  <div class='ocr_page' id='page_1' title='image "/cluster/home/n/w/nwhite01/storage/ocr_20150623/19/hvd.32044073501199/016.png"; bbox 0 0 4060 6244; ppageno 0'>
   <div class='ocr_carea' id='block_1_1' title="bbox 430 265 3666 334">
    <p class='ocr_par' dir='ltr' id='par_1_1' title="bbox 430 265 3666 334">
     <span class='ocr_line' id='line_1_1' title="bbox 430 265 3666 334; baseline 0.006 -20"><span class='ocrx_word' id='word_1_1' title='bbox 430 265 497 315; x_wconf 74' lang='grc'><strong>21</strong></span> <span class='ocrx_word' id='word_1_2' title='bbox 1905 265 2201 322; x_wconf 81' lang='grc' dir='ltr'><strong>ΝΟΤΙΤΙΑ.</strong></span> <span class='ocrx_word' id='word_1_3' title='bbox 3593 278 3666 334; x_wconf 71' lang='grc'><strong>22</strong></span> 
     </span>
    </p>
   </div>
   <div class='ocr_carea' id='block_1_2' title="bbox 434 375 3664 457">
    <p class='ocr_par' dir='ltr' id='par_1_2' title="bbox 434 375 3664 457">
     <span class='ocr_line' id='line_1_2' title="bbox 434 375 3664 457; baseline 0.004 -26"><span class='ocrx_word' id='word_1_4' title='bbox 434 393 558 448; x_wconf 81' lang='lat' dir='ltr'><strong>pag.</strong></span> <span class='ocrx_word' id='word_1_5' title='bbox 590 375 678 431; x_wconf 82' lang='lat'><strong>61.</strong></span> <span class='ocrx_word' id='word_1_6' title='bbox 707 405 777 417; x_wconf 91' lang='lat'><strong>-—</strong></span> <span class='ocrx_word' id='word_1_7' title='bbox 820 376 1062 434; x_wconf 90' lang='lat' dir='ltr'><strong>Venetiis</strong></span> <span class='ocrx_word' id='word_1_8' title='bbox 1097 393 1192 449; x_wconf 90' lang='lat' dir='ltr'><strong>per</strong></span> <span class='ocrx_word' id='word_1_9' title='bbox 1221 376 1394 436; x_wconf 77' lang='lat' dir='ltr'><strong>Nicol.</strong></span> <span class='ocrx_word' id='word_1_10' title='bbox 1437 378 1684 446; x_wconf 84' lang='lat' dir='ltr'><strong>Jenson.,</strong></span> <span class='ocrx_word' id='word_1_11' title='bbox 1714 381 1872 446; x_wconf 85' lang='grc'>1476,</span> <span class='ocrx_word' id='word_1_12' title='bbox 1903 380 1996 437; x_wconf 86' lang='lat' dir='ltr'><strong>fol.</strong></span> <span class='ocrx_word' id='word_1_13' title='bbox 2029 388 2074 444; x_wconf 80' lang='grc' dir='ltr'>Α</span> <span class='ocrx_word' id='word_1_14' title='bbox 2102 381 2300 436; x_wconf 90' lang='lat' dir='ltr'><strong>librum</strong></span> <span class='ocrx_word' id='word_1_15' title='bbox 2333 381 2752 452; x_wconf 70' lang='lat' dir='ltr'><strong>Prteparatiouis</strong></span> <span class='ocrx_word' id='word_1_16' title='bbox 2777 397 3001 448; x_wconf 91' lang='lat' dir='ltr'><strong>nonum,</strong></span> <span class='ocrx_word' id='word_1_17' title='bbox 3021 399 3085 439; x_wconf 85' lang='lat' dir='ltr'><strong>ex</strong></span> <span class='ocrx_word' id='word_1_18' title='bbox 3115 402 3223 457; x_wconf 88' lang='lat' dir='ltr'><strong>quo</strong></span> <span class='ocrx_word' id='word_1_19' title='bbox 3255 387 3424 442; x_wconf 90' lang='lat' dir='ltr'><strong>multa</strong></span> <span class='ocrx_word' id='word_1_20' title='bbox 3451 389 3664 445; x_wconf 91' lang='lat' dir='ltr'><strong>restitui</strong></span> 
     </span>
    </p>
   </div>
   <div class='ocr_carea' id='block_1_3' title="bbox 429 469 2000 545">
    <p class='ocr_par' dir='ltr' id='par_1_3' title="bbox 429 469 2000 545">
     <span class='ocr_line' id='line_1_3' title="bbox 429 469 2000 545; baseline 0.004 -23"><span class='ocrx_word' id='word_1_21' title='bbox 429 501 503 512; x_wconf 89' lang='lat'><strong>—</strong></span> <span class='ocrx_word' id='word_1_22' title='bbox 532 469 763 524; x_wconf 86' lang='lat' dir='ltr'><strong>Tarvisii</strong></span> <span class='ocrx_word' id='word_1_23' title='bbox 794 471 968 536; x_wconf 87' lang='grc'>1480,</span> <span class='ocrx_word' id='word_1_24' title='bbox 997 471 1118 538; x_wconf 78' lang='grc' dir='ltr'><strong>ΙοΙ.,</strong></span> <span class='ocrx_word' id='word_1_25' title='bbox 1161 473 1301 545; x_wconf 87' lang='lat' dir='ltr'><strong>typis</strong></span> <span class='ocrx_word' id='word_1_26' title='bbox 1333 473 1495 530; x_wconf 83' lang='lat' dir='ltr'><strong>Mich.</strong></span> <span class='ocrx_word' id='word_1_27' title='bbox 1533 475 1842 539; x_wconf 77' lang='lat' dir='ltr'><strong>Manzolini,</strong></span> <span class='ocrx_word' id='word_1_28' title='bbox 1869 475 2000 530; x_wconf 87' lang='lat' dir='ltr'><strong>Par-</strong></span> 
     </span>
    </p>
   </div>
   <div class='ocr_carea' id='block_1_4' title="bbox 429 561 2002 638">
    <p class='ocr_par' dir='ltr' id='par_1_4' title="bbox 429 561 2002 638">
     <span class='ocr_line' id='line_1_4' title="bbox 429 561 2002 638; baseline 0.003 -22"><span class='ocrx_word' id='word_1_29' title='bbox 429 563 633 617; x_wconf 88' lang='lat' dir='ltr'><strong>mensis</strong></span> <span class='ocrx_word' id='word_1_30' title='bbox 668 561 757 634; x_wconf 89' lang='lat' dir='ltr'><strong>(de</strong></span> <span class='ocrx_word' id='word_1_31' title='bbox 786 579 896 633; x_wconf 91' lang='lat' dir='ltr'><strong>quo</strong></span> <span class='ocrx_word' id='word_1_32' title='bbox 931 565 1266 634; x_wconf 76' lang='lat' dir='ltr'><strong>typographo</strong></span> <span class='ocrx_word' id='word_1_33' title='bbox 1290 582 1340 620; x_wconf 88' lang='lat' dir='ltr'><strong>v.</strong></span> <span class='ocrx_word' id='word_1_34' title='bbox 1374 565 1513 622; x_wconf 91' lang='lat' dir='ltr'><strong>Iren.</strong></span> <span class='ocrx_word' id='word_1_35' title='bbox 1539 566 1680 632; x_wconf 80' lang='lat' dir='ltr'><strong>Affo,</strong></span> <span class='ocrx_word' id='word_1_36' title='bbox 1715 566 1910 638; x_wconf 83' lang='lat' dir='ltr'><strong>Saggio</strong></span> <span class='ocrx_word' id='word_1_37' title='bbox 1946 567 2002 621; x_wconf 86' lang='lat' dir='ltr'><strong>di</strong></span> 
     </span>
    </p>
   </div>
   <div class='ocr_carea' id='block_1_5' title="bbox 429 657 2000 733">
    <p class='ocr_par' dir='ltr' id='par_1_5' title="bbox 429 657 2000 733">
     <span class='ocr_line' id='line_1_5' title="bbox 429 657 2000 733; baseline 0.006 -24"><span class='ocrx_word' id='word_1_38' title='bbox 429 657 676 710; x_wconf 80' lang='lat' dir='ltr'><strong>memorie</strong></span> <span class='ocrx_word' id='word_1_39' title='bbox 703 657 847 712; x_wconf 81' lang='lat' dir='ltr'><strong>sulla</strong></span> <span class='ocrx_word' id='word_1_40' title='bbox 888 659 1076 727; x_wconf 87' lang='lat' dir='ltr'><strong>tipogr.</strong></span> <span class='ocrx_word' id='word_1_41' title='bbox 1114 657 1401 714; x_wconf 80' lang='lat' dir='ltr'><strong>Parmense</strong></span> <span class='ocrx_word' id='word_1_42' title='bbox 1437 658 1522 714; x_wconf 85' lang='lat' dir='ltr'><strong>del</strong></span> <span class='ocrx_word' id='word_1_43' title='bbox 1574 678 1675 716; x_wconf 75' lang='lat' dir='ltr'><strong>sec.</strong></span> <span class='ocrx_word' id='word_1_44' title='bbox 1711 679 1798 728; x_wconf 78' lang='lat' dir='ltr'><strong>xv,</strong></span> <span class='ocrx_word' id='word_1_45' title='bbox 1836 679 1890 733; x_wconf 92' lang='lat' dir='ltr'><strong>p.</strong></span> <span class='ocrx_word' id='word_1_46' title='bbox 1932 663 2000 718; x_wconf 91' lang='lat'><strong>58</strong></span> 
     </span>
    </p>
   </div>
   <div class='ocr_carea' id='block_1_6' title="bbox 431 744 2001 817">
    <p class='ocr_par' dir='ltr' id='par_1_6' title="bbox 431 744 2001 817">
     <span class='ocr_line' id='line_1_6' title="bbox 431 744 2001 817; baseline 0.003 -17"><span class='ocrx_word' id='word_1_47' title='bbox 431 744 604 816; x_wconf 89' lang='lat' dir='ltr'><strong>sqq.).</strong></span> <span class='ocrx_word' id='word_1_48' title='bbox 634 777 704 786; x_wconf 91' lang='lat'><strong>—-</strong></span> <span class='ocrx_word' id='word_1_49' title='bbox 728 745 916 803; x_wconf 88' lang='lat' dir='ltr'><strong>Venet.</strong></span> <span class='ocrx_word' id='word_1_50' title='bbox 944 747 1104 810; x_wconf 90' lang='grc'>1487,</span> <span class='ocrx_word' id='word_1_51' title='bbox 1137 746 1229 802; x_wconf 84' lang='lat' dir='ltr'><strong>fol.</strong></span> <span class='ocrx_word' id='word_1_52' title='bbox 1257 747 1408 802; x_wconf 87' lang='lat' dir='ltr'><strong>Hanc</strong></span> <span class='ocrx_word' id='word_1_53' title='bbox 1448 749 1664 817; x_wconf 88' lang='lat' dir='ltr'><strong>quidem</strong></span> <span class='ocrx_word' id='word_1_54' title='bbox 1696 750 1825 805; x_wconf 89' lang='lat' dir='ltr'><strong>edit.</strong></span> <span class='ocrx_word' id='word_1_55' title='bbox 1869 752 2001 805; x_wconf 90' lang='lat' dir='ltr'><strong>citat</strong></span> 
     </span>
    </p>
   </div>
   <div class='ocr_carea' id='block_1_7' title="bbox 429 836 1999 912">
    <p class='ocr_par' dir='ltr' id='par_1_7' title="bbox 429 836 1999 912">
     <span class='ocr_line' id='line_1_7' title="bbox 429 836 1999 912; baseline 0.005 -22"><span class='ocrx_word' id='word_1_56' title='bbox 429 836 702 894; x_wconf 80' lang='lat' dir='ltr'><strong>Maittaire</strong></span> <span class='ocrx_word' id='word_1_57' title='bbox 726 839 814 904; x_wconf 94' lang='grc' dir='ltr'><strong>ΙΙΙ,</strong></span> <span class='ocrx_word' id='word_1_58' title='bbox 845 855 966 910; x_wconf 87' lang='lat' dir='ltr'><strong>pag.</strong></span> <span class='ocrx_word' id='word_1_59' title='bbox 1002 839 1130 907; x_wconf 88' lang='grc'>487,</span> <span class='ocrx_word' id='word_1_60' title='bbox 1159 856 1226 895; x_wconf 84' lang='lat' dir='ltr'><strong>ex</strong></span> <span class='ocrx_word' id='word_1_61' title='bbox 1257 841 1419 896; x_wconf 88' lang='lat' dir='ltr'><strong>catal.</strong></span> <span class='ocrx_word' id='word_1_62' title='bbox 1469 842 1738 912; x_wconf 90' lang='lat' dir='ltr'><strong>quodam;</strong></span> <span class='ocrx_word' id='word_1_63' title='bbox 1771 843 1866 898; x_wconf 88' lang='lat' dir='ltr'><strong>sed</strong></span> <span class='ocrx_word' id='word_1_64' title='bbox 1895 842 1999 898; x_wconf 85' lang='lat' dir='ltr'><strong>du-</strong></span> 
     </span>
    </p>
   </div>
   <div class='ocr_carea' id='block_1_8' title="bbox 427 930 2000 1003">
    <p class='ocr_par' dir='ltr' id='par_1_8' title="bbox 427 930 2000 1003">
     <span class='ocr_line' id='line_1_8' title="bbox 427 930 2000 1003; baseline 0.003 -18"><span class='ocrx_word' id='word_1_65' title='bbox 427 930 566 985; x_wconf 84' lang='lat' dir='ltr'><strong>bitat</strong></span> <span class='ocrx_word' id='word_1_66' title='bbox 595 932 669 988; x_wconf 94' lang='lat' dir='ltr'><strong>cl.</strong></span> <span class='ocrx_word' id='word_1_67' title='bbox 697 930 927 986; x_wconf 85' lang='lat' dir='ltr'><strong>Panzer.</strong></span> <span class='ocrx_word' id='word_1_68' title='bbox 965 931 1028 984; x_wconf 93' lang='lat' dir='ltr'><strong>III</strong></span> <span class='ocrx_word' id='word_1_69' title='bbox 1048 971 1064 998; x_wconf 96' lang='lat'><strong>,</strong></span> <span class='ocrx_word' id='word_1_70' title='bbox 1109 948 1163 1003; x_wconf 91' lang='lat' dir='ltr'><strong>p.</strong></span> <span class='ocrx_word' id='word_1_71' title='bbox 1187 931 1314 996; x_wconf 87' lang='grc'>248,</span> <span class='ocrx_word' id='word_1_72' title='bbox 1346 931 1414 988; x_wconf 93' lang='lat' dir='ltr'><strong>de</strong></span> <span class='ocrx_word' id='word_1_73' title='bbox 1440 949 1566 988; x_wconf 87' lang='lat' dir='ltr'><strong>vera</strong></span> <span class='ocrx_word' id='word_1_74' title='bbox 1593 935 1720 988; x_wconf 76' lang='lat' dir='ltr'><strong>auiti</strong></span> <span class='ocrx_word' id='word_1_75' title='bbox 1752 943 1878 989; x_wconf 88' lang='lat' dir='ltr'><strong>nota</strong></span> <span class='ocrx_word' id='word_1_76' title='bbox 1902 975 1917 999; x_wconf 98' lang='lat'><strong>,</strong></span> <span class='ocrx_word' id='word_1_77' title='bbox 1947 943 2000 990; x_wconf 92' lang='lat' dir='ltr'><strong>et</strong></span> 
     </span>
    </p>
   </div>
   <div class='ocr_carea' id='block_1_9' title="bbox 431 1024 1997 1098">
    <p class='ocr_par' dir='ltr' id='par_1_9' title="bbox 431 1024 1997 1098">
     <span class='ocr_line' id='line_1_9' title="bbox 431 1024 1997 1098; baseline 0.003 -20"><span class='ocrx_word' id='word_1_78' title='bbox 431 1024 743 1092; x_wconf 83' lang='lat' dir='ltr'><strong>suspicatur</strong></span> <span class='ocrx_word' id='word_1_79' title='bbox 799 1041 923 1081; x_wconf 89' lang='lat' dir='ltr'><strong>esse</strong></span> <span class='ocrx_word' id='word_1_80' title='bbox 969 1040 1089 1079; x_wconf 89' lang='lat' dir='ltr'><strong>eam</strong></span> <span class='ocrx_word' id='word_1_81' title='bbox 1144 1041 1196 1080; x_wconf 90' lang='lat' dir='ltr'><strong>a.</strong></span> <span class='ocrx_word' id='word_1_82' title='bbox 1255 1025 1426 1092; x_wconf 65' lang='lat'><strong>1197;</strong></span> <span class='ocrx_word' id='word_1_83' title='bbox 1484 1041 1604 1098; x_wconf 84' lang='lat' dir='ltr'><strong>pag.</strong></span> <span class='ocrx_word' id='word_1_84' title='bbox 1650 1035 1830 1083; x_wconf 92' lang='lat' dir='ltr'><strong>autem</strong></span> <span class='ocrx_word' id='word_1_85' title='bbox 1871 1029 1997 1094; x_wconf 88' lang='grc'>417,</span> 
     </span>
    </p>
   </div>
   <div class='ocr_carea' id='block_1_10' title="bbox 432 1114 1997 1190">
    <p class='ocr_par' dir='ltr' id='par_1_10' title="bbox 432 1114 1997 1190">
     <span class='ocr_line' id='line_1_10' title="bbox 432 1114 1997 1190; baseline 0.004 -22"><span class='ocrx_word' id='word_1_86' title='bbox 432 1131 487 1168; x_wconf 93' lang='lat' dir='ltr'><strong>n.</strong></span> <span class='ocrx_word' id='word_1_87' title='bbox 519 1114 682 1179; x_wconf 83' lang='lat'><strong>2250,</strong></span> <span class='ocrx_word' id='word_1_88' title='bbox 715 1115 874 1172; x_wconf 87' lang='lat' dir='ltr'><strong>istam</strong></span> <span class='ocrx_word' id='word_1_89' title='bbox 902 1117 988 1172; x_wconf 90' lang='lat' dir='ltr'><strong>ed.</strong></span> <span class='ocrx_word' id='word_1_90' title='bbox 1020 1132 1071 1172; x_wconf 91' lang='lat' dir='ltr'><strong>a.</strong></span> <span class='ocrx_word' id='word_1_91' title='bbox 1107 1118 1240 1172; x_wconf 92' lang='grc'>1487</span> <span class='ocrx_word' id='word_1_92' title='bbox 1273 1118 1560 1188; x_wconf 91' lang='lat' dir='ltr'><strong>prodiisse,</strong></span> <span class='ocrx_word' id='word_1_93' title='bbox 1585 1118 1786 1175; x_wconf 85' lang='lat' dir='ltr'><strong>diserte</strong></span> <span class='ocrx_word' id='word_1_94' title='bbox 1818 1128 1997 1190; x_wconf 85' lang='lat' dir='ltr'><strong>negat.</strong></span> 
     </span>
    </p>
   </div>
   <div class='ocr_carea' id='block_1_11' title="bbox 429 1205 1996 1283">
    <p class='ocr_par' dir='ltr' id='par_1_11' title="bbox 429 1205 1996 1283">
     <span class='ocr_line' id='line_1_11' title="bbox 429 1205 1996 1283; baseline 0.006 -25"><span class='ocrx_word' id='word_1_95' title='bbox 429 1236 501 1250; x_wconf 89' lang='lat'><strong><em>—</em></strong></span> <span class='ocrx_word' id='word_1_96' title='bbox 528 1205 771 1262; x_wconf 89' lang='lat' dir='ltr'><strong>Venetiis</strong></span> <span class='ocrx_word' id='word_1_97' title='bbox 797 1208 952 1272; x_wconf 87' lang='grc'>1491,</span> <span class='ocrx_word' id='word_1_98' title='bbox 983 1208 1077 1262; x_wconf 91' lang='lat' dir='ltr'><strong>fol.</strong></span> <span class='ocrx_word' id='word_1_99' title='bbox 1126 1207 1291 1265; x_wconf 91' lang='lat' dir='ltr'><strong>Denis</strong></span> <span class='ocrx_word' id='word_1_100' title='bbox 1323 1211 1377 1264; x_wconf 93' lang='lat' dir='ltr'><strong>in</strong></span> <span class='ocrx_word' id='word_1_101' title='bbox 1407 1209 1700 1278; x_wconf 78' lang='lat' dir='ltr'><strong>Supplem.,</strong></span> <span class='ocrx_word' id='word_1_102' title='bbox 1728 1227 1850 1283; x_wconf 86' lang='lat' dir='ltr'><strong>pag.</strong></span> <span class='ocrx_word' id='word_1_103' title='bbox 1875 1213 1996 1269; x_wconf 86' lang='lat'><strong>507.</strong></span> 
     </span>
    </p>
   </div>
   <div class='ocr_carea' id='block_1_12' title="bbox 428 1294 1999 1366">
    <p class='ocr_par' dir='ltr' id='par_1_12' title="bbox 428 1294 1999 1366">
     <span class='ocr_line' id='line_1_12' title="bbox 428 1294 1999 1366; baseline 0.006 -19"><span class='ocrx_word' id='word_1_104' title='bbox 428 1325 500 1335; x_wconf 89' lang='lat'><strong>—</strong></span> <span class='ocrx_word' id='word_1_105' title='bbox 528 1294 719 1352; x_wconf 77' lang='lat' dir='ltr'><strong>Euseb.</strong></span> <span class='ocrx_word' id='word_1_106' title='bbox 749 1296 826 1351; x_wconf 87' lang='lat' dir='ltr'><strong>De</strong></span> <span class='ocrx_word' id='word_1_107' title='bbox 852 1313 1077 1366; x_wconf 69' lang='lat' dir='ltr'><strong>pra&#39;par.</strong></span> <span class='ocrx_word' id='word_1_108' title='bbox 1109 1301 1340 1366; x_wconf 81' lang='lat' dir='ltr'><strong>evangel.</strong></span> <span class='ocrx_word' id='word_1_109' title='bbox 1379 1308 1431 1353; x_wconf 86' lang='lat' dir='ltr'><strong>et</strong></span> <span class='ocrx_word' id='word_1_110' title='bbox 1474 1300 1764 1357; x_wconf 81' lang='lat' dir='ltr'><strong>demonstr.</strong></span> <span class='ocrx_word' id='word_1_111' title='bbox 1793 1301 1999 1356; x_wconf 83' lang='lat' dir='ltr'><strong>Patavii</strong></span> 
     </span>
    </p>
   </div>
   <div class='ocr_carea' id='block_1_13' title="bbox 435 1387 2003 1462">
    <p class='ocr_par' dir='ltr' id='par_1_13' title="bbox 435 1387 2003 1462">
     <span class='ocr_line' id='line_1_13' title="bbox 435 1387 2003 1462; baseline 0.004 -20"><span class='ocrx_word' id='word_1_112' title='bbox 435 1387 594 1452; x_wconf 88' lang='grc'>1497,</span> <span class='ocrx_word' id='word_1_113' title='bbox 625 1387 719 1444; x_wconf 88' lang='lat' dir='ltr'><strong>fol.</strong></span> <span class='ocrx_word' id='word_1_114' title='bbox 757 1389 1048 1460; x_wconf 79' lang='lat' dir='ltr'><strong>(Maittaire</strong></span> <span class='ocrx_word' id='word_1_115' title='bbox 1082 1389 1173 1458; x_wconf 88' lang='lat' dir='ltr'><strong>IV,</strong></span> <span class='ocrx_word' id='word_1_116' title='bbox 1213 1408 1334 1462; x_wconf 87' lang='lat' dir='ltr'><strong>pag.</strong></span> <span class='ocrx_word' id='word_1_117' title='bbox 1367 1391 1492 1455; x_wconf 90' lang='lat'><strong>659,</strong></span> <span class='ocrx_word' id='word_1_118' title='bbox 1520 1400 1636 1449; x_wconf 88' lang='lat' dir='ltr'><strong>not.</strong></span> <span class='ocrx_word' id='word_1_119' title='bbox 1661 1393 1686 1446; x_wconf 84' lang='lat'><strong>1</strong></span> <span class='ocrx_word' id='word_1_120' title='bbox 1715 1433 1730 1455; x_wconf 94' lang='lat'><strong>,</strong></span> <span class='ocrx_word' id='word_1_121' title='bbox 1771 1409 1836 1449; x_wconf 81' lang='lat' dir='ltr'><strong>ex</strong></span> <span class='ocrx_word' id='word_1_122' title='bbox 1867 1393 2003 1449; x_wconf 87' lang='lat' dir='ltr'><strong>Loe-</strong></span> 
     </span>
    </p>
   </div>
   <div class='ocr_carea' id='block_1_14' title="bbox 434 1480 2002 1556">
    <p class='ocr_par' dir='ltr' id='par_1_14' title="bbox 434 1480 2002 1556">
     <span class='ocr_line' id='line_1_14' title="bbox 434 1480 2002 1556; baseline 0.004 -22"><span class='ocrx_word' id='word_1_123' title='bbox 434 1480 654 1545; x_wconf 86' lang='lat' dir='ltr'><strong>schero,</strong></span> <span class='ocrx_word' id='word_1_124' title='bbox 703 1489 841 1537; x_wconf 85' lang='lat' dir='ltr'><strong>teste</strong></span> <span class='ocrx_word' id='word_1_125' title='bbox 885 1499 994 1536; x_wconf 92' lang='lat' dir='ltr'><strong>non</strong></span> <span class='ocrx_word' id='word_1_126' title='bbox 1059 1498 1273 1553; x_wconf 86' lang='lat' dir='ltr'><strong>semper</strong></span> <span class='ocrx_word' id='word_1_127' title='bbox 1324 1492 1473 1539; x_wconf 92' lang='lat' dir='ltr'><strong>certo</strong></span> <span class='ocrx_word' id='word_1_128' title='bbox 1527 1483 1758 1555; x_wconf 88' lang='lat' dir='ltr'><strong>fidoque.</strong></span> <span class='ocrx_word' id='word_1_129' title='bbox 1817 1484 2002 1556; x_wconf 83' lang='lat' dir='ltr'><strong>Neque</strong></span> 
     </span>
    </p>
   </div>
   <div class='ocr_carea' id='block_1_15' title="bbox 434 1570 1999 1644">
    <p class='ocr_par' dir='ltr' id='par_1_15' title="bbox 434 1570 1999 1644">
     <span class='ocr_line' id='line_1_15' title="bbox 434 1570 1999 1644; baseline 0.004 -18"><span class='ocrx_word' id='word_1_130' title='bbox 434 1570 624 1644; x_wconf 82' lang='lat' dir='ltr'><strong>Georg.</strong></span> <span class='ocrx_word' id='word_1_131' title='bbox 659 1572 1078 1644; x_wconf 83' lang='lat' dir='ltr'><strong>Trapezuntius,</strong></span> <span class='ocrx_word' id='word_1_132' title='bbox 1105 1575 1196 1630; x_wconf 90' lang='lat' dir='ltr'><strong>sed</strong></span> <span class='ocrx_word' id='word_1_133' title='bbox 1227 1574 1424 1631; x_wconf 82' lang='lat' dir='ltr'><strong>Donat.</strong></span> <span class='ocrx_word' id='word_1_134' title='bbox 1445 1574 1644 1631; x_wconf 86' lang='lat' dir='ltr'><strong>Veron.</strong></span> <span class='ocrx_word' id='word_1_135' title='bbox 1668 1576 1857 1634; x_wconf 89' lang='lat' dir='ltr'><strong>Latine</strong></span> <span class='ocrx_word' id='word_1_136' title='bbox 1880 1595 1999 1633; x_wconf 83' lang='lat' dir='ltr'><strong>ver-</strong></span> 
     </span>
    </p>
   </div>
   <div class='ocr_carea' id='block_1_16' title="bbox 433 1664 2002 1738">
    <p class='ocr_par' dir='ltr' id='par_1_16' title="bbox 433 1664 2002 1738">
     <span class='ocr_line' id='line_1_16' title="bbox 433 1664 2002 1738; baseline 0.004 -20"><span class='ocrx_word' id='word_1_137' title='bbox 433 1665 495 1719; x_wconf 94' lang='lat' dir='ltr'><strong>tit</strong></span> <span class='ocrx_word' id='word_1_138' title='bbox 522 1664 653 1720; x_wconf 90' lang='lat' dir='ltr'><strong>Eus.</strong></span> <span class='ocrx_word' id='word_1_139' title='bbox 695 1665 1208 1722; x_wconf 80' lang='lat' dir='ltr'><strong>Demonstratiouem</strong></span> <span class='ocrx_word' id='word_1_140' title='bbox 1237 1668 1516 1738; x_wconf 78' lang='lat' dir='ltr'><strong>evangelio.</strong></span> <span class='ocrx_word' id='word_1_141' title='bbox 1573 1666 1639 1724; x_wconf 89' lang='lat' dir='ltr'><strong>V.</strong></span> <span class='ocrx_word' id='word_1_142' title='bbox 1666 1668 1848 1726; x_wconf 84' lang='lat' dir='ltr'><strong>Nicer.</strong></span> <span class='ocrx_word' id='word_1_143' title='bbox 1889 1670 2002 1725; x_wconf 81' lang='lat' dir='ltr'><strong>Me-</strong></span> 
     </span>
    </p>
   </div>
   <div class='ocr_carea' id='block_1_17' title="bbox 433 1735 2074 1832">
    <p class='ocr_par' dir='ltr' id='par_1_17' title="bbox 433 1735 2074 1832">
     <span class='ocr_line' id='line_1_17' title="bbox 433 1735 2074 1832; baseline 0.004 -21"><span class='ocrx_word' id='word_1_144' title='bbox 433 1775 564 1813; x_wconf 87' lang='lat' dir='ltr'><strong>mor.</strong></span> <span class='ocrx_word' id='word_1_145' title='bbox 600 1758 717 1815; x_wconf 77' lang='grc' dir='ltr'><strong>νγ.</strong></span> <span class='ocrx_word' id='word_1_146' title='bbox 744 1759 886 1825; x_wconf 88' lang='lat' dir='ltr'><strong>DD.,</strong></span> <span class='ocrx_word' id='word_1_147' title='bbox 915 1768 1047 1816; x_wconf 91' lang='lat' dir='ltr'><strong>tom.</strong></span> <span class='ocrx_word' id='word_1_148' title='bbox 1069 1761 1159 1824; x_wconf 87' lang='lat' dir='ltr'><strong>XI,</strong></span> <span class='ocrx_word' id='word_1_149' title='bbox 1178 1777 1300 1832; x_wconf 86' lang='lat' dir='ltr'><strong>pag.</strong></span> <span class='ocrx_word' id='word_1_150' title='bbox 1334 1735 1424 1826; x_wconf 80' lang='grc'><strong>26,</strong></span> <span class='ocrx_word' id='word_1_151' title='bbox 1453 1779 1520 1818; x_wconf 80' lang='lat' dir='ltr'><strong>ex</strong></span> <span class='ocrx_word' id='word_1_152' title='bbox 1542 1766 1788 1820; x_wconf 84' lang='lat' dir='ltr'><strong>versione</strong></span> <span class='ocrx_word' id='word_1_153' title='bbox 1808 1765 2003 1818; x_wconf 86' lang='lat' dir='ltr'><strong>Baum-</strong></span> <span class='ocrx_word' id='word_1_154' title='bbox 2033 1735 2074 1790; x_wconf 77' lang='grc' dir='ltr'><strong>Β</strong></span> 
     </span>
    </p>
   </div>
   <div class='ocr_carea' id='block_1_18' title="bbox 435 1852 1998 1925">
    <p class='ocr_par' dir='ltr' id='par_1_18' title="bbox 435 1852 1998 1925">
     <span class='ocr_line' id='line_1_18' title="bbox 435 1852 1998 1925; baseline 0.004 -21"><span class='ocrx_word' id='word_1_155' title='bbox 435 1852 672 1923; x_wconf 87' lang='lat' dir='ltr'><strong>garten.)</strong></span> <span class='ocrx_word' id='word_1_156' title='bbox 701 1883 769 1892; x_wconf 91' lang='lat'>—</span> <span class='ocrx_word' id='word_1_157' title='bbox 797 1853 1071 1916; x_wconf 90' lang='lat' dir='ltr'><strong>Venetiis,</strong></span> <span class='ocrx_word' id='word_1_158' title='bbox 1127 1853 1411 1925; x_wconf 84' lang='lat' dir='ltr'><strong>diligentia</strong></span> <span class='ocrx_word' id='word_1_159' title='bbox 1438 1855 1730 1912; x_wconf 86' lang='lat' dir='ltr'><strong>Benardini</strong></span> <span class='ocrx_word' id='word_1_160' title='bbox 1761 1857 1964 1912; x_wconf 90' lang='lat' dir='ltr'><strong>Benalii</strong></span> <span class='ocrx_word' id='word_1_161' title='bbox 1985 1899 1998 1921; x_wconf 95' lang='lat'><strong>,</strong></span> 
     </span>
    </p>
   </div>
   <div class='ocr_carea' id='block_1_19' title="bbox 443 1943 2004 2020">
    <p class='ocr_par' dir='ltr' id='par_1_19' title="bbox 443 1943 2004 2020">
     <span class='ocr_line' id='line_1_19' title="bbox 443 1943 2004 2020; baseline 0.002 -24"><span class='ocrx_word' id='word_1_162' title='bbox 443 1944 600 2010; x_wconf 89' lang='grc'>1497,</span> <span class='ocrx_word' id='word_1_163' title='bbox 635 1943 731 1999; x_wconf 92' lang='lat' dir='ltr'><strong>fol.</strong></span> <span class='ocrx_word' id='word_1_164' title='bbox 771 1945 846 2015; x_wconf 90' lang='lat' dir='ltr'><strong>(v.</strong></span> <span class='ocrx_word' id='word_1_165' title='bbox 891 1944 1061 2002; x_wconf 88' lang='lat' dir='ltr'><strong>Fossii</strong></span> <span class='ocrx_word' id='word_1_166' title='bbox 1098 1945 1216 2000; x_wconf 87' lang='lat' dir='ltr'><strong>Cat.</strong></span> <span class='ocrx_word' id='word_1_167' title='bbox 1265 1949 1385 2013; x_wconf 88' lang='lat' dir='ltr'><strong>cit.,</strong></span> <span class='ocrx_word' id='word_1_168' title='bbox 1420 1958 1551 2004; x_wconf 91' lang='lat' dir='ltr'><strong>tom.</strong></span> <span class='ocrx_word' id='word_1_169' title='bbox 1584 1951 1624 2015; x_wconf 89' lang='grc' dir='ltr'><strong>Ι,</strong></span> <span class='ocrx_word' id='word_1_170' title='bbox 1661 1966 1713 2019; x_wconf 92' lang='lat' dir='ltr'><strong>p.</strong></span> <span class='ocrx_word' id='word_1_171' title='bbox 1747 1949 1897 2020; x_wconf 82' lang='grc'>650.)</span> <span class='ocrx_word' id='word_1_172' title='bbox 1931 1979 2004 1987; x_wconf 92' lang='lat'><strong>—-</strong></span> 
     </span>
    </p>
   </div>
   <div class='ocr_carea' id='block_1_20' title="bbox 443 2034 1995 2113">
    <p class='ocr_par' dir='ltr' id='par_1_20' title="bbox 443 2034 1995 2113">
     <span class='ocr_line' id='line_1_20' title="bbox 443 2034 1995 2113; baseline 0.01 -27"><span class='ocrx_word' id='word_1_173' title='bbox 443 2034 632 2091; x_wconf 83' lang='lat' dir='ltr'><strong>Venet.</strong></span> <span class='ocrx_word' id='word_1_174' title='bbox 667 2037 821 2104; x_wconf 86' lang='grc'>1500,</span> <span class='ocrx_word' id='word_1_175' title='bbox 847 2037 940 2094; x_wconf 91' lang='lat' dir='ltr'><strong>fol.</strong></span> <span class='ocrx_word' id='word_1_176' title='bbox 975 2038 1046 2110; x_wconf 86' lang='lat' dir='ltr'><strong>(v.</strong></span> <span class='ocrx_word' id='word_1_177' title='bbox 1091 2038 1246 2095; x_wconf 88' lang='lat' dir='ltr'><strong>Foss.</strong></span> <span class='ocrx_word' id='word_1_178' title='bbox 1273 2040 1310 2094; x_wconf 89' lang='grc' dir='ltr'><strong>Ι.</strong></span> <span class='ocrx_word' id='word_1_179' title='bbox 1358 2058 1404 2097; x_wconf 93' lang='lat' dir='ltr'><strong>c.</strong></span> <span class='ocrx_word' id='word_1_180' title='bbox 1429 2083 1443 2105; x_wconf 94' lang='lat'><strong>,</strong></span> <span class='ocrx_word' id='word_1_181' title='bbox 1475 2058 1596 2113; x_wconf 87' lang='lat' dir='ltr'><strong>pag.</strong></span> <span class='ocrx_word' id='word_1_182' title='bbox 1629 2043 1761 2110; x_wconf 86' lang='lat'><strong>651;</strong></span> <span class='ocrx_word' id='word_1_183' title='bbox 1789 2043 1995 2101; x_wconf 88' lang='lat' dir='ltr'><strong>Goetzii</strong></span> 
     </span>
    </p>
   </div>
   <div class='ocr_carea' id='block_1_21' title="bbox 445 2125 1991 2206">
    <p class='ocr_par' dir='ltr' id='par_1_21' title="bbox 445 2125 1991 2206">
     <span class='ocr_line' id='line_1_21' title="bbox 445 2125 1991 2206; baseline 0.006 -26"><span class='ocrx_word' id='word_1_184' title='bbox 445 2125 662 2183; x_wconf 69' lang='lat' dir='ltr'><strong>Memor.</strong></span> <span class='ocrx_word' id='word_1_185' title='bbox 688 2129 810 2184; x_wconf 90' lang='lat' dir='ltr'><strong>bibl.</strong></span> <span class='ocrx_word' id='word_1_186' title='bbox 837 2128 1134 2198; x_wconf 74' lang='lat' dir='ltr'><strong>Dresdens.,</strong></span> <span class='ocrx_word' id='word_1_187' title='bbox 1159 2130 1223 2194; x_wconf 93' lang='grc' dir='ltr'><strong>ΙΙ,</strong></span> <span class='ocrx_word' id='word_1_188' title='bbox 1246 2148 1367 2204; x_wconf 89' lang='lat' dir='ltr'><strong>pag.</strong></span> <span class='ocrx_word' id='word_1_189' title='bbox 1383 2131 1508 2199; x_wconf 85' lang='lat'><strong>285,</strong></span> <span class='ocrx_word' id='word_1_190' title='bbox 1540 2134 1596 2188; x_wconf 90' lang='lat' dir='ltr'><strong>in</strong></span> <span class='ocrx_word' id='word_1_191' title='bbox 1622 2133 1810 2204; x_wconf 86' lang='lat' dir='ltr'><strong>primis</strong></span> <span class='ocrx_word' id='word_1_192' title='bbox 1840 2132 1991 2206; x_wconf 88' lang='lat' dir='ltr'><strong>Frey-</strong></span> 
     </span>
    </p>
   </div>
   <div class='ocr_carea' id='block_1_22' title="bbox 436 2221 2003 2296">
    <p class='ocr_par' dir='ltr' id='par_1_22' title="bbox 436 2221 2003 2296">
     <span class='ocr_line' id='line_1_22' title="bbox 436 2221 2003 2296; baseline 0.005 -24"><span class='ocrx_word' id='word_1_193' title='bbox 436 2228 545 2291; x_wconf 86' lang='lat' dir='ltr'><strong>tag.</strong></span> <span class='ocrx_word' id='word_1_194' title='bbox 573 2221 772 2290; x_wconf 78' lang='lat' dir='ltr'><strong>Appar.</strong></span> <span class='ocrx_word' id='word_1_195' title='bbox 801 2223 987 2285; x_wconf 81' lang='lat' dir='ltr'><strong>litter.,</strong></span> <span class='ocrx_word' id='word_1_196' title='bbox 1020 2225 1038 2277; x_wconf 97' lang='grc' dir='ltr'><strong>Ι</strong></span> <span class='ocrx_word' id='word_1_197' title='bbox 1065 2264 1081 2287; x_wconf 98' lang='grc'>,</span> <span class='ocrx_word' id='word_1_198' title='bbox 1130 2241 1182 2294; x_wconf 94' lang='lat' dir='ltr'><strong>p.</strong></span> <span class='ocrx_word' id='word_1_199' title='bbox 1221 2225 1326 2280; x_wconf 82' lang='lat'><strong>652</strong></span> <span class='ocrx_word' id='word_1_200' title='bbox 1367 2242 1513 2296; x_wconf 83' lang='lat' dir='ltr'><strong>sqq.,</strong></span> <span class='ocrx_word' id='word_1_201' title='bbox 1545 2226 1637 2296; x_wconf 90' lang='lat' dir='ltr'><strong>qui</strong></span> <span class='ocrx_word' id='word_1_202' title='bbox 1684 2227 1888 2282; x_wconf 90' lang='lat' dir='ltr'><strong>multus</strong></span> <span class='ocrx_word' id='word_1_203' title='bbox 1919 2234 2003 2281; x_wconf 87' lang='lat' dir='ltr'><strong>est</strong></span> 
     </span>
    </p>
   </div>
   <div class='ocr_carea' id='block_1_23' title="bbox 432 2310 2002 2389">
    <p class='ocr_par' dir='ltr' id='par_1_23' title="bbox 432 2310 2002 2389">
     <span class='ocr_line' id='line_1_23' title="bbox 432 2310 2002 2389; baseline 0.004 -23"><span class='ocrx_word' id='word_1_204' title='bbox 432 2311 500 2367; x_wconf 90' lang='lat' dir='ltr'><strong>de</strong></span> <span class='ocrx_word' id='word_1_205' title='bbox 529 2310 877 2383; x_wconf 89' lang='lat' dir='ltr'><strong>Trapezuntii</strong></span> <span class='ocrx_word' id='word_1_206' title='bbox 930 2317 1182 2370; x_wconf 81' lang='lat' dir='ltr'><strong>versione</strong></span> <span class='ocrx_word' id='word_1_207' title='bbox 1228 2324 1283 2372; x_wconf 94' lang='lat' dir='ltr'><strong>et</strong></span> <span class='ocrx_word' id='word_1_208' title='bbox 1338 2317 1458 2387; x_wconf 92' lang='lat' dir='ltr'><strong>ipso</strong></span> <span class='ocrx_word' id='word_1_209' title='bbox 1489 2317 1724 2373; x_wconf 87' lang='lat' dir='ltr'><strong>Eusebio</strong></span> <span class='ocrx_word' id='word_1_210' title='bbox 1773 2319 2002 2389; x_wconf 79' lang='lat' dir='ltr'><strong>ejusque</strong></span> 
     </span>
    </p>
   </div>
   <div class='ocr_carea' id='block_1_24' title="bbox 431 2401 1998 2478">
    <p class='ocr_par' dir='ltr' id='par_1_24' title="bbox 431 2401 1998 2478">
     <span class='ocr_line' id='line_1_24' title="bbox 431 2401 1998 2478; baseline 0.006 -23"><span class='ocrx_word' id='word_1_211' title='bbox 431 2401 726 2474; x_wconf 85' lang='lat' dir='ltr'><strong>doctrina.)</strong></span> <span class='ocrx_word' id='word_1_212' title='bbox 753 2433 824 2442; x_wconf 93' lang='lat'><strong>—</strong></span> <span class='ocrx_word' id='word_1_213' title='bbox 879 2401 1007 2459; x_wconf 91' lang='lat' dir='ltr'><strong>Sine</strong></span> <span class='ocrx_word' id='word_1_214' title='bbox 1059 2406 1178 2460; x_wconf 91' lang='lat' dir='ltr'><strong>loco</strong></span> <span class='ocrx_word' id='word_1_215' title='bbox 1208 2416 1263 2461; x_wconf 92' lang='lat' dir='ltr'><strong>et</strong></span> <span class='ocrx_word' id='word_1_216' title='bbox 1293 2422 1457 2470; x_wconf 89' lang='lat' dir='ltr'><strong>anno,</strong></span> <span class='ocrx_word' id='word_1_217' title='bbox 1489 2406 1668 2460; x_wconf 86' lang='lat' dir='ltr'><strong>in-fol.</strong></span> <span class='ocrx_word' id='word_1_218' title='bbox 1707 2406 1998 2478; x_wconf 85' lang='lat' dir='ltr'><strong>(Coloniae,</strong></span> 
     </span>
    </p>
   </div>
   <div class='ocr_carea' id='block_1_25' title="bbox 433 2493 2001 2566">
    <p class='ocr_par' dir='ltr' id='par_1_25' title="bbox 433 2493 2001 2566">
     <span class='ocr_line' id='line_1_25' title="bbox 433 2493 2001 2566; baseline 0.003 -19"><span class='ocrx_word' id='word_1_219' title='bbox 433 2493 677 2548; x_wconf 88' lang='lat' dir='ltr'><strong>charact.</strong></span> <span class='ocrx_word' id='word_1_220' title='bbox 711 2493 949 2565; x_wconf 86' lang='lat' dir='ltr'><strong>gothieo,</strong></span> <span class='ocrx_word' id='word_1_221' title='bbox 980 2493 1095 2549; x_wconf 90' lang='lat' dir='ltr'><strong>Ulr.</strong></span> <span class='ocrx_word' id='word_1_222' title='bbox 1131 2495 1409 2566; x_wconf 88' lang='lat' dir='ltr'><strong>Zelii,quo</strong></span> <span class='ocrx_word' id='word_1_223' title='bbox 1441 2497 1579 2552; x_wconf 83' lang='grc'>1475</span> <span class='ocrx_word' id='word_1_224' title='bbox 1602 2496 1742 2552; x_wconf 85' lang='lat' dir='ltr'><strong>Rob.</strong></span> <span class='ocrx_word' id='word_1_225' title='bbox 1767 2498 1832 2553; x_wconf 89' lang='lat' dir='ltr'><strong>de</strong></span> <span class='ocrx_word' id='word_1_226' title='bbox 1851 2498 2001 2554; x_wconf 87' lang='lat' dir='ltr'><strong>Licio</strong></span> 
     </span>
    </p>
   </div>
   <div class='ocr_carea' id='block_1_26' title="bbox 434 2587 2002 2660">
    <p class='ocr_par' dir='ltr' id='par_1_26' title="bbox 434 2587 2002 2660">
     <span class='ocr_line' id='line_1_26' title="bbox 434 2587 2002 2660; baseline 0.003 -19"><span class='ocrx_word' id='word_1_227' title='bbox 434 2601 715 2642; x_wconf 75' lang='lat' dir='ltr'><strong>sermones</strong></span> <span class='ocrx_word' id='word_1_228' title='bbox 740 2587 1000 2657; x_wconf 85' lang='lat' dir='ltr'><strong>vulgavit,</strong></span> <span class='ocrx_word' id='word_1_229' title='bbox 1032 2594 1158 2643; x_wconf 86' lang='lat' dir='ltr'><strong>test.</strong></span> <span class='ocrx_word' id='word_1_230' title='bbox 1197 2587 1381 2653; x_wconf 90' lang='lat' dir='ltr'><strong>Denis,</strong></span> <span class='ocrx_word' id='word_1_231' title='bbox 1411 2588 1592 2659; x_wconf 80' lang='lat' dir='ltr'><strong>Suppl.</strong></span> <span class='ocrx_word' id='word_1_232' title='bbox 1627 2591 1670 2654; x_wconf 94' lang='grc' dir='ltr'><strong>Ι,</strong></span> <span class='ocrx_word' id='word_1_233' title='bbox 1715 2606 1771 2660; x_wconf 86' lang='lat' dir='ltr'><strong>p.</strong></span> <span class='ocrx_word' id='word_1_234' title='bbox 1797 2591 1924 2656; x_wconf 83' lang='lat'><strong>560,</strong></span> <span class='ocrx_word' id='word_1_235' title='bbox 1949 2601 2002 2646; x_wconf 86' lang='lat' dir='ltr'><strong>et</strong></span> 
     </span>
    </p>
   </div>
   <div class='ocr_carea' id='block_1_27' title="bbox 434 2676 1997 2752">
    <p class='ocr_par' dir='ltr' id='par_1_27' title="bbox 434 2676 1997 2752">
     <span class='ocr_line' id='line_1_27' title="bbox 434 2676 1997 2752; baseline 0.004 -22"><span class='ocrx_word' id='word_1_236' title='bbox 434 2676 616 2731; x_wconf 86' lang='lat' dir='ltr'><strong>Lairio</strong></span> <span class='ocrx_word' id='word_1_237' title='bbox 641 2678 698 2731; x_wconf 93' lang='lat' dir='ltr'><strong>in</strong></span> <span class='ocrx_word' id='word_1_238' title='bbox 742 2676 926 2732; x_wconf 83' lang='lat' dir='ltr'><strong>Indice</strong></span> <span class='ocrx_word' id='word_1_239' title='bbox 959 2678 1214 2733; x_wconf 86' lang='lat' dir='ltr'><strong>librorum</strong></span> <span class='ocrx_word' id='word_1_240' title='bbox 1248 2679 1312 2734; x_wconf 91' lang='lat' dir='ltr'><strong>ab</strong></span> <span class='ocrx_word' id='word_1_241' title='bbox 1343 2682 1548 2735; x_wconf 86' lang='lat' dir='ltr'><strong>inventa</strong></span> <span class='ocrx_word' id='word_1_242' title='bbox 1583 2682 1918 2752; x_wconf 84' lang='lat' dir='ltr'><strong>typograph.,</strong></span> <span class='ocrx_word' id='word_1_243' title='bbox 1957 2684 1997 2747; x_wconf 90' lang='grc' dir='ltr'><strong>Ι,</strong></span> 
     </span>
    </p>
   </div>
   <div class='ocr_carea' id='block_1_28' title="bbox 439 2769 1995 2847">
    <p class='ocr_par' dir='ltr' id='par_1_28' title="bbox 439 2769 1995 2847">
     <span class='ocr_line' id='line_1_28' title="bbox 439 2769 1995 2847; baseline 0.005 -26"><span class='ocrx_word' id='word_1_244' title='bbox 439 2784 560 2840; x_wconf 86' lang='lat' dir='ltr'><strong>pag.</strong></span> <span class='ocrx_word' id='word_1_245' title='bbox 622 2769 722 2825; x_wconf 95' lang='grc'><strong>129</strong></span> <span class='ocrx_word' id='word_1_246' title='bbox 767 2769 934 2841; x_wconf 88' lang='lat' dir='ltr'><strong>seq.),</strong></span> <span class='ocrx_word' id='word_1_247' title='bbox 967 2769 1234 2844; x_wconf 61' lang='lat' dir='ltr'><strong>IIagenoaa</strong></span> <span class='ocrx_word' id='word_1_248' title='bbox 1288 2773 1447 2839; x_wconf 85' lang='grc'>1522,</span> <span class='ocrx_word' id='word_1_249' title='bbox 1484 2773 1538 2839; x_wconf 94' lang='grc'>4,</span> <span class='ocrx_word' id='word_1_250' title='bbox 1570 2804 1642 2813; x_wconf 97' lang='grc'><strong>-</strong></span> <span class='ocrx_word' id='word_1_251' title='bbox 1680 2773 1856 2831; x_wconf 88' lang='lat' dir='ltr'><strong>Paris.</strong></span> <span class='ocrx_word' id='word_1_252' title='bbox 1907 2791 1995 2847; x_wconf 89' lang='lat' dir='ltr'><strong>ap.</strong></span> 
     </span>
    </p>
   </div>
   <div class='ocr_carea' id='block_1_29' title="bbox 442 2861 2002 2939">
    <p class='ocr_par' dir='ltr' id='par_1_29' title="bbox 442 2861 2002 2939">
     <span class='ocr_line' id='line_1_29' title="bbox 442 2861 2002 2939; baseline 0.004 -23"><span class='ocrx_word' id='word_1_253' title='bbox 442 2863 576 2917; x_wconf 85' lang='lat' dir='ltr'><strong>Sim.</strong></span> <span class='ocrx_word' id='word_1_254' title='bbox 597 2861 776 2919; x_wconf 91' lang='lat' dir='ltr'><strong>Colin.</strong></span> <span class='ocrx_word' id='word_1_255' title='bbox 818 2863 976 2931; x_wconf 84' lang='grc'>1554,</span> <span class='ocrx_word' id='word_1_256' title='bbox 1003 2865 1058 2920; x_wconf 87' lang='grc'><strong>4.</strong></span> <span class='ocrx_word' id='word_1_257' title='bbox 1084 2864 1288 2939; x_wconf 51' lang='lat' dir='ltr'><strong>Hann]</strong></span> <span class='ocrx_word' id='word_1_258' title='bbox 1319 2865 1509 2920; x_wconf 91' lang='lat' dir='ltr'><strong>Colon.</strong></span> <span class='ocrx_word' id='word_1_259' title='bbox 1542 2864 1708 2933; x_wconf 86' lang='grc'>1559,</span> <span class='ocrx_word' id='word_1_260' title='bbox 1766 2867 1894 2933; x_wconf 83' lang='grc' dir='ltr'><strong>Ιοι.,</strong></span> <span class='ocrx_word' id='word_1_261' title='bbox 1950 2877 2002 2922; x_wconf 91' lang='lat' dir='ltr'><strong>et</strong></span> 
     </span>
    </p>
   </div>
   <div class='ocr_carea' id='block_1_30' title="bbox 439 2954 1998 3026">
    <p class='ocr_par' dir='ltr' id='par_1_30' title="bbox 439 2954 1998 3026">
     <span class='ocr_line' id='line_1_30' title="bbox 439 2954 1998 3026; baseline 0.004 -18"><span class='ocrx_word' id='word_1_262' title='bbox 439 2956 580 3010; x_wconf 89' lang='lat' dir='ltr'><strong>inter</strong></span> <span class='ocrx_word' id='word_1_263' title='bbox 607 2954 825 3011; x_wconf 88' lang='lat' dir='ltr'><strong>Eusebii</strong></span> <span class='ocrx_word' id='word_1_264' title='bbox 848 2971 1011 3026; x_wconf 87' lang='lat' dir='ltr'><strong>opera</strong></span> <span class='ocrx_word' id='word_1_265' title='bbox 1042 2956 1207 3013; x_wconf 86' lang='lat' dir='ltr'><strong>Basil.</strong></span> <span class='ocrx_word' id='word_1_266' title='bbox 1248 2957 1411 3022; x_wconf 86' lang='grc'>1542,</span> <span class='ocrx_word' id='word_1_267' title='bbox 1443 2958 1603 3022; x_wconf 88' lang='grc'>1549,</span> <span class='ocrx_word' id='word_1_268' title='bbox 1633 2959 1792 3024; x_wconf 87' lang='grc'>1559,</span> <span class='ocrx_word' id='word_1_269' title='bbox 1829 2959 1998 3026; x_wconf 89' lang='grc'>1570,</span> 
     </span>
    </p>
   </div>
   <div class='ocr_carea' id='block_1_31' title="bbox 2103 474 3664 546">
    <p class='ocr_par' dir='ltr' id='par_1_31' title="bbox 2103 474 3664 546">
     <span class='ocr_line' id='line_1_31' title="bbox 2103 474 3664 546; baseline 0.006 -18"><span class='ocrx_word' id='word_1_270' title='bbox 2103 474 2315 546; x_wconf 89' lang='lat' dir='ltr'><strong>possint</strong></span> <span class='ocrx_word' id='word_1_271' title='bbox 2345 475 2402 528; x_wconf 92' lang='lat' dir='ltr'><strong>in</strong></span> <span class='ocrx_word' id='word_1_272' title='bbox 2428 474 2592 530; x_wconf 85' lang='lat' dir='ltr'><strong>editis</strong></span> <span class='ocrx_word' id='word_1_273' title='bbox 2639 475 2948 544; x_wconf 84' lang='lat' dir='ltr'><strong>depravata.</strong></span> <span class='ocrx_word' id='word_1_274' title='bbox 2985 474 3182 532; x_wconf 83' lang='lat' dir='ltr'><strong>Habuit</strong></span> <span class='ocrx_word' id='word_1_275' title='bbox 3213 486 3267 534; x_wconf 92' lang='lat' dir='ltr'><strong>et</strong></span> <span class='ocrx_word' id='word_1_276' title='bbox 3309 478 3503 535; x_wconf 86' lang='lat' dir='ltr'><strong>Thom.</strong></span> <span class='ocrx_word' id='word_1_277' title='bbox 3535 479 3664 538; x_wconf 81' lang='lat' dir='ltr'><strong>Gaio</strong></span> 
     </span>
    </p>
   </div>
   <div class='ocr_carea' id='block_1_32' title="bbox 2103 567 3663 643">
    <p class='ocr_par' dir='ltr' id='par_1_32' title="bbox 2103 567 3663 643">
     <span class='ocr_line' id='line_1_32' title="bbox 2103 567 3663 643; baseline 0.004 -23"><span class='ocrx_word' id='word_1_278' title='bbox 2103 567 2277 622; x_wconf 91' lang='lat' dir='ltr'><strong>libros</strong></span> <span class='ocrx_word' id='word_1_279' title='bbox 2309 567 2408 624; x_wconf 91' lang='lat' dir='ltr'><strong>hos</strong></span> <span class='ocrx_word' id='word_1_280' title='bbox 2447 567 2764 624; x_wconf 89' lang='lat' dir='ltr'><strong>emendatos</strong></span> <span class='ocrx_word' id='word_1_281' title='bbox 2813 584 2878 624; x_wconf 87' lang='lat' dir='ltr'><strong>ex</strong></span> <span class='ocrx_word' id='word_1_282' title='bbox 2921 569 3250 627; x_wconf 83' lang='lat' dir='ltr'><strong>membranis</strong></span> <span class='ocrx_word' id='word_1_283' title='bbox 3299 571 3540 643; x_wconf 88' lang='lat' dir='ltr'><strong>antiquis</strong></span> <span class='ocrx_word' id='word_1_284' title='bbox 3564 572 3663 643; x_wconf 82' lang='lat' dir='ltr'><strong>(c).</strong></span> 
     </span>
    </p>
   </div>
   <div class='ocr_carea' id='block_1_33' title="bbox 2103 656 3665 734">
    <p class='ocr_par' dir='ltr' id='par_1_33' title="bbox 2103 656 3665 734">
     <span class='ocr_line' id='line_1_33' title="bbox 2103 656 3665 734; baseline 0.006 -24"><span class='ocrx_word' id='word_1_285' title='bbox 2103 656 2522 729; x_wconf 89' lang='lat' dir='ltr'><strong>Dispositiouem</strong></span> <span class='ocrx_word' id='word_1_286' title='bbox 2541 661 2742 730; x_wconf 84' lang='lat' dir='ltr'><strong>Operis,</strong></span> <span class='ocrx_word' id='word_1_287' title='bbox 2765 660 3134 733; x_wconf 91' lang='lat' dir='ltr'><strong>librorumque</strong></span> <span class='ocrx_word' id='word_1_288' title='bbox 3157 663 3489 734; x_wconf 91' lang='lat' dir='ltr'><strong>singulorum</strong></span> <span class='ocrx_word' id='word_1_289' title='bbox 3503 667 3665 734; x_wconf 86' lang='lat' dir='ltr'><strong>quin-</strong></span> 
     </span>
    </p>
   </div>
   <div class='ocr_carea' id='block_1_34' title="bbox 2102 738 3662 826">
    <p class='ocr_par' dir='ltr' id='par_1_34' title="bbox 2102 738 3662 826">
     <span class='ocr_line' id='line_1_34' title="bbox 2102 738 3662 826; baseline 0.005 -22"><span class='ocrx_word' id='word_1_290' title='bbox 2102 749 2272 805; x_wconf 89' lang='lat' dir='ltr'><strong>decim</strong></span> <span class='ocrx_word' id='word_1_291' title='bbox 2308 738 2685 822; x_wconf 86' lang='lat' dir='ltr'><strong>argumentum</strong></span> <span class='ocrx_word' id='word_1_292' title='bbox 2732 752 2967 809; x_wconf 87' lang='lat' dir='ltr'><strong>breviter</strong></span> <span class='ocrx_word' id='word_1_293' title='bbox 2993 755 3211 826; x_wconf 86' lang='lat' dir='ltr'><strong>exponit</strong></span> <span class='ocrx_word' id='word_1_294' title='bbox 3249 755 3511 814; x_wconf 86' lang='lat' dir='ltr'><strong>Eusebius</strong></span> <span class='ocrx_word' id='word_1_295' title='bbox 3539 757 3662 812; x_wconf 85' lang='lat' dir='ltr'><strong>libri</strong></span> 
     </span>
    </p>
   </div>
   <div class='ocr_carea' id='block_1_35' title="bbox 2103 839 3660 918">
    <p class='ocr_par' dir='ltr' id='par_1_35' title="bbox 2103 839 3660 918">
     <span class='ocr_line' id='line_1_35' title="bbox 2103 839 3660 918; baseline 0.006 -25"><span class='ocrx_word' id='word_1_296' title='bbox 2103 855 2172 893; x_wconf 80' lang='lat' dir='ltr'><strong>xv</strong></span> <span class='ocrx_word' id='word_1_297' title='bbox 2201 839 2379 911; x_wconf 87' lang='lat' dir='ltr'><strong>capite</strong></span> <span class='ocrx_word' id='word_1_298' title='bbox 2410 842 2461 905; x_wconf 88' lang='lat'><strong>1,</strong></span> <span class='ocrx_word' id='word_1_299' title='bbox 2488 848 2739 905; x_wconf 90' lang='lat' dir='ltr'><strong>testatus,</strong></span> <span class='ocrx_word' id='word_1_300' title='bbox 2776 853 2833 898; x_wconf 93' lang='lat' dir='ltr'><strong>ut</strong></span> <span class='ocrx_word' id='word_1_301' title='bbox 2879 843 2990 899; x_wconf 81' lang='lat' dir='ltr'><strong>dixi</strong></span> <span class='ocrx_word' id='word_1_302' title='bbox 3015 885 3030 910; x_wconf 92' lang='lat'><strong>,</strong></span> <span class='ocrx_word' id='word_1_303' title='bbox 3077 862 3135 901; x_wconf 91' lang='lat' dir='ltr'><strong>se</strong></span> <span class='ocrx_word' id='word_1_304' title='bbox 3164 847 3289 901; x_wconf 91' lang='lat' dir='ltr'><strong>inde</strong></span> <span class='ocrx_word' id='word_1_305' title='bbox 3311 847 3378 900; x_wconf 90' lang='lat' dir='ltr'><strong>ad</strong></span> <span class='ocrx_word' id='word_1_306' title='bbox 3398 846 3494 918; x_wconf 83' lang='grc' dir='ltr'><strong>τὴν</strong></span> <span class='ocrx_word' id='word_1_307' title='bbox 3517 848 3660 903; x_wconf 63' lang='lat' dir='ltr'><strong>sm.-</strong></span> 
     </span>
    </p>
   </div>
   <div class='ocr_carea' id='block_1_36' title="bbox 2101 931 3663 1006">
    <p class='ocr_par' dir='ltr' id='par_1_36' title="bbox 2101 931 3663 1006">
     <span class='ocr_line' id='line_1_36' title="bbox 2101 931 3663 1006; baseline 0.004 -22"><span class='ocrx_word' id='word_1_308' title='bbox 2101 931 2355 1005; x_wconf 78' lang='grc' dir='ltr'><strong>λεστέραν</strong></span> <span class='ocrx_word' id='word_1_309' title='bbox 2398 934 2648 988; x_wconf 81' lang='grc' dir='ltr'>ὑπόθεσιν</span> <span class='ocrx_word' id='word_1_310' title='bbox 2675 931 3663 1006; x_wconf 73' lang='grc' dir='ltr'><strong>τῆςΕὐαγτελικῆςἀποδείξεως-,αα</strong></span> 
     </span>
    </p>
   </div>
   <div class='ocr_carea' id='block_1_37' title="bbox 2103 1024 3662 1100">
    <p class='ocr_par' dir='ltr' id='par_1_37' title="bbox 2103 1024 3662 1100">
     <span class='ocr_line' id='line_1_37' title="bbox 2103 1024 3662 1100; baseline 0.004 -25"><span class='ocrx_word' id='word_1_311' title='bbox 2103 1025 2376 1094; x_wconf 81' lang='lat' dir='ltr'><strong>augustius</strong></span> <span class='ocrx_word' id='word_1_312' title='bbox 2423 1035 2809 1096; x_wconf 78' lang='lat' dir='ltr'><strong>argumentum,</strong></span> <span class='ocrx_word' id='word_1_313' title='bbox 2854 1024 3361 1083; x_wconf 79' lang='lat' dir='ltr'><strong>Demonstrationem</strong></span> <span class='ocrx_word' id='word_1_314' title='bbox 3407 1030 3662 1100; x_wconf 50' lang='lat' dir='ltr'><strong>evangelia-</strong></span> 
     </span>
    </p>
   </div>
   <div class='ocr_carea' id='block_1_38' title="bbox 2104 1132 2703 1187">
    <p class='ocr_par' dir='ltr' id='par_1_38' title="bbox 2104 1132 2703 1187">
     <span class='ocr_line' id='line_1_38' title="bbox 2104 1132 2703 1187; baseline 0.015 -20"><span class='ocrx_word' id='word_1_315' title='bbox 2104 1132 2239 1179; x_wconf 89' lang='lat' dir='ltr'><strong>cam,</strong></span> <span class='ocrx_word' id='word_1_316' title='bbox 2269 1132 2703 1187; x_wconf 86' lang='lat' dir='ltr'><strong>progressurum.</strong></span> 
     </span>
    </p>
   </div>
   <div class='ocr_carea' id='block_1_39' title="bbox 2172 1207 3661 1284">
    <p class='ocr_par' dir='ltr' id='par_1_39' title="bbox 2172 1207 3661 1284">
     <span class='ocr_line' id='line_1_39' title="bbox 2172 1207 3661 1284; baseline 0.004 -24"><span class='ocrx_word' id='word_1_317' title='bbox 2172 1207 2311 1264; x_wconf 88' lang='lat' dir='ltr'><strong>Add.</strong></span> <span class='ocrx_word' id='word_1_318' title='bbox 2337 1208 2551 1274; x_wconf 84' lang='lat' dir='ltr'><strong>Fabric,</strong></span> <span class='ocrx_word' id='word_1_319' title='bbox 2585 1214 2638 1265; x_wconf 90' lang='lat' dir='ltr'><strong>in</strong></span> <span class='ocrx_word' id='word_1_320' title='bbox 2661 1210 2895 1277; x_wconf 84' lang='lat' dir='ltr'><strong>Delectu,</strong></span> <span class='ocrx_word' id='word_1_321' title='bbox 2920 1220 3026 1268; x_wconf 90' lang='lat' dir='ltr'><strong>etc.</strong></span> <span class='ocrx_word' id='word_1_322' title='bbox 3050 1253 3064 1276; x_wconf 92' lang='lat'><strong>,</strong></span> <span class='ocrx_word' id='word_1_323' title='bbox 3105 1227 3228 1284; x_wconf 87' lang='lat' dir='ltr'><strong>pag.</strong></span> <span class='ocrx_word' id='word_1_324' title='bbox 3263 1212 3356 1278; x_wconf 89' lang='grc'><strong>74,</strong></span> <span class='ocrx_word' id='word_1_325' title='bbox 3387 1226 3496 1283; x_wconf 90' lang='lat' dir='ltr'><strong>quo</strong></span> <span class='ocrx_word' id='word_1_326' title='bbox 3523 1219 3661 1267; x_wconf 89' lang='lat' dir='ltr'><strong>teste</strong></span> 
     </span>
    </p>
   </div>
   <div class='ocr_carea' id='block_1_40' title="bbox 2102 1296 3656 1374">
    <p class='ocr_par' dir='ltr' id='par_1_40' title="bbox 2102 1296 3656 1374">
     <span class='ocr_line' id='line_1_40' title="bbox 2102 1296 3656 1374; baseline 0.002 -23"><span class='ocrx_word' id='word_1_327' title='bbox 2102 1296 2260 1353; x_wconf 82' lang='lat' dir='ltr'><strong>Rich.</strong></span> <span class='ocrx_word' id='word_1_328' title='bbox 2295 1297 2481 1354; x_wconf 91' lang='lat' dir='ltr'><strong>Simon</strong></span> <span class='ocrx_word' id='word_1_329' title='bbox 2510 1309 2642 1355; x_wconf 92' lang='lat' dir='ltr'><strong>tom.</strong></span> <span class='ocrx_word' id='word_1_330' title='bbox 2684 1301 2867 1355; x_wconf 80' lang='lat' dir='ltr'><strong>IBibl.</strong></span> <span class='ocrx_word' id='word_1_331' title='bbox 2908 1302 3128 1368; x_wconf 76' lang='lat' dir='ltr'><strong>selectw,</strong></span> <span class='ocrx_word' id='word_1_332' title='bbox 3181 1318 3304 1374; x_wconf 85' lang='lat' dir='ltr'><strong>pag.</strong></span> <span class='ocrx_word' id='word_1_333' title='bbox 3334 1301 3432 1370; x_wconf 89' lang='lat'><strong>56,</strong></span> <span class='ocrx_word' id='word_1_334' title='bbox 3472 1309 3656 1365; x_wconf 89' lang='lat' dir='ltr'><strong>notat,</strong></span> 
     </span>
    </p>
   </div>
   <div class='ocr_carea' id='block_1_41' title="bbox 2103 1385 3656 1460">
    <p class='ocr_par' dir='ltr' id='par_1_41' title="bbox 2103 1385 3656 1460">
     <span class='ocr_line' id='line_1_41' title="bbox 2103 1385 3656 1460; baseline 0.003 -23"><span class='ocrx_word' id='word_1_335' title='bbox 2103 1399 2236 1440; x_wconf 87' lang='lat' dir='ltr'><strong>mss.</strong></span> <span class='ocrx_word' id='word_1_336' title='bbox 2268 1385 2513 1441; x_wconf 91' lang='lat' dir='ltr'><strong>codicem</strong></span> <span class='ocrx_word' id='word_1_337' title='bbox 2549 1387 2674 1458; x_wconf 85' lang='lat' dir='ltr'><strong>(sed</strong></span> <span class='ocrx_word' id='word_1_338' title='bbox 2713 1387 2953 1458; x_wconf 87' lang='lat' dir='ltr'><strong>quinque</strong></span> <span class='ocrx_word' id='word_1_339' title='bbox 2986 1397 3192 1443; x_wconf 90' lang='lat' dir='ltr'><strong>tantum</strong></span> <span class='ocrx_word' id='word_1_340' title='bbox 3229 1388 3520 1460; x_wconf 91' lang='lat' dir='ltr'><strong>librorum)</strong></span> <span class='ocrx_word' id='word_1_341' title='bbox 3564 1403 3656 1444; x_wconf 80' lang='lat' dir='ltr'><strong>ex-</strong></span> 
     </span>
    </p>
   </div>
   <div class='ocr_carea' id='block_1_42' title="bbox 2105 1476 3664 1551">
    <p class='ocr_par' dir='ltr' id='par_1_42' title="bbox 2105 1476 3664 1551">
     <span class='ocr_line' id='line_1_42' title="bbox 2105 1476 3664 1551; baseline 0.002 -21"><span class='ocrx_word' id='word_1_342' title='bbox 2105 1482 2249 1531; x_wconf 86' lang='lat' dir='ltr'><strong>stare</strong></span> <span class='ocrx_word' id='word_1_343' title='bbox 2279 1476 2333 1531; x_wconf 93' lang='lat' dir='ltr'><strong>in</strong></span> <span class='ocrx_word' id='word_1_344' title='bbox 2365 1478 2494 1534; x_wconf 90' lang='lat' dir='ltr'><strong>bibl.</strong></span> <span class='ocrx_word' id='word_1_345' title='bbox 2552 1495 2664 1550; x_wconf 88' lang='lat' dir='ltr'><strong>reg.</strong></span> <span class='ocrx_word' id='word_1_346' title='bbox 2726 1477 2899 1536; x_wconf 88' lang='lat' dir='ltr'><strong>Paris.</strong></span> <span class='ocrx_word' id='word_1_347' title='bbox 2927 1520 2942 1544; x_wconf 87' lang='lat'><strong>,</strong></span> <span class='ocrx_word' id='word_1_348' title='bbox 2984 1480 3317 1536; x_wconf 80' lang='lat' dir='ltr'><strong>diti‘erentem</strong></span> <span class='ocrx_word' id='word_1_349' title='bbox 3361 1481 3560 1551; x_wconf 87' lang='lat' dir='ltr'><strong>passim</strong></span> <span class='ocrx_word' id='word_1_350' title='bbox 3594 1481 3664 1534; x_wconf 90' lang='lat' dir='ltr'><strong>ab</strong></span> 
     </span>
    </p>
   </div>
   <div class='ocr_carea' id='block_1_43' title="bbox 2103 1566 3661 1643">
    <p class='ocr_par' dir='ltr' id='par_1_43' title="bbox 2103 1566 3661 1643">
     <span class='ocr_line' id='line_1_43' title="bbox 2103 1566 3661 1643; baseline 0.003 -24"><span class='ocrx_word' id='word_1_351' title='bbox 2103 1566 2285 1630; x_wconf 83' lang='lat' dir='ltr'><strong>editis,</strong></span> <span class='ocrx_word' id='word_1_352' title='bbox 2315 1568 2649 1639; x_wconf 89' lang='lat' dir='ltr'><strong>dignumque</strong></span> <span class='ocrx_word' id='word_1_353' title='bbox 2673 1569 2765 1639; x_wconf 92' lang='lat' dir='ltr'><strong>qui</strong></span> <span class='ocrx_word' id='word_1_354' title='bbox 2796 1569 3126 1627; x_wconf 84' lang='lat' dir='ltr'><strong>conferatur.</strong></span> <span class='ocrx_word' id='word_1_355' title='bbox 3158 1603 3228 1612; x_wconf 93' lang='lat'><strong><em>—</em></strong></span> <span class='ocrx_word' id='word_1_356' title='bbox 3253 1573 3310 1626; x_wconf 94' lang='lat' dir='ltr'><strong>In</strong></span> <span class='ocrx_word' id='word_1_357' title='bbox 3343 1573 3475 1628; x_wconf 91' lang='lat' dir='ltr'><strong>bibl.</strong></span> <span class='ocrx_word' id='word_1_358' title='bbox 3512 1571 3661 1643; x_wconf 87' lang='lat' dir='ltr'><strong>publ.</strong></span> 
     </span>
    </p>
   </div>
   <div class='ocr_carea' id='block_1_44' title="bbox 2106 1656 3662 1734">
    <p class='ocr_par' dir='ltr' id='par_1_44' title="bbox 2106 1656 3662 1734">
     <span class='ocr_line' id='line_1_44' title="bbox 2106 1656 3662 1734; baseline 0.004 -24"><span class='ocrx_word' id='word_1_359' title='bbox 2106 1656 2282 1714; x_wconf 89' lang='lat' dir='ltr'><strong>Paris.</strong></span> <span class='ocrx_word' id='word_1_360' title='bbox 2315 1670 2461 1724; x_wconf 90' lang='lat' dir='ltr'><strong>sunt,</strong></span> <span class='ocrx_word' id='word_1_361' title='bbox 2493 1661 2790 1716; x_wconf 88' lang='lat' dir='ltr'><strong>secundum</strong></span> <span class='ocrx_word' id='word_1_362' title='bbox 2822 1661 2994 1715; x_wconf 88' lang='lat' dir='ltr'><strong>Catal.</strong></span> <span class='ocrx_word' id='word_1_363' title='bbox 3028 1662 3184 1718; x_wconf 90' lang='lat' dir='ltr'><strong>codd.</strong></span> <span class='ocrx_word' id='word_1_364' title='bbox 3223 1671 3354 1717; x_wconf 88' lang='lat' dir='ltr'><strong>tom.</strong></span> <span class='ocrx_word' id='word_1_365' title='bbox 3387 1665 3466 1730; x_wconf 94' lang='lat' dir='ltr'><strong>Il,</strong></span> <span class='ocrx_word' id='word_1_366' title='bbox 3502 1663 3662 1734; x_wconf 88' lang='lat' dir='ltr'><strong>quin-</strong></span> 
     </span>
    </p>
   </div>
   <div class='ocr_carea' id='block_1_45' title="bbox 2103 1751 3665 1826">
    <p class='ocr_par' dir='ltr' id='par_1_45' title="bbox 2103 1751 3665 1826">
     <span class='ocr_line' id='line_1_45' title="bbox 2103 1751 3665 1826; baseline 0.004 -21"><span class='ocrx_word' id='word_1_367' title='bbox 2103 1767 2208 1821; x_wconf 89' lang='lat' dir='ltr'><strong>que</strong></span> <span class='ocrx_word' id='word_1_368' title='bbox 2230 1753 2397 1824; x_wconf 79' lang='lat' dir='ltr'><strong>codd.</strong></span> <span class='ocrx_word' id='word_1_369' title='bbox 2429 1753 2521 1808; x_wconf 89' lang='lat' dir='ltr'><strong>Gr.</strong></span> <span class='ocrx_word' id='word_1_370' title='bbox 2559 1773 2572 1809; x_wconf 91' lang='lat'><strong>:</strong></span> <span class='ocrx_word' id='word_1_371' title='bbox 2617 1755 2739 1809; x_wconf 92' lang='lat' dir='ltr'><strong>cod.</strong></span> <span class='ocrx_word' id='word_1_372' title='bbox 2770 1751 2956 1821; x_wconf 92' lang='lat' dir='ltr'><strong>CDLI,</strong></span> <span class='ocrx_word' id='word_1_373' title='bbox 2987 1771 3146 1826; x_wconf 90' lang='lat' dir='ltr'><strong>quem</strong></span> <span class='ocrx_word' id='word_1_374' title='bbox 3187 1755 3343 1811; x_wconf 86' lang='lat' dir='ltr'><strong>Rich.</strong></span> <span class='ocrx_word' id='word_1_375' title='bbox 3381 1755 3570 1811; x_wconf 91' lang='lat' dir='ltr'><strong>Simon</strong></span> <span class='ocrx_word' id='word_1_376' title='bbox 3609 1756 3665 1811; x_wconf 90' lang='lat' dir='ltr'><strong>in</strong></span> 
     </span>
    </p>
   </div>
   <div class='ocr_carea' id='block_1_46' title="bbox 2103 1843 3664 1902">
    <p class='ocr_par' dir='ltr' id='par_1_46' title="bbox 2103 1843 3664 1902">
     <span class='ocr_line' id='line_1_46' title="bbox 2103 1843 3664 1902; baseline 0.003 -7"><span class='ocrx_word' id='word_1_377' title='bbox 2103 1843 2353 1898; x_wconf 88' lang='lat' dir='ltr'><strong>manibus</strong></span> <span class='ocrx_word' id='word_1_378' title='bbox 2407 1843 2660 1899; x_wconf 86' lang='lat' dir='ltr'><strong>habuisse</strong></span> <span class='ocrx_word' id='word_1_379' title='bbox 2715 1843 2950 1899; x_wconf 81' lang='lat' dir='ltr'><strong>videtur.</strong></span> <span class='ocrx_word' id='word_1_380' title='bbox 3014 1845 3063 1898; x_wconf 92' lang='lat' dir='ltr'><strong>Is</strong></span> <span class='ocrx_word' id='word_1_381' title='bbox 3125 1847 3365 1900; x_wconf 86' lang='lat' dir='ltr'><strong>continet</strong></span> <span class='ocrx_word' id='word_1_382' title='bbox 3411 1846 3581 1902; x_wconf 90' lang='lat' dir='ltr'><strong>libros</strong></span> <span class='ocrx_word' id='word_1_383' title='bbox 3633 1865 3664 1900; x_wconf 88' lang='lat' dir='ltr'><strong>v</strong></span> 
     </span>
    </p>
   </div>
   <div class='ocr_carea' id='block_1_47' title="bbox 2102 1936 3666 2006">
    <p class='ocr_par' dir='ltr' id='par_1_47' title="bbox 2102 1936 3666 2006">
     <span class='ocr_line' id='line_1_47' title="bbox 2102 1936 3666 2006; baseline 0.002 -17"><span class='ocrx_word' id='word_1_384' title='bbox 2102 1936 2329 2006; x_wconf 86' lang='lat' dir='ltr'><strong>priores.</strong></span> <span class='ocrx_word' id='word_1_385' title='bbox 2357 1967 2420 1977; x_wconf 91' lang='lat'><strong>—</strong></span> <span class='ocrx_word' id='word_1_386' title='bbox 2453 1936 2509 1990; x_wconf 92' lang='lat' dir='ltr'><strong>In</strong></span> <span class='ocrx_word' id='word_1_387' title='bbox 2548 1938 2705 1992; x_wconf 86' lang='lat' dir='ltr'><strong>codd.</strong></span> <span class='ocrx_word' id='word_1_388' title='bbox 2743 1937 3298 1992; x_wconf 75' lang='lat' dir='ltr'><strong>CDLXV-CDLXVIII</strong></span> <span class='ocrx_word' id='word_1_389' title='bbox 3327 1945 3540 1994; x_wconf 80' lang='lat' dir='ltr'><strong>exstant</strong></span> <span class='ocrx_word' id='word_1_390' title='bbox 3596 1955 3666 1992; x_wconf 80' lang='lat' dir='ltr'><strong>xv</strong></span> 
     </span>
    </p>
   </div>
   <div class='ocr_carea' id='block_1_48' title="bbox 2101 2030 3662 2102">
    <p class='ocr_par' dir='ltr' id='par_1_48' title="bbox 2101 2030 3662 2102">
     <span class='ocr_line' id='line_1_48' title="bbox 2101 2030 3662 2102; baseline 0.001 -17"><span class='ocrx_word' id='word_1_391' title='bbox 2101 2033 2242 2088; x_wconf 91' lang='lat' dir='ltr'><strong>libri.</strong></span> <span class='ocrx_word' id='word_1_392' title='bbox 2270 2032 2582 2088; x_wconf 86' lang='lat' dir='ltr'><strong>—-Codices</strong></span> <span class='ocrx_word' id='word_1_393' title='bbox 2612 2033 2743 2088; x_wconf 90' lang='lat' dir='ltr'><strong>bibl.</strong></span> <span class='ocrx_word' id='word_1_394' title='bbox 2763 2031 3000 2088; x_wconf 85' lang='lat' dir='ltr'><strong>Florent.</strong></span> <span class='ocrx_word' id='word_1_395' title='bbox 3020 2032 3138 2087; x_wconf 93' lang='lat' dir='ltr'><strong>cod.</strong></span> <span class='ocrx_word' id='word_1_396' title='bbox 3166 2031 3232 2086; x_wconf 91' lang='lat' dir='ltr'><strong>Vl</strong></span> <span class='ocrx_word' id='word_1_397' title='bbox 3261 2040 3314 2087; x_wconf 94' lang='lat' dir='ltr'><strong>et</strong></span> <span class='ocrx_word' id='word_1_398' title='bbox 3332 2030 3422 2098; x_wconf 91' lang='lat' dir='ltr'><strong>IX,</strong></span> <span class='ocrx_word' id='word_1_399' title='bbox 3451 2035 3585 2102; x_wconf 91' lang='lat' dir='ltr'><strong>plut.</strong></span> <span class='ocrx_word' id='word_1_400' title='bbox 3606 2031 3662 2093; x_wconf 89' lang='grc'>6,</span> 
     </span>
    </p>
   </div>
   <div class='ocr_carea' id='block_1_49' title="bbox 2101 2121 3664 2194">
    <p class='ocr_par' dir='ltr' id='par_1_49' title="bbox 2101 2121 3664 2194">
     <span class='ocr_line' id='line_1_49' title="bbox 2101 2121 3664 2194; baseline 0 -17"><span class='ocrx_word' id='word_1_401' title='bbox 2101 2124 2372 2194; x_wconf 66' lang='lat' dir='ltr'><strong>praecipue</strong></span> <span class='ocrx_word' id='word_1_402' title='bbox 2429 2123 2686 2194; x_wconf 88' lang='lat' dir='ltr'><strong>priorem,</strong></span> <span class='ocrx_word' id='word_1_403' title='bbox 2721 2121 2942 2194; x_wconf 89' lang='lat' dir='ltr'><strong>copiose</strong></span> <span class='ocrx_word' id='word_1_404' title='bbox 2991 2123 3248 2179; x_wconf 88' lang='lat' dir='ltr'><strong>describit</strong></span> <span class='ocrx_word' id='word_1_405' title='bbox 3279 2122 3574 2178; x_wconf 89' lang='lat' dir='ltr'><strong>Bandinius</strong></span> <span class='ocrx_word' id='word_1_406' title='bbox 3609 2123 3664 2177; x_wconf 79' lang='lat' dir='ltr'><strong>in</strong></span> 
     </span>
    </p>
   </div>
   <div class='ocr_carea' id='block_1_50' title="bbox 2102 2213 3666 2288">
    <p class='ocr_par' dir='ltr' id='par_1_50' title="bbox 2102 2213 3666 2288">
     <span class='ocr_line' id='line_1_50' title="bbox 2102 2213 3666 2288; baseline 0 -20"><span class='ocrx_word' id='word_1_407' title='bbox 2102 2213 2223 2269; x_wconf 85' lang='lat' dir='ltr'><strong>Cat.</strong></span> <span class='ocrx_word' id='word_1_408' title='bbox 2279 2214 2432 2269; x_wconf 86' lang='lat' dir='ltr'><strong>codd.</strong></span> <span class='ocrx_word' id='word_1_409' title='bbox 2469 2215 2560 2271; x_wconf 84' lang='lat' dir='ltr'><strong>Cr.</strong></span> <span class='ocrx_word' id='word_1_410' title='bbox 2603 2215 2642 2283; x_wconf 88' lang='grc' dir='ltr'><strong>Ι,</strong></span> <span class='ocrx_word' id='word_1_411' title='bbox 2684 2231 2803 2288; x_wconf 81' lang='lat' dir='ltr'><strong>pag.</strong></span> <span class='ocrx_word' id='word_1_412' title='bbox 2851 2217 3108 2282; x_wconf 83' lang='grc'>102-105,</span> <span class='ocrx_word' id='word_1_413' title='bbox 3160 2223 3213 2271; x_wconf 87' lang='lat' dir='ltr'><strong>et</strong></span> <span class='ocrx_word' id='word_1_414' title='bbox 3263 2231 3317 2285; x_wconf 93' lang='lat' dir='ltr'><strong>p.</strong></span> <span class='ocrx_word' id='word_1_415' title='bbox 3357 2214 3478 2269; x_wconf 86' lang='grc'>114.</span> <span class='ocrx_word' id='word_1_416' title='bbox 3522 2215 3666 2270; x_wconf 85' lang='lat' dir='ltr'><strong>Con-</strong></span> 
     </span>
    </p>
   </div>
   <div class='ocr_carea' id='block_1_51' title="bbox 2101 2307 3663 2365">
    <p class='ocr_par' dir='ltr' id='par_1_51' title="bbox 2101 2307 3663 2365">
     <span class='ocr_line' id='line_1_51' title="bbox 2101 2307 3663 2365; baseline 0.002 -3"><span class='ocrx_word' id='word_1_417' title='bbox 2101 2308 2275 2364; x_wconf 90' lang='lat' dir='ltr'><strong>tinent</strong></span> <span class='ocrx_word' id='word_1_418' title='bbox 2325 2324 2451 2364; x_wconf 90' lang='lat' dir='ltr'><strong>vero</strong></span> <span class='ocrx_word' id='word_1_419' title='bbox 2497 2309 2570 2363; x_wconf 88' lang='lat' dir='ltr'><strong>illi</strong></span> <span class='ocrx_word' id='word_1_420' title='bbox 2622 2309 2791 2364; x_wconf 89' lang='lat' dir='ltr'><strong>libros</strong></span> <span class='ocrx_word' id='word_1_421' title='bbox 2848 2325 2935 2362; x_wconf 80' lang='lat' dir='ltr'><strong>xv.</strong></span> <span class='ocrx_word' id='word_1_422' title='bbox 2965 2307 3299 2364; x_wconf 91' lang='lat' dir='ltr'><strong>—Venetiis</strong></span> <span class='ocrx_word' id='word_1_423' title='bbox 3330 2309 3385 2362; x_wconf 92' lang='lat' dir='ltr'><strong>in</strong></span> <span class='ocrx_word' id='word_1_424' title='bbox 3432 2308 3563 2364; x_wconf 90' lang='lat' dir='ltr'><strong>bibl.</strong></span> <span class='ocrx_word' id='word_1_425' title='bbox 3599 2307 3663 2365; x_wconf 87' lang='grc' dir='ltr'><strong>Ι).</strong></span> 
     </span>
    </p>
   </div>
   <div class='ocr_carea' id='block_1_52' title="bbox 2099 2399 3662 2458">
    <p class='ocr_par' dir='ltr' id='par_1_52' title="bbox 2099 2399 3662 2458">
     <span class='ocr_line' id='line_1_52' title="bbox 2099 2399 3662 2458; baseline 0.003 -4"><span class='ocrx_word' id='word_1_426' title='bbox 2099 2401 2264 2456; x_wconf 85' lang='lat' dir='ltr'><strong>Marci</strong></span> <span class='ocrx_word' id='word_1_427' title='bbox 2297 2401 2455 2458; x_wconf 92' lang='lat' dir='ltr'><strong>codd.</strong></span> <span class='ocrx_word' id='word_1_428' title='bbox 2472 2409 2584 2457; x_wconf 91' lang='lat' dir='ltr'><strong>tres</strong></span> <span class='ocrx_word' id='word_1_429' title='bbox 2611 2400 3200 2458; x_wconf 70' lang='lat' dir='ltr'><strong>CCCXLl-(JCCXLIII.</strong></span> <span class='ocrx_word' id='word_1_430' title='bbox 3226 2399 3290 2456; x_wconf 94' lang='lat' dir='ltr'><strong>V.</strong></span> <span class='ocrx_word' id='word_1_431' title='bbox 3315 2399 3662 2458; x_wconf 72' lang='lat' dir='ltr'><strong>Catal.codd‘.</strong></span> 
     </span>
    </p>
   </div>
   <div class='ocr_carea' id='block_1_53' title="bbox 2103 2493 3666 2567">
    <p class='ocr_par' dir='ltr' id='par_1_53' title="bbox 2103 2493 3666 2567">
     <span class='ocr_line' id='line_1_53' title="bbox 2103 2493 3666 2567; baseline 0 -19"><span class='ocrx_word' id='word_1_432' title='bbox 2103 2493 2218 2559; x_wconf 82' lang='lat' dir='ltr'><strong>Gr.,</strong></span> <span class='ocrx_word' id='word_1_433' title='bbox 2249 2512 2303 2566; x_wconf 91' lang='lat' dir='ltr'><strong>p.</strong></span> <span class='ocrx_word' id='word_1_434' title='bbox 2354 2496 2475 2550; x_wconf 89' lang='grc'>157.</span> <span class='ocrx_word' id='word_1_435' title='bbox 2523 2524 2586 2536; x_wconf 82' lang='lat'><strong>—-</strong></span> <span class='ocrx_word' id='word_1_436' title='bbox 2619 2493 2841 2567; x_wconf 82' lang='lat' dir='ltr'><strong>Neapoli</strong></span> <span class='ocrx_word' id='word_1_437' title='bbox 2875 2496 2932 2550; x_wconf 90' lang='lat' dir='ltr'><strong>in</strong></span> <span class='ocrx_word' id='word_1_438' title='bbox 2967 2497 3098 2552; x_wconf 88' lang='lat' dir='ltr'><strong>bibl.</strong></span> <span class='ocrx_word' id='word_1_439' title='bbox 3133 2493 3190 2549; x_wconf 91' lang='lat' dir='ltr'><strong>S.</strong></span> <span class='ocrx_word' id='word_1_440' title='bbox 3241 2493 3398 2550; x_wconf 84' lang='lat' dir='ltr'><strong>Joan.</strong></span> <span class='ocrx_word' id='word_1_441' title='bbox 3439 2495 3505 2550; x_wconf 90' lang='lat' dir='ltr'><strong>de</strong></span> <span class='ocrx_word' id='word_1_442' title='bbox 3533 2495 3666 2550; x_wconf 80' lang='lat' dir='ltr'><strong>Car—</strong></span> 
     </span>
    </p>
   </div>
   <div class='ocr_carea' id='block_1_54' title="bbox 2101 2586 3664 2658">
    <p class='ocr_par' dir='ltr' id='par_1_54' title="bbox 2101 2586 3664 2658">
     <span class='ocr_line' id='line_1_54' title="bbox 2101 2586 3664 2658; baseline 0.002 -18"><span class='ocrx_word' id='word_1_443' title='bbox 2101 2587 2326 2641; x_wconf 87' lang='lat' dir='ltr'><strong>bonaria</strong></span> <span class='ocrx_word' id='word_1_444' title='bbox 2365 2588 2742 2658; x_wconf 85' lang='lat' dir='ltr'><strong>Augustiniau.</strong></span> <span class='ocrx_word' id='word_1_445' title='bbox 2783 2588 2904 2644; x_wconf 91' lang='lat' dir='ltr'><strong>cod.</strong></span> <span class='ocrx_word' id='word_1_446' title='bbox 2933 2587 3076 2644; x_wconf 88' lang='lat' dir='ltr'><strong>XXI.</strong></span> <span class='ocrx_word' id='word_1_447' title='bbox 3117 2618 3188 2627; x_wconf 94' lang='grc'><strong><em>--</em></strong></span> <span class='ocrx_word' id='word_1_448' title='bbox 3231 2586 3365 2642; x_wconf 91' lang='lat' dir='ltr'><strong>Ibid.</strong></span> <span class='ocrx_word' id='word_1_449' title='bbox 3423 2588 3479 2642; x_wconf 91' lang='lat' dir='ltr'><strong>in</strong></span> <span class='ocrx_word' id='word_1_450' title='bbox 3529 2588 3664 2643; x_wconf 89' lang='lat' dir='ltr'><strong>bibl.</strong></span> 
     </span>
    </p>
   </div>
   <div class='ocr_carea' id='block_1_55' title="bbox 2101 2680 3667 2750">
    <p class='ocr_par' dir='ltr' id='par_1_55' title="bbox 2101 2680 3667 2750">
     <span class='ocr_line' id='line_1_55' title="bbox 2101 2680 3667 2750; baseline 0.001 -18"><span class='ocrx_word' id='word_1_451' title='bbox 2101 2682 2270 2750; x_wconf 86' lang='lat' dir='ltr'><strong>regia,</strong></span> <span class='ocrx_word' id='word_1_452' title='bbox 2303 2680 2426 2736; x_wconf 88' lang='lat' dir='ltr'><strong>cod.</strong></span> <span class='ocrx_word' id='word_1_453' title='bbox 2461 2680 2663 2736; x_wconf 84' lang='lat' dir='ltr'><strong>CCXX.</strong></span> <span class='ocrx_word' id='word_1_454' title='bbox 2695 2713 2766 2722; x_wconf 89' lang='lat'><strong>—-</strong></span> <span class='ocrx_word' id='word_1_455' title='bbox 2795 2681 2976 2736; x_wconf 84' lang='lat' dir='ltr'><strong>Fesuli</strong></span> <span class='ocrx_word' id='word_1_456' title='bbox 3022 2683 3075 2735; x_wconf 92' lang='lat' dir='ltr'><strong>in</strong></span> <span class='ocrx_word' id='word_1_457' title='bbox 3113 2681 3241 2736; x_wconf 89' lang='lat' dir='ltr'><strong>bibl.</strong></span> <span class='ocrx_word' id='word_1_458' title='bbox 3283 2681 3517 2735; x_wconf 89' lang='lat' dir='ltr'><strong>coenobii</strong></span> <span class='ocrx_word' id='word_1_459' title='bbox 3575 2696 3667 2734; x_wconf 88' lang='lat' dir='ltr'><strong>ca-</strong></span> 
     </span>
    </p>
   </div>
   <div class='ocr_carea' id='block_1_56' title="bbox 2102 2770 3665 2844">
    <p class='ocr_par' dir='ltr' id='par_1_56' title="bbox 2102 2770 3665 2844">
     <span class='ocr_line' id='line_1_56' title="bbox 2102 2770 3665 2844; baseline -0.001 -16"><span class='ocrx_word' id='word_1_460' title='bbox 2102 2774 2283 2828; x_wconf 91' lang='lat' dir='ltr'><strong>nonic.</strong></span> <span class='ocrx_word' id='word_1_461' title='bbox 2320 2770 2454 2825; x_wconf 89' lang='lat' dir='ltr'><strong>Eus.</strong></span> <span class='ocrx_word' id='word_1_462' title='bbox 2489 2773 2664 2841; x_wconf 79' lang='lat' dir='ltr'><strong>Pra&#39;p.</strong></span> <span class='ocrx_word' id='word_1_463' title='bbox 2696 2790 2900 2842; x_wconf 87' lang='lat' dir='ltr'><strong>evang.,</strong></span> <span class='ocrx_word' id='word_1_464' title='bbox 2939 2774 3232 2844; x_wconf 88' lang='lat' dir='ltr'><strong>interprete</strong></span> <span class='ocrx_word' id='word_1_465' title='bbox 3255 2773 3320 2829; x_wconf 87' lang='lat' dir='ltr'><strong>G.</strong></span> <span class='ocrx_word' id='word_1_466' title='bbox 3350 2772 3665 2844; x_wconf 89' lang='lat' dir='ltr'><strong>Trapezun-</strong></span> 
     </span>
    </p>
   </div>
   <div class='ocr_carea' id='block_1_57' title="bbox 2100 2863 3668 2937">
    <p class='ocr_par' dir='ltr' id='par_1_57' title="bbox 2100 2863 3668 2937">
     <span class='ocr_line' id='line_1_57' title="bbox 2100 2863 3668 2937; baseline -0.001 -17"><span class='ocrx_word' id='word_1_467' title='bbox 2100 2867 2196 2920; x_wconf 89' lang='lat' dir='ltr'><strong>tio.</strong></span> <span class='ocrx_word' id='word_1_468' title='bbox 2230 2865 2544 2936; x_wconf 88' lang='lat' dir='ltr'><strong>(Montfauc.</strong></span> <span class='ocrx_word' id='word_1_469' title='bbox 2597 2866 2746 2920; x_wconf 87' lang='lat' dir='ltr'><strong>Diar.</strong></span> <span class='ocrx_word' id='word_1_470' title='bbox 2798 2865 2951 2932; x_wconf 89' lang='lat' dir='ltr'><strong>Ital.,</strong></span> <span class='ocrx_word' id='word_1_471' title='bbox 2989 2881 3112 2937; x_wconf 89' lang='lat' dir='ltr'><strong>pag.</strong></span> <span class='ocrx_word' id='word_1_472' title='bbox 3152 2864 3300 2935; x_wconf 86' lang='lat'><strong>592.)</strong></span> <span class='ocrx_word' id='word_1_473' title='bbox 3342 2896 3411 2906; x_wconf 89' lang='lat'><strong>—</strong></span> <span class='ocrx_word' id='word_1_474' title='bbox 3463 2863 3668 2918; x_wconf 88' lang='lat' dir='ltr'><strong>Vindo-</strong></span> 
     </span>
    </p>
   </div>
   <div class='ocr_carea' id='block_1_58' title="bbox 2101 2952 3662 3020">
    <p class='ocr_par' dir='ltr' id='par_1_58' title="bbox 2101 2952 3662 3020">
     <span class='ocr_line' id='line_1_58' title="bbox 2101 2952 3662 3020; baseline -0.003 -10"><span class='ocrx_word' id='word_1_475' title='bbox 2101 2955 2257 3011; x_wconf 59' lang='lat' dir='ltr'><strong>bona</strong></span> <span class='ocrx_word' id='word_1_476' title='bbox 2287 2956 2342 3010; x_wconf 92' lang='lat' dir='ltr'><strong>in</strong></span> <span class='ocrx_word' id='word_1_477' title='bbox 2379 2957 2509 3011; x_wconf 85' lang='lat' dir='ltr'><strong>bibl.</strong></span> <span class='ocrx_word' id='word_1_478' title='bbox 2559 2957 2759 3012; x_wconf 64' lang='lat' dir='ltr'><strong>Caasar.</strong></span> <span class='ocrx_word' id='word_1_479' title='bbox 2815 2956 2936 3011; x_wconf 92' lang='lat' dir='ltr'><strong>cod.</strong></span> <span class='ocrx_word' id='word_1_480' title='bbox 2963 2955 3054 3019; x_wconf 92' lang='lat' dir='ltr'><strong>XI,</strong></span> <span class='ocrx_word' id='word_1_481' title='bbox 3088 2972 3142 3010; x_wconf 87' lang='grc' dir='ltr'>η.</span> <span class='ocrx_word' id='word_1_482' title='bbox 3181 2955 3234 3020; x_wconf 88' lang='lat'><strong>6,</strong></span> <span class='ocrx_word' id='word_1_483' title='bbox 3260 2966 3314 3010; x_wconf 90' lang='lat' dir='ltr'><strong>et</strong></span> <span class='ocrx_word' id='word_1_484' title='bbox 3346 2954 3468 3011; x_wconf 86' lang='lat' dir='ltr'><strong>cod.</strong></span> <span class='ocrx_word' id='word_1_485' title='bbox 3508 2952 3623 3008; x_wconf 88' lang='lat' dir='ltr'><strong>XIV</strong></span> <span class='ocrx_word' id='word_1_486' title='bbox 3647 2993 3662 3017; x_wconf 94' lang='lat'><strong>,</strong></span> 
     </span>
    </p>
   </div>
   <div class='ocr_carea' id='block_1_59' title="bbox 439 3043 3663 3121">
    <p class='ocr_par' dir='ltr' id='par_1_59' title="bbox 439 3043 3663 3121">
     <span class='ocr_line' id='line_1_59' title="bbox 439 3043 3663 3121; baseline -0 -21"><span class='ocrx_word' id='word_1_487' title='bbox 439 3043 996 3117; x_wconf 81' lang='lat' dir='ltr'><strong>fol.,etParis.1587,</strong></span> <span class='ocrx_word' id='word_1_488' title='bbox 1015 3047 1216 3121; x_wconf 87' lang='lat' dir='ltr'><strong>fol.,(a)</strong></span> <span class='ocrx_word' id='word_1_489' title='bbox 1235 3048 1329 3105; x_wconf 89' lang='lat' dir='ltr'><strong>sed</strong></span> <span class='ocrx_word' id='word_1_490' title='bbox 1346 3048 1998 3121; x_wconf 88' lang='lat' dir='ltr'><strong>inlibrisquatuordecim</strong></span> <span class='ocrx_word' id='word_1_491' title='bbox 2041 3120 2064 3121; x_wconf 21' lang='grc' dir='ltr'>ί</span> <span class='ocrx_word' id='word_1_492' title='bbox 2101 3062 2158 3100; x_wconf 89' lang='lat' dir='ltr'><strong>n.</strong></span> <span class='ocrx_word' id='word_1_493' title='bbox 2185 3047 2238 3106; x_wconf 82' lang='grc'><strong>4,</strong></span> <span class='ocrx_word' id='word_1_494' title='bbox 2271 3054 2523 3117; x_wconf 81' lang='lat' dir='ltr'><strong>excerpta</strong></span> <span class='ocrx_word' id='word_1_495' title='bbox 2555 3049 2709 3118; x_wconf 90' lang='lat' dir='ltr'><strong>plura</strong></span> <span class='ocrx_word' id='word_1_496' title='bbox 2759 3063 2824 3102; x_wconf 80' lang='lat' dir='ltr'><strong>ex</strong></span> <span class='ocrx_word' id='word_1_497' title='bbox 2875 3046 3112 3102; x_wconf 89' lang='lat' dir='ltr'><strong>Eusebio</strong></span> <span class='ocrx_word' id='word_1_498' title='bbox 3147 3046 3224 3101; x_wconf 88' lang='lat' dir='ltr'><strong>De</strong></span> <span class='ocrx_word' id='word_1_499' title='bbox 3253 3062 3414 3116; x_wconf 73' lang='lat' dir='ltr'><strong>prtrp.</strong></span> <span class='ocrx_word' id='word_1_500' title='bbox 3450 3062 3663 3116; x_wconf 86' lang='lat' dir='ltr'><strong>evang.,</strong></span> 
     </span>
    </p>
   </div>
   <div class='ocr_carea' id='block_1_60' title="bbox 444 3120 2002 3213">
    <p class='ocr_par' dir='ltr' id='par_1_60' title="bbox 444 3120 2000 3213">
     <span class='ocr_line' id='line_1_60' title="bbox 444 3120 2000 3213; baseline 0.003 -19"><span class='ocrx_word' id='word_1_501' title='bbox 444 3137 711 3208; x_wconf 85' lang='lat' dir='ltr'><strong>supplevit</strong></span> <span class='ocrx_word' id='word_1_502' title='bbox 762 3136 849 3194; x_wconf 82' lang='lat' dir='ltr'><strong>Jo.</strong></span> <span class='ocrx_word' id='word_1_503' title='bbox 876 3137 1111 3196; x_wconf 88' lang='lat' dir='ltr'><strong>Thomas</strong></span> <span class='ocrx_word' id='word_1_504' title='bbox 1141 3120 1387 3211; x_wconf 80' lang='lat' dir='ltr'><strong>Freigius</strong></span> <span class='ocrx_word' id='word_1_505' title='bbox 1406 3120 1816 3213; x_wconf 18' lang='lat' dir='ltr'><strong>et=,quiiscbolia</strong></span> <span class='ocrx_word' id='word_1_506' title='bbox 1839 3145 2000 3200; x_wconf 88' lang='lat' dir='ltr'><strong>etiam</strong></span> 
     </span>
    </p>
   </div>
   <div class='ocr_carea' id='block_1_61' title="bbox 2103 3120 3663 3213">
    <p class='ocr_par' dir='ltr' id='par_1_61' title="bbox 2104 3136 3663 3208">
     <span class='ocr_line' id='line_1_61' title="bbox 2104 3136 3663 3208; baseline -0.002 -16"><span class='ocrx_word' id='word_1_507' title='bbox 2104 3155 2224 3208; x_wconf 85' lang='lat' dir='ltr'><strong>quae</strong></span> <span class='ocrx_word' id='word_1_508' title='bbox 2257 3138 2468 3207; x_wconf 82' lang='lat' dir='ltr'><strong>singula</strong></span> <span class='ocrx_word' id='word_1_509' title='bbox 2497 3147 2744 3194; x_wconf 86' lang='lat' dir='ltr'><strong>recenset</strong></span> <span class='ocrx_word' id='word_1_510' title='bbox 2773 3137 3027 3194; x_wconf 90' lang='lat' dir='ltr'><strong>Lambec.</strong></span> <span class='ocrx_word' id='word_1_511' title='bbox 3056 3136 3174 3193; x_wconf 86' lang='lat' dir='ltr'><strong>Cat.</strong></span> <span class='ocrx_word' id='word_1_512' title='bbox 3206 3137 3505 3204; x_wconf 87' lang='lat' dir='ltr'><strong>codd.,vol.</strong></span> <span class='ocrx_word' id='word_1_513' title='bbox 3529 3136 3663 3200; x_wconf 92' lang='lat' dir='ltr'><strong>VIII,</strong></span> 
     </span>
    </p>
   </div>
   <div class='ocr_carea' id='block_1_62' title="bbox 448 3229 2003 3305">
    <p class='ocr_par' dir='ltr' id='par_1_62' title="bbox 448 3229 2003 3305">
     <span class='ocr_line' id='line_1_62' title="bbox 448 3229 2003 3305; baseline 0.006 -23"><span class='ocrx_word' id='word_1_514' title='bbox 448 3229 665 3293; x_wconf 82' lang='lat' dir='ltr'><strong>addidit,</strong></span> <span class='ocrx_word' id='word_1_515' title='bbox 698 3229 858 3286; x_wconf 87' lang='lat' dir='ltr'><strong>Joan.</strong></span> <span class='ocrx_word' id='word_1_516' title='bbox 905 3231 1144 3287; x_wconf 86' lang='lat' dir='ltr'><strong>Jacobus</strong></span> <span class='ocrx_word' id='word_1_517' title='bbox 1179 3231 1475 3305; x_wconf 65' lang='lat' dir='ltr'><strong>Grynaeus;</strong></span> <span class='ocrx_word' id='word_1_518' title='bbox 1507 3236 1703 3292; x_wconf 92' lang='lat' dir='ltr'><strong>librum</strong></span> <span class='ocrx_word' id='word_1_519' title='bbox 1734 3237 2003 3292; x_wconf 89' lang='lat' dir='ltr'><strong>decimum</strong></span> 
     </span>
    </p>
   </div>
   <div class='ocr_carea' id='block_1_63' title="bbox 444 3322 1455 3396">
    <p class='ocr_par' dir='ltr' id='par_1_63' title="bbox 444 3322 1455 3396">
     <span class='ocr_line' id='line_1_63' title="bbox 444 3322 1455 3396; baseline 0.006 -22"><span class='ocrx_word' id='word_1_520' title='bbox 444 3322 686 3392; x_wconf 89' lang='lat' dir='ltr'><strong>quintum</strong></span> <span class='ocrx_word' id='word_1_521' title='bbox 711 3324 880 3378; x_wconf 82' lang='lat' dir='ltr'><strong>vertit</strong></span> <span class='ocrx_word' id='word_1_522' title='bbox 911 3323 1127 3381; x_wconf 84' lang='lat' dir='ltr'><strong>Marcus</strong></span> <span class='ocrx_word' id='word_1_523' title='bbox 1155 3324 1455 3396; x_wconf 86' lang='lat' dir='ltr'><strong>IIopperus.</strong></span> 
     </span>
    </p>
   </div>
   <div class='ocr_carea' id='block_1_64' title="bbox 511 3413 2002 3492">
    <p class='ocr_par' dir='ltr' id='par_1_64' title="bbox 511 3413 2002 3492">
     <span class='ocr_line' id='line_1_64' title="bbox 511 3413 2002 3492; baseline 0.005 -21"><span class='ocrx_word' id='word_1_524' title='bbox 511 3413 697 3472; x_wconf 64' lang='lat' dir='ltr'><strong>Graec</strong></span> <span class='ocrx_word' id='word_1_525' title='bbox 743 3417 949 3488; x_wconf 84' lang='lat' dir='ltr'><strong>primus</strong></span> <span class='ocrx_word' id='word_1_526' title='bbox 994 3419 1234 3488; x_wconf 82' lang='lat' dir='ltr'><strong>vulgavit</strong></span> <span class='ocrx_word' id='word_1_527' title='bbox 1263 3417 1400 3474; x_wconf 79' lang='lat' dir='ltr'><strong>Bob.</strong></span> <span class='ocrx_word' id='word_1_528' title='bbox 1463 3420 1771 3492; x_wconf 88' lang='lat' dir='ltr'><strong>Stephanus</strong></span> <span class='ocrx_word' id='word_1_529' title='bbox 1828 3421 2002 3478; x_wconf 88' lang='lat' dir='ltr'><strong>Paris.</strong></span> 
     </span>
    </p>
   </div>
   <div class='ocr_carea' id='block_1_65' title="bbox 444 3507 2009 3587">
    <p class='ocr_par' dir='ltr' id='par_1_65' title="bbox 444 3507 2009 3587">
     <span class='ocr_line' id='line_1_65' title="bbox 444 3507 2009 3587; baseline 0.006 -26"><span class='ocrx_word' id='word_1_530' title='bbox 444 3507 600 3570; x_wconf 83' lang='grc'>1544,</span> <span class='ocrx_word' id='word_1_531' title='bbox 638 3508 755 3573; x_wconf 87' lang='lat' dir='ltr'><strong>foL,</strong></span> <span class='ocrx_word' id='word_1_532' title='bbox 788 3511 941 3581; x_wconf 80' lang='lat' dir='ltr'><strong>typis-</strong></span> <span class='ocrx_word' id='word_1_533' title='bbox 971 3510 1156 3581; x_wconf 84' lang='lat' dir='ltr'><strong>regiis.</strong></span> <span class='ocrx_word' id='word_1_534' title='bbox 1201 3509 1443 3582; x_wconf 87' lang='lat' dir='ltr'><strong>Denique</strong></span> <span class='ocrx_word' id='word_1_535' title='bbox 1486 3513 1816 3587; x_wconf 88' lang='lat' dir='ltr'><strong>Franciscus</strong></span> <span class='ocrx_word' id='word_1_536' title='bbox 1849 3514 2009 3586; x_wconf 82' lang='lat' dir='ltr'><strong>Vige-</strong></span> 
     </span>
    </p>
   </div>
   <div class='ocr_carea' id='block_1_66' title="bbox 441 3599 2008 3675">
    <p class='ocr_par' dir='ltr' id='par_1_66' title="bbox 441 3599 2008 3675">
     <span class='ocr_line' id='line_1_66' title="bbox 441 3599 2008 3675; baseline 0.006 -22"><span class='ocrx_word' id='word_1_537' title='bbox 441 3615 556 3664; x_wconf 85' lang='lat' dir='ltr'><strong>rus,</strong></span> <span class='ocrx_word' id='word_1_538' title='bbox 586 3599 1040 3671; x_wconf 73' lang='lat' dir='ltr'><strong>Ruthomagensis</strong></span> <span class='ocrx_word' id='word_1_539' title='bbox 1065 3644 1078 3667; x_wconf 94' lang='lat'><strong>,</strong></span> <span class='ocrx_word' id='word_1_540' title='bbox 1132 3601 1189 3657; x_wconf 72' lang='lat' dir='ltr'><strong>S‘.</strong></span> <span class='ocrx_word' id='word_1_541' title='bbox 1225 3601 1273 3656; x_wconf 79' lang='lat' dir='ltr'><strong>J’.</strong></span> <span class='ocrx_word' id='word_1_542' title='bbox 1305 3605 1588 3675; x_wconf 86' lang='lat' dir='ltr'><strong>presbyter</strong></span> <span class='ocrx_word' id='word_1_543' title='bbox 1611 3646 1624 3670; x_wconf 95' lang='lat'><strong>,</strong></span> <span class='ocrx_word' id='word_1_544' title='bbox 1681 3622 1744 3660; x_wconf 82' lang='lat' dir='ltr'><strong>ex</strong></span> <span class='ocrx_word' id='word_1_545' title='bbox 1797 3607 2008 3662; x_wconf 89' lang='lat' dir='ltr'><strong>duobus</strong></span> 
     </span>
    </p>
   </div>
   <div class='ocr_carea' id='block_1_67' title="bbox 442 3693 2007 3768">
    <p class='ocr_par' dir='ltr' id='par_1_67' title="bbox 442 3693 2007 3768">
     <span class='ocr_line' id='line_1_67' title="bbox 442 3693 2007 3768; baseline 0.004 -20"><span class='ocrx_word' id='word_1_546' title='bbox 442 3693 724 3748; x_wconf 86' lang='lat' dir='ltr'><strong>codicibus</strong></span> <span class='ocrx_word' id='word_1_547' title='bbox 752 3693 882 3748; x_wconf 90' lang='lat' dir='ltr'><strong>bibl.</strong></span> <span class='ocrx_word' id='word_1_548' title='bbox 930 3695 1118 3764; x_wconf 68' lang='lat' dir='ltr'><strong>regite,</strong></span> <span class='ocrx_word' id='word_1_549' title='bbox 1175 3711 1408 3764; x_wconf 86' lang='lat' dir='ltr'><strong>quorum</strong></span> <span class='ocrx_word' id='word_1_550' title='bbox 1467 3697 1638 3752; x_wconf 87' lang='lat' dir='ltr'><strong>altero</strong></span> <span class='ocrx_word' id='word_1_551' title='bbox 1693 3695 2007 3768; x_wconf 85' lang='lat' dir='ltr'><strong>Stephanus</strong></span> 
     </span>
    </p>
   </div>
   <div class='ocr_carea' id='block_1_68' title="bbox 444 3786 2004 3860">
    <p class='ocr_par' dir='ltr' id='par_1_68' title="bbox 444 3786 2004 3860">
     <span class='ocr_line' id='line_1_68' title="bbox 444 3786 2004 3860; baseline 0.003 -20"><span class='ocrx_word' id='word_1_552' title='bbox 444 3802 576 3842; x_wconf 87' lang='lat' dir='ltr'><strong>usus</strong></span> <span class='ocrx_word' id='word_1_553' title='bbox 604 3786 799 3848; x_wconf 80' lang='lat' dir='ltr'><strong>fuerat,</strong></span> <span class='ocrx_word' id='word_1_554' title='bbox 831 3787 1172 3856; x_wconf 83' lang='lat' dir='ltr'><strong>laudatisque</strong></span> <span class='ocrx_word' id='word_1_555' title='bbox 1201 3788 1270 3842; x_wconf 92' lang='lat' dir='ltr'><strong>ab</strong></span> <span class='ocrx_word' id='word_1_556' title='bbox 1297 3787 1415 3857; x_wconf 92' lang='lat' dir='ltr'><strong>ipso</strong></span> <span class='ocrx_word' id='word_1_557' title='bbox 1445 3787 1678 3843; x_wconf 91' lang='lat' dir='ltr'><strong>Eusebio</strong></span> <span class='ocrx_word' id='word_1_558' title='bbox 1721 3791 2004 3860; x_wconf 91' lang='lat' dir='ltr'><strong>scriptori-</strong></span> 
     </span>
    </p>
   </div>
   <div class='ocr_carea' id='block_1_69' title="bbox 443 3877 2006 3943">
    <p class='ocr_par' dir='ltr' id='par_1_69' title="bbox 443 3877 2006 3943">
     <span class='ocr_line' id='line_1_69' title="bbox 443 3877 2006 3943; baseline 0.001 -10"><span class='ocrx_word' id='word_1_559' title='bbox 443 3879 566 3943; x_wconf 88' lang='lat' dir='ltr'><strong>bus,</strong></span> <span class='ocrx_word' id='word_1_560' title='bbox 599 3884 654 3932; x_wconf 87' lang='lat' dir='ltr'><strong>et</strong></span> <span class='ocrx_word' id='word_1_561' title='bbox 681 3878 846 3932; x_wconf 89' lang='lat' dir='ltr'><strong>variis</strong></span> <span class='ocrx_word' id='word_1_562' title='bbox 889 3879 1013 3932; x_wconf 85' lang='lat' dir='ltr'><strong>lect.</strong></span> <span class='ocrx_word' id='word_1_563' title='bbox 1045 3879 1252 3933; x_wconf 88' lang='lat' dir='ltr'><strong>codicis</strong></span> <span class='ocrx_word' id='word_1_564' title='bbox 1277 3878 1667 3933; x_wconf 83' lang='lat' dir='ltr'><strong>Montaeutiani</strong></span> <span class='ocrx_word' id='word_1_565' title='bbox 1699 3877 1884 3935; x_wconf 67' lang='lat' dir='ltr'><strong>Graeca</strong></span> <span class='ocrx_word' id='word_1_566' title='bbox 1917 3897 2006 3935; x_wconf 80' lang='lat' dir='ltr'><strong>re-</strong></span> 
     </span>
    </p>
   </div>
   <div class='ocr_carea' id='block_1_70' title="bbox 443 3968 2007 4037">
    <p class='ocr_par' dir='ltr' id='par_1_70' title="bbox 443 3968 2007 4037">
     <span class='ocr_line' id='line_1_70' title="bbox 443 3968 2007 4037; baseline 0.001 -16"><span class='ocrx_word' id='word_1_567' title='bbox 443 3968 686 4031; x_wconf 87' lang='lat' dir='ltr'><strong>censuit,</strong></span> <span class='ocrx_word' id='word_1_568' title='bbox 740 3983 1041 4037; x_wconf 83' lang='lat' dir='ltr'><strong>novamque</strong></span> <span class='ocrx_word' id='word_1_569' title='bbox 1091 3968 1370 4024; x_wconf 88' lang='lat' dir='ltr'><strong>meliorem</strong></span> <span class='ocrx_word' id='word_1_570' title='bbox 1414 3969 1716 4024; x_wconf 90' lang='lat' dir='ltr'><strong>versionem</strong></span> <span class='ocrx_word' id='word_1_571' title='bbox 1749 3985 1902 4025; x_wconf 91' lang='lat' dir='ltr'><strong>suam</strong></span> <span class='ocrx_word' id='word_1_572' title='bbox 1953 3979 2007 4026; x_wconf 87' lang='lat' dir='ltr'><strong>et</strong></span> 
     </span>
    </p>
   </div>
   <div class='ocr_carea' id='block_1_71' title="bbox 445 4060 2007 4135">
    <p class='ocr_par' dir='ltr' id='par_1_71' title="bbox 445 4060 2007 4135">
     <span class='ocr_line' id='line_1_71' title="bbox 445 4060 2007 4135; baseline 0.004 -22"><span class='ocrx_word' id='word_1_573' title='bbox 445 4068 600 4114; x_wconf 88' lang='lat' dir='ltr'><strong>notas</strong></span> <span class='ocrx_word' id='word_1_574' title='bbox 631 4060 945 4130; x_wconf 88' lang='lat' dir='ltr'><strong>iudicesque</strong></span> <span class='ocrx_word' id='word_1_575' title='bbox 993 4061 1201 4115; x_wconf 88' lang='lat' dir='ltr'><strong>addidit</strong></span> <span class='ocrx_word' id='word_1_576' title='bbox 1240 4061 1413 4117; x_wconf 90' lang='lat' dir='ltr'><strong>Paris.</strong></span> <span class='ocrx_word' id='word_1_577' title='bbox 1449 4062 1607 4130; x_wconf 84' lang='lat'><strong>1628,</strong></span> <span class='ocrx_word' id='word_1_578' title='bbox 1631 4063 1724 4121; x_wconf 82' lang='lat' dir='ltr'><strong>fol.</strong></span> <span class='ocrx_word' id='word_1_579' title='bbox 1753 4063 1828 4135; x_wconf 88' lang='lat' dir='ltr'><strong>(b)</strong></span> <span class='ocrx_word' id='word_1_580' title='bbox 1852 4083 1864 4118; x_wconf 91' lang='lat'><strong>:</strong></span> <span class='ocrx_word' id='word_1_581' title='bbox 1887 4079 2007 4135; x_wconf 68' lang='lat' dir='ltr'><strong>qua:</strong></span> 
     </span>
    </p>
   </div>
   <div class='ocr_carea' id='block_1_72' title="bbox 442 4152 2006 4226">
    <p class='ocr_par' dir='ltr' id='par_1_72' title="bbox 442 4152 2006 4226">
     <span class='ocr_line' id='line_1_72' title="bbox 442 4152 2006 4226; baseline 0.003 -20"><span class='ocrx_word' id='word_1_582' title='bbox 442 4154 608 4207; x_wconf 88' lang='lat' dir='ltr'><strong>editio</strong></span> <span class='ocrx_word' id='word_1_583' title='bbox 642 4152 1048 4207; x_wconf 78' lang='lat' dir='ltr'><strong>Cra’co-Latina</strong></span> <span class='ocrx_word' id='word_1_584' title='bbox 1089 4165 1281 4209; x_wconf 85' lang='lat' dir='ltr'><strong>recusa</strong></span> <span class='ocrx_word' id='word_1_585' title='bbox 1310 4164 1392 4209; x_wconf 88' lang='lat' dir='ltr'><strong>est</strong></span> <span class='ocrx_word' id='word_1_586' title='bbox 1424 4153 1618 4224; x_wconf 76' lang='lat' dir='ltr'><strong>Lipsize</strong></span> <span class='ocrx_word' id='word_1_587' title='bbox 1643 4155 1791 4226; x_wconf 90' lang='lat' dir='ltr'><strong>(licet</strong></span> <span class='ocrx_word' id='word_1_588' title='bbox 1815 4157 2006 4211; x_wconf 80' lang='lat' dir='ltr'><strong>titulus</strong></span> 
     </span>
    </p>
   </div>
   <div class='ocr_carea' id='block_1_73' title="bbox 444 4243 2007 4316">
    <p class='ocr_par' dir='ltr' id='par_1_73' title="bbox 444 4243 2007 4316">
     <span class='ocr_line' id='line_1_73' title="bbox 444 4243 2007 4316; baseline 0.002 -16"><span class='ocrx_word' id='word_1_589' title='bbox 444 4243 716 4300; x_wconf 84' lang='lat' dir='ltr'><strong>Coloniam</strong></span> <span class='ocrx_word' id='word_1_590' title='bbox 771 4245 1035 4316; x_wconf 63' lang='lat' dir='ltr'><strong>praeferat)</strong></span> <span class='ocrx_word' id='word_1_591' title='bbox 1065 4245 1202 4300; x_wconf 87' lang='grc'>1688</span> <span class='ocrx_word' id='word_1_592' title='bbox 1223 4288 1238 4312; x_wconf 96' lang='grc'><strong>,</strong></span> <span class='ocrx_word' id='word_1_593' title='bbox 1273 4245 1365 4300; x_wconf 83' lang='lat' dir='ltr'><strong>fol.</strong></span> <span class='ocrx_word' id='word_1_594' title='bbox 1399 4245 1626 4302; x_wconf 83' lang='lat' dir='ltr'><strong>Exstant</strong></span> <span class='ocrx_word' id='word_1_595' title='bbox 1664 4250 1824 4302; x_wconf 88' lang='lat' dir='ltr'><strong>etiam</strong></span> <span class='ocrx_word' id='word_1_596' title='bbox 1859 4249 1912 4302; x_wconf 91' lang='lat' dir='ltr'><strong>hi</strong></span> <span class='ocrx_word' id='word_1_597' title='bbox 1943 4250 2007 4303; x_wconf 88' lang='lat' dir='ltr'><strong>li-</strong></span> 
     </span>
    </p>
   </div>
   <div class='ocr_carea' id='block_1_74' title="bbox 443 4335 2004 4402">
    <p class='ocr_par' dir='ltr' id='par_1_74' title="bbox 443 4335 2004 4402">
     <span class='ocr_line' id='line_1_74' title="bbox 443 4335 2004 4402; baseline 0.001 -10"><span class='ocrx_word' id='word_1_598' title='bbox 443 4338 526 4392; x_wconf 86' lang='lat' dir='ltr'><strong>bri</strong></span> <span class='ocrx_word' id='word_1_599' title='bbox 559 4354 689 4392; x_wconf 85' lang='lat' dir='ltr'><strong>mss.</strong></span> <span class='ocrx_word' id='word_1_600' title='bbox 738 4337 792 4390; x_wconf 93' lang='lat' dir='ltr'><strong>in</strong></span> <span class='ocrx_word' id='word_1_601' title='bbox 837 4337 967 4392; x_wconf 85' lang='lat' dir='ltr'><strong>bibl.</strong></span> <span class='ocrx_word' id='word_1_602' title='bbox 1002 4335 1350 4402; x_wconf 88' lang='lat' dir='ltr'><strong>Florentina,</strong></span> <span class='ocrx_word' id='word_1_603' title='bbox 1409 4347 1463 4392; x_wconf 92' lang='lat' dir='ltr'><strong>et</strong></span> <span class='ocrx_word' id='word_1_604' title='bbox 1514 4337 1711 4394; x_wconf 90' lang='lat' dir='ltr'><strong>Veneta</strong></span> <span class='ocrx_word' id='word_1_605' title='bbox 1745 4339 1801 4393; x_wconf 89' lang='lat' dir='ltr'><strong>S.</strong></span> <span class='ocrx_word' id='word_1_606' title='bbox 1839 4338 2004 4394; x_wconf 84' lang='lat' dir='ltr'><strong>Marci</strong></span> 
     </span>
    </p>
   </div>
   <div class='ocr_carea' id='block_1_75' title="bbox 443 4428 2002 4500">
    <p class='ocr_par' dir='ltr' id='par_1_75' title="bbox 443 4428 2002 4500">
     <span class='ocr_line' id='line_1_75' title="bbox 443 4428 2002 4500; baseline 0.002 -18"><span class='ocrx_word' id='word_1_607' title='bbox 443 4429 555 4499; x_wconf 92' lang='lat' dir='ltr'><strong>(ubi</strong></span> <span class='ocrx_word' id='word_1_608' title='bbox 587 4437 700 4482; x_wconf 89' lang='lat' dir='ltr'><strong>tres</strong></span> <span class='ocrx_word' id='word_1_609' title='bbox 723 4428 938 4482; x_wconf 86' lang='lat' dir='ltr'><strong>codices</strong></span> <span class='ocrx_word' id='word_1_610' title='bbox 966 4428 1132 4496; x_wconf 87' lang='lat' dir='ltr'><strong>hujus</strong></span> <span class='ocrx_word' id='word_1_611' title='bbox 1162 4431 1365 4500; x_wconf 88' lang='lat' dir='ltr'><strong>operis,</strong></span> <span class='ocrx_word' id='word_1_612' title='bbox 1393 4437 1530 4486; x_wconf 90' lang='lat' dir='ltr'><strong>teste</strong></span> <span class='ocrx_word' id='word_1_613' title='bbox 1575 4431 2002 4498; x_wconf 84' lang='lat' dir='ltr'><strong>Montfauconio,</strong></span> 
     </span>
    </p>
   </div>
   <div class='ocr_carea' id='block_1_76' title="bbox 442 4519 1998 4594">
    <p class='ocr_par' dir='ltr' id='par_1_76' title="bbox 442 4519 1998 4594">
     <span class='ocr_line' id='line_1_76' title="bbox 442 4519 1998 4594; baseline 0.001 -19"><span class='ocrx_word' id='word_1_614' title='bbox 442 4538 561 4593; x_wconf 88' lang='lat' dir='ltr'><strong>pag.</strong></span> <span class='ocrx_word' id='word_1_615' title='bbox 607 4521 678 4578; x_wconf 83' lang='grc'><strong>42</strong></span> <span class='ocrx_word' id='word_1_616' title='bbox 737 4520 906 4574; x_wconf 83' lang='lat' dir='ltr'><strong>Diarii</strong></span> <span class='ocrx_word' id='word_1_617' title='bbox 950 4519 1188 4594; x_wconf 86' lang='lat' dir='ltr'><strong>Italici),</strong></span> <span class='ocrx_word' id='word_1_618' title='bbox 1248 4523 1494 4593; x_wconf 86' lang='lat' dir='ltr'><strong>aliisque.</strong></span> <span class='ocrx_word' id='word_1_619' title='bbox 1529 4522 1585 4577; x_wconf 94' lang='lat' dir='ltr'><strong>In</strong></span> <span class='ocrx_word' id='word_1_620' title='bbox 1625 4523 1814 4578; x_wconf 90' lang='lat' dir='ltr'><strong>codice</strong></span> <span class='ocrx_word' id='word_1_621' title='bbox 1867 4525 1998 4579; x_wconf 91' lang='lat' dir='ltr'><strong>bibl.</strong></span> 
     </span>
    </p>
   </div>
   <div class='ocr_carea' id='block_1_77' title="bbox 439 4613 2002 4684">
    <p class='ocr_par' dir='ltr' id='par_1_77' title="bbox 439 4613 2002 4684">
     <span class='ocr_line' id='line_1_77' title="bbox 439 4613 2002 4684; baseline 0.004 -18"><span class='ocrx_word' id='word_1_622' title='bbox 439 4614 602 4684; x_wconf 69' lang='lat' dir='ltr'><strong>regite</strong></span> <span class='ocrx_word' id='word_1_623' title='bbox 655 4614 710 4667; x_wconf 93' lang='lat' dir='ltr'><strong>in</strong></span> <span class='ocrx_word' id='word_1_624' title='bbox 765 4613 870 4668; x_wconf 83' lang='lat' dir='ltr'><strong>line</strong></span> <span class='ocrx_word' id='word_1_625' title='bbox 912 4613 1078 4667; x_wconf 91' lang='lat' dir='ltr'><strong>trium</strong></span> <span class='ocrx_word' id='word_1_626' title='bbox 1131 4613 1374 4682; x_wconf 89' lang='lat' dir='ltr'><strong>priorum</strong></span> <span class='ocrx_word' id='word_1_627' title='bbox 1425 4614 1687 4669; x_wconf 91' lang='lat' dir='ltr'><strong>librorum</strong></span> <span class='ocrx_word' id='word_1_628' title='bbox 1739 4632 2002 4673; x_wconf 87' lang='lat' dir='ltr'><strong>numerus</strong></span> 
     </span>
    </p>
   </div>
   <div class='ocr_carea' id='block_1_78' title="bbox 442 4705 2004 4775">
    <p class='ocr_par' dir='ltr' id='par_1_78' title="bbox 442 4705 2004 4775">
     <span class='ocr_line' id='line_1_78' title="bbox 442 4705 2004 4775; baseline 0.004 -18"><span class='ocrx_word' id='word_1_629' title='bbox 442 4706 636 4775; x_wconf 70' lang='grc' dir='ltr'><strong>στίχων</strong></span> <span class='ocrx_word' id='word_1_630' title='bbox 663 4705 932 4775; x_wconf 91' lang='lat' dir='ltr'><strong>ascriptus</strong></span> <span class='ocrx_word' id='word_1_631' title='bbox 962 4711 1065 4769; x_wconf 90' lang='lat' dir='ltr'><strong>est,</strong></span> <span class='ocrx_word' id='word_1_632' title='bbox 1099 4713 1155 4758; x_wconf 94' lang='lat' dir='ltr'><strong>ut</strong></span> <span class='ocrx_word' id='word_1_633' title='bbox 1176 4706 1384 4758; x_wconf 87' lang='lat' dir='ltr'><strong>notavit</strong></span> <span class='ocrx_word' id='word_1_634' title='bbox 1406 4707 1548 4760; x_wconf 89' lang='lat' dir='ltr'><strong>idem</strong></span> <span class='ocrx_word' id='word_1_635' title='bbox 1565 4705 2004 4764; x_wconf 87' lang='lat' dir='ltr'><strong>Montfaueonius</strong></span> 
     </span>
    </p>
   </div>
   <div class='ocr_carea' id='block_1_79' title="bbox 441 4796 1997 4871">
    <p class='ocr_par' dir='ltr' id='par_1_79' title="bbox 441 4796 1997 4871">
     <span class='ocr_line' id='line_1_79' title="bbox 441 4796 1997 4871; baseline 0.003 -19"><span class='ocrx_word' id='word_1_636' title='bbox 441 4797 495 4852; x_wconf 88' lang='lat' dir='ltr'><strong>in</strong></span> <span class='ocrx_word' id='word_1_637' title='bbox 531 4796 933 4869; x_wconf 65' lang='lat' dir='ltr'><strong>Pala’ographia</strong></span> <span class='ocrx_word' id='word_1_638' title='bbox 959 4797 1165 4864; x_wconf 70' lang='lat' dir='ltr'><strong>Gra&#39;ca,</strong></span> <span class='ocrx_word' id='word_1_639' title='bbox 1188 4815 1309 4870; x_wconf 90' lang='lat' dir='ltr'><strong>pag.</strong></span> <span class='ocrx_word' id='word_1_640' title='bbox 1335 4799 1461 4855; x_wconf 87' lang='lat'><strong>276.</strong></span> <span class='ocrx_word' id='word_1_641' title='bbox 1493 4799 1550 4854; x_wconf 88' lang='lat' dir='ltr'><strong>In</strong></span> <span class='ocrx_word' id='word_1_642' title='bbox 1579 4799 1837 4871; x_wconf 88' lang='lat' dir='ltr'><strong>Catalogo</strong></span> <span class='ocrx_word' id='word_1_643' title='bbox 1865 4817 1997 4857; x_wconf 94' lang='lat' dir='ltr'><strong>mss.</strong></span> 
     </span>
    </p>
   </div>
   <div class='ocr_carea' id='block_1_80' title="bbox 440 4886 2004 4956">
    <p class='ocr_par' dir='ltr' id='par_1_80' title="bbox 440 4886 2004 4956">
     <span class='ocr_line' id='line_1_80' title="bbox 440 4886 2004 4956; baseline 0.002 -13"><span class='ocrx_word' id='word_1_644' title='bbox 440 4888 510 4943; x_wconf 89' lang='lat' dir='ltr'><strong>Is.</strong></span> <span class='ocrx_word' id='word_1_645' title='bbox 543 4886 746 4954; x_wconf 91' lang='lat' dir='ltr'><strong>Vossii,</strong></span> <span class='ocrx_word' id='word_1_646' title='bbox 777 4905 927 4944; x_wconf 92' lang='lat' dir='ltr'><strong>num.</strong></span> <span class='ocrx_word' id='word_1_647' title='bbox 962 4889 1084 4955; x_wconf 90' lang='grc'>197,</span> <span class='ocrx_word' id='word_1_648' title='bbox 1118 4888 1342 4945; x_wconf 90' lang='lat' dir='ltr'><strong>adnotat</strong></span> <span class='ocrx_word' id='word_1_649' title='bbox 1368 4889 1710 4947; x_wconf 86' lang='lat' dir='ltr'><strong>Colomesius</strong></span> <span class='ocrx_word' id='word_1_650' title='bbox 1730 4930 1746 4956; x_wconf 88' lang='lat'><strong>,</strong></span> <span class='ocrx_word' id='word_1_651' title='bbox 1787 4901 2004 4946; x_wconf 78' lang='lat' dir='ltr'><strong>exstare</strong></span> 
     </span>
    </p>
   </div>
   <div class='ocr_carea' id='block_1_81' title="bbox 511 5025 2003 5100">
    <p class='ocr_par' dir='ltr' id='par_1_81' title="bbox 511 5025 2003 5100">
     <span class='ocr_line' id='line_1_81' title="bbox 511 5025 2003 5100; baseline 0.004 -20"><span class='ocrx_word' id='word_1_652' title='bbox 511 5025 590 5100; x_wconf 76' lang='grc' dir='ltr'><strong>(α)</strong></span> <span class='ocrx_word' id='word_1_653' title='bbox 629 5026 742 5100; x_wconf 86' lang='lat' dir='ltr'><strong>Hoc</strong></span> <span class='ocrx_word' id='word_1_654' title='bbox 758 5037 990 5100; x_wconf 72' lang='lat' dir='ltr'><strong>quoque</strong></span> <span class='ocrx_word' id='word_1_655' title='bbox 1017 5028 1139 5100; x_wconf 92' lang='lat' dir='ltr'><strong>loco</strong></span> <span class='ocrx_word' id='word_1_656' title='bbox 1171 5044 1201 5082; x_wconf 89' lang='lat' dir='ltr'><strong>a</strong></span> <span class='ocrx_word' id='word_1_657' title='bbox 1243 5027 1402 5084; x_wconf 87' lang='lat' dir='ltr'><strong>Fabr.</strong></span> <span class='ocrx_word' id='word_1_658' title='bbox 1440 5044 1720 5100; x_wconf 88' lang='lat' dir='ltr'><strong>perperam</strong></span> <span class='ocrx_word' id='word_1_659' title='bbox 1765 5030 2003 5098; x_wconf 88' lang='lat' dir='ltr'><strong>scriptus</strong></span> 
     </span>
    </p>
   </div>
   <div class='ocr_carea' id='block_1_82' title="bbox 443 5097 1998 5171">
    <p class='ocr_par' dir='ltr' id='par_1_82' title="bbox 443 5097 1998 5171">
     <span class='ocr_line' id='line_1_82' title="bbox 443 5097 1998 5171; baseline 0.003 -21"><span class='ocrx_word' id='word_1_660' title='bbox 443 5097 612 5154; x_wconf 87' lang='lat' dir='ltr'><strong>fuisse</strong></span> <span class='ocrx_word' id='word_1_661' title='bbox 639 5115 689 5152; x_wconf 89' lang='lat' dir='ltr'><strong>a.</strong></span> <span class='ocrx_word' id='word_1_662' title='bbox 720 5097 876 5171; x_wconf 58' lang='grc'>1581,</span> <span class='ocrx_word' id='word_1_663' title='bbox 902 5097 958 5152; x_wconf 77' lang='lat' dir='ltr'><strong>et</strong></span> <span class='ocrx_word' id='word_1_664' title='bbox 976 5099 1350 5171; x_wconf 73' lang='lat' dir='ltr'><strong>corrigendus</strong></span> <span class='ocrx_word' id='word_1_665' title='bbox 1364 5097 1486 5171; x_wconf 80' lang='lat' dir='ltr'><strong>esse</strong></span> <span class='ocrx_word' id='word_1_666' title='bbox 1517 5097 1729 5171; x_wconf 53' lang='lat' dir='ltr'><strong>videtur</strong></span> <span class='ocrx_word' id='word_1_667' title='bbox 1761 5116 1811 5155; x_wconf 88' lang='lat' dir='ltr'><strong>a.</strong></span> <span class='ocrx_word' id='word_1_668' title='bbox 1839 5097 1998 5166; x_wconf 90' lang='grc'>1587,</span> 
     </span>
    </p>
   </div>
   <div class='ocr_carea' id='block_1_83' title="bbox 443 5168 2002 5242">
    <p class='ocr_par' dir='ltr' id='par_1_83' title="bbox 443 5168 2002 5242">
     <span class='ocr_line' id='line_1_83' title="bbox 443 5168 2002 5242; baseline 0.004 -23"><span class='ocrx_word' id='word_1_669' title='bbox 443 5168 1024 5242; x_wconf 19' lang='grc' dir='ltr'><strong>ςυιη-αιξιειςίεᾷΕιιξθῂ.</strong></span> <span class='ocrx_word' id='word_1_670' title='bbox 1057 5168 1178 5242; x_wconf 74' lang='lat' dir='ltr'><strong>Opp.</strong></span> <span class='ocrx_word' id='word_1_671' title='bbox 1215 5185 1301 5239; x_wconf 91' lang='lat' dir='ltr'><strong>ap.</strong></span> <span class='ocrx_word' id='word_1_672' title='bbox 1334 5168 2002 5242; x_wconf 78' lang='lat' dir='ltr'><strong>Mich.Spnnium,opera</strong></span> 
     </span>
    </p>
   </div>
   <div class='ocr_carea' id='block_1_84' title="bbox 444 5236 2002 5310">
    <p class='ocr_par' dir='ltr' id='par_1_84' title="bbox 444 5236 2002 5310">
     <span class='ocr_line' id='line_1_84' title="bbox 444 5236 2002 5310; baseline 0.005 -21"><span class='ocrx_word' id='word_1_673' title='bbox 444 5236 527 5292; x_wconf 84' lang='lat' dir='ltr'><strong>Jo.</strong></span> <span class='ocrx_word' id='word_1_674' title='bbox 560 5236 776 5303; x_wconf 86' lang='lat' dir='ltr'><strong>Dadrei,</strong></span> <span class='ocrx_word' id='word_1_675' title='bbox 807 5236 1107 5294; x_wconf 68' lang='lat' dir='ltr'><strong>Parisieus.</strong></span> <span class='ocrx_word' id='word_1_676' title='bbox 1132 5236 1399 5310; x_wconf 76' lang='lat' dir='ltr'><strong>theologi,</strong></span> <span class='ocrx_word' id='word_1_677' title='bbox 1431 5241 1521 5310; x_wconf 93' lang='lat' dir='ltr'><strong>qui</strong></span> <span class='ocrx_word' id='word_1_678' title='bbox 1563 5241 1800 5296; x_wconf 85' lang='lat' dir='ltr'><strong>Pontaco</strong></span> <span class='ocrx_word' id='word_1_679' title='bbox 1835 5236 2002 5297; x_wconf 80' lang='lat' dir='ltr'><strong>inter-</strong></span> 
     </span>
    </p>
   </div>
   <div class='ocr_carea' id='block_1_85' title="bbox 449 5311 2002 5382">
    <p class='ocr_par' dir='ltr' id='par_1_85' title="bbox 449 5311 2002 5382">
     <span class='ocr_line' id='line_1_85' title="bbox 449 5311 2002 5382; baseline 0.005 -22"><span class='ocrx_word' id='word_1_680' title='bbox 449 5311 655 5382; x_wconf 57' lang='lat' dir='ltr'><strong>[ogauti</strong></span> <span class='ocrx_word' id='word_1_681' title='bbox 706 5324 796 5372; x_wconf 88' lang='lat' dir='ltr'><strong>an,</strong></span> <span class='ocrx_word' id='word_1_682' title='bbox 839 5326 963 5364; x_wconf 89' lang='lat' dir='ltr'><strong>cum</strong></span> <span class='ocrx_word' id='word_1_683' title='bbox 1009 5311 1262 5380; x_wconf 65' lang='lat' dir='ltr'><strong>praiﬁxus</strong></span> <span class='ocrx_word' id='word_1_684' title='bbox 1292 5312 1484 5367; x_wconf 90' lang='lat' dir='ltr'><strong>titulus</strong></span> <span class='ocrx_word' id='word_1_685' title='bbox 1517 5312 1792 5382; x_wconf 64' lang='lat' dir='ltr'><strong>praeferret</strong></span> <span class='ocrx_word' id='word_1_686' title='bbox 1834 5313 2002 5368; x_wconf 88' lang='lat' dir='ltr'><strong>libros</strong></span> 
     </span>
    </p>
   </div>
   <div class='ocr_carea' id='block_1_86' title="bbox 448 5376 2003 5452">
    <p class='ocr_par' dir='ltr' id='par_1_86' title="bbox 448 5376 2003 5452">
     <span class='ocr_line' id='line_1_86' title="bbox 448 5376 2003 5452; baseline 0.004 -21"><span class='ocrx_word' id='word_1_687' title='bbox 448 5376 661 5452; x_wconf 85' lang='lat' dir='ltr'><strong>Eusebii</strong></span> <span class='ocrx_word' id='word_1_688' title='bbox 706 5376 1272 5452; x_wconf 53' lang='lat' dir='ltr'><strong>restitutos,&#39;restitutj</strong></span> <span class='ocrx_word' id='word_1_689' title='bbox 1308 5398 1432 5437; x_wconf 86' lang='lat' dir='ltr'><strong>vere</strong></span> <span class='ocrx_word' id='word_1_690' title='bbox 1471 5376 1676 5445; x_wconf 81' lang='lat' dir='ltr'><strong>essent,</strong></span> <span class='ocrx_word' id='word_1_691' title='bbox 1724 5383 2003 5452; x_wconf 85' lang='lat' dir='ltr'><strong>respondit</strong></span> 
     </span>
    </p>
   </div>
   <div class='ocr_carea' id='block_1_87' title="bbox 448 5450 1997 5523">
    <p class='ocr_par' dir='ltr' id='par_1_87' title="bbox 448 5450 1997 5523">
     <span class='ocr_line' id='line_1_87' title="bbox 448 5450 1997 5523; baseline 0.003 -20"><span class='ocrx_word' id='word_1_692' title='bbox 448 5465 507 5503; x_wconf 88' lang='lat' dir='ltr'><strong>se</strong></span> <span class='ocrx_word' id='word_1_693' title='bbox 536 5451 748 5523; x_wconf 80' lang='lat' dir='ltr'><strong>quidem</strong></span> <span class='ocrx_word' id='word_1_694' title='bbox 772 5451 1208 5506; x_wconf 87' lang='lat' dir='ltr'><strong>Commentarios</strong></span> <span class='ocrx_word' id='word_1_695' title='bbox 1230 5450 1441 5523; x_wconf 75' lang='lat' dir='ltr'><strong>Grymei</strong></span> <span class='ocrx_word' id='word_1_696' title='bbox 1466 5453 1520 5506; x_wconf 94' lang='lat' dir='ltr'><strong>in</strong></span> <span class='ocrx_word' id='word_1_697' title='bbox 1551 5453 1643 5507; x_wconf 89' lang='lat' dir='ltr'><strong>lib.</strong></span> <span class='ocrx_word' id='word_1_698' title='bbox 1679 5452 1753 5506; x_wconf 84' lang='lat' dir='ltr'><strong>De</strong></span> <span class='ocrx_word' id='word_1_699' title='bbox 1773 5450 1997 5522; x_wconf 68' lang='lat' dir='ltr'><strong>prwpar.</strong></span> 
     </span>
    </p>
   </div>
   <div class='ocr_carea' id='block_1_88' title="bbox 441 5521 2002 5593">
    <p class='ocr_par' dir='ltr' id='par_1_88' title="bbox 441 5521 2002 5593">
     <span class='ocr_line' id='line_1_88' title="bbox 441 5521 2002 5593; baseline 0.005 -22"><span class='ocrx_word' id='word_1_700' title='bbox 441 5521 668 5593; x_wconf 67' lang='lat' dir='ltr'><strong>cpaugel.</strong></span> <span class='ocrx_word' id='word_1_701' title='bbox 703 5536 966 5592; x_wconf 87' lang='lat' dir='ltr'><strong>purgasse</strong></span> <span class='ocrx_word' id='word_1_702' title='bbox 992 5535 1056 5576; x_wconf 93' lang='lat' dir='ltr'><strong>ac</strong></span> <span class='ocrx_word' id='word_1_703' title='bbox 1095 5521 1408 5591; x_wconf 42' lang='lat' dir='ltr'><strong>pnecidi‘sse</strong></span> <span class='ocrx_word' id='word_1_704' title='bbox 1433 5521 1708 5578; x_wconf 83' lang='lat' dir='ltr'><strong>nonnulla</strong></span> <span class='ocrx_word' id='word_1_705' title='bbox 1755 5521 2002 5593; x_wconf 82' lang='lat' dir='ltr'><strong>quaeCa-</strong></span> 
     </span>
    </p>
   </div>
   <div class='ocr_carea' id='block_1_89' title="bbox 442 5590 2001 5660">
    <p class='ocr_par' dir='ltr' id='par_1_89' title="bbox 442 5590 2001 5660">
     <span class='ocr_line' id='line_1_89' title="bbox 442 5590 2001 5660; baseline 0.005 -19"><span class='ocrx_word' id='word_1_706' title='bbox 442 5590 763 5644; x_wconf 87' lang='lat' dir='ltr'><strong>tholicorum</strong></span> <span class='ocrx_word' id='word_1_707' title='bbox 815 5590 977 5646; x_wconf 80' lang='lat' dir='ltr'><strong>aures</strong></span> <span class='ocrx_word' id='word_1_708' title='bbox 1020 5590 1241 5660; x_wconf 76' lang='lat' dir='ltr'><strong>poSsent</strong></span> <span class='ocrx_word' id='word_1_709' title='bbox 1277 5593 1574 5658; x_wconf 80' lang='lat' dir='ltr'><strong>offendere;</strong></span> <span class='ocrx_word' id='word_1_710' title='bbox 1627 5590 1819 5648; x_wconf 69' lang='lat' dir='ltr'><strong>caetera</strong></span> <span class='ocrx_word' id='word_1_711' title='bbox 1873 5611 2001 5649; x_wconf 86' lang='lat' dir='ltr'><strong>vero</strong></span> 
     </span>
    </p>
   </div>
   <div class='ocr_carea' id='block_1_90' title="bbox 443 5661 2003 5734">
    <p class='ocr_par' dir='ltr' id='par_1_90' title="bbox 443 5661 2003 5734">
     <span class='ocr_line' id='line_1_90' title="bbox 443 5661 2003 5734; baseline 0.005 -22"><span class='ocrx_word' id='word_1_712' title='bbox 443 5675 548 5714; x_wconf 90' lang='lat' dir='ltr'><strong>non</strong></span> <span class='ocrx_word' id='word_1_713' title='bbox 582 5661 849 5730; x_wconf 84' lang='lat' dir='ltr'><strong>attigisse,</strong></span> <span class='ocrx_word' id='word_1_714' title='bbox 882 5661 976 5714; x_wconf 88' lang='lat' dir='ltr'><strong>sed</strong></span> <span class='ocrx_word' id='word_1_715' title='bbox 1015 5664 1348 5734; x_wconf 84' lang='lat' dir='ltr'><strong>typographo</strong></span> <span class='ocrx_word' id='word_1_716' title='bbox 1375 5680 1499 5720; x_wconf 86' lang='lat' dir='ltr'><strong>esse</strong></span> <span class='ocrx_word' id='word_1_717' title='bbox 1530 5664 1833 5719; x_wconf 81' lang='lat' dir='ltr'><strong>tribuenda.</strong></span> <span class='ocrx_word' id='word_1_718' title='bbox 1868 5665 2003 5720; x_wconf 84' lang='lat' dir='ltr'><strong>Pon-</strong></span> 
     </span>
    </p>
   </div>
   <div class='ocr_carea' id='block_1_91' title="bbox 442 5734 2002 5807">
    <p class='ocr_par' dir='ltr' id='par_1_91' title="bbox 442 5734 2002 5807">
     <span class='ocr_line' id='line_1_91' title="bbox 442 5734 2002 5807; baseline 0.006 -25"><span class='ocrx_word' id='word_1_719' title='bbox 442 5739 595 5786; x_wconf 82' lang='lat' dir='ltr'><strong>tacus</strong></span> <span class='ocrx_word' id='word_1_720' title='bbox 624 5747 755 5786; x_wconf 91' lang='lat' dir='ltr'><strong>vero</strong></span> <span class='ocrx_word' id='word_1_721' title='bbox 787 5735 845 5787; x_wconf 88' lang='lat' dir='ltr'><strong>in</strong></span> <span class='ocrx_word' id='word_1_722' title='bbox 879 5736 1169 5800; x_wconf 75' lang='lat' dir='ltr'><strong>Apparatu,</strong></span> <span class='ocrx_word' id='word_1_723' title='bbox 1201 5745 1329 5802; x_wconf 89' lang='lat' dir='ltr'><strong>etc.,</strong></span> <span class='ocrx_word' id='word_1_724' title='bbox 1364 5749 1487 5807; x_wconf 89' lang='lat' dir='ltr'><strong>pag.</strong></span> <span class='ocrx_word' id='word_1_725' title='bbox 1542 5734 1634 5803; x_wconf 83' lang='grc'><strong>22,</strong></span> <span class='ocrx_word' id='word_1_726' title='bbox 1667 5751 1726 5792; x_wconf 87' lang='lat' dir='ltr'><strong>se</strong></span> <span class='ocrx_word' id='word_1_727' title='bbox 1775 5736 2002 5793; x_wconf 83' lang='lat' dir='ltr'><strong>aﬂirmat</strong></span> 
     </span>
    </p>
   </div>
   <div class='ocr_carea' id='block_1_92' title="bbox 2107 3230 3666 3301">
    <p class='ocr_par' dir='ltr' id='par_1_92' title="bbox 2107 3230 3666 3301">
     <span class='ocr_line' id='line_1_92' title="bbox 2107 3230 3666 3301; baseline -0.001 -16"><span class='ocrx_word' id='word_1_728' title='bbox 2107 3246 2160 3300; x_wconf 95' lang='lat' dir='ltr'><strong>p.</strong></span> <span class='ocrx_word' id='word_1_729' title='bbox 2194 3230 2259 3284; x_wconf 86' lang='lat'><strong>75</strong></span> <span class='ocrx_word' id='word_1_730' title='bbox 2285 3246 2423 3300; x_wconf 89' lang='lat' dir='ltr'><strong>seq.,</strong></span> <span class='ocrx_word' id='word_1_731' title='bbox 2447 3238 2499 3285; x_wconf 93' lang='lat' dir='ltr'><strong>et</strong></span> <span class='ocrx_word' id='word_1_732' title='bbox 2531 3246 2654 3301; x_wconf 84' lang='lat' dir='ltr'><strong>pag.</strong></span> <span class='ocrx_word' id='word_1_733' title='bbox 2684 3231 2752 3286; x_wconf 84' lang='lat'><strong>80</strong></span> <span class='ocrx_word' id='word_1_734' title='bbox 2791 3247 2905 3301; x_wconf 91' lang='lat' dir='ltr'><strong>seq.</strong></span> <span class='ocrx_word' id='word_1_735' title='bbox 2942 3230 3084 3285; x_wconf 92' lang='lat' dir='ltr'><strong>Idem</strong></span> <span class='ocrx_word' id='word_1_736' title='bbox 3118 3231 3273 3296; x_wconf 90' lang='lat' dir='ltr'><strong>ibid.,</strong></span> <span class='ocrx_word' id='word_1_737' title='bbox 3303 3247 3356 3301; x_wconf 97' lang='lat' dir='ltr'><strong>p.</strong></span> <span class='ocrx_word' id='word_1_738' title='bbox 3389 3230 3458 3285; x_wconf 87' lang='grc'>50</span> <span class='ocrx_word' id='word_1_739' title='bbox 3484 3245 3666 3285; x_wconf 89' lang='lat' dir='ltr'><strong>emen-</strong></span> 
     </span>
    </p>
   </div>
   <div class='ocr_carea' id='block_1_93' title="bbox 2106 3321 3662 3394">
    <p class='ocr_par' dir='ltr' id='par_1_93' title="bbox 2106 3321 3662 3394">
     <span class='ocr_line' id='line_1_93' title="bbox 2106 3321 3662 3394; baseline 0.001 -19"><span class='ocrx_word' id='word_1_740' title='bbox 2106 3322 2196 3376; x_wconf 84' lang='lat' dir='ltr'><strong>dat</strong></span> <span class='ocrx_word' id='word_1_741' title='bbox 2228 3323 2572 3394; x_wconf 84' lang='lat' dir='ltr'><strong>illustratqne</strong></span> <span class='ocrx_word' id='word_1_742' title='bbox 2599 3324 2775 3378; x_wconf 88' lang='lat' dir='ltr'><strong>locum</strong></span> <span class='ocrx_word' id='word_1_743' title='bbox 2815 3323 3053 3392; x_wconf 81' lang='lat' dir='ltr'><strong>Prwpar.</strong></span> <span class='ocrx_word' id='word_1_744' title='bbox 3083 3323 3313 3392; x_wconf 77' lang='lat' dir='ltr'><strong>evangel.</strong></span> <span class='ocrx_word' id='word_1_745' title='bbox 3347 3321 3440 3377; x_wconf 88' lang='lat' dir='ltr'><strong>lib.</strong></span> <span class='ocrx_word' id='word_1_746' title='bbox 3463 3339 3516 3387; x_wconf 79' lang='grc' dir='ltr'><strong>ν,</strong></span> <span class='ocrx_word' id='word_1_747' title='bbox 3542 3337 3662 3391; x_wconf 88' lang='lat' dir='ltr'><strong>cap.</strong></span> 
     </span>
    </p>
   </div>
   <div class='ocr_carea' id='block_1_94' title="bbox 2106 3415 3669 3472">
    <p class='ocr_par' dir='ltr' id='par_1_94' title="bbox 2106 3415 3669 3472">
     <span class='ocr_line' id='line_1_94' title="bbox 2106 3415 3669 3472; baseline 0.001 -4"><span class='ocrx_word' id='word_1_748' title='bbox 2106 3415 2176 3468; x_wconf 88' lang='grc'><strong>27</strong></span> <span class='ocrx_word' id='word_1_749' title='bbox 2208 3423 2260 3470; x_wconf 93' lang='lat' dir='ltr'><strong>et</strong></span> <span class='ocrx_word' id='word_1_750' title='bbox 2290 3416 2380 3469; x_wconf 87' lang='lat'><strong>28.</strong></span> <span class='ocrx_word' id='word_1_751' title='bbox 2408 3447 2478 3456; x_wconf 90' lang='lat'><strong>—</strong></span> <span class='ocrx_word' id='word_1_752' title='bbox 2515 3415 2734 3472; x_wconf 86' lang='lat' dir='ltr'><strong>Eusebii</strong></span> <span class='ocrx_word' id='word_1_753' title='bbox 2768 3417 3141 3472; x_wconf 88' lang='lat' dir='ltr'><strong>testimonium</strong></span> <span class='ocrx_word' id='word_1_754' title='bbox 3165 3416 3232 3472; x_wconf 92' lang='lat' dir='ltr'><strong>de</strong></span> <span class='ocrx_word' id='word_1_755' title='bbox 3257 3415 3566 3470; x_wconf 90' lang='lat' dir='ltr'><strong>discrimine</strong></span> <span class='ocrx_word' id='word_1_756' title='bbox 3597 3416 3669 3470; x_wconf 84' lang='lat' dir='ltr'><strong>Ie-</strong></span> 
     </span>
    </p>
   </div>
   <div class='ocr_carea' id='block_1_95' title="bbox 2109 3506 3668 3579">
    <p class='ocr_par' dir='ltr' id='par_1_95' title="bbox 2109 3506 3668 3579">
     <span class='ocr_line' id='line_1_95' title="bbox 2109 3506 3668 3579; baseline 0 -20"><span class='ocrx_word' id='word_1_757' title='bbox 2109 3508 2189 3577; x_wconf 87' lang='lat' dir='ltr'><strong>gis</strong></span> <span class='ocrx_word' id='word_1_758' title='bbox 2228 3516 2282 3562; x_wconf 90' lang='lat' dir='ltr'><strong>et</strong></span> <span class='ocrx_word' id='word_1_759' title='bbox 2311 3516 2702 3577; x_wconf 84' lang='lat' dir='ltr'><strong>praeceptorum</strong></span> <span class='ocrx_word' id='word_1_760' title='bbox 2737 3508 2790 3562; x_wconf 92' lang='lat' dir='ltr'><strong>in</strong></span> <span class='ocrx_word' id='word_1_761' title='bbox 2839 3510 2958 3564; x_wconf 92' lang='lat' dir='ltr'><strong>cod.</strong></span> <span class='ocrx_word' id='word_1_762' title='bbox 2994 3509 3222 3579; x_wconf 83' lang='lat' dir='ltr'><strong>August.</strong></span> <span class='ocrx_word' id='word_1_763' title='bbox 3270 3506 3506 3572; x_wconf 88' lang='lat' dir='ltr'><strong>Vindel.,</strong></span> <span class='ocrx_word' id='word_1_764' title='bbox 3532 3515 3668 3562; x_wconf 79' lang='lat' dir='ltr'><strong>teste.</strong></span> 
     </span>
    </p>
   </div>
   <div class='ocr_carea' id='block_1_96' title="bbox 2109 3597 3668 3671">
    <p class='ocr_par' dir='ltr' id='par_1_96' title="bbox 2109 3597 3668 3671">
     <span class='ocr_line' id='line_1_96' title="bbox 2109 3597 3668 3671; baseline 0.001 -21"><span class='ocrx_word' id='word_1_765' title='bbox 2109 3597 2334 3654; x_wconf 69' lang='lat' dir='ltr'><strong>Ilcisero</strong></span> <span class='ocrx_word' id='word_1_766' title='bbox 2357 3600 2410 3653; x_wconf 92' lang='lat' dir='ltr'><strong>in</strong></span> <span class='ocrx_word' id='word_1_767' title='bbox 2438 3600 2581 3665; x_wconf 89' lang='lat' dir='ltr'><strong>Cat.,</strong></span> <span class='ocrx_word' id='word_1_768' title='bbox 2602 3617 2654 3671; x_wconf 93' lang='lat' dir='ltr'><strong>p.</strong></span> <span class='ocrx_word' id='word_1_769' title='bbox 2683 3601 2770 3656; x_wconf 92' lang='lat'><strong>59.</strong></span> <span class='ocrx_word' id='word_1_770' title='bbox 2800 3632 2868 3640; x_wconf 91' lang='lat'>—</span> <span class='ocrx_word' id='word_1_771' title='bbox 2893 3600 3086 3654; x_wconf 76' lang='lat' dir='ltr'><strong>Oxonii</strong></span> <span class='ocrx_word' id='word_1_772' title='bbox 3113 3603 3166 3653; x_wconf 91' lang='lat' dir='ltr'><strong>in</strong></span> <span class='ocrx_word' id='word_1_773' title='bbox 3198 3599 3390 3669; x_wconf 86' lang='lat' dir='ltr'><strong>colleg.</strong></span> <span class='ocrx_word' id='word_1_774' title='bbox 3413 3597 3668 3669; x_wconf 89' lang='lat' dir='ltr'><strong>Corporis</strong></span> 
     </span>
    </p>
   </div>
   <div class='ocr_carea' id='block_1_97' title="bbox 2107 3690 3665 3762">
    <p class='ocr_par' dir='ltr' id='par_1_97' title="bbox 2107 3690 3665 3762">
     <span class='ocr_line' id='line_1_97' title="bbox 2107 3690 3665 3762; baseline -0.003 -17"><span class='ocrx_word' id='word_1_775' title='bbox 2107 3691 2330 3760; x_wconf 83' lang='lat' dir='ltr'><strong>Christi,</strong></span> <span class='ocrx_word' id='word_1_776' title='bbox 2359 3709 2408 3747; x_wconf 93' lang='lat' dir='ltr'><strong>c.</strong></span> <span class='ocrx_word' id='word_1_777' title='bbox 2451 3693 2752 3758; x_wconf 80' lang='lat' dir='ltr'><strong>MDCCXX,</strong></span> <span class='ocrx_word' id='word_1_778' title='bbox 2792 3693 3043 3762; x_wconf 81' lang='lat' dir='ltr'><strong>fragium.</strong></span> <span class='ocrx_word' id='word_1_779' title='bbox 3074 3690 3292 3746; x_wconf 89' lang='lat' dir='ltr'><strong>Eusebii</strong></span> <span class='ocrx_word' id='word_1_780' title='bbox 3320 3690 3397 3744; x_wconf 88' lang='lat' dir='ltr'><strong>De</strong></span> <span class='ocrx_word' id='word_1_781' title='bbox 3438 3706 3665 3760; x_wconf 74' lang='lat' dir='ltr'><strong>prwpar.</strong></span> 
     </span>
    </p>
   </div>
   <div class='ocr_carea' id='block_1_98' title="bbox 2107 3782 3662 3854">
    <p class='ocr_par' dir='ltr' id='par_1_98' title="bbox 2107 3782 3662 3854">
     <span class='ocr_line' id='line_1_98' title="bbox 2107 3782 3662 3854; baseline -0.002 -17"><span class='ocrx_word' id='word_1_782' title='bbox 2107 3802 2278 3848; x_wconf 85' lang='lat' dir='ltr'><strong>evan.,</strong></span> <span class='ocrx_word' id='word_1_783' title='bbox 2308 3784 2518 3840; x_wconf 88' lang='lat' dir='ltr'><strong>Latine.</strong></span> <span class='ocrx_word' id='word_1_784' title='bbox 2553 3817 2619 3826; x_wconf 91' lang='lat'><strong><em>—</em></strong></span> <span class='ocrx_word' id='word_1_785' title='bbox 2648 3785 2722 3841; x_wconf 86' lang='lat' dir='ltr'><strong>lh.</strong></span> <span class='ocrx_word' id='word_1_786' title='bbox 2759 3786 2813 3840; x_wconf 90' lang='lat' dir='ltr'><strong>in</strong></span> <span class='ocrx_word' id='word_1_787' title='bbox 2855 3785 2977 3840; x_wconf 79' lang='lat' dir='ltr'><strong>coll.</strong></span> <span class='ocrx_word' id='word_1_788' title='bbox 3032 3783 3231 3840; x_wconf 80' lang='lat' dir='ltr'><strong>Joann.</strong></span> <span class='ocrx_word' id='word_1_789' title='bbox 3264 3783 3514 3854; x_wconf 71' lang='lat' dir='ltr'><strong>Baptista:</strong></span> <span class='ocrx_word' id='word_1_790' title='bbox 3541 3782 3662 3837; x_wconf 88' lang='lat' dir='ltr'><strong>cod.</strong></span> 
     </span>
    </p>
   </div>
   <div class='ocr_carea' id='block_1_99' title="bbox 2110 3874 3668 3948">
    <p class='ocr_par' dir='ltr' id='par_1_99' title="bbox 2110 3874 3668 3948">
     <span class='ocr_line' id='line_1_99' title="bbox 2110 3874 3668 3948; baseline -0.001 -19"><span class='ocrx_word' id='word_1_791' title='bbox 2110 3876 2528 3932; x_wconf 83' lang='lat' dir='ltr'><strong>MDCCLXXXII</strong></span> <span class='ocrx_word' id='word_1_792' title='bbox 2575 3879 2647 3932; x_wconf 83' lang='lat' dir='ltr'><strong>De</strong></span> <span class='ocrx_word' id='word_1_793' title='bbox 2693 3894 2920 3947; x_wconf 76' lang='lat' dir='ltr'><strong>prwpar.</strong></span> <span class='ocrx_word' id='word_1_794' title='bbox 2955 3895 3160 3948; x_wconf 63' lang='lat' dir='ltr'><strong>etvaug.,</strong></span> <span class='ocrx_word' id='word_1_795' title='bbox 3193 3876 3397 3933; x_wconf 65' lang='lat' dir='ltr'><strong>Graece.</strong></span> <span class='ocrx_word' id='word_1_796' title='bbox 3427 3907 3496 3915; x_wconf 91' lang='lat'><strong>—-</strong></span> <span class='ocrx_word' id='word_1_797' title='bbox 3526 3874 3668 3929; x_wconf 90' lang='lat' dir='ltr'><strong>Inter</strong></span> 
     </span>
    </p>
   </div>
   <div class='ocr_carea' id='block_1_100' title="bbox 2109 3967 3676 4038">
    <p class='ocr_par' dir='ltr' id='par_1_100' title="bbox 2109 3967 3676 4038">
     <span class='ocr_line' id='line_1_100' title="bbox 2109 3967 3676 4038; baseline -0.001 -13"><span class='ocrx_word' id='word_1_798' title='bbox 2109 3971 2267 4026; x_wconf 85' lang='lat' dir='ltr'><strong>codd.</strong></span> <span class='ocrx_word' id='word_1_799' title='bbox 2317 3970 2570 4026; x_wconf 82' lang='lat' dir='ltr'><strong>Vossian.</strong></span> <span class='ocrx_word' id='word_1_800' title='bbox 2634 3988 2687 4026; x_wconf 82' lang='grc' dir='ltr'>η.</span> <span class='ocrx_word' id='word_1_801' title='bbox 2743 3970 3021 4025; x_wconf 77' lang='lat' dir='ltr'><strong>MMCCLII</strong></span> <span class='ocrx_word' id='word_1_802' title='bbox 3052 3973 3190 4038; x_wconf 88' lang='lat' dir='ltr'><strong>(Cat.</strong></span> <span class='ocrx_word' id='word_1_803' title='bbox 3223 3968 3383 4023; x_wconf 93' lang='lat' dir='ltr'><strong>codd.</strong></span> <span class='ocrx_word' id='word_1_804' title='bbox 3423 3967 3676 4038; x_wconf 63' lang='lat' dir='ltr'><strong>Anglia.</strong></span> 
     </span>
    </p>
   </div>
   <div class='ocr_carea' id='block_1_101' title="bbox 2109 4061 3667 4134">
    <p class='ocr_par' dir='ltr' id='par_1_101' title="bbox 2109 4061 3667 4134">
     <span class='ocr_line' id='line_1_101' title="bbox 2109 4061 3667 4134; baseline 0.001 -18"><span class='ocrx_word' id='word_1_805' title='bbox 2109 4071 2237 4118; x_wconf 93' lang='lat' dir='ltr'><strong>tom.</strong></span> <span class='ocrx_word' id='word_1_806' title='bbox 2276 4062 2341 4127; x_wconf 93' lang='lat' dir='ltr'><strong>Il,</strong></span> <span class='ocrx_word' id='word_1_807' title='bbox 2375 4079 2426 4134; x_wconf 91' lang='lat' dir='ltr'><strong>p.</strong></span> <span class='ocrx_word' id='word_1_808' title='bbox 2465 4064 2554 4128; x_wconf 87' lang='lat'><strong>61,</strong></span> <span class='ocrx_word' id='word_1_809' title='bbox 2585 4073 2638 4118; x_wconf 91' lang='lat' dir='ltr'><strong>et</strong></span> <span class='ocrx_word' id='word_1_810' title='bbox 2667 4072 2774 4119; x_wconf 91' lang='lat' dir='ltr'><strong>cat.</strong></span> <span class='ocrx_word' id='word_1_811' title='bbox 2808 4063 2936 4117; x_wconf 91' lang='lat' dir='ltr'><strong>bibl.</strong></span> <span class='ocrx_word' id='word_1_812' title='bbox 2972 4061 3157 4126; x_wconf 89' lang='lat' dir='ltr'><strong>Leid.,</strong></span> <span class='ocrx_word' id='word_1_813' title='bbox 3202 4077 3255 4130; x_wconf 89' lang='lat' dir='ltr'><strong>p.</strong></span> <span class='ocrx_word' id='word_1_814' title='bbox 3293 4061 3426 4125; x_wconf 90' lang='lat'><strong>598,</strong></span> <span class='ocrx_word' id='word_1_815' title='bbox 3474 4079 3529 4114; x_wconf 91' lang='lat' dir='ltr'><strong>n.</strong></span> <span class='ocrx_word' id='word_1_816' title='bbox 3578 4061 3667 4130; x_wconf 80' lang='grc'>55)</span> 
     </span>
    </p>
   </div>
   <div class='ocr_carea' id='block_1_102' title="bbox 2107 4152 3665 4227">
    <p class='ocr_par' dir='ltr' id='par_1_102' title="bbox 2107 4152 3665 4227">
     <span class='ocr_line' id='line_1_102' title="bbox 2107 4152 3665 4227; baseline -0.004 -16"><span class='ocrx_word' id='word_1_817' title='bbox 2107 4166 2358 4227; x_wconf 76' lang='lat' dir='ltr'><strong>excerpta</strong></span> <span class='ocrx_word' id='word_1_818' title='bbox 2396 4175 2458 4212; x_wconf 81' lang='lat' dir='ltr'><strong>ex</strong></span> <span class='ocrx_word' id='word_1_819' title='bbox 2512 4157 2728 4212; x_wconf 88' lang='lat' dir='ltr'><strong>Eusebii</strong></span> <span class='ocrx_word' id='word_1_820' title='bbox 2759 4156 3055 4223; x_wconf 80' lang='lat' dir='ltr'><strong>Prwparat.</strong></span> <span class='ocrx_word' id='word_1_821' title='bbox 3093 4170 3272 4223; x_wconf 72' lang='lat' dir='ltr'><strong>evang.</strong></span> <span class='ocrx_word' id='word_1_822' title='bbox 3303 4183 3370 4191; x_wconf 83' lang='lat'><strong><em>—</em></strong></span> <span class='ocrx_word' id='word_1_823' title='bbox 3399 4152 3582 4206; x_wconf 70' lang='lat' dir='ltr'><strong>Romae</strong></span> <span class='ocrx_word' id='word_1_824' title='bbox 3612 4153 3665 4205; x_wconf 86' lang='lat' dir='ltr'><strong>in</strong></span> 
     </span>
    </p>
   </div>
   <div class='ocr_carea' id='block_1_103' title="bbox 2107 4245 3664 4318">
    <p class='ocr_par' dir='ltr' id='par_1_103' title="bbox 2107 4245 3664 4318">
     <span class='ocr_line' id='line_1_103' title="bbox 2107 4245 3664 4318; baseline -0.004 -17"><span class='ocrx_word' id='word_1_825' title='bbox 2107 4247 2237 4302; x_wconf 89' lang='lat' dir='ltr'><strong>bibl.</strong></span> <span class='ocrx_word' id='word_1_826' title='bbox 2269 4246 2523 4302; x_wconf 91' lang='lat' dir='ltr'><strong>Ottobon.</strong></span> <span class='ocrx_word' id='word_1_827' title='bbox 2563 4248 2646 4303; x_wconf 89' lang='lat' dir='ltr'><strong>bis</strong></span> <span class='ocrx_word' id='word_1_828' title='bbox 2675 4247 2750 4300; x_wconf 87' lang='lat' dir='ltr'><strong>De</strong></span> <span class='ocrx_word' id='word_1_829' title='bbox 2799 4262 2960 4316; x_wconf 81' lang='lat' dir='ltr'><strong>prwp.</strong></span> <span class='ocrx_word' id='word_1_830' title='bbox 2992 4247 3218 4318; x_wconf 87' lang='lat' dir='ltr'><strong>evangel.</strong></span> <span class='ocrx_word' id='word_1_831' title='bbox 3251 4245 3664 4316; x_wconf 84' lang='lat' dir='ltr'><strong>(Montfaucon.,</strong></span> 
     </span>
    </p>
   </div>
   <div class='ocr_carea' id='block_1_104' title="bbox 2108 4335 3666 4407">
    <p class='ocr_par' dir='ltr' id='par_1_104' title="bbox 2108 4335 3666 4407">
     <span class='ocr_line' id='line_1_104' title="bbox 2108 4335 3666 4407; baseline -0.003 -16"><span class='ocrx_word' id='word_1_832' title='bbox 2108 4337 2247 4393; x_wconf 87' lang='lat' dir='ltr'><strong>Bibl.</strong></span> <span class='ocrx_word' id='word_1_833' title='bbox 2285 4337 2640 4392; x_wconf 82' lang='lat' dir='ltr'><strong>bibliotltecar.</strong></span> <span class='ocrx_word' id='word_1_834' title='bbox 2676 4353 2808 4393; x_wconf 91' lang='lat' dir='ltr'><strong>mss.</strong></span> <span class='ocrx_word' id='word_1_835' title='bbox 2851 4339 2891 4400; x_wconf 93' lang='grc' dir='ltr'><strong>Ι,</strong></span> <span class='ocrx_word' id='word_1_836' title='bbox 2930 4353 2981 4407; x_wconf 85' lang='lat' dir='ltr'><strong>p.</strong></span> <span class='ocrx_word' id='word_1_837' title='bbox 3014 4338 3115 4392; x_wconf 78' lang='grc'><strong>184</strong></span> <span class='ocrx_word' id='word_1_838' title='bbox 3139 4337 3229 4404; x_wconf 83' lang='grc' dir='ltr'><strong>Α.)</strong></span> <span class='ocrx_word' id='word_1_839' title='bbox 3259 4366 3327 4374; x_wconf 93' lang='grc'><strong>--</strong></span> <span class='ocrx_word' id='word_1_840' title='bbox 3359 4335 3580 4406; x_wconf 80' lang='lat' dir='ltr'><strong>Neapoli</strong></span> <span class='ocrx_word' id='word_1_841' title='bbox 3605 4335 3666 4392; x_wconf 87' lang='lat' dir='ltr'><strong>in</strong></span> 
     </span>
    </p>
   </div>
   <div class='ocr_carea' id='block_1_105' title="bbox 2035 4425 3664 4522">
    <p class='ocr_par' dir='ltr' id='par_1_105' title="bbox 2035 4425 3664 4522">
     <span class='ocr_line' id='line_1_105' title="bbox 2035 4425 3664 4522; baseline -0.001 -38"><span class='ocrx_word' id='word_1_842' title='bbox 2035 4429 2481 4522; x_wconf 75' lang='lat' dir='ltr'><strong>Dbibl.Domiui</strong></span> <span class='ocrx_word' id='word_1_843' title='bbox 2532 4429 2757 4484; x_wconf 65' lang='lat' dir='ltr'><strong>Valetta:</strong></span> <span class='ocrx_word' id='word_1_844' title='bbox 2809 4429 2904 4499; x_wconf 88' lang='lat' dir='ltr'><strong>(id.</strong></span> <span class='ocrx_word' id='word_1_845' title='bbox 2954 4431 3049 4494; x_wconf 91' lang='lat' dir='ltr'><strong>ib.,</strong></span> <span class='ocrx_word' id='word_1_846' title='bbox 3085 4427 3390 4498; x_wconf 84' lang='lat' dir='ltr'><strong>p.251A.)</strong></span> <span class='ocrx_word' id='word_1_847' title='bbox 3429 4457 3497 4468; x_wconf 85' lang='grc'><strong><em>-</em></strong></span> <span class='ocrx_word' id='word_1_848' title='bbox 3530 4425 3664 4522; x_wconf 47' lang='lat' dir='ltr'><strong>una.</strong></span> 
     </span>
    </p>
   </div>
   <div class='ocr_carea' id='block_1_106' title="bbox 2109 4518 3666 4591">
    <p class='ocr_par' dir='ltr' id='par_1_106' title="bbox 2109 4518 3666 4591">
     <span class='ocr_line' id='line_1_106' title="bbox 2109 4518 3666 4591; baseline 0.001 -18"><span class='ocrx_word' id='word_1_849' title='bbox 2109 4521 2162 4575; x_wconf 93' lang='lat' dir='ltr'><strong>in</strong></span> <span class='ocrx_word' id='word_1_850' title='bbox 2195 4521 2325 4577; x_wconf 87' lang='lat' dir='ltr'><strong>bibl.</strong></span> <span class='ocrx_word' id='word_1_851' title='bbox 2382 4529 2614 4576; x_wconf 90' lang='lat' dir='ltr'><strong>monast.</strong></span> <span class='ocrx_word' id='word_1_852' title='bbox 2653 4519 2710 4575; x_wconf 83' lang='lat' dir='ltr'><strong>S.</strong></span> <span class='ocrx_word' id='word_1_853' title='bbox 2751 4519 3017 4582; x_wconf 87' lang='lat' dir='ltr'><strong>Severini,</strong></span> <span class='ocrx_word' id='word_1_854' title='bbox 3049 4521 3149 4574; x_wconf 93' lang='lat' dir='ltr'><strong>bis.</strong></span> <span class='ocrx_word' id='word_1_855' title='bbox 3188 4519 3284 4591; x_wconf 91' lang='lat' dir='ltr'><strong>(id.</strong></span> <span class='ocrx_word' id='word_1_856' title='bbox 3335 4519 3434 4584; x_wconf 88' lang='lat' dir='ltr'><strong>ib.,</strong></span> <span class='ocrx_word' id='word_1_857' title='bbox 3461 4535 3516 4589; x_wconf 93' lang='lat' dir='ltr'><strong>p.</strong></span> <span class='ocrx_word' id='word_1_858' title='bbox 3540 4518 3666 4574; x_wconf 82' lang='grc'>255.</span> 
     </span>
    </p>
   </div>
   <div class='ocr_carea' id='block_1_107' title="bbox 2106 4611 3663 4673">
    <p class='ocr_par' dir='ltr' id='par_1_107' title="bbox 2106 4611 3663 4673">
     <span class='ocr_line' id='line_1_107' title="bbox 2106 4611 3663 4673; baseline 0.001 -6"><span class='ocrx_word' id='word_1_859' title='bbox 2106 4615 2169 4669; x_wconf 91' lang='grc' dir='ltr'>Α.</span> <span class='ocrx_word' id='word_1_860' title='bbox 2206 4613 2269 4669; x_wconf 84' lang='grc' dir='ltr'><strong>Ι).</strong></span> <span class='ocrx_word' id='word_1_861' title='bbox 2304 4645 2372 4653; x_wconf 94' lang='grc'><strong><em>-</em></strong></span> <span class='ocrx_word' id='word_1_862' title='bbox 2405 4612 2685 4669; x_wconf 70' lang='lat' dir='ltr'><strong>Florentia:</strong></span> <span class='ocrx_word' id='word_1_863' title='bbox 2716 4614 2769 4668; x_wconf 92' lang='lat' dir='ltr'><strong>in</strong></span> <span class='ocrx_word' id='word_1_864' title='bbox 2803 4615 2935 4670; x_wconf 91' lang='lat' dir='ltr'><strong>bibl.</strong></span> <span class='ocrx_word' id='word_1_865' title='bbox 2971 4613 3308 4668; x_wconf 84' lang='lat' dir='ltr'><strong>Dominican.</strong></span> <span class='ocrx_word' id='word_1_866' title='bbox 3340 4615 3519 4670; x_wconf 88' lang='lat' dir='ltr'><strong>versio</strong></span> <span class='ocrx_word' id='word_1_867' title='bbox 3543 4611 3663 4673; x_wconf 90' lang='lat' dir='ltr'><strong>Lat.</strong></span> 
     </span>
    </p>
   </div>
   <div class='ocr_carea' id='block_1_108' title="bbox 2105 4703 3668 4777">
    <p class='ocr_par' dir='ltr' id='par_1_108' title="bbox 2105 4703 3668 4777">
     <span class='ocr_line' id='line_1_108' title="bbox 2105 4703 3668 4777; baseline -0.001 -17"><span class='ocrx_word' id='word_1_868' title='bbox 2105 4704 2170 4760; x_wconf 88' lang='lat' dir='ltr'><strong>G.</strong></span> <span class='ocrx_word' id='word_1_869' title='bbox 2199 4705 2566 4776; x_wconf 87' lang='lat' dir='ltr'><strong>Trapezuntii.</strong></span> <span class='ocrx_word' id='word_1_870' title='bbox 2599 4707 2695 4776; x_wconf 86' lang='lat' dir='ltr'><strong>(id.</strong></span> <span class='ocrx_word' id='word_1_871' title='bbox 2752 4705 2868 4770; x_wconf 92' lang='lat' dir='ltr'><strong>ib.,</strong></span> <span class='ocrx_word' id='word_1_872' title='bbox 2930 4721 2984 4776; x_wconf 88' lang='lat' dir='ltr'><strong>p.</strong></span> <span class='ocrx_word' id='word_1_873' title='bbox 3025 4704 3123 4764; x_wconf 84' lang='grc'><strong>421</strong></span> <span class='ocrx_word' id='word_1_874' title='bbox 3169 4703 3256 4777; x_wconf 88' lang='lat' dir='ltr'><strong>C.)</strong></span> <span class='ocrx_word' id='word_1_875' title='bbox 3300 4735 3371 4747; x_wconf 91' lang='lat'><strong>--</strong></span> <span class='ocrx_word' id='word_1_876' title='bbox 3413 4704 3668 4758; x_wconf 66' lang='lat' dir='ltr'><strong>Bononiae</strong></span> 
     </span>
    </p>
   </div>
   <div class='ocr_carea' id='block_1_109' title="bbox 2108 4796 3664 4870">
    <p class='ocr_par' dir='ltr' id='par_1_109' title="bbox 2108 4796 3664 4870">
     <span class='ocr_line' id='line_1_109' title="bbox 2108 4796 3664 4870; baseline 0 -18"><span class='ocrx_word' id='word_1_877' title='bbox 2108 4801 2160 4853; x_wconf 90' lang='lat' dir='ltr'><strong>in</strong></span> <span class='ocrx_word' id='word_1_878' title='bbox 2192 4799 2326 4854; x_wconf 91' lang='lat' dir='ltr'><strong>bibl.</strong></span> <span class='ocrx_word' id='word_1_879' title='bbox 2358 4799 2566 4855; x_wconf 86' lang='lat' dir='ltr'><strong>Canon.</strong></span> <span class='ocrx_word' id='word_1_880' title='bbox 2598 4798 2852 4870; x_wconf 70' lang='lat' dir='ltr'><strong>Itegular.</strong></span> <span class='ocrx_word' id='word_1_881' title='bbox 2885 4798 2982 4869; x_wconf 90' lang='lat' dir='ltr'><strong>(id.</strong></span> <span class='ocrx_word' id='word_1_882' title='bbox 3035 4798 3132 4861; x_wconf 90' lang='lat' dir='ltr'><strong>ib.,</strong></span> <span class='ocrx_word' id='word_1_883' title='bbox 3165 4814 3221 4868; x_wconf 93' lang='lat' dir='ltr'><strong>p.</strong></span> <span class='ocrx_word' id='word_1_884' title='bbox 3243 4797 3348 4852; x_wconf 85' lang='grc'><strong>452</strong></span> <span class='ocrx_word' id='word_1_885' title='bbox 3369 4797 3538 4868; x_wconf 74' lang='lat' dir='ltr'><strong>A.)-—</strong></span> <span class='ocrx_word' id='word_1_886' title='bbox 3567 4796 3664 4858; x_wconf 69' lang='lat' dir='ltr'><strong>Ce«</strong></span> 
     </span>
    </p>
   </div>
   <div class='ocr_carea' id='block_1_110' title="bbox 2106 4888 3659 4962">
    <p class='ocr_par' dir='ltr' id='par_1_110' title="bbox 2106 4888 3659 4962">
     <span class='ocr_line' id='line_1_110' title="bbox 2106 4888 3659 4962; baseline -0.003 -16"><span class='ocrx_word' id='word_1_887' title='bbox 2106 4907 2250 4947; x_wconf 69' lang='lat' dir='ltr'><strong>senae</strong></span> <span class='ocrx_word' id='word_1_888' title='bbox 2278 4893 2333 4946; x_wconf 92' lang='lat' dir='ltr'><strong>in</strong></span> <span class='ocrx_word' id='word_1_889' title='bbox 2359 4891 2489 4948; x_wconf 90' lang='lat' dir='ltr'><strong>bibl.</strong></span> <span class='ocrx_word' id='word_1_890' title='bbox 2525 4892 2773 4947; x_wconf 87' lang='lat' dir='ltr'><strong>Fratrum</strong></span> <span class='ocrx_word' id='word_1_891' title='bbox 2803 4891 2932 4950; x_wconf 83' lang='lat' dir='ltr'><strong>Min.</strong></span> <span class='ocrx_word' id='word_1_892' title='bbox 2964 4891 3058 4962; x_wconf 91' lang='lat' dir='ltr'><strong>(id.</strong></span> <span class='ocrx_word' id='word_1_893' title='bbox 3121 4892 3219 4956; x_wconf 89' lang='lat' dir='ltr'><strong>ib.,</strong></span> <span class='ocrx_word' id='word_1_894' title='bbox 3246 4906 3300 4962; x_wconf 89' lang='lat' dir='ltr'><strong>p.</strong></span> <span class='ocrx_word' id='word_1_895' title='bbox 3330 4890 3434 4944; x_wconf 84' lang='grc'><strong>455</strong></span> <span class='ocrx_word' id='word_1_896' title='bbox 3464 4888 3552 4960; x_wconf 92' lang='lat' dir='ltr'><strong>C.)</strong></span> <span class='ocrx_word' id='word_1_897' title='bbox 3600 4920 3659 4931; x_wconf 90' lang='lat'>—</span> 
     </span>
    </p>
   </div>
   <div class='ocr_carea' id='block_1_111' title="bbox 2106 5027 3665 5114">
    <p class='ocr_par' dir='ltr' id='par_1_111' title="bbox 2106 5027 3665 5114">
     <span class='ocr_line' id='line_1_111' title="bbox 2106 5027 3665 5114; baseline 0.003 -33"><span class='ocrx_word' id='word_1_898' title='bbox 2106 5030 2426 5114; x_wconf 57' lang='lat' dir='ltr'><strong>cognovisse</strong></span> <span class='ocrx_word' id='word_1_899' title='bbox 2482 5032 2831 5114; x_wconf 71' lang='lat' dir='ltr'><strong>mutationes,</strong></span> <span class='ocrx_word' id='word_1_900' title='bbox 2873 5030 3376 5114; x_wconf 41' lang='lat' dir='ltr'><strong>quae-reperiuntur</strong></span> <span class='ocrx_word' id='word_1_901' title='bbox 3424 5027 3481 5112; x_wconf 80' lang='lat' dir='ltr'><strong>in</strong></span> <span class='ocrx_word' id='word_1_902' title='bbox 3535 5029 3665 5114; x_wconf 75' lang='lat' dir='ltr'><strong>edit.</strong></span> 
     </span>
    </p>
   </div>
   <div class='ocr_carea' id='block_1_112' title="bbox 2108 5098 3668 5252">
    <p class='ocr_par' dir='ltr' id='par_1_112' title="bbox 2108 5098 3668 5252">
     <span class='ocr_line' id='line_1_112' title="bbox 2109 5098 3666 5166; baseline 0.004 -13"><span class='ocrx_word' id='word_1_903' title='bbox 2109 5098 2404 5166; x_wconf 83' lang='lat' dir='ltr'><strong>Sonniana,</strong></span> <span class='ocrx_word' id='word_1_904' title='bbox 2439 5116 2512 5160; x_wconf 76' lang='lat' dir='ltr'><strong>ex</strong></span> <span class='ocrx_word' id='word_1_905' title='bbox 2543 5103 2665 5157; x_wconf 91' lang='lat' dir='ltr'><strong>cod.</strong></span> <span class='ocrx_word' id='word_1_906' title='bbox 2705 5098 3020 5156; x_wconf 72' lang='lat' dir='ltr'><strong>monasterii</strong></span> <span class='ocrx_word' id='word_1_907' title='bbox 3065 5098 3122 5155; x_wconf 83' lang='lat' dir='ltr'><strong>S.</strong></span> <span class='ocrx_word' id='word_1_908' title='bbox 3162 5098 3419 5164; x_wconf 86' lang='lat' dir='ltr'><strong>Victoris,</strong></span> <span class='ocrx_word' id='word_1_909' title='bbox 3450 5099 3506 5154; x_wconf 89' lang='lat' dir='ltr'><strong>in</strong></span> <span class='ocrx_word' id='word_1_910' title='bbox 3537 5100 3666 5159; x_wconf 82' lang='lat' dir='ltr'><strong>sub-</strong></span> 
     </span>
     <span class='ocr_line' id='line_1_113' title="bbox 2108 5169 3668 5252; baseline -0.001 -29"><span class='ocrx_word' id='word_1_911' title='bbox 2108 5171 2276 5226; x_wconf 90' lang='lat' dir='ltr'><strong>urbiis</strong></span> <span class='ocrx_word' id='word_1_912' title='bbox 2309 5171 2503 5252; x_wconf 79' lang='lat' dir='ltr'><strong>P_ari_s.__</strong></span> <span class='ocrx_word' id='word_1_913' title='bbox 2531 5180 2608 5252; x_wconf 75' lang='lat' dir='ltr'><strong>ut~</strong></span> <span class='ocrx_word' id='word_1_914' title='bbox 2636 5171 2930 5252; x_wconf 68' lang='lat' dir='ltr'><strong>plurimum</strong></span> <span class='ocrx_word' id='word_1_915' title='bbox 2954 5171 3296 5252; x_wconf 48' lang='lat' dir='ltr'><strong>‘desu&#39;mptas</strong></span> <span class='ocrx_word' id='word_1_916' title='bbox 3336 5185 3517 5252; x_wconf 30' lang='lat' dir='ltr'><strong>esse,</strong></span> <span class='ocrx_word' id='word_1_917' title='bbox 3541 5169 3668 5252; x_wconf 73' lang='lat' dir='ltr'><strong>licet</strong></span> 
     </span>
    </p>
   </div>
   <div class='ocr_carea' id='block_1_113' title="bbox 2104 5239 3668 5310">
    <p class='ocr_par' dir='ltr' id='par_1_113' title="bbox 2104 5239 3668 5310">
     <span class='ocr_line' id='line_1_114' title="bbox 2104 5239 3668 5310; baseline -0.001 -15"><span class='ocrx_word' id='word_1_918' title='bbox 2104 5258 2212 5295; x_wconf 89' lang='lat' dir='ltr'><strong>non</strong></span> <span class='ocrx_word' id='word_1_919' title='bbox 2249 5244 2382 5298; x_wconf 88' lang='lat' dir='ltr'><strong>satis</strong></span> <span class='ocrx_word' id='word_1_920' title='bbox 2417 5239 2650 5297; x_wconf 79' lang='lat' dir='ltr'><strong>feliciter</strong></span> <span class='ocrx_word' id='word_1_921' title='bbox 2666 5241 2880 5309; x_wconf 91' lang='lat' dir='ltr'><strong>ubique.</strong></span> <span class='ocrx_word' id='word_1_922' title='bbox 2913 5240 3057 5297; x_wconf 91' lang='lat' dir='ltr'><strong>Idem</strong></span> <span class='ocrx_word' id='word_1_923' title='bbox 3096 5239 3347 5310; x_wconf 89' lang='lat' dir='ltr'><strong>Pontac.,</strong></span> <span class='ocrx_word' id='word_1_924' title='bbox 3379 5255 3433 5310; x_wconf 91' lang='lat' dir='ltr'><strong>p.</strong></span> <span class='ocrx_word' id='word_1_925' title='bbox 3457 5239 3548 5306; x_wconf 89' lang='grc'><strong>21,</strong></span> <span class='ocrx_word' id='word_1_926' title='bbox 3571 5241 3668 5294; x_wconf 94' lang='lat' dir='ltr'><strong>ob-</strong></span> 
     </span>
    </p>
   </div>
   <div class='ocr_carea' id='block_1_114' title="bbox 2105 5309 3669 5394">
    <p class='ocr_par' dir='ltr' id='par_1_114' title="bbox 2105 5309 3669 5394">
     <span class='ocr_line' id='line_1_115' title="bbox 2105 5309 3669 5394; baseline -0.001 -26"><span class='ocrx_word' id='word_1_927' title='bbox 2105 5323 2284 5394; x_wconf 78' lang='lat' dir='ltr'><strong>servat</strong></span> <span class='ocrx_word' id='word_1_928' title='bbox 2308 5312 2591 5394; x_wconf 27' lang='lat' dir='ltr'><strong>edlpnasil:</strong></span> <span class='ocrx_word' id='word_1_929' title='bbox 2648 5311 2784 5366; x_wconf 80' lang='grc'>1549</span> <span class='ocrx_word' id='word_1_930' title='bbox 2816 5312 2872 5366; x_wconf 91' lang='lat' dir='ltr'><strong>in</strong></span> <span class='ocrx_word' id='word_1_931' title='bbox 2919 5311 3171 5366; x_wconf 91' lang='lat' dir='ltr'><strong>omnibus</strong></span> <span class='ocrx_word' id='word_1_932' title='bbox 3202 5309 3314 5366; x_wconf 85' lang='lat' dir='ltr'><strong>fere</strong></span> <span class='ocrx_word' id='word_1_933' title='bbox 3339 5309 3669 5382; x_wconf 87' lang='lat' dir='ltr'><strong>respondere</strong></span> 
     </span>
    </p>
   </div>
   <div class='ocr_carea' id='block_1_115' title="bbox 2104 5381 3666 5525">
    <p class='ocr_par' dir='ltr' id='par_1_115' title="bbox 2104 5381 3666 5525">
     <span class='ocr_line' id='line_1_116' title="bbox 2104 5381 3441 5438; baseline -0.003 0"><span class='ocrx_word' id='word_1_934' title='bbox 2104 5382 2233 5438; x_wconf 88' lang='lat' dir='ltr'><strong>edit.</strong></span> <span class='ocrx_word' id='word_1_935' title='bbox 2266 5399 2315 5436; x_wconf 92' lang='lat' dir='ltr'><strong>a.</strong></span> <span class='ocrx_word' id='word_1_936' title='bbox 2350 5382 2506 5437; x_wconf 87' lang='grc'>1529.</span> <span class='ocrx_word' id='word_1_937' title='bbox 2550 5381 2720 5436; x_wconf 65' lang='grc' dir='ltr'><strong>Ηλιη..</strong></span> <span class='ocrx_word' id='word_1_938' title='bbox 3438 5381 3441 5382; x_wconf 58' lang='grc'><strong><em>⁷</em></strong></span> 
     </span>
     <span class='ocr_line' id='line_1_117' title="bbox 2177 5451 3666 5525; baseline 0.003 -20"><span class='ocrx_word' id='word_1_939' title='bbox 2177 5453 2250 5525; x_wconf 89' lang='lat' dir='ltr'><strong>(b)</strong></span> <span class='ocrx_word' id='word_1_940' title='bbox 2288 5452 2346 5507; x_wconf 91' lang='lat' dir='ltr'><strong>In</strong></span> <span class='ocrx_word' id='word_1_941' title='bbox 2379 5453 2506 5525; x_wconf 84' lang='lat' dir='ltr'><strong>bibl.</strong></span> <span class='ocrx_word' id='word_1_942' title='bbox 2544 5453 2914 5525; x_wconf 85' lang='lat' dir='ltr'><strong>Leidensiest</strong></span> <span class='ocrx_word' id='word_1_943' title='bbox 2946 5453 3220 5525; x_wconf 61' lang='lat' dir='ltr'><strong>egemplar</strong></span> <span class='ocrx_word' id='word_1_944' title='bbox 3251 5451 3318 5506; x_wconf 86' lang='lat' dir='ltr'><strong>ad</strong></span> <span class='ocrx_word' id='word_1_945' title='bbox 3353 5451 3511 5522; x_wconf 84' lang='lat' dir='ltr'><strong>cujus</strong></span> <span class='ocrx_word' id='word_1_946' title='bbox 3532 5465 3666 5509; x_wconf 82' lang='lat' dir='ltr'><strong>mar-</strong></span> 
     </span>
    </p>
   </div>
   <div class='ocr_carea' id='block_1_116' title="bbox 2105 5521 3251 5593">
    <p class='ocr_par' dir='ltr' id='par_1_116' title="bbox 2105 5521 3251 5593">
     <span class='ocr_line' id='line_1_118' title="bbox 2105 5521 3251 5593; baseline 0 -16"><span class='ocrx_word' id='word_1_947' title='bbox 2105 5521 2282 5593; x_wconf 83' lang='lat' dir='ltr'><strong>ginem</strong></span> <span class='ocrx_word' id='word_1_948' title='bbox 2315 5523 2562 5592; x_wconf 68' lang='lat' dir='ltr'><strong>quaedam</strong></span> <span class='ocrx_word' id='word_1_949' title='bbox 2597 5524 2846 5593; x_wconf 83' lang='lat' dir='ltr'><strong>ascripsit</strong></span> <span class='ocrx_word' id='word_1_950' title='bbox 2879 5526 2946 5579; x_wconf 93' lang='lat' dir='ltr'><strong>Is.</strong></span> <span class='ocrx_word' id='word_1_951' title='bbox 2981 5521 3140 5578; x_wconf 82' lang='lat' dir='ltr'><strong>Voss.</strong></span> <span class='ocrx_word' id='word_1_952' title='bbox 3179 5525 3251 5577; x_wconf 86' lang='lat' dir='ltr'><strong>Io.</strong></span> 
     </span>
    </p>
   </div>
   <div class='ocr_carea' id='block_1_117' title="bbox 2163 5589 3662 5715">
    <p class='ocr_par' dir='ltr' id='par_1_117' title="bbox 2163 5589 3662 5715">
     <span class='ocr_line' id='line_1_119' title="bbox 2176 5589 3662 5664; baseline -0.003 -19"><span class='ocrx_word' id='word_1_953' title='bbox 2176 5594 2246 5664; x_wconf 89' lang='lat' dir='ltr'><strong>(c)</strong></span> <span class='ocrx_word' id='word_1_954' title='bbox 2286 5589 2361 5648; x_wconf 83' lang='lat' dir='ltr'><strong>De</strong></span> <span class='ocrx_word' id='word_1_955' title='bbox 2397 5593 2575 5647; x_wconf 84' lang='lat' dir='ltr'><strong>Vossii</strong></span> <span class='ocrx_word' id='word_1_956' title='bbox 2615 5602 2669 5649; x_wconf 85' lang='lat' dir='ltr'><strong>et</strong></span> <span class='ocrx_word' id='word_1_957' title='bbox 2714 5589 2862 5647; x_wconf 80' lang='lat' dir='ltr'><strong>Caici</strong></span> <span class='ocrx_word' id='word_1_958' title='bbox 2896 5593 3053 5648; x_wconf 90' lang='lat' dir='ltr'><strong>codd.</strong></span> <span class='ocrx_word' id='word_1_959' title='bbox 3089 5609 3144 5649; x_wconf 88' lang='lat' dir='ltr'><strong>v.</strong></span> <span class='ocrx_word' id='word_1_960' title='bbox 3179 5593 3302 5649; x_wconf 86' lang='lat' dir='ltr'><strong>Cat.</strong></span> <span class='ocrx_word' id='word_1_961' title='bbox 3351 5591 3509 5648; x_wconf 89' lang='lat' dir='ltr'><strong>codd.</strong></span> <span class='ocrx_word' id='word_1_962' title='bbox 3559 5589 3662 5642; x_wconf 59' lang='lat' dir='ltr'><strong>Anc</strong></span> 
     </span>
     <span class='ocr_line' id='line_1_120' title="bbox 2163 5660 3646 5715; baseline 0 0"><span class='ocrx_word' id='word_1_963' title='bbox 2163 5664 2225 5715; x_wconf 70' lang='lat' dir='ltr'><strong>ia:</strong></span> <span class='ocrx_word' id='word_1_964' title='bbox 2256 5663 2316 5715; x_wconf 93' lang='lat' dir='ltr'><strong>Il.</strong></span> <span class='ocrx_word' id='word_1_965' title='bbox 2351 5679 2470 5715; x_wconf 66' lang='lat' dir='ltr'><strong>nan.</strong></span> <span class='ocrx_word' id='word_1_966' title='bbox 2509 5663 2598 5715; x_wconf 84' lang='lat'><strong>62.</strong></span> <span class='ocrx_word' id='word_1_967' title='bbox 2630 5681 2686 5715; x_wconf 82' lang='grc' dir='ltr'>η.</span> <span class='ocrx_word' id='word_1_968' title='bbox 2724 5663 3110 5715; x_wconf 81' lang='lat' dir='ltr'><strong>MMCCCVIII.</strong></span> <span class='ocrx_word' id='word_1_969' title='bbox 3153 5680 3207 5715; x_wconf 76' lang='lat' dir='ltr'><strong>et</strong></span> <span class='ocrx_word' id='word_1_970' title='bbox 3254 5679 3375 5715; x_wconf 70' lang='lat' dir='ltr'><strong>nan.</strong></span> <span class='ocrx_word' id='word_1_971' title='bbox 3443 5660 3576 5715; x_wconf 89' lang='lat'><strong>191.</strong></span> <span class='ocrx_word' id='word_1_972' title='bbox 3610 5675 3646 5715; x_wconf 85' lang='lat' dir='ltr'><strong>tt</strong></span> 
     </span>
    </p>
   </div>
   <div class='ocr_carea' id='block_1_118' title="bbox 2105 5663 3576 5792">
    <p class='ocr_par' dir='ltr' id='par_1_118' title="bbox 2105 5663 3576 5792">
     <span class='ocr_line' id='line_1_121' title="bbox 2105 5663 3576 5734; baseline 0.007 -19"><span class='ocrx_word' id='word_1_973' title='bbox 2105 5663 2225 5727; x_wconf 70' lang='lat' dir='ltr'><strong>alia:</strong></span> <span class='ocrx_word' id='word_1_974' title='bbox 2256 5663 2316 5723; x_wconf 89' lang='grc' dir='ltr'><strong>ΙΙ,</strong></span> <span class='ocrx_word' id='word_1_975' title='bbox 2351 5679 2470 5733; x_wconf 83' lang='lat' dir='ltr'><strong>pag.</strong></span> <span class='ocrx_word' id='word_1_976' title='bbox 2509 5663 2598 5728; x_wconf 80' lang='grc'><strong>62.</strong></span> <span class='ocrx_word' id='word_1_977' title='bbox 2630 5681 2686 5719; x_wconf 90' lang='lat' dir='ltr'><strong>n.</strong></span> <span class='ocrx_word' id='word_1_978' title='bbox 2724 5663 3110 5732; x_wconf 81' lang='lat' dir='ltr'><strong>MMCCCVIII,</strong></span> <span class='ocrx_word' id='word_1_979' title='bbox 3153 5680 3207 5721; x_wconf 81' lang='lat' dir='ltr'><strong>et</strong></span> <span class='ocrx_word' id='word_1_980' title='bbox 3254 5679 3375 5734; x_wconf 84' lang='lat' dir='ltr'><strong>pag.</strong></span> <span class='ocrx_word' id='word_1_981' title='bbox 3443 5663 3536 5715; x_wconf 88' lang='lat'><strong>191</strong></span> <span class='ocrx_word' id='word_1_982' title='bbox 3562 5698 3576 5725; x_wconf 71' lang='grc' dir='ltr'><strong>ι</strong></span> 
     </span>
     <span class='ocr_line' id='line_1_122' title="bbox 2106 5731 2756 5792; baseline 0.002 -3"><span class='ocrx_word' id='word_1_983' title='bbox 2106 5731 2640 5792; x_wconf 78' lang='lat' dir='ltr'><strong>MMMMMMCXXV.</strong></span> <span class='ocrx_word' id='word_1_984' title='bbox 2682 5733 2756 5790; x_wconf 90' lang='lat' dir='ltr'><strong>In.</strong></span> 
     </span>
    </p>
   </div>
  </div>
