4060 6244
393 297 467 355 25

1868 302 2167 361 NOTITIA.

395 414 1128 530 experientiam..provoca.t,
1162 414 1419 476 Historia:
1434 423 1971 530 autem’ec‘clesiasti-
2000 429 2043 485 Α
2072 425 2123 482 J.
2184 428 2395 530 Fabric.
2447 435 2501 492 in
2564 438 2768 498 Ilistor.
2826 444 2951 504 bibl.
3010 450 3366 521 Fabriciame,
3404 456 3447 524 Ι,
3487 474 3543 530 p.
3573 462 3640 519 9i

396 525 493 571 cat,
529 523 560 561 a
588 523 648 563 se
673 507 914 579 scriptae,
940 507 1260 578 neutiquam
1296 513 1565 571 meminit.
1593 513 1771 571 Verba
1807 524 1967 572 sunt:

396 600 458 652 Ei
489 598 618 669 γοῦν
651 616 703 653 τι
736 598 958 654 δύναται
980 601 1073 655 καὶ
1096 604 1129 674 ή
1155 603 1397 677 ἡμετέρα
1420 606 1652 680 ἱστορία,
1678 606 1800 662 καθ’
1826 610 1973 681 ἡμᾶς

390 693 593 757 αὐτοὺς
626 693 728 766 τὴν
773 694 940 748 πάλαι
967 694 1249 768 βοωμὲνην
1298 697 1434 753 Σιὼν
1460 698 1680 771 ζεύγεσι
1701 701 1838 773 βοῶν
1867 702 1972 755 ὑπὸ

404 784 695 856 Ῥῳμαίων
744 785 954 859 ἀνδρῶν
995 788 1303 861 ἀρουμένην
1353 790 1651 863 ὀφθαλμοῖς
1712 794 1974 868 παρειλή-

394 892 597 947 φαμεν.
621 874 944 933 Uberiorem
981 878 1228 946 ἐξέτασιν
1287 880 1521 937 locorum
1551 883 1972 954 propheticorum

392 968 459 1022 de
491 969 759 1023 vocatione
810 970 1044 1041 gentium
1092 968 1367 1026 facturum
1411 990 1471 1030 se
1501 976 1770 1046 promittit
1801 978 1896 1033 lib.
1929 993 1970 1032 ιι

396 1060 783 1127 Demonstrat.,
840 1079 896 1134 p.
952 1063 1041 1129 53,
1099 1080 1221 1135 qua:
1250 1066 1305 1120 in
1334 1070 1590 1137 praesenti
1625 1067 1748 1124 οὔτε
1776 1069 1971 1124 ἀναλέ-

395 1170 510 1222 γειν
547 1153 672 1207 οὔτε
723 1155 1052 1227 ἑρμηνεύειν
1104 1160 1315 1232 καιρός,
1368 1175 1493 1232 pag.
1532 1160 1623 1217 48.
1658 1161 1757 1218 llla
1782 1161 1971 1231 ἐξέτα-

399 1262 501 1309 σις,
533 1245 760 1317 perinde
783 1255 841 1300 ut
869 1246 1056 1304 decem
1103 1251 1278 1305 ultimi
1316 1252 1792 1310 Demonstrationis
1845 1254 1971 1312 libri

397 1336 743 1394 intercidere.
777 1337 843 1393 Et
871 1340 1063 1396 dubito
1119 1358 1188 1396 an
1219 1343 1422 1401 diversi
1451 1346 1520 1401 ab
1559 1347 1722 1403 editis
1753 1356 1970 1404 exstent

397 1427 456 1483 in
489 1429 617 1484 bihl.
648 1429 936 1493 Vaticana,
966 1433 1094 1489 licet
1127 1433 1183 1489 in
1216 1433 1584 1506 Scaligerauis
1628 1438 1777 1509 legas
1811 1458 1834 1494 ι
1856 1438 1912 1495 Il
1936 1456 1969 1511 ῃ

397 1540 432 1576 a
484 1540 554 1576 au
603 1526 829 1579 Va‘tican
865 1525 939 1581 les
999 1525 1095 1580 dia:
1122 1527 1355 1583 derniers
1414 1531 1568 1586 liores
1620 1532 1970 1600 Ἀποδείξεων

395 1613 669 1680 d'Eusébe,
702 1619 840 1671 mais
886 1617 962 1673 les
1004 1618 1230 1675 Italiens
1253 1632 1370 1676 sont
1408 1622 1456 1677 si
1491 1622 1705 1694 jaloux,
1728 1626 1885 1697 qu‘ils
1906 1643 1969 1681 ne

396 1706 467 1761 les
496 1706 801 1762 voudraient
827 1725 925 1778 pas
948 1711 1143 1779 preter.

468 1799 663 1857 Latine
694 1803 859 1858 vertit
882 1802 1256 1861 Bernardinus
1290 1804 1558 1874 Donatus,
1605 1807 1964 1877 Veronensis,
1997 1776 2042 1836 Β

397 1893 707 1965 dicavitque
774 1896 1277 1969 interpretationem
1339 1918 1496 1958 suam
1554 1901 1723 1959 Paulo
1781 1906 1964 1972 tertio,

399 1986 666 2057 pontiﬁci.
689 1986 1040 2059 Prodiitejus
1076 1992 1257 2049 versio
1306 1993 1553 2053 Venetiis
1585 1997 1663 2068 (α)
1705 1998 1967 2068 primum,

402 2077 532 2132 hinc
558 2077 748 2135 Colon.
790 2081 945 2146 1542,
975 2083 1092 2151 fol.,
1125 2092 1327 2141 etcum
1373 2088 1496 2144 aliis
1534 2088 1755 2146 Eusebii
1783 2089 1971 2161 Operi-

400 2170 504 2225 bus
537 2170 696 2228 Basil.
731 2173 888 2242 1542,
921 2175 1079 2244 1549,
1122 2178 1260 2234 1559
1282 2187 1337 2235 et
1377 2180 1536 2247 1570,
1599 2182 1718 2247 τοι..
1764 2183 1966 2239 additis

396 2269 616 2324 scholiis
670 2269 720 2327 Ι.
760 2271 876 2328 Jac.
921 2262 1171 2346 Grynaei;
1210 2281 1266 2329 et
1318 2272 1496 2331 Paris.
1528 2275 1686 2340 1587,
1731 2274 1826 2330 fol.
1866 2275 1962 2347 (b).

392 2356 664 2413 Nonnulla
708 2360 764 2414 in
810 2361 934 2431 ejus
960 2364 1216 2417 versione
1250 2363 1484 2433 castigat
1505 2361 1743 2419 Jacohus
1774 2363 1964 2418 Billius

391 2450 448 2506 in
483 2448 943 2507 Observationibus
962 2454 1081 2509 suis
1106 2454 1310 2517 sacris;
1332 2461 1386 2509 et
1409 2453 1675 2525 Georgius
1696 2454 1964 2520 Calixtus,

396 2541 425 2613 §
454 2542 525 2598 54
555 2542 703 2599 Dtss.
735 2543 875 2613 quod
892 2544 1061 2600 Filius
1115 2544 1234 2609 Dei,
1265 2544 1522 2600 Patribus
1568 2546 1625 2600 V.
1670 2547 1731 2602 Τ.
1758 2548 1814 2603 in
1841 2565 1967 2618 pro-

392 2638 510 2704 pria
535 2636 804 2706 hypostasi
827 2655 931 2692 non
954 2639 1278 2708 apparuerit,
1342 2646 1495 2693 notat
1546 2638 1814 2695 Donatum
1850 2641 1967 2711 ple-

393 2743 562 2799 raque
608 2728 676 2784 de
729 2730 951 2785 Christo
981 2730 1175 2788 durius
1228 2740 1282 2787 et
1311 2731 1567 2788 licentius
1625 2733 1693 2788 ab
1731 2732 1965 2790 Eusebio

393 2821 564 2884 dicta,
591 2822 672 2876 sic
702 2836 823 2877 esse
872 2823 1311 2895 interpretatum,
1356 2833 1417 2879 ut
1454 2826 1744 2882 emolliret.
1786 2827 1966 2899 Atque

394 2913 469 2967 oh
494 2913 723 2968 similem
764 2929 988 2969 causam
1017 2916 1272 2974 omisisse
1302 2919 1577 2989 quaedam,
1618 2928 1802 2975 monet
1830 2919 1966 2976 Pos-

393 3008 617 3063 sevinus
646 3007 699 3061 in
731 3008 1004 3077 Apparatu
1035 3027 1212 3065 sacro.

464 3097 650 3155 Grazce
674 3101 819 3172 typis
876 3102 1067 3158 nitidis
1104 3103 1271 3174 regiis
1298 3119 1330 3161 e
1392 3105 1581 3161 codice
1613 3105 1767 3177 regio
1793 3104 1962 3160 edidit

398 3192 605 3263 primus
633 3192 771 3249 Rob.
806 3192 1133 3264 Stephanus.
1167 3195 1341 3253 Paris;
1374 3197 1534 3261 1545,
1570 3197 1664 3252 fol.

471 3284 650 3341 Graece
677 3295 732 3341 et
760 3285 952 3343 Latine
996 3304 1120 3343 cum
1175 3288 1373 3343 Donati
1410 3291 1682 3358 versione,
1710 3298 1765 3346 et
1794 3291 1964 3347 variis

398 3378 718 3434 lectionibus
778 3388 834 3434 et
915 3382 1367 3452 castigationibus
1430 3383 1732 3449 brevibus,
1783 3383 1961 3441 Paris.

397 3470 555 3534 1628,
584 3471 703 3536 fol.,
726 3471 928 3529 additis
963 3474 1107 3527 libro
1135 3471 1360 3529 Eusebii
1407 3485 1593 3529 contra
1641 3475 1962 3543 Hieroclem,

394 3561 608 3620 duobus
640 3574 824 3618 contra
854 3564 1166 3620 Marcellum
1190 3567 1556 3637 Ancyranum,
1586 3576 1642 3624 et
1674 3570 1852 3626 tribus
1890 3570 1967 3624 De

394 3658 746 3712 ecclesiastica
808 3658 1084 3729 theologia.
1120 3659 1243 3713 llaec
1269 3659 1440 3714 editio
1488 3662 1713 3731 repetita
1743 3672 1827 3716 est
1861 3662 1967 3718 Co-

395 3749 555 3805 loniae
599 3749 740 3819 (sive
785 3747 983 3820 Lipsiae
1034 3752 1237 3821 potius)
1275 3750 1435 3815 1688,
1476 3750 1572 3807 fol.
1642 3750 1717 3806 De
1761 3751 1967 3809 Graecis

397 3843 696 3897 Demonstr.
751 3842 979 3914 evangel.
1010 3844 1142 3899 edit.
1201 3860 1253 3899 v.
1300 3843 1509 3898 Goetzii
1567 3843 1790 3900 Memor.
1839 3845 1966 3899 bibl.

399 3934 614 4000 Dresd.,
646 3934 709 3999 ll,
740 3951 793 4005 p.
825 3935 930 3990 284
989 3952 1110 4007 sqq.
1145 3936 1261 4008 (ubi
1291 3952 1509 4008 quoque
1533 3937 1599 3992 de
1641 3936 1850 3993 Donato
1870 3937 1971 3993 Ve-

400 4028 619 4083 ronensi
649 4028 883 4098 agitur);
907 4029 1196 4093 Clement.,
1231 4016 1269 4085 ιζ
1301 4045 1354 4095 c,
1388 4046 1443 4100 p.
1482 4029 1577 4085 191
1614 4046 1723 4100 sq.,
1749 4040 1887 4099 ηομ,
1913 4038 1969 4085 et

477 4250 554 4322 (α)
584 4249 797 4323 Fabric.
814 4251 877 4323 in
902 4251 1120 4321 Syllaba
1140 4255 1321 4323 script.
1346 4270 1440 4323 pro
1469 4254 1533 4309 V.
1556 4254 1780 4315 Christ.,
1804 4270 1857 4323 p.
1880 4255 1966 4321 76,

399 4322 629 4393 primam
655 4322 783 4377 edit.
814 4321 1056 4380 Venetiis
1084 4321 1394 4390 1498,Ἰὀι’.,
1426 4325 1696 4395 prodiisse
1738 4321 1967 4393 scribit;

400 4401 590 4446 contra
623 4391 891 4448 Maittaire
927 4396 992 4448 A.
1043 4394 1103 4447 Τ.
1165 4396 1332 4448 indic.
1365 4412 1419 4448 ι).
1454 4396 1559 4448 386
1608 4403 1762 4448 notat
1790 4395 1967 4448 Rome

400 4391 590 4446 contra
623 4391 891 4449 Haittaire
927 4396 992 4448 Α.
1043 4394 1103 4447 Τ.
1165 4396 1332 4449 indic.
1365 4391 1559 4465 p.386
1608 4403 1762 4450 notat
1790 4391 1971 4451 Romae

592 4462 766 4544 Renes
791 4465 955 4547 igitur
984 4472 1263 4547 auctorem
1286 4466 1357 4547 sit
1379 4466 1511 4521 lides
1537 4485 1551 4547 ε
1582 4467 1729 4547 illius
1743 4467 1967 4547 quidem

398 4534 662 4589 editionis
709 4534 952 4589 meminit
992 4550 1094 4590 nec
1132 4536 1247 4591 ‘cel.
1299 4536 1508 4590 Panzer
1538 4538 1591 4589 in
1624 4537 1691 4592 A.
1741 4538 1838 4602 T.,
1866 4554 1969 4594 nec

400 4604 750 4659 Audiﬂredus
772 4606 826 4659 in
852 4604 896 4658 ll
944 4607 1059 4660 suis
1089 4602 1490 4672 Speciminibus.
1516 4606 1689 4662 ΗΑιιι.

498 4675 550 4748 b)
581 4673 721 4748 Vide
746 4691 909 4748 supra
938 4678 1002 4731 ad
1037 4677 1066 4748 ς
1096 4675 1133 4730 2
1159 4678 1225 4732 de
1252 4679 1375 4733 etld.
1401 4685 1602 4748 notata.
1636 4678 1713 4730 In.

499 4745 545 4816 ε)
573 4747 729 4819 ᾼῃιιά
754 4745 1166 4819 Theophanem,
1213 4765 1270 4819 p.
1294 4749 1346 4812 5,
1378 4764 1477 4819 pro
1506 4747 1601 4818 τὴν
1632 4748 1969 4817 ὀκτάϐιϐλον,

404 4817 693 4887 legendum
712 4818 813 4888 τὴν
848 4818 1041 4889 ὀγδόην
1067 4817 1268 4889 βίϐλον,
1325 4817 1391 4872 ut
1413 4817 1776 4874 Combeﬁsius
1807 4821 1969 4874 etiam

406 4889 464 4943 in
495 4891 642 4943 notis
668 4888 1076 4959 animadvertit.
1128 4890 1281 4944 Adde
1317 4888 1619 4943 Hanc-Itium
1649 4906 1702 4959 p.
1745 4891 1848 4944 100
1893 4889 1974 4945 De

406 4958 748 5030 scriptoribus
778 4958 911 5030 Bgs.
942 4958 1173 5014 Fallitur
1189 4961 1332 5015 enim
1354 4959 1590 5015 Jac-obus
1613 4960 1846 5024 Gnarus,
1879 4961 1972 5029 qui

408 5037 563 5100 putat
588 5029 971 5099 Theophanem
1005 5032 1073 5086 ad
1124 5046 1264 5100 opus
1311 5030 1554 5093 Eusebii,
1583 5047 1694 5100 quo
1728 5042 1972 5086 veterum

414 5109 710 5173 martyrum
733 5110 854 5155 acta
899 5102 1213 5173 collegerat,
1252 5103 1525 5174 respicere
1549 5101 1714 5172 idq'ue
1760 5112 1884 5157 octo
1916 5102 1975 5155 Ii-

413 5170 528 5225 bris
553 5173 882 5225 constitisse.

455 5186 528 5225 I'IS
553 5186 882 5227 consutlsse.

489 5241 565 5310 (ά)
590 5241 742 5324 Hunc
759 5241 1049 5324 faulinum
1081 5241 1371 5324 tepebasz
1392 5250 1552 5324 vocat
1579 5241 1848 5324 Eusebius
1876 5242 1969 5324 lib.

415 5326 474 5392 ξ,
516 5325 630 5381 cap.
662 5313 711 5394 1..
757 5310 958 5394 Senem
976 5313 1090 5382 jam
1133 5310 1301 5368 luisse
1323 5320 1468 5382 patet
1502 5329 1569 5369 ex
1593 5329 1647 5383 p.
1680 5313 1786 5368 517
1808 5314 1863 5368 d.
1900 5312 1975 5369 De

416 5381 515 5464 die
538 5383 726 5464 multis
755 5381 1031 5464 Hancluus
1062 5398 1118 5464 p.
1153 5383 1417 5464 1063113,
1438 5384 1824 5464 contendens.
1847 5392 1975 5440 ante

416 5450 768 5526 Eustachium
807 5453 1018 5526 sedisse
1048 5450 1377 5526 Antiochiae;
1399 5461 1454 5526 et
1475 5456 1640 5526 paulo
1685 5462 1813 5510 ante
1841 5472 1976 5509 con-

414 5523 603 5577 cilium
622 5521 899 5578 Nicienum
922 5524 1065 5578 diem
1089 5526 1315 5580 abiisse.
1344 5523 1452 5579 Sed
1477 5521 1696 5581 veriora
1722 5526 1977 5580 videntur

417 5609 549 5667 quae
571 5594 728 5667 habet
751 5594 1020 5667 Antonius
1046 5592 1177 5667 Pagi
1199 5596 1266 5650 ad
1283 5595 1349 5649 A.
1374 5595 1438 5649 C.
1464 5597 1605 5667 540,.
1629 5612 1786 5651 num.
1810 5596 1902 5652 21.

426 5663 446 5724 ὁ
489 5663 561 5735 (e)
589 5663 1054 5739 ld_em_llanc_kius,
1088 5663 1150 5737 p.‘
1176 5667 1280 5739 105
1312 5681 1455 5736 seq.,
1489 5677 1543 5723 et
1568 5666 1977 5739 Papehrochius

415 5730 554 5789 tom.
608 5730 676 5788 Ill
716 5736 833 5788 Act;
885 5730 1129 5794 Sancto}.
1181 5730 1410 5808 April,
1560 5730 1679 5796 108'.
1721 5735 1853 5813 Pagi
1908 5738 1976 5794 ad

418 5806 486 5862 Δ.
510 5806 574 5861 C.
597 5805 722 5862 δῦ.
750 5821 806 5860 ιι.
842 5804 927 5862 18.
948 5806 1036 5860 19.

471 5845 486 5860 .
510 5821 574 5861 υ.
597 5821 722 5865 om.
750 5821 806 5860 ιι.
842 5821 927 5868 ἰδ,
948 5821 1036 5860 ιν.

2072 537 2195 594 sqq.
2227 524 2400 585 Hanc.
2432 530 2509 586 Ex
2535 532 2714 606 Prwp.
2754 556 2935 613 evang.
2971 550 3025 599 et
3058 561 3127 601 ex
3156 546 3306 604 Dem.
3341 524 3523 626 euang.
3548 572 3646 613 ex-

2071 627 2227 687 cepta
2256 626 2549 681 vernaculo
2590 642 2846 687 sermone
2865 635 3043 689 edidit
3089 645 3143 693 et
3174 642 3321 699 notis
3348 644 3644 705 illustravit

2071 706 2393 801 Roesslerus
2416 715 2554 771 Bibl.
2582 718 2698 776 PP.
2733 729 2772 776 t.
2804 721 2872 789 V,
2902 741 2955 795 p.
2993 727 3095 783 205
3140 745 3225 801 sq.

2142 801 2230 856 lll.
2275 798 2724 885 Ἑκκλησιαστικὴ
2764 816 3015 888 Ἱστορία.
3044 798 3301 879 Ηίειονὶιε
3323 829 3643 885 ecclesiasti-

2070 897 2369 996 cis-li-bri-x
2399 899 2468 972 (c)
2502 919 2533 957 e
2561 906 2761 975 quibus
2794 911 3045 967 ultimum
3077 914 3277 972 dicavit
3303 917 3534 977 Paulino
3555 923 3638 996 (ά)

2071 989 2167 1060 qui
2201 989 2328 1063 Tyri
2358 1002 2522 1064 atque
2544 997 2671 1054 inde
2692 1017 2790 1070 per
2818 1019 2913 1059 sex
2949 1022 3167 1064 menses
3189 1010 3497 1069 Antiochiae
3518 989 3641 1086 post

2070 1083 2378 1154 depositum
2432 1088 2775 1149 Eustathium
2812 1098 3102 1170 episcopus
3156 1101 3280 1160 luit.
3315 1083 3641 1163 Absolutum

2069 1189 2208 1245 opus
2236 1174 2429 1247 Crispo
2455 1181 2523 1251 (ε)
2562 1184 2740 1239 adhuc
2790 1192 3113 1258 superstite,
3156 1210 3316 1264 quem
3348 1214 3402 1262 χ,
3445 1198 3499 1266 9,
3545 1200 3640 1271 βα-

2071 1271 2224 1325 σιλέα
2260 1274 2791 1346 φιλανθρωπότατον,
2840 1292 2892 1336 et
2941 1300 3063 1340 mox
3099 1286 3511 1359 θεοφιλέστατον
3546 1295 3638 1349 καὶ

2068 1364 2210 1419 κατὰ
2238 1368 2413 1421 πάντα
2446 1369 2538 1422 τοῦ
2566 1373 2771 1443 πατρὸς
2812 1374 2995 1445 ὅμοιον
3014 1381 3267 1449 appellat.
3314 1383 3636 1455 Quanquam

2066 1471 2196 1511 vero
2225 1454 2561 1530 llegesippus
2602 1470 2656 1517 et
2701 1463 2993 1523 Africanus
3021 1472 3256 1539 quodam
3284 1475 3445 1532 modo
3476 1454 3641 1534 Euse-

2068 1550 2159 1606 bio
2196 1552 2550 1622 praeiverant,
2585 1554 2783 1627 Papias
2810 1575 3028 1631 quoque
3081 1572 3135 1619 et
3186 1563 3442 1625 Justinus
3472 1577 3638 1641 atque

2066 1642 2321 1702 Clemens
2374 1645 2800 1715 Alexandrinus,
2855 1653 3089 1712 lrenteus
3147 1658 3350 1730 aliique
3398 1662 3549 1716 varia
3580 1662 3635 1717 in

2071 1734 2293 1805 scriptis
2331 1736 2450 1793 suis
2476 1738 2889 1809 adnotaverant,
2930 1760 3051 1815 quae
3083 1747 3153 1801 ad
3207 1748 3494 1806 historiam
3539 1752 3639 1808 Ec-

2070 1825 2251 1880 clesiae
2289 1837 2344 1882 et
2367 1829 2657 1886 haeresium
2687 1832 2949 1902 lacerent,
2980 1838 3191 1909 justum
3247 1850 3428 1898 tamen
3459 1846 3638 1901 eccle-

2067 1920 2305 1976 siasticae
2342 1921 2585 1980 historiae
2614 1941 2814 1998 corpus
2843 1946 3008 1988 nemo
3029 1941 3156 1989 ante
3187 1933 3479 1992 Eusebium
3505 1953 3639 1994 con-

2066 2006 2247 2080 didit;
2285 2014 2429 2071 unde
2456 2019 2651 2074 merito
2679 2021 2755 2074 ait
2791 2037 2851 2078 se
2906 2022 3123 2096 πρῶτον
3146 2029 3211 2098 τῇ
3243 2027 3494 2083 ὑποθέσει
3518 2032 3639 2084 ὲπι-

2064 2104 2254 2176 δῆσαι,
2305 2110 2533 2176 primum
2587 2128 2887 2182 aggressum
2944 2132 3058 2171 esse
3104 2117 3199 2172 hoc
3250 2132 3633 2191 argumentum.

2064 2195 2298 2254 Deduxit
2348 2209 2531 2258 autem
2588 2204 2721 2261 illud
2772 2221 2809 2262 ο
2857 2209 3267 2268 Cbristianismi
3321 2215 3637 2284 primordiis

2067 2305 2242 2361 usque
2302 2293 2367 2348 ad
2414 2293 2706 2361 Licinium,
2740 2315 2770 2354 a
2802 2297 3163 2360 Constantino
3214 2304 3286 2362 Μ.
3321 2317 3636 2377 superatum

2064 2384 2528 2456 exstinctumque,
2564 2398 2619 2442 et
2650 2404 2835 2458 pacem
2881 2390 3142 2448 Ecclesiae
3183 2396 3450 2451 redditam
3479 2398 3545 2453 A.
3568 2398 3631 2455 C.

2065 2474 2193 2561 314.
2221 2474 2431 2535 Indices
2469 2481 2711 2550 capitum
2736 2483 2805 2537 ab
2827 2484 2946 2555 ipso
2976 2485 3213 2543 Eusebio
3260 2488 3511 2560 praeﬁxos
3540 2492 3638 2548 do-

2064 2576 2152 2623 cet
2177 2567 2445 2626 Valesius.
2474 2571 2585 2643 Τὴν
2622 2573 2848 2629 καθόλου
2903 2577 3161 2649 ἱστορίαν,
3211 2580 3487 2637 historiam
3516 2586 3637 2640 uni-

2063 2662 2314 2716 versalem
2347 2663 2774 2719 ecclesiasticam
2811 2677 2968 2723 vocat
2994 2686 3133 2742 Opus
3179 2688 3336 2727 suum
3369 2672 3634 2734 Eusebius

2066 2754 2162 2811 lib.
2192 2773 2314 2818 vut.
2347 2773 2467 2828 cap.
2502 2757 2559 2823 2,
2592 2773 2717 2829 pag.
2745 2760 2874 2815 294.

2136 2846 2329 2904 Latine
2357 2856 2572 2904 vertere
2617 2849 2786 2905 voluit
2825 2849 3187 2925 Hieronymus
3222 2855 3287 2927 (f)
3325 2858 3631 2929 scripturus

2066 2938 2351 2994 historiam
2370 2943 2822 3009 ecclesiasticam,
2838 2943 2934 3014 qui
2955 2945 3116 3000 etiam
3139 2942 3282 3001 libro
3307 2948 3381 3006 De
3402 2951 3632 3019 scripto-

2065 3031 2210 3086 ribus
2241 3032 2612 3089 ecclestasticis
2646 3035 2906 3105 pleraque
2960 3035 3146 3091 omnia
3183 3039 3396 3109 repetiit
3431 3057 3499 3098 ex
3527 3042 3633 3098 Eu-

2066 3123 2241 3188 sebio,
2283 3125 2412 3180 licet
2434 3125 2700 3180 translata
2730 3126 2956 3182 liberius
2995 3143 3097 3183 nec
3120 3144 3335 3201 semper
3372 3134 3507 3190 satis
3539 3149 3633 3190 ac-

2068 3225 2275 3273 curate.
2311 3217 2487 3272 Vertit
2528 3218 2748 3274 Eusebii
2789 3220 3085 3276 Historiam
3135 3222 3385 3292 Rullnus,
3415 3227 3509 3281 sed
3554 3227 3632 3283 ita

2067 3316 2128 3364 ut
2166 3310 2315 3364 varia
2339 3312 2541 3381 passim
2577 3312 2885 3383 librumque
2909 3313 3181 3369 decimum
3244 3318 3320 3384 (g)
3358 3318 3630 3390 integrum

2065 3404 2456 3471 propemodum
2514 3403 2809 3467 omitteret,
2846 3404 2949 3457 alia
3004 3403 3225 3461 adderet
3257 3414 3420 3477 atque
3463 3409 3626 3463 inter-

2066 3492 2295 3561 polaret,
2330 3500 2387 3548 et
2420 3493 2538 3562 ipse
2564 3493 2733 3549 libros
2760 3493 2900 3550 duos
2935 3511 3106 3550 novos
3155 3497 3510 3568 subjungeret
3533 3499 3631 3570 (It),

2067 3586 2429 3655 producentes
2485 3586 2731 3642 historiae
2761 3588 2922 3643 telam
2957 3588 3025 3643 ad
3076 3588 3372 3647 Theodosii
3406 3590 3478 3648 Μ.
3513 3592 3635 3648 obi-

2068 3687 2183 3733 tum
2210 3696 2401 3750 usque.
2437 3681 2531 3736 sed
2565 3682 2805 3744 incertis,
2837 3683 3038 3752 quibus
3067 3691 3300 3749 scatent,
3348 3692 3404 3740 et
3443 3701 3635 3755 parum

2068 3771 2424 3828 credibilibus
2462 3774 3103 3844 narrationibusjudicio
3135 3782 3190 3829 et
3236 3774 3359 3830 ﬁdei
3416 3774 3634 3830 Eusebii

2068 3863 2388 3943 neutiquam
2422 3864 2833 3934 respondentes.
2855 3864 3039 3921 Ruﬁni
3071 3866 3249 3922 vcrsio
3271 3867 3453 3921 dicata
3472 3866 3636 3923 Chro-

2068 3956 2260 4021 matio,
2295 3956 2935 4028 Aquileiensi'episcopo.
2966 3967 3021 4014 et
3060 3958 3172 4027 jam
3205 3958 3509 4029 Augustino
3536 3959 3631 4015 lib.

2068 4052 2148 4107 De
2178 4069 2308 4107 cura
2345 4067 2442 4120 pro
2471 4053 2717 4116 mortuis,
2752 4068 2803 4107 c.
2831 4052 2886 4118 6,
2928 4052 3168 4117 laudata,
3191 4068 3313 4123 quae
3345 4052 3520 4107 lucem
3552 4052 3635 4107 vi-

2144 4250 2213 4329 ([)
2247 4248 2469 4329 βίοι-οη.
2516 4248 2569 4302 in
2625 4247 2745 4301 Vita
2792 4245 2860 4329 VS.
2900 4245 3155 4329 illalcbi:
3189 4245 3349 4329 l’rius
3406 4249 3635 4329 cnfer-ceri

2071 4317 2223 4390 cupio
2244 4322 2296 4373 in
2336 4335 2498 4386 parvo
2534 4335 2702 4388 opere,
2750 4328 2798 4372 et
2836 4317 2992 4371 veluti
3024 4318 3636 4390 quamdant_rubiginent

2073 4387 2265 4461 lingua:
2319 4387 2634 4459 abstergere,
2684 4399 2742 4443 ut
2792 4390 2964 4461 venire
3016 4390 3225 4461 possim,
3265 4387 3334 4440 ad
3392 4388 3639 4461 latiorem

2071 4459 2373 4516 historiam.
2424 4460 2664 4516 Scribere
2699 4461 2837 4513 enim
2873 4459 3107 4528 disposui
3157 4460 3227 4522 (si
3255 4467 3427 4511 tamen
3476 4460 3636 4512 vitam

1996 4521 2046 4579 Ῑ)
2074 4533 2211 4587 Deus
2231 4530 2453 4593 dederit,
2480 4540 2530 4585 et
2563 4533 2611 4584 si
2630 4521 3002 4598 vituperatores
3025 4531 3124 4585 mei
3150 4521 3337 4582 saltem
3357 4528 3636 4598 fugientem

2074 4621 2155 4658 me
2179 4613 2229 4658 et
2250 4604 2487 4657 clausum
2518 4603 2753 4670 persequi
2801 4600 3089 4671 desierint),
3121 4599 3195 4671 Aab
3245 4609 3425 4671 eventu
3450 4598 3637 4654 Salva—

2076 4676 2204 4729 toris
2247 4690 2409 4738 usque
2446 4669 2524 4725 ad
2544 4684 2777 4726 nostram
2814 4669 3055 4732 aetatem,
3074 4669 3131 4723 id
3154 4678 3254 4730 cst,
3287 4669 3353 4721 ab
3382 4671 3635 4738 apostolis

2073 4739 2334 4813 usquead
2366 4743 2523 4812 hujus
2553 4744 2797 4809 temporis
2861 4741 3070 4809 faciem,
3126 4739 3383 4813 quomodo
3441 4750 3491 4794 et
3544 4756 3637 4808 per

2072 4810 2201 4885 quos
2227 4810 2442 4869 Christi
2455 4814 2692 4868 Ecclesia
2738 4822 2868 4885 nata
2897 4814 2966 4865 sit
2993 4821 3042 4865 et
3067 4810 3273 4885 adulta,
3326 4813 3635 4878 persecutio-

2074 4883 2227 4940 nibus
2260 4887 2496 4948 creverit,
2525 4884 2796 4953 martyriis
2832 4890 3082 4936 coronata
3123 4883 3213 4943 sit,
3259 4890 3311 4935 et
3359 4890 3633 4953 postquam

2076 4956 2143 5033 ad
2165 4955 2495 5033 Christianos
2523 4950 2779 5033 principes
2828 4954 3061 5033 venerit,‘
3089 4953 3320 5033 potentia
3343 4950 3548 5021 quidem
3582 4959 3634 5003 et

2073 5027 2505 5103 div‘itiis_maior,
2526 5024 3012 5103 'virtntibus_mlinor
3036 5024 3180 5103 facta

2149 5097 2223 5167 (g)
2268 5089 2518 5164 Ruﬁnus,
2575 5098 2737 5167 epist.
2764 5094 2841 5167 ad
2875 5094 3197 5167 Chromat._:
3231 5089 3508 5145 Sciendum
3531 5099 3634 5167 _est

2074 5161 2215 5239 quod
2252 5166 2483 5244 decimus
2506 5161 2646 5244 liber
2679 5166 2837 5244 hujus
2866 5166 3037 5244 operis
3066 5166 3121 5217 in
3153 5161 3357 5244 Graec,
3384 5161 3631 5244 quoniam

2073 5233 2355 5314 perparum
2378 5239 2530 5293 habet
2556 5240 2610 5291 in
2652 5233 2804 5314 rebus
2835 5237 3014 5306 gestis,
3036 5250 3125 5314 per
3156 5233 3358 5314 reliquit
3381 5233 3561 5314 omnia
3576 5233 3630 5285 in

2074 5302 2434 5380 episcoporum
2481 5302 2808 5379 panegyricis
2842 5302 3177 5380 tractatibus
3203 5303 3337 5380 nihil
3377 5302 3446 5356 ad
3475 5302 3636 5357 scien-

2073 5372 2208 5435 tiam
2230 5372 2404 5435 rerum
2433 5372 2733 5455 occupatus,
2759 5379 2966 5455 omissis
2993 5392 3110 5447 qua:
3131 5372 3436 5455 videbantur
3451 5388 3633 5455 super-

2074 5453 2207 5521 ﬂua,
2242 5452 2495 5525 historice,
2530 5443 2593 5525 si_
2607 5448 2961 5525 quid/tabuit,
2986 5443 3139 5525 _nono
3166 5444 3535 5525 conjunximfs
3566 5443 3635 5497 li-

2074 5513 2203 5597 bro,
2220 5532 2271 5577 et
2300 5524 2355 5578 in
2404 5513 2515 5592 ipso
2549 5513 2767 5597 Eusebii
2791 5517 3113 5597 narrationis
3166 5513 3403 5569 dedimus
3447 5513 3628 5597 ﬁnem.

2074 5594 2350 5650 Decimum
2369 5588 2488 5648 vero
2507 5598 2558 5645 et
2581 5590 2913 5647 undecimum
2959 5588 3153 5642 librum
3181 5602 3275 5641 nos
3321 5588 3633 5654 συναιτίρεί-

2074 5681 2225 5814 mir)
2245 5675 2353 5789 ei):
2378 5732 2583 5814 ,ξιοφειηξ
2635 5725 3099 5814 ὁριοξειωηιξιιίὶιιί
3146 5726 3406 5785 librorum
3448 5724 3643 5777 Greca

2050 5855 2057 5863 .
2079 5800 2329 5863 versione
2360 5802 2472 5860 dixi
2496 5801 2640 5859 intra
2667 5802 2723 5858 in
2764 5800 3005 5857 Socrate.
