4060 6244
345 339 414 397 29
1820 339 2116 398 NOTlTlA.

3531 348 3601 406 30

348 464 537 528 partes
555 454 931 523 distributum,
964 471 1198 528 quarum
1246 456 1418 514 altera
1453 457 1672 518 Eusebii
1705 499 1720 526 ,
1746 461 1918 517 altera
1945 465 1993 522 Α
2019 459 2357 516 Constantini
2412 459 2739 534 Panegyrico
2786 461 3053 535 insignem
3099 463 3310 535 accepit
3358 463 3536 520 lucem
3568 481 3595 518 a

349 549 535 604 llulini
590 549 758 603 libros
801 548 1067 617 continet,
1109 550 1178 605 ad
1211 548 1507 608 Vaticanos
1561 567 1698 609 mss.
1751 552 1912 608 codd.

346 651 565 697 exactos
593 640 849 710 notisque
874 639 1196 706 illustratos,
1227 641 1410 699 studio
1431 641 1491 697 F.
1525 641 1671 699 Petri
1699 643 1920 700 Thema:

346 732 595 788 Caceiari
623 733 844 788 —Acc.
879 740 1172 804 postrema;
1207 735 1347 804 parti
1375 734 1622 805 ejusdem
1655 735 1801 793 Diss.
1832 736 1914 791 De

345 827 474 888 vita,
535 823 643 894 ﬁde
683 841 748 878 ac
795 822 1098 878 Eusebiana
1149 825 1267 894 ipsa
1311 824 1492 895 Ruﬁni
1545 827 1914 882 translatione.

345 916 556 981 Romae,
589 932 718 988 pars
759 931 799 981 ι,
832 915 1006 983 1740;
1031 931 1086 987 p.
1124 932 1186 981 ιι,
1212 916 1370 986 1741,
1404 917 1460 984 4,
1496 918 1564 976 de
1609 935 1718 990 quo
1753 935 1918 990 opere

345 1009 570 1079 cepiose
629 1006 852 1064 disserit
909 1006 1345 1064 Sehoenemann.
1395 1010 1434 1067 l.
1467 1025 1541 1075 c.,
1574 1027 1630 1082 p.
1661 1011 1765 1067 594
1793 1027 1913 1082 sqq.

346 1099 597 1155 Cacciar.
627 1106 836 1154 textum
875 1098 943 1154 ad
981 1101 1221 1172 quinque
1251 1101 1412 1157 codd.
1443 1100 1756 1171 Vaticanos,
1779 1118 1918 1174 quos

349 1196 491 1250 idem
547 1191 871 1249 Sehoenem.
906 1193 1132 1250 uberius
1179 1203 1448 1260 recenset,
1483 1196 1714 1252 contulit
1754 1203 1918 1267 atque

345 1285 677 1350 emendavit,
713 1285 783 1341 de
830 1286 1206 1356 superioribus
1233 1286 1499 1357 judicavit
1545 1288 1914 1355 versionibus,

347 1386 404 1434 et
425 1375 644 1432 Grmcos
665 1375 884 1432 Eusebii
905 1377 1068 1433 codd.
1095 1377 1165 1433 ad
1193 1393 1361 1432 unum
1404 1393 1595 1434 omnes
1623 1393 1723 1448 pro
1746 1379 1919 1435 inter-

347 1467 547 1538 polatis
579 1476 739 1538 atque
784 1468 1062 1539 corruptis
1108 1468 1301 1536 habet;
1335 1479 1526 1525 contra
1557 1477 1712 1539 putat
1761 1469 1918 1525 Ruti-

347 1572 500 1622 num,
526 1555 745 1613 Eusebii
783 1558 1120 1630 temporibus
1146 1569 1254 1613 tam
1296 1559 1682 1631 propinquum,
1707 1575 1774 1616 ex
1799 1560 1918 1616 lon-

347 1651 492 1707 tibus
519 1649 771 1707 hausisse
803 1649 1223 1721 limpidioribus.
1274 1651 1518 1708 Caeciar.
1564 1652 1709 1723 quod
1731 1652 1915 1708 Ruﬁni

345 1743 652 1800 versionem
704 1743 862 1814 longe
892 1751 1151 1814 praestare
1185 1741 1490 1800 Valesianaa
1531 1745 1913 1811 contenderat,

345 1835 689 1893 Tartarottus
744 1837 801 1891 in
845 1836 1109 1908 singulari
1141 1837 1308 1908 disp.,
1362 1837 1609 1894 Tridenti
1653 1839 1812 1906 1748,
1847 1839 1915 1896 de
1945 1819 1988 1874 Β

347 1930 600 1985 versione
629 1927 918 1984 Ruﬁniana
963 1929 1037 1985 Η.
1085 1928 1152 1983 Ε.
1195 1929 1436 1994 Eusebii,
1495 1931 1814 2002 dignitatem
1861 1941 1916 1988 et

351 2021 722 2092 pmstantiam
761 2020 1059 2078 Valesiana‘,
1096 2023 1559 2092 interpretationis
1593 2023 1910 2078 vindicavit.

354 2141 422 2152 —
453 2111 629 2184 Atque
672 2111 871 2168 Valesil
913 2113 1090 2169 versio
1139 2111 1359 2168 Eusebii
1391 2111 1464 2169 Il.
1508 2112 1572 2166 E.
1597 2122 1651 2170 et
1689 2113 1767 2168 De
1809 2116 1914 2169 vita

349 2205 684 2272 imperatoris
721 2204 1056 2260 Constantini
1085 2205 1210 2260 libr.
1244 2221 1318 2269 tv,
1357 2220 1480 2260 cum
1510 2207 1748 2260 oratione
1771 2206 1912 2263 Con-

344 2298 572 2350 stantini
606 2296 676 2350 ad
727 2306 942 2351 sanctos
995 2305 1051 2353 et
1111 2313 1234 2352 cum
1283 2296 1613 2368 Panegyrico
1669 2298 1911 2365 Eusebii,

341 2401 468 2442 cum
523 2387 668 2444 notis
713 2386 917 2443 Valesii
959 2397 1015 2442 et
1063 2388 1337 2444 variorum
1368 2404 1435 2444 ex
1468 2390 1751 2460 lteadingii
1779 2391 1912 2447 edit.

341 2495 540 2539 recusa
566 2487 652 2536 est
703 2481 824 2537 sine
860 2487 1009 2536 textu
1035 2484 1246 2548 Graeco,
1278 2481 1557 2550 Venetiis,
1610 2485 1751 2556 typis
1801 2485 1915 2540 An-

343 2576 479 2631 tonii
517 2573 674 2630 Zatta
722 2574 890 2640 1763,
939 2575 1071 2630 tomi
1109 2575 1250 2640 duo,
1317 2574 1372 2630 in
1438 2576 1614 2633 tribus
1645 2579 1770 2633 voll.
1843 2579 1912 2649 4,

344 2668 414 2723 de
445 2681 553 2738 qua
585 2667 720 2722 edit.
752 2665 877 2721 vide
922 2666 994 2722 cl.
1032 2665 1258 2730 Metelli,
1283 2666 1444 2737 epist.
1492 2665 1558 2722 ad
1595 2683 1679 2722 me
1708 2667 1912 2736 datam,

341 2767 400 2814 et
432 2758 738 2830 evulgatam
774 2773 805 2811 a
828 2772 916 2813 me
973 2756 1047 2812 in.
1080 2757 1287 2814 Introd.
1319 2758 1372 2813 in
1396 2757 1521 2812 hist.
1546 2757 1610 2815 L.
1631 2757 1724 2816 Gr.
1759 2759 1826 2826 ll,
1857 2758 1914 2828 2,

343 2866 472 2920 pag.
501 2850 608 2905 559
633 2865 719 2920 sq.
747 2877 817 2890 -—
849 2847 924 2904 De
947 2848 1278 2906 editionibus
1321 2847 1530 2906 Latinis
1558 2857 1720 2922 atque
1747 2851 1917 2906 inter-

344 2940 594 3012 pretibus
620 2938 739 2996 Lat.
772 2955 824 2994 v.
864 2954 1081 3010 quoque
1116 2937 1324 2994 Stroth.
1370 2941 1427 2996 in
1480 2940 1632 3012 praef.
1666 2941 1732 2995 ad
1760 2955 1914 2998 suam

343 3033 564 3088 Eusebii
601 3031 672 3087 Η.
703 3030 769 3089 Ε.
805 3032 960 3098 edit.,
985 3047 1108 3104 pag.
1150 3049 1341 3098 xxviii,
1370 3049 1490 3104 sqq.
1528 3032 1702 3090 Hann.

2017 552 2278 623 praclara
2309 552 2577 608 industria
2632 552 2989 609 eruditissimi
3015 555 3140 619 viri,
3174 553 3397 611 Henrici
3434 551 3595 609 Vale-

2018 642 2109 710 sii,
2145 642 2238 713 qui
2267 641 2452 698 Greca
2482 643 2760 700 recensuit
2790 643 2858 697 ad
2892 657 3023 698 mss.
3061 644 3221 701 binos
3260 645 3425 715 regiae
3458 644 3593 698 bibl.

2017 734 2218 805 quibus
2265 733 2405 790 Rob.
2443 732 2753 805 Stephanus
2807 752 2942 793 usus
3002 735 3212 803 fuerat,
3262 736 3598 806 tertiumque

2015 827 2283 895 optimum
2313 825 2759 893 Mazarinianum,
2791 827 3017 884 scholiis
3038 827 3202 883 etiam
3235 826 3441 883 Graecis
3467 826 3598 882 hinc

2016 916 2142 972 inde
2177 916 2539 981 illustratum,
2570 932 2691 986 qua:
2717 917 2864 972 notis
2891 917 3008 973 suis
3047 918 3310 988 pleraque
3343 916 3596 973 Valesius

2016 1009 2268 1072 inseruit,
2300 1014 2354 1063 et
2375 1014 2629 1077 quartum
2661 1007 2778 1063 Nic.
2811 1008 3077 1075 Fucketii,
3108 1017 3224 1064 tum
3251 1010 3435 1066 varias
3464 1010 3590 1066 lect.

2017 1116 2048 1157 e
2086 1099 2350 1163 Turnehi,
2382 1096 2632 1154 Vulcobii
2665 1106 2720 1155 et
2761 1098 2949 1156 Savilii
2981 1099 3265 1157 codicibus
3298 1119 3311 1156 :
3349 1110 3462 1156 tum
3493 1116 3594 1155 no-

2017 1209 2139 1249 vam
2167 1203 2221 1248 et
2257 1191 2652 1248 accuratiorem
2693 1191 2769 1265 (a)
2835 1194 3142 1249 versionem
3202 1205 3468 1265 notasque
3501 1193 3596 1251 do-

2018 1292 2135 1340 ctas
2169 1292 2332 1356 atque
2361 1284 2614 1339 omnibus
2635 1283 2874 1338 historia:
2898 1285 3097 1340 eecles.
3121 1285 3384 1340 studiosis
3412 1285 3594 1355 legen-

2017 1375 2116 1432 das
2145 1375 2390 1430 addidit:
2433 1374 2668 1446 denique
2697 1383 2890 1444 praeter
2926 1374 3070 1432 Diss.
3104 1376 3171 1431 de
3207 1375 3325 1431 Vita
3371 1376 3592 1433 Eusebii

2016 1475 2072 1524 et
2101 1469 2342 1539 scriptis.
2365 1475 2420 1524 et
2450 1476 2692 1524 veterum
2714 1469 2782 1524 de
2805 1468 3041 1526 Eusebio
3073 1471 3128 1525 in
3163 1477 3451 1541 utramque
3473 1485 3596 1540 par-

2016 1572 2126 1622 tem
2158 1565 2492 1630 testimonia,
2523 1563 2785 1634 praemisit
2813 1563 2956 1619 Petri
2996 1564 3065 1620 de
3092 1563 3273 1618 Marca
3305 1566 3590 1636 epistolam

2017 1665 2085 1720 ad
2111 1681 2171 1721 se
2203 1666 2465 1736 scriptam
2494 1665 2559 1720 de
2589 1665 2890 1736 originibus
2931 1663 3338 1722 Christianismi
3382 1666 3436 1720 in
3467 1665 3593 1720 Gal-

2019 1759 2111 1822 lia,
2148 1773 2257 1828 quo
2286 1757 2353 1812 de
2403 1765 2724 1829 argumento
2755 1757 2992 1814 conferri
3028 1759 3190 1813 etiam
3221 1766 3454 1828 possunt
3480 1758 3593 1812 An-

2016 1851 2176 1905 dreas
2223 1847 2508 1904 Saussaaus
2558 1849 2633 1904 De
2685 1852 2922 1921 mysticis
2979 1851 3171 1906 Callia:
3208 1851 3591 1920 scriptoribus,

2015 1959 2070 2014 p.
2102 1943 2208 1998 279
2235 1959 2324 2015 sq.
2353 1951 2407 2000 et
2432 1944 2538 1998 300
2573 1958 2682 2014 sq.,
2714 1952 2769 1998 et
2790 1952 2978 1998 auctor
3007 1961 3163 1999 nova:
3193 1944 3596 1999 dissertationis

2015 2037 2094 2091 De
2127 2046 2354 2105 tempore
2384 2035 2697 2091 introductae
2728 2037 2785 2089 in
2826 2033 3059 2090 Calliam
3092 2036 3416 2093 Christianae
3465 2038 3594 2092 reli-

2013 2130 2183 2201 gionis
2229 2129 2316 2201 (de
2366 2145 2472 2200 qua
2514 2128 2882 2198 Ephemerides
2935 2129 3264 2184 Parisienses
3314 2146 3365 2185 a.
3419 2130 3589 2195 1705,

2013 2237 2069 2291 p.
2108 2221 2296 2291 1071),
2346 2220 2617 2290 praecipue
2647 2217 2886 2274 Joannes
2924 2216 3204 2274 Launoius
3239 2220 3293 2273 in
3349 2219 3592 2290 epistolae

2013 2309 2160 2366 Petri
2204 2310 2272 2366 de
2310 2309 2490 2365 Marca
2537 2309 2938 2380 dispunctione.
2986 2309 3410 2367 Dissertationes
3433 2310 3594 2367 Vale-

2015 2402 2131 2458 sius
2187 2401 2337 2459 notis
2399 2403 2516 2459 suis
2578 2401 2866 2472 subjunxit
2919 2402 3016 2457 has
3072 2409 3352 2472 quatuor:
3402 2403 3456 2459 1.
3522 2403 3594 2458 De

2014 2495 2294 2550 schismate
2325 2495 2728 2551 Donatistarum
2755 2512 2914 2567 usque
2951 2495 3020 2549 ad
3067 2492 3131 2548 Α.
3163 2493 3224 2551 C.
3261 2494 3395 2564 325;
3426 2495 3480 2550 2.
3516 2495 3595 2551 De

2014 2602 2119 2641 uno
2143 2596 2374 2652 tantum,-
2401 2603 2504 2640 non
2550 2586 2753 2640 duobus
2789 2585 2994 2655 templis
3020 2603 3052 2638 a
3077 2584 3428 2640 Constantino
3459 2584 3594 2640 Hie-

2015 2679 2298 2750 rosolyma:
2321 2678 2581 2742 conditis;
2615 2678 2669 2732 3.
2700 2677 2784 2731 Ad
2823 2675 2946 2732 Jac.
2983 2675 3286 2742 Usserium,
3342 2677 3593 2734 adversus

2015 2770 2161 2824 illius
2188 2770 2502 2824 sententiam
2527 2770 2591 2824 de
2615 2767 2821 2837 perdita
2859 2769 3091 2824 rersione
3116 2767 3270 2821 LXX
3327 2766 3594 2838 Interpre-

2015 2879 2126 2924 tum
2157 2878 2205 2924 et
2235 2867 2493 2938 Hexaplis
2513 2867 2754 2940 Origenis
2771 2883 2791 2932 ;
2819 2867 2872 2923 4.
2906 2866 2984 2923 De
3010 2863 3415 2939 Martyrologio,
3453 2867 3592 2938 quod

2014 2969 2317 3026 Rosweidus
2360 2967 2567 3034 edidit,
2609 2977 2661 3022 et
2708 2982 2979 3038 perperam
3029 2981 3123 3035 pro
3163 2969 3320 3022 veteri
3367 2966 3592 3037 genuino

2019 3061 2256 3117 Romano
2283 3059 2667 3131 Martyrologio
2699 3059 2946 3129 jactavit.
2997 3057 3204 3113 Prodiit
3231 3057 3451 3115 Eusebii
3484 3056 3595 3114 γε..

416 3125 597 3181 Graece
637 3125 878 3190 Eusebii,
917 3123 1181 3191 Socratis,
1213 3125 1563 3189 Theodoriti,
1625 3126 1913 3184 Sozomeni

2016 3156 2137 3212 lesii
2155 3155 2346 3212 Graece
2372 3123 2645 3211 et'Latine
2670 3123 2846 3207 Paris.
2866 3167 3126 3222 perquam
3156 3152 3325 3206 nitide
3353 3166 3407 3208 a.
3427 3151 3591 3217 1659,

350 3225 405 3272 et
436 3217 645 3288 Evagrii
673 3216 975 3272 Historiam
1025 3217 1435 3273 ecclesiasticam
1489 3219 1912 3290 elegantissimis

352 3311 496 3382 typis
523 3326 586 3366 ex
616 3310 774 3366 codd.
813 3311 976 3382 regiis
1014 3309 1184 3365 edidit
1219 3309 1358 3366 Rob.
1395 3309 1702 3380 Stephanus
1739 3312 1910 3368 Paris.

350 3404 505 3469 1544,
530 3403 621 3458 fol.
662 3403 862 3459 Confer
910 3403 1109 3458 laudati
1145 3401 1310 3472 lttigii
1347 3402 1548 3458 librum
1583 3403 1658 3458 De
1689 3404 1915 3460 Patrum

344 3495 682 3552 Bibliothecis
710 3535 725 3561 ,
773 3511 828 3566 p.
873 3494 973 3548 727
1020 3511 1102 3565 sq.
1139 3493 1307 3550 Fam.
1356 3495 1494 3551 Add.
1540 3494 1914 3554 Literarisches

345 3589 732 3653 Wochenblatt,
767 3596 899 3644 tom.
947 3586 999 3651 l,
1033 3586 1317 3659 Noriberg.
1371 3587 1530 3653 1770,
1565 3589 1597 3643 8
1619 3629 1633 3654 ,
1672 3598 1814 3659 part.
1845 3607 1875 3644 ι
1898 3630 1913 3655 ,

346 3698 468 3754 pag.
502 3683 602 3736 137
633 3697 718 3752 sq.
756 3711 825 3720 —
863 3680 939 3736 De
977 3681 1270 3750 Stephani,
1326 3678 1529 3737 Valesii
1585 3689 1640 3736 et
1673 3681 1917 3754 Reading

343 3774 470 3829 edd.
495 3773 589 3828 Gr.
623 3774 826 3827 multus
859 3783 941 3829 est
961 3772 1230 3828 Clement.
1260 3771 1392 3838 VIII,
1418 3788 1539 3844 pag.
1581 3771 1682 3828 187
1707 3787 1830 3842 sqq.
1862 3773 1918 3828 In

345 3865 485 3920 Bibl.
517 3864 766 3920 Leidensi
805 3872 889 3920 est
917 3865 1213 3935 exemplar,
1247 3878 1412 3917 manu
1446 3863 1708 3932 Scaligeri
1741 3861 1920 3916 inﬁni-

346 3962 417 4016 tis
446 3959 581 4014 locis
618 3958 988 4028 conscriptum
1022 3967 1076 4011 et
1107 3956 1457 4012 emendatum
1494 3972 1562 4011 ex
1581 3955 1646 4010 V.
1671 3955 1794 4011 eod.
1848 3955 1914 4012 γ.

344 4049 546 4117 Catal.,
571 4065 696 4120 pag.
745 4047 846 4114 19,
886 4056 940 4105 ct
973 4048 1104 4104 ibid.
1151 4048 1301 4104 aliud
1333 4063 1456 4104 cum
1507 4047 1773 4103 adnotalt.
1813 4048 1916 4103 viri

344 4143 513 4197 docti.
556 4141 728 4198 Illinc.

417 4231 605 4288 Graece
639 4241 693 4287 et
719 4232 910 4288 Latine
935 4232 1153 4288 eosdem
1184 4232 1480 4301 scriptores
1503 4232 1793 4302 vulgarunt
1813 4231 1917 4288 Ge-

346 4340 647 4389 nevenses,
692 4324 878 4378 addita
930 4322 982 4380 J.
1038 4322 1520 4392 Christophorsoni
1568 4324 1820 4379 versione
1862 4330 1916 4378 et

347 4416 568 4472 Snil‘ridi
619 4415 762 4472 Petri
792 4415 1264 4480 adnotationibus,
1293 4429 1437 4470 anno
1461 4416 1626 4482 1612,
1654 4417 1769 4481 l'ol.,
1798 4432 1917 4486 qua:

343 4507 1914 4624 εξξξιξξίξςηίξυὶίεξξξιξηξξηῖξιξὲῆὶδξῖξῖ,κὶοοίεεειιιέίἐὲίξ-
1946 4519 1990 4574 ο
2020 4552 2152 4609 δερ.
2180 4551 2504 4624 ροτριονεε,
2556 4559 2717 4621 atque
2760 4549 2818 4604 ίη
2869 4549 3002 4604 va.

343 4603 598 4675 gitiosius
625 4601 894 4672 prodiisse
930 4601 1007 4654 ait
1047 4600 1416 4656 llontacutius
1445 4617 1500 4670 p.
1530 4599 1630 4654 187
1675 4599 1917 4669 Appara-

346 4706 431 4748 tus
465 4693 535 4748 ad
563 4693 790 4764 origines
817 4692 1222 4748 ecclesiasticas.
1284 4692 1425 4765 [Sed
1479 4694 1534 4748 in
1576 4707 1748 4765 marg.
1789 4700 1918 4748 sunt

343 4785 409 4842 ν.
449 4785 510 4841 L.
559 4803 591 4843 e
623 4783 816 4859 eodd.]

414 4880 497 4934 Ah
529 4895 594 4935 eo
635 4889 880 4950 tempore
909 4876 1132 4934 Eusebii
1165 4875 1406 4932 Historia
1426 4917 1441 4940 ,
1493 4877 1630 4932 liber
1668 4875 1744 4931 De
1774 4893 1917 4931 mar-

346 4971 546 5042 tyribus
594 4970 940 5038 Palaestina,
975 4971 1099 5026 libri
1149 4985 1201 5026 tv
1254 4969 1331 5024 De
1371 4969 1494 5023 Vita
1543 4968 1912 5033 Constantini,

343 5079 468 5118 cum
499 5062 838 5120 Constantini
881 5064 1122 5120 oratione
1173 5062 1243 5116 ad
1285 5071 1498 5118 sanctos
1525 5070 1579 5118 et
1604 5061 1824 5118 Eusebii
1856 5063 1911 5117 in

349 5178 622 5248 prodiisse
655 5180 870 5235 videtur
897 5177 1140 5249 Strothio
1192 5193 1244 5234 a.
1299 5177 1472 5243 1559,
1507 5179 1600 5249 qui
1646 5193 1828 5235 annus
1859 5178 1912 5234 in

345 5251 458 5320 line
510 5250 867 5306 dedicationis
916 5248 1156 5320 Godsalli
1213 5248 1556 5320 subscriptus
1603 5257 1710 5320 est.
1769 5249 1914 5304 Idem

345 5318 626 5392 strothius
675 5336 742 5376 ex
793 5321 896 5374 alia
945 5319 1182 5392 Godsﬁalli
1233 5319 1384 5392 praef.
1422 5318 1729 5392 concludit,
1790 5335 1912 5392 eam

341 5391 481 5462 edit.
511 5391 671 5462 etiam
700 5391 1187 5462 Antwerpiaa71568
1233 5389 1385 5462 prelo
1413 5391 1644 5456 exiisse;
1677 5389 1914 5461 denique

341 5407 481 5445 ean.
511 5407 671 5444 etiam
700 5407 920 5445 antwer
962 5407 1024 5445 tae
1049 5407 1187 5446 ιθτιδ

339 5459 537 5516 Colon.
567 5407 982 5530 Apripp.161£,
1018 5461 1116 5518 fol.
1155 5459 1230 5514 In.

416 5531 493 5603 (a)
523 5531 655 5603 Non
695 5533 892 5587 desunt
939 5532 1156 5603 quidem
1207 5531 1405 5603 inhac
1450 5532 1616 5588 etiam
1664 5531 1914 5587 versione

341 5601 431 5655 sui
478 5602 606 5657 hinc
657 5603 782 5658 inde
813 5601 979 5669 naevi,
1023 5618 1053 5657 a
1089 5603 1221 5657 viris
1253 5602 1431 5659 doctis
1490 5609 1699 5673 partem
1734 5603 1802 5656 ah
1840 5616 1914 5673 co

339 5679 589 5744 tempore
616 5673 940 5744 notati,ised
966 5684 1199 5744 propter
1250 5671 1511 5744 plurima,
1539 5688 1680 5744 qua:
1721 5671 1907 5727 rectis-

339 5743 481 5798 sime
505 5750 560 5798 at
602 5758 668 5798 ne
697 5743 1066 5799 eruditissime
1083 5743 1168 5797 vir
1188 5743 1434 5800 summus
1462 5743 1595 5798 vidit
1610 5751 1664 5799 et
1685 5757 1908 5813 expres-

341 5815 436 5872 sit.
473 5760 685 5872 laudem
707 5827 922 5872 semper
952 5813 1237 5872 maximam
1261 5816 1392 5872 feret
1415 5815 1483 5872 ab
1510 5814 1680 5872 tenuis
1717 5821 1770 5871 ct
1791 5827 1908 5870 cor-

341 5815 436 5878 sit,
473 5815 559 5870 lau

601 5830 685 5870 em
707 5827 922 5884 semper
952 5813 1237 5873 maximam
1261 5816 1392 5872 feret
1415 5815 1483 5872 ab
1510 5814 1680 5888 aequis
1717 5821 1770 5871 ct
1791 5827 1913 5870 coro
1941 5878 1949 5887 ,

2017 3249 2137 3314 101.,
2165 3248 2310 3318 apud
2337 3245 2632 3301 Antonium
2663 3243 2849 3308 Vitre,
2885 3254 2938 3301 et
2973 3261 3041 3301 ex
3083 3243 3286 3300 Valesii
3314 3245 3594 3315 chirogra-

2019 3341 2126 3411 pho
2151 3381 2166 3406 ,
2215 3340 2408 3410 paucis
2455 3336 2779 3409 quibusdam
2813 3336 2868 3390 in
2899 3338 3152 3393 versione
3182 3338 3401 3392 mutatis
3427 3346 3592 3410 atque

2017 3432 2265 3504 pluribus
2287 3430 2508 3494 additis,
2540 3444 2662 3500 qua:
2696 3428 2915 3484 uncinis
2943 3429 3154 3485 inclusa
3183 3436 3311 3484 sunt
3345 3429 3399 3483 in
3423 3413 3592 3483 anim-

2018 3525 2435 3580 adversionibus
2484 3539 2548 3578 ex
2597 3521 2854 3579 secundis
2937 3521 3141 3578 Valesii
3192 3523 3382 3588 curis,
3447 3522 3592 3593 apud

2018 3616 2236 3672 Petrum
2268 3617 2316 3672 Ie
2355 3615 2516 3682 Petit,
2546 3613 2723 3670 Paris.
2762 3614 2927 3678 1677,
2969 3615 3064 3670 l'ol.
3101 3613 3312 3669 Exinde
3341 3614 3409 3669 ad
3436 3629 3591 3686 prio-

2018 3734 2134 3776 rem
2162 3717 2248 3774 ed.
2281 3731 2509 3773 recusus
2538 3715 2859 3785 Moguntize,
2900 3723 2959 3769 ut
3001 3715 3165 3770 habet
3204 3713 3426 3778 titulus,
3477 3715 3592 3769 sive

2017 3809 2365 3864 Francofurti
2400 3808 2580 3878 potius
2620 3806 2793 3872 1672,
2860 3806 2976 3869 Iol.,
3009 3817 3062 3862 et
3115 3806 3183 3861 ad
3233 3806 3590 3876 posteriorem

2017 3901 2312 3956 editionem
2337 3899 2701 3955 Parisiensem
2724 3939 2739 3963 ,
2771 3897 3045 3954 Amsterd.
3079 3895 3253 3960 1695,
3298 3894 3420 3960 l'ol.,
3449 3895 3591 3966 typis

2018 3991 2574 4048 Francoi‘urtensibus
2648 3989 2974 4045 Wustianis.
3050 3987 3266 4059 Pagiuae
3331 3987 3586 4051 Eusebii,

2018 4094 2163 4166 quod
2195 4093 2541 4150 vehementer
2568 4091 2890 4156 dolendum,
2929 4092 2983 4144 in
3017 4089 3118 4143 hae
3149 4097 3423 4159 postrema
3445 4087 3588 4142 haud

2017 4185 2350 4259 respondent
2380 4184 2475 4258 (b).
2533 4183 2680 4240 Obiit
2708 4183 2958 4238 Valesius
2987 4180 3234 4246 Parisiis,
3264 4180 3434 4235 Nonis
3463 4179 3589 4233 Maii

2018 4295 2070 4334 a.
2103 4278 2266 4344 1676,
2293 4277 2510 4347 vitaque
2538 4277 2678 4346 ejus,
2709 4290 2740 4330 a
2778 4273 2946 4329 fratre
2979 4273 3222 4330 Adriano
3261 4273 3485 4342 scripta,
3521 4271 3589 4327 ad

2019 4368 2356 4424 Ludovieum
2383 4366 2665 4422 Nublaaum
2691 4407 2705 4432 ,
2749 4373 2872 4436 post
2899 4364 3264 4420 Parisiensem
3294 4363 3589 4418 editionem

2019 4474 2212 4516 recusa
2252 4457 2449 4529 Lipsiae
2481 4456 2642 4523 1680,
2675 4457 2736 4523 8,
2785 4472 2916 4512 cura
2945 4456 3272 4512 nobilissimi
3297 4455 3399 4510 viri
3438 4452 3587 4510 Frid.

3038 4547 3345 4603 selectorum
3389 4545 3590 4614 aliquot

2018 4647 2271 4712 virorum,
2297 4661 2328 4699 a
2349 4643 2491 4699 Guil.
2529 4641 2748 4698 Batesio
2775 4642 3016 4698 collectis
3040 4649 3094 4695 et
3123 4637 3353 4694 Londini
3379 4654 3430 4692 a.
3451 4627 3584 4692 1681

2017 4746 2072 4794 et
2102 4737 2261 4801 1704,
2293 4737 2349 4804 4,
2371 4735 2536 4792 editis
2559 4749 2614 4806 p.
2641 4734 2766 4799 719,
2789 4741 2843 4790 et
2871 4740 2996 4789 ante
3035 4730 3330 4786 Eusebium
3381 4727 3588 4786 Valesii

2017 4828 2148 4884 edit.
2171 4826 2348 4883 Amst.
2378 4825 2539 4894 1695,
2562 4825 2658 4880 fol.
2701 4823 2867 4880 Fssn.

2087 4948 2301 5018 Integra
2331 4944 2536 5003 Valesii
2567 4943 2738 5000 editio
2783 4940 3147 5012 Cantabrigize
3185 4948 3339 4995 tanta
3375 4953 3505 4995 cura
3534 4943 3589 4996 et

2017 5053 2123 5109 [ide
2166 5066 2361 5109 recusa
2392 5058 2514 5121 est,
2555 5057 2616 5108 ut
2666 5050 2832 5108 etiam
2879 5055 3103 5120 peccata
3142 5046 3543 5119 typothetarum
3567 5081 3587 5111 .

2013 5168 2156 5224 datis
2182 5166 2502 5232 lectoribus,
2521 5166 2718 5223 nedum
2750 5165 2960 5221 veniam
2981 5163 3054 5221 ob
3077 5161 3588 5235 quantulascunque

2013 5239 2489 5296 hallucinationes.

2093 5309 2169 5378 (b)
2209 5308 2368 5364 Conf.
2421 5308 2734 5378 uberiorem
2782 5307 3152 5378 recensionem
3185 5301 3234 5378 Ι.
3280 5301 3496 5378 Fabric.
3525 5303 3582 5360 in

2013 5375 2160 5436 Bibl.
2194 5379 2436 5444 Fabric.,
2459 5388 2591 5433 tom.
2622 5375 2686 5443 ll,
2712 5392 2767 5448 p.
2803 5377 2904 5432 396
2935 5393 3080 5448 sqq.,
3107 5376 3221 5448 qui,
3241 5375 3585 5448 animadverg

2015 5456 2100 5518 tit,
2132 5451 2264 5508 edit.
2296 5451 2444 5505 illam
2470 5465 2578 5504 non
2599 5445 2728 5504 esse
2749 5445 2998 5503 recusani
3019 5445 3248 5502 'Amstel.
3279 5445 3453 5511 1695,
3485 5445 3581 5518 sed

2013 5516 2111 5596 per
2144 5521 2388 5596 fraudem
2413 5520 2612 5596 factum
2639 5535 2761 5596 esse
2794 5519 3206 5596 illum_t_itulum,
3230 5532 3353 5596 cum
3403 5517 3476 5572 sit
3507 5516 3584 5596 ip-

2014 5589 2232 5652 sissima
2283 5591 2372 5648 ed.
2431 5590 2903 5662 Franeofurtana,
2949 5589 3582 5662 idemqueualiorum_de

2013 5665 2253 5722 Eusebio
2282 5663 2510 5736 ejusque
2549 5662 2768 5733 scriptis
2813 5654 3139 5736 Valesiique:
3156 5659 3392 5736 editione
3422 5654 3580 5736 all‘ert

2009 5730 2506 5806 judiciaaliecijsa
2555 5730 2672 5801 est,
2707 5739 2800 5788 aut
2852 5730 3048 5786 novuni
3101 5730 3320 5786 titulum
3346 5730 3585 5800 accepit:

2013 5803 2189 5871 Paris.
2222 5805 2378 5863 I746.
2418 5803 2584 5862 Hann.
