4060 6244
490 339 550 395 51
1490 340 1830 399 EUSEBIUS
1868 338 2348 396 CIESARIENSIS
2387 335 2783 394 EPISCOPUS.
3664 336 3740 393 52

489 459 686 523 praeter
719 452 811 508 illa
849 467 971 524 qua:
1013 453 1129 525 ipse
1160 452 1414 512 Valesius
1440 455 1732 524 indicarat,
1763 457 2066 513 retineren-
2093 462 2140 518 Α
2166 452 2292 518 Gr.,
2325 469 2379 523 p.
2410 451 2482 507 ιδ
2500 460 2557 508 et
2586 451 2676 508 65.
2704 482 2776 492 —-
2804 450 2860 505 In
2891 449 3014 505 cod.
3048 448 3274 505 Coiinn.
3310 447 3439 512 565.
3467 447 3559 504 fol.
3610 450 3735 520 H9,

491 552 596 598 tur.
632 541 712 597 En
747 544 1160 615 inscriptionem
1189 564 1203 601 :

561 633 776 690 Eusebii
836 635 1123 706 Pamphili,
1161 638 1406 695 Socratis
1456 639 1792 705 scholastici,
1835 638 2064 696 Hermia:

489 724 791 791 Sozomeni,
822 725 1129 783 Theodoriti
1162 739 1213 784 et
1240 729 1473 801 Evagrii,
1499 732 1622 785 item
1644 731 1993 804 Philostorgii
2013 743 2063 787 et

489 819 750 875 Theodori
780 821 1014 879 Lectoris
1057 842 1176 896 quia
1206 835 1415 880 exstant
1439 866 1454 891 ,
1515 825 1773 883 Historia:
1813 828 2062 883 ecclesia-

486 913 631 965 sticae
672 913 852 969 Greece
899 925 949 969 et
1000 915 1189 971 Latine
1245 918 1301 971 in
1359 927 1463 972 tres
1521 928 1688 973 tomos
1738 919 2057 975 distributae.

486 1004 652 1060 Henr.
718 1006 962 1063 Valesius
1021 1009 1262 1064 ercum
1329 1019 1529 1065 textum
1586 1028 1651 1066 ea:
1715 1031 1846 1069 mss.
1903 1014 2055 1069 codd.

483 1099 812 1165 emendavit,
861 1101 1050 1157 Latine
1093 1105 1279 1170 vertit,
1346 1116 1394 1159 et
1428 1104 1689 1160 adnotatt.
1746 1107 2057 1165 illustravit.

486 1187 731 1249 Gulielm.
795 1193 1029 1267 Reading
1076 1214 1234 1251 novas
1287 1198 1699 1263 elucidationes,
1766 1202 2057 1269 pra'sertim

484 1283 911 1357 chronologicas,
948 1291 1001 1342 iu
1032 1288 1130 1343 hac
1159 1290 1386 1345 editione
1423 1292 1638 1361 adjecit.
1674 1292 2054 1363 Cantabrigiw,

486 1378 619 1447 typis
644 1380 881 1435 academ.
918 1381 1086 1445 1720,
1140 1383 1258 1452 fol.,
1287 1382 1355 1438 II[
1389 1394 1516 1440 tom.
1557 1384 1614 1441 In
1666 1388 1843 1457 primo
1874 1399 2053 1454 tomo,

481 1470 575 1539 qui
623 1473 948 1540 peculiarem
998 1473 1161 1530 habet
1208 1476 1656 1548 inscriptionem,
1706 1482 2057 1537 continentur

481 1559 704 1618 Eusebii
742 1594 806 1603 -—
838 1564 906 1620 E.
944 1565 1018 1621 II.
1055 1567 1178 1621 libri
1230 1567 1423 1625 decem.
1477 1569 1682 1637 Quibus
1721 1573 2057 1643 subjungitur

481 1656 654 1709 oratio
679 1655 1017 1711 Constantini
1045 1658 1113 1712 ad
1144 1669 1355 1715 sanctos
1395 1670 1446 1715 et
1495 1661 1850 1734 Panegyricus
1883 1665 2054 1720 Euse-

482 1748 573 1803 bii.
610 1746 679 1801 Η.
746 1749 921 1805 Vales.
979 1751 1070 1805 Cr.
1134 1761 1331 1807 textum
1380 1755 1588 1808 collatis
1630 1772 1682 1811 Iv
1730 1774 1858 1813 mss.
1897 1758 2050 1815 codd.

2165 555 2251 602 est
2302 546 2457 600 locus
2512 542 2733 600 Eusebii
2774 543 2852 597 De
2887 542 3249 610 Therapeutis,
3297 549 3505 612 septem
3543 549 3739 599 octove

2162 635 2503 704 paginarum.
2551 632 2868 705 (Montl'auc.
2905 632 3046 687 Bibl.
3080 631 3247 687 Coist.
3272 674 3285 700 ,
3319 649 3375 703 p.
3405 631 3555 705 421).
3585 634 3738 690 -—In

2168 727 2239 781 Μ.
2278 726 2580 793 Britannia,
2614 725 2916 782 secundum
2941 724 3116 780 CataI.
3149 725 3334 789 codd.,
3367 727 3421 781 in
3450 728 3574 782 cod.
3603 727 3739 789 Bar-

2163 836 2279 877 roc.
2308 837 2365 876 ιι.
2395 819 2573 885 CIIIC,
2614 819 2811 890 fragm.
2845 835 2911 874 ex
2945 818 3019 874 Η.
3076 817 3143 873 Ε.
3182 826 3235 873 et
3262 818 3479 875 Eusebii
3514 829 3738 875 sentcn~

2160 916 2270 979 tiae,
2288 913 2428 968 inter
2444 910 2567 967 cod.
2585 911 2715 967 bibl.
2733 910 3013 966 Bodleian.
3030 909 3326 965 DCCLXI"
3340 921 3392 966 et
3406 911 3734 978 MCCCXIX,

2160 1007 2300 1062 inter
2343 1004 2504 1061 codd.
2562 1002 2759 1059 Laudi.
2816 1002 2887 1058 Η.
2922 1002 2985 1056 Ε.
3035 1019 3100 1058 ex
3152 1005 3397 1059 versione
3430 1003 3637 1061 Ruﬁni.
3665 1036 3738 1046 —-

2159 1098 2226 1152 Ν.
2270 1096 2748 1161 MMCCLXXVIII,
2784 1095 2857 1151 Π.
2911 1096 2977 1151 Ε.
3035 1095 3129 1151 Gr.
3180 1127 3251 1137 —
3298 1097 3363 1156 N.
3397 1098 3736 1165 MMCDVIII,

2159 1191 2412 1264 synopsis
2450 1191 2521 1245 II.
2553 1189 2792 1246 E.—N.
2813 1189 3342 1255 MMMMMMCDXV,
3375 1192 3572 1247 librili
3594 1191 3733 1265 (sic).

2163 1285 2234 1340 Η.
2268 1283 2335 1339 Ε.
2387 1285 2483 1341 sed
2518 1284 2729 1345 Latine.
2767 1282 2952 1338 credo.
2983 1282 3249 1339 —Oxon.
3301 1284 3355 1338 in
3407 1286 3539 1340 bibl.
3605 1287 3733 1342 coll.

2158 1379 2480 1444 Baliolens.,
2513 1377 2579 1433 N.
2608 1378 2807 1443 ϐενε,
2834 1378 2952 1433 Lat.
2980 1410 3052 1420 —
3073 1380 3134 1434 In
3170 1379 3302 1435 bibl.
3335 1381 3464 1437 coll.
3522 1380 3737 1439 Merton

2157 1466 2480 1538 N.DXCIV,
2532 1471 2604 1526 Il.
2665 1470 2730 1527 Ε.
2770 1473 2863 1526 lib.
2914 1487 2993 1535 χι,
3047 1470 3166 1526 Lat.
3200 1474 3347 1529 —In
3409 1472 3543 1527 bibl.
3604 1477 3731 1531 coll.

2155 1562 2425 1620 Orielcns.
2461 1563 2535 1620 Η.
2579 1562 2646 1619 E.
2708 1563 2829 1620 Lat.
2886 1579 3013 1618 cum
3046 1563 3431 1619 additamentis
3469 1563 3650 1619 Rulini
3680 1575 3735 1621 et

2156 1672 2279 1710 cum
2326 1657 2690 1711 translatione
2747 1655 3013 1725 ejusdem.
3038 1657 3182 1711 ——In
3215 1656 3348 1747 bibl.
3381 1657 3508 1712 coll.
3551 1657 3735 1713 Maria:

2158 1746 2337 1818 Magd.
2374 1746 2699 1811 MMCCCLI,
2729 1747 2845 1803 Lat.
2877 1778 2944 1787 —
2974 1746 3233 1802 Cantabr.
3255 1746 3320 1801 N.
3352 1746 3730 1813 MCCLXXI‘X,

477 1840 800 1907 emendavit,
831 1841 953 1897 Lat.
985 1845 1136 1899 vertit
1168 1856 1215 1900 et
1253 1847 1517 1902 adnotatt.
1550 1847 1862 1906 illustravit.
1895 1850 2043 1905 Hanc

2158 1836 2231 1894 Η.
2270 1837 2335 1893 Ε.
2373 1837 2465 1892 Pr.
2505 1838 2804 1893 Peritorum
2840 1839 3044 1892 dicunt.
3092 1840 3240 1894 --Iu
3283 1840 3412 1896 coll.
3462 1838 3522 1898 S.
3554 1841 3734 1897 Bene-

475 1930 601 1988 edil.
637 1936 834 1989 criticis
866 1936 1102 2006 plurium
1138 1938 1466 1992 eruditorum
1500 1939 1579 2011 (n.
1618 1938 1783 1996 Wilh.
1817 1942 2048 1999 Lowthii

475 2026 771 2081 emendatt.
804 2029 1058 2098 notisque
1084 2029 1214 2085 hist.
1241 2037 1297 2085 et
1323 2029 1386 2085 ν.
1423 2030 1485 2085 L.
1522 2048 1552 2086 a
1577 2031 1780 2088 Merico
1808 2033 2046 2093 Casaub.

476 2116 710 2185 margini
756 2120 989 2190 exempl.
1056 2119 1242 2191 Steph.
1303 2122 2048 2197 ascriptis)observationibus

476 2206 808 2276 locupletavit
839 2210 901 2267 G.
946 2211 1202 2283 Reading,
1229 2210 1361 2269 cieri
1386 2214 1721 2273 Londinens.
1754 2219 2047 2276 bibliothe-

474 2311 614 2361 car.,
639 2297 898 2356 Cantabr.
941 2302 1101 2359 17‘20.
1133 2302 1379 2375 Reading
1403 2321 1643 2376 quoque,
1673 2309 1936 2379 quidquid
1983 2327 2047 2367 ex

474 2387 604 2460 Pagi
636 2392 845 2457 critica,
874 2391 1154 2450 Pearsonii
1184 2395 1481 2451 Annalibus
1503 2398 1854 2470 Cyprianici's,
1885 2402 2046 2459 Cavei

475 2479 622 2536 Hist.
670 2483 799 2548 litt.,
833 2484 1108 2542 Dodwello
1141 2487 1372 2558 aliisque
1402 2490 1509 2545 huc
1561 2493 1890 2561 pertineret,
1925 2495 2050 2550 dili-

473 2579 666 2643 genter
716 2576 1025 2646 congessit,
1081 2585 1136 2632 et
1188 2588 1349 2635 notas
1380 2577 1584 2636 Valesii
1614 2583 1955 2655 aliorumque
1995 2592 2048 2640 ct

474 2680 604 2721 suas
644 2668 811 2722 textui
857 2670 1088 2740 subjecit
1116 2673 1477 2731 commodius.
1512 2673 1626 2729 Sub
1660 2675 1819 2732 ﬁnem
1862 2693 1916 2748 p.
1947 2679 2049 2734 795

473 2772 559 2828 sq.
584 2759 768 2827 posuit
797 2758 863 2815 V.
895 2760 956 2815 L.
992 2763 1200 2819 codicis
1225 2764 1519 2821 Castellani
1546 2775 1601 2823 et
1634 2783 1728 2824 eas
1752 2785 1888 2839 quas
1912 2769 2043 2827 Mer.

472 2850 781 2908 Casaubon.
813 2856 1046 2925 exempl.
1083 2855 1272 2930 Steph.
1300 2873 1464 2914 manu
1498 2861 1847 2930 ascripserat.
1884 2862 2044 2918 Conf.

471 2943 670 3001 Clerici
704 2945 846 3003 Bibl.
880 2950 1129 3004 ancienne
1157 2961 1205 3004 et
1236 2950 1399 3016 mod.,
1432 2962 1564 3007 tom.
1591 2952 1732 3020 XVI,
1752 2971 1807 3026 p.
1831 2955 2042 3026 75-156;

472 3035 628 3092 Acta.
660 3036 876 3104 erudit.,
914 3038 1062 3110 Lips.
1098 3040 1255 3109 1724,
1306 3060 1359 3114 p.
1412 3045 1520 3113 97;
1570 3055 1624 3103 et
1652 3048 2040 3122 Baumgarten,

2151 1929 2305 1995 dicti,
2334 1928 2400 1986 N.
2436 1929 2831 1994 MDCXXVIII,
2864 1931 2988 1984 libri
3037 1946 3091 1984 XI
3178 1930 3379 1988 Euseb.
3419 1931 3489 1987 II.
3526 1933 3591 1987 Ε.
3617 1933 3730 1990 Tit.

2150 2023 2208 2077 in
2237 2030 2346 2078 vet.
2411 2024 2636 2094 scripto,
2676 2022 3053 2077 Ecclesiastica
3086 2023 3209 2078 hist.
3242 2040 3333 2092 per
3382 2024 3497 2080 Ric.
3539 2025 3733 2083 Moth-

2150 2113 2494 2168 cltum.—N.
2519 2116 2909 2182 MMCDXXXI,
2940 2113 3012 2169 II.
3044 2113 3109 2168 E.
3143 2114 3260 2170 Lat.
3294 2147 3363 2156 -—
3407 2117 3465 2172 In
3498 2126 3632 2174 tom.
3662 2119 3727 2185 II,

2149 2205 2321 2259 Catal.
2353 2205 2411 2260 in
2466 2205 2599 2261 bibl.
2638 2212 2776 2261 eccl.
2825 2204 3252 2277 Wigorniensis,
3303 2208 3524 2265 Eusebii
3561 2211 3630 2264 Η.
3660 2214 3727 2266 Ε.

2150 2294 2272 2349 libri
2302 2311 2377 2359 ιιι,
2413 2310 2444 2348 a
2467 2294 2664 2350 Ruﬁno
2687 2297 2854 2362 versi,
2889 2312 2995 2351 una
3026 2314 3152 2352 cum
3183 2315 3221 2353 ιι
3259 2301 3414 2356 libris
3450 2316 3546 2372 per
3576 2318 3732 2357 eunt-

2149 2386 2271 2440 dem
2305 2386 2524 2443 additis.
2548 2418 2618 2428 —
2638 2391 2699 2445 In
2720 2390 2850 2445 bibl.
2880 2391 3077 2446 eccles.
3106 2390 3507 2450 Sarisburicns.
3538 2411 3596 2449 ιι.
3629 2393 3727 2462 Ml,

2153 2476 2223 2533 Η.
2259 2477 2324 2532 Ε.
2359 2480 2539 2535 versio
2570 2478 2772 2545 Ruﬁni,
2808 2481 2995 2535 eadem
3027 2482 3214 2537 forsan
3265 2500 3322 2540 ιι.
3422 2484 3730 2541 MXXII.—-

2145 2569 2204 2624 In
2234 2570 2367 2626 bibl.
2404 2570 2646 2627 Norlolk.
2677 2571 2744 2625 N.
2787 2572 3130 2629 MMMCDVL
3161 2616 3173 2636 ,
3212 2574 3284 2631 Η.
3321 2574 3382 2631 Ε.
3419 2575 3623 2633 Graece.
3653 2607 3727 2620 -—

2146 2658 2290 2716 Inter
2321 2663 2478 2717 codd.
2509 2663 2637 2720 Car.
2680 2662 2930 2736 Theyeri,
2964 2666 3028 2721 N.
3072 2666 3725 2739 MMMMMMDLXXXIX,

2148 2754 2295 2809 Hist.
2332 2755 2427 2809 lib.
2461 2772 2538 2821 x1,
2571 2755 2688 2812 Lat.
2716 2789 2787 2799 -—
2818 2757 2877 2813 In
2910 2759 3041 2814 bibl.
3062 2760 3332 2824 Jacobaaa,
3365 2779 3419 2817 ιι.
3459 2763 3725 2821 MMMMM

2148 2845 2534 2902 MMDCDXVII
2569 2846 2688 2902 Lat.
2720 2878 2794 2890 -—
2820 2851 2881 2905 In
2928 2850 3061 2905 bibl.
3116 2852 3264 2922 regia
3306 2851 3608 2910 Matritensi
3640 2864 3727 2912 cst

2146 2938 2270 2994 cod.
2303 2954 2333 2993 a
2363 2937 2651 2995 Vincentio
2673 2939 2927 2996 Mariner.
2965 2939 3274 3008 Valentino,
3310 2960 3375 2999 ex
3405 2950 3526 3000 cod.
3551 2945 3725 3001 Esco-

2145 3031 2269 3086 rial.
2302 3032 2591 3103 antiquiss.
2621 3032 2714 3103 qui
2740 3034 2994 3088 incendio
3020 3032 3202 3089 forsan
3238 3036 3578 3108 absumptus,
3609 3056 3719 3095 non

475 3126 787 3187 Nachricht.
819 3149 916 3186 von
952 3133 1359 3207 merkwurdigen
1390 3136 1685 3209 Biteherm,
1728 3118 1861 3196 tom‘.
1884 3141 1953 3208 X,
1984 3158 2040 3214 p.

2147 3118 2381 3189 amplius
2410 3128 2609 3185 exstat,
2665 3121 2996 3193 descriptus,
3024 3124 3078 3177 in
3126 3140 3235 3195 quo
3267 3135 3396 3181 sunt
3441 3128 3549 3183 duo
3583 3129 3722 3185 insi-

471 3220 729 3278 310-318.

544 3311 671 3368 Haec
701 3312 986 3388 Readingii
1015 3315 1103 3372 ed.
1138 3331 1335 3374 recusa
1379 3325 1465 3374 est
1517 3317 1708 3375 Turini
1742 3320 1878 3377 1748
1922 3320 2062 3390 fol.,‘

472 3401 542 3457 III
578 3405 708 3459 vol].

542 3493 827 3567 Readingii
880 3498 1096 3563 merita,
1131 3514 1253 3570 quae
1298 3500 1355 3555 in
1400 3501 1589 3557 critica
1626 3503 1845 3572 quidem
1889 3514 2045 3574 parte

474 3586 616 3641 baud
668 3587 804 3643 adeo
853 3587 1088 3660 insignia
1149 3592 1393 3658 fuerunt,
1451 3590 1731 3649 Strothius
1784 3611 2044 3666 superare

471 3678 734 3734 sustinuit
761 3679 817 3734 in
841 3695 981 3736 nova
1008 3682 1141 3737 edit.
1183 3700 1248 3739 ac
1294 3685 1646 3750 recensione,
1678 3687 1837 3758 cujus
1860 3695 2039 3744 tamen

469 3770 703 3840 primum
724 3777 936 3826 tantum
968 3773 1220 3830 volumen
1252 3776 1428 3831 lucem
1457 3777 1704 3846 aspexit:

544 3859 758 3915 Eusebii
804 3860 1068 3932 Pamphili
1115 3862 1369 3920 Historia:
1417 3866 1790 3922 ecclesiasticae
1829 3867 1954 3922 libri
1982 3884 2037 3922 x.

475 3950 724 4020 Ejusdem
786 3952 865 4008 De
902 3951 1024 4008 Vita
1059 3953 1398 4011 Constantini
1455 3956 1578 4011 libri
1608 3975 1679 4014 tv.
1718 3958 1938 4014 Textum
1970 3960 2039 4014 ad

471 4043 627 4113 [idem
660 4044 813 4101 codd.
851 4064 978 4103 mss.
1002 4058 1052 4103 et
1082 4048 1201 4103 edd.
1248 4051 1538 4116 recensuit,
1570 4061 1821 4121 notasque
1869 4052 2041 4105 maxi-

471 4152 611 4189 mam
636 4147 836 4205 partem
866 4141 1079 4195 criticas
1112 4140 1304 4207 adiecit
1338 4139 1388 4193 F
1390 4141 1495 4196 rid.
1530 4142 1699 4195 Andr.
1735 4141 1937 4198 Stroth.
1971 4172 2041 4181 —

471 4227 593 4286 Vol.
642 4231 683 4287 Ι.
738 4230 885 4288 Halaz
917 4233 983 4288 ad
1018 4233 1222 4301 Salam,
1270 4236 1430 4302 1779,
1481 4234 1534 4300 8,
1583 4234 1788 4291 Graece.
1847 4235 2041 4292 Varias

470 4320 623 4376 editt.
684 4330 793 4377 tam
824 4322 920 4379 Gr.
954 4338 1116 4394 quam
1152 4325 1271 4380 Lat.
1326 4327 1578 4394 contulit,
1614 4337 1779 4397 atque
1808 4343 1871 4383 ea
1919 4343 2040 4398 qua:

470 4422 625 4468 antea
652 4413 876 4471 fuerunt
924 4417 1195 4487 dispersa,
1240 4418 1477 4490 collegit,
1524 4419 1580 4473 in
1622 4419 2041 4491 subsidiumque

2147 3209 2270 3280 gnia
2301 3209 2601 3281 fragmenta
2648 3228 2715 3266 ex
2759 3212 2979 3269 Eusebii
3028 3215 3101 3270 ll.
3142 3216 3231 3282 E.,
3264 3218 3415 3287 prius
3447 3220 3582 3290 Περὶ
3615 3220 3724 3276 τῶν

2147 3301 2438 3374 μαρτύρων
2463 3303 2572 3358 τῶν
2603 3306 2661 3358 ὲν
2691 3307 3019 3379 Καισαρείᾳ,
3056 3308 3162 3362 ὑπὸ
3188 3309 3282 3363 τοῦ
3338 3312 3723 3383 Διοκλητιανοῦ

2143 3397 2239 3449 καὶ
2281 3396 2587 3469 Μαξιμινου
2639 3401 3121 3473 μαρτυρησάντων,
3147 3404 3289 3474 quod
3314 3403 3427 3473 jam
3450 3412 3536 3460 est
3559 3421 3721 3460 excu-

2143 3500 2264 3540 sum
2292 3487 2347 3541 in
2364 3488 2450 3543 ed.
2484 3488 2735 3557 Eusebii;
2770 3492 3038 3560 posterius
3069 3494 3204 3565 Περὶ
3228 3493 3337 3547 τῶν
3364 3494 3504 3548 κατὰ
3536 3496 3722 3567 διαφό-

2144 3596 2273 3650 ρους
2297 3582 2521 3653 καιροὺς
2542 3584 2601 3636 ὲν
2627 3583 2909 3654 διαφόροις
2933 3584 3117 3639 πόλεσι
3167 3586 3519 3660 ἀολησάντων
3553 3589 3723 3659 ἁγίων

2145 3672 2459 3744 μαρτύρων,
2492 3676 2659 3746 quod.
2694 3679 2821 3746 quia
2852 3679 3093 3733 nondum
3125 3679 3330 3734 editum
3375 3693 3481 3745 est,
3527 3682 3722 3737 Iriarte

2142 3764 2197 3817 in
2223 3764 2398 3821 Catal.
2455 3768 2608 3823 codd.
2647 3766 2741 3823 Cr.
2800 3769 3045 3836 Matrit.,
3100 3788 3153 3842 p.
3197 3771 3473 3840 548-552,
3510 3775 3721 3845 primus

2139 3857 2412 3927 cvulgavit
2434 3857 2637 3914 Graece.
2659 3890 2727 3901 --
2757 3860 2813 3915 In
2849 3863 2980 3918 bibl.
3008 3863 3263 3920 Leidensi
3296 3864 3370 3920 Η.
3408 3865 3473 3919 Ε.
3526 3866 3719 3921 Latine

2144 3944 2207 4003 V.
2234 3947 2433 4013 Catal.,
2477 3966 2531 4021 p.
2581 3952 2706 4016 559,
2761 3971 2818 4009 ιι.
2851 3956 2903 4013 1.
2934 3987 3005 3997 —-
3039 3955 3288 4022 Taurini,
3320 3959 3377 4012 in
3402 3959 3534 4014 bibl.
3568 3959 3716 4031 regia

2140 4038 2282 4094 inter
2315 4040 2473 4097 codd.
2510 4040 2626 4097 Lat.
2654 4042 2832 4099 Ruﬁni
2867 4047 3045 4102 versio
3080 4048 3133 4102 in
3161 4049 3323 4104 codd.
3357 4048 3537 4113 DLIX.
3576 4051 3711 4107 DLX

2138 4143 2194 4189 et
2233 4132 2490 4189 DLXXV.
2540 4167 2609 4176 -——
2655 4136 2945 4193 Florentia:
2987 4139 3040 4193 in
3093 4140 3223 4195 bibl.
3269 4140 3434 4196 Laur.
3477 4142 3717 4200 Mcdicea

2141 4224 2261 4280 cod.
2299 4236 2500 4283 vetust.
2535 4226 2646 4292 Vll,
2681 4230 2820 4299 plut.
2858 4232 2944 4299 70,
2972 4231 3038 4286 de
3071 4247 3181 4302 quo
3215 4236 3456 4289 nondum
3481 4252 3719 4294 excusso

2141 4321 2349 4375 multus
2386 4328 2470 4376 est
2500 4320 2731 4377 Bandin.
2760 4324 2813 4378 in
2844 4325 2964 4379 Cat.
2998 4325 3158 4380 codd.
3194 4324 3288 4382 Gr.
3317 4326 3380 4392 II,
3409 4345 3460 4399 p.
3493 4330 3599 4385 666
3628 4347 3713 4401 sq.

2140 4442 2211 4452 —
2242 4412 2375 4467 Ibid.
2413 4412 2535 4467 cod.
2573 4412 2714 4479 XXI,
2746 4432 2801 4470 ιι.
2834 4417 2889 4481 Δ,
2920 4418 3056 4488 plut.
3096 4420 3182 4484 70,
3215 4421 3281 4477 de
3306 4437 3414 4492 quo
3449 4423 3573 4477 cod.
3601 4439 3717 4479 me-

474 4507 689 4559 vocavit
718 4506 977 4564 Ruﬁnum
1022 4524 1086 4565 ac
1113 4508 1478 4581 Nicephorum
1509 4511 1777 4581 aliosque.
1807 4512 1924 4578 Qua
1952 4513 2036 4566 di-
2068 4512 2113 4566 Β
2143 4504 2417 4568 moram“.
2451 4505 2542 4574 (ιιιί
2579 4515 2785 4576 Partem
2810 4507 2936 4562 libri
2983 4508 3061 4563 De
3089 4512 3411 4581 ηιανιεινίὸαδ
3448 4514 3500 4566 δη
3533 4513 3714 4569 Palat‘

467 4593 686 4664 Iigentia
707 4598 905 4667 eﬁ‘ecit,
941 4607 998 4654 ut
1040 4600 1319 4655 meliorem
1354 4608 1646 4657 contextus
1675 4599 1905 4655 formam
1950 4610 2034 4655 at-

466 4701 572 4754 que
614 4689 1055 4748 constitutionem
1105 4686 1418 4764 eliingeret.’
1435 4690 1493 4747 In
1523 4694 1684 4763 longa
1718 4690 2034 4763 pratiatione

468 4776 751 4832 historiam
778 4783 1021 4838 criticam
1059 4791 1168 4838 tam
1211 4784 1461 4839 codicum
1494 4795 1549 4839 et
1576 4784 1792 4840 Eusebii
1825 4791 1879 4840 et
1918 4784 2034 4837 Ru-

465 4868 557 4922 ﬁni
583 4869 965 4939 plurimorum,
998 4875 1338 4946 aliorumque
1396 4874 1766 4931 subsidiorum
1801 4875 2034 4946 scripto.

463 4977 606 5026 rum,
638 4977 800 5033 quam
855 4966 1155 5022 editionum
1214 4966 1469 5023 confecit.
1514 4968 1696 5035 Quare
1755 4968 1822 5024 de
1867 4968 2028 5024 codd.

464 5066 599 5108 mss.
634 5053 907 5125 praecipue
932 5054 1110 5113 Ruﬁni
1140 5057 1374 5122 Latinis,
1407 5057 1589 5135 licebit
1624 5059 1780 5115 nobis
1808 5074 1929 5116 esse
1967 5075 2032 5115 eo

462 5144 827 5202 brevioribus.
875 5178 948 5188 —
979 5147 1037 5202 In
1073 5151 1199 5205 bibl.
1231 5151 1448 5222 publica
1477 5149 1655 5206 Paris.
1689 5162 1772 5206 est
1817 5153 1872 5206 in
1905 5153 2030 5208 cod.

462 5231 672 5287 CDXIV
739 5235 880 5290 liber
938 5252 991 5305 ι;
1054 5266 1123 5277 -
1176 5242 1229 5294 in
1298 5248 1421 5296 octo
1479 5240 1638 5295 codd.
1709 5241 2033 5297 MCDXXX-

465 5324 851 5381 MCDXXXVII
883 5328 1070 5384 decem
1097 5329 1222 5385 libri
1260 5341 1428 5399 sunt,
1460 5331 1733 5387 interdum
1766 5335 1907 5389 haud
1950 5337 2035 5391 in-

463 5419 632 5487 tegri;
681 5420 963 5477 confector
1004 5436 1133 5476 vero
1164 5422 1429 5490 Catalogi.
1483 5432 1614 5479 tom.
1642 5424 1703 5488 II,
1741 5440 1863 5495 pag.
1904 5427 2032 5495 517,

463 5509 863 5575 animadvertit,
893 5514 1097 5570 codicis
1120 5506 1431 5571 MCDXXXI
1460 5534 1582 5588 ope,
1608 5533 1708 5572 nec
1741 5536 1770 5572 a
1794 5516 2031 5586 Valesio,

465 5613 623 5654 neca
657 5603 866 5658 caneris
915 5604 1038 5673 visi,
1095 5606 1277 5677 operis
1317 5607 1461 5665 illius
1518 5608 1810 5664 editionem
1872 5625 2034 5680 posse

468 5690 641 5747 multo
670 5693 1097 5751 emendatiorem
1133 5698 1390 5768 prodire;
1423 5701 1545 5756 libri
1569 5712 1750 5758 autem
1812 5702 2031 5773 septimi

468 5793 625 5853 capp.
649 5780 716 5837 15
740 5790 797 5838 et
825 5783 890 5840 16
917 5785 1237 5846 desiderari.
1262 5788 1416 5846 Adde
1432 5790 1729 5852 Montt‘auc.
1766 5794 2030 5866 Palceogr.

424 6150 1409 6240 M

2136 4592 2278 4645 stina
2308 4594 2481 4661 passis
2512 4594 2651 4650 libro
2682 4610 2778 4650 vm
2814 4595 2878 4653 E.
2916 4597 3014 4663 Η.,
3042 4607 3244 4669 partem
3280 4612 3457 4657 autem
3511 4604 3650 4657 libro
3681 4620 3715 4658 ι

2137 4683 2436 4753 subjectam
2467 4694 2521 4741 et
2548 4688 2653 4741 alia
2696 4688 2878 4754 habet,
2902 4706 2952 4745 v.
2973 4691 3203 4748 Bandin.
3247 4694 3284 4749 Ι.
3320 4709 3396 4760 c.,
3424 4711 3477 4766 p.
3514 4696 3719 4750 681.—

2140 4775 2380 4832 Venctiis
2418 4778 2470 4833 in
2494 4781 2625 4836 bibl.
2652 4781 2717 4838 Ι).
2755 4782 2921 4838 Marci
2950 4784 3023 4839 Η.
3056 4785 3122 4841 Ε.
3156 4788 3251 4843 lib.
3287 4804 3343 4854 ι,
3374 4787 3494 4852 Gr.,
3525 4790 3580 4844 in
3609 4791 3713 4844 tri-

2136 4867 2239 4924 bus
2266 4869 2427 4924 codd.
2460 4872 3249 4945 CCCXXXVll-CCCXXXIX;
3284 4898 3338 4936 v.
3396 4881 3515 4939 Cat.
3550 4884 3709 4940 codd.

2135 4960 2254 5025 (ἐι-η
2284 4976 2338 5031 p.
2372 4962 2476 5016 156
2508 4980 2616 5033 sq.,
2649 4973 2703 5019 et
2743 4966 2798 5020 in
2840 4969 3015 5024 tribus
3055 4972 3217 5027 codd.
3263 4973 3360 5027 lat.
3403 4973 3711 5029 CCCXLV-

2135 5053 2459 5110 CCCXLVII
2508 5056 2579 5114 Η.
2625 5058 2687 5114 Ε.
2726 5075 2756 5113 a
2799 5058 2996 5115 Ruﬁno
3038 5080 3227 5132 versa;
3275 5085 3324 5121 ν.
3376 5065 3498 5123 Cat.
3551 5069 3708 5125 codd.

2136 5146 2283 5214 Lat.,
2315 5164 2436 5220 pag.
2463 5151 2565 5205 146
2589 5168 2673 5222 sq.
2698 5183 2765 5191 —
2790 5152 2923 5208 Ibid.
2955 5155 3011 5210 in
3036 5158 3159 5211 cod.
3188 5158 3411 5215 Macarii
3449 5161 3706 5236 Ῥοδωνιᾷ

2137 5251 2265 5297 sunt
2310 5252 2563 5315 excerpta
2615 5262 2679 5301 ex
2722 5245 2945 5302 Eusebii
2996 5249 3066 5303 II.
3104 5249 3196 5315 E.,
3230 5261 3369 5308 teste
3415 5253 3707 5312 Villoisnn.

2138 5334 2191 5388 in
2217 5336 2412 5391 Anecd.
2450 5335 2571 5401 Gr.,
2612 5346 2743 5392 tom.
2788 5337 2849 5403 II,
2893 5355 3016 5411 pag.
3044 5341 3131 5397 71.
3160 5373 3227 5383 -—
3261 5342 3618 5413 Vindobonac,
3655 5350 3706 5403 in

2135 5427 2268 5481 bibl.
2300 5427 2530 5492 Caesam,
2565 5431 2688 5484 cod.
2716 5430 2852 5485 XLII
2886 5434 2941 5488 in
2976 5441 3165 5491 catena
3209 5436 3265 5489 in
3298 5435 3354 5490 S.
3388 5435 3593 5493 Lucam
3623 5450 3706 5494 est

2137 5521 2330 5593 longus
2358 5524 2512 5579 locus
2549 5523 2617 5579 de
2644 5526 2923 5580 nativitate
2963 5526 3164 5582 Chriin
3198 5545 3261 5584 ex
3289 5528 3507 5586 Eusebii
3536 5532 3607 5585 H.
3636 5533 3702 5587 E.

2133 5611 2258 5667 libr.
2288 5630 2326 5681 ι,
2354 5629 2475 5685 cap.
2507 5615 2540 5669 6
2563 5622 2617 5670 et
2647 5615 2696 5679 7,
2723 5616 2880 5684 cujus
2905 5617 3406 5676 codicislectioncm
3423 5622 3578 5678 valde
3607 5624 3705 5679 dif-

2135 5702 2280 5760 ferre
2305 5706 2373 5760 ab
2400 5706 2584 5771 editis,
2609 5708 2919 5763 observavit
2946 5707 3270 5769 Lambecius
3297 5712 3588 5769 Comment.
3615 5732 3703 5781 ιιι,

2136 5812 2189 5868 p.
2231 5798 2331 5855 165
2366 5815 2480 5871 seq.
2511 5829 2582 5842 -
2613 5799 2875 5869 Excerpta
2909 5804 3161 5870 quaedam,
3196 5823 3265 5864 es
3289 5807 3356 5862 Η.
3392 5806 3456 5862 Ε.
3494 5807 3553 5862 in
3575 5811 3699 5866 cod.
