4060 6244
336 377 411 434 55
1812 355 1938 413 ΝΟΊ

2038 355 2116 411 lA.
3520 353 3587 409 54

338 486 690 552 CCCXXX“,
720 504 779 543 n.
826 485 916 553 ιε,
949 483 1204 538 Lambec.
1239 479 1308 545 ν,
1338 496 1394 550 p.
1430 478 1535 534 614
1564 493 1650 548 sq.
1672 505 1744 517 ——
1774 474 1921 531 Mos-
1950 481 1996 536 Α
2024 472 2403 543 Bruggemann
2453 469 2612 538 View,
2641 476 2774 536 etc.,
2821 485 2877 541 p.
2908 469 3015 526 595
3047 484 3170 541 sqq.
3199 500 3269 511 —
3289 469 3589 543 Epistolam
3622 476 3628 481 ’

339 601 465 657 qua:
494 590 615 639 sunt
643 580 685 633 ll
729 578 893 634 codd.
925 607 994 617 —
1028 573 1402 629 Montfaucon.
1449 572 1506 626 in
1542 569 1683 625 Bibl.
1726 568 1915 621 biblio-

342 676 541 729 tltecar.
578 688 709 725 mss.
745 668 1016 724 inﬁnitam
1053 680 1194 736 pene
1237 664 1451 733 copiam
1485 677 1617 718 mss.
1661 675 1786 715 cum
1815 658 1913 716 Gr.

339 775 454 819 tum
500 762 741 817 maxime
788 758 1135 823 Latinorum,
1180 756 1235 810 in
1280 754 1413 809 bibl.
1465 752 1643 807 Vatic.
1686 752 1921 822 aliisque

339 861 647 925 obviorum,
690 854 980 927 producit;
1027 849 1174 923 quod
1228 850 1447 920 quidem
1494 847 1800 912 iudicasse,
1849 861 1919 902 ne

340 953 509 1009 nimis
544 951 812 1006 verbosus
846 946 996 1009 ﬁam,
1034 942 1285 999 sulliciat.
1320 941 1491 995 ΗΑιιι..

411 1043 762 1105 Germanice,
790 1037 1011 1093 Eusebii
1050 1044 1105 1091 et
1157 1034 1339 1089 Ruﬁni
1371 1042 1534 1104 atque
1568 1031 1918 1100 Tripartitam

348 1138 651 1194 Historiam
685 1149 809 1189 cum
851 1129 1263 1187 continuatione
1291 1143 1465 1197 usque
1492 1126 1559 1181 ad
1591 1126 1654 1180 A.
1683 1124 1747 1179 C.
1780 1124 1921 1180 1545

342 1230 514 1287 edidit
542 1228 606 1285 D.
639 1226 849 1297 Gaspar
874 1220 1493 1292 Hedion.Argentorati,
1524 1218 1666 1291 apud
1699 1217 1749 1272 J.
1784 1217 1921 1272 Her-

345 1320 605 1392 wagium,
644 1316 797 1377 1545,
830 1313 925 1369 fol.
960 1311 1125 1366 Fssn.
1160 1340 1230 1350 -—-
1268 1308 1331 1364 lt.
1372 1307 1628 1363 Francol‘.
1667 1308 1733 1362 ad
1781 1306 1918 1361 Μω-

345 1430 501 1468 num.
531 1410 689 1466 1582.
717 1408 810 1462 l'ol.
843 1437 912 1447 ——
942 1405 1171 1459 Auctior
1201 1408 1352 1473 paate
1380 1418 1433 1456 tv
1467 1416 1590 1456 cum
1627 1400 1921 1455 continua-

345 1510 497 1562 tione
529 1505 596 1560 ab
626 1520 676 1557 a.
720 1501 880 1557 1545.
910 1514 1086 1569 usque
1115 1497 1181 1551 ad
1208 1514 1257 1550 a.
1287 1496 1445 1557 1607,
1468 1493 1658 1561 Basil.,
1700 1509 1788 1564 ap.
1824 1491 1924 1547 Se-

346 1600 491 1654 bast.
527 1594 744 1649 Henric.
777 1590 949 1655 Petri,
974 1588 1154 1645 fol.—
1176 1587 1396 1642 Eusebii
1425 1584 1922 1657 Kirchengeschich-

350 1697 434 1750 te,
488 1702 583 1739 aus
625 1685 741 1738 dem
796 1680 1004 1735 Griech.
1060 1708 1133 1720 —
1196 1677 1313 1732 Und
1370 1679 1464 1730 mit
1522 1678 1921 1749 Anmerkungen

352 1780 603 1833 erldutert
633 1792 726 1831 von
774 1773 930 1828 Frid.
963 1771 1134 1827 Andr.
1166 1770 1392 1833 Stroth.,
1430 1769 1721 1836 Quedlinb.
1759 1772 1918 1835 1777,

350 1872 408 1935 8,
441 1870 484 1924 ll
509 1878 645 1925 tom.
686 1867 861 1921 Hum.
899 1864 1169 1934 Excerpta
1207 1864 1262 1917 in
1290 1861 1566 1919 Roessleri
1594 1862 1737 1918 Bibl.
1777 1862 1918 1931 PP.,
1954 1841 1994 1897 Β

352 1972 490 2020 tom.
522 1962 614 2027 ιν,
651 1978 707 2032 p.
738 1963 763 2016 1
800 1976 921 2031 sqq.

428 2055 641 2126 Belgica
680 2053 882 2125 prodiit
918 2049 1179 2106 Dordraci
1225 2048 1389 2112 1615,
1430 2048 1524 2103 fol.
1576 2046 1744 2103 FABR.
1780 2080 1851 2089 —
1878 2048 1922 2103 E

357 2146 550 2203 Graeco
585 2162 829 2202 sermone
863 2144 916 2209 in
943 2143 1218 2215 Belgicam
1253 2141 1534 2197 transtulit
1568 2150 1622 2197 et
1651 2143 1919 2198 adnotatt.

358 2240 670 2295 illustravit.
719 2239 850 2291 Abr.
905 2238 1076 2291 Arent
1134 2250 1235 2289 van
1274 2233 1342 2290 de
1380 2233 1651 2297 Meersch,
1689 2236 1919 2291 Amstel.

356 2331 515 2395 1749,
546 2330 600 2383 4.
644 2327 708 2385 V.
750 2328 959 2383 Krohn.
991 2326 1168 2382 Catal.
1211 2324 1336 2380 bibl.
1369 2342 1501 2390 sum,
1536 2343 1589 2397 p.
1624 2326 1715 2381 90.
1745 2325 1920 2381 ΒΑΜ..

424 2424 670 2495 Anglice,
707 2438 803 2493 per
859 2420 1165 2476 Samuelem
1211 2418 1514 2475 Parkerum
1551 2435 1741 2475 versos
1771 2427 1825 2474 et
1868 2421 1926 2474 in

353 2519 631 2591 epitomeu
662 2516 918 2570 redactos
951 2513 1168 2568 Eusebii
1200 2513 1372 2568 libros
1406 2529 1440 2567 x
1472 2512 1730 2569 Historia:
1764 2513 1927 2567 eccle-

357 2613 609 2672 siasticas,
640 2609 806 2663 didici
831 2624 896 2663 ex
921 2605 1155 2660 Novellis
1191 2604 1334 2675 Reip.
1369 2606 1649 2661 litterariis
1674 2620 1726 2661 a.
1765 2605 1924 2671 1705,

358 2720 547 2760 mense
576 2705 841 2772 Augusto,
874 2715 993 2770 pag.
1026 2698 1151 2753 2:29.
1177 2695 1345 2753 FABR.
1371 2730 1441 2740 --
1465 2697 1704 2762 Eusebii,
1739 2696 1931 2751 Socra-

360 2797 433 2853 tis
458 2804 515 2851 et
547 2794 763 2865 Evagrii
798 2792 869 2846 Η.
902 2789 970 2847 Ε.
1001 2805 1124 2845 cum
1153 2787 1421 2843 Dorotheo
1452 2789 1530 2844 De
1558 2791 1678 2844 vitis
1707 2788 1928 2858 prophe-

363 2897 564 2950 tarum,
617 2886 976 2955 apostolorum
1019 2891 1067 2937 et
1113 2879 1268 2933 LXX
1304 2882 1686 2951 discipulorum
1735 2882 1791 2937 in
1828 2882 1932 2936 lin-

361 2996 527 3053 guam
558 2981 836 3049 Anglicam
876 2977 1143 3034 convertit
1187 2977 1445 3032 Mereditb
1482 2974 1758 3039 Hammer,
1790 2973 1933 3028 Lon-

366 3074 484 3129 dini
513 3073 673 3138 1577,
708 3073 867 3138 1585,
900 3072 1064 3137 1607,
1101 3071 1260 3134 1656,
1286 3078 1361 3132 ct,
1395 3068 1580 3123 addita
1636 3067 1759 3121 Vita
1791 3065 1934 3122 Con-

370 3166 593 3219 stantini
631 3166 709 3221 H.
747 3180 814 3221 ex
858 3162 1046 3219 Graeco
1083 3162 1300 3218 Eusebii
1347 3159 1574 3232 Anglice
1617 3174 1793 3222 versa,
1836 3173 1936 3230 per

374 3258 515 3330 Wye
539 3256 886 3320 Saltonl‘tall.,
918 3256 1091 3312 Lond.
1125 3256 1285 3319 1650,
1315 3254 1400 3320 F.,
1432 3269 1545 3309 rec.
1585 3267 1707 3307 cum
1733 3250 1937 3306 Valesii

373 3355 639 3409 sdnotalt.
699 3352 960 3407 Cantabr.
1016 3350 1177 3412 1685,
1228 3349 1386 3416 1692,
1429 3347 1588 3408 1696,
1638 3346 1798 3412 1709,
1842 3344 1934 3401 fol.

369 3478 441 3488 —
462 3446 680 3501 Eusebii
706 3444 777 3501 H.
812 3443 877 3498 E.
910 3444 1082 3499 libros
1113 3459 1149 3497 x
1170 3442 1393 3513 Anglice
1425 3442 1585 3496 vertit
1609 3451 1663 3497 et
1682 3453 1940 3508 compen-

367 3541 557 3597 difecit
587 3540 735 3594 Sam.
761 3537 983 3601 Parker,
1009 3536 1229 3609 praeﬁxa
1264 3536 1404 3591 diss.
1428 3532 1506 3588 De
1528 3550 1627 3587 usu
1652 3541 1810 3602 atque
1838 3547 1932 3583 au-

368 3635 614 3690 ctoritate
651 3631 722 3685 H.
760 3630 825 3685 E.
857 3640 905 3684 et
937 3632 1042 3684 vita
1074 3628 1305 3690 Eusebii,
1340 3635 1445 3681 etc.
1485 3623 1741 3687 Londini,
1780 3622 1935 3684 1705,

369 3726 544 3792 8;el,
577 3722 760 3777 addito
797 3730 945 3777 temo
972 3720 1034 3786 ll,
1083 3737 1130 3776 s.
1171 3719 1407 3789 epitome
1442 3715 1514 3770 Η.
1563 3713 1629 3768 E.
1672 3709 1938 3774 Socratis,

374 3815 662 3872 Sozomeni
690 3827 743 3872 et
762 3814 1099 3875 Theodoriti,
1122 3828 1219 3882 per
1242 3810 1491 3865 eumdem
1518 3805 1744 3861 Parker.
1766 3803 1941 3858 Lond.

375 3908 538 3972 1729,
567 3909 619 3963 4.
646 3941 716 3949 —
739 3907 883 3964 Loca
905 3907 1151 3978 quaedam
1176 3903 1392 3958 Eusebii
1421 3911 1476 3957 et
1511 3899 1758 3978 Socratis
1784 3911 1944 3952 versa

378 4004 436 4057 in
468 4000 720 4056 Whistou
757 3975 1044 4055 Collection
1085 3997 1147 4065 of
1168 3996 1372 4049 ancient
1420 3975 1769 4047 monuments.
1802 3987 1938 4042 rela-

378 4096 491 4164 ting
539 4104 589 4148 to
630 4092 959 4163 theITrinity
995 4091 1099 4144 and
1146 4086 1513 4147 Incarnation,
1555 4090 1659 4139 etc.
1703 4079 1945 4135 Londin.

380 4186 539 4248 1715,
582 4186 638 4250 8,
679 4185 881 4255 passim
913 4213 985 4224 -—
1024 4182 1270 4252 Epitome
1306 4200 1319 4234 :
1364 4178 1448 4233 An
1489 4173 1860 4244 Abridgement
1892 4171 1955 4240 of

378 4277 638 4332 Eusebius
682 4276 989 4345 Pamphilus
1028 4271 1423 4329 Ecclesiastical
1455 4268 1708 4336 History,
1744 4267 1802 4319 in
1849 4274 1946 4318 two

379 4378 555 4438 parts.
588 4366 717 4421 Part
741 4382 779 4432 ι,
808 4366 846 4419 Α
884 4363 1249 4433 compendious
1283 4357 1748 4415 commemoration
1779 4354 1841 4423 of
1863 4354 1948 4407 the

382 4456 761 4512 remarkablest
801 4453 1171 4524 Chronologies
1220 4451 1384 4506 which
1426 4466 1516 4503 ore
1568 4444 1844 4502 contained
1891 4444 1946 4497 in

2015 562 2273 619 Ecclesiae
2299 562 2696 635 Smyrnaeensis
2724 562 2792 617 de
2821 563 3083 633 martyrio
3108 560 3391 634 Polycarpi
3409 563 3592 638 (cujus

2016 669 2211 726 magna
2232 669 2364 726 pars
2381 664 2465 711 est
2488 655 2544 709 in
2573 653 2796 709 Eusebii
2826 652 2899 706 Η.
2940 653 3003 707 Ε.
3032 669 3107 718 ιν,
3135 653 3224 719 15,
3245 663 3300 709 et
3325 656 3394 712 ab
3427 655 3592 712 Usse—

2018 745 2102 799 rio
2123 743 2419 815 separatim
2448 744 2618 811 edita)
2651 750 2814 814 atque
2842 743 3126 813 epistolam
3155 742 3590 801 Christianorum

2019 837 2469 909 Lugdunensium
2498 853 2563 893 ac
2589 837 2981 895 Viennensium
3011 838 3233 910 Anglice
3255 840 3416 894 vertit
3433 849 3594 911 atque

2017 931 2276 1002 explicuit
2315 929 2379 986 D.
2432 929 2744 1002 Dalrymple
2785 932 2852 987 de
2894 930 3076 987 Hailes
3117 932 3173 986 in
3209 949 3224 986 :
3262 930 3499 986 Account
3539 931 3596 1001 of

2020 1026 2103 1081 the
2129 1036 2363 1097 martyrs
2391 1035 2448 1080 at
2477 1024 2706 1097 Smyrna
2727 1026 2831 1080 and
2860 1025 3007 1097 Lyon
3037 1027 3092 1080 in
3129 1025 3211 1079 the
3238 1025 3431 1081 second
3476 1042 3596 1081 cen-

2020 1127 2161 1188 tury,
2197 1118 2320 1173 with
2357 1117 2703 1187 explanatory
2740 1125 2906 1173 nates.
2952 1115 3295 1186 Edimburg.,
3341 1114 3498 1180 1776,
3539 1114 3594 1170 8.

2020 1209 2088 1264 γ.
2122 1227 2244 1282 quas
2285 1211 2470 1266 notavi
2504 1210 2563 1265 in
2616 1208 2827 1264 Introd.
2872 1209 2929 1262 in
2982 1208 3108 1264 hist.
3153 1207 3219 1265 L.
3259 1207 3378 1275 (in,
3404 1207 3498 1275 .ll,
3537 1207 3595 1274 2,

2020 1319 2075 1374 p.
2110 1302 2237 1359 222.

2092 1393 2151 1450 lu
2183 1396 2425 1468 linguam
2452 1391 2691 1448 Italicam
2735 1407 2802 1447 ex
2839 1389 2959 1446 Lat.
2996 1391 3248 1447 versione
3290 1398 3374 1449 est
3418 1398 3597 1445 trans-

2024 1490 2132 1544 lata
2166 1488 2238 1543 Il.
2386 1485 2579 1543 Venet.
2629 1485 2786 1550 1547,
2817 1486 2869 1541 8.
2906 1469 2970 1542 v.
3020 1485 3236 1541 Paitoni
3269 1485 3412 1539 Bibl.
3459 1484 3597 1555 dein

2023 1579 2601 1650 outori-volgarizzoti,
2649 1587 2784 1631 tom.
2835 1575 2901 1640 ll,
2938 1592 2993 1648 p.
3036 1575 3219 1632 59.-——
3264 1576 3339 1632 De
3384 1576 3599 1632 Conone

2021 1675 2287 1728 librorum
2316 1671 2382 1727 N.
2412 1670 2476 1727 T.
2509 1670 2807 1727 secundum
2851 1668 3143 1726 Eusebium
3173 1669 3295 1725 vide
3341 1684 3508 1739 supra
3543 1670 3599 1725 in

2023 1767 2131 1821 vol.
2169 1764 2259 1829 ιν,
2292 1780 2416 1836 pag.
2453 1764 2550 1819 851
2608 1778 2747 1833 seq.,
2778 1762 2978 1832 quibus
3000 1763 3166 1818 addes
3197 1762 3464 1818 vindicias
3490 1762 3600 1818 Eu-

2025 1858 2161 1915 sebii
2193 1872 2224 1910 a
2252 1855 2302 1912 .l.
2340 1856 2471 1911 Ern.
2519 1855 2835 1911 Christiano
2876 1853 3124 1911 Schmidt
3167 1854 3423 1925 scriptas,
3467 1855 3596 1909 uber

2026 1952 2127 2007 den
2171 1948 2366 2005 Kanon
2396 1950 2486 2004 des
2532 1948 2793 2003 Eusebius
2839 1949 2896 2003 in
2932 1947 3159 2005 Henckii
3207 1947 3457 2019 Magazin
3510 1948 3599 2017 [ἄν

2027 2037 2636 2113 Religionsphilosophie,
2660 2038 2887 2110 Exegese
2914 2038 3027 2094 und
3057 2037 3596 2109 Kirchcngeschichte,

2030 2144 2160 2188 tom.
2190 2131 2255 2196 V,
2283 2141 2425 2202 part.
2459 2145 2543 2195 Ill,
2576 2147 2633 2185 n.
2666 2130 2756 2196 16,
2800 2129 2956 2194 1796,
2988 2130 3042 2186 8.
3077 2129 3370 2185 Eusebium
3410 2130 3602 2185 defen-

1982 2228 1987 2247 ⁴
2028 2227 2108 2282 dit
2147 2233 2340 2281 contra
2373 2222 2443 2278 Μ.
2479 2222 2681 2279 Weber
2728 2222 2786 2276 in
2849 2222 3142 2292 Beytrogen
3170 2237 3269 2275 sur
3305 2221 3604 2277 Geschichte

2028 2317 2119 2371 des
2172 2315 2724 2371 neutestamentlichen
2777 2311 3024 2379 Konons,
3081 2331 3134 2384 p.
3188 2314 3289 2369 142
3336 2329 3514 2386 seqq.,
3550 2322 3605 2370 et

2029 2408 2290 2478 ostendit,
2324 2408 2616 2465 Eusebium
2641 2409 2978 2480 distinguere
3008 2424 3062 2463 Iv
3081 2408 3287 2464 classes
3314 2406 3601 2463 librorum.

2031 2501 2203 2556 Hum.

2103 2591 2330 2657 Gallice,
2380 2592 2610 2649 Claudio
2658 2589 2953 2663 Seysselio,
3003 2591 3420 2662 archiepiscopo
3458 2591 3605 2647 Tau-

2036 2682 2243 2739 rinensi
2272 2682 2588 2753 interprete,
2625 2695 2747 2750 quae
2775 2680 2958 2735 versio
2987 2679 3241 2734 laudatur
3284 2680 3339 2734 in
3371 2679 3606 2738 Morierii

2036 2772 2420 2845 Speciminibus
2443 2773 2717 2827 litterariis
2736 2772 2939 2839 (Essais
2956 2770 3022 2827 de
3044 2770 3364 2834 littérature,
3388 2780 3519 2826 tom.
3558 2772 3600 2837 Ι,

2034 2883 2158 2939 pag.
2199 2867 2288 2938 55)
2322 2885 2335 2922 :
2376 2880 2443 2921 ex
2488 2865 2934 2935 interpretatione
2966 2863 3103 2918 Lud.
3137 2861 3381 2919 Cousini.
3431 2862 3602 2918 Paris.

2038 2960 2177 3016 1675
2210 2976 2324 3030 seq.
2356 2960 2411 3015 4.
2440 2955 2509 3012 ιν
2540 2967 2668 3013 tom.
2712 2955 2867 3011 Hunc
2920 2954 3162 3020 Eusebii,
3201 2952 3465 3018 Socratis,
3506 2953 3609 3009 So-

2040 3052 2251 3108 zomeni
2305 3066 2368 3107 ac
2402 3049 2728 3106 Theodoreti
2784 3049 2935 3103 locos
2980 3047 3187 3116 aliquot
3231 3046 3472 3103 sublesta
3503 3045 3608 3102 ﬁde

2038 3146 2287 3210 vertisse,
2331 3145 2511 3215 arguit
2557 3142 2760 3198 Paulus
2807 3140 3148 3197 Colomesius
3213 3139 3267 3194 in
3306 3137 3603 3195 Observatt.

2038 3238 2228 3298 sacris,
2262 3251 2313 3305 p.
2355 3236 2444 3290 61.

2109 3329 2328 3384 Eusebii
2356 3328 2650 3383 Historiam
2672 3327 2937 3397 integram
2963 3323 3351 3395 propemodum
3368 3323 3423 3378 in
3447 3338 3606 3379 suum

2038 3437 2176 3492 Opus
2208 3421 2555 3491 transcripsit
2580 3419 2924 3489 Nicephorus
2951 3417 3242 3483 Callistus;
3270 3416 3413 3471 unde
3451 3414 3610 3471 Vale-

2040 3517 2155 3572 sius
2200 3515 2269 3570 ad
2301 3513 2520 3569 Eusebii
2551 3512 2730 3582 capita
2781 3523 3041 3564 numeros
3087 3507 3515 3577 Nicephorianos
3556 3506 3613 3563 in

2039 3606 2284 3677 margine
2312 3604 2608 3660 adnotavit.
2628 3603 2823 3657 Totum
2856 3616 3095 3672 quoque,
3129 3600 3319 3669 utjam
3344 3598 3481 3664 dixi,
3510 3598 3615 3654 Ca—

2042 3701 2282 3769 talogum
2312 3712 2473 3753 suum
2512 3697 2842 3766 scriptorum
2870 3693 3393 3758 ecclesiasticorum,
3424 3692 3615 3762 paucis

2042 3791 2302 3860 exceptis,
2348 3805 2415 3845 ex
2451 3788 2671 3845 Eusebii
2702 3786 2948 3842 Historia
2990 3784 3338 3839 concinnavit
3371 3792 3617 3839 transtu-

2042 3887 2211 3955 litque
2235 3883 2632 3955 Hieronymus;
2656 3896 2829 3952 neque
2862 3880 3006 3935 enim
3034 3878 3236 3947 alioqui
3263 3886 3396 3948 puto
3423 3877 3491 3931 ab
3521 3877 3615 3931 illo

2046 3978 2343 4031 Histariam
2384 3979 2559 4046 ipsam
2593 3972 2813 4028 Eusebii
2856 3973 3120 4040 integram
3162 3968 3353 4025 Latine
3378 3968 3615 4023 transla-

2045 4080 2178 4136 tam,
2223 4072 2350 4126 licet
2384 4070 2489 4124 hoc
2521 4067 2720 4138 aliquis
2767 4063 3034 4135 suspicari
3066 4061 3238 4131 possit
3274 4076 3341 4116 ex
3385 4059 3472 4114 bis
3498 4059 3616 4129 ejus

2044 4164 2228 4220 verbis
2256 4163 2355 4218 lib.
2389 4178 2406 4216 ι
2436 4162 2491 4215 in
2517 4159 2695 4228 Ruﬁn.
2724 4174 2742 4212 :
2771 4156 3008 4211 Laudari
3038 4152 3320 4208 Eusebium
3352 4152 3405 4206 in
3440 4151 3618 4206 eccle-

2048 4256 2270 4312 siastica
2298 4254 2555 4318 Historia,
2586 4253 2640 4306 in
2684 4251 2972 4322 digestione
3003 4257 3312 4318 temporum,
3341 4246 3394 4300 in
3420 4244 3617 4299 ἄρξει-νεα

2053 4359 2229 4422 pttone
2250 4356 2449 4404 sanctae
2470 4356 2641 4407 terrae,
2665 4354 2714 4399 et
2746 4345 2857 4399 hwc
2875 4345 2990 4415 ipsa
3015 4342 3264 4414 opusculo
3292 4344 3346 4396 in
3374 4340 3625 4394 Latinum

2053 4450 2252 4495 vertens
2274 4454 2401 4491 mea:
2419 4436 2612 4507 lingua:
2630 4434 2925 4489 hominibus
2945 4434 3085 4488 dedi.
3107 4432 3277 4486 Etiam
3302 4429 3629 4502 Hieronymo

378 4551 498 4604 that
539 4549 746 4619 famous
784 4547 1023 4617 History.
1065 4522 1194 4600 Part
1228 4560 1288 4609 u,
1332 4542 1374 4596 Α
1416 4555 1688 4609 summary
1726 4555 1787 4592 or
1817 4535 1955 4605 brief
1974 4530 2361 4612 nversionem
2404 4527 2723 4583 Eusebiante
2767 4523 3021 4580 Historia:
3064 4523 3253 4579 tribuit
3295 4522 3630 4577 Bridel‘ertus

380 4643 499 4696 hiut
525 4641 585 4711 of
608 4640 690 4696 the
728 4641 916 4694 twelwe
952 4638 1303 4708 persecutions
1336 4630 1607 4690 sustained
1648 4632 1712 4701 by
1743 4629 1826 4683 the
1850 4644 1950 4681 an-

382 4736 521 4790 cient
564 4733 909 4789 Christmns..
975 4731 1045 4801 by
1089 4728 1333 4784 William
1369 4725 1562 4781 Colon.
1606 4750 1679 4763 —-—
1716 4718 1950 4787 Londini

386 4829 547 4893 1756,
588 4828 643 4884 8.
682 4858 753 4870 ——
789 4824 978 4882 Versio
1017 4824 1155 4878 Dav.
1190 4819 1497 4892 Dalrymple
1522 4816 1589 4873 de
1627 4814 1811 4869 Hailes
1840 4812 1950 4866 An-

385 4925 529 4995 glica
560 4921 635 4980 Π.
678 4920 743 4975 Ε.
768 4937 842 4981 v1,
871 4919 959 4983 41,
981 4926 1035 4974 et
1060 4918 1126 4973 de
1149 4915 1377 4986 epistola
1408 4909 1674 4981 Dionysii,
1709 4904 1954 4977 episcopi

389 5014 765 5077 Alexandrini,
813 5011 882 5066 ad
947 5010 1196 5076 Fabium,
1247 5008 1424 5078 episc.
1477 5003 1840 5063 Antiochen.,
1887 4997 1955 5052 de

396 5108 769 5179 persecutione
819 5104 1247 5160 Christianorum
1286 5101 1342 5153 in
1378 5098 1612 5170 Egypto
1658 5111 1748 5149 an.
1780 5091 1957 5162 primo

399 5202 545 5257 Decii
582 5202 868 5272 imper.,et
891 5196 1147 5267 explicat.
1171 5191 1415 5248 historiae
1446 5196 1746 5260 martyrum
1773 5184 1825 5237 in
1852 5180 1959 5235 Pa-

398 5295 606 5351 uestina
641 5294 744 5349 sub
778 5292 1002 5346 Dioclet.
1054 5285 1119 5341 ad
1154 5301 1309 5348 Lvtu,
1353 5285 1407 5338 in
1452 5281 1700 5336 Remains
1733 5277 1793 5345 of
1827 5274 1963 5328 chri-

394 5392 539 5447 stion
569 5387 859 5457 Antiquity,
894 5384 1015 5440 with
1040 5382 1386 5451 explanatory
1426 5387 1595 5432 notes.
1627 5372 1957 5440 Edinburg.,

396 5482 729 5544 1778-1780,
753 5480 807 5539 8.
834 5479 878 5534 ll
904 5488 1033 5533 tom.
1054 5506 1124 5517 -—
1157 5473 1261 5529 The
1300 5473 1515 5539 History
1543 5467 1602 5538 of
1615 5468 1822 5521 ancient
1855 5463 1963 5517 Pa-

396 5577 627 5647 ganism,
661 5591 719 5628 os
754 5568 1008 5625 delivered
1037 5568 1100 5639 by
1141 5566 1418 5629 Eusebius,
1445 5570 1575 5623 etc.,
1599 5558 1719 5613 with
1755 5554 1963 5610 critical

398 5668 508 5723 and
556 5665 829 5721 historical
874 5673 1038 5716 notes.
1092 5660 1209 5715 And
1245 5655 1521 5725 secondly,
1569 5670 1602 5706 o
1653 5649 1964 5705 Phwnician

401 5759 510 5813 and
546 5755 809 5827 Egyptian
841 5750 1187 5821 Chronology,
1223 5750 1357 5819 [rom
1381 5745 1462 5800 the
1480 5744 1601 5813 ﬁrst
1621 5738 1775 5804 Han,
1812 5738 1963 5793 down

407 5859 459 5903 to
508 5847 589 5903 the
638 5847 759 5917 ﬁrst
808 5842 1095 5913 olympiad,
1147 5849 1254 5897 etc.
1300 5835 1535 5895 Londini
1584 5832 1743 5899 1645,
1795 5832 1850 5886 8.
1895 5828 1962 5885 V.

2051 4623 2423 4681 Rauiesieusis
2452 4622 2508 4676 in
2541 4620 2738 4690 glossis
2766 4618 2832 4671 ad
2878 4616 3074 4671 Bedam
3106 4611 3183 4666 De
3214 4622 3498 4678 temporum
3530 4626 3619 4662 ra-

2054 4723 2211 4783 tione,
2243 4731 2364 4786 cap.
2393 4712 2483 4768 28.
2527 4710 2634 4766 Sed
2678 4709 2824 4763 illam
2858 4705 3041 4760 Ruﬁni
3068 4717 3191 4758 esse
3226 4707 3463 4756 constat.
3501 4696 3620 4764 Quo

2054 4826 2216 4875 sensu
2248 4816 2427 4863 autem
2463 4801 2790 4875 apocrypbis
2839 4802 3195 4853 accenseatur
3239 4790 3479 4846 Historia
3514 4786 3620 4839 Eu-

2055 4903 2188 4960 sebii
2215 4903 2267 4955 in
2293 4899 2583 4955 Gelasiano
2611 4896 2852 4956 decreto,
2873 4890 3151 4960 disputant
3177 4883 3225 4941 1.
3252 4880 3618 4939 Pearsouiusr

2066 4993 2273 5047 Vindic.
2308 4988 2527 5061 Iguatii,
2559 5003 2610 5056 p.
2638 4984 2729 5048 48,
2761 4992 2815 5038 et
2839 4980 3121 5036 Matthaaus
3145 4976 3535 5043 Larroquanus
3565 4972 3620 5027 iu

2057 5080 2542 5140 Observationibus
2589 5076 2656 5130 ad
2697 5072 3095 5129 Pearsonianas
3157 5064 3443 5126 Vindicius,
3492 5076 3616 5132 pag.

2033 5174 2036 5179 ’
2059 5179 2130 5234 55
2158 5192 2273 5247 scq.
2301 5173 2435 5231 Vide
2456 5183 2508 5227 et
2536 5169 2814 5224 Baluzium
2853 5164 2918 5219 ad
2942 5162 3234 5217 Antonium
3263 5155 3627 5247 Augustinum

2064 5272 2137 5325 De
2174 5243 2535 5325 emendatione
2573 5257 2837 5319 Gratiani,
2881 5272 3004 5326 pag.
3033 5251 3137 5307 446
3167 5249 3313 5322 (717.
3350 5263 3466 5316 seq.
3492 5243 3626 5299 edit.

2063 5358 2523 5427 Mastrichtianze),
2568 5356 2656 5410 ubi
2699 5350 2943 5405 confutat
2995 5344 3250 5401 Carolum
3299 5339 3629 5427 Molinteum,

2062 5458 2155 5529 qui
2190 5456 2258 5511 de
2284 5454 2456 5508 altero
2486 5426 2731 5503 Eusebio
2764 5438 3028 5511 Pamphili
3075 5442 3130 5491 et
3179 5435 3345 5487 altera
3401 5426 3632 5484 historia

2062 5524 2259 5606 eccles.
2294 5541 2570 5616 cogitavit.
2623 5534 2765 5591 Sane
2812 5549 2879 5589 ex
2912 5529 3100 5586 multis
3144 5524 3411 5596 exemplis
3460 5528 3629 5593 patet,

2066 5645 2119 5698 in
2146 5639 2239 5693 illo
2271 5636 2491 5692 decreto
2520 5626 2827 5700 apocrypha
2874 5620 3057 5677 vocari
3099 5634 3207 5674 non
3238 5616 3401 5673 modo
3425 5616 3632 5683 scripta

2067 5731 2348 5804 supposita
2392 5723 2708 5780 auctoribus
2759 5733 2854 5790 per
2898 5714 3183 5769 haereticos
3221 5718 3277 5767 et
3322 5709 3481 5770 falsa,
3534 5703 3634 5804 sed

2066 5792 2230 5883 etiam
2275 5835 2404 5878 vera
2446 5826 2502 5875 et
2536 5814 2843 5874 certissima
2885 5822 2994 5863 non
3046 5803 3425 5861 haereticorum
3471 5792 3634 5851 modo
