4060 6244
207 291 274 340 η
1695 277 1817 327 λυ]
1841 276 1892 327 ιι
1909 278 1994 329 ιιι.
3388 284 3456 334 εει

207 395 658 455 Commentarios
689 393 812 457 illos
844 392 1082 464 scriptos
1111 393 1179 448 ab
1205 391 1439 449 Eusebio
1460 392 1604 446 circa
1635 393 1698 446 Α.
1726 392 1787 446 C.
1819 421 1861 475 Α
1899 393 2168 455 laudatur,
2199 393 2294 457 ait,
2328 395 2445 450 sine
2485 395 2651 449 dubio
2688 396 2909 468 intelligi
2949 398 3068 467 ejus
3097 400 3263 458 libros
3297 400 3457 458 Κείο-

207 492 322 546 557
359 497 511 545 notat
548 486 992 542 Montfauconius
1025 486 1079 540 in
1121 486 1354 556 epistola
1381 483 1458 538 De
1494 484 1791 554 Therapon-

208 587 311 647 tis,
345 599 401 655 p.
428 582 547 637 151.

297 675 390 730 XI.
427 673 506 728 Ex
555 670 979 728 Commentariis
1022 671 1076 724 in
1127 668 1409 725 Canticum
1467 669 1792 721 canticorum

206 769 523 840 fragmenta
542 765 730 823 Graece
755 764 928 820 edidit
949 763 1000 818 J.
1026 763 1319 826 Meursius,
1352 777 1474 815 cum
1497 760 1792 832 Polychro-

203 863 292 916 nii
325 860 546 915 diaconi
597 857 911 927 Ἑξηγήσει
953 865 1008 912 et
1053 855 1216 911 Mich.
1257 854 1419 910 Pselli
1461 854 1784 924 Ἐρμηνείςι,

203 955 470 1012 versibus
499 953 702 1023 scripta
736 950 997 1022 politicis.
1042 949 1215 1021 Lugd.
1249 950 1368 1004 Bat.
1397 947 1550 1009 1617,
1585 947 1637 1000 4.
1678 945 1788 1000 To-

203 1057 332 1101 tum
367 1046 588 1117 quidem
618 1045 769 1098 illum
793 1042 1282 1106 Commentarium,
1311 1040 1415 1095 sub
1439 1038 1656 1094 EuSebii
1691 1052 1789 1091 no-

204 1143 385 1208 mine,
409 1156 475 1194 ex
495 1138 684 1194 codice
705 1138 838 1192 bibl.
865 1135 1126 1190 Palatina:
1157 1133 1387 1199 editum,
1426 1130 1647 1187 Eusebii
1678 1145 1787 1183 non

205 1248 359 1299 esse,
393 1231 742 1302 perspicuum
775 1237 880 1290 est,
919 1230 974 1283 in
1007 1242 1116 1297 quo
1147 1235 1446 1282 occurrunt
1484 1224 1787 1295 fragmenta

205 1324 524 1387 Athanasii,
555 1338 607 1394 p.
636 1321 726 1385 18,
758 1319 849 1386 52,
885 1320 976 1383 59,
1006 1319 1068 1374 51
1097 1337 1112 1384 ;
1142 1317 1355 1389 Didymi
1381 1330 1502 1387 pag.
1531 1315 1620 1380 19,
1655 1313 1788 1370 Gre-

208 1419 354 1486 gorii
391 1416 621 1489 Nysseni
649 1430 774 1484 pag.
815 1414 902 1474 1-1,
936 1412 1036 1478 1ι1ς
1060 1409 1309 1466 Philonis
1342 1407 1619 1478 Carpathii
1642 1423 1695 1476 p.
1720 1407 1789 1460 15

213 1523 359 1576 seq.,
388 1506 480 1570 52,
504 1505 591 1568 54,
620 1503 711 1567 39,
735 1503 825 1566 44,
853 1503 924 1556 52
953 1516 1095 1571 seq.,
1119 1511 1174 1556 et
1197 1499 1483 1570 Theophili
1506 1497 1595 1569 (an
1620 1497 1786 1551 Theo-

211 1600 450 1670 phylacti
467 1599 513 1670 ?)
543 1614 666 1668 pag.
695 1598 782 1652 57.
815 1595 1018 1652 Confer
1040 1595 1413 1657 Lambecium,
1443 1590 1531 1656 III,
1565 1605 1685 1661 pag.
1719 1587 1778 1640 71

214 1692 312 1764 [ρ.
342 1691 448 1745 212
478 1693 613 1747 edit.
649 1689 894 1763 Kollar.]
938 1698 993 1746 et
1033 1688 1392 1761 Raynaudum
1424 1686 1502 1740 De
1534 1684 1680 1738 bonis
1723 1698 1784 1734 ac

1892 501 2079 555 garum
2113 485 2534 555 propheticurum
2569 489 2632 542 de
2669 488 2898 544 Christo.
2928 489 3103 546 Etiam
3145 495 3198 548 in
3229 495 3314 551 his
3345 495 3453 552 Eu-

1893 575 2028 630 sebii
2058 577 2460 632 commentariis
2490 580 2801 649 frequenter
2829 580 3118 635 laudantur
3152 583 3452 656 fragmenta

1893 676 2132 724 veterum
2168 669 2542 740 interpretum,
2579 673 2808 743 Aquilae.
2846 674 3155 746 Symmachi
3186 695 3248 733 ac
3274 681 3450 736 Theo-

1892 761 2147 816 dotionis.
2202 761 2467 817 Cancrum
2523 780 2632 820 non
2687 766 3041 834 diIIitendum,
3088 770 3156 825 ad
3196 772 3452 844 pleraque

1891 854 2167 925 prepheta:
2221 855 2396 924 capita
2449 871 2556 910 non
2606 865 2714 912 tam
2761 857 2982 915 Eusebii
3031 870 3450 922 commentarios

1890 946 2155 1016 integros,
2206 961 2368 1016 quam
2412 947 2651 1018 longiora
2691 965 2755 1004 ex
2805 951 2913 1006 illis
2955 962 3208 1025 excerpta
3239 964 3449 1010 tantum

1890 1045 2105 1094 servata
2137 1054 2278 1093 esse.
2313 1037 2600 1094 Distiuctio
2624 1042 2784 1096 etiam
2811 1043 2864 1097 in
2899 1044 3068 1100 libros
3096 1054 3148 1100 et
3178 1063 3454 1105 commen-

1889 1131 2060 1185 tarius
2090 1131 2144 1184 in
2170 1138 2335 1200 caput
2360 1139 2532 1186 totum
2571 1149 2656 1188 Lxr
2700 1136 2878 1205 periit.
2915 1136 3099 1207 Neque
3123 1140 3190 1194 ab
3218 1140 3452 1198 Eusebio

1888 1222 2102 1277 videtur
2139 1239 2260 1278 esse
2287 1223 2532 1277 clausula
2569 1243 2582 1278 :
2616 1220 2722 1290 Ἧς
2756 1227 2849 1282 καὶ
2886 1230 3046 1298 ἡμεῖς
3092 1231 3450 1305 ἀξιωθείημεν

1887 1313 2072 1384 εὐχαῖς
2111 1315 2203 1367 καὶ
2239 1315 2554 1385 πρεσϐείαις
2600 1318 2813 1373 πάντων
2858 1319 2964 1374 τῶν
3009 1323 3197 1389 ἁγίων.
3257 1326 3446 1398 Ἀμήν.

1888 1403 2152 1460 Caeterum
2202 1406 2505 1465 monendus
2549 1418 2632 1464 est
2679 1410 2869 1476 lector,
2928 1412 3344 1473 Commentarios
3393 1421 3450 1474 in

1889 1493 2116 1561 Isaiam,
2150 1496 2242 1566 qui
2279 1496 2530 1552 feruntur
2557 1500 2659 1554 sub
2689 1502 2906 1558 nomine
2930 1502 3111 1559 Basilii
3143 1507 3451 1565 Czesareen-

1887 1585 1986 1652 sis,
2017 1587 2177 1642 etiam
2202 1587 2435 1644 Eusebio
2454 1605 2738 1670 perperam
2766 1594 2931 1648 tribui
2965 1596 3020 1650 in
3050 1603 3326 1656 nonnullis
3355 1618 3451 1657 co-

1885 1680 2121 1746 dicibus,
2180 1689 2239 1735 ut
2288 1680 2537 1747 Thuano,
2595 1685 2688 1754 qui
2747 1685 2906 1742 hodie
2967 1696 3048 1744 est
3103 1690 3449 1751 Colhertinus

221 1785 375 1838 ,ηαιίδ
397 1783 571 1850 ﬁbris,
591 1781 1107 1854 p.153_FABR__|n
1129 1781 1250 1837 οοά,
1270 1780 1498 1836 nam“.
1521 1777 1781 1839 cxxxu,
1821 1769 1856 1820 ὃ
1887 1769 2174 1827 MMDIVC.
2225 1771 2389 1827 FABR.
2418 1806 2488 1815 —
2515 1775 2736 1832 Eusebii
2785 1790 3062 1838 comment.
3117 1784 3171 1835 in
3220 1787 3448 1853 primam

220 1877 444 1933 Eusebii
473 1876 670 1947 fragm.
703 1875 1058 1946 expositionis
1088 1877 1144 1929 in
1171 1874 1398 1930 Cantica
1423 1872 1489 1926 V.
1520 1871 1582 1927 Τ.
1613 1901 1682 1911 -
1709 1901 1778 1911 -

232 1968 290 2021 In
317 1967 443 2021 cod.
462 1967 616 2021 Bodl.
643 1983 701 2020 ιι.
727 1963 1081 2032 MMMXXIV;
1105 1965 1231 2019 item
1255 1964 1312 2017 in
1340 1961 1498 2018 codd.
1523 1958 1650 2016 CLX
1664 1957 1776 2012 XIII

227 2068 282 2115 et
319 2057 622 2113 CMXLVIII
654 2059 779 2112 bibl.
824 2058 973 2128 publ.
1021 2055 1195 2112 Paris.
1245 2053 1460 2110 Eusebii
1500 2061 1777 2106 comment.

222 2168 311 2205 seu
339 2152 593 2220 expositio
620 2151 671 2204 in
697 2149 971 2206 Canticum
1003 2150 1351 2204 canticorum.
1387 2179 1456 2188 —
1483 2145 1664 2202 Leidae
1695 2145 1780 2199 in-

217 2251 301 2296 ter
323 2244 482 2298 codd.
513 2243 716 2297 Bonav.
748 2241 1018 2305 Vulcanii,
1045 2239 1259 2296 Eusebii
1283 2244 1338 2294 in
1362 2238 1637 2295 Canticum
1659 2253 1782 2292 can-

215 2339 431 2390 ticorum
455 2338 888 2401 commentarius,
917 2338 1177 2392 collectus
1203 2351 1268 2388 ex
1298 2333 1543 2397 Philone,
1575 2331 1780 2401 Grego-

215 2429 294 2483 rio
312 2427 579 2502 Nysseno,
603 2428 922 2494 Athanasio,
947 2427 1196 2501 Didymo,
1219 2427 1541 2496 Theophilo,
1571 2424 1771 2480 Graece.

217 2522 278 2577 V.
310 2523 484 2578 Catal.
521 2523 654 2578 bibl.
679 2522 856 2586 Lei'I.,
885 2538 937 2591 p.
970 2522 1095 2588 546,
1125 2538 1182 2576 n.
1202 2520 1292 2576 50.
1325 2519 1496 2574 HABL.

281 2613 397 2670 XII.
417 2615 552 2687 Περὶ
570 2615 671 2686 τῆς
690 2613 782 2668 τοῦ
807 2613 1007 2686 βιϐλίου
1023 2613 1130 2666 τῶν
1157 2611 1448 2685 προφητῶν
1467 2609 1776 2683 ὀνομασίας,

207 2705 272 2762 de
327 2707 460 2761 Vitis
507 2706 914 2775 Prophetarum,
954 2705 1173 2762 Eusebii
1219 2704 1671 2775 ἀποσπασμάτιον
1712 2718 1776 2757 ex

215 2800 602 2871 antiquissimo
656 2800 844 2855 codice
888 2798 1320 2870 Rupefucaldino
1377 2798 1559 2869 (quem
1618 2797 1779 2852 hodie

211 2901 397 2946 Servat
447 2888 768 2945 bibliotheca
815 2889 1025 2961 collegii
1068 2889 1322 2945 Jesuitar.
1368 2888 1546 2946 Paris.
1593 2889 1780 2945 Graece

211 2979 402 3048 edidit,
433 2979 786 3052 Latinamque
815 2983 1118 3037 versionem
1151 2982 1358 3038 addidit
1387 2979 1438 3035 J.
1469 2981 1777 3045 Curterius,

212 3081 345 3129 ante
373 3073 620 3144 Procopii
645 3074 822 3130 Gauri
839 3074 1252 3129 Commentarios
1274 3075 1330 3128 in
1357 3073 1580 3129 Isaiam.
1604 3071 1775 3130 Paris.

215 3166 864 3308 ‘SXIIIIOCommentarios
895 3250 950 3304 in
990 3249 1192 3304 Isaiam
1232 3249 1390 3306 libris
1419 3249 1605 3305 decem
1641 3249 1772 3305 scri-

206 3343 393 3418 psisse
421 3342 736 3409 Eusebium,
765 3342 1128 3415 Hieronymus
1158 3350 1388 3398 testatur
1419 3358 1538 3413 cap.
1572 3342 1634 3398 81
1673 3340 1779 3397 Ca-

209 3434 399 3505 talogi,
433 3441 489 3490 et
534 3432 774 3501 Suidas;
825 3433 993 3506 igitur
1015 3434 1439 3499 emendandum,
1474 3435 1619 3505 quod
1651 3435 1778 3489 libri

205 3526 520 3597 quindecim
562 3534 938 3583 memorantur
985 3527 1041 3580 in
1093 3524 1405 3597 Hieronymi
1451 3525 1659 3597 praefat.
1710 3525 1778 3581 ad

208 3619 430 3674 Isaiam.
457 3617 586 3675 Illos
613 3633 862 3690 magnam
893 3630 1101 3689 partem
1133 3635 1200 3675 ex
1227 3619 1415 3674 codice
1443 3617 1778 3676 Perroniano

205 3719 266 3764 et
293 3710 502 3766 catenis
527 3725 664 3766 mss.
697 3711 865 3781 regiis
895 3710 1156 3774 restituit,
1184 3709 1478 3781 Graeceque
1507 3725 1631 3765 cum
1658 3725 1778 3764 ver-

207 3802 372 3860 sione
407 3812 458 3857 et
505 3801 822 3872 praefatione
864 3816 964 3860 sua
1003 3804 1214 3873 primus
1257 3803 1428 3859 edidit
1471 3819 1633 3873 supra
1662 3803 1775 3872 jam

211 3895 353 3950 mihi
388 3895 638 3953 laudatus
677 3895 989 3953 Bernardus
1021 3896 1088 3952 de
1132 3897 1481 3954 Montl'aucon
1534 3900 1586 3954 in
1623 3897 1776 3953 Nova

202 3987 517 4044 collectione
561 3987 808 4053 Patrum,
853 3997 1000 4043 torno
1038 3987 1104 4052 Il,
1148 3987 1324 4045 Paris.
1352 3989 1512 4054 1706,
1556 3989 1648 4044 l'ol.
1697 3988 1773 4043 Ex

208 4081 327 4136 hoc
369 4079 586 4138 Eusebii
626 4096 793 4152 opere
833 4081 1003 4136 multa
1057 4081 1122 4136 ad
1175 4083 1400 4137 verbum
1447 4082 1775 4137 transtulere

210 4173 579 4246 Hieronymus
622 4174 737 4244 (qui
779 4173 963 4240 etiam,
1007 4173 1099 4229 ubi
1139 4172 1407 4231 Eusebius
1447 4176 1515 4228 ab
1549 4175 1774 4230 Hebraeo

207 4267 439 4322 doctore
466 4265 670 4336 aliquid
686 4264 924 4321 edidisse
945 4280 1001 4320 se
1020 4266 1263 4336 scripsit,
1283 4258 1424 4321 idein
1444 4267 1609 4321 veluti
1631 4266 1698 4320 de
1715 4282 1774 4321 se

204 4359 489 4426 testatur),
520 4357 818 4429 Procopius
850 4357 1076 4414 Gazazus
1103 4366 1156 4413 et
1195 4361 1520 4415 Catenarum
1559 4359 1773 4415 Graaca-

1887 1863 2049 1919 Isaia:
2084 1867 2329 1921 visionem
2353 1867 2570 1939 (caetera
2611 1869 2755 1924 enim
2789 1869 3186 1946 desiderantur)
3230 1878 3284 1933 in
3321 1881 3444 1936 cod.

1886 1955 2247 2013 MMCDLXIII
2279 1961 2409 2016 bibl.
2455 1963 2603 2032 puhl.
2649 1961 2920 2020 Paris.—-—
2948 1969 3155 2022 scholia
3200 1986 3269 2025 ex
3317 1988 3444 2045 opp.

1886 2047 2106 2104 Eusebii
2136 2051 2190 2105 in
2220 2050 2415 2107 Isaiam
2458 2051 2527 2106 ad
2565 2054 2862 2123 marginem
2911 2059 3031 2114 cod.
3065 2059 3275 2118 LXXII.
3309 2062 3447 2118 Vin-

1884 2141 2111 2207 dobon.,
2144 2144 2238 2214 qui
2269 2144 2513 2200 continet
2544 2144 2730 2200 Basilii
2762 2149 3156 2218 expositionem
3178 2167 3333 2225 capp.
3355 2172 3444 2210 xvr

1883 2227 1994 2285 .Ies.
2031 2229 2286 2288 Lambec.
2319 2241 2452 2289 tom.
2478 2232 2568 2298 III,
2600 2251 2653 2306 p.
2688 2234 2813 2290 545.
2843 2267 2912 2278 --
2949 2237 3217 2298 Praeterea
3253 2260 3449 2301 occur-

1885 2330 2014 2376 runt
2045 2322 2240 2394 fragm.
2271 2332 2433 2396 atque
2466 2327 2942 2397 interpretationes
2965 2331 3183 2389 Eusebii
3214 2337 3268 2391 in
3300 2347 3449 2395 cate-

1884 2415 1972 2469 nis
2005 2414 2061 2469 in
2089 2413 2387 2472 Leviticum
2414 2416 2680 2490 Moyseos,
2711 2419 2767 2474 in
2795 2419 3110 2492 Proverbia,
3137 2423 3360 2492 Jerem.,
3390 2430 3448 2487 in

1826 2501 1841 2513 '
1885 2505 2241 2575 Ezechielem,
2288 2509 2344 2564 in
2382 2509 2714 2576 Matthazum,
2750 2509 2975 2577 Lucam,
3015 2515 3298 2584 Joannem,
3340 2522 3442 2594 Ep.

1884 2597 1951 2652 ad
1976 2600 2232 2666 Romam,
2260 2612 2388 2667 etc.,
2412 2603 2467 2656 in
2493 2603 2651 2658 codd.
2675 2605 2923 2674 pluribus
2940 2605 3288 2668 Coislinianis
3309 2616 3444 2683 (vid.

1883 2706 1968 2745 ex.
2024 2707 2106 2763 gr.
2159 2690 2454 2750 Montfauc.
2496 2695 2638 2750 Bibl.
2688 2697 2854 2753 Coist.
2878 2710 2930 2765 p.
2953 2695 3330 2768 1145,61-65,
3349 2705 3444 2768 66,

1883 2782 1972 2845 67,
2014 2783 2101 2850 75,
2128 2783 2216 2849 76,
2250 2785 2338 2852 82,
2370 2785 2496 2853 247,
2527 2787 2657 2853 218,
2688 2788 2814 2851 251,
2849 2791 2975 2857 275,
3013 2793 3165 2866 275),
3197 2797 3252 2851 in
3280 2800 3441 2858 codd.

1884 2875 2187 2933 Vindohon.
2216 2877 2327 2946 XL,
2356 2878 2512 2946 XLII,
2539 2879 2721 2948 XLVI,
2749 2882 2956 2948 XLVII,
2983 2895 3114 2943 tom.
3141 2887 3205 2942 III
3238 2889 3441 2949 Comm.

1883 2968 2138 3024 Lambec.
2171 2979 2224 3025 et
2250 2971 2306 3024 in
2335 2971 2457 3028 aliis
2485 2973 2645 3030 codd.
2678 2990 2744 3031 ac
2775 2976 3140 3036 bibliothecis.
3177 2980 3442 3055 Excerpta

1885 3059 2228 3116 miscellanea
2262 3077 2329 3116 ex
2358 3061 2602 3120 Philonis
2630 3063 2864 3134 Hebraei,
2897 3068 3117 3127 Eusebii
3151 3070 3439 3145 Pamphili,

1878 3158 1932 3206 et
1958 3152 2189 3207 aliorum
2222 3154 2657 3224 expositionibus
2686 3159 2741 3214 in
2771 3158 2834 3214 V.
2865 3159 2928 3214 Τ.
2958 3162 3014 3217 in
3042 3163 3165 3219 cod.
3201 3165 3435 3222 Vindoh.

1875 3241 2103 3314 CXLVI,
2137 3262 2194 3304 ιι.
2227 3248 2295 3303 15
2330 3255 2385 3303 et
2425 3247 2488 3303 21
2545 3249 2838 3321 (Lambec.:
2861 3252 2949 3318 IV,
2979 3270 3034 3325 p.
3068 3255 3173 3311 259
3197 3259 3338 3329 seq.)
3369 3287 3438 3300 —-

1878 3335 2023 3393 Inter
2047 3338 2206 3394 codd.
2245 3337 2497 3412 Syriacas
2535 3342 2668 3398 bibl.
2709 3345 2858 3416 pubi.
2889 3343 3062 3403 Paris.
3091 3348 3439 3406 IiberIVRe-

1876 3444 2003 3499 gum
2035 3439 2090 3487 et
2117 3431 2327 3498 Daniel,
2362 3448 2486 3488 cum
2526 3434 2676 3491 obss.
2723 3438 3021 3502 nonnullis,
3055 3455 3287 3511 quarum
3331 3438 3446 3511 Eu-,

1876 3524 2060 3580 sebius
2089 3523 2351 3596 Pamphili
2377 3533 2432 3581 et
2464 3525 2800 3598 Epiphanius
2826 3538 3079 3589 auctores
3100 3548 3222 3605 esse
3250 3525 3444 3592 ferun4

1876 3623 1966 3670 tur
1995 3615 2124 3686 (cat.
2155 3617 2316 3672 codd.
2348 3617 2526 3674 Paris.
2560 3617 2604 3686 I,
2635 3636 2693 3691 p.
2725 3621 2816 3687 51,
2849 3623 2972 3680 cod.
3004 3623 3094 3694 V).
3128 3657 3196 3666 —
3217 3625 3436 3700 Fragm.

1875 3706 2094 3763 Eusebii
2128 3707 2196 3763 de
2233 3710 2553 3781 cognatione
2590 3711 2652 3768 B.
2691 3712 2876 3770 Maria:
2912 3725 2964 3771 et
2994 3715 3318 3776 Elisabethte
3346 3721 3438 3792 (ad

1877 3797 2132 3870 Evangel.
2168 3797 2350 3872 Lucze)
2390 3801 2444 3857 in
2488 3803 2612 3859 cod.
2649 3803 2882 3863 Vindob.
2924 3806 3130 3864 CLXIV
3162 3809 3437 3881 (Lambec.

1877 3889 1966 3955 IV,
1999 3908 2052 3961 p.
2075 3890 2198 3958 56.1,
2223 3910 2280 3949 n.
2312 3895 2365 3965 5)
2396 3897 2556 3953 ConI'.
2585 3897 2652 3954 ad
2686 3906 2820 3955 sect.
2857 3899 2945 3956 16.
2987 3900 3160 3958 Hunc.

1946 3982 2085 4037 XIV.
2103 3985 2341 4041 Canones
2363 3987 2468 4042 sive
2485 3988 2682 4044 indices
2701 3991 2875 4046 decem
2895 3993 3185 4050 harmonia:
3201 3995 3441 4070 Evange-

1876 4079 2067 4132 liorum
2091 4095 2215 4134 cum
2262 4080 2542 4150 praemissa
2591 4083 2660 4144 ad
2701 4083 3027 4154 Carpianum
3075 4090 3314 4158 epistola.
3349 4092 3438 4148 Vi-

1873 4171 2084 4228 dendus
2113 4173 2276 4228 etiam
2318 4172 2475 4228 Itich.
2509 4173 2698 4231 Simon
2733 4177 2827 4233 lib.
2862 4194 2922 4233 ιιι
2958 4179 3101 4235 Hist.
3133 4185 3332 4240 criticis
3356 4185 3433 4243 Ν.

1876 4263 1962 4327 Τ.,
2002 4280 2128 4336 pag.
2179 4265 2285 4320 427
2315 4281 2466 4337 seq.,
2494 4274 2549 4324 et
2593 4267 2688 4324 lib.
2727 4283 2812 4334 III,
2843 4287 2967 4343 pag.
3017 4274 3106 4333 90.
3152 4274 3203 4332 J.
3233 4276 3431 4336 Millius

1875 4358 2175 4431 Prolegom.
2209 4359 2277 4414 ad
2305 4357 2372 4417 N.
2412 4358 2502 4427 T.,
2537 4377 2658 4432 pag.
2687 4377 2816 4428 ur,
2843 4366 2936 4436 qui
2967 4376 3022 4423 et
3049 4367 3164 4438 ipse
3183 4368 3434 4430 Canones

207 4467 334 4510 rem
361 4453 414 4505 in
459 4448 653 4506 Isaiam
687 4459 959 4515 auctores,
1000 4449 1238 4507 Joannes
1277 4450 1634 4523 Drnngarius,
1668 4452 1775 4506 An-
1803 4472 1846 4525 ι)
1877 4465 1984 4504 una
2007 4464 2133 4504 cum
2164 4448 2393 4520 epistola
2422 4450 2491 4505 ad
2506 4449 2832 4522 Carpianum
2855 4453 3038 4512 Graece
3063 4455 3213 4514 Novo
3246 4458 3441 4516 Testa-

207 4544 373 4599 dreas
410 4545 712 4614 presbyter,
753 4544 972 4610 aliique.
999 4542 1226 4598 Fallitur
1249 4545 1394 4599 enim
1429 4545 1770 4611 Lambecius,

208 4637 306 4706 qui
341 4635 425 4702 Ill,
464 4651 583 4706 pag.
617 4636 679 4688 ti
732 4635 946 4709 [p.107
993 4637 1078 4692 ed.
1118 4635 1348 4704 Kollar.,
1402 4639 1521 4692 cod.
1557 4637 1772 4711 xxvu]

209 4736 458 4784 catenam
499 4743 602 4783 ms.
654 4729 708 4782 in
753 4726 948 4782 Isaiam
995 4744 1330 4794 memorans,
1377 4729 1468 4784 ubi
1504 4729 1772 4786 Eusebius

208 4899 277 4938 ex
333 4881 426 4936 Gr.
485 4882 617 4936 bibl.
664 4880 865 4937 Bodlei.
928 4899 983 4938 ιι.
1040 4882 1218 4949 CLIV,
1278 4883 1435 4947 CLX,
1493 4884 1769 4949 CCXXIII,

209 4951 583 5015 CCLXXXIX,
615 4951 812 5014 I‘ICCX,
848 4953 1256 5008 MCMLXXXII.
1283 4986 1352 4994 —
1379 4956 1435 5010 In
1465 4957 1588 5011 cod.
1619 4955 1771 5013 Galei

212 5039 438 5098 numero
465 5023 966 5098 IIIIMMMCMLXI
1012 5024 1154 5096 (Cat.
1187 5036 1317 5080 tom.
1351 5025 1412 5090 11,
1455 5043 1578 5098 pag.
1621 5030 1767 5097 188).

206 5086 428 5167 Eusebii
460 5094 651 5167 fragili.
685 5111 749 5149 ex
789 5086 1072 5166 interpret.
1105 5098 1299 5167 psalmi
1328 5086 1644 5152 anivrt—
1669 5086 1771 5155 ad.

207 5179 313 5216 ma:
343 5165 395 5216 in
429 5165 557 5218 bibl.
587 5164 841 5220 Ottobon.
878 5164 1191 5225 (ilontfauc.
1232 5167 1370 5221 Bibl.
1409 5168 1765 5225 bibliothecar.

208 5179 313 5216 ma:
343 5167 395 5216 in
429 5167 557 5218 bibl.
587 5167 841 5220 Ottobon.
906 5167 1191 5222 ilontfauc.
1232 5167 1370 5221 Bibl.
1409 5168 1765 5225 bibliothecar.

208 5250 366 5295 mss.,
398 5235 500 5309 vol.
533 5235 574 5297 1,
612 5252 669 5309 ι)ἐ
692 5236 801 5291 287
823 5167 910 5309 AS
939 5267 1006 5278 -—
1041 5239 1098 5292 lu
1145 5240 1264 5309 cod.
1311 5240 1543 5308 quodam
1584 5241 1772 5296 (39011-

209 5314 362 5368 lano,
392 5319 421 5356 a
445 5303 828 5362 Marthrusio
850 5303 905 5362 in
933 5303 1358 5374 Turco-Crwcia,
1387 5309 1527 5366 libro
1548 5329 1643 5378 vn,
1667 5329 1770 5366 me-

208 5383 460 5437 morato,
504 5386 556 5430 et
598 5385 845 5432 catenam
879 5380 935 5434 in
977 5378 1225 5436 Psalmos
1269 5382 1586 5438 continente
1629 5383 1767 5437 infra

204 5458 259 5499 ν.
295 5446 403 5516 vol.
437 5443 524 5510 Vl,
555 5464 605 5516 p.
642 5449 747 5503 686
766 5455 875 5503 vet.
906 5451 1063 5513 edit.,
1088 5461 1196 5507 etc.
1229 5450 1401 5506 ΗΑιιι..
1608 5469 1614 5474 ⁸

279 5517 355 5596 (α)
388 5513 445 5570 In
493 5513 622 5571 bibl.
675 5520 824 5596 pubi.
877 5519 1050 5596 Paris.
1096 5533 1224 5596 sunt
1266 5538 1507 5596 canones
1559 5523 1672 5596 isti,
1707 5532 1766 5578 ut

205 5586 500 5664 plurimum
532 5591 854 5664 cum_epi_st.
877 5593 941 5664 ad
965 5591 1291 5664 Carpianum
1318 5594 1371 5664 in
1399 5609 1525 5647 ιιιιί
1560 5586 1664 5649 Gr.
1683 5611 1770 5648 co-

204 5656 421 5736 dicibus
469 5659 629 5736 (quos
661 5656 918 5736 indicabit
946 5656 1107 5736 indui
1155 5673 1284 5717 tom.
1316 5663 1546 5720 IlCatal.
1581 5667 1764 5736 codd).

204 5752 274 5767 .-
304 5729 442 5784 Ibid.
476 5733 530 5785 in
559 5730 721 5783 catal.
764 5727 804 5791 I,
841 5746 893 5800 p.
938 5733 1062 5789 ﬁt).
1097 5735 1235 5790 inter
1281 5735 1439 5792 codd.
1474 5727 1762 5805 Armenes,

521 5827 793 5886 Parnm.
829 5827 944 5888 (in.
970 5825 1136 5887 XIX.

1875 4549 2058 4621 mento
2090 4556 2122 4594 a
2170 4557 2230 4596 se
2267 4539 2434 4607 edito,
2466 4540 2676 4598 Erasmi
2709 4552 2766 4600 et
2796 4543 2933 4604 Rob.
2962 4546 3221 4618 Stephani
3251 4568 3440 4607 exem-

1874 4633 1962 4702 plo
1993 4633 2224 4704 praeﬁxit
2243 4634 2343 4705 (a).
2362 4633 2554 4692 Latine
2584 4639 2858 4692 veteribus
2888 4640 3212 4710 quibusdam
3235 4643 3438 4700 Biblio-

1875 4739 1994 4778 rum
2026 4726 2310 4782 codicibus
2341 4727 2707 4798 praemittitur,
2738 4738 2900 4802 atque
2943 4731 3070 4788 inde
3105 4735 3319 4806 vulgata
3352 4745 3436 4792 est

1874 4885 1992 4941 cod.
2021 4887 2091 4953 X,
2123 4887 2428 4975 Evan‘geliis
2454 4899 2530 4975 η
2539 4889 2953 4975 praemittuntur.
2982 4888 3217 4975 Eusebii~
3254 4891 3433 4975 Cano-

1876 4973 1970 5012 nes
1999 4975 2121 5011 cum
2147 4960 2372 5028 epistola
2403 4960 2470 5012 ad
2492 4958 2840 5028 Carpianum.
2861 4958 2992 5014 —-In
3013 4962 3146 5016 bibl.
3177 4962 3426 5026 Coislin.,

1876 5028 2092 5083 Eusebii
2125 5027 2376 5110 Canones
2401 5044 2544 5110 ἔξω
2565 5030 2829 5110 cpistola,
2856 5029 2908 5084 in
2934 5031 3057 5110 cod.
3089 5034 3430 5110 gyangeli-co-

1873 5101 2188 5172 i:iuii_.__n._in
2239 5099 2383 5172 cod._
2401 5097 2519 5162 XX,
2565 5097 2773 5172 integri
2811 5100 2875 5172 in,
2917 5097 3428 5172 codaXXIfXXIl,

1871 5169 2053 5225 CXCV
2091 5170 2169 5236 (in
2203 5186 2310 5238 quo
2340 5168 2704 5242 Evangelium'
2729 5169 2964 5226 Matthasi
3010 5171 3297 5242 adiunctos
3329 5168 3417 5226 ha;

1872 5243 1961 5296 bet
1997 5241 2418 5295 commentarios
2461 5239 2680 5294 Eusebii
2723 5251 2778 5295 et
2826 5239 3189 5308 aliorum),—
3216 5242 3426 5299 CXCVI

1871 5312 1984 5380 (qui
2047 5311 2289 5382 continet
2330 5309 2882 5382 Evangelistariurn);
2931 5329 2985 5367 v.
3052 5311 3420 5382 Montfaucon.

1869 5383 2009 5437 Bibl.
2035 5380 2200 5438 Coisl.
2226 5423 2240 5445 ,
2273 5398 2324 5452 p.
2363 5382 2452 5452 65,
2490 5380 2598 5450 Sq.,
2633 5381 2722 5443 65,
2755 5380 2844 5446 66⁷,
2879 5381 3164 5452 2471249.
3196 5412 3262 5423 -—
3297 5384 3423 5438 Flo-

1869 5455 2073 5515 rentiae,
2109 5454 2161 5506 in
2193 5450 2329 5508 Bibl.
2363 5451 2696 5514 Medicea,~in
2727 5453 2883 5507 codd.
2914 5450 3053 5514 XIV,
3087 5453 3201 5515 XV,
3235 5453 3421 5520 XVIII,

1869 5543 1924 5580 n.
1967 5526 2000 5579 3
2022 5534 2074 5580 et
2107 5523 2160 5583 4,
2190 5523 2311 5577 cod.
2341 5520 2502 5576 XXIII
2525 5531 2577 5575 et
2619 5521 2828 5594 XXXII,
2865 5523 2931 5577 de
2956 5524 3154 5594 quibus
3183 5527 3286 5580 late
3312 5527 3426 5582 dis-

1869 5606 2018 5666 putat
2052 5594 2283 5666 Bandin.
2311 5593 2514 5666 inﬂat.
2547 5593 2663 5666 cod.
2701 5592 2792 5649 Gr.
2819 5593 2857 5656 Ι,
2879 5610 2930 5662 p.
2963 5592 3086 5660 125,
3140 5597 3262 5659 126,
3298 5598 3422 5661 155,

1873 5659 1970 5719 1ἱ47
2003 5675 2055 5719 et
2094 5665 2213 5718 158.
2260 5695 2330 5703 —
2364 5663 2420 5716 In
2467 5663 2536 5716 Μ.
2589 5659 3204 5720 Britannia—secundum
3251 5659 3424 5723 Catal.

1869 5737 2028 5793 codd.
2063 5736 2290 5807 Angliae,
2323 5743 2453 5800 etc.,
2492 5736 2545 5788 in
2589 5737 2708 5793 cod.
2740 5730 2963 5791 Barocc.
3003 5755 3058 5792 n.
3093 5736 3261 5794 XXLX
3295 5752 3430 5811 qua-

3077 5831 3117 5890 2
