4060 6244
247 263 319 317 ιε,
1722 254 1823 309 NO‘

1922 253 2027 308 'IA.
3417 255 3484 311 ιϐ

242 389 548 441 occurrunt
581 377 874 448 fragmenta
909 378 963 432 in
984 376 1256 433 Anastasii
1289 375 1510 430 Sinaitm
1540 383 1732 447 quast.
1771 393 1826 430 ιι
1855 382 1898 438 Α
1929 389 2048 442 cap.
2083 372 2155 442 7),
2188 371 2478 428 Eusebium
2515 374 2584 428 ab
2628 389 2825 434 errore,
2864 374 3323 432 Semiarianorum
3372 379 3495 433 vin-

243 485 304 531 et
334 488 553 533 cxnvm,
603 470 697 525 sed
746 471 838 523 illa
894 470 1116 524 alterius
1176 484 1303 522 sum
1359 469 1658 538 argumenti
1716 471 1816 536 (a).

242 569 458 623 Caveus
489 571 751 617 memorat
786 561 1078 616 Eusebium
1123 558 1198 612 De
1243 559 1643 627 Evangeliorum
1695 559 1824 614 dis—

242 659 495 714 sonantia
528 655 598 708 ad
638 653 981 723 Stephanum.
1035 652 1166 718 Quae
1204 667 1332 706 vero
1384 652 1460 705 Dc
1515 653 1858 722 symphonia_

239 753 362 806 sive
392 747 674 802 concordia
732 745 1136 815 Evangeliorum
1181 745 1231 796 in
1268 744 1570 815 genealogia
1626 743 1823 798 Christi

248 841 546 905 Eusebius,
601 838 920 892 Africanum
982 845 1243 904 secutus,
1303 838 1544 908 scripsit,
1611 847 1824 892 exstant

241 933 341 988 l'rb.
378 950 393 986 ι
423 935 569 987 Hist.
599 930 808 999 eccles.,
833 945 954 1002 cap.
986 930 1042 996 7,
1071 932 1246 1001 iisque
1274 946 1405 985 usus
1428 930 1745 986 Ambrosius
1764 933 1819 985 in

242 1038 305 1079 ιιι
323 1023 498 1079 Lacte.

315 1113 455 1167 λνι.
475 1115 663 1184 Λόγος
673 1112 1279 1181 τριακονταετηρικός,
1298 1111 1482 1166 Oratio
1499 1111 1562 1165 de
1575 1112 1830 1166 Constan-

241 1209 347 1261 tini
389 1205 466 1262 Μ.
509 1205 778 1272 laudibus,
835 1205 891 1258 in
949 1204 1070 1274 ejus
1125 1204 1522 1260 tricennalibus
1568 1205 1711 1258 dicta
1759 1208 1822 1260 A.

239 1299 308 1354 (Ξ.
336 1299 461 1362 535,
493 1297 676 1364 CPoli,
705 1304 765 1352 ut
805 1295 1077 1352 Eusebius
1115 1297 1232 1367 ipse
1281 1302 1511 1351 testatur
1542 1311 1616 1362 tv,
1664 1297 1734 1351 5'5
1773 1305 1827 1352 et

239 1390 353 1454 46,
401 1389 478 1444 De
499 1390 605 1443 vita
653 1387 1008 1444 Constantini.
1066 1379 1310 1443 Meminit
1351 1395 1404 1443 et
1470 1389 1524 1442 in
1564 1389 1830 1458 prooemio

244 1482 373 1537 libri
398 1497 437 1547 ι,
472 1481 562 1536 ubi
591 1480 762 1547 addit,
795 1497 854 1538 se
874 1480 1040 1536 etiam
1064 1480 1120 1534 in
1149 1479 1527 1536 vicennalibus
1558 1483 1828 1536 Constan-

241 1574 350 1628 tini
383 1574 568 1629 laudes
599 1573 720 1644 ejus
749 1573 803 1627 in
826 1571 1044 1627 Nicama
1075 1570 1303 1643 synodo,
1344 1580 1405 1626 ut
1433 1572 1528 1628 lib.
1561 1588 1640 1634 ιιι,
1665 1587 1715 1628 e.
1740 1573 1828 1636 11,

242 1665 412 1718 etiam
441 1662 618 1727 docet,
651 1663 1087 1718 concelebrasse.
1121 1661 1226 1716 Sed
1275 1662 1366 1717 ille
1416 1661 1633 1732 quidem
1681 1665 1826 1716 εἰκο-

248 1754 569 1826 σαετηρικδς
613 1755 778 1825 ὕμνος
833 1754 948 1808 sive
1002 1754 1364 1824 panegyricus
1411 1755 1704 1809 intercidit.
1767 1754 1821 1808 In

251 1846 445 1900 codice
501 1860 607 1901 ms.
651 1845 862 1915 collegii
907 1843 1061 1900 Trin.
1107 1843 1421 1916 Cantabrig.
1478 1845 1654 1900 oratio
1712 1845 1825 1906 illa.

253 1939 438 1992 (laveo
489 1946 648 1999 teste,
700 1938 756 1992 in
803 1938 936 1992 duas
977 1946 1161 2006 partes
1213 1936 1564 2007 dispescitur,
1595 1953 1826 2007 quarum

255 2029 528 2100 posterior
573 2030 759 2100 incipit
797 2045 826 2083 a
858 2029 1032 2100 capite
1071 2028 1124 2083 9.
1169 2027 1322 2084 Hanc
1366 2031 1670 2086 orationem
1702 2045 1824 2084 cum

250 2120 618 2191 descriptione
669 2119 930 2191 martyrii,
958 2120 1072 2174 sive
1113 2119 1294 2189 templi
1324 2118 1822 2190 l-lierosolymitani.

244 2223 277 2262 a
331 2208 688 2264 Constantino
741 2208 980 2271 conditi,
1036 2208 1498 2281 douariorumque
1538 2211 1678 2280 ejus,
1731 2211 1826 2266 sed

245 2318 368 2371 qua:
407 2311 710 2371 temporum
759 2301 960 2370 injuria
1019 2301 1322 2368 intercidit,
1375 2311 1429 2358 et
1475 2302 1819 2358 Constantini

245 2394 490 2448 oratione
522 2393 587 2445 ad
650 2400 965 2448 sanctorum
1027 2400 1252 2457 cretum,
1289 2408 1355 2449 ex
1398 2393 1592 2448 Latino
1639 2392 1824 2450 Grmce

244 2485 526 2546 translata.
551 2483 840 2547 Eusebius,
873 2493 931 2538 ut
964 2485 1057 2540 lib.
1090 2501 1162 2548 tv,
1192 2500 1311 2556 cap.
1333 2485 1431 2550 46,
1473 2492 1728 2548 testatur,
1759 2487 1824 2538 li-

244 2577 363 2632 bris
412 2577 484 2630 De
544 2579 649 2632 vita
686 2577 1023 2632 Constantini
1063 2577 1366 2647 subjunxit.
1418 2576 1634 2632 Primus
1680 2576 1818 2632 Rob.

246 2668 556 2740 Stephanus
613 2686 738 2725 cum
797 2670 904 2726 illis
935 2669 1101 2726 edidit
1161 2668 1364 2735 Graece,
1415 2669 1604 2726 Latine
1659 2671 1822 2725 vertit

245 2759 782 2832 Cliristopliorsonus
807 2770 862 2818 et
894 2761 1170 2818 Musculus
1203 2771 1365 2833 atque
1394 2763 1820 2826 indeValesius,

247 2853 343 2921 qui
372 2855 518 2908 notis
540 2855 702 2910 etiam
732 2855 1025 2911 illustravit
1075 2855 1145 2928 [is
1174 2855 1360 2910 laudat
1387 2854 1545 2910 codd.
1587 2853 1816 2918 Fuketii,

247 2943 486 3000 Turnebi
519 2961 580 3001 ac
606 2946 791 3002 Savilii
813 2955 867 3001 et
898 2947 1125 3003 schedas
1145 2947 1276 3002 bibl.
1309 2947 1488 3019 regiae,
1517 2946 1815 3009 etc.,deni~

248 3051 357 3106 que
406 3036 648 3108 Reading
679 3054 802 3093 cum
825 3040 970 3095 notis
1001 3039 1200 3095 Valesii
1241 3045 1296 3094 et
1325 3037 1626 3112 variorum]
1649 3036 1812 3092 Fann.

249 3092 325 3172 .'_
349 3127 408 3181 ιη
442 3130 574 3184 nn.
608 3092 807 3185 is...
856 3092 1153 3193 mss;
1165 3092 1346 3186 ίοοὲιιι.
1373 3092 1722 3186 ccbeiux
1770 3139 1823 3184 et
1849 3092 1892 3149 C

247 3220 503 3280 CCCXL.
529 3222 718 3278 Euseb.
753 3222 828 3278 De
856 3223 1099 3277 laudibus
1131 3221 1486 3289 Constantini,
1511 3229 1566 3276 et
1587 3221 1663 3276 De
1701 3221 1823 3276 Vita

248 3311 589 3369 Constantini
638 3313 758 3368 libri
800 3330 856 3378 v;
892 3329 989 3384 pro
1028 3313 1166 3368 libro
1204 3331 1235 3368 v
1284 3321 1600 3368 numeratur
1652 3315 1822 3366 oratio

249 3405 587 3460 Constantini
615 3406 682 3458 ad
705 3416 1005 3460 sanctorum
1034 3406 1324 3476 cmtunz_(v.
1358 3404 1478 3461 Cat.
1509 3405 1668 3460 codd.
1702 3406 1819 3470 Gr.,

247 3513 372 3567 pag.
407 3498 506 3551 156
525 3509 577 3553 et
601 3498 746 3568 157).
766 3498 1024 3553 ——Leida°.
1054 3499 1108 3552 in
1137 3497 1271 3554 bibl.
1305 3498 1460 3552 acad.
1493 3498 1632 3553 inter
1659 3498 1818 3554 codd.

246 3587 541 3643 Bouavent.
567 3588 838 3653 Vulcanii,
874 3590 1459 3659 Τριακονταετηρικός
1478 3607 1532 3656 in
1557 3588 1819 3644 Constan-

247 3679 415 3732 tinum
462 3682 614 3748 imp.,
640 3680 736 3735 Gr.
768 3680 962 3752 (Catal.
1000 3682 1156 3746 bibl.,
1189 3697 1310 3753 pag.
1333 3682 1458 3747 545,
1492 3697 1547 3740 tt.
1582 3681 1819 3747 XXXV.)

244 3799 315 3810 —
335 3770 511 3828 Paris.
538 3775 590 3826 in
619 3773 750 3827 bibl.
791 3775 967 3844 publ.,
995 3790 1076 3829 or.
1107 3774 1170 3827 de
1220 3774 1463 3829 laudibus
1487 3775 1821 3829 Constantini

242 3858 327 3915 ll.
365 3861 419 3915 in
441 3863 598 3919 codd.
640 3863 978 3930 MCDXXXI,
1025 3864 1362 3919 MCDXXXII
1393 3868 1503 3938 (qui
1534 3865 1654 3920 cod.
1685 3883 1820 3919 non—

243 3952 377 4005 dum
406 3954 632 4010 collatus
658 3970 779 4011 esse
800 3956 1002 4010 dicitur
1023 3954 1076 4009 in
1093 3955 1294 4020 Catal.,
1311 3956 1432 4010 cod.
1457 3954 1518 4017 ll,
1534 3971 1647 4026 pag.
1670 3957 1814 4025 518).

243 4045 302 4098 1η
323 4041 484 4098 codd.
505 4043 910 4110 MCDXXXVII,
930 4042 1339 4100 MCDXXXVIII
1360 4054 1413 4100 et
1431 4045 1816 4111 MCDXXXIX,

239 4135 470 4190 Eusebii
503 4136 656 4192 libris
687 4137 765 4191 De
813 4138 920 4190 vita
962 4134 1298 4192 Constantini
1345 4136 1425 4192 Μ.
1475 4139 1820 4208 subjungitur

240 4226 589 4281 Constantini
623 4228 688 4283 ad
718 4239 1029 4284 sanctorum
1057 4237 1258 4285 coetum
1285 4228 1481 4285 oratio.
1507 4259 1577 4272 --
1605 4228 1662 4284 ln
1694 4230 1815 4284 C0tl.

241 4317 656 4372 MCDXXXVIII
702 4330 840 4376 orat.
886 4320 963 4375 De
1036 4321 1283 4377 laudibus
1342 4320 1676 4376 Constantini
1739 4322 1816 4376 Μ.

241 4409 502 4498 pransus
525 4419 607 4464 est
636 4419 907 4482 prologus.
941 4412 1018 4466 Ex
1052 4428 1172 4482 cap.
1230 4413 1292 4468 11
1337 4413 1554 4469 Eusebii
1588 4415 1654 4469 de
1685 4415 1819 4469 ιαμ-ι
1847 4442 1891 4498 υ

239 4501 400 4557 dibus
450 4497 806 4567 Constantini,
859 4517 980 4573 pag.
1034 4503 1155 4570 717,
1206 4503 1293 4560 ed.
1323 4504 1566 4576 Reading
1596 4504 1815 4578 (collato

317 4657 395 4732 (a)
426 4658 760 4732 Vilidobonre
785 4661 837 4715 in
875 4660 1004 4732 bibl.
1033 4660 1232 4718 Caesar.
1265 4664 1387 4720 cod.
1417 4663 1642 4731 CLXVI,
1674 4683 1728 4720 ιι.
1775 4671 1813 4730 Ι.

245 4727 689 4805 Ira'gm.Eusebii
743 4733 807 4784 ἐκ
852 4730 944 4784 τοῦ
990 4733 1124 4805 nec;
1176 4733 1428 4805 Mapivov,
1463 4744 1601 4791 teste
1631 4727 1815 4791 Lam;

245 4802 403 4873 becio
448 4799 970 4873 Commentarstom.
1015 4799 1104 4862 IV,
1150 4799 1279 4873 pag.
1311 4805 1436 4870 887,
1480 4820 1534 4860 et
1583 4807 1638 4861 in
1690 4807 1812 4865 cod.

243 4871 470 4926 Barocc.
504 4887 556 4924 ιι.
590 4871 769 4932 ClllC,
819 4871 871 4926 in
906 4886 1016 4939 quo
1059 4871 1239 4926 etiam'
1274 4882 1400 4929 sunt
1435 4874 1653 4931 Eusebii
1691 4893 1812 4932 sen-

243 4941 774 5063 ζεηέῖίωιῗὶῒιῗοελεῖς,
823 4941 1122 4996 secundum
1174 4942 1298 4998 Cat.
1351 4945 1509 5000 codd.
1558 4944 1718 5018 Angl.
1761 4948 1812 5012 1,

244 5026 307 5080 p.
335 5026 425 5064 τι.
449 5026 613 5066 mat.

325 5101 406 5172 (ὁ)
435 5101 565 5158 Male
598 5103 718 5158 libri
754 5103 832 5160 VI
860 5119 1120 5162 excusum
1153 5106 1209 5162 in
1254 5104 1338 5161 Jo.
1370 5105 1576 5163 Molleri
1615 5108 1817 5164 Homo-

245 5175 611 5243 uymoscopia,
631 5191 685 5246 p.
714 5175 838 5230 461.

325 5266 399 5336 (c)
436 5263 641 5336 Simius
674 5275 758 5324 est
787 5268 1128 5325 Constantini
1165 5270 1432 5325 laudator.
1468 5269 1532 5323 V.
1581 5269 1816 5325 Thoma-

248 5335 418 5461 ἓιιὲη,
452 5335 532 5391 Du
567 5336 684 5405 Pin,
710 5340 952 5410 aliosque
981 5355 1010 5393 a
1036 5339 1228 5396 Stollio
1247 5357 1370 5413 pag.
1395 5340 1500 5394 227
1530 5344 1812 5396 excitatos.

299 5424 330 5460 Α
372 5423 425 5462 ι..

322 5498 400 5567 (d)
453 5497 570 5555 Jac.
603 5497 904 5556 Godofredo
963 5516 1222 5557 assensus
1279 5501 1341 5557 Β.
1397 5501 1706 5559 Dorscheus
1761 5502 1816 5555 in

254 5565 528 5645 Diatyposi
564 5573 792 5645 concilii
812 5569 1016 5645 ict_L_'ni
1047 5572 1108 5626 de
1143 5571 1491 5645 S.ACa:ena._ip.
1517 5574 1570 5628 5.

257 5639 532 5759 “ﬁlium”
587 5645 641 5695 ίη
695 5641 854 5696 Codd.
918 5641 1108 5696 Venet.
1159 5643 1224 5696 ad
1291 5641 1318 5714 §
1367 5639 1453 5696 17”
1480 5643 1813 5697 memoratis.

1921 465 2105 519 dicare
2129 464 2335 519 studuit
2365 463 2554 526 Bullus
2584 467 2636 518 in
2666 465 2786 536 Def.
2819 465 2915 535 ﬁd.
2963 465 3111 531 Nic.,
3135 483 3256 539 pag.
3279 471 3404 537 2'51,
3439 481 3496 525 et

1922 559 2179 613 refutat-it
2212 556 2484 612 Valesium
2540 558 2604 611 ad
2653 573 2701 612 c.
2760 559 2818 612 11
2879 558 3322 628 contendentem,
3373 564 3497 619 illas

1925 650 2139 705 Eusebii
2162 647 2230 705 de
2256 649 2436 704 divina
2459 650 2675 718 quidem
2705 649 2827 704 Filii
2861 652 3121 721 potentia,
3163 653 3258 707 sed
3290 656 3492 718 media,

1923 743 2204 810 Opiniones
2255 739 2457 811 Optime
2492 739 2716 794 refutari
2759 742 2827 795 ab
2869 741 3167 797 Athanasio
3217 758 3299 796 or.
3337 746 3496 798 tertia

1924 841 2108 885 contra
2153 832 2402 896 Arianos,
2459 847 2577 901 pag.
2623 832 2746 885 597.
2786 831 3030 903 Reading
3077 833 3113 887 l.
3175 847 3226 888 c.
3281 851 3496 905 quoque

1925 921 2112 975 laudat
2167 921 2425 978 Pearson.
2487 921 2690 975 Vindic.
2755 925 2905 991 epist.
2969 923 3172 994 Ignat.,
3241 936 3381 995 part.
3434 942 3494 991 ιι,

1925 1029 2048 1084 pag.
2072 1014 2160 1070 56.
2186 1015 2357 1070 IIMtL.

1997 1105 2158 1162 XVII.
2195 1107 2270 1161 De
2306 1107 2425 1160 Vita
2467 1107 2801 1161 Constantini
2844 1107 2922 1161 Μ.
2978 1109 3090 1178 jam
3139 1110 3201 1165 A.
3261 1109 3323 1166 C.
3390 1112 3498 1166 557

1927 1195 2191 1266 defuncti,
2253 1197 2374 1251 libri
2417 1197 2499 1252 IV
2529 1198 2624 1270 (b),
2689 1201 2740 1253 in
2801 1201 3017 1270 quibus,
3047 1199 3141 1268 ait,
3183 1218 3240 1257 se
3298 1206 3365 1258 de
3413 1205 3498 1258 in-

1928 1289 2136 1344 dustria
2175 1293 2424 1346 omittere
2478 1293 2761 1348 conflictus
2793 1301 2847 1348 et
2896 1294 3113 1363 prmlia,
3149 1311 3234 1350 res
3284 1295 3497 1352 fortiter

1929 1389 2129 1452 gestas,
2156 1390 2353 1452 tropaea
2374 1399 2438 1439 ac
2460 1384 2783 1455 triumphos,
2811 1385 2955 1456 leges
2977 1393 3030 1439 et
3060 1389 3313 1456 przeclara
3338 1389 3498 1444 insti-

1929 1479 2066 1533 tuta.
2108 1481 2161 1526 et
2206 1482 2411 1528 tantum
2451 1476 2664 1529 tradere
2693 1475 2827 1546 μόνα
2872 1474 2941 1528 τὰ
2976 1477 3107 1546 πρὸς
3143 1476 3232 1531 τὸν
3276 1478 3496 1550 θεοφιλῆ

1934 1566 2266 1618 συντείνοντα
2313 1567 2443 1636 βίον,
2475 1584 2699 1638 quasque
2727 1568 2794 1622 ad
2825 1566 2918 1622 Dei
2966 1570 3168 1622 cultum
3200 1572 3493 1640 pertinent,

1931 1655 2025 1711 lib.
2061 1672 2097 1719 ι,
2129 1672 2247 1725 cap.
2277 1659 2361 1722 1t,
2394 1659 2536 1714 unde
2563 1659 2779 1712 titulum
2825 1664 3004 1729 operis
3054 1659 3178 1716 fecit
3214 1663 3352 1731 Περὶ
3389 1665 3495 1718 τοῦ

1924 1750 2071 1803 κατὰ
2105 1752 2251 1804 Θεὸν
2283 1753 2426 1815 ,βίου
2453 1753 2558 1807 τοῦ
2590 1754 2888 1821 μακαρίου
2911 1757 3363 1810 Κωνσταντίνου
3388 1759 3498 1812 τοῦ

1923 1842 2244 1908 βασιλέως,
2275 1853 2331 1896 ιιι
2355 1849 2506 1898 notat
2535 1842 2799 1908 Valesius,
2822 1861 2944 1917 pag.
2975 1847 3081 1902 256
3108 1852 3198 1917 (ε).
3227 1846 3492 1904 Caeterum

1931 1930 2040 1982 l'alli
2068 1929 2182 1986 Jac.
2216 1931 2601 1988 Gothofredum
2637 1933 2736 2007 (ά),
2781 1937 2872 2004 qui
2923 1940 3020 1991 hos
3056 1938 3222 1993 libros
3278 1940 3348 1995 ab
3391 1940 3497 1994 Eu-

1927 2025 2080 2080 sebio
2114 2027 2346 2095 scriptos
2381 2041 2501 2082 esse
2527 2029 2740 2098 negavit
2769 2044 2888 2101 pag.
2903 2031 3028 2094 275,
3051 2031 3117 2085 ad
3140 2030 3494 2105 Pbilostorg..

1927 2124 1980 2171 et
2009 2119 2060 2170 in
2083 2118 2239 2188 epist.
2271 2119 2334 2172 ad
2359 2118 2625 2174 Andream
2652 2120 2902 2176 Rivetum
2937 2123 3040 2178 sub
3060 2125 3279 2182 nomine
3306 2126 3496 2184 Iseobi

1926 2206 2128 2261 Pacidii
2160 2208 2325 2271 edita,
2353 2209 2509 2263 facile
2529 2224 2595 2265 ex
2625 2211 2744 2280 ipso
2771 2227 2934 2282 opere
2963 2222 3016 2270 et
3042 2214 3304 2282 Socratis,
3331 2218 3496 2274 Sozo-

1925 2301 2088 2366 meni,
2116 2298 2316 2365 Photii,
2347 2301 2545 2357 Gelasii
2598 2303 2939 2376 aliorumque
2965 2315 3208 2363 veterum
3247 2311 3488 2368 testimo-

1924 2390 2030 2444 niis
2049 2389 2490 2446 demoustrarnnt
2519 2391 3078 2453 Martinus'ﬂanckius
3111 2397 3188 2454 De
3219 2401 3494 2470 scriptoric

1924 2480 2018 2535 bus
2042 2480 2200 2552 Byz.,
2229 2499 2351 2554 pag.
2375 2484 2436 2538 81
2473 2501 2613 2557 seq.,
2639 2485 2688 2542 J.
2721 2487 2966 2545 Andreas
3009 2489 3204 2547 Bosius
3233 2491 3310 2546 De
3349 2510 3493 2563 pon-

1925 2577 2129 2645 ti/icatu
2151 2578 2380 2632 maximo
2412 2579 2779 2647 imperatorum
2827 2579 3002 2645 Ront.,
3033 2598 3152 2653 pag.
3185 2582 3254 2638 65
3276 2601 3414 2656 seq.,
3439 2593 3496 2642 et

1923 2664 2196 2733 Valesius,
2231 2682 2350 2738 pag.
2378 2667 2503 2722 216.
2529 2666 2686 2723 Omni
2712 2669 2875 2724 etiam
2903 2669 3161 2725 destituta
3187 2681 3270 2727 est
3314 2674 3496 2728 verisi-

1921 2760 2222 2815 militudine
2265 2759 2451 2816 Sandii
2473 2760 2808 2832 conjectura,
2834 2763 2927 2833 qui
2952 2763 3004 2818 in
3035 2761 3236 2820 Nucleo
3259 2764 3496 2823 historica

1918 2855 2126 2919 eccles.,
2176 2869 2302 2925 pag.
2348 2854 2438 2919 48,
2489 2852 2710 2910 Macarii
2750 2853 3222 2928 Hierosolymitani
3250 2874 3372 2915 esse
3400 2861 3494 2914 ha-

1919 2935 2163 3001 riolatur.
2213 2948 2562 3020 Πανηγυρικῇ
2629 2946 2901 3020 ὑψηγοριᾳ
2963 2963 3122 3004 usum
3175 2948 3491 3017 Eusebium,

1921 3037 2078 3090 multi
2109 3037 2476 3106 adnotarunt;
2518 3053 2693 3108 neque
2721 3046 2901 3095 tamen
2932 3039 3065 3097 ﬁdes
3113 3041 3371 3098 historica
3413 3044 3492 3098 illi

1926 3137 2208 3199 propterea
2241 3130 2297 3183 in
2329 3145 2510 3184 rerum
2553 3144 2762 3184 summa
2787 3129 3118 3202 deneganda.
3148 3131 3363 3189 Primus
3393 3135 3492 3191 hos

1926 3221 2094 3276 libros
2120 3219 2303 3276 Griece
2345 3237 2468 3276 cum
2509 3220 2750 3276 Historia
2781 3223 2961 3278 eccles.
2993 3223 3160 3279 edidit
3189 3224 3326 3282 Rob.
3368 3227 3492 3283 Ste-

1924 3315 2156 3384 phanus,
2190 3313 2362 3368 Paris.
2399 3312 2558 3377 1514,
2590 3311 2707 3379 fol.,
2742 3329 2840 3382 pro
2891 3315 3078 3384 quinto
3132 3317 3270 3373 libro
3303 3335 3494 3374 nume-

1925 3421 2052 3458 rans
2098 3407 2400 3460 orationem
2456 3405 2523 3459 ad
2575 3411 2886 3460 sanctorum
2941 3415 3140 3461 caelum
3205 3410 3311 3480 (e),
3374 3425 3494 3481 quae

1922 3496 2264 3552 Constantini
2307 3485 2391 3551 Μ.
2428 3501 2532 3562 est,
2589 3511 2698 3550 non
2760 3493 2999 3550 Eusebii.
3045 3495 3230 3554 Latine
3282 3501 3494 3571 primus

1921 3593 2157 3655 quatuor
2187 3583 2359 3639 libros
2377 3583 2504 3654 (non
2529 3591 2641 3639 tres
2666 3585 2932 3654 primores
2957 3591 3188 3654 tantum,
3223 3597 3281 3644 ut
3304 3592 3494 3648 scribit

1924 3677 2198 3732 llanckius
2257 3691 2381 3747 pag.
2415 3675 2484 3731 86
2518 3674 2594 3729 De
2644 3677 2987 3746 scriptoribus
3042 3677 3198 3752 Byz.)
3254 3680 3492 3740 Joannes

1920 3767 2202 3823 Portesius
2227 3767 2410 3823 vertit.
2472 3766 2611 3822 Hinc
2640 3765 2998 3841 Wolfgangus
3049 3769 3359 3838 Musculus,
3393 3790 3492 3830 nec

1921 3860 2101 3914 minus
2122 3857 2171 3913 J.
2204 3857 2752 3928 Christophorsonus,
2781 3860 2872 3930 qui
2918 3860 3147 3916 Portesii
3185 3863 3490 3919 versionem

1921 3967 2028 4006 non
2082 3951 2311 4014 viderat,
2359 3957 2579 4005 notante
2610 3950 2828 4006 Valesio
2868 3967 2990 4023 pag.
3041 3952 3146 4006 216
3196 3970 3279 4024 sq.
3316 3953 3491 4025 Hujus

1919 4045 2518 4116 Christophorsonianre
2536 4046 2798 4101 versionis
2823 4061 2944 4100 cum
2968 4045 3103 4101 liber
3113 4055 3342 4117 quartus
3358 4065 3491 4106 casu

1920 4135 2154 4208 quodam
2188 4136 2424 4192 amissus
2456 4146 2634 4204 esset,
2683 4147 2936 4209 quartum
2983 4137 3242 4197 Nicolaus
3287 4142 3490 4200 Carrus

1919 4227 2205 4298 supplevit.
2237 4227 2479 4297 Denique
2531 4228 2673 4283 idem
2702 4227 2971 4286 Henricus
2999 4228 3251 4288 Valesius
3303 4231 3491 4289 Graeca

1919 4321 1984 4375 ad
2031 4320 2246 4376 codices
2305 4335 2437 4376 mss.
2489 4322 2807 4391 castigavit,
2855 4323 3160 4378 versionem
3211 4324 3488 4380 meliorem

1920 4418 2185 4480 notasque
2211 4411 2557 4466 doctissimas
2590 4411 2834 4480 adjunxit
2855 4412 2941 4482 (Ι).
2965 4411 3244 4469 Editiones
3269 4412 3488 4473 Latinas

1917 4511 1970 4557 et
2020 4500 2489 4566 Graeco-Latinas,
2543 4502 2670 4572 quia
2714 4502 2968 4560 Historia:
3023 4503 3388 4561 ecclesiastica!
3431 4509 3486 4562 hi

1984 4657 2052 4731 (I')
2073 4656 2341 4731 _Valesiu_s
2379 4657 2719 4731 Eudatcod.
2772 4658 2982 4731 Fuketi,
3009 4658 3170 4731 lectt.
3221 4659 3290 4715 ad
3331 4675 3484 4718 oram

1914 4725 2042 4783 libri
2067 4727 2348 4791 Saviliani,
2379 4725 2709 4784 Turnebiani
2740 4739 2794 4784 et
2841 4730 2963 4784 cod.
3009 4728 3209 4795 Moraei,
3240 4732 3481 4786 codicem

1915 4799 2251 4867 sehedasque
2286 4798 2416 4852 bibl.
2474 4797 2648 4852 Paris.
2681 4798 2810 4854 Rec.
2861 4806 2945 4855 est
2996 4799 3082 4852 ed.
3125 4799 3327 4855 Valesii
3357 4817 3480 4854 cum

1915 4869 2078 4937 huius
2112 4868 2495 4939 variorumque
2529 4871 2794 4939 adnotatt.
2823 4869 2876 4922 in
2918 4867 3002 4924 ed.
3030 4867 3293 4939 Reading.
3322 4899 3394 4910 --
3422 4869 3482 4924 ln

1916 4933 2012 4994 sei
2058 4933 2422 5008 coddtbibl.‘
2453 4933 2633 4990 Paris.
2676 4940 2824 5008 publ.
2874 4940 3181 5008 continetur
3213 4933 3481 4994 Eusebius

1917 5009 1993 5062 De
2055 5009 2162 5061 vita
2217 5005 2571 5062 Constantini.
2612 5005 2694 5047 -’
2727 5008 2782 5062 In
2837 5007 2956 5062 cod.
2993 5009 3278 5072 Eseorial.,
3340 5015 3481 5064 teste

1920 5078 2110 5132 Pluero
2159 5077 2214 5130 in
2258 5075 2388 5130 Itin.
2438 5093 2530 5146 per
2577 5077 2826 5146 Hispan.,
2884 5093 2934 5145 p.
3004 5079 3125 5135 168.
3170 5077 3318 5134 —ln
3350 5078 3475 5134 cod.

1918 5147 2247 5217 Mosquensi,
2273 5153 2410 5217 teste
2443 5145 2685 5217 Strothﬁi‘o
2709 5147 2764 5217 in
2799 5147 2946 5217 pr:c_l‘.
2977 5148 3046 5203 ad
3086 5149 3216 5204 Eus.
3272 5147 3345 5203 Η.
3384 5148 3476 5212 E.,

1917 5215 2204 5290 pagani.
2232 5216 2388 5290 —_ln
2416 5218 2557 5290 _corl.
2586 5215 3121 5290 Medicae-Floreat.
3160 5218 3280 5288 XX,
3323 5217 3478 5290 n24,

1915 5285 2272 5358 quicontinct
2305 5286 2374 5343 Η.
2407 5285 2494 5350 E.,
2517 5287 2619 5342 sub
2650 5285 2807 5340 ﬁnem
2845 5289 3105 5344 insertum
3143 5297 3227 5345 est
3256 5285 3323 5344 ex
3369 5285 3478 5342 Eu;

1917 5360 2052 5413 sebii
2089 5358 2592 5429 VitarConstanlini,
2643 5371 2674 5429 a_
2705 5370 2825 5427 cap.
2853 5359 2943 5424 24,
2987 5374 3158 5429 usque
3200 5360 3268 5414 ad
3304 5367 3477 5414 totum

1918 5444 2037 5498 cap.
2093 5429 2162 5481 42
2214 5428 2331 5481 libri
2384 5428 2422 5479 II
2480 5425 3137 5498 inclu_sive,'excerptum,
3189 5430 3477 5486 continens

1920 5496 2066 5553 illius
2091 5498 2442 5569 imperatoris,
2455 5496 2927 5569 constitutionem,
2955 5496 3145 5569 quam,
3184 5501 3478 5556 destructis

1919 5569 2187 5641 tyrannis,
2215 5567 2396 5641 Graeca
2433 5567 2611 5641 lingua
2629 5567 3032 5641 .conscriptarn.
3064 5571 3315 5641 gentibus
3346 5571 3481 5641 sub-

1918 5635 2235 5711 ditistnisit.
2271 5635 2583 5711 V.ABandI'n.
2616 5635 2737 5692 Cat.
2762 5635 2912 5694 codd.
2964 5635 3162 5711 Gr.,"l|,
3197 5639 3472 5711 pag._ti81.
3502 5696 3504 5698 τ

1919 5736 1990 5750 -
2049 5708 2163 5761 lluc
2229 5707 2495 5768 pertinent
2565 5717 2936 5764 commentatt.
3005 5705 3071 5765 Ι).
3133 5705 3292 5765 ΕιιιῘ
3319 5705 3513 5767 Ὲτὶα.⁷

3599 5751 3723 5839 β
