3986 6218
569 299 637 354 47
1521 299 1877 356 'PIUSEBIUS
1915 297 2403 355 CA‘ZSARIENSIS
2441 299 2821 358 ISPISCOI‘L'S
3755 307 3828 363 43

565 414 690 472 libri
719 412 973 484 subjungi
1005 413 1198 476 solent,
1217 428 1380 483 supra
1405 429 1554 468 num.
1586 416 1620 470 ’5
1646 415 1932 469 adnotatas
1961 414 2115 468 videri

2258 413 2314 467 Ὀ
2369 415 2632 486 ἡμέτερος
2695 414 3101 487 ἱστοριογράφος
3162 414 3458 480 Εὐσέϐιος,
3508 417 3669 488 ἡνίκα
3727 427 3828 491 τὴν

564 510 708 563 licet.
738 506 967 562 Tantum
1019 507 1272 570 monebo,
1325 506 1379 560 in
1433 506 1763 561 editionlbus
1815 504 2140 576 quibusdam

562 601 772 658 Latinis
819 600 1002 655 brevia
1068 598 1118 655 J.
1178 598 1296 654 Jac.
1356 598 1568 671 Grynazi
1619 607 1672 652 et
1721 596 1942 653 Sull‘ridi
1999 599 2142 654 Petri

563 694 772 749 scholia
805 692 1063 761 adjuncta
1104 706 1246 747 esse.
1305 689 1522 745 Gallica:
1572 705 1788 761 quoque
1820 691 2142 761 interpreta—

559 786 727 840 tionis
762 785 939 840 instar
963 791 1066 846 est,
1103 783 1247 854 quod
1275 793 1496 837 auctore
1532 780 1741 838 Joanne
1773 782 1980 839 Morino
2011 789 2140 855 pro-

558 878 657 931 diit
685 892 824 946 opus
871 896 883 930 ε
939 875 1174 930 Histoire
1230 874 1293 928 de
1354 874 1406 928 la
1458 873 1756 931 delivrance
1815 877 1879 932 de
1922 877 2140 950 l‘Eglise

557 969 870 1033 cliretienne,
911 984 1012 1037 par
1049 968 1354 1037 l’empereur
1387 965 1721 1024 Constantin.
1763 967 1938 1026 Paris.
1980 972 2135 1039 1650,

559 1061 652 1114 fol.

630 1151 811 1206 XVIII.
837 1153 913 1208 De
941 1153 1060 1207 Vita
1080 1151 1137 1207 S.
1161 1151 1449 1222 Pampltilii
1477 1153 1748 1222 martyris,
1772 1153 2059 1224 scripsisse
2077 1172 2136 1211 se

558 1253 791 1301 testatur
826 1247 919 1301 lib.
960 1262 1012 1300 v1
1049 1245 1148 1315 (a),
1190 1259 1312 1316 cap.
1361 1244 1454 1307 52,
1489 1245 1781 1309 Eusebius,
1833 1255 1884 1301 et
1920 1248 2011 1302 lib.
2059 1263 2133 1303 vn

561 1339 701 1392 Hist.
733 1338 938 1403 eccles.,
991 1352 1111 1407 cap.
1137 1337 1238 1402 52,
1276 1353 1396 1408 pag.
1427 1336 1556 1404 288,
1617 1345 1672 1392 et
1710 1337 1781 1392 De
1810 1330 2133 1410 martyribus

555 1431 1039 1499 Palwstinw,tcap.
1104 1429 1189 1494 11,
1225 1429 1316 1483 ubi
1375 1430 1539 1484 tribus
1575 1429 1722 1484 libris
1757 1432 2070 1486 distinctum
2102 1449 2133 1488 a

556 1540 614 1578 se
665 1538 802 1593 opus
850 1520 981 1575 illud
1038 1520 1209 1576 fuisse
1240 1519 1424 1588 refert,
1459 1523 1602 1593 quod
1636 1522 1920 1577 conﬁrmat
1967 1525 2130 1580 etiam

555 1614 916 1684 Ileronymus
948 1614 1002 1668 in
1033 1612 1309 1684 Catalogo,
1329 1631 1447 1684 cap.
1469 1615 1629 1677 81,et
1647 1614 1892 1670 adversus
1923 1616 2128 1688 Ila/in.,

544 1705 825 1777 ‘pag.155,
863 1706 954 1761 ubi
988 1707 1154 1761 libros
1176 1707 1613 1776 elegantissimos
1646 1708 1898 1778 appellat.
1931 1708 2123 1777 Hujus,

2215 506 2762 576 Ἐκκλησιαστικὴν
2807 508 3043 577 ἔγραφεν
3094 508 3394 575 ἱστορίαν,
3429 508 3833 580 παραλέλοιπεν

2241 597 2444 661 ἐκεῖνα,
2472 591 2546 652 ὧν
2578 601 2798 671 μνήμην
2827 600 3118 669 ἐποιήσατο
3147 602 3203 653 ὲν
3235 599 3442 671 ἑτέροις
3465 599 3632 654 αὑτοῦ
3663 603 3830 674 ποιή-

2244 704 2396 758 μασι.
2434 690 2544 742 Καὶ
2573 688 2680 759 γὰρ
2719 690 2778 741 ἐν
2823 689 3018 742 εἴκοσι
3048 689 3270 759 λόγοις,
3313 689 3586 744 τουτέστιν
3615 692 3674 744 ὲν
3706 690 3830 745 δυο-

2239 780 2446 845 δεκάσι,
2475 782 2660 852 σχεδὸν
2684 781 2792 834 τῶν
2817 782 2873 835 ὲν
2909 783 3146 846 ἁπάσαις
3176 783 3466 855 ἐπαρχίαις
3495 784 3826 857 μαρτύρων,

2239 872 2549 925 ἐπισκόπων
2573 913 2588 938 ,
2639 873 2984 945 ὁμολογητῶν
3034 876 3127 929 καὶ
3174 876 3348 944 ἁγίων
3398 878 3676 944 γυναικῶν
3725 877 3827 930 καὶ

2239 963 2540 1034 παρθένων,
2570 964 2950 1035 παρεσκεύασε
2993 965 3062 1018 τὰ
3105 964 3251 1036 πάθη
3307 965 3583 1037 φέρεσθαι.
3633 965 3825 1029 Miror,

2237 1055 2472 1111 Caveum
2516 1057 2642 1110 huic
2671 1058 2824 1128 operi
2869 1058 3108 1114 tribuere
3149 1057 3318 1113 libros
3348 1074 3455 1113 nou
3487 1061 3692 1129 viginti,
3725 1057 3824 1114 sed

2236 1149 2498 1211 undecim,
2555 1149 2783 1219 ejusque
2821 1149 2898 1205 rei
2937 1157 3214 1206 auctorem
3271 1150 3496 1205 laudare
3546 1151 3679 1206 Acta
3711 1148 3824 1205 Sil-

2235 1242 2412 1305 vestri,
2450 1256 2478 1294 a
2513 1241 2842 1298 Combelisio
2871 1241 3037 1298 edita.
3064 1241 3292 1314 [Forsan
3318 1244 3449 1298 illud
3475 1244 3540 1299 de
3565 1247 3825 1316 martyri-

2236 1335 2329 1388 ltus
2384 1334 2710 1400 Palwstinw,
2745 1336 2888 1407 quod
2941 1337 2996 1390 in
3038 1335 3194 1390 editi.
3250 1334 3324 1391 H.
3370 1336 3435 1392 E.
3473 1338 3709 1395 adhaeret
3753 1341 3826 1394 li-

2236 1428 2333 1482 bro
2362 1443 2481 1492 vur,
2511 1436 2565 1482 et
2607 1428 2673 1483 de
2708 1442 2818 1500 quo
2848 1445 2898 1482 v.
2926 1427 3087 1482 Fabr.
3121 1428 3186 1483 Β.
3222 1426 3313 1484 Gr.
3346 1430 3454 1484 vol.
3489 1429 3578 1495 IX,
3606 1446 3727 1503 pag.
3748 1433 3824 1488 55

2234 1535 2294 1590 δτι
2353 1521 2439 1576 ed.
2468 1529 2599 1584 vet.,
2632 1536 2758 1591 pars
2792 1520 2895 1576 fuit
2924 1522 3088 1591 hujus
3119 1521 3458 1577 collectionis
3500 1526 3816 1594 martyrior.

2234 1613 2650 1686 ant.iquiorutn.]
2695 1613 2898 1670 Confer
2947 1613 3014 1668 de
3075 1613 3264 1668 eodem
3303 1628 3466 1683 Opere
3508 1613 3820 1673 Eusebiano

2235 1703 2551 1760 Bollandum
2593 1707 2746 1778 praef.
2807 1707 2872 1762 ad
2928 1714 2970 1761 t.
3029 1705 3049 1758 I
3103 1707 3221 1763 Act.
3281 1718 3511 1763 sanctor.
3559 1707 3814 1773 Januar.,

553 1811 611 1853 ut
646 1806 817 1869 putat,
851 1798 1033 1869 operis
1064 1798 1358 1869 genuinum
1383 1799 1832 1870 ἁποσπασμάτιον
1869 1801 1936 1855 de
1967 1799 2127 1854 Pam-
2161 1787 2198 1840 Β
2226 1813 2348 1867 pag.
2403 1812 2492 1851 xvr
2547 1805 2602 1852 et
2651 1813 2776 1860 va,
2831 1804 2885 1852 et
2941 1795 3344 1852 Henschenium
3406 1807 3445 1852 t.
3497 1797 3539 1852 II
3595 1798 3816 1867 Aprilis,

542 1891 683 1964 jphili
737 1892 1000 1961 martyrio
1027 1888 1213 1946 Graece
1263 1907 1327 1944 ex
1373 1907 1478 1946 ms.
1508 1892 1694 1947 codice
1722 1891 1957 1948 Mediceo
1986 1895 2129 1964 regis

549 1983 1008 2040 Christianissimi
1065 1983 1402 2052 descriptum
1446 1984 1664 2039 exhibet
1722 1983 2127 2054 Papebrochius

544 2083 592 2132 ,t.
629 2075 792 2139 IAct.
822 2073 1136 2129 Sanctorum
1187 2071 1358 2136 Junii,
1386 2089 1508 2145 pag.
1534 2074 1716 2135 64—74,
1763 2091 1885 2128 cum
1939 2074 2127 2130 Latina

548 2167 821 2222 versione.
861 2162 1044 2236 [Fabr.
1079 2164 1134 2217 in
1176 2177 1275 2216 sua
1325 2162 1594 2233 Hippolyti
1625 2161 1761 2234 Opp.
1790 2165 1946 2228 edit.,
1984 2175 2021 2218 t.
2059 2163 2125 2225 II.

553 2272 674 2328 pag.
701 2251 857 2324 217.]
906 2253 1099 2309 Latina
1151 2254 1241 2307 illa
1297 2269 1361 2306 ex
1401 2252 1633 2310 Eusebio
1667 2271 1730 2308 ac
1766 2255 2128 2325 Metaphraste

552 2350 818 2405 dederant
850 2347 1221 2419 Lipomannus
1252 2354 1305 2401 ct
1334 2344 1530 2401 Surius
1560 2346 1584 2400 1
1608 2345 1776 2412 Junii,
1802 2357 1855 2402 et
1881 2346 2125 2405 Valesius

541 2462 672 2516 pag.
706 2445 831 2509 178,
848 2442 913 2498 ad
944 2441 1142 2497 Euseb.

621 2533 760 2590 XIX.
791 2534 913 2588 Τῶν
940 2533 1203 2602 ἀρχαίων
1219 2533 1558 2601 μαρτυρίων
1579 2530 1954 2601 συναγωγήν,
1989 2535 2126 2586 anti-

547 2641 768 2696 quorum
826 2623 1203 2692 martyriorum
1264 2621 1656 2684 collectionem,
1719 2622 2004 2690 scripsisse
2066 2638 2125 2677 se

547 2716 817 2771 Eusebius
849 2721 1080 2768 testatur
1111 2711 1167 2766 in
1198 2710 1344 2766 Hist.
1386 2711 1570 2766 eccles.
1625 2711 1720 2765 lib.
1751 2727 1824 2773 ιν,
1854 2726 1973 2781 cap.
2032 2711 2120 2776 15,

547 2821 670 2877 pag.
699 2805 821 2871 156,
852 2810 906 2858 et
954 2802 1048 2856 lib.
1086 2818 1135 2867 v,
1185 2815 1442 2872 prooem.,
1477 2816 1602 2872 pag.
1636 2801 1759 2863 153,
1792 2810 1845 2856 et
1873 2815 1992 2872 cap.
2029 2799 2118 2865 21,

539 2915 670 2972 pag.
707 2897 827 2952 189.
860 2895 938 2950 Ex
961 2896 1063 2950 hoc
1088 2910 1254 2966 opere
1283 2893 1565 2964 praeclaro,
1597 2899 1651 2948 et
1671 2891 1815 2964 quod
1854 2893 2122 2964 integrum

543 2991 612 3047 ad
635 3006 736 3046 nos
760 2987 906 3044 haud
933 2987 1246 3059 pervenisse
1274 2984 1562 3040 dolendum
1599 2992 1702 3049 est,
1734 2985 1903 3040 multa
1933 3000 2123 3056 super-

538 3099 666 3138 csse
704 3081 976 3146 videntur,
1026 3079 1080 3133 in
1129 3077 1262 3132 Vitis
1296 3076 1523 3131 Patrum
1556 3076 1745 3133 Latine
1780 3077 1883 3132 sub
1927 3075 2121 3132 Hiero-

543 3174 694 3248 nymi
745 3173 965 3230 nomine
1009 3171 1191 3238 editis,
1222 3179 1276 3227 et
1323 3171 1378 3225 in
1426 3171 1676 3226 Simeone
1734 3169 2115 3240 Metaphraste,

539 3269 633 3340 qui
659 3267 846 3324 Graeco
877 3266 1019 3338 stylo
1067 3274 1378 3320 sanctorum
1405 3261 1560 3317 Vitas
1600 3269 1654 3317 et
1695 3263 1953 3334 martyrio
1987 3278 2120 3318 con-

541 3360 698 3414 didit.
731 3357 1114 3430 Fragmentum
1146 3372 1212 3412 ex
1235 3355 1342 3412 hoc
1369 3371 1531 3426 opere
1561 3354 1870 3411 Eusebiano
1899 3355 2026 3410 dare
2059 3370 2119 3411 se

540 3451 772 3508 credidit
807 3449 1212 3520 Papebrochius
1245 3445 1620 3502 Nai-rationem
1649 3445 1711 3502 de
1750 3446 1924 3502 decem
1959 3465 2119 3501 mar—

542 3544 744 3615 tyribus
795 3541 1034 3614 Αἲθῃριί,
1062 3539 1251 3595 Graec
1306 3555 1337 3596 e
1384 3556 1487 3596 ms.
1514 3538 1774 3594 VatiCano
1813 3556 1934 3595 cum
1970 3540 2113 3596 Guil.

543 3636 728 3691 Sirleti
756 3635 1005 3690 versione
1035 3639 1076 3688 t.
1111 3632 1132 3686 ι
1202 3633 1322 3686 Act.
1365 3641 1595 3686 sanctor.
1637 3632 1806 3695 Junii,
1857 3649 1978 3703 pag.
2007 3634 2114 3689 420

541 3745 657 3798 seq.
695 3725 786 3782 Sic
827 3727 959 3782 Acta
1014 3725 1259 3796 martyrii
1290 3723 1348 3779 S.
1379 3723 1600 3777 Luciani
1627 3724 1768 3794 apud
1801 3724 2018 3778 Surium
2059 3733 2113 3780 et

539 3818 858 3875 Bollandum
911 3816 978 3871 ad
1030 3818 1061 3870 7
1113 3814 1337 3871 Januar.
1386 3815 1577 3869 Latine
1628 3815 1804 3881 edita,
1859 3814 2110 3873 Usserius

541 3912 682 3984 apud
711 3911 952 3968 Caveum
976 3903 1292 3980 suspicatus
1319 3916 1403 3962 est
1433 3905 1849 3976 Metaphrastem
1891 3908 2110 3978 petiisse

537 4023 604 4063 ex
633 4005 889 4061 Eusebio.
951 4005 1220 4074 Integram
1267 4000 1386 4070 ejus
1432 3999 1742 4072 μαρτυρίων
1790 4001 2108 4072 ἀναγραφήν

536 4099 593 4152 in
630 4097 763 4152 bibl.
799 4093 1130 4151 Scorialensi
1165 4092 1501 4162 superfuisse
1524 4091 1751 4144 allirmat
1779 4088 2106 4147 Franciscus

535 4187 786 4245 Bivarius
819 4185 886 4240 ad
910 4184 1124 4241 Pseudo
1148 4181 1334 4238 Dextri
1359 4183 1671 4249 Chronicon,
1704 4182 1772 4237 ad
1795 4185 1860 4237 A.
1893 4180 1954 4237 C.
1978 4182 2103 4240 508.

535 4278 714 4350 Atque
752 4275 916 4331 libros
967 4285 1070 4329 tres
1117 4282 1419 4344 martyrum
1466 4273 1685 4328 Eusebii
1743 4275 1983 4330 nondum
2034 4273 2104 4331 de

537 4366 725 4423 Graeco
754 4381 942 4424 versos
971 4365 1046 4420 ibi
1091 4365 1389 4428 exstitisse,
1421 4378 1487 4418 ex
1519 4363 1697 4418 indice
1724 4365 1965 4434 ejusdem
2006 4366 2104 4420 bi—

2230 1903 2352 1957 pag.
2414 1886 2551 1955 559;
2583 1888 2875 1943 Baronium
2941 1887 3085 1945 Diss.
3145 1887 3526 1958 Martyrologio
3576 1888 3818 1946 Romano

2230 1980 2528 2048 praemissa,
2564 1995 2685 2050 cap.
2719 1980 2834 2044 5—7,
2867 1987 2919 2034 et
2955 1979 3230 2034 Matthiam
3269 1978 3310 2032 F
3314 1981 3419 2055 rid.
3444 1980 3697 2036 Beckium
3743 1984 3818 2039 ad

2230 2069 2672 2141 Martyrologium
2733 2071 2983 2125 Ecclesia:
3044 2069 3386 2138 Germanicis,
3440 2087 3563 2142 pag.
3610 2072 3645 2126 5
3690 2089 3813 2144 seq.

2229 2162 2391 2218 Fssn.
2419 2163 2474 2218 In
2505 2163 2626 2218 cod.
2657 2161 2890 2216 MCDLII
2927 2163 3058 2218 bibl.
3092 2163 3243 2233 pubi.
3277 2162 3456 2220 Paris.
3487 2173 3571 2219 est
3601 2181 3656 2219 ιι.
3687 2162 3814 2219 XXI

2227 2255 2488 2320 Οιιυεὶῐηί,
2521 2255 2616 2324 qui
2645 2253 2797 2309 Pauli
2853 2256 3156 2327 discipulus
3205 2256 3330 2324 fuit,
3364 2257 3702 2324 martyrium,
3757 2267 3818 2313 et

2226 2365 2281 2402 ιι.
2317 2346 2477 2410 XXII,
2505 2345 2794 2416 Pamphili,
2832 2346 3104 2413 Valentis,
3157 2346 3334 2413 Pauli,
3390 2346 3636 2414 Seleuci,
3676 2347 3821 2403 Por-

2227 2439 2424 2509 p‘tyl‘ii,
2478 2438 2744 2494 Theoduli
2809 2448 2863 2494 et
2901 2438 3108 2494 Juliani
3167 2441 3527 2512 martyrium,
3587 2449 3816 2498 auctore

2225 2530 2481 2584 Eusebio.
2502 2529 2674 2585 Hann.

2297 2619 2415 2675 XX.
2446 2620 2688 2690 Epistola
2745 2622 2814 2675 ad
2848 2621 3216 2678 Constantiam
3270 2622 3581 2695 Augustam,
3611 2623 3815 2679 Licinii

2224 2732 2473 2782 uxorem,
2507 2717 2723 2772 laudata
2781 2718 2850 2773 ab
2898 2715 3275 2774 lconomachis
3321 2720 3379 2774 in
3419 2719 3570 2775 Actis
3613 2719 3815 2790 synodi

2224 2805 2451 2862 Nicaeum
2477 2807 2750 2873 secundae,
2783 2820 2890 2863 act.
2923 2826 2976 2877 ν,
3013 2824 3134 2881 pag.
3161 2810 3285 2877 608,
3308 2819 3364 2867 et
3384 2827 3460 2877 vt,
3505 2828 3627 2885 pag.
3673 2812 3809 2878 661,

2224 2908 2264 2954 ι.
2318 2901 2384 2955 IlI
2436 2900 2575 2956 Binii
2607 2901 2834 2974 (Labbei
2867 2912 2909 2958 t.
2947 2901 3076 2976 VII),
3106 2911 3163 2960 et
3201 2919 3236 2958 a
3286 2903 3625 2977 Nicephoro,
3659 2906 3814 2962 Con-

2223 2995 2574 3066 stantiuopol.
2603 2997 2933 3067 patriarcha,
2990 2998 3326 3070 impugnata.
3371 2999 3448 3054 Ex
3479 3001 3667 3056 eadem
3701 3001 3807 3059 Ni-

2222 3088 2492 3158 cephorus
2525 3087 2792 3162 Gregoras
2817 3105 2933 3156 xix,
2963 3091 3017 3156 5,
3047 3090 3213 3159 Hist.,
3256 3094 3347 3148 ubi
3375 3092 3662 3150 Eusebium
3689 3096 3814 3154 τῶν

2219 3180 2340 3232 τότε
2385 3179 2576 3250 λογίων
2627 3181 2719 3235 τὸν
2765 3183 2982 3254 πρῶτον
3035 3184 3303 3254 appellat,
3355 3201 3477 3257 pag.
3519 3185 3805 3244 59I.Eam

2219 3273 2514 3342 pleniorem
2549 3272 2731 3329 Graece
2765 3291 2795 3330 e
2843 3291 2946 3331 ms.
2977 3276 3127 3348 regio
3151 3277 3321 3334 edidit
3357 3277 3409 3332 .l.
3437 3278 3715 3336 Boivinius
3747 3281 3803 3336 in

2218 3364 2364 3418 notis
2419 3364 2648 3420 eruditis
2704 3363 2770 3420 ad
2830 3364 3057 3436 Niceph.
3113 3365 3446 3440 Gregoram,
3497 3386 3618 3442 pag.
3671 3370 3803 3426 795.

2219 3451 2472 3523 Spuriam
2523 3462 2578 3509 et
2636 3453 2874 3512 Eusebio
2908 3457 3248 3526 suppositam
3289 3474 3414 3516 esse
3442 3476 3550 3516 non
3587 3461 3810 3520 dubitat

2215 3544 2468 3602 Petavius
2516 3562 2626 3612 xtv,
2658 3546 2711 3614 9,
2750 3547 2936 3619 Dogm.
2975 3550 3129 3606 theol.
3161 3550 3226 3606 de
3259 3550 3652 3612 Incarnatione.
3686 3556 3801 3613 Sed

2215 3636 2450 3692 Eusebio
2508 3648 2656 3694 recte
2705 3653 2736 3693 a
2788 3639 3008 3698 laudato
3057 3641 3286 3699 Boivino
3341 3644 3670 3702 vindicatur.
3737 3647 3792 3704 Is

2213 3729 2406 3785 iisdem
2438 3729 2590 3786 Actis
2617 3729 2849 3787 Nicaeum
2881 3733 3076 3804 synodi
3104 3733 3330 3790 aﬂ'ertur
3361 3736 3527 3794 etiam
3565 3739 3796 3811 aliquid,

2209 3836 2333 3891 pag.
2359 3821 2463 3876 608
2489 3830 2542 3877 et
2569 3821 2695 3888 662,
2723 3838 2786 3879 ex
2827 3825 3058 3896 epistola
3098 3825 3317 3885 Eusebii
3366 3831 3433 3886 ad
3466 3827 3804 3904 Euphratio—

2209 3928 2333 3967 ncm
2382 3915 2496 3970 sive
2524 3913 2958 3986 Euphrasionem
2996 3927 3052 3974 et
3074 3919 3141 3975 ad
3161 3920 3529 3978 Alexandrum
3553 3923 3798 3980 Alexan-

2208 4004 2448 4062 driuum.

2619 4099 2812 4158 Latine
2849 4112 3056 4158 tantum
3103 4116 3314 4160 exstant
3348 4122 3367 4162 :

2273 4187 2415 4243 XXI.
2442 4189 2711 4264 Apologia
2739 4209 2834 4262 pro
2865 4193 3086 4266 Origene
3112 4195 3242 4250 liber
3271 4199 3494 4267 primus,
3517 4213 3580 4253 ex
3603 4195 3792 4254 Ruﬁni

2204 4279 2475 4345 versione,
2533 4281 2676 4338 inter
2718 4281 2969 4356 Origeuis
3021 4293 3184 4357 atque
3244 4286 3555 4360 Hieronymi
3607 4286 3794 4359 Opera

2204 4372 2400 4440 saepius
2427 4372 2528 4428 sub
2568 4371 2831 4445 Pamphili
2861 4378 3080 4436 nomine
3107 4380 3304 4436 editus.
3338 4379 3402 4434 Et
3438 4395 3570 4437 sane
3599 4396 3663 4436 ex
3686 4397 3794 4437 vo-

538 4462 820 4519 bliotheca:
871 4476 926 4520 a.
962 4460 1096 4516 1579
1129 4460 1318 4516 didicit
1365 4467 1420 4514 et
1452 4459 1525 4514 ad
1561 4458 1854 4514 Baronium
1883 4461 2105 4533 scripsit
2133 4479 2178 4536 ι)
2208 4464 2508 4522 luminibus
2548 4482 2644 4523 sex
2691 4469 2789 4539 (tot
2833 4473 2977 4526 enim
3022 4473 3276 4544 Apologia
3311 4473 3400 4528 illa
3438 4474 3606 4529 libros
3632 4488 3796 4529 com-

542 4554 859 4622 Lindanus,
921 4563 982 4610 ut
1045 4561 1234 4609 narrat
1298 4551 1564 4608 Barouius
1629 4552 1694 4606 ad
1756 4551 2100 4624 Martyrolog.

530 4648 602 4702 25
635 4644 782 4716 Sept.
831 4647 1051 4703 Duabus
1099 4646 1360 4700 librorum
1416 4645 1710 4700 decadibus
1758 4646 2106 4717 sive-viginti

531 4739 683 4793 libris
711 4741 1018 4796 constitisse
1045 4739 1174 4793 illud
1209 4754 1364 4806 opus,
1402 4739 1564 4791 tradit
1595 4739 1828 4808 scriptor
1853 4739 2102 4794 Actorum

530 4829 589 4885 S.
637 4826 900 4893 Silvestri,
923 4829 1066 4901 apud
1095 4827 1441 4882 Lambecium
1463 4837 1503 4882 t.
1533 4826 1669 4892 VIII,
1700 4843 1754 4898 p.
1787 4828 1882 4883 521
1905 4828 1979 4902 [p.
1996 4828 2100 4884 685

531 4939 614 4993 Sq.
673 4920 760 4978 ed.
821 4919 1072 4995 Kollar.].
1119 4919 1294 4977 Verba
1355 4921 1644 4992 scriptoris
1706 4922 1853 4978 illius
1914 4930 2096 4979 sunt;

531 5112 889 5194 Wernsdorlii
905 5115 1019 5194 “De
1047 5117 1398 5194 Constantini
1418 5117 1528 5194 lli.
1554 5121 1825 5194 religione
1852 5123 2093 5194 paschali

657 5185 1356 5265 Epseb_.__ADe_vita_‘Co_ns_t.
1409 5187 1487 5265 ῌ.
1519 5185 1782 5265 Διὶὸνῆν,
1834 5185 1953 5265 cap.
2001 5194 2091 5260 22,

529 5253 754 5313 Witteb.
789 5257 947 5323 1758,
971 5258 1025 5322 4,
1051 5265 1106 5312 et
1139 5258 1196 5314 Ι).
1235 5253 1460 5315 Erhard.
1503 5260 1700 5316 Anton.
1744 5253 2090 5319 Frominauni

527 5326 609 5381 De
628 5326 778 5382 codd.
811 5329 999 5396 sacris,
1013 5325 1171 5396 jussu
1192 5329 1526 5386 Constantini
1569 5333 1631 5385 ab
1668 5331 1895 5388 Eusebio
1937 5352 2093 5388 cura-

531 5399 619 5468 tis,
654 5399 722 5453 ad
775 5398 971 5455 Euseb.
1021 5398 1191 5452 Vitam
1237 5399 1419 5458 Const.
1455 5402 1578 5457 libr.
1629 5419 1703 5468 tv,
1748 5419 1800 5461 c.
1856 5404 1942 5460 56.
1987 5406 2091 5462 Co-

528 5467 685 5546 burg.
715 5469 976 5546 1761,31,
1008 5483 1189 5524 recns.
1221 5469 1276 5524 in
1297 5473 1422 5546 ejus
1446 5475 1727 5546 ropusculis
1778 5475 2088 5546 philologici

2208 4557 2367 4626 plexa
2421 4561 2527 4629 est)
2582 4559 2921 4632 Pamphilum
2974 4581 3080 4619 una
3137 4582 3261 4620 cum
3314 4565 3549 4622 Eusebio
3595 4567 3790 4637 priora

2206 4653 2444 4724 quinque
2473 4658 2866 4726 composuisse,
2920 4669 3134 4714 sextum
3165 4661 3234 4716 ab
3268 4659 3500 4717 Eusebio
3535 4661 3788 4719 additum

2203 4759 2344 4811 esse,
2375 4752 2604 4802 testatur
2655 4745 2882 4804 Photius
2925 4751 3046 4805 cod.
3083 4767 3252 4806 cxvtu
3306 4752 3402 4823 (b).
3433 4752 3632 4809 Confer
3660 4751 3786 4808 Eu—

2202 4838 2411 4894 sebium
2442 4842 2619 4911 ipsum
2653 4859 2728 4907 vr,
2757 4840 2867 4909 55,
2904 4843 3069 4909 Hist.,
3101 4854 3155 4899 et
3201 4861 3320 4915 quae
3364 4847 3431 4902 de
3472 4847 3574 4900 hoc
3612 4863 3791 4916 opere

2201 4929 2576 4990 Tillemontius
2603 4945 2644 4992 t.
2669 4935 2712 4990 ν
2749 4936 2970 5008 Mentor.
3025 4940 3231 5006 eccles.,
3254 4947 3407 5009 parte
3443 4955 3526 5004 ιιι,
3548 4954 3668 5011 pag.
3707 4940 3791 4994 60

2195 5127 2308 5251 gito
2342 5138 2425 5186 est
2450 5134 2686 5190 versioni
2724 5135 2797 5192 Π.
2839 5135 2906 5192 Ε.
2934 5139 3001 5195 de
3027 5154 3135 5212 qua
3166 5154 3331 5211 supra
3369 5141 3483 5211 jam
3536 5140 3788 5213 egimus.

2244 5217 2367 5251 ABL.

2244 5217 2367 5256 ABL.

2267 5274 2344 5342 (at
2381 5271 2548 5347 Docet
2573 5275 2646 5331 ibi
2670 5275 3064 5346 Eusebius,illo
3087 5296 3146 5337 se
3183 5282 3238 5336 in
3273 5296 3437 5347 opere
3458 5282 3793 5340 exhibuisse

2193 5341 2423 5423 πίνακας
2454 5344 2568 5423 sive
2597 5347 2807 5403 indices
2856 5341 3116 5423 librorum
3168 5361 3281 5406 tum
3312 5341 3602 5423 'Origenis,
3653 5359 3791 5411 tuin

2192 5413 2421 5492 aliorum
2449 5416 2786 5492 scriptorum
2804 5422 3322 5492 ecclesiasticorum,
3354 5413 3492 5492 quos
3513 5413 3790 5492 Pamphi-

2192 5481 2276 5536 Ius
2312 5499 2524 5542 summo
2561 5481 2742 5543 studio
2773 5489 3114 5545 bibliotheca:
3152 5508 3263 5546 suae
3293 5481 3622 5549 adornanda:
3646 5481 3790 5548 'col-

528 5545 687 5624 atque
719 5539 984 5624 historici.
1006 5539 1599 5624 argumenti,'(;oburgi
1632 5539 1794 5624 1770,
1820 5546 1956 5624 8,_p_.
1983 5539 2089 5603 505
2189 5551 2410 5624 legerat.

527 5623 648 5677 sqq.
704 5638 794 5682 —_
825 5607 1126 5682 Eusebius}
1170 5607 1281 5679 Life
1341 5614 1400 5679 of
1439 5607 1784 5682 Constantio,
1836 5607 1958 5671 toil/1
2019 5637 2086 5674 an

526 5682 736 5758 oraison
759 5680 846 5758 ,ἦρ’
860 5680 938 5758 liis
973 5679 1172 5758 Praise,
1205 5681 1309 5758 and
1341 5683 1423 5758 liis
1465 5688 1668 5740 oration
1700 5698 1751 5740 to
1771 5679 1858 5741 the
1890 5689 2081 5758 clergy.

524 5746 693 5806 Loud.
756 5751 904 5807 1637.
951 5781 1017 5790 —
1072 5753 1374 5809 Saltoul‘tall
1440 5758 1613 5811 versio
1672 5759 1933 5831 Anglica,
1990 5746 2082 5815 iid-

2261 5625 2335 5694 (b)
2394 5625 2489 5682 Est
2538 5629 2680 5683 inter
2739 5629 2896 5684 codd.
2962 5629 3182 5687 Latinos
3243 5633 3373 5688 bibl.
3435 5633 3651 5689 Veneta!
3696 5631 3779 5693 Ι).

2406 5696 2526 5753 cod.
2557 5696 2841 5756 XXXVIII.
2880 5700 2930 5756 V.
2967 5701 3088 5760 Cat.
3131 5703 3283 5758 codd.
3319 5703 3466 5770 Lat.,
3505 5720 3626 5777 pug.
3670 5705 3778 5764 17.
