4060 6244
273 349 343 408 ιθ
1750 362 1838 412 Μ)

1941 366 1946 409 l
1963 364 2048 412 1A.
3422 352 3500 406 50'

258 493 380 549 seq.
419 484 472 533 et
498 475 600 532 357
653 491 771 548 seq.
813 472 933 532 Non
976 477 1251 533 assentior
1290 476 1684 532 Bartholomaeo
1711 475 1847 529 Ger-
1873 477 1999 533 Aet
2055 475 2109 529 in
2165 475 2430 545 Supplem.
2484 476 2624 532 Bibl.
2671 475 2788 533 PP.
2834 475 3015 533 Paris.
3072 479 3239 548 1659,
3285 487 3418 536 tom.
3455 485 3501 548 l,

260 572 466 635 monio,
497 571 589 639 qui
625 568 767 623 libro
798 568 873 623 De
912 567 1193 633 hareticis,
1240 569 1474 623 codicum
1508 570 1843 625 ecclesiasti—

257 676 439 714 carum
496 659 916 730 corruptoribus,
977 675 1101 730 pag.
1164 659 1269 716 305
1330 676 1468 732 seq.,
1540 660 1839 743 contendit,

257 753 440 808 nullas
487 751 760 824 Pamphili
812 759 996 822 partes
1055 754 1113 807 in
1165 753 1422 825 Apologia
1469 771 1562 824 pro
1621 753 1842 824 Origene

253 847 448 912 fuisse,
471 845 568 901 sed
599 860 806 900 meram
832 845 974 899 hanc
1006 843 1177 901 fuisse
1210 845 1478 910 fraudem,
1503 848 1596 917 qui
1624 847 1843 904 Eusebii

249 956 395 1010 opus
420 940 524 995 sub
553 937 822 1008 Pamphili
845 937 1065 993 nomine
1091 938 1470 995 venditaverit.
1503 937 1687 995 Hebed
1710 937 1842 995 Jesu

253 1041 440 1086 autem
470 1029 525 1084 in
555 1029 816 1101 Catalogo
851 1028 1104 1084 librorum
1137 1029 1564 1098 Chaldaicorum,
1590 1047 1713 1104 pag.
1752 1031 1837 1100 19,

255 1129 524 1175 memorat
558 1119 778 1175 Eusebii
826 1119 1019 1173 librum
1077 1121 1456 1192 apologoticum
1496 1137 1591 1190 pro
1634 1121 1841 1176 homine

255 1211 487 1282 quodam
537 1210 869 1282 Origenista,
916 1213 1008 1282 qui
1058 1213 1345 1281 exponebat
1392 1213 1696 1283 Scripturas
1751 1230 1842 1283 per

258 1301 567 1374 allegorias,
606 1312 654 1357 et
695 1304 1080 1373 coarguebatur
1112 1305 1209 1359 hoc
1249 1307 1456 1360 nomine
1483 1323 1517 1361 α
1550 1305 1837 1366 Theodoro.

257 1396 336 1451 De
361 1396 632 1467 Antipatri
675 1395 988 1454 Bostrensis
1032 1399 1372 1471 Ἀντιῤῥήσει
1429 1401 1526 1470 τῆς
1580 1399 1839 1454 Εὑσεόίου

257 1489 403 1560 ὑπὲρ
427 1489 519 1542 τοῦ
562 1490 866 1561 Ὠριγένους
890 1490 1418 1559 ἀπολογίας,·ἀίωω
1450 1491 1593 1547 infra
1626 1493 1681 1546 in
1715 1492 1842 1546 An-

255 1583 480 1652 tipatro.

330 1672 492 1728 XXII.
531 1672 801 1744 Opuscula
826 1689 920 1730 xw
944 1688 974 1726 a
1003 1671 1208 1729 Jacobo
1239 1672 1528 1729 Sirmondo
1574 1675 1719 1731 edita
1769 1691 1837 1732 ex

253 1766 470 1823 duobus
492 1781 628 1822 mss.
655 1765 972 1821 monasterii
995 1763 1381 1844 Herivallensis
1407 1775 1464 1822 et
1503 1765 1561 1823 S.
1594 1767 1835 1824 Cornelii

254 1857 722 1929 Compendiensis,
765 1864 808 1912 t.
861 1854 904 1910 II
964 1856 1090 1914 Var.
1123 1874 1326 1928 opusc.,
1354 1858 1530 1927 Paris.
1583 1860 1742 1924 1645,
1775 1861 1828 1930 8,

257 1951 406 2006 unde
464 1965 660 2007 recusa
719 1956 848 2006 sunt
897 1950 953 2006 in
1013 1949 1155 2006 Bibl.
1201 1950 1428 2006 Patrum
1478 1952 1610 2009 edit.
1657 1951 1828 2026 Lugd.

262 2043 428 2105 1675,
449 2051 600 2099 torno
630 2040 719 2108 IV,
743 2050 800 2099 et
833 2042 968 2098 inter
991 2041 1264 2100 Sirmondi
1297 2043 1473 2116 Opera
1498 2051 1540 2102 t.
1576 2043 1616 2112 1,
1653 2043 1828 2102 Paris.

262 2133 426 2200 1696,
450 2133 544 2191 fol.

330 2226 597 2281 Adversus
626 2225 916 2282 Sabellium
959 2227 1110 2294 liber,
1163 2228 1280 2285 sive
1335 2230 1516 2301 potius
1546 2227 1766 2285 homilia
1799 2229 1824 2283 1

252 2328 312 2374 et
327 2317 381 2372 2.
414 2317 473 2372 In
496 2318 687 2373 harum
709 2320 892 2388 priore
917 2319 1200 2378 Marcellus
1223 2321 1544 2393 Ancyranus
1565 2321 1832 2392 perstrin-

254 2411 404 2484 gitur
450 2410 537 2468 his
591 2411 775 2468 verbis
832 2427 955 2484 pag.
991 2413 1100 2468 10:
1132 2411 1313 2478 Pater,
1357 2415 1446 2483 qui
1492 2415 1698 2484 genuit,
1729 2429 1831 2467 non

254 2509 535 2578 pernitetur
589 2507 652 2561 de
705 2507 843 2561 bona
910 2507 1188 2578 progenie,
1252 2524 1354 2572 non
1409 2507 1623 2563 devorat
1677 2524 1831 2563 suum

259 2597 486 2654 Filium.
568 2595 858 2651 Irridemus
918 2597 1128 2666 fabulas
1195 2599 1425 2670 gentium
1454 2641 1471 2666 ,
1536 2609 1586 2656 et
1641 2601 1830 2659 iterum

258 2691 470 2748 easdem
493 2689 813 2756 inducimus,
831 2707 935 2746 non
965 2708 1082 2756 nos,
1105 2691 1194 2746 sed
1221 2693 1310 2762 qui
1331 2709 1493 2748 ausus
1513 2703 1589 2750 est
1613 2695 1827 2753 Galate.

261 2783 405 2840 Deus
430 2782 565 2838 enim
594 2799 698 2837 non
727 2798 899 2837 uocem
944 2783 1153 2853 genuit,
1195 2783 1284 2838 sed
1322 2783 1544 2853 Filium,
1572 2803 1677 2842 non
1708 2806 1834 2844 ser-

262 2890 493 2938 monem,
537 2872 624 2927 sed
671 2871 866 2938 Vitam,
931 2889 1035 2928 non
1089 2873 1308 2939 dictum,
1373 2875 1464 2931 sed
1522 2876 1708 2933 Deum.
1772 2881 1832 2936 In

262 2965 569 3036 posteriore
594 2963 791 3033 saepius
813 2964 1064 3019 laudatur
1100 2967 1352 3022 memoria
1405 2968 1543 3023 beati
1569 2971 1687 3036 viri,
1737 2987 1834 3042 per

265 3072 427 3127 quem
507 3055 755 3112 Valesius
825 3057 1077 3129 intelligit
1139 3056 1518 3130 Pamphilum,
1598 3063 1833 3120 editores

1942 581 2064 637 pag.
2095 566 2198 621 826
2231 567 2304 637 (γ.
2327 565 2487 622 Fabr.
2510 568 2574 622 Β.
2607 568 2699 622 Gr.
2729 567 2864 631 XIII,
2901 584 3025 641 pag.
3055 570 3178 640 814)
3201 589 3217 638 ;
3243 571 3336 628 sed
3356 571 3502 642 quod

1942 659 1998 714 in
2023 673 2085 714 ea
2113 658 2365 726 refertur,
2392 659 2520 730 quid
2551 659 2814 716 Eusebius
2844 663 3134 732 episcopus
3165 665 3504 732 responderit

1939 749 2268 816 Alexandro,
2309 752 2695 822 interroganti,
2727 769 2885 824 quem
2929 754 3163 810 fructum
3197 755 3373 810 ferant
3407 759 3500 827 qui

1941 849 2161 896 sanctos
2185 848 2240 895 et
2285 840 2439 896 beate
2469 841 2755 899 defunctos
2785 845 2986 911 colant,
3022 845 3136 911 illa,
3192 859 3312 915 quae
3339 846 3386 903 si
3419 855 3504 903 est

1941 931 2178 1001 genuina
2235 951 2250 986 :
2301 930 2533 988 Eusebio
2576 934 2944 992 Alexandrino
2991 936 3157 994 tribui
3199 938 3393 1007 possit.
3431 967 3502 980 --

1941 1021 2210 1079 Przeterea
2281 1025 2541 1080 adnotare
2605 1026 2806 1095 juvat,
2879 1027 2934 1083 in
3007 1027 3134 1084 cod.
3209 1027 3502 1085 Bodleiano

1939 1131 1997 1170 n.
2045 1113 2407 1170 MMCCXXlll
2461 1115 2612 1186 (Cat.
2655 1117 2810 1173 codd.
2872 1117 3081 1189 Anglia;
3117 1116 3159 1183 ι,
3219 1134 3342 1189 pag.
3379 1119 3500 1188 ms)

1939 1215 2177 1270 exstare,
2209 1204 2424 1262 Eusebii
2487 1207 2662 1278 (cujus
2686 1209 2817 1274 sint,
2849 1221 2958 1265 non
2991 1210 3506 1281 additur)homilias

1940 1307 2085 1366 octo,
2102 1315 2330 1370 quarum
2354 1300 2527 1370 prima
2554 1308 2640 1354 est
2663 1301 2730 1355 ad
2757 1301 3082 1370 monachos;
3112 1302 3205 1357 sed
3228 1303 3283 1356 in
3312 1300 3502 1355 eodem

1939 1391 2062 1448 cod.
2097 1392 2322 1463 reperiri
2361 1393 2560 1447 dicitur
2589 1391 2804 1448 Eusebii
2826 1391 3074 1448 Eineseni
3113 1392 3179 1447 ad
3210 1393 3504 1448 monachos

1940 1483 2164 1540 homilia
2196 1500 2359 1540 nona.
2391 1482 2455 1538 V.
2479 1483 2619 1539 infra
2647 1485 2715 1540 de
2749 1484 2980 1542 Eusebio
3022 1483 3308 1558 Emeseno.
3347 1515 3414 1524 —
3444 1483 3501 1538 In

1939 1575 2063 1632 cod.
2093 1577 2291 1633 eccles.
2317 1576 2560 1632 cathedr.
2595 1575 2970 1633 Dunelmensis
2996 1593 3052 1632 ιι.
3105 1574 3499 1634 CCLXXXXII.

1939 1669 2160 1727 Eusebii
2214 1672 2388 1740 (nullo
2441 1671 2626 1728 addito
2683 1669 2884 1726 indicio
2946 1669 3102 1741 cujus
3167 1671 3276 1727 sit?
3313 1670 3499 1728 forsan

1945 1759 2200 1828 Emeseni,
2233 1762 2288 1816 in
2317 1762 2490 1818 Catal.
2522 1778 2684 1817 mem.
2713 1760 2778 1827 11,
2803 1778 2922 1833 pag.
2946 1761 3000 1832 9)
3045 1776 3223 1818 sermo
3251 1762 3314 1816 de
3346 1764 3496 1816 nati-

1939 1854 2096 1910 vitats
2121 1853 2354 1909 Domini.
2377 1883 2448 1896 --
2476 1851 2537 1909 In
2587 1854 2766 1910 indice
2805 1854 2870 1908 ad
2905 1854 3013 1910 vol.
3062 1852 3106 1907 Il
3137 1853 3309 1911 Catal.
3337 1855 3498 1910 codd.

1936 1947 2112 2004 Paris.
2149 1947 2282 2003 bibl.
2315 1947 2464 2018 publ.
2493 1948 2695 2003 citatur
2720 1946 2944 2002 Eusebii
2991 1944 3192 2004 Caesar.
3230 1947 3403 2002 oratio
3445 1947 3501 2000 in

1935 2044 2226 2115 ingressum
2260 2041 2599 2111 iejuniorum.
2627 2071 2698 2080 —
2727 2039 2785 2095 In
2811 2040 2944 2096 bibl.
2976 2039 3180 2096 Bodlei.
3202 2039 3343 2097 inter
3377 2041 3498 2096 cod.

1936 2135 2110 2192 Laudi
2169 2151 2228 2190 n.
2293 2131 2544 2189 DCCXIV
2607 2131 2911 2204 fragmenta
2986 2131 3233 2202 quaedam
3285 2133 3379 2190 Gr.
3438 2132 3502 2186 de

1931 2228 2237 2297 paenitentia
2264 2241 2332 2283 ex
2367 2226 2634 2294 Eusebio,
2675 2226 3066 2297 Cbrysostomo
3087 2264 3104 2293 ,
3142 2224 3364 2292 Basilio,
3390 2234 3499 2282 etc.

1936 2322 2107 2378 Ilua.

2004 2414 2084 2469 De
2126 2409 2449 2482 incorporati
2489 2419 2539 2466 et
2565 2408 2818 2465 inuisibili
2866 2410 3008 2476 Deo,
3043 2420 3207 2482 atque
3248 2411 3503 2483 incorpo-

1934 2507 2036 2564 rali
2065 2505 2250 2562 anima
2298 2510 2356 2560 et
2403 2502 2674 2575 spirituali
2706 2501 2945 2574 cogitatu
2997 2502 3238 2561 hominis
3268 2505 3503 2562 homiliae

1935 2615 2054 2658 88!.

2006 2691 2084 2747 De
2110 2707 2191 2757 eo,
2219 2687 2356 2762 quod
2381 2690 2457 2742 ait
2486 2685 2742 2742 Dominus
2773 2685 2962 2743 Matth.
2992 2702 3047 2751 ι,
3078 2686 3170 2754 51,
3203 2705 3222 2739 ι
3247 2686 3371 2744 Non
3387 2690 3501 2745 veni

1935 2800 2116 2857 pacem
2139 2783 2344 2838 mittere
2365 2781 2420 2836 in
2453 2788 2668 2836 terram.
2703 2797 2724 2832 ι

2006 2876 2085 2931 De
2136 2873 2386 2930 mandato
2437 2871 2653 2926 Domini
2714 2869 2904 2928 Matth.
2940 2885 3010 2937 ι,
3061 2871 3151 2939 57,
3187 2871 3340 2938 Quod
3383 2870 3499 2928 dico

1937 2971 2078 3028 vobis
2111 2971 2165 3023 in
2184 2984 2332 3032 aure,
2365 2981 2533 3036 supra
2569 2971 2702 3019 tecta
2721 2964 3019 3033 pradicate.

2010 3065 2086 3118 De
2114 3061 2352 3132 operibus
2383 3059 2528 3114 bonis
2557 3067 2606 3113 et
2639 3059 2793 3113 malis
2839 3057 3059 3113 homilia
3089 3058 3113 3112 1
3161 3064 3216 3114 et
3265 3057 3302 3112 2
3338 3057 3403 3113 ad
3434 3057 3476 3113 II

267 3164 492 3219 operum
530 3147 805 3203 Sirmondi
852 3149 1204 3206 verisimilius
1248 3151 1576 3222 Agapetum,
1611 3152 1828 3210 Eusebii
1857 3167 1902 3226 ο
1934 3158 2061 3214 Cor.
2086 3171 2206 3222 vm,
2234 3154 2267 3208 9
2304 3169 2419 3222 seq.

268 3241 635 3296 decessorem.

344 3328 427 3385 De
455 3333 822 3386 resurrectione
854 3340 904 3387 et
937 3332 1260 3397 ascensione,
1293 3334 1510 3389 homilia
1546 3335 1566 3388 1
1603 3343 1657 3390 et
1686 3337 1742 3400 2,
1776 3337 1833 3393 in

270 3435 502 3492 quarum
535 3421 831 3491 posteriore
859 3423 1080 3492 copiose
1107 3423 1414 3478 celebratur
1443 3425 1501 3480 S.
1533 3424 1833 3494 Romanus,

267 3511 338 3568 de
366 3528 475 3581 quo
509 3513 778 3568 Eusebius
826 3528 945 3583 cap.
974 3514 1008 3567 2
1041 3513 1119 3568 De
1159 3516 1480 3584 martyribus
1512 3517 1835 3585 Palaestinae,

263 3604 567 3660 etbomilia
621 3603 839 3661 Eusebii
889 3604 1174 3669 Gallicani,
1225 3615 1266 3662 t.
1300 3607 1366 3662 VI
1424 3610 1563 3666 Bibl.
1613 3611 1838 3669 Patrum

265 3698 400 3754 edit.
469 3696 681 3769 Lugd.,
749 3714 872 3770 pag.
935 3699 1058 3754 671.
1115 3699 1442 3760 Prudentius
1506 3704 1834 3776 Peristeph.,

267 3790 470 3862 hymno
495 3810 549 3857 ι,
584 3791 970 3864 Martyrologia
1020 3793 1084 3850 18
1114 3793 1274 3859 Nov.,
1304 3806 1409 3851 etc.
1439 3796 1602 3854 ann.
1628 3830 1698 3841 —
1729 3800 1837 3856 Eu-

268 3883 408 3938 sebii
442 3885 662 3940 homilia
709 3885 772 3940 de
803 3885 1002 3940 Christi
1033 3890 1426 3955 resurrectione,
1462 3888 1556 3947 Gr.
1606 3906 1669 3946 ac
1718 3893 1836 3952 Lat.

267 3993 370 4048 per
401 3977 801 4036 Fr.Combeiis.
838 3981 1011 4037 Paris.
1048 3982 1206 4047 1648,
1257 3985 1375 4049 fol.,
1406 3987 1459 4041 in
1496 3987 1635 4042 Bibl.
1668 3987 1835 4046 Gra=c.

266 4067 393 4123 Lat.
421 4068 573 4124 Patr.
605 4071 760 4124 Auct.
793 4089 935 4137 nov.,
963 4073 1068 4128 col.
1096 4073 1218 4129 779.
1245 4105 1315 4116 —
1340 4104 1412 4116 ——-
1431 4075 1648 4132 Eusebii
1666 4080 1836 4149 episc.

270 4171 410 4216 orat.
451 4163 516 4218 de
559 4168 1044 4221 commemoratione
1089 4177 1412 4237 sanctorum,
1454 4170 1676 4242 interpr.
1712 4171 1836 4229 Car.

269 4253 550 4320 Fabiano,
619 4257 762 4311 edita
818 4258 873 4312 in
925 4266 1078 4328 parte
1143 4275 1181 4314 ιι
1239 4258 1461 4316 Thomas
1509 4261 1680 4320 Galeti
1716 4265 1840 4322 libri

272 4352 570 4422 Roligiosus
619 4350 886 4422 inscripti,
929 4350 1099 4422 Lugd.
1147 4353 1306 4415 1615,
1343 4353 1411 4420 8;
1449 4371 1560 4410 rec.
1603 4357 1658 4411 in
1694 4357 1836 4415 Bibl.

273 4443 386 4498 PP.
419 4442 608 4498 Colon.
641 4441 795 4508 1622,
829 4451 960 4499 tom.
983 4442 1099 4511 XV;
1123 4473 1194 4486 -—-
1217 4445 1273 4500 in
1301 4443 1544 4518 Lugdun.
1567 4445 1836 4519 LXXVII,

342 4605 421 4674 (a)
454 4602 512 4658 In
555 4604 729 4659 Catal.
766 4604 923 4660 codd.
961 4606 1199 4675 Angliaa,
1236 4615 1366 4671 etc.,
1414 4606 1454 4674 I,
1492 4609 1637 4666 inter
1679 4611 1838 4668 cedd.

273 4675 492 4752 Bodlei,
534 4675 780 4752 n._ﬁlizﬂ.
828 4676 924 4736 Μ,
951 4678 1151 4752 _ines_se
1189 4678 1479 4752 dicuntur.
1508 4681 1671 4736 Actus
1721 4682 1844 4752 Syl-

274 4747 465 4808 cestri,
499 4746 644 4799 urbis
679 4744 854 4798 Roma!
882 4747 1138 4819 episcopi,
1170 4749 1257 4817 qui
1301 4751 1428 4803 vixit
1463 4751 1517 4803 in
1545 4744 1844 4819 episcopatu

274 4834 441 4871 annos
465 4832 600 4870 xxm
619 4857 631 4877 .
665 4832 859 4887 menses
892 4835 922 4870 ι
946 4857 960 4876 ,
986 4818 1096 4871 dies
1122 4834 1236 4879 xu,
1261 4834 1325 4872 ea:
1361 4818 1578 4876 Eusebii
1611 4818 1806 4876 Grcccis
1825 4863 1842 4887 ,

273 4899 331 4941 ut
371 4897 554 4940 auctor
582 4888 636 4940 in
673 4886 982 4953 praefatione
1011 4890 1119 4953 ait,
1157 4889 1428 4946 translati.
1471 4923 1538 4932 -—
1565 4889 1738 4945 Paris.
1788 4894 1850 4948 in

273 4958 409 5012 bibl.
432 4959 574 5028 pnbl.
602 4955 1041 5028 Eusebiijsar.
1066 4959 1284 5012 homilia
1306 4962 1356 5013 in
1383 4964 1682 5016 memoriam
1707 4961 1846 5017 Con-

273 5027 500 5082 stantini
525 5029 703 5109 imper.
731 5037 779 5080 et
805 5027 1062 5110 Sylcestri
1083 5045 1251 5097 papae.
1275 5032 1462 5099 Incipit
1490 5053 1501 5086 :
1526 5035 1553 5085 ὁ
1573 5033 1846 5156 Κέτερος

276 5099 691 5156 [amoto-magae;
725 5097 1009 5156 Εὐσέϐιος.
1050 5116 1103 5152 In
1140 5099 1299 5154 codd.
1339 5099 1566 5156 DCCXX
1676 5102 1844 5156 VIIII.

276 5098 691 5166 ἱστορῳγρὰφος
725 5097 1009 5164 Εὐσέϐιος,
1050 5099 1103 5152 in
1140 5099 1299 5154 codd.
1339 5097 1844 5166 DCCXXXXVII'II,

275 5164 612 5222 MCDXLIIX
636 5175 690 5220 et
719 5166 953 5223 MDVlll.
975 5195 1046 5208 —-
1067 5168 1398 5225 Vindobonze
1425 5174 1479 5226 in
1505 5173 1631 5227 bibl.
1664 5164 1845 5227 Caesa?

273 5254 408 5295 rea,
453 5235 567 5312 eod.
609 5235 824 5312 illi)“,
849 5255 915 5312 n._
951 5237 1012 5293 II.
1057 5239 1232 5309 (cujus
1263 5241 1476 5312 initium
1504 5259 1554 5296 ν.
1585 5257 1746 5312 supra
1777 5243 1844 5297 ad

274 5314 420 5363 sect.
451 5305 520 5358 20
555 5308 863 5380 redditum),
884 5308 952 5364 de
969 5305 1077 5380 quo
1092 5305 1292 5366 inultus
1314 5321 1394 5366 est
1414 5305 1669 5366 Lambec:
1691 5312 1846 5366 Com-

277 5386 445 5431 ment.
482 5384 612 5456 t_om.
644 5374 934 5456 Vl_ll._pa_g_.
969 5374 1094 5456 683,
1123 5397 1268 5456 sqq.,
1299 5383 1389 5450 qui
1413 5399 1479 5436 ex
1519 5384 1845 5456 narrationis

278 5447 555 5522 prommio
577 5447 846 5522 patefacit,
876 5447 1245 5522 Eusebium'i'n
1270 5447 1464 5521 magno
1485 5453 1666 5522 aliquo
1684 5469 1846 5522 opere

280 5533 349 5593 rs
416 5518 681 5593 librorum
705 5519 771 5593 de
802 5520 1043 5575 omnium
1075 5520 1186 5578 fere
1211 5518 1610 5593 provinciarum
1645 5518 1846 5592 marty-

279 5591 434 5662 ribus
454 5629 469 5651 ,
523 5587 816 5662 episcopis,
837 5587 1272 5662 hconlessoribus
1295 5633 1310 5658 ,
1360 5600 1491 5657 etc.,
1533 5587 1846 5662 scripsisse

283 5661 514 5728 primum
583 5658 772 5714 Graece
828 5659 1086 5732 Sylvestri
1145 5679 1294 5732 papae
1327 5662 1562 5732 AVitam,
1620 5658 1846 5732 eamque

351 5741 464 5784 stea
511 5746 838 5800 anonymum
871 5727 1128 5785 incertum
1147 5727 1476 5801 'in'linguam
1501 5727 1846 5788 transtulisse

329 5802 562 5866 utinam,
598 5810 651 5854 et
691 5817 754 5856 ex
789 5801 1010 5868 antiqua
1058 5801 1148 5857 illa
1181 5801 1374 5858 Latina
1420 5805 1666 5860 versione
1713 5805 1841 5862 oro-'-

2009 3248 2137 3303 Hzec
2164 3245 2428 3318 opuscula
2461 3259 2525 3300 ex
2552 3243 2740 3299 ereco
2767 3258 2922 3298 versa
2964 3258 3084 3299 esse
3103 3283 3118 3308 ,
3141 3243 3308 3299 variis
3335 3259 3495 3314 argu-

1935 3341 2133 3397 mentis
2186 3337 2483 3408 colligitur,
2520 3351 2697 3406 neque
2741 3334 2975 3390 Eusebio
3029 3333 3360 3392 Caisareensi
3413 3335 3500 3389 in-

1933 3433 2096 3503 digna
2123 3439 2270 3495 sunt,
2302 3429 2461 3498 eique
2497 3426 2810 3481 tribuuntur
2836 3442 2868 3480 a
2907 3425 3229 3491 Sirmondo,
3261 3424 3498 3490 Valesio,

1935 3527 2006 3582 du
2034 3525 2190 3578 Pinio
2215 3522 2443 3591 aliisque
2481 3518 2661 3592 [codd.
2705 3519 2793 3590 qui
2836 3518 3206 3582 nominantur,
3229 3528 3282 3573 et
3311 3517 3501 3574 Hiero-

1936 3616 2088 3690 nymi
2163 3615 2487 3669 auctoritate
2558 3610 2759 3683 fuitis].
2823 3609 3009 3682 Neque
3077 3610 3252 3680 placet
3308 3611 3497 3681 opinio

1936 3710 2122 3774 Cavei,
2177 3709 2270 3778 qui
2319 3707 2526 3761 incerta
2572 3705 2886 3774 conjectura
2938 3705 3141 3760 mavult
3183 3704 3386 3760 referre
3430 3704 3499 3758 ad

1938 3802 2234 3858 Eusebium
2289 3798 2634 3855 Emesenum.
2689 3795 2821 3869 [Nec
2868 3797 3041 3868 placet
3099 3793 3314 3851 Oudino
3353 3795 3390 3851 l.
3423 3812 3499 3862 c.,

1976 3914 2060 3953 aa.
2078 3897 2201 3953 515.

1937 3895 2353 4042 pagiSIlzI:JActa
2373 3984 2625 4056 Sglvestri
2639 3983 2890 4054 papw,'ad
2908 3981 3194 4038 Eusebium
3218 3989 3493 4037 auctorem

1939 4081 2252 4137 referuntur
2291 4079 2346 4132 in
2389 4076 2712 4147 quibusdam
2745 4073 2906 4128 codd.
2944 4073 3018 4143 (α)
3059 4081 3111 4127 et
3156 4087 3186 4124 a
3235 4071 3492 4126 Ratramo

1941 4173 2084 4228 libro
2127 4189 2178 4227 iv
2235 4168 2431 4225 Contra
2475 4183 2675 4221 errores
2728 4165 3048 4220 Grecorum.
3106 4163 3206 4219 Sed
3256 4180 3403 4218 error
3437 4178 3501 4216 ea:

1941 4266 2122 4322 multis
2151 4263 2459 4332 manifestus
2485 4261 2745 4332 arguitur,
2769 4259 2944 4329 inquit
2968 4258 3230 4314 Baronius
3259 4259 3327 4312 ad
3354 4257 3502 4311 Mar-

1943 4361 2166 4433 tgrolog.
2190 4359 2251 4412 31
2290 4357 2440 4420 Dec.,
2468 4371 2584 4408 cum
2613 4361 2661 4408 et
2691 4349 2899 4407 Gelasio
2930 4361 3057 4406 teste
3095 4361 3214 4405 acta
3248 4351 3500 4418 Sglvestri

1943 4457 2140 4511 incerto
2169 4463 2380 4508 auctore
2413 4451 2518 4504 sint
2561 4448 2777 4516 scripta.
2813 4445 3032 4502 Confer.
3071 4443 3236 4500 Wilh.
3283 4442 3504 4500 Ernesti

1945 4615 2114 4672 diisse
2155 4611 2332 4668 denuo
2385 4609 2525 4664 lianc
2566 4602 2807 4678 ejusdem
2832 4602 3186 4678 Vitaenoyam
3221 4605 3496 4678 editionem

1947 4687 2184 4740 Graecam
2206 4699 2224 4748 ;
2247 4688 2460 4738 vetusta
2487 4679 2574 4732 illa
2594 4673 2726 4732 'vitaa
2749 4676 3033 4732 translatio
3063 4675 3254 4748 Latina
3269 4675 3349 4738 ,in
3367 4673 3504 4728 duos

1944 4757 2113 4811 libros
2143 4745 2348 4819 diuisa,
2387 4759 2469 4806 est
2514 4751 2568 4802 in
2606 4748 2827 4819 antiquo
2869 4747 2992 4801 cod.
3037 4745 3336 4819 membran.
3368 4748 3498 4801 bibl.

1944 4826 2266 4882 Casariens.
2303 4817 2443 4876 inter
2483 4819 2640 4876 codd.
2686 4817 2906 4874 Latinos
2937 4817 3228 4872 historicos
3252 4857 3264 4878 ,
3297 4833 3361 4870 ex
3394 4834 3502 4886 quo

1944 4895 2197 4951 Lambec.
2239 4895 2490 4963 apposuit
2519 4892 2738 4963 longum
2769 4887 3248 4963 promrniilocum.
3280 4887 3418 4940 Idem
3449 4889 3502 4941 in

1943 4957 2326 5021 Additamento
2355 4979 2414 5016 ιιι
2453 4961 2569 5031 (lib.
2623 4957 2696 5022 iv,
2742 4957 2794 5031 p7.
2825 4957 2985 5028 482),
3011 4957 3198 5031 docet,
3241 4964 3500 5031 quantum

1945 5053 2040 5098 ea,
2069 5049 2189 5104 qua:
2212 5033 2269 5104 in
2302 5034 2404 5087 hoc
2449 5028 2636 5104 codice
2672 5038 2728 5104 et
2757 5030 2856 5083 hac
2888 5028 3201 5104 narratione
3242 5028 3308 5083 de
3337 5040 3504 5104 _s_acro

1946 5096 2162 5160 lavacro
2183 5103 2524 5158 Constantini
2551 5101 2618 5155 Μ.
2645 5100 2973 5167 referuntur,
2997 5113 3027 5151 a
3048 5099 3309 5154 relatione
3335 5096 3506 5151 Euse-

1946 5178 2018 5231 bii
2046 5175 2307 5242 Pamphili
2334 5175 2387 5227 in
2422 5174 2564 5232 libro~
2605 5189 2653 5225 tv
2694 5171 2763 5224 De
2785 5172 2889 5242 vita
2914 5169 3142 5242 ejusdem
3173 5169 3505 5242 imperatoris

1945 5239 2253 5312 discrepent.
2286 5275 2353 5282 —
2385 5242 2596 5298 Eusebii
2623 5241 2886 5308 Pamphili
2915 5239 2976 5312 de
3005 5240 3224 5312 tlteolog.
3252 5239 3506 5312 ambigui-

1948 5309 2143 5370 tatibus
2189 5323 2271 5369 est
2317 5314 2369 5367 in
2409 5315 2547 5367 libro
2574 5313 2834 5380 inscripto
2865 5331 2878 5364 :
2910 5309 3320 5380 GeorgioUValla
3349 5311 3508 5380 inter-

1945 5399 2103 5456 prete.
2139 5386 2422 5455 Nicepltori
2462 5378 2766 5456 lilentrnidce
2792 5381 2959 5456 logica
2989 5397 3005 5435 :
3037 5378 3097 5432 Ε.
3143 5378 3310 5456 Italia:
3337 5379 3509 5434 libeII.

1947 5449 2024 5512 De
2065 5449 2382 5527 argumentis
2421 5472 2435 5508 :
2472 5453 2704 5527 Euclidis
2752 5449 3362 5527 elementorumu‘lilvui,
3396 5458 3504 5527 etc.

1953 5520 2148 5582 Venet:
2171 5543 2263 5595 per
2291 5527 2498 5595 Anton.
2524 5525 2590 5577 de
2630 5523 2806 5576 Strata
2838 5523 2994 5577 N88.
3027 5552 3094 5561 -——
3289 5537 3386 5595 per

1948 5615 2073 5653 mon
2106 5589 2442 5664 Pa'pienseni,
2473 5594 2675 5647 dictum
2713 5589 3509 5664 Βενῦειιιιιειηῃβι98ζωὴ-Υ.

1948 5668 2106 5724 Fabr.
2128 5659 2270 5721 BIL.
2291 5665 2422 5718 med.
2457 5674 2503 5717 et
2531 5665 2698 5732 inﬁm.
2736 5668 2851 5730 ιτα,
2897 5659 3026 5718 edit.
3055 5663 3246 5724 Mansi,
3266 5659 3512 5727 ιοωΝι,

1949 5757 1998 5810 ν.
2041 5740 2164 5793 est.
2208 5737 2376 5790 tum.
