3986 6218
559 308 618 360 εί
1542 311 1877 368 EUSELIUS
1916 309 2390 370 CESARIENSIS
2428 310 2823 370 EPlSCOPUS.
3717 298 3788 354 53

562 425 806 483 Teiizelii
831 424 972 480 Diss.
1007 427 1255 492 selectos,
1289 443 1343 502 ι).
1375 427 1477 482 504
1515 443 1630 498 seq.
1681 428 1906 483 Exstant
1927 423 2118 481 Latine
2145 432 2194 488 Α

557 514 701 584 apud
731 514 1127 582 Mombritium,
1155 524 1289 573 tom.
1322 517 1400 582 ll,
1438 527 1492 574 et
1520 519 1621 572 alia
1654 533 1719 572 ex
1763 517 2121 587 Metaphraste

556 606 701 677 apud
740 607 1326 678 Lipomannum,tom.
1350 608 1417 672 V,
1445 617 1498 664 et
1535 608 1752 663 Surium
1789 609 1855 663 ad
1890 610 1950 663 3|
1992 609 2116 666 Dec.

554 699 742 756 Edidit
789 708 844 756 et
904 700 1260 760 Combelisius
1305 705 1439 758 Acta
1472 703 1723 774 Sylvestri
1768 714 1816 758 et
1855 703 2118 760 Constan-

552 791 653 846 tini
674 831 690 858 ,
720 808 752 849 e
771 792 970 864 quibus
1001 795 1419 866 disputationem
1450 794 1953 861 adversuslludazos
1980 813 2117 866 prae-

554 893 710 941 sente
738 885 1096 943 Constantino
1139 903 1169 941 a
1204 885 1478 960 Sylvestro
1514 894 1568 943 et
1609 889 1835 944 Zambre
1875 889 2112 944 habitam

550 977 750 1046 ιορθιῑι
793 976 848 1033 in
899 978 1040 1034 Bibl.
1081 980 1489 1044 concionatoria,
1532 988 1572 1034 t.
1628 979 1704 1046 ll,
1749 980 1816 1035 ad
1872 980 2026 1035 Dom.
2096 999 2109 1035 ι

551 1066 1010 1141 Quadragesimae.
1042 1071 1122 1126 Ex
1157 1071 1267 1126 illis
1304 1071 1532 1127 hausere
1554 1071 1793 1128 Zonaras
1821 1088 1882 1127 ac
1913 1072 2113 1128 Cedre-

552 1175 658 1217 nus
682 1202 696 1226 ,
725 1170 780 1218 et
811 1163 867 1218 in
892 1163 1177 1219 Chronicis
1215 1178 1348 1219 mss.
1385 1163 1645 1235 Georgius
1686 1163 2029 1220 Hamartolus
2057 1175 2110 1219 et

553 1249 777 1308 Simeon
817 1251 1130 1326 Logotheta.
1180 1252 1314 1309 Vide
1366 1252 1628 1324 Cangium
1680 1253 1749 1307 ad
1807 1253 2102 1320 Zonaram,

549 1357 674 1415 pag.
703 1343 792 1399 28.

1089 1432 1280 1490 XXIV.
1316 1434 1548 1490 Inedita.

617 1521 766 1576 Libri
821 1539 875 1578 ιν
936 1523 1248 1596 Eclogarum
1298 1525 1743 1594 propheticarum,
1792 1524 1859 1582 de
1906 1525 2103 1595 quibus

544 1628 709 1684 supra
732 1629 788 1667 ιι.
809 1610 874 1670 ll.
914 1612 1036 1669 Vide
1064 1614 1192 1671 ibid.
1218 1615 1609 1672 adnotationem
1638 1625 1892 1672 nostram.
1918 1615 2099 1687 (Eon.

545 1705 742 1779 Pun.)

2299 428 2364 482 Ἦ
2397 428 2623 482 καθόλου
2659 421 3002 495 στοιχειώδης
3031 415 3324 494 εἰσαγωγή.
3354 424 3529 494 Supra
3559 441 3615 482 ιι.
3645 428 3696 481 3.

2291 519 2677 575 Ecclesiastica:
2730 518 3202 574 Demonstrationis
3257 518 3398 571 libri.
3446 517 3602 576 PhOt.
3654 522 3779 579 cod.

2215 627 2310 668 xn.
2369 614 2707 669 Colomesius
2745 621 2977 682 quatuor
3015 611 3183 666 libros
3223 609 3391 666 fuisse
3429 621 3619 682 putat,
3651 615 3781 685 quia

2215 713 2448 775 quatuor
2474 705 2596 759 libri
2621 703 2936 774 Eclogarum
2957 703 3376 772 propheticarum
3404 711 3620 758 exstant
3641 720 3777 762 mss.

2214 799 2269 852 in
2314 797 2446 853 bibl.
2485 796 2887 851 Vindobonensi
2929 813 2943 850 :
2990 796 3085 850 sed
3125 795 3182 849 in
3234 796 3382 850 calce
3431 795 3554 850 libri
3597 800 3780 866 quarti

2213 888 2428 945 illarum
2482 887 2799 960 Eclogarum
2841 890 3041 945 diserte
3081 887 3246 942 tradit
3286 887 3583 950 Eusebius,
3631 888 3780 943 hunc

2210 997 2332 1038 esse
2364 982 2560 1037 librum
2604 985 2784 1053 operis
2821 997 3040 1036 nonum.
3076 980 3140 1034 Et
3187 980 3411 1052 Eclogas
3452 983 3780 1050 propheticus

2208 1073 2558 1128 verisimilius
2599 1073 2792 1128 habeat
2831 1072 3026 1142 aliquis
3077 1085 3174 1140 pro
3213 1079 3363 1140 parte
3407 1071 3505 1141 τῆς
3549 1071 3776 1126 καθόλου

2210 1163 2577 1233 στοιχειώδους
2619 1163 2952 1232 εἰσαγωγῆς,
2997 1169 3056 1216 ut
3099 1161 3277 1215 notavi
3327 1176 3491 1230 supra
3534 1177 3682 1216 num.
3717 1163 3774 1218 3.

2207 1252 2485 1310 Laudatur
2521 1254 2736 1310 Eusebii
2775 1253 3227 1325 Ἐκκλησιαστικὴ
3258 1251 3530 1317 ἀπόδειξις
3555 1251 3607 1307 ἱιι
3639 1253 3776 1309 lure

2207 1345 2685 1410 Graeco-Romano,
2732 1345 2855 1399 libr.
2897 1359 2970 1404 tv,
2997 1359 3116 1414 pag.
3152 1343 3276 1397 29-5.

2277 1438 2478 1494 Contra
2514 1438 2864 1508 Porphyrium
2889 1451 2988 1506 pro
3011 1436 3322 1491 Christiana
3361 1437 3616 1507 religione
3645 1437 3772 1492 libri

2203 1544 2332 1585 xxx.
2373 1529 2527 1584 Suid.
2569 1527 2644 1583 De
2676 1527 2874 1596 quibus
2914 1531 3121 1580 tantum
3149 1524 3338 1595 viginti
3385 1525 3450 1578 ad
3487 1540 3544 1579 se
3582 1539 3774 1593 perve~

2201 1624 2389 1689 uisse,
2447 1626 2522 1676 ait
2565 1621 2922 1691 Hieronymus
2971 1632 3088 1686 cap.
3145 1616 3209 1672 81
3262 1614 3522 1687 Calalogi.
3562 1615 3772 1672 Horum

2203 1717 2377 1771 tribus
2426 1713 2716 1786 postremis
2745 1710 3106 1782 ,confutasse,
3136 1723 3256 1780 quae
3293 1717 3482 1763 contra
3529 1708 3771 1765 Danielis

613 1801 996 1875 Fragmentum
1016 1805 1080 1860 de
1117 1807 1373 1862 mensuris
1394 1823 1456 1860 ac
1480 1805 1816 1875 ponderibus.
1860 1804 1988 1864 Mss.
2026 1806 2096 1859 ls.
2134 1779 2177 1833 Β
2204 1779 2518 1879 ριὀριιοίὶιιε
2547 1779 2827 1876 argutatus
2852 1803 2991 1858 idem
3019 1779 3349 1872 Porphyrius
3378 1800 3568 1864 fuerat,
3601 1808 3772 1856 testa-

540 1889 723 1949 ‘Vossii
751 1910 808 1949 ιι.
844 1893 965 1950 179.
988 1893 1152 1951 Fsan.
1174 1926 1244 1937 —
1264 1895 1359 1952 Est
1379 1897 1436 1952 in
1456 1897 1578 1954 eod.
1595 1896 1800 1952 Veneto
1821 1895 1884 1952 ι).
1911 1896 2096 1951 Marci.

539 1988 686 2060 (Vid.
711 1987 884 2045 Catal.
918 1990 1069 2046 codd.
1104 1989 1222 2056 Gr.,
1251 2008 1306 2064 p.
1340 1991 1491 2066 261.)
1513 2020 1584 2032 -
1603 1991 1746 2048 Inter
1764 1991 1926 2048 codd.
1962 1990 2101 2050 Vos-

538 2081 726 2137 sianos
786 2097 846 2138 n.
917 2081 1200 2138 MMCCXC
1274 2081 1419 2154 (Cat.
1493 2083 1643 2140 codd.
1709 2085 1949 2155 Anglia,
2017 2085 2094 2151 ll,

539 2187 593 2243 β.
637 2171 746 2240 62).
791 2170 1008 2228 Eusebii
1037 2173 1230 2245 fragm.
1278 2174 1342 2230 de
1378 2177 1634 2230 mensuris
1668 2184 1719 2230 et
1758 2175 2094 2245 ponderibus.

537 2263 710 2321 ΗΑιιι..

609 2355 686 2411 De
715 2348 881 2412 morte
915 2354 1143 2411 Herodis
1163 2395 1179 2421 ,
1218 2373 1324 2414 ms.
1351 2356 1407 2412 in
1441 2357 1572 2414 bibl.
1602 2357 1768 2414 Basil.

606 2443 864 2515 Praefatio
905 2446 974 2501 ad
1007 2446 1286 2503 Canticum
1317 2446 1484 2502 Hosis
1509 2449 1565 2503 in
1598 2447 1804 2505 Exodo.
1835 2449 2087 2506 Lambec.

533 2532 601 2591 Ill
618 2574 636 2600 ,
672 2549 726 2607 p.
752 2537 821 2593 35
849 2535 948 2608 (a).

821 2627 989 2685 XXV.
1023 2629 1237 2700 Scripta
1277 2630 1489 2687 Eusebii
1516 2633 1800 2704 deperdita.

599 2719 797 2776 Pratter
841 2722 1042 2777 multas
1091 2730 1271 2792 partes
1298 2740 1577 2795 operum,
1624 2726 1691 2781 de
1737 2727 1935 2798 quibus
1974 2728 2085 2800 jam

529 2812 734 2868 dictum
785 2820 902 2880 est,
951 2813 1317 2870 ecclesiastica:
1351 2819 1762 2886 Prwparationis
1815 2819 1968 2886 libri,
2029 2821 2084 2876 in

525 2906 728 2979 quibus
766 2905 995 2976 Eclogar.
1038 2905 1193 2960 Phot.
1234 2907 1356 2963 cod.
1383 2925 1437 2964 xi
1459 2950 1474 2977 ,
1506 2912 1599 2967 ubi
1630 2927 1890 2970 numerus
1919 2914 2085 2969 libro~

525 3017 646 3060 sum
675 3002 893 3059 excidit.

2202 1909 2290 1954 tur
2321 1900 2462 1955 idem
2505 1897 2864 1968 Hieronymus
2891 1895 2960 1949 ad
2985 1895 3272 1949 Danielem.
3298 1893 3437 1947 Alibi
3466 1894 3631 1951 libros
3661 1912 3770 1951 xxv

2199 1996 2477 2054 numerat,
2507 1989 2669 2059 epist.
2722 1987 2790 2042 ad
2840 1986 3088 2057 Magnum
3134 1993 3425 2041 oratorem.
3457 1984 3666 2041 Laudat
3709 1996 3766 2043 et

2200 2082 2453 2138 Socrates
2487 2097 2577 2146 ιιι,
2603 2081 2706 2147 23,
2737 2095 2858 2151 pag.
2881 2079 3006 2135 200.
3038 2076 3151 2133 Hoc
3188 2093 3324 2148 opus
3362 2075 3546 2133 Romae
3583 2080 3765 2135 adhuc

2197 2175 2434 2239 servari,
2460 2174 2624 2228 nimis
2648 2182 2850 2227 temere
2879 2169 3034 2224 multi
3061 2169 3328 2236 credunt,
3355 2170 3531 2240 inquit
3553 2169 3766 2226 Holste-

2194 2269 2320 2323 nius
2360 2268 2436 2322 De
2479 2265 2762 2336 Porphyrii
2811 2265 3050 2333 scriptis,
3091 2277 3211 2334 pag.
3257 2262 3348 2316 63.
3392 2263 3759 2332 Apollinarem

2194 2359 2284 2427 iis,
2314 2375 2434 2430 quae
2463 2357 2730 2413 Eusebius
2761 2366 2814 2412 et
2838 2355 3145 2412 Methodius
3182 2362 3372 2409 contra
3397 2354 3761 2427 Porphyrium

2191 2450 2434 2521 scripsit,
2465 2447 2679 2520 praefert
2708 2447 3100 2520 Pbilostorgius
3132 2463 3260 2511 vni,
3295 2447 3381 2501 14.
3423 2445 3512 2518 [ν.
3549 2449 3655 2503 vol.
3688 2446 3760 2511 γ,

2191 2556 2314 2612 pag.
2348 2539 2493 2612 747.]

2257 2633 2505 2703 Ἐλέγχου
2534 2632 2627 2686 καὶ
2654 2629 2986 2700 Ἀπολογίας,
3013 2629 3398 2700 Confutationis
3418 2637 3469 2684 et
3489 2628 3762 2702 Apologia

2189 2738 2290 2794 pro
2325 2723 2637 2779 Christiana
2674 2723 2935 2794 religione
2971 2721 3230 2777 adversus
3279 2721 3620 2777 ethnicorum
3650 2724 3758 2776 ob-

2181 2815 2479 2886 jectiones,
2515 2815 2636 2869 libri
2674 2815 2814 2880 duo,
2851 2823 3012 2886 atque
3045 2815 3136 2869 alii
3182 2814 3308 2869 libri
3354 2813 3463 2868 duo
3510 2815 3756 2884 ejusdem

2184 2907 2487 2978 argumenti
2508 2915 2561 2962 et
2581 2907 2863 2963 sententiis
2883 2907 3170 2977 verbisque
3185 2906 3568 2977 prOpemodum
3586 2907 3756 2963 iidem

2184 2999 2345 3071 (forte
2376 3000 2541 3054 altera
2568 2999 2807 3070 priorum
2833 2998 3080 3070 ἔκδοσις).
3104 2997 3262 3052 Phot.
3280 2997 3400 3053 cod.
3434 3012 3557 3052 xm.
3581 2996 3755 3053 Falli-

597 3094 990 3168 [Εὐαγγελικὴ
1022 3095 1342 3164 Θεοφάνεια
1362 3097 1446 3152 bis
1475 3098 1673 3153 citatur
1701 3098 1754 3153 in
1789 3098 1991 3156 Catena
2024 3101 2078 3156 in

2191 3100 2270 3146 tur
2303 3091 2566 3156 Valesius,
2599 3093 2691 3162 qui
2722 3093 2888 3146 libros
2913 3100 3097 3145 contra
3127 3089 3473 3160 Porphyrium
3503 3105 3628 3144 cum
3659 3090 3754 3145 bis

524 3187 722 3244 Lucam
747 3191 803 3245 in
829 3192 952 3246 eod.
974 3189 1274 3247 Vindobon.
1295 3181 1540 3247 Caesareo
1561 3191 1719 3260 XLII,
1749 3200 1886 3250 teste
1923 3195 2084 3250 Lam-

521 3285 679 3342 becio
707 3287 1083 3356 Commentar.,
1117 3299 1248 3346 tom.
1292 3289 1380 3350 lll.
1422 3306 1475 3361 p.
1520 3291 1652 3357 166,
1694 3299 1809 3348 not.
1840 3293 1893 3347 4.
1922 3293 2083 3352 Conf.

521 3393 723 3448 supra,
755 3397 810 3435 ιι.
847 3381 899 3436 8.
934 3381 1105 3437 ΗΑιιι..
1154 3383 1533 3456 Fragmentum
1565 3401 1628 3440 ex
1666 3383 1881 3442 Eusebii
1911 3387 2085 3457 Opere

519 3470 738 3539 deperd.
789 3470 1120 3542 Theophania
1161 3493 1339 3547 evang.
1390 3493 1419 3534 e
1465 3480 1589 3534 cod.
1634 3479 1858 3536 Coislin.
1907 3479 2079 3543 ϐὅιῑ..

521 3561 692 3626 1740,
747 3562 828 3636 4.]
887 3563 1044 3636 (Vide
1090 3577 1268 3622 notam
1307 3580 1541 3625 nostram
1587 3573 1690 3629 col.
1755 3573 1852 3630 23.
1896 3572 2080 3644 Enn.)

587 3654 798 3712 Caveus
841 3657 945 3721 ait,
1000 3657 1056 3713 in
1113 3658 1245 3715 bibl.
1295 3661 1625 3731 Bodleiana,
1676 3665 1797 3721 cod.
1850 3665 2076 3721 Barocc.

517 3743 795 3813 CXLVIII,
809 3757 1022 3804 exstare
1037 3767 1214 3806 norem
1228 3753 1470 3809 homilias
1491 3757 1593 3811 sub
1605 3757 1818 3813 Eusebii
1835 3759 2074 3821 nomine,

517 3838 576 3894 in
622 3843 937 3897 memoriam
966 3853 1277 3899 sanctorum
1297 3884 1312 3909 ,
1337 3848 1431 3900 sed
1464 3848 1696 3921 spurias.
1729 3837 1917 3905 Exstat
1949 3865 2077 3904 vero

511 3931 589 3988 ibi
615 3933 776 3989 unica
800 3935 1201 4003 tantummodo,
1226 3952 1345 4007 qua:
1366 3921 1506 3992 nona
1545 3939 1880 3995 inscribitur.
1909 3939 2071 3994 Fsua.

518 4024 636 4079 Vid.
667 4041 833 4097 supra
856 4066 872 4092 ,
905 4028 972 4082 ad
1007 4045 1064 4083 ιι.
1100 4029 1189 4094 25,
1229 4029 1296 4084 de
1335 4031 1554 4086 homilia
1593 4031 1670 4086 De
1699 4033 2075 4088 resurrectione

511 4116 785 4172 adnotata.

581 4207 722 4276 Opis
746 4209 994 4266 adversus
1034 4213 1254 4269 haereses
1296 4216 1475 4272 atheas
1518 4217 1767 4287 promisit
1806 4217 2073 4275 Eusebius

507 4298 563 4353 in
609 4301 714 4357 line
761 4301 881 4356 libri
913 4318 964 4356 tv
994 4301 1352 4373 Eclogarum',
1413 4316 1550 4363 teste
1584 4307 1833 4367 Lambec.
1863 4311 2066 4369 Comm.

503 4389 573 4443 de
593 4391 718 4447 bibl.
748 4392 1012 4457 Cwsarea,
1039 4411 1162 4466 pag.
1191 4397 1317 4451 9.02.

2190 3183 2342 3238 libris
2393 3182 2694 3237 confundit.
2739 3181 2849 3237 Nec
2896 3180 3077 3238 minus
3126 3181 3329 3234 fallitur
3377 3179 3616 3244 Caveus,
3651 3181 3751 3251 qui

2186 3289 2310 3328 cum
2352 3274 2437 3328 his
2477 3273 2762 3328 confundit
2807 3273 3194 3344 Apologeticttm
3239 3271 3460 3328 Eusebii
3507 3288 3600 3341 pro
3641 3273 3752 3341 ﬁde

2184 3382 2314 3429 sua,
2351 3364 2420 3420 de
2445 3381 2552 3436 quo
2586 3381 2752 3436 supra
2779 3381 2928 3420 num.
2959 3367 3012 3421 9.

2255 3453 2440 3510 Oratio
2474 3454 2538 3509 de
2569 3455 2788 3511 basilica
2809 3457 3313 3528 Hierosolymitana,
3336 3456 3628 3513 Servatoris
3657 3474 3750 3512 se-

2181 3545 2395 3613 pulcro,
2446 3561 2510 3600 ac
2557 3546 2620 3599 de
2665 3545 2899 3602 donariis
2939 3545 3012 3600 ibi
3061 3546 3359 3610 dedicatis,
3389 3561 3581 3618 quam,
3617 3547 3749 3602 licet

2179 3633 2510 3704 longiorem,
2541 3643 2690 3690 stans
2746 3635 3038 3705 imperator
3085 3636 3472 3695 Constantinus
3525 3641 3751 3694 auscul-

2178 3725 2330 3779 tavit.
2363 3724 2559 3780 Euseb.
2590 3741 2662 3790 tv,
2694 3726 2783 3790 33,
2811 3724 2889 3779 De
2913 3727 3015 3780 vita
3047 3726 3403 3784 Constantini.

2247 3814 2325 3867 De
2364 3815 2494 3883 festo
2531 3815 2784 3868 Paschali
2827 3816 2963 3871 liber
2995 3817 3167 3872 eidem
3197 3817 3558 3875 Constantino
3587 3820 3745 3875 dica-

2177 3911 2294 3970 tus,
2349 3905 2769 3977 complexusque
2826 3907 3092 3980 μυστικὴν
3125 3910 3458 3981 ἀνακάλυψιν
3502 3911 3599 3965 τοῦ
3638 3914 3745 3984 ςῆς

2173 3997 2366 4067 ἑορτῆς
2392 3996 2547 4066 λόγου
2569 4037 2584 4061 ,
2620 3999 2731 4054 sive
2767 3999 3006 4057 rationes
3052 4001 3187 4072 cycli
3222 4002 3588 4058 novemdecim
3630 4019 3742 4058 an—

2174 4103 2364 4142 norum
2393 4098 2446 4144 et
2477 4089 2758 4144 historiam
2801 4095 3184 4150 controversias
3212 4095 3280 4150 de
3307 4092 3589 4152 Pascbate.
3623 4095 3744 4151 Eu-

2171 4181 2286 4236 seb.
2359 4197 2410 4235 IV
2484 4182 2558 4236 De
2595 4183 2702 4237 vita
2742 4181 2946 4251 Const.,
2975 4201 3096 4257 cap.
3137 4186 3204 4240 34
3231 4194 3283 4241 et
3308 4182 3407 4252 35,
3441 4188 3530 4242 ubi
3569 4188 3746 4259 impr-.-

2169 4274 2366 4328 ratoris
2388 4273 2454 4328 ad
2480 4273 2770 4331 Eusebium
2807 4279 3034 4348 epistola
3055 4319 3070 4343 ,
3101 4294 3208 4350 qua
3230 4279 3329 4350 ipsi
3360 4282 3562 4352 gratias
3583 4284 3697 4351 agit
3721 4325 3741 4345 ,

2171 4375 2225 4424 et
2255 4369 2497 4424 meminit
2539 4369 2716 4424 Latini
2753 4371 3098 4442 interpretis,
3135 4375 3228 4443 qui
3275 4376 3474 4444 scripta
3514 4376 3632 4445 ejus
3678 4378 3740 4432 in

576 4482 857 4553 Prophetia
887 4458 1098 4541 Eusebii
1113 4458 1326 4545 νεανιᾶν.
1370 4498 1420 4544 et
1461 4491 1645 4560 fratris
1675 4491 1972 4551 Columbini
1997 4497 2061 4552 de
2093 4463 2136 4518 Β
2165 4458 2408 4560 Pa‘i‘fam
2436 4461 2672 4560 ""393!"
2702 4462 3012 4560 ίΓεληξΓθΐθῐ·
3043 4462 3373 4560 Ense-hianti
3400 4480 3706 4535 componen
3729 4497 3741 4506 -

503 4573 812 4646 quibusdam
846 4582 1102 4634 eventuris
1139 4585 1191 4634 in
1233 4579 1536 4638 Christiano
1581 4584 1724 4652 orbe,
1748 4583 1959 4654 Latine,
1999 4596 2059 4643 ut

501 4667 747 4733 videtur,
786 4671 840 4724 in
882 4673 1010 4728 bibl.
1043 4673 1246 4728 Bodlei.
1294 4675 1434 4730 inter
1480 4676 1641 4731 codd.
1689 4675 1932 4734 Kenelmi
1964 4679 2056 4733 Di-

499 4759 668 4831 gbaei,
700 4775 756 4814 ιι.
790 4760 1118 4830 MDCClllC,
1154 4767 1313 4822 catal.
1355 4767 1505 4824 codd.

570 4853 627 4909 ln
666 4852 938 4911 Anastasii
982 4860 1369 4926 Quazstionibus
1414 4873 1463 4917 et
1505 4865 1960 4933 responsionibus,
1993 4886 2058 4922 ea:

497 4946 660 4999 uariis
692 4943 793 5000 SS.
813 4948 1080 5016 partibus,
1109 4953 1164 5006 in
1198 4950 1420 5008 Niconis
1446 4952 1850 5009 Collectionibus
1881 4975 2055 5014 rerum

467 5029 777 5090 ‘moralium
837 5036 1065 5108 aliisque
1111 5048 1239 5098 vett.
1286 5041 1379 5099 Gr.
1423 5041 1697 5116 ﬂorilegiis
1744 5049 1946 5116 passim
2000 5051 2052 5104 in

494 5125 652 5180 codd.
693 5127 946 5191 Coislin.,
977 5127 1390 5203 Mediceis,etc.,
1429 5136 1726 5208 fragmenta
1759 5154 2054 5199 occurrunt

492 5215 818 5272 Eusebiana.
853 5217 1025 5275 ΗΑιιι..

564 5435 641 5509 (a)
668 5436 726 5492 In
756 5439 942 5512 codice
966 5456 1288 5512 pergaimeno
1313 5451 1494 5504 saeculi
1524 5467 1596 5505 xu
1626 5454 1706 5508 vel
1731 5469 1826 5512 xtn
1857 5455 2052 5512 biblio-

489 5507 686 5599 uisgg
704 5507 1084 5599 uniyersitatis
1118 5511 1505 5599 Egvaniensis,
1548 5525 1604 5599 ιο
1648 5507 1834 5599 ῥειιέὖᾲ
1857 5507 2052 5599 Ῑέι

490 5577 687 5668 l'egitqr
727 5599 742 5634 :
775 5579 1089 5668 Olmelieuxu
1133 5581 1342 5668 Eusebi
1377 5577 1959 5668 Cesarjensiswepiscorpi
1985 5577 2051 5653 9;

489 5646 697 5724 Pascha
733 5651 883 5705 ualde
909 5653 1066 5706 utiles
1085 5693 1099 5715 ,
1129 5658 1385 5711 translate
1421 5662 1484 5715 de
1515 5646 2045 5724 οέξὶιῖίτῖιζὲἷιὲἧὶιιῖιῖ

493 5717 717 5776 --Itsm
745 5737 1004 5779 sermones
1038 5724 1269 5791 ejusdem
1295 5744 1347 5781 ιιι
1381 5729 1443 5783 de
1487 5717 2044 5797 αεσρήέεὸὴἶῡᾶἦιῗῆἷ

2165 4553 2286 4607 dam
2302 4551 2897 4624 ὲννεακαιδεκαετηρίδα
2913 4555 3256 4610 occasionem
3273 4555 3493 4610 dederat
3508 4567 3740 4616 sanctus

2164 4640 2483 4717 Hippolytus
2511 4657 2608 4698 sua
2643 4643 3160 4718 ὲκκοιιδεκαετηρίδι,
3200 4654 3335 4703 teste
3362 4646 3690 4719 Hieronymo
3717 4691 3734 4715 ,

2165 4747 2284 4804 cap.
2336 4735 2397 4787 61
2462 4733 2727 4804 Catalogi.
2779 4734 2954 4806 Atque
3005 4737 3079 4790 ita
3143 4737 3434 4807 capiendus
3485 4737 3744 4796 Isidorus

2163 4824 2312 4896 Hisp.
2350 4841 2424 4891 vI,
2468 4826 2566 4891 17,
2599 4826 2769 4897 0rig.,
2803 4835 2857 4882 et
2889 4827 3028 4882 Beda
3063 4827 3138 4882 De
3174 4839 3459 4898 temporum
3484 4831 3693 4886 ratione
3716 4873 3731 4896 ,

2162 4929 2282 4984 cap.
2325 4914 2414 4968 42.
2447 4913 2537 4986 [In
2587 4915 2718 4970 bibl.
2763 4915 2959 4971 Cotton
2985 4957 2998 4980 ,
3032 4933 3162 4980 xm,
3201 4919 3303 4982 12,
3352 4936 3405 4991 p.
3447 4921 3544 4984 93,
3599 4919 3731 4978 Cat.

2162 5007 2516 5078 codd.AAngl.,
2540 5006 2753 5062 Eusebii
2769 5007 2969 5064 Caesar.
2986 5008 3050 5064 de
3072 5010 3281 5065 Pascha
3309 5012 3535 5067 homilia
3554 5012 3696 5067 XII.
3712 5016 3729 5083 j

2230 5098 2364 5167 Περὶ
2399 5098 2496 5170 τῆς
2531 5099 2636 5151 τῶν
2673 5098 2916 5154 παλαιῶν
2941 5100 3146 5172 ἀνδρῶν
3176 5102 3554 5167 πολυπαιδείας
3588 5109 3734 5160 scri-

2161 5190 2335 5258 psisse
2350 5204 2408 5244 se
2432 5197 2662 5244 testatur
2683 5189 2944 5246 Eusebius
2963 5209 3036 5256 γι,
3069 5192 3122 5258 8,
3153 5192 3446 5262 Praeparat.
3465 5197 3728 5266 evangel.,

2161 5297 2282 5353 pag.
2313 5281 2437 5336 3l0.
2481 5282 2626 5338 ldem
2659 5298 2829 5352 opus,
2882 5285 2934 5337 in
2976 5300 3084 5354 quo
3121 5286 3354 5341 Basilius
3394 5285 3470 5341 De
3518 5287 3729 5358 Spiritu

2154 5461 2361 5535 -Item
2377 5463 2606 5534 ejusdem
2639 5481 2674 5519 ιι
2697 5465 2760 5520 de
2791 5466 2975 5535 spiritu
2998 5476 3200 5522 sancto.
3224 5467 3484 5524 Volumen
3508 5466 3733 5527 duabus

2158 5534 2401 5606 partibus
2459 5545 2689 5590 constat.
2735 5555 2750 5592 :
2794 5534 2920 5606 pars
2965 5539 3111 5604 prior
3145 5540 3376 5594 indicem
3424 5541 3730 5598 voluminis

2157 5605 2406 5685 exhibet,
2435 5621 2582 5688 _pars
2623 5605 2833 5688 al'tera,
2887 5622 3009 5678 quae
3038 5611 3316 5688 _homi_lias
3360 5612 3674 5688 gontinghat
3703 5652 3720 5675 ,

2157 5677 2379 5741 apriori
2415 5676 2709 5740 distracta‘,
2745 5678 2856 5746 jam
2898 5676 3004 5734 non
3038 5681 3328 5738 invenitur.
3363 5679 3518 5740 Eon.
3545 5678 3726 5738 Ριιτιι.
