3986 6218
218 373 281 430 B
1714 364 1773 419 Nl

1879 363 2010 418 TIA'.
2367 375 2372 378 '
3360 368 3430 426 ει

219 503 376 552 metu
395 531 409 555 ,
435 505 556 560 cap.
590 489 663 545 9.9
686 530 702 554 ,
731 488 928 561 legisse
958 504 1017 546 se
1045 489 1328 562 signiﬁcat,
1359 482 1758 561 ὲπαπορήματα
1788 493 1834 550 Α
1931 484 2230 540 Sermonem
2255 484 2318 536 de
2344 484 2545 551 delectu
2571 485 2758 550 pluvia:
2797 491 3059 540 memorat
3089 483 3270 544 Hebed
3297 486 3428 546 Iesu

224 588 331 657 περὶ
351 584 438 655 τῆς
457 583 574 636 τῶν
605 584 848 655 ἀρχαίων
880 584 1239 655 πολυγαμίας.

279 676 511 745 Episton
552 675 988 746 quamplurima,
1038 685 1233 745 praeter
1268 674 1418 738 illas,
1463 673 1529 730 de
1567 673 1764 745 quibus

218 785 348 841 supra
389 784 550 824 num.
580 769 647 822 2i
672 808 688 832 ,
723 769 776 822 in
807 769 1009 838 quibus
1043 768 1294 823 omnibus
1335 767 1658 822 Arianorum
1705 783 1764 823 se

211 858 448 914 fautorem
475 858 715 928 prodere
747 867 978 929 arguunt
1006 858 1138 912 Acta
1160 857 1375 913 concilii
1397 857 1620 922 Nicaeni,
1652 866 1758 913 act.

208 946 488 1011 vt,t.lll,
543 949 678 1004 edit.
719 948 994 1015 Biniante,
1049 964 1169 1020 pag.
1230 948 1376 1015 662,
1438 958 1763 1020 vertuntque

204 1039 293 1110 ipsi
338 1040 497 1102 vitio,
549 1039 694 1109 quod
720 1041 846 1096 licet
891 1039 1099 1111 synodo
1143 1041 1376 1095 Niczente
1424 1040 1764 1111 subscripse-

204 1131 290 1194 rit,
321 1142 369 1186 et
396 1133 539 1185 ποτὲ
571 1133 674 1203 μὲν
699 1132 797 1204 τὴν
823 1132 1076 1204 ἀλήθειαν
1106 1134 1522 1204 ὑποκρινόμενος
1548 1133 1766 1186 ἀποδείο

204 1241 387 1289 κνυται,
401 1209 787 1296 nonnunquam
805 1226 1068 1281 veritatem
1085 1227 1333 1282 simulare
1348 1227 1764 1296 deprehenditur,

203 1325 363 1374 tamen
395 1335 513 1373 non
543 1319 763 1372 veniam
794 1319 1007 1388 publice
1035 1320 1248 1390 petierit
1292 1319 1358 1375 de
1399 1321 1619 1391 scriptis
1649 1321 1764 1376 suis

205 1425 360 1480 eaque
385 1412 808 1475 retractaverit,
850 1420 905 1467 et
935 1427 1032 1481 pro
1059 1413 1307 1482 epistolis
1341 1415 1620 1483 speciatim
1649 1415 1762 1469 suis

200 1502 345 1572 λόγον
378 1502 705 1572 Ἀπολογίας
740 1519 848 1558 non
896 1505 1295 1575 composuerit,
1336 1506 1784 1578 vulgaveritquc.‘

192 1693 200 1724 l

1867 577 1922 632 in
1950 576 2206 646 Catalogo
2240 575 2488 632 librorum
2524 575 2922 639 Chalda’orum,
2958 593 3015 630 n.
3047 576 3136 633 20.

1935 668 2336 743 [Fragmentum
2374 668 2590 726 Eusebii
2613 669 2705 723 τοῦ
2738 670 3014 741 "Aspare;
3043 671 3150 723 τῶν
3171 673 3429 745 ᾀσμάτων

1863 764 2032 820 edidit
2085 763 2364 819 Munterus
2406 762 2497 820 Fr.
2542 763 2670 834 PP.,
2707 764 2910 831 Gr.,l,
2954 783 3009 836 p.
3056 766 3125 820 60
3175 783 3283 837 sq.;
3323 770 3427 823 alia

1862 857 2054 930 fragm.
2075 857 2275 928 ejusd.,
2298 857 2530 912 Matthaei
2560 860 2615 913 in
2644 860 2953 928 Anecdotis,
2987 859 3243 931 Mosquae,
3274 861 3426 916 1775.

1863 952 1922 1007 1η
1947 950 2193 1007 Galland.
2225 951 2365 1006 Bibl.
2413 950 2554 1017 PP.,
2591 961 2721 1007 tom.
2753 951 2842 1014 IV,
2883 968 2937 1023 p.
2981 952 3086 1007 459
3134 970 3241 1023 sq.,
3303 960 3432 1008 sunt

1865 1040 2082 1096 Eusebii
2138 1040 2364 1112 Pamph.
2421 1043 2666 1111 opuscul.
2718 1058 2830 1107 xw,
2868 1042 3100 1113 primum
3152 1044 3207 1096 in
3257 1042 3429 1097 lucem

1864 1133 2008 1189 edita
2043 1149 2072 1187 a
2105 1131 2224 1188 Jac.
2272 1132 2581 1189 Sirmondo.
2622 1164 2692 1174 —
2737 1133 3147 1189 Praamittuntur
3187 1135 3430 1206 ejusdem

1867 1227 2086 1284 Eusebii
2132 1227 2466 1283 Prommium
2509 1236 2580 1282 et
2609 1243 2729 1298 cap.
2783 1245 2841 1283 ιιι
2895 1230 3077 1300 priora
3120 1229 3272 1286 Dem.
3308 1228 3440 1306 Em,

1868 1337 1977 1375 una
2003 1337 2126 1376 cum
2176 1321 2358 1392 operis
2395 1320 2606 1392 epilogo
2662 1320 2906 1392 evulgata
2941 1336 2970 1374 a
3000 1318 3048 1375 J.
3090 1321 3136 1375 A
3164 1313 3435 1377 Fabricio.‘

1868 1412 1926 1467 ln
1968 1413 2213 1487 Prolegg.
2250 1415 2316 1470 de
2364 1415 2450 1470 his
2480 1430 2538 1486 p-t
2586 1429 2700 1469 xm
2743 1431 2826 1486 sq.
2867 1414 3103 1471 breviter
3136 1412 3432 1472 Gallandus

1868 1507 2026 1579 egit.]

222 1701 3416 1736 =________.____________._.________m

704 1888 828 2004 DE
886 1886 1101 2002 VITA
1156 1885 1756 2022 SCRIPTISQUE
1827 1882 2186 2005 EUSEBII
2258 1889 2924 2006 C/ESAlllliNSlS.

799 2102 894 2175 (Η.
918 2101 1207 2170 Ῡιιεειυε,
1233 2100 1449 2176 Proles.
1477 2103 1549 2161 ad
1577 2102 1773 2161 Eusebi

1875 2104 2034 2162 'istor.
2058 2103 2241 2160 eccles.
2270 2103 2356 2159 ed.
2383 2104 2621 2176 Mogunt.
2653 2103 2839 2171 i672.)

265 2423 335 2484 De
358 2427 471 2482 vita
500 2425 732 2482 Eusebii
765 2425 1117 2482 Caesariensis
1138 2426 1338 2481 librum
1363 2427 1491 2482 olim
1520 2427 1767 2484 conscri-
1794 2441 1838 2496 Β
1866 2426 2006 2482 libro
2037 2441 2134 2494 vn,
2181 2441 2414 2481 narrans
2441 2441 2504 2481 ea
2536 2442 2657 2496 quae
2688 2436 2948 2498 regnante
2979 2427 3225 2485 Gallieno
3257 2432 3432 2485 conti-

200 2527 372 2590 pserat
391 2519 656 2580 Aeacius,
681 2519 804 2589 ejus
825 2518 1129 2589 discipulus
1151 2529 1205 2574 et
1231 2520 1284 2574 in
1312 2520 1628 2592 episcopatu
1654 2519 1772 2576 Cae-

201 2613 420 2668 sariensi
469 2626 793 2676 successor,
835 2618 897 2665 ut
927 2618 1160 2667 testatur
1201 2611 1474 2668 Socrates.
1511 2611 1616 2668 Sed
1647 2627 1770 2668 cum

201 2705 282 2759 hic
305 2706 443 2761 liber
482 2719 596 2759 una
641 2719 768 2758 cum
798 2704 1048 2774 plurimis
1097 2704 1220 2761 aliis
1247 2707 1531 2761 vetustatis
1561 2706 1770 2760 incuria

197 2799 437 2868 perierit,
473 2813 586 2853 nos
609 2797 864 2852 collectis
910 2795 1039 2851 hinc
1093 2797 1220 2854 inde
1251 2805 1493 2852 veterum
1541 2799 1771 2868 scripto«

198 2903 319 2942 rum
356 2889 688 2944 testimoniis
720 2889 814 2957 qui
844 2886 910 2942 de
938 2886 1183 2943 Eusebio
1203 2888 1370 2942 locuti
1400 2895 1550 2953 sunt,
1593 2887 1772 2957 jactu-

199 2994 315 3034 ram
349 2980 498 3034 illam
538 2995 637 3050 pro
668 2981 812 3034 virili
863 2987 1017 3050 parte
1062 2981 1265 3035 sarcire
1292 2980 1632 3034 conabimur.
1663 2978 1770 3050 lgi-

203 3080 289 3128 tur
306 3073 577 3130 Eusebius
603 3085 768 3129 natus
788 3082 872 3129 est
900 3074 954 3126 in
977 3073 1263 3128 Palaestina
1293 3072 1394 3128 sub
1424 3081 1685 3136 extrema,
1713 3081 1772 3126 ut

204 3167 444 3230 videtur,
483 3166 705 3222 Gallieni
735 3175 999 3236 tempora.
1027 3163 1103 3218 Ex
1135 3165 1419 3220 Palmstina
1448 3165 1664 3235 quidem
1709 3165 1774 3218 il-

208 3257 328 3316 lum
368 3258 645 3311 oriundum
693 3256 868 3311 fuisse
895 3263 1212 3326 argumento
1252 3263 1355 3320 est,
1383 3256 1526 3326 quod
1561 3271 1592 3309 a
1629 3265 1778 3310 vete-

208 3348 366 3403 ribus
402 3347 519 3402 fere
569 3347 890 3404 Palaestinus
919 3355 1163 3402 vocatur.
1213 3345 1289 3400 ita
1324 3359 1470 3403 certe
1515 3347 1770 3414 Basilius,

208 3439 568 3497 Theodoritus
598 3442 797 3511 aliique
829 3457 952 3496 eum
984 3441 1275 3510 appellant.
1312 3443 1388 3496 Ac
1430 3444 1677 3512 quamvis
1705 3443 1775 3497 ob

201 3533 556 3591 Caesariensis
585 3534 743 3589 urbis
773 3534 1144 3604 episcopatum
1179 3533 1252 3586 ita
1284 3535 1652 3602 cognominari
1679 3551 1775 3604 po-

197 3630 317 3692 tuit,
362 3630 559 3684 verius
591 3635 776 3683 tamen
824 3627 956 3680 mihi
998 3627 1234 3689 videtur,
1272 3627 1422 3681 illum
1454 3643 1484 3680 a
1518 3629 1688 3697 patria
1722 3628 1774 3682 id

198 3729 624 3794 cegnementum
656 3723 911 3775 traxisse.
962 3719 1123 3775 Certe
1168 3719 1284 3790 ipse
1328 3721 1381 3774 in
1418 3721 1556 3774 libro
1599 3722 1774 3792 primo

1871 2528 2086 2589 gerunt,
2121 2528 2408 2590 antequam
2439 2520 2507 2575 de
2543 2518 2695 2576 Pauli
2727 2520 3131 2580 Samosatensis
3156 2539 3344 2581 errore
3369 2543 3431 2581 ac

1871 2607 2217 2664 damnatione
2245 2624 2549 2664 sermonem
2580 2609 2850 2677 instituat,
2891 2612 2977 2668 his
3007 2613 3180 2669 utitur
3207 2617 3388 2672 verbis
3415 2634 3432 2674 :

1883 2699 2070 2752 Verum
2094 2699 2174 2754 Itis
2189 2700 2305 2770 jam
2333 2701 2606 2770 expositis,
2638 2718 2774 2756 nunc
2801 2703 3008 2758 tandem
3031 2723 3147 2776 qua:
3167 2708 3441 2778 qualisque

1872 2789 2030 2859 fuerit
2062 2801 2191 2844 retas
2240 2802 2451 2856 nostra,
2506 2802 2832 2861 posterorum
2885 2794 3436 2855 notitic'tradamus.

1871 2881 2131 2940 Parentcs
2163 2900 2302 2955 quos
2355 2885 2626 2954 habuerit,
2674 2887 2843 2942 nobis
2890 2889 3286 2961 incompertum
3331 2904 3438 2960 est,

1872 2977 1978 3032 nisi
2007 2977 2156 3047 quod
2184 2976 2520 3048 Nicephorus
2553 2978 2834 3046 Callistus,
2868 2983 3054 3038 nescio
3082 2999 3219 3054 quos
3250 2994 3442 3040 aucto.

1874 3085 1962 3124 res
1992 3076 2232 3132 secutus,
2281 3070 2430 3124 illum
2475 3086 2662 3127 sorore
2702 3071 2970 3144 Pamphili
3009 3077 3263 3148 martyris
3289 3079 3442 3148 genio

1874 3169 1988 3216 tttm
2016 3177 2136 3216 esse
2160 3161 2358 3232 prodit.
2385 3159 2442 3216 ln
2465 3163 2693 3232 epistola
2715 3172 2894 3220 autem
2919 3164 3032 3218 Arii
3057 3166 3122 3220 ad
3148 3166 3439 3221 Eusebium

1872 3254 2365 3320 Nicomediensem,
2401 3253 2567 3310 frater
2601 3254 2820 3311 Eusebii
2851 3255 3278 3312 Nicomediensis
3304 3257 3438 3312 dici-

1874 3356 1983 3404 tur.
2021 3349 2098 3402 Ac
2125 3349 2338 3402 tametsi
2389 3354 2611 3418 propter
2643 3346 2936 3402 amicitiam
2987 3348 3153 3404 frater
3207 3349 3314 3404 dici
3344 3363 3443 3420 po-

1875 3439 1996 3502 tuit,
2032 3437 2219 3494 verius
2263 3443 2444 3492 tamen
2479 3437 2608 3491 mihi
2640 3437 2874 3502 videtur,
2908 3438 3060 3492 illum
3101 3447 3196 3492 aut
3229 3455 3443 3510 germa-

1875 3544 2005 3582 num
2026 3537 2118 3584 aut
2143 3529 2532 3586 consobrinum
2561 3528 2728 3585 fuisse
2749 3529 3180 3586 Nicomediensis
3199 3530 3438 3595 Eusebii,

1873 3621 2108 3676 maxime
2131 3637 2254 3676 cum
2277 3621 2437 3676 Arius
2463 3621 2709 3691 plurimis
2737 3622 2857 3677 aliis
2881 3623 2951 3677 ibi
2977 3626 3440 3692 commemoratis,

1875 3728 2042 3766 unum
2081 3711 2470 3768 Caesariensem
2497 3713 2714 3768 fratrem
2738 3715 2973 3785 appellet
2990 3714 3441 3774 Nicomediensis.

195 3813 272 3868 De
305 3815 428 3868 Vita
462 3815 812 3870 Constantini
844 3829 902 3869 se
932 3813 1111 3867 adhuc
1141 3814 1541 3868 adolescentem
1584 3815 1637 3868 in
1673 3813 1776 3867 Pa-
1803 3821 1844 3879 (ι
1877 3804 2079 3862 Deinde
2130 3805 2561 3863 Nicomediensis
2614 3806 2881 3864 Eusebius
2937 3809 3200 3867 oriundus
3243 3809 3346 3866 fuit
3373 3827 3441 3866 ex

195 3904 398 3962 testim
425 3907 730 3962 educatum
766 3919 828 3958 ac
853 3913 1125 3960 versatum
1150 3919 1270 3959 esse
1299 3913 1550 3966 testatur,
1593 3905 1774 3975 ibique

193 3998 425 4066 primum
459 4012 496 4051 a
532 4012 594 4052 se
618 3997 796 4050 visum
827 4011 948 4051 esse
994 3995 1431 4061 Constantinum,
1476 3997 1604 4053 dum
1640 3997 1686 4051 is
1718 3999 1772 4051 in

193 4091 450 4142 comitatu
479 4087 808 4142 Diocletiani
837 4088 1062 4159 Augusti
1091 4104 1185 4158 per
1205 4087 1546 4142 Palmstinam
1573 4090 1672 4144 iter
1698 4089 1777 4142 fa-

191 4189 349 4235 ceret.
388 4180 510 4236 Sed
547 4191 602 4237 et
627 4181 683 4234 in
708 4179 849 4234 libro
902 4194 942 4233 tt
979 4180 1222 4249 ejusdem
1254 4180 1454 4250 operis,
1488 4180 1578 4234 ubi
1605 4180 1776 4251 legem

193 4269 556 4325 Constantini
586 4269 774 4335 refert,
811 4285 973 4340 quam
1008 4271 1098 4325 ille
1130 4286 1230 4341 pro
1271 4271 1597 4326 Christianis
1641 4271 1779 4326 scri-

192 4364 288 4429 psit
332 4364 408 4417 ad
463 4362 819 4427 Palastinos,
846 4361 1193 4418 Palmstinum
1225 4378 1283 4418 se
1307 4363 1476 4419 fuisse
1507 4363 1647 4417 haud
1679 4365 1780 4418 ob-

195 4471 342 4511 scure
367 4454 684 4524 signiﬁcat.
715 4453 1010 4524 Postquam
1044 4454 1186 4508 cnim
1211 4454 1342 4524 legis
1377 4455 1547 4524 ipsius
1573 4454 1640 4508 ad
1676 4453 1780 4508 Pa-

191 4544 434 4601 latinos
463 4545 660 4599 missa:
685 4544 848 4599 verba
877 4543 1083 4606 retulit,
1107 4541 1222 4596 haec
1252 4542 1432 4597 addit:
1464 4541 1562 4596 Ha:
1594 4545 1778 4613 prima:

196 4638 540 4706 inperatoris
597 4638 785 4689 litteris
829 4636 898 4689 ad
936 4653 1029 4689 nos
1070 4636 1264 4690 missw.
1331 4634 1488 4701 Quod
1528 4651 1657 4691 vero
1688 4651 1778 4690 or-

194 4738 295 4784 tam
326 4733 494 4786 illius
524 4730 582 4782 in
606 4738 845 4784 extrema
872 4728 1100 4783 Gallieni
1133 4738 1372 4798 tempora
1403 4729 1632 4792 contuli,
1678 4729 1778 4782 htt-

195 4822 275 4892 jns
307 4827 388 4880 rei
429 4829 727 4878 auctorem
775 4820 948 4875 habeo
978 4821 1154 4889 ipsum
1187 4819 1498 4876 Eusebium.
1534 4821 1592 4874 In
1625 4823 1778 4879 libris

195 4917 328 4967 enim
379 4914 661 4968 Ilistorire
703 4911 1068 4966 ecclesiasticis
1121 4911 1350 4982 loquens
1403 4912 1469 4967 de
1521 4911 1780 4986 Dionysio

197 5005 703 5060 Alexandrinorum
735 5004 1010 5073 episcopo,
1054 5004 1206 5058 illum
1246 5020 1343 5060 sua
1390 5012 1547 5062 actate
1578 5008 1782 5064 vixisse

194 5106 451 5161 testatur,
485 5108 552 5153 ut
583 5097 771 5153 videre
802 5106 889 5154 cst-
930 5102 985 5152 in
1032 5099 1172 5154 libro
1200 5099 1283 5162 in,
1321 5115 1441 5170 cap.
1472 5100 1562 5155 28.
1599 5100 1780 5167 Quare

1880 3893 2060 3965 Syria.
2097 3893 2221 3948 Fuit
2247 3895 2394 3949 enim
2422 3897 2599 3966 primo
2625 3896 2915 3966 episcopus
2954 3897 3152 3970 Beryti.
3185 3899 3294 3956 Nec
3323 3916 3441 3958 mos

1879 3995 2009 4040 tunc
2039 3995 2176 4052 erat,
2215 3995 2270 4041 ut
2302 3988 2548 4043 extranei
2580 3996 2634 4044 et
2663 3989 2834 4060 ignoti
2865 3991 2933 4045 ad
2969 3993 3233 4062 regendas
3254 3993 3442 4050 Eccle-

1878 4094 1987 4134 stas
2015 4087 2482 4149 promoverentur.
2518 4083 2577 4135 ln
2592 4082 2948 4140 saecularibus
2973 4083 3275 4154 disciplinis
3301 4102 3440 4157 quos

1877 4173 2173 4241 magistros
2219 4172 2487 4237 habuerit,
2533 4173 2757 4244 perinde
2803 4175 3135 4245 ignoramus.
3178 4177 3237 4233 In
3267 4179 3441 4250 sacris

1878 4271 2056 4319 autem
2078 4264 2274 4320 litteris
2296 4272 2679 4336 praeceptorem
2700 4267 2890 4322 habuit
2916 4268 3241 4324 Dnrotheum
3268 4286 3441 4326 eunu-

1877 4355 2063 4421 chum,
2107 4354 2494 4414 Antiochensis
2532 4357 2790 4415 Ecclesiae
2820 4362 3191 4434 prcsbyterum
3233 4382 3245 4417 :
3283 4364 3439 4432 cujus

1878 4449 2041 4503 etiam
2087 4449 2143 4502 in
2195 4449 2338 4505 libro
2382 4467 2458 4505 vtt
2505 4451 2866 4508 honoriﬁcam
2916 4455 3246 4509 mentionem
3290 4454 3438 4512 facit.

1879 4541 2203 4614 Quanquam
2242 4542 2507 4600 Eusebitts
2534 4560 2602 4600 eo
2639 4546 2760 4601 loco
2790 4554 3000 4602 tantum
3022 4545 3157 4602 dicit
3184 4561 3214 4599 a
3254 4561 3314 4602 se
3338 4562 3439 4601 au-

1878 4634 2052 4690 ditum
2081 4653 2202 4693 esse
2236 4635 2588 4703 Dorotheum,
2617 4639 2744 4694 dum
2776 4655 2964 4696 sacras
3004 4640 3213 4695 litteras
3255 4641 3311 4695 in
3339 4640 3444 4696 Ec-

1879 4729 2044 4785 clesia
2096 4745 2204 4785 non
2254 4730 2596 4787 incommode
2644 4741 2957 4803 exponeret.
3005 4731 3060 4786 Si
3109 4734 3232 4803 quis
3262 4742 3442 4788 tamen

1879 4837 1945 4878 ex
1973 4822 2058 4877 his
2081 4822 2298 4878 Eusebii
2325 4825 2506 4879 verbis
2531 4840 2654 4880 cum
2680 4825 2978 4880 Trithemio
2997 4825 3129 4880 velit
3166 4827 3440 4898 colligere,

1880 4914 2172 4970 Eusebium
2200 4917 2454 4972 Dorothei
2484 4916 2654 4974 fuisse
2683 4918 3032 4988 discipulum,
3055 4920 3303 4989 equidem
3334 4935 3442 4975 non

1881 5025 2206 5080 magnopere
2238 5011 2570 5080 repugnabo.

1955 5101 2031 5155 Ea
2084 5110 2405 5173 tempestate
2457 5113 2676 5160 mortuo
2722 5103 3055 5170 Theotecno,
3090 5103 3446 5161 Caesariensis

195 5205 330 5243 cum
361 5200 573 5246 constet
617 5191 937 5264 Dionysium
990 5193 1417 5249 Alexandrinum
1455 5184 1597 5248 anno
1627 5195 1780 5263 prin-
1809 5188 1853 5243 D
1883 5189 2139 5246 Ecclesia:
2182 5192 2552 5262 episcopatum
2599 5191 3012 5248 administrabat
3056 5192 3314 5263 Agapius,
3362 5193 3449 5247 vir

190 5283 424 5354 cipatus
473 5281 704 5339 Gallieni
758 5283 1079 5340 duodecimo
1138 5301 1168 5340 e
1213 5285 1354 5340 vivis
1403 5285 1627 5349 abiisse,
1671 5285 1779 5342 Eu-

193 5376 420 5431 sebi-um
448 5375 554 5442 jam
587 5387 706 5431 tum
739 5377 796 5430 in
830 5377 1003 5432 lucem
1038 5378 1238 5432 editum
1274 5377 1444 5432 fuisse
1471 5383 1704 5447 oportet,
1730 5381 1776 5433 si

189 5469 418 5537 quidem
446 5468 565 5537 ejus
584 5476 722 5524 atas
752 5469 805 5522 in
835 5485 899 5522 ea
930 5479 1169 5538 tempora
1202 5470 1390 5525 incidit
1420 5471 1619 5540 quibus
1646 5472 1778 5524 vixit

192 5559 523 5632 Dionysius.
568 5561 716 5616 Idem
762 5563 923 5616 etiam
968 5563 1148 5633 colligi
1207 5572 1384 5633 potest
1432 5581 1500 5618 ex
1555 5564 1693 5618 libro
1747 5582 1779 5620 v

195 5656 455 5708 materie:
484 5655 860 5709 ecclesiastica:
887 5655 990 5710 sub
1035 5655 1214 5720 ﬁnem,
1245 5657 1336 5710 ubi
1365 5656 1433 5710 de
1469 5655 1779 5711 Artemonis

196 5746 386 5801 mosi
422 5746 606 5801 verba
664 5747 890 5810 faciens,
934 5746 1159 5801 Paulum
1218 5745 1633 5804 Samosatenum
1680 5765 1779 5804 sua

193 5848 339 5897 atate
374 5854 522 5896 eam
571 5838 819 5896 haeresim
857 5855 1150 5898 renovasse
1184 5841 1394 5897 scribit.
1449 5839 1690 5919 Denique
1725 5841 1778 5897 in

1885 5284 2096 5338 eximia:
2124 5285 2451 5350 sanctitatis,
2483 5294 2535 5340 et
2561 5284 2743 5340 eil‘usa:
2771 5285 2825 5339 in
2856 5300 3118 5355 pauperes
3152 5285 3448 5339 liberalita-

1884 5378 1976 5432 tis.
2009 5378 2091 5431 Ab
2112 5377 2213 5430 hoc
2239 5377 2502 5434 Eusebius
2525 5379 2578 5432 in
2604 5377 2805 5432 clerum
2833 5379 3058 5439 ascitus,
3084 5377 3447 5431 a-rctissimam

1884 5467 2006 5521 iniit
2051 5469 2344 5522 amicitiam
2378 5484 2500 5523 cum
2535 5467 2836 5537 Pamphilo,
2877 5468 2967 5538 qui
3001 5477 3116 5521 tum
3163 5468 3302 5521 inter
3330 5467 3448 5522 Grec

1885 5562 2146 5617 sariensis
2175 5561 2428 5616 Ecclesiae
2453 5560 2794 5631 presbyteros
2820 5561 3109 5616 eminebat.
3145 5561 3269 5613 Erat
3293 5559 3448 5614 Pam-

1887 5655 2068 5724 philus
2133 5654 2354 5708 natione
2409 5650 2670 5716 thnix,
2718 5653 2878 5707 domo
2926 5651 3219 5724 Berytius;
3281 5651 3443 5707 Pierii

1887 5746 2270 5802 Alexandrina:
2322 5743 2576 5800 Ecclesiae
2635 5746 2933 5816 presbyteri
2989 5746 3324 5816 discipulus,
3385 5748 3447 5796 ut

1890 5839 2080 5897 scribit
2118 5836 2363 5894 Photius.
2401 5837 2502 5905 Qui
2538 5853 2660 5894 cum
2689 5838 2989 5895 litterarum
3025 5851 3302 5895 saetarum
3331 5833 3452 5892 sin-
