3986 6218
549 376 622 432 εςὸ
1535 363 1868 426 EUSEBIUS
1905 359 2378 419 (ZESARIENSIS
2417 359 2812 418 EPISCOPUS.
3705 362 3773 418 56

554 490 724 560 palari
767 505 949 546 amore
977 490 1254 563 ﬂagraret,
1290 503 1584 558 omnesque
1620 482 2106 542 ecclesiasticorum
2136 485 2183 542 Α
2210 480 2412 543 sebius,
2447 479 2538 549 qui
2586 486 2666 532 tot
2694 477 2828 532 locis
2857 475 3196 548 Pamphilum
3241 476 3504 540 nominat.
3542 478 3774 548 ejusque

551 588 876 657 scriptorum
901 586 1068 641 libros
1093 600 1155 638 ac
1180 587 1447 654 praecipue
1468 580 1733 651 Origenis,
1761 591 1973 634 summo
1999 585 2107 632 stu-

549 685 640 735 tho
682 678 1048 748 conquireret,
1093 676 1496 733 celeberrimam
1542 671 1782 726 scholam
1823 685 1885 724 ac
1914 669 2106 724 biblio-

548 776 760 828 thecam
807 771 1042 827 instituit
1086 770 1362 826 Cursarem.
1395 765 1563 832 Cujus
1606 763 1804 818 schola:
1848 763 2108 832 magister

545 867 754 937 primus
789 862 958 919 fuisse
994 863 1208 917 videtur
1235 859 1519 914 Eusebius.
1563 857 1723 911 Certe
1752 855 2016 909 Eusebius
2050 855 2104 908 in

549 958 688 1014 libro
721 957 800 1014 De
835 956 1153 1026 martyribus
1188 951 1493 1006 Palazstina:
1529 949 1732 1005 diserte
1752 948 1960 1010 scribit,
1994 946 2105 1016 Ap-

547 1049 826 1120 phianum,
860 1049 953 1121 qui
987 1049 1145 1103 tertio
1174 1042 1568 1116 persecutionis
1611 1057 1754 1097 anno
1779 1042 2103 1112 martyrium

535 1159 640 1198 con
652 1142 963 1205 summavit,
1012 1140 1068 1194 in
1113 1139 1247 1193 urbe
1273 1136 1516 1193 Caesarea
1548 1135 1720 1191 sacris
1766 1135 1962 1190 litteris
1987 1149 2018 1188 a
2044 1150 2104 1189 se

536 1235 816 1290 eruditum
876 1233 1066 1289 fuisse.
1116 1229 1198 1284 Ab
1259 1244 1327 1285 eo
1378 1238 1620 1300 tempore
1675 1227 1944 1282 Eusebius
1976 1241 2100 1281 cum

536 1327 824 1397 Pamphilo
857 1338 1070 1395 semper
1105 1320 1552 1392 coniunctissime
1581 1321 1736 1385 vixit,
1762 1320 1989 1390 ejusque
2017 1316 2101 1373 in-

531 1413 798 1470 dividuus
832 1428 1014 1468 comes
1041 1411 1109 1466 ad
1130 1420 1360 1471 mortem
1390 1425 1563 1480 usque
1591 1411 1891 1480 permansit
1921 1428 1936 1465 :
1965 1409 2101 1464 adeo

542 1504 644 1572 ipsi
673 1503 892 1565 charus,
932 1509 990 1556 ut
1018 1501 1086 1556 ab
1109 1501 1227 1571 ejus
1261 1499 1505 1555 amicitia
1533 1509 1950 1570 cognomentum
1983 1513 2102 1554 θοι-ς-

539 1596 672 1649 titus
722 1595 792 1650 sit
841 1592 1125 1661 Pamphili.
1166 1591 1277 1647 Nec
1325 1607 1454 1647 vero
1494 1592 1670 1647 solum
1726 1592 2095 1661 superstitem,

538 1685 636 1739 sed
674 1684 834 1739 etiam
870 1693 1141 1738 mortuum
1185 1683 1445 1754 singulari
1477 1697 1662 1737 amore
1701 1682 1890 1738 dilexit
1931 1681 2100 1738 Euse-

537 1778 658 1832 bius
689 1795 703 1831 :
739 1777 816 1832 ita
845 1786 904 1831 ut
933 1785 1057 1847 post
1089 1786 1319 1832 mortem
1356 1775 1640 1847 Pamphili,
1673 1791 1886 1846 semper
1915 1775 1983 1831 de
2006 1775 2098 1829 illo

536 1869 1083 1925 honoriﬁcentissime
1125 1869 1288 1924 simul
1345 1877 1398 1925 et
1435 1868 1808 1924 amantissime
1851 1869 2098 1937 loquere-

535 1965 643 2013 tur.
671 1957 966 2015 Testantur
997 1958 1102 2015 hoc
1131 1967 1246 2015 tres
1271 1958 1395 2014 libri
1414 1957 1492 2013 De
1529 1957 1650 2012 Vita
1677 1955 1942 2028 Pamphili
1960 1975 2100 2013 mar-

534 2051 670 2122 tyris
704 2051 774 2108 ab
817 2066 884 2108 eo
911 2051 1227 2124 conscripti,
1274 2066 1414 2123 qnos
1461 2051 1894 2123 elegantissimos
1938 2058 2098 2106 Vocat

532 2142 916 2216 Hieronymus.
949 2141 1092 2201 Idem
1123 2135 1286 2200 etiam
1311 2144 1585 2215 colligitur
1602 2159 1666 2199 ex
1689 2144 1936 2214 pluribus
1960 2144 2097 2200 locis

531 2234 624 2304 qui
673 2234 729 2287 in
787 2233 1035 2288 Historia
1079 2233 1439 2287 ecclesiastica
1465 2233 1737 2304 leguntur,
1780 2239 1836 2288 et
1868 2232 1924 2286 in
1955 2232 2096 2287 libro

532 2328 610 2379 De
649 2323 968 2396 martyribus
1027 2324 1354 2380 Palaestinae.
1390 2323 1632 2394 Denique
1658 2324 1715 2378 in
1760 2323 1898 2379 libro
1927 2339 1966 2378 ιι
1999 2325 2094 2378 ad-

531 2433 708 2473 versus
740 2415 1054 2482 Sabellium,
1088 2417 1183 2488 qui
1225 2423 1351 2487 post
1384 2414 1662 2471 Nicaanum
1700 2415 1992 2471 concilium
2025 2416 2094 2472 ab

531 2509 767 2567 Eusebio
823 2510 1170 2582 conscriptus
1230 2516 1345 2575 est,
1397 2508 1738 2580 Pamphilum
1797 2519 2090 2582 martyrem

531 2601 843 2673 frequenter
870 2605 1150 2674 praedicat,
1185 2616 1495 2674 quanquam
1515 2617 1813 2673 suppresso
1835 2601 1956 2672 ejus
1988 2618 2091 2658 no-

529 2694 696 2749 mine.
742 2692 877 2748 Nam
904 2701 959 2750 et
997 2694 1052 2748 in
1088 2695 1206 2766 ipso
1249 2694 1512 2751 orationis
1539 2695 1763 2750 exordio
1803 2695 1877 2749 ita
1913 2693 2045 2749 dicit
2074 2713 2087 2750 :

529 2783 670 2840 Puto
697 2784 868 2839 adhuc
895 2803 1047 2840 aures
1077 2785 1302 2855 obstrepi
1333 2802 1475 2841 meas
1506 2803 1538 2838 a
1572 2787 1824 2840 memoria
1856 2786 1993 2842 beati
2026 2788 2093 2841 il-

531 2875 636 2931 lius
671 2877 791 2942 viri,
834 2878 925 2948 qui
954 2877 1052 2931 illa
1087 2879 1333 2948 religiosa
1365 2878 1660 2948 frequenter
1689 2893 1814 2933 usus
1845 2889 1923 2934 est
1951 2895 2087 2934 voce.

529 2966 674 3022 Nam
705 2977 755 3024 et
783 2986 937 3024 aures
975 2979 1158 3025 uestra:
1198 2969 1370 3024 adhuc
1409 2987 1596 3026 sonum
1628 2971 1772 3026 illius
1801 2973 1934 3026 vocis
1968 2972 2092 3025 reti-

527 3075 668 3118 nent.
699 3062 838 3118 Puto
864 3065 1003 3119 enim
1043 3080 1124 3118 me
1150 3065 1333 3120 audire
1362 3082 1478 3118 eum
1506 3065 1756 3120 dicentem
1777 3083 1795 3120 :
1845 3085 1864 3116 ι
1903 3065 2092 3137 Unige-

2209 570 2445 623 amicitia
2493 577 2773 638 tantopere
2804 568 3085 639 gloriatur,
3119 583 3397 638 nunquam
3427 577 3610 624 tamen
3645 584 3778 640 pro-

2205 664 2466 732 pinquum
2488 673 2582 715 aut
2610 661 2818 716 aﬁinem
2837 677 2996 716 suum
3025 667 3203 715 vocat.
3222 661 3334 714 lmo
3362 676 3491 716 vero
3510 677 3576 714 ex
3595 660 3774 731 ipsius

2206 755 2425 810 Eusebii
2471 755 2783 810 testimonio
2828 752 3114 808 manifeste
3163 753 3479 818 conﬁcitur,
3517 751 3775 823 Pamphi-

2205 848 2315 901 lum
2346 857 2636 918 martyrem
2659 846 2874 901 Eusebii
2905 846 3265 916 propinquum
3286 861 3394 900 non
3419 844 3605 900 fuisse.
3631 843 3773 899 Nam

2205 941 2260 995 in
2293 941 2396 994 line
2427 940 2550 994 libri
2581 955 2654 992 vtt
2705 937 2962 992 Historia:
2989 938 3376 1004 ecclesiasticae,
3411 937 3500 991 ubi
3532 937 3598 990 de
3628 937 3774 1008 Aga-

2204 1032 2564 1105 piooEcclesiae
2577 1030 2928 1088 Caesariensis
2945 1033 3203 1102 episcOpo
3229 1031 3390 1086 verba
3415 1030 3566 1096 facit,
3593 1031 3667 1084 ita
3695 1031 3774 1086 lo-

2202 1127 2387 1196 quitur
2419 1145 2432 1181 :
2463 1125 2641 1196 Hujus
2686 1135 2912 1195 tempore
2953 1124 3288 1193 Pamphilum
3322 1125 3490 1178 uirum
3523 1124 3774 1178 disertis-

2201 1218 2415 1286 simum,
2449 1219 2656 1289 vitaque
2683 1229 2734 1272 et
2771 1217 3008 1287 operibus
3045 1233 3158 1272 uere
3196 1216 3642 1286 philosophantem
3677 1231 3773 1270 co-

2200 1311 2503 1381 gnovimus;
2535 1312 2587 1364 in
2613 1308 2794 1365 eadem
2821 1309 3060 1365 Ecclesia
3083 1308 3370 1380 presbyteri
3393 1310 3586 1363 honore
3613 1309 3774 1363 deca-

2202 1410 2397 1457 ratum.
2423 1400 2560 1457 Cum
2590 1402 2757 1472 igitur
2785 1400 3054 1458 Eusebius
3083 1401 3198 1472 ipse
3221 1407 3471 1464 testetur,
3499 1416 3531 1454 a
3556 1416 3614 1455 se
3634 1409 3774 1458 tunc

2201 1496 2434 1565 primum
2469 1497 2746 1567 cognitum
2778 1510 2900 1552 esse
2948 1493 3310 1566 Pamphilum,
3364 1494 3499 1550 satis
3539 1499 3777 1565 apparet

2199 1588 2348 1642 nulla
2378 1589 2786 1646 necessitudine
2813 1595 2908 1644 aut
2945 1586 3202 1644 aﬁinitate
3228 1601 3324 1644 eos
3353 1589 3495 1666 inter
3536 1602 3597 1643 se
3631 1602 3771 1644 con-

2195 1681 2415 1752 junctos
2446 1681 2638 1738 fuisse.

2271 1772 2376 1830 Per
2414 1774 2530 1830 haec
2572 1781 2816 1846 tempora
2842 1772 3073 1844 contigit
3103 1771 3425 1845 gravissima
3455 1771 3545 1826 illa
3575 1787 3769 1843 perse—

2201 1867 2348 1921 cutio
2396 1865 2866 1932 Christianorum,
2910 1880 3032 1937 qua!
3062 1879 3094 1920 a
3136 1863 3471 1921 Diocletiano
3519 1865 3764 1936 primum

2199 1969 2406 2031 empta,
2433 1976 2464 2015 a
2491 1959 2842 2030 sequentibus
2861 1959 3118 2031 deinceps
3149 1958 3568 2029 imperatoribus
3585 1959 3652 2014 ad
3669 1957 3772 2015 de-

2197 2051 2396 2108 cimum
2417 2067 2589 2125 usque
2606 2067 2805 2107 annum
2825 2060 3112 2122 prorogata
3127 2058 3210 2107 est
3223 2049 3498 2123 (a).Hujus
3514 2065 3772 2122 persecu-

2197 2145 2364 2200 tionis
2379 2153 2484 2201 tem
2491 2160 2621 2215 pore
2641 2143 2909 2200 Eusebius
2925 2152 3111 2214 utp‘nte
3126 2143 3479 2201 Caesariensis
3505 2134 3774 2201 Ecclesia

2198 2248 2326 2294 tunc
2348 2239 2648 2310 presbyter,
2672 2239 2728 2292 in
2755 2253 2818 2293 ea
2850 2237 2985 2292 urbe
3010 2244 3272 2308 perpetuo
3294 2234 3407 2291 fere
3437 2235 3769 2307 permansit,

2199 2340 2254 2388 et
2285 2331 2562 2387 continuis
2601 2331 3002 2386 hortationibus
3028 2331 3228 2387 multos
3250 2329 3316 2385 ad
3342 2328 3660 2401 martyrium
3678 2329 3768 2384 in-

2195 2426 2413 2482 struxit.
2461 2425 2604 2481 lnter
2647 2439 2785 2495 quos
2839 2424 2941 2480 fuit
2987 2424 3342 2496 Apphianus,
3389 2422 3588 2479 nobilis
3631 2423 3772 2479 ado-

2193 2518 2434 2582 lescens,
2485 2517 2644 2588 cujus
2694 2517 2906 2574 illustre
2957 2525 3230 2573 certamen
3262 2515 3446 2571 refert
3492 2514 3770 2572 Eusebius

2191 2618 2376 2666 noster
2424 2610 2478 2665 in
2510 2611 2650 2667 libro
2693 2609 2772 2664 De
2825 2608 3149 2679 martyribus
3191 2607 3517 2664 Paltestinte.
3560 2605 3768 2663 Eadem

2190 2702 2570 2772 persecutione
2597 2713 2788 2774 captus
2818 2701 3132 2772 Pamphilus
3159 2710 3213 2757 et
3242 2701 3299 2756 in
3332 2714 3606 2756 carcerem
3639 2713 3770 2754 con-

2188 2796 2396 2866 iectus,
2439 2797 2711 2868 integrum
2749 2797 3026 2852 biennium
3069 2797 3123 2850 in
3149 2795 3380 2851 vinculis
3417 2793 3616 2863 exegit.
3641 2790 3770 2858 Quo

2191 2888 2410 2959 quidem
2466 2897 2712 2960 tempore
2768 2887 3035 2943 Eusebius
3090 2886 3322 2940 amicum
3367 2891 3423 2940 et
3467 2883 3766 2939 contuber-

2191 2981 2370 3036 nalem
2413 2996 2572 3037 suum
2618 2994 2961 3050 nequaquam
3005 2978 3247 3034 deseruit
3291 2996 3305 3032 :
3347 2975 3440 3032 sed
3477 2974 3625 3028 illum
3673 2973 3768 3028 in~

2190 3075 2375 3130 visens
2405 3073 2652 3138 assidue,
2685 3074 2925 3144 quinque
2956 3072 3123 3127 libros
3152 3069 3479 3139 Defensionis
3514 3065 3768 3136 Origenis

527 3157 669 3211 nitus
687 3157 780 3210 Dei
807 3155 1004 3214 Filius.
1025 3177 1044 3211 ι
1063 3157 1193 3213 [lare
1219 3159 1356 3213 enim
1387 3159 1630 3230 religiosa
1661 3176 1759 3215 vos:
1785 3175 1876 3228 per
1895 3178 1952 3214 os
1978 3160 2092 3228 ejus
2120 3171 2162 3228 ο
2195 3162 2253 3218 in
2304 3177 2523 3218 carcere
2568 3177 2676 3217 una
2724 3179 2847 3218 cum
2879 3163 2972 3218 illo
2999 3161 3333 3228 elaboravit;
3375 3165 3586 3215 sextum
3628 3172 3766 3214 vero

527 3265 726 3318 semper
753 3249 1109 3320 promebatur.
1143 3250 1400 3306 Memoria
1427 3254 1563 3306 enim
1585 3262 1697 3306 erat
1734 3252 1997 3321 Unigeniti
2025 3251 2092 3304 ad

526 3342 751 3413 gloriam
777 3360 882 3399 non
921 3345 1036 3399 nati
1063 3343 1266 3403 Patris.
1307 3345 1616 3399 Audiuimus
1662 3358 1835 3400 autem
1865 3345 2091 3412 Aposto-

525 3433 635 3487 lum
681 3437 1064 3505 praecipientem
1119 3436 1369 3491 honorari
1417 3439 1614 3506 duplici
1669 3439 1863 3492 honore
1912 3438 2094 3493 debere

526 3525 879 3596 presbyteros,
920 3544 1008 3583 eos
1057 3531 1286 3585 maxime
1337 3531 1426 3600 qui
1457 3531 1700 3586 laborant
1749 3532 1804 3585 in
1858 3531 2008 3586 uerbo
2041 3541 2090 3585 et

527 3617 792 3673 doctrina.
847 3618 913 3674 Et
962 3635 1083 3691 pag.
1135 3620 1206 3676 29
1258 3621 1454 3677 iterum
1487 3623 1555 3679 de
1599 3639 1664 3680 eo
1711 3624 1783 3678 ita
1810 3625 2089 3694 loquitur:

526 3708 658 3764 Haec
713 3726 817 3764 non
847 3726 939 3764 nos
987 3711 1264 3777 extollunt,
1321 3713 1570 3767 memoria
1599 3713 1735 3768 beati
1779 3714 1926 3768 illius
1969 3715 2088 3768 viri.

533 3801 749 3858 Utinam
783 3814 954 3858 autem
977 3807 1053 3859 ita
1073 3807 1271 3874 possim
1298 3806 1489 3871 dicere,
1519 3818 1575 3862 ut
1598 3807 1863 3863 vobiscum
1894 3823 2092 3875 semper

528 3897 592 3951 ab
611 3897 788 3952 eodem
813 3899 1108 3955 audiebam.
1145 3898 1248 3955 Sed
1263 3917 1326 3954 ea
1361 3917 1478 3971 quae
1537 3918 1674 3955 nunc
1699 3901 1966 3965 dicuntur,
2009 3902 2089 3954 illi

525 3990 723 4060 placita
764 3992 934 4059 fuisse
987 3993 1245 4049 videntur.
1278 3993 1461 4049 Gloria
1505 3997 1645 4049 enim
1681 4005 1758 4050 est
1807 3999 2090 4064 proborum

523 4102 808 4154 servorum,
863 4104 983 4141 vera
1027 4087 1090 4142 de
1143 4088 1363 4143 Domino
1407 4088 1609 4151 dicere;
1640 4097 1689 4143 et
1717 4088 1882 4144 honor
1911 4105 2091 4143 eorum

524 4175 750 4231 Patrum
778 4179 867 4247 qui
893 4179 1015 4232 bene
1049 4179 1358 4246 docuerunt,
1386 4182 1434 4234 si
1458 4192 1758 4248 repetantur
1786 4196 1966 4234 eorum
1995 4182 2090 4234 do-

524 4270 727 4326 ctrinas.
765 4269 828 4322 Et
855 4286 1047 4326 rursus
1073 4273 1126 4325 i'n
1155 4273 1344 4327 eodem
1369 4274 1526 4337 libro,
1551 4289 1673 4344 pag.
1692 4272 1761 4326 57
1786 4293 1800 4328 :
1838 4272 1967 4328 Iltec
1993 4290 2090 4326 au-

525 4361 795 4417 diebamus
823 4379 1022 4431 semper
1048 4380 1080 4416 a
1102 4363 1250 4418 beato
1277 4364 1372 4418 illo
1404 4367 1532 4426 uiro.
1566 4364 1714 4434 Saepe
1743 4366 1880 4420 enim
1899 4366 1976 4418 ita
2005 4363 2090 4418 di-

526 4451 774 4506 cebantur
804 4452 868 4507 ab
899 4469 980 4516 eo,
1032 4461 1092 4506 ut
1121 4453 1336 4522 quidam
1361 4455 1756 4524 suspicarentur
1773 4472 1861 4510 ore
1881 4454 2089 4525 quidem

2192 3262 2246 3309 et
2275 3254 2524 3309 ultimum
2564 3255 2808 3324 ejusdem
2843 3254 3025 3325 operis
3059 3254 3258 3309 librum
3294 3260 3508 3306 mortuo
3539 3251 3765 3306 domum

2193 3347 2428 3402 absolvit
2453 3346 2756 3419 Pamphilo.
2788 3347 2984 3403 Totum
3017 3361 3148 3401 vero
3178 3345 3308 3400 illud
3343 3354 3514 3415 opus,
3545 3343 3766 3400 confes-

2193 3440 2410 3496 soribus
2449 3441 2507 3494 in
2533 3441 2765 3496 metallis
2803 3439 3104 3494 Palatstinaa
3132 3436 3455 3509 degentibus
3495 3436 3564 3491 ab
3590 3435 3765 3492 Euse-

2192 3530 2283 3586 bio
2309 3541 2363 3587 et
2399 3531 2684 3602 Pamphilo
2727 3539 3099 3602 nuncupatum
3145 3538 3256 3594 est,
3299 3529 3763 3600 quemadmodum

2191 3623 2379 3679 scribit
2404 3622 2633 3680 Photius
2671 3623 2725 3677 in
2756 3619 3107 3684 Bibliotheca,
3151 3619 3331 3690 capite
3356 3619 3480 3674 118.
3500 3616 3764 3686 Ejusdem

2190 3718 2584 3788 persecutionis
2598 3705 2867 3784 tempor‘e,
2895 3713 2966 3767 ob
2984 3712 3270 3782 quasdam,
3294 3720 3353 3766 ut
3372 3710 3628 3766 credibile
3649 3719 3762 3775 est,

2189 3803 2446 3864 Ecclesia:
2474 3806 2850 3868 necessitates,
2882 3805 2937 3859 in
2963 3803 3166 3876 Tyrum
3199 3803 3475 3874 profectus
3501 3813 3601 3859 est.
3636 3803 3762 3869 Qua

2190 3899 2246 3953 in
2278 3900 2409 3953 urbe
2433 3898 2561 3961 dum
2595 3896 2843 3966 degeret,
2874 3898 3113 3966 quinque
3139 3894 3520 3966 Egyptiorum
3550 3905 3762 3967 marty-

2188 4005 2309 4045 rum
2339 3990 2573 4059 gloriosa
2604 3989 2901 4044 certamina
2930 3987 3027 4042 abs
3065 4003 3123 4042 se
3150 3987 3266 4042 visa
3296 4002 3418 4042 esse
3442 3994 3672 4042 testatur
3698 3989 3761 4044 in

2191 4083 2328 4137 libro
2353 4097 2479 4144 vm,
2514 4095 2634 4150 cap.
2671 4080 2722 4133 7.
2757 4079 2861 4135 Sed
2901 4075 2953 4134 et
2983 4080 3036 4133 i-n
3071 4079 3313 4149 ejusdem
3337 4078 3458 4133 libri
3480 4092 3598 4148 cap.
3618 4078 3671 4145 9,
3696 4093 3763 4135 se

2191 4175 2243 4228 in
2267 4172 2556 4244 )Egyptum
2578 4188 2642 4227 ac
2659 4172 2988 4227 Thebaidem
3010 4171 3225 4227 venisse
3243 4172 3453 4234 scribit,
3469 4181 3763 4242 grassante

2188 4267 2367 4321 adhuc
2405 4264 2800 4336 persecutionis
2846 4265 3069 4329 furore;
3105 4269 3267 4333 atque
3298 4263 3410 4317 illic
3454 4263 3762 4318 multorum

2187 4360 2473 4429 utriusque
2491 4373 2655 4414 sexus
2677 4367 2971 4428 martyrum
2997 4356 3369 4411 admirabilem
3387 4356 3762 4411 constantiam

2189 4453 2364 4509 oculis
2394 4452 2509 4506 suis
2537 4451 2908 4520 conspexisse.
2959 4447 3098 4503 Sunt
3139 4449 3230 4518 qui
3279 4449 3553 4511 scribant,
3583 4446 3764 4503 Euse—

525 4558 642 4596 eum
667 4545 772 4599 ista
799 4545 1051 4614 proferre,
1085 4545 1239 4599 corde
1271 4556 1445 4600 autem
1473 4547 1629 4600 aliter
1654 4543 1858 4601 habere.
1883 4545 1952 4600 Et
1972 4549 2088 4617 qui—
2121 4531 2162 4584 υ
2194 4545 2341 4600 bium
2384 4545 2436 4597 in
2469 4560 2532 4599 ea
2565 4545 2940 4613 persecutione
2967 4549 3028 4595 ut
3055 4541 3290 4595 carceris
3324 4540 3587 4595 molestiis
3619 4539 3761 4593 libe-

523 4637 641 4690 dem
664 4653 858 4692 memor
883 4639 1021 4694 vobis
1047 4656 1186 4706 sum,
1212 4639 1472 4695 audivisse
1497 4657 1578 4694 me
1602 4637 1668 4693 ab
1694 4657 1753 4695 eo
1781 4649 1964 4694 sancto
1993 4657 2088 4694 no-

525 4729 604 4783 bis
632 4727 933 4797 juramento
969 4731 1304 4798 satisfecisse,
1330 4733 1455 4801 quia
1491 4749 1595 4785 non
1626 4731 1773 4786 aliud
1802 4733 1857 4786 in
1885 4733 2083 4802 lingua,

522 4831 574 4877 ct
602 4819 748 4875 aliud
775 4833 906 4877 esset
938 4825 992 4878 in
1021 4825 1175 4879 corde
1193 4825 1327 4892 eius.
1352 4823 1415 4877 Et
1437 4825 1598 4894 paulo
1620 4833 1743 4894 post
1778 4845 1790 4880 :
1818 4824 1921 4881 Sed
1949 4843 2086 4880 nunc

522 4913 728 4985 quidem
757 4918 941 4983 paucis
973 4919 1033 4970 ob
1063 4915 1366 4970 memoriam
1386 4926 1434 4970 et
1465 4917 1712 4970 honorem
1739 4915 1917 4971 Patris
1939 4916 2084 4972 illius

523 5010 712 5070 nostri,
748 5009 822 5061 ita
857 5007 1000 5071 boni,
1047 5012 1124 5064 ita
1158 5009 1430 5073 laboriosi,
1461 5019 1512 5064 et
1537 5026 1634 5078 pro
1664 5010 1916 5065 Ecclesiis
1969 5013 2085 5064 ubi-

519 5115 617 5170 que
658 5098 923 5168 vigilantis
959 5097 1100 5153 dicta
1130 5102 1236 5154 sint
1284 5099 1451 5155 nobis.
1495 5099 1674 5170 Neque
1703 5102 1840 5155 enim
1879 5103 2083 5171 generis

518 5190 633 5259 ejus
659 5190 967 5245 memoriam
1003 5193 1242 5259 fecimus,
1277 5207 1436 5268 neque
1459 5190 1808 5257 educationis,
1842 5203 1931 5247 aut
1959 5211 2082 5248 eru-

518 5283 757 5346 ditionis,
791 5293 882 5336 aut
907 5281 1124 5338 alterius
1156 5287 1275 5342 vita:
1298 5295 1346 5341 et
1375 5285 1646 5354 propositi.
1684 5285 1832 5352 Quos
1865 5286 2081 5356 quidem

523 5372 742 5430 Eusebii
763 5373 910 5430 locos
941 5389 1010 5428 ne
1053 5389 1212 5443 quem
1245 5392 1343 5432 sua
1385 5376 1541 5431 laude
1571 5376 1907 5441 defraudem,
1942 5377 2083 5432 indi-

518 5467 664 5520 cavit
699 5468 829 5522 mihi
859 5467 942 5522 vir
962 5466 1313 5526 doctissimus
1341 5469 1669 5526 Franciscus
1693 5467 1940 5539 Ogerius.
1968 5470 2082 5525 Cae-

519 5563 694 5612 terum
726 5575 794 5615 ex
841 5560 927 5616 his
973 5576 1096 5633 quae
1144 5561 1255 5615 dixi
1289 5564 1424 5620 satis
1453 5564 1744 5637 colligitur,
1785 5562 2082 5619 Eusebium

521 5651 673 5707 nullo
700 5653 1121 5725 propinquitatis
1147 5655 1295 5725 jure,
1325 5658 1420 5712 sed
1443 5667 1656 5714 tantum
1685 5659 1938 5714 amicitia:
1959 5660 2081 5711 viu-

519 5747 644 5803 culo
672 5761 795 5800 cum
832 5744 1112 5818 Pamphilo
1157 5749 1508 5819 conjunctum
1557 5752 1742 5809 fuisse.
1786 5745 2083 5808 (Iet‘tc'Euo

2191 4649 2435 4703 rarctur,
2468 4637 2629 4692 idolis
2672 4635 3037 4702 sacriﬁcasse;
3068 4634 3230 4702 idque
3257 4633 3332 4687 illi
3362 4633 3634 4704 objectum
3667 4642 3763 4688 est

2189 4731 2259 4785 ab
2293 4730 2564 4800 episcopis
2603 4735 2658 4783 et
2696 4725 3104 4783 confessoribus
3135 4724 3404 4796 Egyptiis
3443 4725 3498 4779 in
3543 4724 3764 4796 synodo

2189 4823 2381 4895 Tyria,
2410 4833 2467 4877 ut
2495 4821 2636 4878 infra
2680 4818 3246 4875 commemorabimus.
3285 4815 3390 4872 Sed
3424 4833 3531 4872 non
3564 4817 3763 4872 dubito

2188 4918 2317 4987 quin
2341 4918 2391 4971 id
2419 4916 2612 4969 falsum
2643 4913 2714 4968 sit
2741 4922 2796 4968 et
2826 4912 2894 4967 ab
2936 4911 3171 4966 inimicis
3191 4909 3410 4966 Eusebii
3434 4909 3760 4966 conﬁctam.

2187 5007 2319 5061 Nam
2351 5006 2397 5061 si
2425 5012 2638 5060 tantum
2669 5005 2878 5059 crimen
2906 5018 3092 5058 revera
3125 5002 3423 5058 admissum
3451 5003 3643 5057 fuisset
3685 5004 3762 5058 ab

2189 5100 2420 5156 Eusebio
2439 5139 2454 5165 ,
2492 5097 2763 5168 quomodo
2789 5096 3143 5151 Caesariensis
3167 5093 3424 5150 Ecclesia:
3445 5102 3632 5165 postea
3669 5095 3763 5150 fa-

2188 5203 2306 5250 ctus
2335 5193 2526 5250 fuisset
2550 5192 2868 5262 cpiscOpus?
2889 5189 3169 5256 Quomodo
3197 5189 3265 5244 ab
3294 5189 3651 5244 Antiochenis
3685 5191 3758 5245 ad

2187 5286 2590 5357 suscipiendum
2648 5285 2793 5339 illius
2841 5283 2992 5338 urbis
3052 5281 3418 5337 sacerdotium
3457 5282 3765 5338 evocatus?

2187 5381 2252 5435 Et
2290 5390 2469 5436 tamen
2518 5378 2812 5436 cardinalis
2850 5373 3117 5430 Baronius
3151 5374 3283 5429 illud
3329 5375 3487 5445 quasi
3541 5381 3761 5430 certum

2187 5481 2474 5542 ratumque
2517 5472 2779 5542 arripuit,
2825 5469 2969 5539 quod
3013 5467 3248 5522 Eusebio
3281 5482 3379 5538 per
3411 5467 3652 5538 jurgium
3700 5474 3758 5522 et

2186 5565 2590 5620 altercationem
2615 5563 2886 5632 objectum
2917 5568 3001 5615 est
3030 5561 3099 5615 ab
3120 5559 3241 5630 ejus
3266 5558 3617 5624 adversariis,
3649 5573 3756 5616 nec

2185 5659 2349 5713 ullius
2383 5656 2694 5713 testimonio
2721 5653 3120 5708 conﬁrmatum.

2255 5751 2357 5808 Pcr
2405 5754 2542 5808 idem
2587 5758 2799 5820 tempus
2850 5748 3083 5819 scriptus
3115 5754 3199 5804 est
3236 5747 3304 5803 ab
3338 5745 3572 5802 Eusebio
3613 5744 3757 5802 liber

592 5869 666 5913 tat
691 5860 952 5918 Eusebius
979 5862 1031 5918 in
1058 5861 1290 5934 Epistula
1310 5863 1373 5917 ad
1404 5863 1761 5922 {Lentienses
1786 5864 1848 5920 dc
1874 5867 2080 5934 ~synodo
2117 5868 2350 5928 Nicena.
