4060 6244
328 355 398 411 5Ἷ
1834 347 2130 405 NOTITIA.
3488 348 3556 404 58

333 477 581 532 adversus
614 465 928 522 Hieroclem.
949 465 1185 522 Causam
1216 461 1484 520 scribendi
1517 462 1747 534 prabuit
1773 461 1898 517 Hie-
1925 467 1971 524 Α
1998 461 2166 516 drina
2207 459 2361 516 urbis
2389 458 2691 532 presbyter,
2719 473 2843 514 cum
2870 471 3007 513 nova
3036 459 3276 528 quadam
3307 469 3360 516 et
3393 461 3556 533 impia

336 567 512 624 rocles
538 561 986 626 Nicomediensis,
1017 560 1110 630 qui
1149 558 1250 614 sub
1292 558 1502 612 initium
1541 557 1662 625 ejus
1704 569 1888 626 perse-

334 656 570 714 cutionis
598 667 722 708 cum
751 651 1186 707 Christianorum
1207 649 1404 718 ubique
1420 648 1618 716 templa
1647 647 1895 703 destrue-

333 758 543 811 rentur,
594 753 804 801 vexata
878 742 1126 813 religioni
1183 741 1340 811 quasi
1403 741 1706 804 insultans,
1755 738 1893 792 duos

331 840 596 894 adversus
642 836 800 890 ﬁdem
849 835 1049 889 Christi
1090 835 1145 888 in
1189 833 1324 887 urbe
1374 831 1683 887 Nicomedia
1729 830 1894 885 edidit

328 933 523 995 libros,
574 944 712 999 quos
743 926 1097 992 Φιλαλήθεις
1145 925 1515 994 inscripserat.
1569 921 1628 976 lu
1696 921 1892 990 quibus

331 1025 476 1080 inter
503 1029 699 1077 caetera
747 1020 800 1074 id
845 1018 1156 1081 asserebat,
1201 1015 1546 1086 Apollonium
1598 1012 1892 1084 Tyanaum

332 1117 502 1171 multo
530 1117 685 1186 plura
711 1123 766 1168 et
794 1113 999 1181 majora
1047 1109 1243 1164 fecisse
1281 1122 1444 1176 quam
1494 1105 1801 1165 Christum,
1834 1110 1894 1158 ut

331 1214 565 1262 testatur
589 1203 900 1260 Lactantius
928 1203 980 1255 in
1007 1200 1146 1254 libro
1165 1214 1262 1252 vn.
1288 1198 1392 1252 Sed
1423 1196 1692 1250 Eusebius
1722 1194 1895 1248 homi-

332 1311 457 1353 nem
503 1296 838 1368 despiciens,
872 1299 1164 1348 contentus
1201 1290 1304 1345 fuit
1348 1303 1472 1345 eum
1525 1287 1671 1343 brevi
1714 1286 1894 1341 libello

332 1387 635 1452 confutare.
801 1378 811 1390 ’

406 1477 548 1533 Inter
563 1477 676 1532 hac
692 1482 910 1530 mortuo
929 1471 1158 1545 Agapio,
1178 1468 1594 1527 Casariensium
1615 1468 1892 1539 episcopo,

333 1581 458 1622 cum
505 1566 813 1638 persecutio
856 1565 972 1635 jam
1019 1562 1204 1619 sedata
1256 1568 1310 1618 et
1337 1573 1443 1631 pax
1495 1559 1707 1616 reddita
1749 1565 1896 1614 esset

330 1657 588 1714 Ecclesia
612 1697 628 1722 ,
668 1656 938 1712 Eusebius
966 1653 1242 1710 communi
1273 1652 1514 1708 omnium
1542 1665 1814 1707 consensu
1841 1651 1894 1705 in

329 1749 453 1819 ejus
495 1749 673 1803 locum
714 1745 1085 1804 substituitur.
1133 1743 1242 1799 Alii
1293 1756 1665 1799 successorem
1701 1740 1894 1811 Agapii

327 1845 541 1909 ponunt
569 1837 868 1908 Agricolam
890 1875 906 1898 ,
930 1835 1024 1905 qui
1055 1834 1357 1905 Ancyrana
1403 1829 1611 1902 synodo
1652 1829 1896 1886 interfuit

333 1944 402 1983 ac
441 1927 798 1998 subscripsit,
841 1939 982 1980 anno
1027 1923 1231 1980 Christi
1259 1923 1386 1979 5M.
1424 1922 1504 1977 Ita
1543 1920 1811 1976 Baronius
1839 1921 1892 1975 in

334 2021 630 2075 Annalibus
648 2060 663 2084 ,
693 2019 759 2075 ad
799 2033 996 2073 annum
1016 2015 1222 2071 Christi
1253 2015 1359 2071 514
1377 2054 1394 2082 ,
1421 2022 1477 2072 et
1500 2013 1812 2069 Blondellus
1841 2013 1895 2069 in

336 2113 591 2184 Apologia
618 2127 711 2182 pro
737 2111 989 2166 sententia
1020 2107 1086 2163 B.
1120 2105 1470 2177 Hieronymi,
1514 2119 1634 2176 cap.
1669 2103 1757 2160 i9.
1791 2102 1896 2159 Ubi

333 2202 624 2258 Eusebium
677 2215 821 2256 anno
865 2199 1068 2256 Christi
1111 2199 1332 2254 circiter
1373 2197 1513 2263 515,
1547 2196 1895 2251 administra-

327 2295 531 2349 tionem
563 2291 912 2348 Casariensis
950 2290 1206 2347 Ecclesia
1232 2299 1358 2360 post
1379 2296 1609 2344 mortem
1630 2287 1895 2360 Agricola

328 2385 637 2457 suscepisse
661 2384 874 2440 scribit.
907 2380 1108 2442 Verum
1119 2379 1662 2454 subscriptionesilla
1681 2378 1895 2450 episco-

328 2494 522 2551 porum
563 2493 682 2550 qua
712 2479 768 2532 in
794 2475 1004 2531 Latinis
1026 2474 1310 2530 Canonum
1343 2472 1758 2529 collectionibus
1797 2471 1894 2525 ha-

329 2572 562 2639 bentur,
623 2585 816 2643 parum
871 2577 1035 2626 certa
1088 2570 1220 2624 mihi
1270 2568 1524 2624 videntur
1580 2579 1645 2620 ac
1701 2563 1888 2618 ﬁrma.

335 2663 469 2720 Nam
506 2681 679 2736 neque
706 2665 761 2718 in
790 2662 996 2718 Graecis
1023 2662 1326 2727 codicibus,
1355 2674 1453 2715 nec
1476 2659 1533 2713 in
1562 2656 1753 2712 Latina
1771 2670 1895 2709 ver-

335 2759 492 2813 sione
532 2756 770 2828 Dionysii
793 2754 987 2826 Exigui
1009 2755 1281 2826 leguntur.
1308 2750 1511 2807 Deinde
1538 2748 1804 2804 Eusebius
1835 2745 1893 2799 in

331 2851 476 2905 libro
498 2863 572 2902 vn
602 2847 854 2902 Historia:
882 2846 1248 2902 ecclesiastica
1273 2857 1567 2899 recensens
1595 2838 1894 2910 praecipua-

332 2956 454 2996 rum
476 2941 684 2996 sedium
729 2941 1048 3011 episcopos,
1103 2939 1208 2993 sub
1244 2936 1444 3008 quibus
1480 2941 1599 2989 orta
1636 2940 1690 2989 et
1732 2945 1886 3002 gras-

331 3045 450 3092 sata
487 3046 570 3092 est
590 3035 926 3106 persecutio,
957 3033 1012 3087 in
1055 3032 1261 3102 Agapio
1300 3027 1718 3084 Casariensium
1764 3023 1881 3093 epi-

331 3144 500 3199 scopo
558 3127 782 3190 desinit,
841 3139 1002 3195 quem
1043 3124 1117 3177 ait
1161 3123 1214 3176 in
1253 3136 1317 3176 ea
1355 3118 1734 3190 persecutione
1785 3129 1885 3185 pro
1922 3145 1966 3202 ο

337 3220 597 3275 Ecclesia
643 3235 751 3273 sua
781 3213 1082 3272 commodis
1131 3213 1423 3283 plurimum
1471 3204 1899 3262 laborasse-llic

335 3326 468 3382 ergo
493 3309 559 3364 ad
591 3308 747 3363 tinem
778 3321 951 3376 usque
981 3299 1379 3374 persecutionis
1413 3295 1771 3368 permanserit
1803 3309 1898 3347 ne-

331 3415 486 3458 eesse
517 3407 621 3457 est.
653 3399 813 3469 Atqui
847 3397 1113 3452 Eusebius
1149 3393 1330 3448 statim
1365 3395 1488 3459 post
1529 3388 1687 3442 tinem
1714 3399 1897 3455 perse-

327 3494 566 3552 cutionis
606 3493 787 3547 factus
835 3500 919 3546 est
953 3489 1267 3558 episcopus.
1314 3482 1448 3537 Nam
1483 3496 1601 3537 cum
1636 3478 1896 3533 Paulinus

324 3589 615 3660 episcopus
635 3583 785 3655 Tyri,
809 3581 970 3653 paulo
989 3586 1111 3650 post
1136 3576 1404 3632 redditam
1428 3572 1685 3628 Ecclesia
1708 3585 1894 3641 pacem

321 3680 606 3736 basilicam
636 3676 943 3738 dedicaret,
970 3672 1036 3726 ad
1066 3671 1185 3742 ejus
1207 3667 1602 3724 dedicationem
1635 3679 1741 3718 una
1769 3677 1892 3716 cum

325 3769 552 3840 reliquis
581 3767 853 3838 episcopis
873 3780 904 3817 a
925 3762 1155 3817 Paulino
1175 3767 1432 3816 evocatus
1460 3763 1575 3820 est,
1604 3761 1657 3809 et
1680 3755 1898 3824 elegan-

325 3863 598 3917 tissimam
629 3873 815 3912 coram
864 3855 956 3910 illo
989 3852 1176 3908 habuit
1203 3851 1525 3912 orationem,
1560 3847 1704 3903 sicut
1729 3847 1894 3902 disci-

325 3971 450 4009 mus
496 3969 562 4006 ex
609 3951 749 4004 libro
799 3964 829 4001 x
883 3944 1136 4000 Historia:
1184 3941 1571 3996 ecclesiastica.
1616 3936 1673 3992 Id
1715 3947 1893 3992 autem

326 4046 558 4115 contigit
590 4053 876 4110 antequam
907 4037 1150 4093 Licinius
1180 4035 1442 4088 adversus
1477 4029 1892 4086 Constantinum

324 4138 616 4193 rebellaret
639 4174 655 4192 .
697 4133 839 4203 quod
873 4132 1074 4186 factum
1107 4134 1192 4183 est
1221 4141 1363 4180 anno
1391 4124 1598 4179 Natalis
1631 4121 1893 4176 Dominici

328 4230 457 4285 3|5.
481 4227 641 4282 Circa
681 4225 794 4279 hac
821 4233 1062 4293 tempora
1093 4220 1362 4276 Eusebius
1396 4218 1638 4288 insignes
1669 4215 1790 4268 illos
1819 4212 1895 4266 De

324 4321 772 4377 demonstratione
797 4324 852 4372 et
881 4315 957 4370 De
981 4314 1366 4384 pra’paratione
1392 4309 1688 4381 euangelica
1725 4307 1894 4362 libros

329 4413 688 4471 elucubravit.
713 4411 861 4477 Quos
893 4408 1112 4479 quidem
1141 4413 1266 4462 ante
1297 4405 1586 4459 concilium
1616 4401 1892 4456 Nicanum

1993 552 2060 607 de
2079 551 2169 607 Dei
2193 549 2330 604 Filio
2351 550 2600 622 dogmata
2625 551 2840 622 publice
2869 550 2923 603 in
2952 549 3192 608 Ecclesia
3218 555 3554 622 pradicaret,

1994 651 2047 697 et
2080 642 2148 696 ab
2192 641 2500 696 Alexandro
2553 643 2809 712 episcopo
2857 642 3168 712 frequenter
3213 646 3553 710 admonitus,

1992 731 2350 787 nihilominus
2381 733 2434 786 in
2487 731 2676 788 iisdem
2723 735 3118 788 assertionibus
3153 745 3554 804 perseveraret,

1993 823 2208 877 tandem
2236 838 2341 902 una
2373 839 2496 877 cum
2536 823 2738 878 erroris
2778 825 2861 878 sui
2895 825 3060 879 sociis
3094 826 3380 880 damnatus
3401 866 3415 888 ,
3448 829 3562 896 pul-

1995 931 2197 985 susque
2227 915 2465 970 Ecclesia
2499 916 2693 969 fuerat.
2715 916 2886 982 Quam
2908 917 3308 976 damnationem
3334 918 3558 970 moleste

1996 1009 2206 1071 ferens,
2238 1009 2443 1064 litteras
2478 1024 2600 1063 cum
2645 1012 2889 1080 exemplo
2931 1010 3054 1063 ﬁdei
3103 1025 3214 1063 sua
3262 1009 3328 1062 ad
3370 1026 3559 1065 omnes

1993 1098 2295 1153 vicinarum
2325 1100 2536 1154 urbium
2575 1100 2860 1170 episcopos
2899 1101 3045 1155 misit
3077 1118 3091 1155 :
3132 1102 3328 1169 quibus
3367 1118 3561 1171 quere-

1995 1189 2155 1246 batur
2193 1190 2466 1247 immerito
2512 1207 2571 1245 se
2619 1192 2920 1262 depositum
2956 1193 3023 1247 ab
3063 1193 3404 1257 Alexandro,
3432 1209 3557 1249 cum

1993 1283 2179 1338 eadem
2211 1283 2325 1352 ipse
2352 1299 2471 1353 qua
2500 1285 2690 1354 reliqui
2724 1284 2958 1340 Orientis
2989 1287 3258 1341 antistites
3305 1286 3562 1355 praedica-

1993 1381 2097 1428 ret.
2119 1372 2215 1428 His
2241 1374 2450 1431 artibus
2470 1374 2678 1444 decepti
2710 1375 2892 1444 plures
2919 1376 3182 1446 episcopi,
3207 1385 3260 1430 et
3289 1377 3356 1430 ab
3387 1375 3556 1432 Euse-

1995 1467 2086 1522 bio
2114 1467 2510 1524 Nicomediensi
2539 1470 2769 1525 maxime
2791 1470 3018 1530 incitati,
3045 1470 3138 1538 qui
3170 1470 3283 1524 Arii
3311 1469 3559 1539 partibus

1995 1563 2172 1632 palam
2203 1560 2434 1626 favebat,
2464 1562 2674 1617 litteras
2701 1576 2799 1632 pro
2824 1561 2954 1616 Ario
2981 1561 3318 1631 scripserunt
3342 1561 3410 1616 ad
3435 1560 3558 1617 Ale-

1995 1657 2264 1712 xandrum
2293 1654 2667 1710 Alexandrina
2696 1653 2848 1708 urbis
2877 1653 3197 1716 antistitem,
3240 1660 3462 1708 orantes
3500 1659 3560 1708 ut

1996 1745 2184 1800 Arium
2216 1746 2272 1800 in
2320 1746 2609 1815 pristinum
2656 1745 2834 1798 locum
2871 1742 3201 1798 restitueret.
3249 1742 3326 1796 Ex
3366 1759 3555 1799 eorum

1994 1851 2221 1892 numero
2275 1835 2378 1890 fuit
2431 1835 2696 1890 Eusebius
2750 1842 2970 1900 noster,
3022 1834 3182 1904 cujus
3235 1835 3428 1889 littera
3488 1834 3557 1888 ad

1991 1925 2357 1982 Alexandrum
2389 1926 2605 1995 scripta
2632 1932 2848 1980 exstant
2891 1925 2944 1979 in
2985 1925 3136 1981 Actis
3184 1926 3425 1996 septima
3463 1940 3558 1996 sy.

1992 2018 2122 2073 nodi
2165 2018 2551 2082 mcumenica,
2590 2025 2644 2072 et
2692 2017 2834 2072 inter
2879 2026 3123 2072 veterum
3167 2017 3477 2074 testimonia
3525 2037 3557 2076 a

1991 2111 2150 2168 nobis
2186 2111 2372 2166 relata
2405 2117 2553 2166 sunt.
2585 2109 2804 2165 Eusebii
2848 2109 3202 2167 Casariensis
3245 2113 3550 2183 exemplum

1994 2217 2120 2257 mox
2152 2201 2325 2256 secuti
2353 2198 2669 2255 Theodotus
2692 2212 2756 2254 ac
2782 2196 3065 2262 Paulinus,
3087 2200 3225 2254 alter
3253 2200 3556 2268 Laodicea,

1993 2294 2132 2349 alter
2183 2290 2474 2366 Tyriorum
2529 2290 2837 2360 episcopus,
2885 2304 2984 2360 pro
3036 2291 3385 2347 restitutione
3439 2292 3556 2348 Arii

1993 2385 2134 2456 apud
2168 2383 2532 2440 Alexandrum
2566 2381 2946 2436 intercessere.
2982 2382 3226 2447 Quorum
3271 2383 3558 2455 epistolas,

1992 2481 2180 2544 utpote
2211 2472 2565 2545 dogmatibus
2590 2472 2706 2527 suis
2733 2471 3162 2542 patrocinantes,
3203 2487 3328 2528 cum
3359 2475 3561 2545 ubique

1991 2571 2292 2620 ostentaret
2326 2563 2510 2629 Arius,
2545 2570 2600 2616 et
2631 2567 2910 2616 tantorum
2942 2561 3186 2617 virorum
3230 2565 3556 2620 auctoritate

1991 2657 2193 2711 multos
2254 2656 2312 2709 in
2381 2653 2696 2728 societatem
2764 2650 2970 2706 erroris
3032 2651 3116 2707 sui
3178 2655 3558 2723 pertraheret,

1991 2745 2297 2802 Alexander
2333 2752 2388 2798 et
2417 2743 2532 2814 ipse
2562 2751 2788 2796 coactus
2813 2751 2899 2797 est
2929 2741 2997 2796 ad
3033 2742 3274 2812 reliquos
3317 2741 3560 2798 Orientis

1990 2841 2275 2910 episc0pos
2329 2837 2539 2892 litteras
2601 2836 2836 2901 mittere,
2897 2836 3098 2907 quibus
3149 2835 3328 2906 palam
3385 2835 3556 2903 ﬁeret,

1988 2931 2178 2986 Arium
2210 2944 2316 2984 una
2358 2944 2482 2983 cum
2522 2929 2687 2985 sociis
2726 2928 2852 2997 jure
2891 2928 3208 2982 damnatum
3249 2944 3314 2982 ac
3344 2931 3559 2998 deposi-

1992 3031 2106 3078 tum
2142 3022 2328 3077 fuisse.
2355 3019 2584 3074 Exstant
2609 3020 2770 3075 hodie
2803 3021 3095 3074 Alexandri
3127 3020 3370 3090 epistola
3393 3021 3511 3075 dum
3541 3040 3554 3074 :

2000 3119 2165 3173 altera
2213 3115 2280 3170 ad
2324 3114 2694 3169 Alexandrum
2731 3113 3395 3183 Constantinopolitanum
3443 3115 3556 3184 epi-

1999 3221 2247 3276 scopum,
2282 3206 2337 3259 in
2369 3219 2474 3274 qua
2519 3204 2769 3276 queritur
2799 3203 3102 3258 Alexander
3137 3203 3203 3257 de
3231 3203 3406 3257 tribus
3433 3204 3552 3272 cepi-

1995 3299 2179 3369 scopis
2205 3297 2394 3368 Syria,
2420 3295 2512 3366 qui
2544 3295 2674 3348 Ario
2700 3294 3124 3359 consentientes,
3149 3294 3553 3347 contentionem

1995 3406 2158 3462 quam
2190 3390 2383 3446 sedare
2409 3388 2590 3458 potius
2626 3387 2963 3447 debuissent,
2996 3386 3169 3455 magis
3201 3401 3361 3454 quam
3396 3393 3554 3438 antea

1996 3480 2480 3536 inﬂammaverant.
2517 3477 2583 3531 lli
2637 3484 2764 3532 sunt
2795 3476 3083 3541 Eusebius,
3131 3474 3444 3530 Theodotus
3493 3491 3557 3528 ac

1993 3574 2277 3636 Paulinus,
2309 3571 2453 3628 sicut
2481 3586 2547 3625 ex
2569 3569 2683 3623 Arii
2705 3570 2939 3639 epistola
2965 3569 3030 3623 ad
3056 3567 3350 3624 Eusebium
3391 3567 3524 3621 Nico
3546 3603 3553 3607 -

1996 3666 2329 3722 mediensem
2361 3663 2566 3732 scripta
2600 3663 2726 3716 licet
2749 3661 3022 3730 colligere.
3056 3661 3294 3714 Alteram
3322 3659 3557 3714 Alexan~

1994 3757 2078 3812 dri
2101 3755 2388 3828 epistolam
2420 3752 2489 3806 ad
2521 3767 2710 3805 omnes
2737 3750 2937 3820 ubique
2968 3761 3235 3805 terrarum
3271 3751 3558 3821 episcopos

1994 3847 2177 3903 datam
2203 3844 2372 3900 refert
2399 3840 2650 3896 Socrates
2684 3839 2740 3893 in
2774 3840 2913 3893 libro
2936 3856 2972 3892 ι.
3003 3839 3101 3894 His
3138 3839 3429 3895 Alexandri
3469 3841 3558 3892 lit.

1993 3936 2127 3992 teris
2159 3948 2295 4004 Pone
2326 3946 2516 3988 omnes
2537 3928 2776 3985 Orientis
2805 3929 3246 3997 subscripserunt
3269 3931 3515 3998 cpisc0pi
3540 3947 3552 3981 :

1992 4027 2131 4081 inter
2157 4039 2296 4095 quos
2326 4021 2628 4093 principem
2659 4019 2833 4073 locum
2862 4018 3178 4072 obtinebant
3207 4018 3557 4087 Philogonius

1991 4116 2312 4177 Antiochia,
2351 4112 2669 4167 Eustathius
2709 4110 2942 4164 Berrma
2968 4118 3021 4163 et
3062 4105 3332 4163 Macarius
3364 4107 3546 4161 llieron

1993 4210 2326 4281 solymorum
2350 4205 2641 4260 antistites.
2670 4202 2922 4274 Episcopi
2948 4216 3076 4256 vero
3110 4201 3186 4255 illi
3216 4199 3308 4270 qui
3341 4200 3409 4253 ab
3437 4199 3554 4253 Arii

1994 4301 2243 4372 partibus
2277 4308 2425 4353 stare
2463 4296 2810 4358 videbantur,
2845 4309 2967 4347 cum
3020 4291 3310 4348 Alexandri
3358 4289 3563 4343 litteris.

1997 4409 2056 4448 se
2092 4391 2415 4464 perstrictos
2449 4387 2715 4464 viderent,
2750 4387 2932 4442 acrius
2976 4385 3147 4440 multo
3179 4399 3242 4437 ac
3268 4383 3555 4436 vehemen-

328 4510 566 4579 scriptos
586 4506 755 4561 fuisse
774 4509 1007 4563 constat,
1031 4517 1153 4557 cum
1178 4501 1232 4554 in
1263 4497 1502 4553 Historia
1521 4494 1892 4556 ecclesiastica,
1926 4490 1969 4542 D
2001 4489 2108 4541 tius
2138 4487 2190 4540 in
2225 4483 2597 4540 defensionem
2639 4481 2754 4534 Arii
2786 4479 3083 4535 incubuere
3115 4495 3126 4531 :
3160 4476 3427 4546 praecipue
3458 4490 3556 4528 auo

323 4618 444 4673 qua
489 4607 618 4654 ante
661 4598 793 4652 illud
835 4594 1125 4650 concilium
1161 4594 1228 4648 ab
1256 4591 1492 4647 Eusebio
1530 4589 1734 4658 scripta
1775 4592 1892 4650 est,

321 4692 647 4748 nominatim
678 4690 934 4750 citentur,
960 4684 1416 4756 quemadmodum
1451 4684 1506 4737 in
1533 4677 1896 4735 adnotationi-

322 4787 425 4840 bus
454 4783 816 4838 ostendimus.
849 4778 1060 4834 lnterea
1102 4776 1344 4832 Licinius
1366 4816 1380 4840 ,
1416 4774 1507 4844 qui
1555 4773 1611 4826 in
1657 4770 1894 4826 Orientis

323 4877 573 4947 partibus
639 4871 1047 4945 Rempublicam
1105 4866 1560 4928 administrabat,
1615 4861 1895 4932 repentino

327 4967 508 5022 lurore
540 4967 802 5020 incitatus
833 4962 1176 5018 Christianos
1206 4957 1454 5030 persequi
1486 4955 1651 5025 cmpit
1670 4994 1683 5017 ,
1713 4951 1900 5024 praci-

330 5075 433 5129 pne
467 5074 596 5113 vero
621 5056 914 5118 antistites,
939 5069 1076 5124 quos
1100 5051 1459 5108 Constantino
1491 5046 1663 5116 magis
1689 5045 1890 5110 favere,

330 5153 388 5202 et
415 5163 510 5216 pro
529 5148 622 5201 illo
648 5153 773 5200 vota
813 5145 990 5200 facere
1019 5145 1418 5213 suspicabatur.
1447 5139 1554 5194 Sed
1585 5137 1896 5195 Constanti-

330 5255 462 5304 nus,
491 5253 738 5310 suscepta
772 5237 1032 5294 adversus
1059 5238 1325 5292 Licinium
1351 5233 1712 5304 expeditione,
1744 5228 1894 5283 brevi

331 5330 491 5384 illum
513 5328 719 5383 duobus
743 5329 949 5399 praliis
971 5336 1112 5382 terra
1140 5327 1385 5395 marique
1408 5325 1606 5378 victum
1639 5320 1704 5374 ad
1741 5317 1894 5372 dedi-

325 5422 536 5476 tionem
575 5420 852 5490 compulit.
889 5419 1065 5489 Atque
1104 5420 1179 5472 ita
1206 5415 1533 5472 Christianis
1577 5413 1635 5466 in
1674 5409 1894 5465 Oriente

328 5513 650 5585 degentibus
698 5529 803 5583 pax
849 5528 946 5583 per
992 5511 1409 5568 Constantinum
1458 5509 1635 5563 denuo
1683 5505 1894 5561 reddita

327 5614 430 5661 εει.

401 5695 602 5752 Verum
621 5696 760 5752 inter
781 5697 928 5766 ipsos
945 5693 1286 5750 Christianos
1303 5692 1460 5762 longe
1473 5688 1689 5760 gravior
1703 5687 1890 5742 eodem

331 5797 573 5855 tempore
602 5789 870 5844 tumultus
897 5787 1118 5844 exarsit.
1153 5785 1392 5855 Namque
1439 5783 1630 5844 Arius,
1661 5779 1892 5836 Alexan-

1996 4585 2105 4633 tem
2150 4573 2582 4630 Nicomediensis
2629 4571 2916 4626 Eusebius.
2959 4567 3152 4623 Noster
3184 4564 3328 4620 enim
3375 4562 3558 4616 Casa-

1995 4669 2196 4725 riensis
2236 4667 2524 4730 Eusebius,
2558 4679 2665 4718 una
2707 4678 2830 4717 cum
2864 4657 3176 4727 Patrophilo
3209 4671 3272 4710 ac
3304 4653 3552 4714 Paulino,

1996 4761 2226 4831 aliisque
2281 4759 2454 4830 Syria
2499 4755 2772 4827 episcopis
2831 4753 2884 4807 id
2927 4758 3132 4806 tantum
3182 4747 3441 4808 decrevit,
3497 4752 3555 4796 ut

1993 4853 2124 4907 Ario
2162 4852 2476 4922 presbytero
2533 4854 2832 4903 conventus
2881 4846 2934 4898 in
2975 4841 3206 4895 ecclesia
3257 4854 3354 4895 sua
3396 4853 3556 4908 agerc

1997 4946 2219 5011 liceret;
2253 4944 2534 5013 subjectus
2566 4949 2744 4994 tamen
2776 4939 2913 4992 idem
2938 4945 3081 4991 esset
3106 4931 3409 4987 Alexandro
3439 4931 3556 4997 epi-

1995 5049 2182 5104 scopo,
2215 5026 2284 5088 ab
2313 5048 2486 5102 eoque
2515 5030 2778 5101 ﬂagitaret
2819 5033 2876 5079 ut
2915 5023 2980 5076 ad
3019 5039 3204 5094 pacem
3232 5026 3284 5074 et
3305 5032 3552 5072 commu-

1997 5127 2212 5180 nionem
2254 5125 2650 5190 admitteretur.
2689 5118 2771 5172 Ad
2800 5117 2946 5168 hunc
2987 5112 3206 5166 murium
3235 5108 3551 5163 dissidenti-

1998 5220 2100 5274 bus
2133 5219 2275 5272 inter
2310 5232 2369 5270 se
2399 5213 2694 5284 episcopis,
2727 5221 2780 5264 et
2810 5209 2894 5262 his
2935 5202 3252 5262 Alexandri,
3301 5201 3408 5254 illis
3437 5198 3553 5250 Arii

1995 5318 2179 5382 partes
2210 5308 2541 5370 foventibus,
2580 5300 2856 5359 contentio
2888 5313 3053 5368 supra
3080 5293 3297 5348 modum
3328 5305 3555 5359 exaspe—

1996 5415 2112 5458 rata
2142 5411 2245 5458 est.
2294 5400 2392 5455 Cui
2429 5401 2572 5453 malo
2596 5403 2655 5449 ut
2685 5394 2989 5448 mederetur
3018 5385 3431 5442 Constantinus,
3469 5398 3554 5452 ge-

1995 5495 2234 5550 neralem
2266 5493 2646 5562 episc0porum
2693 5484 2980 5557 synodum,
3010 5480 3225 5550 qualem
3259 5477 3405 5531 nulla
3454 5491 3556 5528 un-

1994 5603 2155 5658 quam
2186 5593 2319 5639 actas
2353 5585 2578 5641 viderat,
2613 5595 2677 5635 ex
2717 5579 2973 5633 universo
2997 5574 3128 5628 orbe
3147 5570 3394 5626 Romano
3425 5583 3558 5622 con-

1994 5679 2234 5752 gregavit
2261 5679 2314 5731 in
2343 5675 2476 5729 urbe
2504 5673 2768 5744 Bithynia
2808 5670 3007 5724 Nicaa.
3039 5666 3214 5736 Hujus
3241 5662 3460 5718 maximi
3491 5673 3554 5711 ac

1995 5768 2331 5829 celeberrimi
2366 5766 2583 5822 concilii
2639 5780 2744 5822 non
2792 5762 3013 5819 minima
3059 5773 3187 5830 pars
3235 5754 3333 5810 fuit
3380 5750 3551 5806 Ense-
