4060 6244
577 365 646 422 59
1528 354 1865 416 EUSEBIUS
1900 342 2377 407 CESARIENSIS
2416 341 2809 400 EPISCOPUS.
3720 344 3788 402 ω

577 478 702 535 hius
747 484 955 533 ηοειειι,
993 477 1129 533 Nam
1158 485 1212 535 ei,
1250 479 1306 534 iu
1356 477 1548 533 deum
1579 491 1748 530 cornu
1794 471 2028 544 primum
2060 467 2140 521 lo-
2166 470 2210 527 Α
2240 476 2364 517 nam
2394 468 2672 529 tueretur;
2707 462 3032 517 concinnato
3055 467 3314 529 praeterea
3344 460 3608 518 adversus
3640 462 3795 518 illum

584 558 712 623 cum
762 566 1028 632 obtinuit,
1082 575 1137 623 et
1176 569 1303 638 imp.
1359 566 1810 627 Constantinum,
1861 561 1955 633 qui
1996 561 2138 615 inter
2238 554 2414 624 stupri
2463 554 2711 620 crimine,
2763 554 2831 610 de
2859 553 2987 612 sede
3026 569 3124 611 sua
3162 552 3473 624 depellitur.
3505 551 3679 620 Quam
3722 557 3795 611 ob

573 658 715 715 duos
760 657 1162 714 considentium
1203 659 1425 717 ordines
1469 659 1681 716 medius
1716 657 1771 712 in
1815 669 1978 711 aurea
2004 654 2135 710 sella
2236 660 2461 702 causam
2488 646 2845 717 gravissimus
2884 645 3184 701 Antiochiae
3212 646 3479 701 tumultus
3520 654 3608 701 est
3644 650 3783 703 exci~

571 748 869 812 residebat,
902 750 1073 807 totius
1103 752 1294 823 synodi
1327 752 1549 807 nomine
1585 749 1950 821 compellavit,
1993 748 2136 803 sicut
2236 745 2413 804 talus;
2445 738 2645 808 Ρορυιο
2678 736 2825 792 duas
2846 738 2901 792 in
2940 745 3129 807 Partes
3155 738 3351 798 (Πνίεον
3384 752 3508 792 cum
3549 739 3643 793 alii
3674 738 3776 795 ca"

571 841 689 912 ipse
722 848 957 896 “simul.
990 843 1044 898 in
1078 845 1302 900 exordio
1331 845 1452 900 libri
1482 860 1499 899 ι
1530 844 1601 898 οε
1634 843 1753 899 γεω
1777 842 2132 904 Commmini,
2234 830 2536 886 sariensem
2566 828 2861 885 Eusebium
2892 830 2946 884 in
2984 829 3252 886 Eustathii
3292 829 3469 885 locum
3505 831 3790 902 substitni,

571 942 627 987 et
659 934 714 986 in
742 934 837 989 lib.
878 951 938 989 ιιι
968 936 1214 1005 ejusdem
1240 938 1443 1007 operis.
1475 935 1617 991 Idem
1652 937 1816 992 etiam
1847 934 2135 990 conﬁrmat
2235 923 2325 977 alii
2368 921 2710 979 EUSlaUlium
2759 923 2860 978 Sibi
2893 923 3208 993 episcopum
3256 924 3411 985 reddi
3461 922 3791 995 Πδϐίίπθηῑο

573 1020 911 1082 Sozomenus
940 1027 995 1081 in
1020 1028 1158 1084 libro
1186 1045 1199 1083 ι
1228 1028 1484 1083 Historia:
1505 1027 1893 1083 ecclesiasticae.
1930 1025 2133 1082 Deinde

2232 1012 2577 1085 Ventumque
2616 1021 2763 1071 esset
2794 1013 2863 1069 ad
2904 1029 3120 1079 manus,
3153 1014 3260 1083 nisi
3297 1015 3645 1085 imperatoris
3678 1033 3790 1072 me-

571 1129 698 1170 cum
732 1116 873 1172 inter
901 1119 1190 1191 episcopos
1221 1120 1455 1176 maxima
1484 1129 1631 1178 esset
1662 1120 2035 1176 controversia
2065 1120 2133 1175 de

2232 1111 2325 1162 tus
2361 1112 2415 1161 et
2441 1105 2686 1175 judicum
2737 1105 3034 1160 auctoritas
3068 1118 3165 1158 eos
3198 1103 3550 1159 cohibuisset.
3588 1102 3789 1158 Pacata

573 1208 804 1265 formula
829 1211 975 1277 fidei,
1010 1213 1277 1270 Eusebius
1308 1224 1496 1272 noster
1528 1216 1816 1272 formulam
1847 1216 2133 1286 proposuit

2230 1197 2450 1252 tandem
2487 1197 2781 1263 seditione,
2811 1197 3077 1269 pulsoque
3108 1196 3163 1251 in
3190 1196 3442 1251 exsilium
3470 1195 3782 1259 Eustathio,

570 1302 863 1358 admodum
905 1313 1108 1361 rectam
1155 1314 1208 1362 et
1254 1308 1577 1379 simplicem,
1625 1317 1679 1363 et
1730 1324 1851 1379 quae
1886 1309 2129 1362 omnium

2230 1288 2498 1345 Eusebius
2536 1296 2723 1345 noster
2765 1289 2981 1345 tametsi
3010 1296 3065 1344 et
3097 1303 3128 1343 a
3156 1288 3356 1359 populo
3392 1300 3445 1343 et
3472 1288 3540 1342 ab
3565 1288 3784 1359 episco-

569 1393 973 1465 episc0porutn,
1009 1398 1289 1470 ipsiusque
1322 1401 1456 1455 adeo
1485 1400 1830 1471 imperatoris
1856 1414 2129 1455 consensu

2229 1382 2317 1453 pis
2343 1382 2435 1453 qui
2469 1383 2715 1446 aderant,
2744 1390 2968 1454 rogatus
3011 1391 3069 1436 ut
3112 1381 3496 1438 Antiochensis
3526 1381 3784 1439 Ecclesia:

570 1484 789 1540 laudata
837 1495 941 1543 est,
992 1486 1098 1544 sed
1150 1506 1274 1545 cum
1320 1493 1370 1547 ei
1415 1471 1662 1547 formula,
1704 1492 1910 1561 uiiquid
1940 1491 2131 1548 deesse
2228 1473 2753 1530 administrationem
2797 1475 3121 1546 susciperet,
3168 1475 3225 1529 id
3268 1473 3447 1530 lacere
3491 1476 3788 1530 recusavit.

567 1574 849 1630 videretur
876 1579 943 1632 ad
972 1579 1364 1635 confutandam
1403 1583 1530 1636 novi
1573 1582 1846 1652 dogmatis
1878 1582 2131 1653 impieta-
2227 1562 2471 1634 Cumque
2500 1565 2743 1636 episcopi
2778 1565 2997 1635 sui!“is
3018 1566 3084 1621 ad
3116 1564 3535 1621 Οοηδιθηίίωῑηι
3564 1566 3785 1631 “ueris.

568 1674 696 1728 tem,
727 1665 916 1724 Patres
941 1669 1134 1741 synodi
1162 1670 1393 1728 Nicaeus:
1422 1673 1519 1728 has
1545 1683 1807 1744 praeterea
1835 1685 1999 1729 voces
2024 1675 2129 1729 ad-

2226 1662 2281 1710 et
2312 1671 2472 1711 suum
2503 1664 2559 1711 et
2592 1656 2777 1727 populi
2810 1658 2977 1713 totius
3003 1656 3318 1729 suﬁ‘raginm
3359 1658 3409 1714 ei
3439 1657 3776 1722 retulissent,

567 1754 773 1810 dendas
804 1772 926 1813 esse
959 1768 1291 1816 censuerunt
1320 1780 1335 1817 :
1360 1765 1525 1817 Deum
1549 1779 1724 1817 verum
1745 1762 1809 1817 de
1835 1762 1944 1818 Deo
1971 1781 2089 1819 vero
2108 1782 2126 1818 :

2231 1745 2502 1804 Eusebius
2535 1763 2665 1806 suas
2703 1765 2920 1822 quoque
2955 1750 3165 1806 litteras
3190 1750 3339 1806 dedit
3379 1750 3446 1805 ad
3477 1751 3786 1810 Constanti-

563 1846 795 1914 genitum
824 1866 928 1904 non
960 1851 1184 1919 factum,
1214 1854 1715 1910 consubstantialem
1744 1855 1918 1913 Patri.
1962 1858 2127 1928 Adje-
2158 1832 2166 1885 1

2179 1831 2199 1885 3
2226 1853 2380 1893 num.
2408 1838 2619 1905 Quibus
2648 1842 2964 1897 rescribens
3004 1842 3136 1912 imp.
3167 1843 3577 1908 Constantinus,
3608 1844 3782 1901 Euse~

563 1947 756 1993 ceruat
786 1940 949 1996 etiam
980 1944 1462 2002 anathematismos
1504 1946 1766 2004 adversus
1793 1964 1888 2005 eos
1917 1949 2008 2020 qui
2042 1948 2127 2004 di-

2224 1930 2300 1985 bii
2325 1931 2613 1987 consilium
2651 1946 2980 2004 magnOpere
3008 1934 3265 1988 laudavit.
3306 1932 3521 2004 Dejecto
3550 1937 3607 1991 in
3636 1937 3786 1993 hunc

561 2039 749 2085 cerent
780 2029 977 2087 Filium
1008 2032 1105 2090 Dei
1135 2034 1202 2091 de
1226 2052 1336 2092 non
1367 2038 1711 2096 exstantibus
1752 2019 1961 2095 factum
1980 2055 2122 2105 esse,

2224 2019 2443 2075 modum
2488 2019 2792 2085 Eustathio,
2843 2021 2986 2090 quod
3032 2036 3177 2077 anno
3203 2021 3408 2079 Christi
3438 2025 3542 2080 550
3567 2034 3782 2099 gestum

561 2127 617 2174 et
649 2118 821 2178 fuisse
848 2131 1063 2195 tempus
1091 2141 1214 2182 cum
1260 2143 1369 2183 non
1409 2139 1575 2185 esset.
1610 2130 1677 2185 Et
1717 2132 1875 2187 initio
1904 2133 2123 2203 quidem
2221 2127 2345 2203 9339
2377 2114 2432 2167 ί¹¹
2471 2112 2927 2170 Αάηοίθίίοηίδυδ
2954 2116 3257 2181 οδεθτνδνίν
3301 2117 3489 2173 Ariani
3522 2120 3577 2173 in
3611 2118 3781 2175 Am”

560 2208 829 2267 Eusebius
867 2222 1053 2270 noster
1096 2218 1564 2274 consubstantialis
1603 2236 1792 2277 vocem
1838 2202 2125 2280 admittere

2221 2202 2437 2257 nasium
2479 2202 2682 2259 furoris
2731 2207 2815 2259 sui
2861 2206 3121 2276 impetum
3178 2215 3418 2265 vertunt.
3477 2210 3554 2265 Ac
3601 2211 3784 2280 primo

558 2302 866 2358 recusabat.
903 2304 1009 2362 Sed
1047 2319 1235 2377 postea
1266 2310 1493 2366 edoctus
1528 2327 1558 2366 a
1600 2313 1827 2384 reliquis
1855 2315 2122 2387 episcopis
2223 2294 2448 2387 quidem
2490 2295 2888 2387 Oriina‘imm
2930 2298 3052 2369 ei“
3098 2308 3357 2355 accusa“
3389 2302 3532 2373 apud
3576 2304 3781 2373 prind‘

558 2408 808 2461 quaenam
833 2403 978 2452 esset
1009 2397 1174 2467 hujus
1198 2398 1348 2454 verbi
1378 2400 1463 2456 vis
1495 2410 1658 2471 atque
1686 2384 1973 2469 sententia,
1998 2384 2122 2459 huic

2222 2399 2341 2453 pem
2371 2402 2385 2439 :
2418 2384 2614 2443 deinde
2644 2387 2789 2457 quod
2829 2387 2985 2444 lineze
3012 2389 3177 2445 vestis
3214 2405 3477 2446 canonem
3509 2406 3538 2444 a
3562 2393 3782 2469 provin-

561 2485 683 2540 ﬁdei
713 2488 931 2543 tandem
957 2492 1239 2546 consensit
1286 2505 1351 2546 ac
1391 2493 1740 2565 subscripsit,
1771 2494 2123 2567 quemadmo-
2220 2481 2453 2537 θῖτιίίδυε
2502 2485 2739 2556 exiseret
2778 2503 2791 2540 ³
2830 2485 2980 2556 (ιυοά
3028 2501 3245 2542 sacrum
3297 2488 3521 2545 εθιίοθω
3567 2489 3779 2545 conm”

556 2576 688 2631 dum
732 2580 848 2649 ipse
878 2580 1043 2635 tradit
1081 2582 1137 2636 in
1175 2583 1406 2653 epistola
1439 2584 1508 2639 ad
1553 2586 1940 2647 Caesarienses.
1975 2588 2123 2644 Non-

2217 2573 2385 2644 gisset
2409 2594 2423 2630 :
2455 2583 2729 2646 postremo
2754 2580 2899 2648 quod
2923 2579 3210 2635 Arsenium
3247 2582 3537 2651 quemdam
3558 2582 3775 2653 episco«

556 2668 693 2723 uuiii
737 2679 993 2727 asserum
1043 2671 1336 2729 Eusebium
1384 2679 1714 2734 necessiiuie
1756 2679 2029 2745 δάκωσιν
2067 2694 2121 2739 ei
2217 2679 2345 2734 pum
2363 2665 2748 2723 interemisset.
2767 2667 3781 2740 ItaqueConstantinusmoiestissimis

556 2758 903 2831 imperatoris
931 2771 1076 2819 metu
1105 2764 1287 2834 potius
1309 2781 1471 2836 quam
1496 2783 1559 2821 ex
1585 2768 1754 2823 animi
1782 2770 1868 2824 sui
1901 2781 2119 2827 sentcn.
2216 2770 2405 2811 corum
2450 2757 2815 2816 delationibus
2856 2760 3133 2832 fatigatus,
3168 2763 3456 2818 concilium
3487 2763 3681 2819 indixit
3718 2765 3785 2820 in

553 2852 652 2915 tia,
699 2852 929 2910 Nicaeum
974 2854 1095 2910 ﬁdei
1130 2856 1549 2928 subscripsisse.
1578 2858 1692 2931 Ego
1732 2876 1862 2916 vero
1888 2861 1955 2918 de
1995 2864 2119 2921 aliis

2216 2846 2351 2902 urbe
2370 2845 2535 2919 Tyro,
2557 2865 2732 2921 eoque
2752 2851 3107 2909 Athanasium
3128 2855 3442 2926 episcopum
3461 2856 3528 2911 ad
3551 2871 3769 2923 causam

553 2943 774 3012 quidem
832 2947 924 3017 qui
970 2946 1335 3003 nilei-fuerunt
1379 2948 1509 3005 huic
1563 2952 1791 3023 synodo,
1853 2953 1909 3008 id
1959 2954 2119 3011 facile
2215 2937 2499 2994 dicendam
2522 2942 2918 3012 venirejussit.
2945 2943 3003 2997 In
3028 2960 3090 3000 ea
3115 2946 3665 3018 synodojudex‘sedit
3688 2948 3763 3004 in-

554 3034 903 3092 crediderim.
944 3037 1018 3093 De
1048 3037 1372 3096 Caesariensi
1398 3052 1578 3098 autem
1617 3044 1849 3101 Eusebio
1880 3048 1954 3100 ita
1992 3063 2118 3103 sen-

2215 3039 2300 3088 ter
2326 3040 2550 3088 caeteros
2578 3034 2844 3091 Eusebius
2867 3036 3243 3104 Caesariensis,
3268 3054 3427 3109 quem
3458 3038 3764 3095 Constanti-

553 3126 657 3181 ιίιιθ
688 3142 796 3182 ηοη
824 3144 1068 3199 possum.
1100 3130 1233 3186 Num
1274 3132 1544 3191 Eusubiug
1569 3144 1691 3206 pus;
1716 3139 1985 3209 synodum
2021 3140 2114 3196 Ni,
2139 3182 2181 3209 η
2215 3139 2321 3180 nus
2345 3125 2396 3180 ei
2433 3127 2668 3181 concilio
2694 3127 2959 3183 interesse
2976 3130 3243 3186 voluerat.
3270 3129 3426 3186 Hunc
3449 3131 3503 3185 in
3529 3132 3767 3187 concilio

826 3182 851 3199 τ
1274 3182 1544 3191 __--_-_.
1570 3182 1691 3206 Γ---
1716 3182 1985 3209 υ,

551 3214 777 3284 εεὲιιιιιῐι,
812 3236 1026 3293 semper
1057 3222 1333 3280 damnavit
1373 3241 1467 3283 eos
1495 3228 1587 3299 qui
1638 3229 1882 3285 dicerent
1911 3230 2107 3289 Filium
2139 3185 2154 3238 ⁴

2163 3183 2490 3271 Ξειεξιιθιιιεειιι
2543 3218 2892 3289 conspicatus
2949 3218 3175 3276 Potamo
3204 3282 3205 3285 η
3230 3220 3766 3292 Heracleopolitanus

551 3306 647 3365 Dei
680 3327 746 3366 ex
790 3312 964 3366 nihilo
1013 3314 1214 3369 factum
1247 3331 1390 3379 esse,
1430 3328 1489 3373 ut
1520 3327 1667 3389 patet
1704 3336 1772 3376 ex
1807 3322 1961 3380 libris
1991 3325 2111 3394 eius

2211 3307 2524 3377 episcopus,
2560 3310 2654 3379 qui
2696 3326 2818 3365 cum
2848 3311 3152 3369 Athanasio
3196 3312 3453 3385 episcopo
3481 3321 3535 3368 et
3565 3315 3764 3386 aliquot

549 3411 734 3453 contra
781 3401 1112 3468 Marcellum,
1157 3415 1211 3461 et
1252 3408 1572 3463 nominatim
1612 3426 1677 3466 ex
1730 3427 1852 3483 cap.
1883 3415 1917 3471 9
1962 3424 2016 3470 et
2045 3417 2111 3472 10

2210 3396 2429 3470 Ᾱῖιεγριί
2484 3401 2861 3458 sacerdotibus
2909 3403 3038 3459 illuc
3076 3404 3390 3470 advenerat,
3451 3406 3540 3461 his
3583 3408 3761 3463 verbis

548 3491 673 3546 libri
706 3508 722 3546 ι
751 3486 827 3547 De
851 3496 1208 3551 ecclesiastica
1249 3497 1525 3570 theologia.
1560 3500 1705 3557 Idem
1729 3505 1891 3560 etiam
1924 3506 1992 3563 de
2017 3510 2111 3564 ilio
2209 3490 2565 3561 compellasse
2593 3491 2795 3548 diem"
2822 3513 2834 3548 ³
2863 3493 3021 3558 Tenet
3052 3493 3271 3561 Eme“!
3304 3496 3501 3560 δεάενεο
3527 3507 3582 3552 δεῖ
3613 3500 3750 3553 ίηη⁰’

549 3590 780 3637 testatur
822 3585 1175 3644 Athanasius.
1222 3589 1323 3656 Qui
1362 3608 1483 3646 cum
1529 3595 1829 3664 saepissime
1862 3601 2110 3657 retulerit

2207 3589 2403 3636 centem
2443 3582 2799 3637 Athanasium
2850 3594 2995 3639 stare
3042 3602 3075 3638 a
3112 3596 3160 3639 te
3194 3585 3590 3655 judicandum?
3634 3589 3762 3655 Quis

548 3672 840 3733 Eusebium
891 3677 1282 3738 Caesariensem
1329 3682 1561 3742 Niczenaa
1605 3689 1814 3759 synodo
1865 3694 2108 3750 subscri-

2207 3675 2317 3729 Iuvc
2351 3678 2464 3746 pati
2494 3680 2702 3748 possit?
2732 3678 2922 3735 Nonne
2965 3682 3338 3750 persecutionis
3387 3694 3613 3753 tempore
3659 3702 3765 3739 me-

545 3766 744 3836 psisse,
785 3784 1061 3840 nunquam
1108 3780 1289 3829 tamen
1334 3774 1386 3829 id
1417 3777 1485 3832 ab
1523 3779 1616 3833 illo
1661 3782 1915 3837 simulate
1959 3793 2012 3838 e:
2049 3784 2105 3841 in

2203 3785 2322 3822 cum
2355 3771 2409 3824 in
2450 3771 2688 3825 custodia
2727 3772 2923 3841 fuisti?
2966 3775 3132 3845 Atque
3167 3793 3258 3847 ego
3303 3776 3512 3847 quidem
3555 3778 3762 3833 oculum

545 3858 783 3927 speciem
814 3858 1077 3916 duntaxat
1100 3862 1301 3918 factum
1326 3882 1450 3923 esse
1483 3870 1679 3938 prodit.
1714 3871 1876 3929 Certe
1913 3875 1957 3930 si
1990 3874 2101 3930 Eu-

2202 3876 2294 3928 pro
2318 3863 2532 3916 veritate
2553 3863 2791 3931 perdidi;
2827 3877 2884 3918 tu
2919 3866 3066 3920 nulla
3098 3869 3335 3937 corporis
3361 3877 3510 3938 parte
3545 3869 3762 3926 mutila-

544 3947 729 4002 sebius
776 3963 882 4003 non
912 3965 979 4005 ex
1015 3952 1217 4017 animo,
1255 3956 1349 4010 sed
1382 3973 1476 4027 per
1505 3957 1748 4017 fraudem
1788 3979 1853 4019 ac
1887 3966 2106 4021 simula-

2204 3961 2286 4005 tus
2314 3968 2388 4015 es,
2421 3969 2584 4023 neque
2614 3955 2928 4024 martyrium
2975 3957 3203 4023 subiisti,
3237 3958 3328 4013 sed
3353 3960 3495 4014 vivus
3530 3962 3760 4033 integer-

542 4038 749 4093 tionem
787 4038 1005 4097 Nicaeno
1038 4046 1276 4100 concilio
1317 4049 1667 4121 subscripsit,
1694 4069 1793 4109 cur
1825 4056 1893 4111 ad
1918 4056 2103 4114 Cassa-

2199 4062 2296 4116 que
2344 4048 2608 4101 consistis.
2651 4047 2896 4114 Quanam
2944 4052 3149 4106 ratione
3186 4068 3215 4106 ε
3255 4069 3461 4108 carcere
3501 4055 3765 4112 evasisti.

538 4134 750 4190 rienses
806 4135 954 4190 illam
990 4152 1153 4208 quam
1205 4140 1317 4194 dixi
1367 4152 1554 4213 postea
1599 4147 1745 4201 misit
1786 4149 2100 4220 epistolam,

2198 4139 2302 4194 nisi
2349 4136 2488 4207 quod
2513 4141 2928 4207 persecutoribus
2958 4144 3151 4197 nostris
3180 4144 3507 4213 spopondisti
3550 4156 3598 4199 te
3648 4162 3756 4200 rem

537 4240 646 4295 qua
686 4227 919 4296 ingenue
955 4229 1236 4298 professus
1276 4242 1360 4290 est
1403 4250 1463 4289 se
1511 4235 1670 4292 ﬁdem
1705 4239 1851 4293 illam
1885 4257 2005 4312 qua;
2045 4244 2099 4298 in
2198 4227 2456 4297 nefariam
2487 4231 2867 4301 admissurum,
2914 4252 2977 4290 ac
3020 4235 3247 4305 fortasse
3273 4237 3433 4291 etiam
3467 4236 3766 4293 admisisti?

538 4318 771 4374 concilio
816 4318 1035 4375 Nicazno
1081 4323 1224 4378 edita
1293 4325 1488 4389 fuerat,
1548 4331 1855 4399 amplexum
1906 4334 2107 4391 fuisse?

2195 4316 2322 4374 Haec
2351 4318 2685 4391 Epiphanius
2709 4324 2782 4378 ita
2805 4333 2991 4385 narrat
3018 4326 3071 4380 in
3095 4326 3286 4382 haeresi
3313 4326 3751 4382 Meletianorum.

535 4405 665 4467 Post
706 4412 972 4483 synodum
1021 4411 1317 4481 Nicaenam,
1347 4416 1532 4473 Ariani
1570 4431 1717 4475 metu
1751 4423 2095 4494 imperatoris
2194 4406 2274 4462 Ex
2305 4410 2506 4480 (iunius
2532 4413 2710 4469 οδίιετ
2756 4424 2998 4486 apparet:
3049 4414 3163 4471 ίίιίιί
3196 4432 3291 4473 θοδ
3334 4418 3427 4488 (illi
3458 4416 3754 4473 Eusebium

533 4502 929 4572 aliquantulum
960 4505 1232 4574 quievere.
1269 4506 1391 4562 Mox
1421 4523 1695 4583 resumpta
1720 4514 1935 4582 ﬁducia,
1965 4534 2088 4573 cum
2123 4528 2166 4582 ι)
2195 4506 2448 4554 “osm‘m
2502 4500 2662 4558 ίάθῙίδ
2715 4504 3011 4574 aliquando
3065 4506 3407 4564 sacriﬁcasse
3463 4509 3750 4575 δετίδυηίο

535 4590 589 4646 in
621 4594 910 4650 amicitiam
946 4598 1207 4668 principis
1250 4599 1445 4657 callide
1487 4604 1863 4676 irrepsissent,
1908 4613 2093 4667 catho-

2194 4589 2358 4660 idque
2388 4590 2465 4645 illi
2505 4592 2562 4647 in
2601 4597 2812 4666 synodo
2854 4596 3017 4670 Tyria
3049 4598 3223 4669 palam
3254 4599 3524 4669 obiectum
3561 4602 3748 4658 fuisse.

533 4682 668 4736 licos
711 4685 980 4742 antistites
1013 4688 1267 4742 omnibus
1303 4691 1479 4745 modis
1512 4700 1674 4763 atque
1717 4695 1925 4750 artibus
1968 4714 2093 4768 per-

2191 4680 2378 4753 Neque
2406 4685 2549 4740 enim
2598 4686 2889 4744 Eusebium
2944 4690 3279 4747 insimulavit
3322 4693 3572 4759 Potamo,
3603 4699 3748 4767 quid

533 4770 687 4843 sequi
717 4770 1085 4831 instituerunt.
1117 4775 1333 4845 Primus
1364 4781 1578 4836 illorum
1615 4783 1849 4852 impetus
1886 4788 1941 4841 in
1984 4787 2092 4841 Eu-
2193 4774 2356 4830 ίάοίίε
2392 4777 2808 4847 imiimi-"isset:
2860 4781 2955 4837 sed
3008 4790 3219 4838 “imum
3263 4784 3409 4855 (ιυοά
3464 4787 3650 4842 Salvus
3693 4798 3747 4842 ει

532 4865 790 4921 stathium
838 4866 1103 4931 incubuit,
1153 4870 1508 4929 Antiochense
1555 4875 1707 4931 urbis
1744 4877 2085 4951 episcopum,

2190 4865 2400 4938 integer
2429 4885 2494 4923 ex
2524 4886 2743 4927 carcere
2771 4873 3053 4941 dimissus,
3095 4875 3148 4929 id
3182 4875 3250 4931 de
3279 4880 3398 4948 ipso
3430 4879 3744 4948 suspicandi

530 4958 621 5027 qui
647 4965 701 5012 et
727 4956 1089 5017 confessionis
1124 4962 1294 5033 gloria
1326 4964 1577 5032 illustris,
1605 4974 1659 5022 et
1685 4969 1828 5025 inter
1855 4971 2088 5030 Nicaeum
2188 4973 2377 5014 ansam
2410 4962 2746 5031 ΡιἛδυῖεεθι·
2768 4962 2910 5021 Fieri
2943 4974 3123 5022 tamen
3157 4976 3450 5041 p0:88li,Ut
3478 4968 3748 5025 Eusebius

529 5047 649 5103 ﬁdei
697 5057 999 5105 assertores
1040 5055 1344 5125 praecipuus
1386 5056 1702 5114 habebatur.
1731 5062 1888 5118 llunc
1919 5068 2085 5137 igitur
2186 5055 2293 5108 alio
2316 5055 2570 5127 qu0piam
2603 5057 2764 5112 modo
2791 5058 3053 5116 dimissus
3081 5060 3295 5129 iuet-ite
3315 5079 3558 5131 carcere,
3579 5080 3742 5134 quam

529 5139 668 5209 apud
705 5140 1086 5211 imperatorem
1127 5154 1386 5202 accusant
1416 5150 1557 5218 quod
1590 5147 1808 5208 Sabellii
1835 5157 2085 5226 impieta-

2187 5145 2280 5199 illo
2329 5162 2489 5217 quem
2525 5149 2708 5203 retulit
2740 5149 2986 5206 Potamo.
3020 5153 3287 5209 Caeterum
3336 5171 3402 5209 ex
3453 5154 3742 5227 Epiphanii

527 5242 631 5281 tem
661 5237 953 5298 astrueret,
990 5233 1240 5303 quodque
1272 5248 1498 5293 matrem
1535 5243 1794 5314 principis
1823 5244 2081 5304 Helenam
2187 5240 2366 5294 verbis
2399 5241 2581 5312 colligi
2612 5242 2848 5307 videtur,
2875 5243 3167 5301 Eusebium
3198 5247 3589 5303 Caesariensem
3615 5248 3740 5302 huic

526 5316 820 5389 Augustam
847 5324 1174 5379 contumelia
1205 5329 1491 5386 aﬂ‘ecisset.
1519 5331 1604 5386 Fit
1626 5334 1816 5405 ingens
1844 5353 2082 5394 conven-
2183 5332 2394 5401 synodo
2419 5333 2758 5402 Ρνωεθάίεεο·
2809 5335 2974 5389 Αάίιίι
3009 5336 3156 5391 cui!“
3187 5335 3478 5392 Eusebium
3523 5338 3607 5393 hi5
3637 5352 3738 5390 ³η·-

525 5417 615 5464 tus
644 5411 1025 5484 episcoporum
1061 5416 1117 5469 in
1156 5419 1289 5475 urbe
1334 5421 1646 5490 Antiochia,
1694 5426 1782 5480 cui
1827 5432 2080 5496 ρι-ωεριιίι
2179 5423 2313 5477 ditis
2340 5423 2578 5493 graviter
2607 5433 2960 5489 commotum,
3011 5427 3288 5484 dimisisse
3316 5428 3629 5484 concilium.
3658 5425 3734 5480 Ex

524 5501 787 5562 Eusebius
818 5506 1270 5575 Nicomediensis,
1303 5517 1469 5574 totius
1501 5517 1752 5575 factionis
1783 5532 1975 5577 auctor
2013 5539 2075 5578 ac
2179 5518 2302 5572 aliis
2336 5528 2511 5571 tamen
2545 5519 2905 5588 scriptoribus
2938 5532 3278 5589 compertum
3318 5520 3601 5584 habemus,
3625 5532 3736 5573 non

525 5596 763 5667 signina.
800 5600 1052 5656 interfuit
1095 5602 1258 5658 etiam
1302 5605 1428 5662 huic
1472 5611 1680 5682 synodo
1720 5612 2075 5674 Caesariensis
2176 5612 2592 5675 Ctesariensem,
2623 5614 2716 5667 sed
2746 5612 3210 5669 Nicomediensem
3243 5612 3538 5670 Eusebium
3559 5610 3736 5685 Tyria:

523 5685 802 5746 Eusebius.
849 5690 1015 5763 Igitur
1048 5694 1362 5753 Eustathius
1406 5714 1436 5753 a
1487 5702 1631 5774 Cyro
1676 5702 2070 5763 Berrteensium
2175 5705 2382 5775 synodo
2413 5705 2712 5775 pratiuisse-

523 5780 766 5852 episcopo
816 5797 1102 5842 accusatus
1145 5787 1287 5849 quod
1340 5788 1555 5857 impiam
1604 5792 1824 5849 Sabellii
1876 5798 2072 5853 dntttri-
2247 5800 2302 5854 P.
2329 5813 2375 5856 st
2422 5801 2718 5855 concilium
2766 5800 2889 5868 Tyri
2934 5801 3197 5868 habitum,
3249 5802 3488 5869 episcopi
3542 5815 3739 5858 omnes
