4060 6244
344 379 411 434 61
1786 382 2086 440 ΝΟΤΙΤΙΑ.
3500 383 3570 438 63

348 502 444 572 qui
479 499 584 554 illic
613 497 996 562 consederant,
1043 497 1202 568 jussu
1243 501 1504 570 principis
1536 499 1912 574 Hierosolyma
1943 512 1988 567 Α
2014 523 2134 576 quae
2159 515 2483 576 congregata
2513 514 2595 562 est
2622 505 2912 562 consulatu
2939 504 3245 560 Constantii
3284 513 3336 560 et
3368 503 3568 568 Albini,

353 608 415 650 se
442 591 740 654 contulere,
772 591 839 646 ad
879 590 1207 646 celebranda
1237 593 1476 646 encaenia
1508 608 1715 663 magnae
1769 595 1914 650 illius

345 684 614 747 basilicae,
647 699 808 754 quam
845 683 900 737 in
953 683 1214 738 honorem
1262 683 1468 739 Christi
1516 685 1907 742 Constantinus

344 778 546 833 ibidem
598 784 964 832 es~truxcrat.
1020 777 1135 830 Illic
1191 777 1458 832 Eusebius
1509 789 1693 834 noster
1739 781 1905 836 variis

344 869 708 925 concionibus
756 869 810 922 in
845 869 1079 923 ecclesia
1135 869 1332 922 habitis
1369 868 1716 925 festivitatem
1751 870 1913 925 deco-

346 961 575 1015 raverit.
632 960 879 1029 Cumque
946 959 1239 1028 imperator
1287 959 1658 1015 acerbissimis
1717 960 1913 1016 litteris

351 1053 644 1122 episcopos
673 1051 736 1103 ad
762 1051 1080 1104 comitatum
1114 1066 1274 1104 suum
1312 1060 1612 1115 evocasset,
1641 1059 1698 1104 ut
1724 1067 1913 1106 eorum

349 1159 472 1213 qua:
507 1143 774 1197 adversus
817 1141 1174 1195 Athanasium
1209 1158 1304 1212 per
1343 1141 1586 1196 fraudem
1621 1157 1683 1196 ac
1719 1143 1910 1197 simul-

349 1244 518 1292 tatem
551 1245 854 1306 gesserant,
879 1235 1142 1288 rationem
1179 1249 1362 1290 coram
1387 1235 1703 1301 redderent;
1738 1235 1912 1290 Euse-

349 1329 487 1384 bius.
508 1335 697 1383 noster
725 1343 828 1381 una
860 1343 983 1382 cum
1026 1327 1266 1397 quinque
1308 1327 1428 1382 aliis
1458 1328 1604 1382 venit
1635 1327 1902 1381 Constan-

351 1421 659 1490 tinopolim,
701 1419 876 1490 deque
923 1418 1178 1474 omnibus
1219 1421 1383 1490 gestis
1434 1419 1731 1490 principem
1779 1435 1902 1474 cer-

352 1511 548 1565 tiorem
583 1511 730 1567 fecit.
781 1509 938 1565 Tunc
989 1511 1151 1564 etiam
1203 1511 1555 1566 tricennalem
1604 1512 1903 1566 orationem

352 1615 536 1656 coram
568 1601 690 1672 ipso
735 1602 1064 1671 imperatore
1113 1599 1168 1653 in
1201 1600 1401 1669 palatio
1431 1600 1701 1654 recitavit.
1736 1601 1909 1667 Quam

351 1694 567 1764 quidem
597 1694 896 1762 imperator
928 1706 1141 1746 summo
1169 1707 1293 1745 cum
1339 1691 1532 1759 gaudio
1562 1690 1908 1757 auscultarit,

346 1802 457 1839 non
480 1793 590 1838 tam
625 1784 696 1838 ob
730 1798 882 1848 suas,
921 1797 1085 1852 quam
1127 1781 1196 1836 ob
1233 1781 1324 1835 Dei
1359 1782 1566 1842 laudes,
1603 1797 1762 1851 quem
1799 1779 1906 1834 Eu.

2017 613 2160 651 anno
2189 598 2296 652 555
2327 597 2534 653 Natalis
2587 597 2877 652 Dominici.
2927 596 3088 652 Certe
3120 594 3384 651 Eusebius
3413 595 3468 650 in
3499 596 3566 650 li-

2013 685 2116 740 bro
2146 702 2161 739 ι
2197 685 2394 740 Contra
2444 686 2756 741 Marcellum
2803 688 2866 742 de
2895 686 3250 742 ecclesiastica
3285 675 3567 758 theologia,

2017 793 2136 846 cap.
2174 775 2261 839 14.
2308 777 2508 832 diserte
2550 778 2762 843 scribit,
2811 777 3124 832 Marcellum
3160 778 3353 832 merito
3383 778 3448 832 ab
3477 776 3606 831 Ec-s

2014 868 2179 922 clesia
2206 868 2520 922 damnatutu
2553 868 2742 923 fuisse.
2771 867 3072 922 Damnatus
3121 875 3302 921 autem
3336 874 3418 922 est
3465 869 3573 939 prio

2012 973 2158 1010 mum
2189 956 2474 1011 Marcellus
2515 957 2567 1010 in
2603 956 2812 1028 synodo
2840 957 3467 1027 Conslantinopolitana.
3504 959 3572 1010 ab

2015 1048 2122 1104 illis
2153 1050 2288 1119 ipsis
2312 1049 2582 1118 episcopis
2623 1049 2715 1118 qui
2747 1050 3028 1104 basilicam
3059 1047 3570 1104 Constantinianam

2014 1141 2404 1212 Hierosolymis
2444 1140 2849 1204 dedicaverant,
2906 1141 3010 1196 hoc
3057 1148 3141 1195 est
3181 1156 3324 1196 anno
3369 1140 3571 1196 Christi

2012 1233 2138 1294 3'55,
2170 1233 2252 1287 vel
2283 1241 2428 1286 certe
2456 1231 2578 1297 336,
2637 1239 2693 1285 ut
2735 1231 2968 1286 Baronio
2997 1233 3189 1302 placet.
3226 1231 3291 1285 Et
3324 1230 3574 1287 Socrates

2013 1325 2229 1395 quidem
2259 1333 2368 1379 tres
2393 1331 2603 1377 tantum
2645 1324 2889 1394 agnoscit
2918 1324 3136 1378 Eusebii
3191 1324 3360 1379 libros
3390 1334 3573 1377 contra

2013 1415 2349 1479 Marcellum,
2381 1431 2474 1472 eos
2508 1417 2717 1472 scilicet
2748 1417 2840 1488 qui
2881 1416 2956 1471 De
2985 1417 3344 1472 ecclesiastica
3375 1417 3574 1472 theolo-

2011 1512 2096 1577 gia
2134 1510 2559 1564 inscribuntur:
2595 1526 2717 1564 cum
2762 1520 2939 1564 tamen
2984 1517 3154 1563 totum
3200 1525 3336 1580 opus
3384 1517 3572 1564 contra

2012 1599 2349 1664 Marcellum,
2389 1603 2629 1671 quinque
2659 1601 2813 1656 libris
2846 1600 2912 1654 ab
2942 1600 3174 1655 Eusebio
3205 1603 3275 1656 sit
3319 1618 3569 1673 compre-

2010 1694 2265 1748 hensum.
2289 1692 2458 1748 Porro
2480 1693 2723 1746 Omnium
2750 1691 2967 1747 Eusebii
2997 1693 3282 1756 librorum,
3311 1695 3571 1764 postremi

2012 1785 2268 1840 videnlur
2303 1801 2424 1841 esse
2452 1793 2687 1856 quatuor
2719 1784 2798 1838 illi
2854 1783 2932 1837 De
2997 1782 3118 1836 Vita
3159 1785 3284 1852 imp.
3316 1783 3574 1838 Constan-

353 1876 538 1930 sebius
569 1882 683 1929 tota
713 1874 805 1928 illa
841 1849 1084 1928 oratione
1113 1872 1499 1926 celebraverat.
1542 1849 1693 1924 llanc
1717 1886 1908 1925 secun-
1942 1849 1985 1907 Β
2015 1879 2132 1932 (ini,
2191 1876 2388 1946 scripti
2440 1849 2566 1932 simi
2600 1876 2745 1931 enim
2801 1884 2922 1946 post
2976 1882 3205 1930 mortem
3232 1849 3366 1946 imp,
3404 1877 3574 1941 illius,

355 1969 482 2023 dam
510 1969 808 2021 orationem
830 1965 885 2019 in
908 1965 1103 2036 palatio
1127 1979 1157 2017 a
1180 1979 1238 2019 se
1259 1963 1457 2017 dictam
1486 1962 1653 2018 fuisse
1678 1969 1910 2017 testatur

358 2058 630 2114 Eusebius
661 2058 715 2113 in
748 2057 885 2112 libro
934 2056 1009 2110 De
1039 2057 1147 2110 vita
1171 2053 1526 2110 Constantini.
1562 2052 1680 2108 Jam
1712 2054 1910 2124 quippe

354 2158 516 2204 antea
550 2147 848 2203 orationem
877 2145 943 2202 de
975 2147 1226 2217 sepulcro
1274 2144 1488 2199 Domini
1543 2144 1808 2200 habuerat
1854 2147 1908 2200 in

349 2242 586 2313 palatio;
643 2256 805 2311 quam
839 2239 1058 2311 quidem
1102 2239 1401 2310 imperator
1453 2246 1606 2292 stans
1639 2238 1907 2304 audierat,

345 2349 447 2389 nec
476 2348 741 2403 unquam,
766 2332 894 2388 licet
921 2332 1089 2387 semel
1138 2339 1300 2401 atque
1334 2331 1528 2384 iterum
1560 2330 1627 2384 ab
1674 2329 1908 2385 Eusebio

345 2433 590 2496 rogatus,
625 2425 816 2480 sedere
867 2424 922 2478 in
968 2423 1100 2478 sella
1129 2423 1232 2478 sibi
1267 2422 1511 2492 apposita
1540 2422 1906 2487 sustiImerat;

344 2534 558 2588 acqmnn
589 2531 711 2572 esse
744 2517 956 2581 dicens,
989 2528 1270 2570 sermones
1320 2513 1388 2569 de
1436 2513 1546 2569 Deo
1579 2529 1609 2568 a
1639 2513 1909 2569 stantibus

342 2609 613 2672 exaudiri,
650 2614 708 2662 ut
739 2605 908 2662 refert
936 2605 1201 2662 Eusebius
1232 2605 1287 2659 in
1317 2605 1494 2675 capite
1543 2606 1612 2660 ’55
1659 2605 1905 2676 ejusdem

341 2701 488 2756 libri.

415 2791 586 2845 Porro
617 2804 778 2860 quam
813 2788 1014 2843 charus
1035 2794 1402 2857 acceptusque
1448 2785 1614 2841 fuerit
1639 2785 1909 2840 Constan-

345 2884 461 2937 tino
489 2888 675 2935 noster
701 2879 992 2942 Eusebius,
1029 2887 1142 2932 tum
1165 2894 1230 2933 ex
1257 2877 1344 2933 his
1371 2892 1492 2948 quae
1520 2877 1654 2940 dixi,
1687 2886 1801 2930 tum
1841 2891 1906 2929 ex

346 2973 538 3027 multis
558 2973 688 3046 aliis
723 2971 851 3026 licet
897 2969 1218 3040 intelligere.
1247 2967 1383 3023 Nam
1411 2978 1466 3024 et
1497 2968 1806 3038 frequentes
1839 2969 1906 3021 ab

343 3079 412 3118 eo
440 3061 650 3132 accepit
681 3061 916 3122 litteras,
951 3076 1070 3130 qua:
1095 3061 1148 3114 in
1181 3059 1513 3131 supradictis
1541 3059 1694 3114 libris
1731 3059 1908 3112 intex-

347 3165 417 3209 ta:
439 3155 708 3225 leguntur.
735 3151 846 3206 Nec
875 3167 999 3206 raro
1031 3152 1096 3205 ad
1127 3153 1387 3222 palatium
1433 3151 1641 3205 accitus
1685 3158 1738 3204 et
1783 3164 1908 3203 con-

351 3246 500 3301 vivio
531 3250 806 3313 exceptus,
861 3249 914 3297 et
973 3242 1229 3295 familiari
1278 3241 1556 3312 colloquio
1604 3233 1903 3293 honoratus

347 3347 454 3399 est.
487 3338 630 3404 Quin
681 3338 842 3393 etiam
894 3335 1159 3390 visionem
1215 3334 1359 3387 illam
1414 3333 1596 3388 crucis
1642 3347 1802 3402 quam
1849 3332 1905 3384 in

345 3433 487 3489 cmlo
548 3430 942 3486 Constantinus
989 3427 1202 3481 viderat
1260 3433 1391 3479 tunc
1452 3440 1576 3479 cum
1642 3422 1904 3478 adversus

342 3525 677 3582 Maxentium
714 3521 1172 3592 proficisceretur,
1202 3517 1437 3573 Eusebio
1486 3523 1678 3573 nostro
1714 3531 1900 3570 narra-

340 3621 455 3685 vit;
485 3625 540 3673 et
563 3615 833 3671 Labarum
862 3613 1004 3684 quod
1029 3611 1094 3666 ad
1115 3611 1298 3667 crucis
1323 3611 1469 3665 illius
1497 3609 1904 3666 similitudinem

340 3716 707 3781 expresserat,
753 3701 926 3762 eidem
972 3704 1232 3769 ostendit,
1282 3700 1736 3772 quemadmodum
1790 3699 1906 3768 ipse

342 3806 576 3856 testatur
605 3796 893 3851 Eusebius.
919 3793 1165 3863 Cumque
1194 3808 1332 3863 opus
1363 3792 1588 3846 haberet
1623 3789 1904 3844 codicibus

344 3891 520 3946 sacris
553 3889 619 3942 ad
655 3903 813 3942 usum
847 3887 1199 3941 ecclesiarum
1248 3899 1385 3953 quas
1431 3881 1904 3949 Constantinopoli

346 3982 730 4043 mdificaverat,
752 3991 937 4034 eorum
963 3977 1446 4032 deseribendorum
1472 3990 1657 4029 curam
1696 3989 1758 4028 ac
1790 3973 1902 4029 sol-

343 4067 685 4123 licitudinem
716 4064 992 4120 mandavit
1026 4064 1294 4124 Eusebio;
1345 4065 1543 4134 quippe
1593 4079 1752 4133 quem
1806 4062 1904 4115 ha-

341 4174 466 4214 rum
497 4173 678 4212 rerum
701 4155 1091 4226 peritissimum
1115 4170 1238 4211 esse
1260 4157 1428 4224 probe
1447 4155 1630 4210 sciret.
1660 4151 1904 4224 Denique

341 4266 468 4307 cum
497 4248 766 4304 Eusebius
795 4255 982 4302 noster
1010 4247 1208 4302 librum
1237 4246 1313 4301 De
1347 4247 1477 4316 [esto
1509 4246 1746 4316 paschali
1783 4246 1902 4315 ejus

338 4341 552 4398 nomini
581 4347 967 4411 nuncupasset,
1006 4340 1139 4394 adeo
1158 4339 1459 4408 jucundum
1498 4337 1550 4393 id
1583 4354 1780 4394 munus
1805 4339 1904 4392 fuit

336 4435 729 4497 Constantino,
775 4441 834 4486 ut
865 4433 1063 4486 librum
1118 4433 1269 4486 illum
1317 4433 1498 4488 statim
1540 4432 1592 4486 in
1648 4431 1899 4485 Latinum

2013 1968 2101 2021 cui
2157 1983 2266 2020 non
2315 1968 2408 2020 diu
2460 1974 2740 2036 superstes
2794 1966 2928 2019 vixit
2985 1964 3274 2021 Eusebius.
3329 1965 3574 2020 Mortuus

2009 2056 2207 2127 quippe
2222 2066 2304 2111 est
2321 2057 2422 2111 sub
2437 2055 2655 2110 exordia
2673 2055 3011 2124 principatus
3027 2056 3330 2109 Constantii
3347 2056 3573 2126 Augusti

2010 2148 2170 2218 paulo
2199 2155 2324 2202 ante
2355 2153 2584 2200 mortem
2611 2146 2955 2201 Constantini
2990 2142 3254 2209 Junioris,
3291 2163 3410 2216 qua:
3435 2161 3568 2200 eon—

2010 2238 2131 2308 tigit
2159 2237 2442 2308 Acindyuo
2470 2244 2523 2291 et
2553 2235 2787 2290 Proculo
2820 2237 3161 2300 consulibus,
3195 2252 3339 2291 anno
3366 2237 3570 2294 Christi

2009 2331 2135 2393 540,
2171 2339 2230 2384 ut
2251 2330 2524 2400 colligitur
2554 2344 2620 2384 es
2658 2328 2902 2383 Socratis
2934 2329 3074 2384 libro
3121 2331 3383 2386 secundo.
3416 2330 3571 2398 Quod

2008 2431 2188 2476 autem
2219 2419 2459 2492 Scaliger
2504 2421 2559 2475 in
2614 2420 3192 2475 Animadversionibus
3228 2420 3570 2486 Eusebianis,

2007 2509 2262 2570 editionis
2291 2514 2494 2568 ultimae
2542 2529 2665 2583 pag.
2689 2513 2816 2577 250,
2843 2514 2918 2567 ait
2938 2512 3157 2568 Eusebii
3191 2514 3358 2569 libros
3389 2524 3574 2569 contra

2011 2607 2364 2676 Porphyrium
2388 2606 2627 2677 scriptos
2647 2621 2769 2662 esse
2790 2606 2892 2662 sub
2923 2605 3268 2670 Constantio,
3300 2606 3574 2662 Constan-

2006 2699 2105 2752 tini
2164 2697 2343 2769 Magni
2392 2698 2521 2764 tilio,
2581 2713 2704 2752 cum
2765 2699 2970 2754 nullius
3025 2699 3234 2768 antiqui
3282 2701 3572 2769 scriptoris

2007 2791 2321 2846 testimonio
2351 2789 2726 2853 confirmetur,
2777 2807 2805 2844 a
2833 2791 2990 2846 nobis
3023 2800 3132 2845 tam
3167 2792 3324 2846 facile
3357 2790 3571 2845 admitti

2007 2898 2116 2936 non
2148 2889 2344 2953 potest.
2378 2880 2483 2935 Sed
2515 2881 2658 2952 quod
2693 2882 2888 2936 ibidem
2925 2883 3144 2951 subjicit
3174 2880 3435 2953 Scaliger,
3458 2889 3572 2938 tres

2011 2981 2320 3044 postremos
2351 2973 2678 3044 Evangelica:
2724 2975 3188 3030 demonstrationis
3244 2975 3434 3038 libros,
3471 2990 3569 3029 oc-

2011 3071 2192 3118 tavum
2226 3064 2496 3118 decimum
2522 3064 2751 3131 scilicet,
2790 3080 2992 3120 nonum
3033 3065 3304 3121 decimum
3336 3081 3400 3120 ac
3430 3065 3572 3120 vice-

2011 3156 2231 3219 simum,
2257 3155 2324 3209 ab
2356 3155 2589 3211 Eusebio
2623 3157 2855 3227 scriptos
2907 3173 3030 3213 esse
3087 3166 3280 3212 contra
3328 3156 3569 3230 Porphy-

2005 3247 2171 3309 rium,
2203 3245 2256 3300 in
2285 3262 2351 3301 eo
2378 3246 2666 3303 manifeste
2699 3248 3086 3302 hallucinatur.
3122 3247 3325 3301 Scribit
3351 3249 3568 3318 quidem

2006 3337 2389 3408 Hieronymus,
2440 3337 2730 3392 Eusebium
2780 3339 2958 3393 tribus
3009 3337 3400 3402 voluminibus,
3462 3337 3568 3394 hoc

2003 3439 2106 3494 est,
2125 3445 2278 3493 xvnt,
2300 3445 2388 3483 six
2410 3439 2462 3483 et
2480 3444 2568 3496 xx,
2594 3428 2942 3499 respondisse
2957 3426 3278 3498 Porpliyrio,
3298 3428 3390 3498 qui
3420 3427 3474 3482 in
3504 3428 3572 3482 li-

2005 3522 2104 3575 bro
2129 3534 2201 3573 xu
2227 3527 2281 3574 et
2322 3535 2422 3573 xm
2452 3533 2641 3576 eorum
2673 3533 2810 3589 quos
2862 3528 3053 3572 contra
3085 3515 3428 3572 Christianos
3451 3518 3570 3573 edi-

2006 3611 2105 3674 dit,
2145 3611 2342 3665 librum
2376 3608 2616 3665 Danielis
2647 3609 2926 3681 propheta:
2976 3610 3284 3666 convellere
3321 3619 3568 3667 tentare-

2006 3711 2111 3757 rat.
2147 3701 2248 3757 Sed
2280 3702 2642 3772 Hieronymus
2688 3718 2794 3756 non
2844 3701 3013 3756 libros
3069 3701 3289 3756 Eusebii
3343 3701 3420 3756 De
3479 3702 3564 3756 de-

2008 3795 2386 3850 monstratione
2417 3793 2713 3863 evangelica
2744 3793 3016 3863 intelligit,
3063 3803 3119 3847 ut
3149 3793 3356 3863 putavit
3392 3792 3567 3848 Scali-

2005 3901 2120 3956 ger,
2143 3885 2237 3941 scd
2260 3885 2428 3939 libros
2473 3884 2541 3939 ab
2577 3899 2641 3938 eo
2701 3892 2884 3948 contra
2939 3882 3291 3952 Porphyrium
3326 3884 3569 3938 elabora-

2005 3987 2122 4044 tos;
2155 3977 2246 4047 qui
2285 3975 2569 4044 Ἐλέγχου
2596 3976 2692 4029 καὶ
2737 3976 3073 4044 Ἀπολογίας
3105 3975 3564 4040 inscribebantur,

2005 4071 2081 4123 uti
2122 4069 2376 4138 colligere
2419 4075 2501 4121 est
2545 4082 2610 4120 ex
2666 4065 2994 4120 Bibliotheca
3045 4065 3246 4120 Photii.
3296 4065 3564 4121 Caeterum

2004 4161 2106 4215 hos
2139 4161 2307 4214 libros
2339 4167 2460 4228 post
2497 4157 2933 4211 Ecclesiasticatn
2969 4156 3262 4212 Historiam
3296 4159 3363 4212 ab
3399 4158 3568 4214 Euse-

2003 4254 2092 4307 bio
2120 4254 2351 4322 scriptos
2378 4251 2546 4308 fuisse
2575 4253 2790 4321 Opinor.
2855 4249 3020 4322 quue
3070 4267 3137 4307 ex
3183 4267 3249 4307 eo
3305 4253 3562 4321 conjicio,

2003 4346 2147 4416 quod
2181 4345 2448 4400 Eusebius
2483 4352 2669 4399 noster
2692 4346 2744 4398 in
2770 4345 2909 4398 libro
2935 4360 2988 4398 vt
3023 4343 3408 4399 Ecclesiasticw
3437 4345 3566 4399 Ilis-

2005 4439 2172 4504 toriw,
2211 4438 2300 4491 ubi
2332 4437 2597 4506 insignem
2622 4437 2799 4490 locum
2822 4436 2976 4490 affert
2996 4453 3059 4491 ex
3095 4437 3254 4490 tertio
3279 4434 3564 4509 Porphyrii

339 4539 654 4582 sermonem
688 4523 930 4578 converti
964 4521 1213 4592 jusserit,
1271 4525 1601 4595 scriptisque
1630 4523 1696 4578 ad
1734 4523 1901 4577 Euse-
1933 4554 1976 4608 υ
2007 4530 2144 4582 linro
2173 4539 2356 4582 contra
2389 4527 2745 4590 Christianos,
2804 4529 3005 4581 nullam
3048 4526 3176 4580 facit
3235 4529 3563 4582 mentionem

337 4621 491 4676 bium
547 4619 743 4674 litteris
772 4633 896 4672 eum
929 4617 1177 4674 hortatus
1206 4619 1298 4680 sit,
1330 4625 1390 4672 ut
1438 4617 1704 4688 ejusmodi
1739 4631 1900 4688 Opera

339 4729 462 4784 qua:
484 4713 538 4766 in
570 4711 826 4765 manibus
851 4709 1104 4775 habebat,
1138 4725 1319 4765 rerum
1369 4726 1648 4766 sacrarum
1690 4711 1904 4765 studio-

342 4809 417 4864 sis
440 4807 841 4877 quamprimum
872 4803 1320 4859 communicaret.

413 4899 528 4955 Sub
559 4900 700 4954 idem
734 4908 949 4969 tempus
977 4897 1244 4954 Eusebius
1287 4897 1706 4968 descriptionem
1755 4896 1902 4951 basi-

343 4994 460 5048 lita:
490 4991 1014 5062 Hierosolymitanaz,
1043 4999 1097 5044 et
1129 4990 1481 5044 donariorum
1515 5006 1633 5060 qua:
1670 4989 1778 5043 illic
1815 5003 1904 5044 sa-

345 5093 492 5140 crata
521 5084 755 5146 fuerant,
788 5081 934 5136 brevi
955 5081 1140 5137 libello
1163 5082 1608 5151 comprehensam
1631 5081 1903 5137 Constan-

345 5176 461 5228 tino
490 5174 720 5244 principi
749 5175 1104 5246 nuncupavit.
1163 5174 1336 5238 Quam
1385 5173 1602 5244 quidem
1637 5190 1741 5228 una
1776 5188 1898 5228 cum

341 5266 583 5318 oratione
635 5266 920 5320 tricennali
968 5265 1036 5318 ad
1089 5266 1295 5320 calcem
1356 5265 1616 5319 librorum
1658 5265 1734 5318 De
1791 5269 1897 5320 vita

342 5355 676 5411 Constantini
703 5358 1028 5427 subjeeerat.
1082 5356 1281 5411 Verum
1315 5357 1403 5411 hic
1439 5357 1573 5412 liber
1599 5357 1759 5414 hodie
1790 5375 1898 5413 non

337 5455 541 5502 exuat.
572 5447 766 5502 Eodem
797 5451 960 5504 etiam
996 5457 1239 5518 tempore
1271 5450 1458 5520 scripti
1512 5459 1639 5506 sunt
1692 5451 1760 5505 ab
1791 5449 1900 5506 Eu-

337 5537 495 5594 sebio
530 5537 650 5591 libri
697 5539 941 5609 quinque
998 5549 1181 5593 contra
1229 5539 1542 5595 Marcellum
1593 5559 1610 5596 :
1664 5558 1897 5613 quorum

335 5638 644 5701 postremos
675 5641 786 5687 tres
839 5631 914 5685 De
961 5634 1314 5687 ecclesiastica
1352 5635 1608 5705 theologia
1643 5634 1900 5691 Flaccillo

334 5720 782 5777 Antiochensium
851 5723 1106 5794 epistmpo
1167 5725 1462 5795 inscripsit.
1532 5725 1657 5782 lniit
1718 5737 1896 5783 autem

336 5815 712 5884 episcopatum
753 5813 1040 5872 Flaccillus
1074 5818 1231 5885 paulo
1261 5826 1384 5874 aitte
1435 5820 1697 5888 synodum
1742 5821 1890 5890 Tyri,

2005 4636 2191 4672 eorum
2229 4619 2494 4671 librorum
2525 4617 2724 4686 quibus
2785 4619 2900 4686 ipse
2942 4615 3241 4686 Porphyrio
3272 4619 3565 4685 responde-

2005 4722 2088 4764 rat
2115 4730 2125 4764 :
2163 4726 2284 4764 eum
2313 4718 2491 4763 tamen
2525 4709 2658 4765 satis
2691 4709 2924 4778 diligens
2955 4709 3203 4761 laudator
3225 4725 3346 4764 esse
3392 4710 3566 4764 soleat

2002 4820 2226 4875 operum
2267 4819 2514 4867 suorum,
2551 4810 2604 4858 et
2640 4803 2704 4856 ad
2740 4818 2929 4856 eorum
2964 4801 3248 4856 lectionem
3293 4801 3567 4858 studiosos

2003 4895 2234 4950 subinde
2269 4895 2499 4963 rejiciat.

2075 4987 2181 5042 Sed
2243 4989 2502 5057 quoniam
2561 4997 2865 5056 opportuna
2927 5001 3045 5040 sese
3104 4985 3258 5040 offert
3323 4987 3559 5051 occasio,

2002 5096 2174 5154 pauca
2202 5081 2365 5135 etiam
2408 5079 2475 5134 de
2517 5079 2900 5134 Ecclesiastica’
2930 5077 3180 5134 Historia:
3239 5079 3393 5135 libris
3458 5081 3561 5134 hoc

2002 5174 2122 5226 loco
2144 5172 2576 5228 adnotarelibet.
2610 5173 2813 5226 llorum
2844 5172 2988 5228 enim
3022 5172 3364 5243 potissimum
3396 5189 3562 5227 causa

2001 5271 2114 5339 tota
2139 5263 2250 5318 haec
2307 5279 2337 5316 a
2389 5264 2548 5319 nobis
2609 5263 2855 5318 instituta
2890 5272 2974 5318 est
3033 5264 3362 5318 lucubratio.
3397 5264 3560 5320 Multa

2001 5358 2217 5430 quidem
2249 5357 2318 5410 ab
2341 5357 2576 5413 Eusebio
2608 5364 2794 5410 nostro
2827 5357 3026 5426 scripta
3058 5363 3184 5411 sunt
3213 5356 3278 5408 ad
3311 5354 3562 5409 Ecclesia:

1999 5451 2278 5505 catholica:
2303 5451 2608 5510 utilitatem,
2627 5455 2676 5501 et
2709 5448 2774 5502 ad
2797 5449 3219 5504 confirmandam
3237 5447 3564 5505 Christianm

2001 5543 2124 5598 fidei
2157 5543 2436 5598 veritatem
2465 5582 2478 5602 ,
2533 5541 2726 5610 partim
2779 5541 3038 5594 adversus
3075 5539 3292 5600 Iudaeos
3320 5589 3333 5612 ,
3364 5546 3559 5615 partim

1999 5644 2187 5690 contra
2211 5635 2453 5706 gentiles.
2495 5633 2636 5687 Inter
2665 5626 2854 5687 omnes
2883 5641 3062 5688 tamen
3087 5635 3205 5705 ejus
3237 5636 3407 5692 libros
3448 5653 3555 5692 me-

2000 5729 2104 5781 rito
2120 5727 2353 5797 palmam
2381 5723 2483 5779 fert
2504 5721 2876 5779 Ecclesiastica
2894 5723 3154 5780 Historia.
3188 5727 3336 5782 Multi
3360 5729 3557 5798 quippe

1999 5829 2123 5876 ante
2153 5818 2442 5875 Eusebium
2479 5836 2574 5888 pro
2595 5819 2916 5875 Christiane
2980 5820 3103 5878 lidei
3152 5821 3465 5876 defensione
3495 5822 3562 5875 li-
