3986 6218
461 341 531 396 ϐὅ
1412 333 1751 392 EUSEDIUS
1791 329 2268 389 CAESARIENSIS
2309 329 2705 386 EPISCOPUS.
3621 333 3692 387 64

462 459 592 512 bros
636 454 1097 526 conscripserant,
1147 461 1201 508 et
1256 452 1566 510 Iudaeorum
1624 453 2020 508 contumaciam
2053 449 2352 512 ANicrenze
2407 449 2854 504 commemoratio
2905 448 2994 503 hic
3046 451 3223 506 alieno
3269 451 3387 505 loco
3448 451 3688 518 ponitur,

460 561 812 616 erroremque
841 545 1124 616 gentilium
1159 546 1509 601 validissimis
1539 545 1843 601 rationibus
1895 560 2026 599 con-

461 638 725 692 vicerant.
757 636 862 692 Sed
895 638 984 707 qui
1013 653 1194 692 rerum
1214 637 1704 692 ecclesiasticarum
1739 637 2023 691 historiam

459 727 698 796 posteris
721 727 980 790 traderet,
1026 743 1196 781 nemo.
1233 733 1358 779 ante
1389 724 1683 780 Eusebium
1718 727 2021 780 exstiterat.

462 817 582 884 Quo
609 819 780 888 magis
814 818 1116 872 laudandus
1173 824 1256 872 est
1296 815 1571 883 Eusebius,
1616 825 1824 879 noster,
1854 817 1944 886 qui
1975 823 2026 870 et

462 912 671 982 primus
717 912 819 965 hoc
847 917 1223 982 argumentum
1273 907 1628 978 excogitavit;
1665 920 1866 964 etcum
1895 909 2025 963 illud

461 1011 751 1074 aggressus
777 1003 990 1070 fuisset,
1018 1003 1272 1057 omnibus
1312 1001 1552 1056 numeris
1584 1002 1892 1054 absolutum
1941 1019 2026 1058 re-

459 1095 640 1164 liquit.
663 1093 822 1150 Certe
842 1110 966 1150 cum
998 1093 1150 1148 multi
1203 1103 1322 1163 post
1355 1109 1478 1148 eum
1533 1094 1731 1164 reperti
1771 1097 1902 1159 sint,
1935 1095 2024 1164 qui

461 1186 607 1241 illius
661 1187 907 1256 exemplo
974 1186 1179 1240 incitati
1229 1201 1320 1241 res
1362 1186 1765 1242 ecclesiasticas
1809 1187 2027 1255 scriptis

462 1278 690 1346 prodere
731 1279 1173 1349 aggrederentur,
1214 1293 1404 1334 omnes
1449 1285 1630 1332 tamen
1694 1278 1760 1332 ab
1791 1277 1857 1333 iis
1891 1286 2028 1332 tem-

459 1367 686 1438 poribus
717 1367 999 1424 historiam
1023 1383 1179 1422 suam
1227 1369 1410 1422 exorsi
1442 1374 1571 1423 sunt
1606 1367 1659 1421 in
1692 1367 1889 1438 quibus
1919 1365 2027 1420 En-

457 1456 646 1513 scbius
675 1466 860 1512 noster
890 1472 1028 1527 opus
1051 1473 1210 1512 suum
1237 1457 1649 1520 terminaverat;
1681 1455 2025 1526 superiorum

458 1562 588 1601 vero
619 1557 920 1615 temporum
983 1546 1288 1610 historiam,
1323 1562 1484 1616 quam
1520 1547 1609 1601 ille
1662 1547 1848 1601 decem
1871 1545 2026 1601 libris

458 1645 805 1708 exposuerat,
851 1637 1118 1706 integram
1159 1637 1209 1692 ei
1249 1645 1413 1707 atque
1471 1637 1732 1692 intactam
1793 1638 2028 1708 relique-

457 1737 608 1784 runt.
647 1727 1012 1794 Quamobrem
1041 1729 1086 1784 si
1109 1727 1233 1799 quis
1263 1728 1413 1783 illum
1441 1729 1825 1785 ecclesiastica:
1854 1729 2029 1784 histoo

459 1821 553 1875 riae
582 1818 796 1876 Patrem
813 1828 868 1875 et
898 1820 1234 1876 conditorem
1257 1820 1532 1890 appellare
1555 1821 1806 1884 voluerit,
1833 1821 1879 1876 is
1909 1835 2036 1891 pro-
2069 1807 2108 1863 Β

459 1909 604 1964 fecto
629 1925 737 1964 non
773 1910 1010 1965 absurde
1071 1925 1172 1964 nec
1212 1911 1480 1964 immerito
1510 1911 1561 1964 id
1611 1925 1912 1981 cognomen
1953 1911 2030 1965 illi

459 2001 819 2071 impositurus
841 2002 1074 2056 videtur.
1099 2000 1342 2067 Quanam
1372 2011 1552 2056 autem
1577 2004 1789 2058 ratione
1822 2004 1887 2058 ad
1928 2004 2031 2058 hoc

459 2100 838 2164 argumentum
895 2093 1191 2148 accesserit
1225 2091 1517 2157 Eusebius,
1551 2110 1657 2148 non
1692 2095 1910 2150 difficile
1947 2105 2032 2152 est

455 2185 748 2254 conjicere.
773 2184 906 2237 Nam
939 2199 1062 2239 cum
1088 2184 1141 2237 in
1184 2192 1425 2239 extrema
1465 2195 1621 2256 parte
1650 2184 2032 2242 Chronicorum

457 2274 755 2340 Canonum,
795 2283 1008 2344 tempus
1046 2275 1310 2331 adventus
1341 2275 1552 2332 Domini
1601 2279 1773 2334 nostri
1807 2288 1861 2335 et
1898 2278 2032 2336 Pas-

458 2366 632 2420 sionis
677 2365 798 2433 ejus
851 2371 1104 2419 accurate
1138 2372 1401 2428 notasset,
1459 2367 1680 2422 nomina
1717 2368 1880 2423 etiam
1911 2372 2030 2440 epi-

459 2469 750 2524 scoporum
775 2455 867 2524 qui
911 2456 963 2508 in
994 2463 1228 2525 quatuor
1273 2455 1559 2525 praecipuis
1593 2455 1851 2512 Ecclesiis
1877 2459 2032 2514 sede-

459 2553 606 2609 rant,
631 2552 684 2600 et
731 2545 1024 2600 illustrium
1073 2546 1316 2602 virorum
1335 2548 1425 2617 qui
1481 2547 1534 2602 in
1568 2546 1809 2604 Ecclesia
1841 2548 2033 2606 florue-

459 2645 582 2691 rant
623 2637 903 2694 :liaarescs
952 2637 1186 2709 denique
1245 2653 1309 2692 ac
1359 2639 1766 2709 persecutiones
1829 2643 2030 2713 quibus

457 2737 653 2784 vexata
687 2730 864 2784 fuerat
907 2729 1174 2795 Ecclesia,
1226 2748 1328 2788 suo
1373 2740 1616 2804 tempore
1648 2743 1810 2806 atque
1839 2737 2032 2793 ordine

457 2820 797 2892 digessisset,
828 2825 1088 2893 paulatim
1153 2825 1219 2878 ad
1263 2826 1547 2881 historiam
1600 2829 2028 2884 ecclesiasticam

459 2915 934 2981 conscribendam,
963 2917 1120 2987 quasi
1166 2932 1327 2971 manu
1358 2918 1621 2976 deductus
1651 2928 1732 2976 est
1772 2939 1784 2974 ε
1823 2932 1882 2977 ut
1911 2939 2030 2992 quae

462 3005 518 3059 in
545 3003 818 3060 Chronicis
857 3005 1163 3061 Canonibus
1213 3010 1370 3077 quasi
1419 3011 1740 3079 compendio
1793 3015 2029 3084 quodam

461 3097 876 3166 perstrinxerat,
901 3099 956 3152 in
995 3098 1366 3155 Ecclesiastica
1399 3101 1641 3156 Historia
1676 3104 1836 3159 latius
1868 3116 2028 3174 atque

459 3188 686 3244 uberius
721 3199 1093 3259 pertractaret.
1135 3192 1252 3264 Ipse
1283 3202 1428 3248 certe
1456 3195 1508 3248 in
1536 3198 1798 3264 prooemio
1845 3197 2028 3252 Histo-

470 3279 565 3332 ria:
596 3280 961 3336 ecclesiastica:
1008 3293 1192 3353 aperte
1244 3285 1444 3339 indicat
1493 3287 1544 3341 id
1584 3291 1725 3358 quod
1759 3291 1891 3345 dixi.
1925 3293 2026 3347 Ubi

459 3372 623 3424 etiam
644 3373 712 3427 ab
735 3374 903 3442 :equis
932 3374 1226 3431 lectoribus
1261 3377 1470 3431 veniam
1491 3377 1594 3433 sibi
1623 3380 1738 3434 dari
1769 3384 2025 3451 postulat,

460 3463 638 3517 sicubi
676 3463 908 3521 fortasse
963 3469 1071 3522 hoc
1125 3480 1504 3539 argumentum
1536 3474 1718 3529 minus
1755 3477 2030 3532 cumulate

464 3555 934 3613 fueritexsecntus
972 3579 984 3613 :
1019 3575 1077 3615 se
1109 3563 1252 3615 enim
1281 3565 1522 3618 omnium
1557 3565 1786 3634 primum
1821 3567 1886 3621 ad
1925 3569 2028 3622 hoc

461 3647 736 3703 scribendi
771 3665 941 3718 genus
973 3653 1254 3726 accedere,
1290 3663 1343 3708 et
1371 3654 1474 3709 iter
1503 3657 1706 3710 nullius
1740 3665 1895 3712 antea
1929 3660 2029 3711 tri-

460 3748 574 3792 tum
609 3743 850 3811 vestigiis
874 3741 1080 3811 ingredi
1128 3745 1361 3814 primum
1400 3749 1653 3817 cmpisse.
1686 3747 1884 3803 Verum
1913 3751 2027 3805 haec

458 3844 569 3882 non
593 3839 700 3884 tam
723 3835 1004 3889 excusatio
1039 3851 1102 3890 ac
1144 3838 1316 3892 venia:
1358 3839 1688 3909 deprecatio,
1722 3857 1880 3912 quam
1913 3845 2028 3897 lau-

457 3921 545 3978 dis
569 3932 622 3977 et
642 3924 827 3994 gloria:
849 3927 1089 3996 captatio
1119 3930 1441 3997 quibusdam
1456 3933 1624 3987 videri
1648 3936 1837 4002 possit.
1859 3935 2027 3993 Porro

460 4032 582 4070 cum
640 4025 854 4072 constet
895 4035 960 4073 ex
1010 4021 1229 4076 Eusebii
1285 4023 1457 4092 ipsius
1487 4026 1818 4090 testimonio,
1849 4027 2029 4082 Eccle-

457 4111 731 4165 siasticam
783 4111 1075 4166 Historiam
1114 4122 1235 4183 post
1268 4116 1659 4186 ci’tronologicos
1689 4118 1926 4174 Canones
1959 4121 2027 4175 ab

458 4215 523 4254 eo
554 4204 811 4270 scriptam
868 4201 1056 4266 fuisse,
1116 4206 1311 4258 mirum
1367 4215 1544 4261 tamen
1582 4218 1686 4270 est,
1740 4219 2027 4280 utrumque

458 4307 593 4362 opus
647 4293 713 4346 ad
757 4309 917 4347 unam
966 4297 1315 4367 eamdemque
1348 4309 1542 4353 metam
1603 4303 1915 4369 procedere,
1960 4304 2027 4356 ad

459 4389 659 4436 annum
692 4383 902 4438 scilicet
927 4383 1625 4451 vicesimumConstantini,
1651 4392 1742 4460 qui
1797 4392 1896 4446 fuit
1932 4410 2028 4448 an-

2131 543 2255 612 quis
2283 557 2516 610 unquam
2545 541 2752 603 credat,
2789 540 3080 596 Eusebium
3109 541 3175 598 de
3202 542 3330 597 Ario
3351 543 3424 595 ita
3452 543 3694 599 locutum

2136 635 2322 696 fuisse,
2358 641 2446 687 aut
2500 632 2758 688 Houousu
2806 634 3129 688 vocabulum
3185 631 3442 688 Chronico
3473 651 3572 689 suo
3608 635 3698 690 in-

2133 725 2370 779 texuisse
2394 764 2407 788 ,
2442 724 2585 793 quod
2623 738 2835 793 semper
2879 723 2954 777 illi
2986 724 3262 793 displicuit
3306 732 3363 777 ut
3392 731 3576 794 postea
3617 725 3702 779 vi-

2133 817 2415 874 debimus?
2456 815 2735 883 Quomodo
2798 816 3064 872 Eusebius
3120 817 3256 872 dixit
3307 824 3577 872 trecentos
3645 825 3702 871 et

2132 907 2431 962 octodecim
2468 907 2755 977 episcopos
2802 906 3031 961 Nicaeum
3082 906 3288 978 synodo
3342 907 3689 970 interfuisse,

2132 1015 2255 1053 cum
2287 999 2339 1052 in
2369 999 2528 1053 tertio
2560 997 2698 1051 libro
2746 997 2818 1052 De
2843 999 2949 1052 vita
2970 995 3306 1054 Constantini
3334 999 3700 1055 disertissime

2134 1090 2354 1152 scribat,
2383 1089 2542 1159 paulo
2569 1089 2688 1158 plus
2716 1103 2879 1158 quam
2935 1088 3197 1146 ducentos
3228 1097 3280 1145 et
3301 1090 3698 1160 quinquaginta

2134 1182 2187 1236 ir.
2218 1199 2278 1236 ea
2309 1182 2656 1236 consedisse?
2692 1180 2808 1235 Non
2861 1181 3050 1235 dubito
3091 1191 3271 1235 tamen
3325 1183 3457 1252 quin
3512 1182 3700 1236 Eccle-

2133 1273 2352 1325 siastica
2385 1271 2626 1326 Historia
2660 1272 2729 1327 ab
2773 1271 3008 1327 Eusebio
3075 1273 3323 1328 absoluta
3367 1273 3438 1327 sit
3490 1273 3700 1342 aliquot

2133 1363 2291 1418 annis
2325 1373 2445 1434 post
2480 1363 2744 1434 synodum
2791 1361 3082 1419 Niraanam.
3118 1363 3223 1420 Sed
3273 1382 3394 1420 cum
3431 1365 3702 1422 Eusebius

2133 1471 2265 1527 pace
2297 1457 2388 1510 illa
2415 1473 2537 1527 qua:
2567 1465 2690 1527 post
2721 1458 3151 1527 persecutionem
3204 1457 3520 1514 Diocletiani
3543 1461 3701 1514 cmli-

2132 1559 2220 1606 tus
2248 1549 2451 1606 affulsit
2477 1549 2752 1614 Ecclesiae,
2789 1547 3083 1604 Historiam
3125 1565 3277 1604 suam
3301 1551 3554 1606 claudere
3595 1551 3699 1606 de-

2132 1645 2426 1708 crevisset,
2462 1644 2915 1714 quemadmodum
2960 1643 3073 1712 ipse
3108 1649 3339 1697 testatur
3370 1641 3426 1696 in
3470 1642 3702 1697 exordio

2131 1735 2314 1806 operis
2342 1736 2448 1799 sui,
2493 1735 2724 1792 Nicaana:
2770 1735 2962 1808 synodi
3018 1734 3582 1790 commemorationem
3630 1735 3703 1790 de

2134 1828 2405 1884 industria
2443 1830 2652 1895 vitavit,
2687 1845 2756 1885 ne
2779 1829 3076 1885 seditiones
3100 1843 3164 1882 ac
3191 1828 3456 1883 tumultus
3477 1827 3697 1896 episco-

2133 1937 2326 1993 porum
2385 1922 2526 1977 inter
2589 1938 2650 1979 se
2712 1921 3008 1977 rixantium
3066 1935 3337 1992 exponere
3387 1928 3696 1992 cogeretur.

2133 2009 2346 2081 Quippe
2376 2009 2729 2066 historiarum
2772 2011 3067 2080 scriptores
3099 2011 3150 2065 id
3181 2011 3451 2082 praecipue
3503 2025 3702 2066 curare

2133 2117 2197 2156 ac
2223 2101 2504 2172 providere
2525 2104 2739 2166 debent,
2777 2113 2837 2160 ut
2885 2119 3023 2174 opus
3063 2119 3220 2159 suum
3264 2103 3464 2159 illustri
3492 2111 3546 2158 et
3575 2104 3697 2174 glo-

2133 2196 2281 2251 rioso
2326 2197 2470 2252 exitu
2525 2197 2872 2261 concludant,
2931 2197 3073 2252 sicut
3106 2196 3432 2268 jampridem
3482 2199 3700 2252 monuit

2135 2287 2424 2359 Dionysius
2453 2287 2952 2345 Halicarnassensis
2987 2288 3041 2343 in
3084 2289 3488 2359 comparatione
3519 2286 3698 2342 Hero-

2132 2380 2245 2434 doti
2286 2395 2350 2434 ac
2383 2377 2740 2451 Thucydidis.
2788 2378 2924 2446 Quis
2956 2395 3121 2450 porro
3170 2385 3400 2435 eventus
3430 2380 3700 2435 illustrior

2133 2469 2201 2525 ab
2234 2469 2468 2526 Eusebio
2517 2471 2692 2540 potuit
2721 2473 2918 2541 opt-ari,
2952 2484 3116 2541 quam
3149 2484 3249 2540 pax
3299 2471 3390 2524 illa
3421 2487 3539 2540 qua:
3570 2482 3699 2542 post

2132 2559 2568 2616 cruentissimam
2628 2561 3056 2629 persecutionem
3108 2576 3138 2615 a
3186 2560 3546 2617 Constantino
3569 2563 3695 2617 red-

2131 2649 2242 2706 dita
2274 2649 2451 2707 fuerat
2479 2651 2829 2714 Christianis,
2870 2668 2996 2707 cum
3022 2653 3308 2708 exstinctis
3339 2653 3538 2724 ubique
3569 2671 3700 2724 per-

2131 2745 2496 2808 secutoribus,
2548 2759 2611 2798 ac
2628 2752 2914 2814 .postremo
2945 2746 3185 2800 omnium
3218 2743 3428 2800 Licinio
3453 2746 3695 2810 sublato,

2130 2834 2313 2890 nullus
2325 2834 2436 2903 jam
2461 2835 2854 2904 praeteritorum
2874 2835 3135 2889 malorum
3162 2843 3470 2907 superesset
3490 2845 3693 2891 metus.

2131 2925 2244 2980 Hac
2288 2927 2453 2998 igitur
2485 2942 2618 2998 pace
2651 2928 2935 2984 historiam
2975 2943 3130 2983 suam
3173 2929 3463 2984 terminare
3501 2931 3699 2984 maluit

2132 3013 2422 3082 Eusebius,
2453 3033 2615 3088 quam
2649 3016 2879 3072 Nicaznae
2911 3017 3102 3088 synodi
3156 3020 3695 3074 commemoratione.

2057 3139 2100 3200 Ο
2134 3103 2204 3157 Ea
2241 3105 2439 3175 quippe
2493 3105 2702 3174 synodo
2736 3122 2844 3160 non
2889 3117 2996 3161 tam
3043 3108 3216 3177 sopita
3245 3105 3490 3170 discidia,
3527 3125 3698 3177 quam

2133 3203 2386 3250 renovata
2403 3207 2524 3251 esse
2552 3196 2889 3250 videbantur.
2940 3195 3105 3267 quue
3144 3213 3252 3252 non
3292 3197 3697 3266 synodi'ipsius

2130 3287 2325 3357 culpa;
2363 3287 2455 3341 sed
2488 3287 2751 3357 pertinaci
2785 3288 3148 3344 obstinatione
3189 3303 3378 3343 eorum
3425 3289 3516 3358 qui
3548 3291 3701 3343 salu-

2129 3378 2380 3434 berrimis
2434 3380 2768 3435 sacrosancti
2814 3380 3028 3435 concilii
3074 3380 3308 3435 decretis
3347 3382 3700 3451 acquiescere

2130 3469 2475 3526 recusabant.
2509 3470 2682 3540 Atque
2720 3471 2832 3525 haec
2863 3469 2928 3525 de
2965 3473 3074 3525 vita
3107 3471 3433 3542 scriptisque
3469 3471 3692 3526 Eusebii

2130 3577 2160 3615 a
2193 3561 2350 3618 nobis
2373 3563 2516 3616 dicta
2551 3562 2836 3618 sufliciant.
2875 3561 3132 3633 Superest
3169 3571 3226 3616 ut
3276 3563 3344 3619 de
3371 3563 3488 3634 ejus
3514 3563 3614 3618 fide
3635 3572 3698 3620 et

2132 3652 2404 3726 ὀρθοδοξίᾳ
2433 3671 2599 3725 pauca
2631 3656 2898 3710 dicamus.
2929 3655 3006 3710 Ac
3051 3656 3280 3725 primum
3317 3655 3543 3710 lectores
3574 3672 3699 3710 mo-

2129 3748 2275 3802 nitos
2308 3749 2488 3814 velim,
2541 3764 2609 3802 ne
2659 3747 2796 3801 hica
2846 3748 3005 3803 nobis
3057 3746 3274 3802 Eusebii
3320 3747 3696 3803 defensionem

2128 3847 2460 3907 exspectent.
2489 3838 2674 3908 Neque
2715 3839 2859 3894 enim
2893 3847 3136 3894 nostrum
3173 3848 3255 3894 est
3288 3839 3354 3894 de
3379 3840 3698 3909 bujusmodi

2130 3929 2291 3982 rebus
2317 3931 2687 3998 pronuntiare,
2709 3944 2833 3984 cum
2864 3930 3122 3986 Ecclesiae
3169 3933 3436 4001 judicium
3463 3941 3516 3986 et
3550 3935 3702 3988 anti-

2129 4035 2359 4089 quorum
2384 4019 2603 4074 Patrum
2646 4023 2968 4078 sententiam
3001 4023 3054 4075 in
3104 4022 3172 4077 iis
3202 4023 3380 4090 potius
3407 4023 3558 4093 sequi
3591 4024 3700 4080 de-

2129 4113 2373 4167 beamus.
2411 4111 2642 4168 Proinde
2661 4114 2903 4182 quaadam
2935 4112 3385 4182 duntaxatcapita
3410 4113 3497 4169 hic
3519 4115 3701 4170 adno-

2129 4204 2382 4266 tabimus,
2409 4205 2607 4273 quibus
2631 4205 2786 4274 quasi
2814 4203 3181 4258 fundamentis
3205 4203 3398 4270 innixi,
3428 4205 3493 4261 de
3521 4205 3702 4263 Euse-

2129 4293 2202 4348 bii
2225 4294 2328 4349 ﬁde
2357 4297 2556 4350 certius
2577 4303 2814 4350 statuere
2842 4296 3135 4364 possimus.
3277 4361 3279 4364 g

2197 4386 2333 4441 Cum
2367 4387 2531 4457 igitur
2561 4387 2630 4442 de
2681 4387 2915 4442 Eusebio
2961 4395 3150 4442 nostro
3184 4387 3347 4442 variae
3399 4389 3511 4443 sint
3547 4391 3700 4443 anti-

458 4485 562 4525 nns
597 4472 798 4529 Christi
829 4475 952 4528 523.
989 4473 1122 4532 Illud
1171 4486 1426 4546 pra-terea
1457 4480 1641 4534 mirari
1683 4482 1846 4544 subit,
1879 4485 2021 4554 quod
2057 4484 2101 4542 D
2129 4494 2358 4552 quorum
2383 4480 2692 4545 sententia},
2717 4488 2768 4533 et
2801 4479 3020 4549 quidam
3046 4495 3168 4534 eum
3203 4479 3562 4542 Catholicum,
3595 4481 3700 4535 alii

459 4577 579 4614 cum
623 4563 833 4620 Niczcna
895 4569 1133 4637 synodus
1189 4571 1456 4624 celebrata
1519 4571 1591 4624 sit
1651 4572 2024 4631 vicennalibus

459 4654 823 4720 Constantini.
858 4661 1004 4712 nulla
1056 4666 1232 4713 tamen
1259 4660 1376 4727 ejus
1420 4663 1510 4715 fiat
1566 4665 1788 4728 mentio,
1842 4682 1943 4721 nec
1971 4669 2024 4721 in

461 4743 738 4810 Chronico,
771 4766 867 4804 nec
905 4753 956 4805 in
1004 4751 1375 4806 Ecclesiastica
1423 4753 1681 4811 Historia.
1715 4756 1846 4810 Nam
1881 4760 2025 4826 (“rod

461 4837 515 4890 in
547 4834 734 4891 Latino
754 4841 870 4907 ejus
898 4844 1152 4897 Chronico
1175 4845 1239 4898 ad
1257 4862 1456 4900 annum
1487 4849 1829 4904 Constantini
1863 4853 2025 4920 quiu-

458 4935 572 4982 tum
600 4930 868 4984 decimum
899 4935 1008 4990 haec
1036 4939 1305 5008 leguntur,
1333 4940 1732 5014 Alexandrintu
1775 4941 2022 4999 Ecclesia:

457 5023 626 5077 ΧιΧιιε
647 5025 922 5077 ordinatur
941 5031 1205 5099 episcopus
1224 5030 1538 5094 Alexander,
1561 5052 1592 5087 α
1617 5050 1716 5103 quo
1738 5035 1894 5088 Arius
1911 5051 2024 5104 pre-

457 5114 632 5184 sbyter
659 5116 722 5169 de
759 5115 989 5169 Ecclesia
1025 5122 1236 5187 ejectus,
1266 5121 1453 5174 multos
1501 5140 1609 5176 sua:
1653 5125 1907 5193 impietati
1934 5143 2021 5180 s0-

457 5205 582 5257 ciat.
631 5206 712 5257 Ad
738 5223 960 5277 quarunt
1005 5213 1279 5278 per/idiom
1329 5213 1734 5281 coarguendam,
1791 5216 2020 5285 synodus

455 5309 687 5349 cccxvut
731 5301 1088 5366 episcoporum
1135 5305 1186 5356 in
1240 5302 1482 5358 Nicwam
1528 5306 1706 5360 urbem
1758 5308 2022 5379 Bithynice

459 5399 769 5457 congregata
793 5430 805 5451 ,
845 5407 1018 5446 omnes
1052 5394 1410 5451 haereticorum
1453 5398 1720 5452 mae/tinos
1757 5398 2020 5455 Ilrmousu

459 5481 783 5546 oppositione
802 5481 1005 5538 delevit.
1040 5481 1183 5539 Satis
1236 5491 1580 5558 perspicuum
1614 5498 1717 5552 est,
1776 5492 1877 5544 ista
1911 5509 2020 5547 non

459 5571 528 5624 ab
556 5570 786 5628 Eusebio
813 5578 1034 5645 scripta,
1066 5576 1159 5632 sed
1183 5579 1249 5633 ab
1275 5578 1602 5651 Hieronymo
1627 5582 1809 5636 addita
1830 5583 2019 5651 fuisse,

459 5666 552 5733 qui
585 5661 949 5721 Eusebianum
987 5669 1302 5724 Cltronicum
1349 5675 1534 5728 multis
1561 5673 1628 5729 de
1666 5689 1765 5729 suo
1793 5675 2021 5742 adjectis

465 5755 829 5826 interpolavit.
866 5755 933 5810 Ut
963 5760 1105 5814 enim
1157 5758 1288 5812 illud
1342 5762 1608 5829 omittam,
1653 5764 1793 5834 quod
1829 5766 2018 5835 syt'ndi

2127 4570 2469 4636 lnereticum;
2494 4571 2735 4624 nonnulli
2762 4569 3076 4639 δίγλωττον,
3098 4571 3152 4626 id
3183 4580 3297 4637 cst,
3322 4573 3498 4627 dubia:
3527 4581 3700 4636 atque

2129 4662 2382 4732 ancipitis
2409 4662 2532 4718 fidei
2563 4663 2731 4718 fuisse
2757 4663 3089 4726 censuerint,
3114 4664 3495 4730 inquirendum
3528 4679 3556 4717 a
3585 4681 3700 4718 no-

2088 4756 2092 4759 “
2126 4753 2210 4808 bis
2257 4762 2340 4808 est
2372 4754 2460 4806 cui
2489 4754 2830 4823 potissimum
2868 4757 3146 4810 sententia:
3191 4756 3486 4811 debeamus
3531 4770 3699 4811 acce~

2126 4843 2271 4898 dere.
2295 4842 2563 4898 Constans
2589 4845 2729 4913 juris
2752 4846 2933 4914 regula
2963 4857 3064 4908 est,
3097 4847 3150 4899 in
3195 4847 3374 4901 dubiis
3392 4847 3695 4917 aequiorem

2126 4937 2306 5003 potius
2358 4950 2420 4988 ac
2446 4937 2713 4990 mitiorem
2759 4938 3082 4992 sententiam
3132 4940 3384 5010 amplecti
3411 4949 3692 5010 oportere.

2125 5027 2326 5082 Deinde
2355 5045 2478 5083 cum
2525 5028 3266 5096 Occidentales-omnesmno
3300 5033 3411 5088 fere
3459 5041 3698 5101 excepto

2124 5122 2476 5191 Hieronymo.
2529 5124 2593 5177 de
2640 5123 2873 5178 Eusebio
2920 5133 3108 5180 nostro
3163 5127 3458 5182 honorifice
3499 5144 3696 5182 sense-

2124 5213 2264 5274 rint,
2294 5227 2526 5282 cumque
2552 5213 3082 5270 EcclesiaGallicana
3111 5225 3424 5271 sanctorum
3457 5234 3696 5276 numero

2125 5316 2246 5356 eum
2271 5303 2605 5372 ascripserit,
2638 5312 2696 5358 ut
2731 5321 2794 5360 ex
2817 5304 3058 5362 Victorio
3079 5307 3372 5377 Aquitano,
3407 5307 3691 5375 UsuarJo,

2125 5395 2352 5464 aliisque
2379 5394 2668 5464 colligitur,
2693 5397 2863 5451 satius
2895 5398 3012 5450 sine
3035 5399 3202 5452 dubio
3235 5409 3337 5461 est,
3372 5409 3429 5454 ut
3459 5399 3690 5456 Patrum

2123 5495 2456 5551 nostrorum,
2516 5504 2676 5558 quam
2712 5496 2768 5542 ut
2804 5487 3159 5544 Orientalium
3203 5492 3689 5550 schismaticorum

2119 5579 2326 5648 judicio
2378 5581 2805 5636 subscribamus.
2839 5579 3078 5650 Denique
3125 5598 3352 5652 quorum
3384 5585 3694 5644 auctoritas

2123 5669 2224 5726 hac
2256 5672 2309 5726 in
2345 5689 2400 5728 re
2429 5673 2602 5740 major
2623 5686 2744 5725 esse
2766 5670 2922 5726 debet
2943 5688 3102 5742 quam
3135 5675 3450 5743 pontificum
3482 5675 3694 5732 Roma-

2126 5767 2452 5818 manorum?
2485 5763 2642 5842 Atqu}
2664 5764 2910 5819 Gelasins
2942 5767 2993 5819 in
3028 5767 3162 5822 libro
3187 5766 3260 5822 De
3287 5767 3487 5824 duabus
3522 5781 3687 5824 natu-
