4060 6244
306 352 383 408 65
1758 335 2059 392 ΝΟΤΙΤΙΑ.
3477 341 3548 396 66

309 473 413 532 νὴ,
457 466 744 523 Eusebium
787 468 1040 518 nostrum
1087 459 1228 515 inter
1256 457 1562 513 catholicos
1588 455 1883 526 scriptores
1911 462 1955 515 Α
1989 452 2102 512 bat,
2134 448 2243 505 imo
2271 451 2365 520 qui
2391 467 2455 507 ex
2487 452 2633 510 illius
2663 450 2885 521 scriptis
2914 457 3196 523 tantopere
3219 456 3545 523 profecerat;

312 559 519 619 retulit,
550 555 764 622 duoque
808 567 876 606 ex
919 550 1039 617 ejus
1073 549 1227 603 libris
1279 546 1588 602 testimonia
1615 545 1880 600 recitavit.

312 649 419 704 Sed
455 655 507 702 et
553 644 808 714 Pelagius
867 641 971 696 PP.
1007 656 1131 696 eum
1184 641 1326 693 inter
1378 637 1671 692 historicos
1704 636 1870 690 bono.

307 739 646 794 ratissimum
671 735 940 796 nominat,
981 738 1034 787 et
1063 732 1132 785 ab
1165 731 1313 784 omni
1347 731 1614 784 haereseos
1638 729 1757 783 labe
1780 729 1883 781 im~

303 845 528 884 munem
559 843 683 883 esse
713 824 1051 896 pronuntiat,
1105 822 1320 876 tametsi
1350 820 1639 891 Origenem
1675 819 1884 874 haereti-

303 937 430 974 rum
461 920 692 975 summis
734 916 988 971 laudibus
1025 914 1350 992 extulisset.
1379 911 1448 964 At
1495 911 1639 965 dicet
1685 910 1880 980 aliquis

302 1013 668 1070 Orientalium
743 1010 926 1081 potius
987 1008 1322 1078 sequendum
1386 1021 1508 1062 esse
1575 1006 1878 1075 judicium,

304 1120 431 1161 cum
465 1105 769 1161 Orientales
797 1100 1116 1159 Eusebium.
1138 1107 1326 1170 utpote
1365 1099 1638 1156 hominem
1684 1097 1880 1168 linguae

305 1215 442 1264 sum,
477 1199 674 1254 melius
727 1211 890 1252 nosse
919 1193 1215 1265 potuerint.
1279 1191 1384 1246 Sed
1434 1192 1752 1262 responderi
1781 1207 1880 1261 po—

305 1300 436 1355 test,
471 1307 582 1345 non
612 1291 802 1344 deesse
865 1285 1133 1358 quosdam
1177 1299 1244 1338 ex
1274 1282 1664 1349 Orientalibus,
1691 1284 1783 1354 qui
1813 1284 1880 1340 de

306 1383 548 1440 Eusebio
580 1391 766 1437 nostro
796 1379 934 1433 bene
964 1375 1256 1432 senserint.
1326 1375 1469 1431 Inter
1496 1391 1634 1446 quos
1663 1384 1746 1432 est
1777 1374 1880 1429 So-

306 1484 490 1530 crates
514 1482 566 1530 et
603 1474 853 1530 Gelasius
877 1471 1198 1542 Cyzicenus.
1229 1469 1383 1536 Quod
1438 1468 1484 1523 si
1518 1469 1758 1538 septima:
1797 1484 1880 1539 sy-

307 1569 437 1623 nodi
467 1567 818 1623 meumenica:
876 1564 1145 1634 judicium
1219 1562 1373 1617 nobis
1437 1567 1762 1630 opponatur,
1822 1560 1877 1613 in

306 1669 560 1729 promptu
589 1666 672 1712 est
701 1655 1007 1727 responsio.
1039 1653 1225 1723 Neque
1257 1653 1401 1707 enim
1434 1651 1501 1706 de
1532 1651 1749 1706 Eusebii
1777 1650 1878 1706 fide

305 1749 568 1818 agebatur
596 1747 650 1800 in
678 1746 767 1799 illa
791 1743 1027 1815 synodo,
1061 1741 1154 1798 sed
1185 1741 1251 1796 de
1275 1740 1568 1809 imaginum
1597 1738 1766 1794 cultu.
1795 1738 1876 1791 Ad

1983 543 2074 610 qui
2103 540 2416 597 Cltronicum
2443 544 2560 612 ejus
2581 560 2830 597 canonem
2861 554 2914 600 et
2941 545 3135 598 librum
3168 545 3243 599 De
3270 549 3398 600 locis
3434 548 3550 602 He-

1983 635 2175 688 braicis
2201 635 2252 688 in
2288 632 2539 688 Latinum
2564 651 2872 692 sermonem
2899 644 3262 699 converterat.
3308 639 3409 693 hoc
3442 638 3552 691 Eu-

1981 727 2190 780 sebium
2219 726 2447 808 infamat
2488 727 2685 796 elogio,
2738 727 2882 797 quod
2912 743 2979 781 ne
3030 727 3384 783 infensissimi
3421 731 3548 799 qui-

1980 818 2100 874 dem
2131 819 2314 874 hostes
2348 834 2588 888 unquam
2630 821 2705 873 illi
2737 821 3068 874 tribucrunt.
3104 820 3272 886 Cujus
3304 823 3377 875 rei
3416 837 3549 874 cau-

1980 926 2094 965 sam
2122 911 2368 966 invenire
2419 927 2526 964 non
2577 928 2823 981 possunt,
2852 913 2956 968 nisi
2987 913 3131 982 quod
3184 911 3548 984 Hieronymus

1979 1014 2237 1075 suscepto
2292 1006 2556 1062 adversus
2609 1005 2895 1086 Origenem
2957 1007 3104 1070 odio,
3151 1015 3379 1062 cunctos
3429 1007 3549 1076 ejus

1979 1095 2293 1165 dogmatum
2325 1095 2664 1162 defensores,
2719 1113 2782 1153 ac
2816 1099 3086 1169 praecipue
3121 1098 3415 1153 Eusebium
3445 1115 3547 1155 no-

1979 1199 2150 1244 strum
2183 1190 2471 1245 immodice
2493 1199 2576 1245 est
2599 1199 2939 1266 persecutus.
2971 1190 3272 1246 Fatendum
3320 1191 3542 1262 quidem

1978 1289 2079 1344 est,
2114 1279 2408 1335 Eusebium
2459 1288 2730 1348 nostrum,
2783 1283 2884 1337 etsi
2929 1281 3254 1338 Arianorum
3313 1282 3543 1353 signifer

1990 1373 2317 1427 meritodici
2350 1388 2457 1428 non
2491 1375 2681 1444 possit,
2718 1381 2896 1428 tamen
2941 1389 3063 1428 cum
3115 1374 3439 1428 Arianorum
3473 1374 3548 1428 si-

1977 1464 2203 1535 gniferis
2233 1472 2353 1534 post
2380 1464 2651 1519 Nicaenam
2696 1465 2959 1536 synodum
2989 1474 3248 1535 perpetuo
3269 1473 3546 1519 versatum

1979 1558 2168 1621 luisse,
2196 1564 2249 1610 et
2275 1573 2380 1611 una
2411 1573 2532 1612 cum
2563 1557 2668 1611 illis
2731 1557 3077 1626 impugnasse
3111 1557 3408 1610 catholicos
3432 1555 3548 1625 epi-

1981 1662 2196 1718 scopos,
2235 1647 2578 1704 Eustathiqu
2608 1648 2815 1703 scilicet
2849 1657 2902 1702 et
2941 1647 3320 1708 Athanasium,
3355 1646 3550 1716 praeci-

1981 1755 2118 1808 puos
2154 1739 2416 1794 Houousu
2463 1739 2802 1794 defensores.
2841 1736 2974 1792 lllud
3014 1753 3232 1808 quoque
3287 1738 3339 1790 in
3377 1737 3547 1794 Euse-

309 1855 473 1909 quem
505 1835 929 1893 subvertendum
961 1849 1086 1889 cum
1142 1831 1441 1886 adversarii
1469 1831 1631 1900 paulo
1673 1837 1800 1898 ante
1820 1828 1876 1882 in
1906 1822 1949 1876 Β
1979 1833 2068 1886 hi0
2096 1831 2599 1900 reprehendendum
2622 1831 2856 1895 videtur,
2877 1829 3022 1900 quod
3051 1829 3174 1883 licet
3189 1830 3545 1883 aeternitatem

313 1931 450 1986 urbe
475 1929 640 2000 Regia
666 1927 996 1998 congregati,
1027 1923 1400 1981 testimonium
1437 1937 1503 1977 ex
1534 1920 1752 1975 Eusebii
1807 1919 1875 1974 ad

315 2019 698 2076 Constantiam
728 2018 952 2087 epistola
983 2014 1360 2086 protulissent,
1415 2025 1588 2080 eoque
1641 2007 1876 2062 maxime

317 2115 656 2177 niterent-ur;
697 2110 884 2165 Patres
934 2109 1176 2178 septima:
1227 2105 1420 2177 synodi
1469 2103 1535 2155 ad
1561 2101 1874 2156 elevandam

311 2207 482 2276 hujus
509 2203 802 2260 testimonii
845 2201 1224 2256 auctoritatem
1283 2197 1675 2257 acclamarunt,
1704 2192 1876 2247 Euse-

318 2299 464 2353 bium
491 2297 756 2352 Arianum
786 2295 975 2350 fuisse.
1007 2292 1206 2348 Verum
1243 2291 1294 2346 id
1335 2290 1511 2344 obiter
1545 2294 1778 2350 tantum,
1809 2302 1875 2341 ex

311 2391 604 2446 occasione
633 2397 688 2445 et
722 2387 850 2442 odio
889 2387 1035 2441 illius
1072 2384 1316 2455 epistolae
1342 2383 1410 2438 ab
1426 2384 1507 2438 eis
1533 2381 1738 2436 factum
1765 2387 1871 2443 est,

309 2499 419 2539 non
464 2491 645 2537 autem
702 2481 838 2535 data'
878 2493 1076 2549 Opera,
1130 2485 1223 2532 aut
1269 2491 1432 2533 causa
1481 2477 1631 2546 prius
1687 2475 1876 2544 cogni-

319 2587 394 2630 ta.
442 2572 730 2627 Proferunt
773 2571 990 2641 quidem
1035 2570 1153 2623 loca
1213 2567 1458 2638 quaedam
1511 2581 1578 2622 ex
1615 2565 1872 2630 Eusebio,

309 2661 516 2732 quibus
555 2659 855 2730 approbent
890 2658 1039 2711 illum
1061 2654 1264 2711 Ariano
1289 2655 1527 2727 dogmati
1555 2655 1870 2712 adhazsisse.

309 2752 418 2809 Sed
446 2753 654 2808 nullum
711 2751 1005 2807 discrimen
1066 2748 1326 2805 adhibent
1376 2749 1518 2804 inter
1556 2749 1724 2804 libros
1753 2759 1876 2804 ante

303 2848 604 2905 concilium
630 2846 928 2909 Niczenum,
963 2853 1018 2900 et
1046 2843 1186 2899 inter
1200 2843 1406 2914 eosqui
1432 2849 1554 2913 post
1583 2843 1714 2897 illud
1745 2858 1878 2898 con-

309 2942 498 2996 cilium
535 2940 604 2994 ab
630 2939 862 2994 Eusebio
891 2944 1018 2994 sunt
1041 2935 1331 3001 elaborati,
1385 2934 1528 3005 quod
1557 2941 1736 2987 tamen
1761 2932 1874 2989 ﬁeri

307 3035 536 3090 omnino
564 3033 845 3096 debuerat,
878 3038 937 3086 ut
963 3029 1029 3085 dc
1062 3029 1279 3085 Eusebii
1329 3028 1431 3082 fide
1465 3034 1673 3082 certum
1698 3041 1762 3081 ac
1800 3026 1876 3082 le~

310 3127 561 3198 gitimum
614 3125 876 3195 judicium
926 3129 1285 3192 promeretur.
1337 3118 1688 3190 Quaecunque
1731 3118 1876 3174 enim

313 3228 442 3273 ante
467 3217 736 3273 Nicanam
769 3214 1035 3288 synodum
1068 3215 1269 3284 scripta
1323 3220 1470 3278 sunt,
1507 3211 1742 3266 Eusebio
1776 3211 1877 3268 ob-

309 3308 409 3382 jici
429 3321 484 3366 et
510 3312 760 3382 imputari
787 3325 894 3365 non
922 3309 1138 3365 debent.
1170 3307 1342 3362 Porro
1388 3307 1606 3363 Eusebii
1647 3305 1874 3376 epistola

311 3406 378 3459 ad
411 3404 813 3468 Alexandrum,
866 3417 973 3473 qua
1026 3417 1125 3472 pro
1183 3401 1313 3455 Ario
1362 3401 1513 3454 illum
1546 3399 1873 3469 interpellat,

307 3499 512 3569 scripta
548 3506 633 3553 est
683 3493 1063 3567 proculdubio
1115 3499 1241 3547 ante
1271 3491 1536 3558 synodum
1579 3489 1873 3545 Nicaanam.

304 3589 542 3646 Proinde
564 3589 940 3645 testimonium
974 3585 1105 3641 illud
1137 3584 1360 3639 Patrum
1407 3584 1650 3654 septimm
1680 3581 1875 3654 synodi

306 3680 570 3736 adversus
597 3678 915 3741 Eusebium,
946 3677 1049 3733 etsi
1063 3671 1355 3730 maximam
1385 3673 1546 3728 habet
1576 3671 1875 3728 auctorita-

307 3781 441 3834 tem,
479 3779 662 3826 tamen
689 3767 1065 3840 praajudicium
1100 3767 1282 3838 potius
1307 3781 1469 3836 quam
1501 3763 1760 3835 synodale
1784 3762 1877 3833 ju-

306 3863 512 3917 dicium
542 3862 701 3917 nobis
727 3860 959 3916 videtur.
995 3857 1098 3915 Sed
1130 3857 1332 3914 Graecis
1358 3857 1519 3912 liceat
1544 3857 1612 3911 de
1640 3854 1878 3911 Eusebio

310 3963 501 4012 nostro
533 3956 608 4010 ita
655 3954 878 4018 sentire,
915 3968 1149 4024 eumque
1185 3950 1398 4007 aﬂinem
1445 3949 1661 4004 Arianae
1703 3947 1876 4004 haere-

306 4048 380 4111 si,
421 4055 515 4102 aut
544 4049 704 4103 etiam
758 4048 1019 4100 Arianum
1074 4059 1292 4099 vocare.
1330 4041 1716 4114 Hieronymum
1748 4055 1878 4097 vero

306 4139 435 4210 quis
471 4142 738 4210 patienter
769 4139 921 4204 ferat,
950 4137 1042 4206 qui
1081 4152 1189 4192 non
1223 4143 1511 4192 contentus
1562 4134 1876 4190 haereticum

309 4233 463 4287 illum
487 4240 541 4287 et
569 4233 828 4287 Arianum
861 4231 1061 4293 dicere,
1085 4228 1410 4282 Arianorum
1431 4226 1749 4298 signiferum
1769 4240 1876 4279 non

309 4325 483 4379 semel
517 4323 805 4378 nominat?
837 4321 1092 4378 Potestne
1145 4319 1472 4374 Arianorum
1515 4316 1742 4389 signifer
1772 4330 1879 4370 me-

310 4416 416 4470 rito
443 4414 575 4478 dici,
606 4415 653 4469 is
683 4415 775 4484 qui
805 4415 1131 4468 Arianorum
1173 4411 1368 4482 dogma
1424 4419 1548 4482 post
1600 4408 1877 4464 Nica‘nam

1977 1921 2099 1976 Filii
2142 1921 2237 1976 Dei
2261 1921 2523 1978 adversus
2546 1920 2779 1975 Arianos
2813 1935 3026 1990 semper
3085 1921 3399 1978 asseruerit.
3435 1918 3548 1971 Ho-

1975 2022 2154 2062 nousu
2186 2014 2365 2062 tamen
2415 2023 2600 2063 vocem
2634 2023 2911 2078 nunquam
2947 2023 3014 2062 ex
3047 2009 3231 2062 animo
3273 2009 3540 2078 probavit.

1975 2096 2134 2152 Certe
2164 2112 2265 2152 nec
2293 2097 2348 2150 in
2376 2097 2534 2150 libris
2569 2107 2753 2148 contra
2786 2095 2841 2148 Μ
2849 2095 3239 2156 arcellum,nec
3261 2097 3316 2150 in
3342 2096 3546 2151 oratio-

1976 2189 2138 2244 nibus
2166 2187 2230 2242 de
2259 2188 2360 2258 ﬁde
2399 2187 2648 2242 adversus
2694 2185 3007 2252 Sabellium,
3045 2201 3109 2240 ea
3139 2201 3270 2240 voce
3307 2202 3545 2258 unquam

1978 2295 2110 2336 usus
2139 2289 2243 2335 est.
2269 2277 2382 2333 lmo
2429 2293 2558 2333 vero
2587 2278 2643 2332 in
2702 2277 2841 2332 libro
2880 2276 3126 2332 secundo
3164 2276 3410 2330 adversus
3439 2276 3544 2332 Sa-

1978 2372 2214 2436 bellium,
2240 2387 2349 2425 non
2381 2371 2618 2426 obscure
2648 2367 2919 2438 signiﬁcat
2956 2383 3075 2423 eam
3108 2384 3316 2432 vocem,
3360 2376 3547 2438 utpote

1979 2481 2098 2536 qua:
2130 2465 2185 2519 in
2219 2462 2518 2533 Scripturis
2556 2478 2664 2518 non
2699 2462 2932 2532 legatur,
2963 2460 3067 2516 sibi
3110 2459 3420 2531 displicere.
3456 2458 3547 2533 Sic

1977 2556 2120 2611 enim
2148 2555 2224 2608 ait
2252 2573 2266 2610 :
2306 2553 2452 2608 Sicut
2480 2568 2600 2623 ergo
2632 2552 2696 2606 de
2715 2552 2795 2605 his
2828 2567 2944 2622 qua:
2961 2559 3178 2619 possunt
3207 2551 3373 2620 qutrri
3402 2552 3545 2605 iner-

1980 2646 2107 2698 tium
2130 2655 2206 2700 est
2234 2661 2337 2698 non
2358 2660 2587 2715 quaerere
2612 2659 2630 2697 :
2661 2643 2739 2698 ita
2767 2642 2830 2696 de
2857 2643 2937 2695 Itis
2965 2657 3082 2712 qua:
3105 2658 3207 2694 non
3247 2657 3449 2695 necesse
3467 2649 3548 2694 est

1976 2738 2162 2808 quaeri,
2193 2736 2422 2791 audacia
2449 2745 2527 2791 est
2548 2734 2834 2806 quaerendi.
2869 2734 3000 2798 Qua:
3026 2749 3150 2803 ergo
3189 2733 3374 2786 debent
3396 2749 3544 2803 qua:-

1977 2829 2062 2883 ri?
2083 2827 2213 2894 Quae
2242 2828 2532 2882 invenimus
2554 2829 2609 2881 in
2666 2825 2952 2895 Scripturis
2992 2825 3185 2892 posita.
3222 2825 3353 2892 Quae
3368 2835 3544 2880 autem

1976 2921 2031 2974 in
2061 2919 2347 2990 Scripturis
2374 2936 2475 2974 non
2509 2920 2818 2984 invenimus,
2850 2936 2952 2973 non
2972 2934 3289 2987 quaeramus.
3327 2916 3388 2974 Si
3408 2920 3543 2972 enim

1979 3023 2239 3084 oporteret
2268 3014 2416 3069 nobis
2444 3030 2557 3068 esse
2581 3014 2812 3084 cognita,
2843 3013 3022 3081 utique
3047 3011 3277 3081 Spiritus
3331 3019 3545 3065 sanctus

1976 3106 2232 3176 posuisset
2256 3107 2310 3160 in
2359 3105 2671 3174 Scripturis.
2710 3103 2776 3158 Et
2821 3103 3115 3174 aliquando
3156 3110 3280 3173 post
3311 3101 3425 3156 haec
3448 3103 3547 3154 ba-

1979 3200 2115 3255 bet:
2156 3197 2278 3253 Non
2320 3199 2397 3252 ita
2449 3195 2823 3266 periclitemur,
2866 3195 2957 3250 sed
3010 3205 3117 3250 tute
3157 3195 3452 3264 loquamur.
3485 3192 3546 3246 Si

1976 3289 2101 3361 quid
2122 3299 2297 3343 autem
2327 3289 2581 3358 scriptum
2608 3295 2707 3354 est,
2743 3303 2806 3340 ne
2828 3285 3083 3340 deleatur.
3126 3287 3185 3341 ln
3230 3286 3334 3342 line
3361 3293 3544 3340 autem

1977 3381 2245 3436 orationis
2291 3380 2376 3434 ita.
2415 3379 2696 3450 loquitur:
2735 3377 2866 3444 Qua:
2905 3377 3098 3444 scripta
3123 3385 3245 3429 sunt
3287 3374 3468 3436 dicito,
3491 3382 3544 3428 et

1977 3472 2364 3544 derelinquetttr
2393 3471 2477 3525 lis.
2507 3469 2716 3537 Quibus
2749 3469 2930 3524 verbis
2956 3466 3265 3522 HOIOUSION
3295 3467 3414 3522 sine
3435 3465 3542 3519 duo
3622 3493 3634 3505 -

1979 3565 2070 3621 bio
2095 3563 2418 3635 perstringit
2451 3561 2740 3619 Eusebius.
2776 3559 2883 3616 Sed
2937 3574 3108 3627 nunc,
3138 3557 3184 3614 si
3229 3559 3426 3628 placet.
3451 3571 3544 3610 ve-

1977 3667 2155 3716 terum
2187 3659 2256 3714 de
2288 3656 2524 3713 Eusebio
2554 3654 2868 3712 testimonia
2918 3652 3223 3707 audiamus.
3253 3649 3314 3706 ln
3341 3647 3542 3720 quibus

1979 3753 2113 3811 illud
2138 3752 2376 3808 maxime
2405 3747 2804 3806 observandum
2839 3754 2940 3810 est,
2989 3743 3093 3800 etsi
3130 3744 3278 3799 varia
3325 3741 3546 3800 fuerunt

1978 3846 2260 3903 hominum
2289 3843 2358 3899 de
2388 3841 2626 3898 Eusebio
2651 3845 2841 3894 nostro
2881 3836 3104 3908 judicia,
3153 3833 3296 3906 quod
3322 3833 3543 3906 quidem

1979 3945 2188 4010 spectat
2232 3935 2302 3992 ad
2350 3931 2846 3991 ecclesiasticorum
2885 3927 3197 3998 dogmatum
3228 3923 3542 3995 puritatem,

1979 4047 2170 4089 omnes
2202 4041 2382 4086 tamen
2422 4039 2650 4082 summa;
2683 4020 3002 4077 eruditionis
3036 4016 3246 4073 laudem
3274 4032 3382 4071 uno
3411 4030 3546 4070 con-

1980 4139 2144 4180 sensu
2179 4122 2229 4177 ei
2279 4121 2554 4176 tribuisse.
2585 4114 2738 4171 Unus
2784 4112 3006 4168 Patrum
3042 4109 3301 4164 memoria
3335 4107 3544 4161 exstitit

1977 4215 2248 4286 Josephus
2297 4211 2560 4281 Scaliger,
2591 4208 2683 4278 qui
2739 4202 3006 4276 praecipiti
3037 4200 3270 4272 quadam
3315 4197 3544 4253 audacia

1980 4325 2045 4365 ac
2084 4303 2443 4364 maledicendi
2483 4301 2706 4356 libidine
2755 4299 3033 4365 abreptus,
3095 4295 3234 4348 hanc
3286 4289 3545 4346 doctrinae

1980 4405 2229 4474 gloriam,
2246 4411 2407 4468 quam
2429 4408 2528 4449 nec
2538 4387 3078 4447 adversariiEusebio
3092 4399 3325 4453 unquam
3339 4379 3546 4434 invide-

311 4508 582 4578 synodum
607 4472 865 4579 perpetuo
893 4504 1202 4560 damnavit?
1247 4472 1532 4574 vLegatitur
1580 4503 1702 4572 ejus
1751 4499 1873 4555 libri
1905 4515 1955 4573 ι)
1981 4472 2128 4559 runt,
2155 4492 2202 4546 ei
2230 4491 2468 4545 adimere
2495 4490 2723 4540 conatus
2751 4488 2855 4537 est.
2882 4479 3014 4550 Ejus
3035 4477 3195 4530 verba
3226 4478 3272 4529 si
3301 4472 3424 4579 quis
3449 4487 3546 4575 cu.-

312 4602 390 4658 De
408 4603 762 4657 ecclesiastica
800 4599 1076 4670 theologia,
1123 4614 1260 4669 quos
1322 4605 1509 4653 contra
1557 4595 1871 4650 Marcellum

311 4697 533 4766 scripsit
562 4696 657 4749 diu
707 4701 830 4764 post
859 4693 1152 4747 concilium
1190 4690 1490 4745 Nicaznum.
1530 4688 1877 4744 Inveniemus

311 4789 366 4840 id
396 4786 540 4858 quod
573 4787 705 4849 dixi,
740 4785 1025 4840 damnatos
1059 4783 1126 4836 ab
1171 4799 1234 4838 eo
1275 4781 1444 4836 fuisse
1493 4781 1582 4850 qui
1635 4780 1879 4834 dicerent

313 4879 508 4934 Filium
539 4877 632 4934 Dei
661 4879 730 4932 de
760 4893 867 4931 non
895 4874 1238 4932 exstantibus
1273 4888 1395 4929 esse
1417 4872 1641 4931 factum,
1665 4879 1718 4926 et
1741 4870 1878 4926 fuis-

315 4987 376 5025 se
399 4978 611 5039 tempus
649 4985 775 5023 cum
804 4984 911 5024 non
951 4972 1118 5023 esset.
1153 4963 1298 5019 Idem
1346 4963 1508 5018 etiam
1549 4963 1616 5018 de
1641 4962 1878 5017 Eusebio

318 5071 549 5116 testatur
581 5062 913 5116 Athanasius
971 5060 1028 5113 in
1059 5056 1303 5128 Epistola
1345 5055 1408 5110 de
1433 5041 1653 5110 decretis
1691 5052 1878 5124 synodi

321 5152 552 5209 Nicama:
581 5155 666 5211 his
721 5154 933 5209 verbis:
975 5152 1043 5205 Et
1071 5150 1304 5221 profecto
1335 5149 1519 5217 infelix
1564 5149 1618 5201 in
1664 5163 1723 5202 eo
1753 5146 1876 5216 fuit.

325 5242 396 5296 Ut
423 5245 556 5297 enim
583 5247 806 5316 seipsum
835 5251 1102 5313 purgaret.
1133 5240 1398 5294 accusavit
1430 5238 1664 5306 deinceps
1717 5235 1878 5288 Aria-

317 5355 441 5400 nos,
470 5336 600 5407 quod
630 5355 746 5390 cum
782 5336 1011 5390 dicerent
1054 5333 1256 5388 Filium
1308 5332 1408 5386 Dei
1469 5347 1569 5385 non
1617 5328 1882 5384 exstitisse

319 5436 600 5497 antequam
638 5428 952 5498 gigneretur,
979 5426 1072 5478 hoc
1101 5433 1253 5494 pacto
1282 5431 1526 5493 negarent
1555 5437 1668 5475 eum
1719 5420 1882 5474 exsti-

318 5521 447 5575 tisse
506 5530 625 5573 ante
662 5519 1098 5574 incarnationem.
1158 5515 1224 5569 Et
1273 5514 1603 5568 Athanasius
1638 5511 1879 5580 quidem,

318 5614 407 5683 qui
461 5613 700 5681 privatas
749 5611 1064 5665 inimicitias
1106 5624 1229 5662 cum
1258 5605 1493 5658 Eusebio
1550 5605 1740 5673 gessit,
1779 5603 1884 5656 hoc

323 5704 555 5757 Eusebio
609 5703 854 5773 perhibet
898 5699 1287 5755 testimonium.
1346 5695 1707 5764 Hieronymus
1755 5706 1884 5744 vero

321 5797 411 5868 qui
442 5797 622 5849 nullas
673 5795 785 5850 odii
842 5807 1037 5847 causas
1065 5791 1326 5844 adversus
1394 5787 1684 5841 Eusebium
1715 5784 1884 5838 habe-

1981 4589 2060 4659 pit
2098 4598 2444 4657 cognoscere,
2480 4581 2620 4634 inter
2639 4574 2950 4632 testimonia
2991 4580 3232 4628 veterum
3263 4565 3546 4622 collocavi-

2135 4655 2310 4731 :Vnon
2343 4671 2487 4741 quod
2521 4669 2640 4739 ejus
2689 4666 2958 4737 judicium
3009 4655 3108 4716 hac
3164 4659 3462 4729 prmsertim
3488 4655 3543 4708 in

1980 4837 2437 4933 importunaejus
2468 4850 2845 4910 maledicentia
2877 4847 3118 4902 omnium
3179 4840 3349 4895 oculis
3372 4837 3543 4906 subji~

1979 4929 2214 5024 ceretur.
2247 4951 2350 5016 Qui
2379 4962 2504 5003 cum
2563 4947 2619 5003 in
2650 4941 2966 5000 Cltronicum
3028 4933 3246 4989 Eusebii
3279 4929 3545 4986 Cononem

1979 5021 2414 5106 Commentarios
2441 5040 2682 5097 scribere
2726 5033 3070 5092 instituisset,
3126 5029 3180 5083 in
3218 5028 3337 5097 ipso
3356 5021 3541 5092 Operis

1980 5141 2204 5199 exordio
2239 5135 2584 5210 reprehendit
2617 5132 3028 5197 Hieronymum,
3061 5121 3203 5192 quod
3248 5115 3540 5210 Eusebium

1981 5235 2156 5288 virum
2184 5208 2613 5287 eruditissimum
2640 5216 3003 5291 appellaverit.
3031 5217 3109 5266 Ac
3131 5209 3396 5281 principio
3422 5208 3544 5275 qui-

1982 5327 2102 5383 dem
2144 5334 2437 5380 statueram
2489 5321 2748 5374 adversus
2801 5309 3132 5379 Scaligerum
3159 5302 3404 5373 pluribus
3430 5298 3546 5351 dis-

1982 5430 2193 5490 putare,
2226 5417 2448 5485 ejusque
2505 5404 2824 5466 sententiam
2851 5397 3128 5471 prolixiori
3190 5390 3550 5490 responsione

1984 5481 2315 5566 subvertere.
2343 5481 2447 5560 Sed
2498 5498 2752 5570 quoniam
2791 5509 2854 5549 ea
2900 5507 2986 5546 res
3020 5487 3239 5557 majoris
3291 5492 3374 5538 est
3423 5481 3547 5543 otii,

1984 5620 2047 5657 ac
2099 5604 2328 5656 fortasse
2372 5595 2589 5650 taedium
2643 5590 2873 5642 allatura
2945 5589 3089 5637 esset
3147 5577 3463 5641 lectoribus,
3490 5573 3549 5628 in

1986 5694 2131 5748 aliud
2162 5701 2372 5759 tempus
2397 5682 2756 5754 opportunius
2785 5678 3086 5732 dill'eretur.
