3986 6218
449 464 3670 510 W

880 651 1454 744 VETERUM
1531 641 2278 737 TESTIMONIA
2348 638 2586 732 PRO
2665 637 3225 730 EUSEBIO.

671 999 754 1050 Ex
799 993 1382 1065 epistola'Constantini
1421 991 1602 1060 Magni
1633 991 1702 1046 ad
1724 991 2095 1056 Antiochenos,
2128 1008 2285 1062 quam
2310 991 2468 1060 refert
2493 989 2748 1044 Eusebius
2773 990 2827 1042 in
2853 987 2968 1057 ejus
2997 979 3142 1054 Vita,
3175 1001 3296 1058 pag.
3323 983 3450 1042 516.

510 1139 710 1196 Fateor
741 1142 884 1196 enim
917 1140 1209 1211 perlegisse
1253 1151 1338 1192 me
1370 1136 1502 1190 Acta
1533 1135 1587 1187 in
1608 1133 1806 1204 quibus
1839 1147 1901 1186 ex
1932 1129 2247 1186 honoriﬁcis
2290 1129 2617 1185 testimoniis
2645 1144 2707 1184 ac
2740 1133 3029 1200 praeconiis
3071 1134 3265 1192 vestris
3295 1135 3348 1189 in
3383 1133 3688 1190 Eusebium

440 1236 833 1292 Caesariensem
876 1239 1214 1307 episcopum,
1248 1249 1405 1302 quem
1439 1246 1538 1300 ego
1560 1244 1774 1298 quoque
1799 1237 1851 1284 et
1880 1226 2140 1282 doctrina:
2174 1234 2227 1282 ct
2251 1225 2530 1281 modestia:
2564 1240 2732 1280 causa
2757 1225 3078 1294 jamdudum
3112 1231 3278 1299 probe
3321 1231 3466 1292 novi,
3499 1246 3595 1284 vos
3625 1229 3689 1283 in

441 1347 565 1386 cum
597 1345 893 1401 propensos
919 1343 1060 1389 esse,
1090 1341 1321 1395 eumque
1354 1325 1505 1377 vobis
1531 1323 1810 1378 vindicare
1843 1324 1978 1377 velle
2009 1321 2271 1392 comperi.
2311 1320 2379 1374 Et
2421 1321 2579 1389 paulo
2611 1329 2768 1389 post:
2809 1320 3072 1390 Equidem
3105 1322 3281 1376 virum
3315 1323 3466 1376 illum
3518 1337 3687 1393 quem

441 1439 538 1479 vos
568 1431 622 1478 et
656 1423 862 1478 honore
891 1431 942 1476 et
974 1420 1344 1476 benevolentia
1369 1419 1591 1488 dignum
1618 1417 1900 1485 judicatis,
1935 1417 2230 1487 plurimum
2264 1414 2448 1469 laudo.
2480 1412 2597 1468 Non
2628 1424 2807 1467 tamen
2840 1414 2974 1468 adeo
2999 1413 3433 1486 despicioportct
3462 1415 3514 1469 id
3536 1417 3688 1485 quod

441 1514 583 1585 apud
619 1515 862 1583 singtJos
897 1521 1070 1566 ratum
1108 1511 1430 1581 ﬁrmumque
1452 1525 1669 1566 manere
1697 1509 1982 1570 debuerat,
2016 1508 2296 1578 utsinguli
2333 1509 2573 1563 contenti
2610 1522 2717 1560 non
2747 1507 2858 1561 sint
2888 1509 3172 1562 sententiis
3206 1509 3341 1571 suis,
3371 1516 3478 1563 etc.

441 1628 527 1683 Ea:
569 1628 800 1698 ejusdem
854 1627 1190 1684 Constantini
1234 1627 1302 1680 ad
1357 1625 1638 1680 Eusebium
1676 1623 1922 1694 epistola,
1971 1641 2097 1698 qua
2124 1639 2242 1698 eum
2269 1622 2488 1686 laudat,
2531 1623 2668 1694 quod
2708 1624 3084 1679 Antiochenam
3125 1623 3296 1678 sedem
3348 1624 3685 1689 recusaverit,

1915 1711 2034 1764 pag.
2081 1694 2208 1750 518.

508 1815 803 1886 Epistolam
834 1824 983 1870 tuam
1013 1815 1213 1886 saepius
1260 1813 1385 1885 legi,
1428 1821 1482 1869 et
1520 1813 1905 1869 ecclesiastica:
1932 1813 2234 1883 disciplinae
2284 1813 2530 1882 regulam
2587 1813 3004 1870 accuratissime
3057 1815 3401 1870 observatam
3435 1829 3465 1867 a
3497 1822 3548 1869 te
3579 1829 3692 1869 co-

436 1909 618 1980 gnovi.
652 1908 809 1962 Enim
837 1924 970 1964 vero
1003 1909 1057 1962 in
1086 1925 1148 1962 ea
1173 1909 1440 1962 sententia
1465 1914 1727 1976 perstare,
1758 1921 1880 1975 qua:
1910 1913 1962 1960 et
1986 1905 2096 1960 Deo
2127 1913 2371 1975 accepta,
2400 1912 2454 1960 et
2473 1905 2785 1974 apostolicae
2811 1907 3088 1961 traditioni
3116 1921 3356 1978 congrua
3375 1922 3496 1962 esse
3517 1904 3700 1959 videa-

442 2009 565 2061 lm‘.
617 2018 843 2058 summa:
869 2003 1086 2072 pietatis
1132 2013 1234 2058 est.
1277 2001 1358 2055 Tu
1387 2001 1604 2070 quidem
1641 2001 1858 2054 beatum
1892 2009 1943 2054 te
1973 2000 2026 2053 in
2081 2001 2184 2054 hoc
2227 2000 2346 2069 ipso
2373 2000 2690 2054 existimare
2721 2002 2911 2064 debes,
2943 2001 3038 2070 qui
3073 1999 3244 2054 totius
3294 1997 3692 2068 propemodum

439 2088 590 2144 orbis
621 2091 952 2155 testimonio,
976 2092 1170 2162 dignus
1192 2092 1460 2145 universa:
1481 2089 1737 2144 Ecclesiae
1752 2090 2062 2159 episcopatu
2090 2088 2368 2158 judicatus
2397 2090 2494 2145 sis.
2515 2088 2646 2142 Nam
2669 2105 2792 2144 cum
2825 2107 3015 2146 omnes
3039 2099 3090 2145 te
3118 2089 3262 2161 apud
3282 2104 3340 2144 se
3368 2088 3689 2158 episcOpum

435 2198 560 2240 esse
588 2186 849 2248 ambiant,
885 2186 1022 2238 hanc
1048 2194 1197 2239 tuam
1241 2184 1550 2238 felicitatem
1585 2183 1703 2237 sine
1739 2182 2109 2236 controversia
2143 2180 2432 2251 adaugent.
2473 2179 2670 2235 Verum
2719 2183 3025 2238 rectissime
3059 2183 3186 2238 fecit
3232 2181 3520 2252 prudentia
3569 2190 3691 2246 tua,

440 2288 565 2344 qua:
586 2285 640 2330 et
671 2276 931 2329 mandata
962 2274 1079 2337 Dei,
1114 2284 1166 2328 et
1193 2274 1548 2344 apostolicam
1609 2282 1773 2341 atque
1821 2270 2251 2326 ecclesiasticam
2309 2273 2551 2342 regulam
2595 2273 2874 2328 custodire
2904 2274 3093 2328 statuit
3131 2293 3146 2342 ;
3176 2276 3544 2345 episcopatum
3573 2273 3694 2328 An-

440 2367 740 2421 tiochensis
773 2365 1032 2422 Ecclesiae
1076 2365 1387 2436 repudians,
1415 2373 1469 2420 et
1491 2365 1547 2418 in
1580 2379 1645 2418 eo
1680 2364 1860 2434 potius
1882 2378 2198 2434 permanere
2227 2363 2580 2432 desiderans,
2609 2382 2772 2437 quem
2806 2367 2900 2422 Dei
2924 2368 3240 2422 mandatum
3270 2371 3338 2424 ab
3370 2368 3526 2424 initio
3559 2383 3693 2424 sus-

441 2459 698 2531 cepisset.

1043 2573 1127 2626 Ex
1149 2572 1380 2643 ejusdem
1410 2570 1750 2628 Constantini
1771 2570 1995 2640 epistola
2022 2573 2090 2624 ad
2109 2571 2363 2642 synodum
2385 2572 2787 2640 Antiochenam,
2815 2591 2938 2646 pag.
2959 2575 3085 2632 5I9.

514 2691 645 2765 Legi
662 2693 871 2748 litteras
900 2706 930 2745 a
970 2700 1151 2745 vestra
1171 2688 1459 2744 sanctitate
1483 2688 1739 2758 scriptas,
1765 2694 1817 2743 et
1853 2687 2066 2742 Eusebii
2102 2687 2320 2756 collega:
2352 2689 2520 2743 vestri
2552 2687 2794 2758 prudens
2817 2691 3153 2760 propositum
3177 2693 3412 2748 laudavi.
3446 2695 3702 2764 Cumque

448 2797 646 2845 cuncta
692 2801 812 2857 quae
845 2791 998 2856 gesta
1049 2791 1198 2850 sunt,
1255 2782 1452 2852 partim
1487 2795 1552 2834 ex
1587 2781 1802 2841 vestris,
1865 2779 2060 2850 partim
2101 2795 2164 2833 ex
2216 2779 2739 2847 perfectissimorum
2785 2783 3067 2849 vivorum,
3116 2784 3300 2838 Acacii
3349 2794 3402 2840 et
3435 2785 3699 2858 Strategii

455 2883 714 2940 comitum
745 2880 940 2934 litteris
973 2879 1372 2946 cognovissem,
1407 2888 1630 2943 remque
1664 2881 1722 2925 ut
1775 2871 1999 2926 decebat
2029 2879 2283 2926 accurate
2311 2873 2694 2942 expendissem
2717 2916 2730 2940 ,
2776 2875 2972 2945 scripsi
3002 2876 3068 2930 ad
3105 2877 3362 2946 populum
3396 2873 3700 2935 Antidcbe-

449 2994 604 3042 num,
632 2975 762 3046 quid
791 2973 904 3029 Deo
933 2979 1214 3040 acceptum
1249 2975 1301 3022 et
1333 2966 1589 3021 Ecclesiae
1629 2980 1927 3035 congruum
1957 2973 2121 3018 esset.
2161 2962 2290 3032 Ejus
2339 2965 2581 3034 epistola:
2629 2965 2939 3034 exemplum
2975 2966 3057 3021 his
3089 2967 3283 3022 litteris
3315 2969 3508 3038 subjici
3555 2987 3706 3040 pra:-

449 3075 586 3148 cepi,
650 3081 710 3130 ut
746 3087 845 3128 vos
880 3083 1210 3141 cognoscere
1243 3063 1487 3136 possitis,
1525 3063 1785 3134 quidnam
1817 3077 1916 3132 ego
1945 3061 2098 3131 juris.
2137 3064 2347 3116 ratione
2377 3073 2703 3131 provocatus
2732 3063 3046 3132 scripserim
3093 3064 3159 3118 ad
3209 3066 3464 3136 populum
3500 3067 3704 3121 Antio-

442 3170 678 3226 ebenum
715 3186 728 3222 :
766 3159 1207 3236 quandoquidem
1239 3159 1341 3212 hoc
1379 3156 1576 3210 litteris
1615 3155 1812 3208 vestris
1851 3153 2258 3217 continebatur,
2296 3159 2357 3206 ut
2403 3153 2559 3222 juxta
2609 3153 2793 3224 populi
2846 3160 2900 3233 et
2935 3153 3237 3223 prudentia:
3271 3164 3463 3210 vestra:
3495 3157 3704 3211 suiIra-

444 3263 592 3333 gium
620 3277 684 3315 ac
718 3260 1077 3320 voluntatem,
1139 3251 1410 3308 Eusebius
1461 3249 1848 3305 sanctissimus
1880 3247 2296 3302 Czrsariensinm
2333 3247 2625 3318 episcOpus
2671 3248 3021 3303 Antiochena:
3050 3247 3307 3304 Ecclesia}
3359 3253 3704 3322 praesideret.

445 3356 672 3426 ejusque
719 3365 907 3406 curam
960 3346 1281 3417 susciperet.
1327 3343 1400 3398 Ac
1444 3343 1639 3396 littera:
1691 3340 1910 3412 quidem
1956 3340 2174 3394 Eusebii
2262 3338 2652 3394 ecclesiasticae
2694 3339 2797 3409 legi
2842 3342 3075 3397 maxime
3126 3343 3392 3399 inhaerere
3436 3345 3706 3402 videban-

399 3493 402 3496 .
447 3456 558 3508 tur,
600 3453 708 3498 etc.

619 3557 702 3610 Ea:
725 3555 956 3627 ejusdem
981 3554 1319 3610 Constantini
1353 3552 1421 3606 ad
1453 3550 1741 3604 Eusebium
1791 3548 2037 3618 epistola,
2072 3548 2125 3602 in
2148 3564 2252 3618 qua
2284 3546 2474 3602 librum
2505 3549 2648 3603 illius
2677 3548 2752 3605 De
2781 3550 2992 3606 Pascha
3020 3552 3228 3619 laudat,
3249 3571 3371 3626 pag.
3398 3557 3521 3614 543,

520 3676 788 3731 Eximiam
815 3682 964 3729 tuam
997 3673 1300 3728 doctrinam
1325 3681 1380 3727 et
1403 3671 1569 3727 studii
1599 3669 2003 3726 contentionem
2034 3670 2285 3739 equidem
2317 3685 2482 3740 supra
2505 3669 2728 3725 modum
2761 3671 3063 3726 admiratus
3092 3691 3235 3739 sum,
3257 3677 3469 3750 legique
3500 3680 3709 3737 librum

447 3778 606 3828 tuum
649 3769 1011 3840 perlibenter:
1073 3775 1240 3835 utque
1270 3765 1323 3819 in
1351 3765 1640 3819 multorum
1671 3763 1764 3834 qui
1793 3763 1991 3817 divinae
2038 3763 2316 3832 religionis
2340 3763 2743 3819 observantiam
2786 3767 3000 3822 sincere
3028 3767 3371 3838 profitentur,
3407 3786 3601 3828 manus
3633 3788 3705 3827 ac

451 3863 699 3918 notitiam
741 3860 1070 3932 perveniret,
1099 3858 1558 3929 quemadmodum
1617 3869 1926 3928 optaveras,
1979 3858 2250 3912 mandavi.
2288 3857 2424 3912 Cum
2457 3858 2620 3928 igitur
2653 3859 2926 3931 intelligas
2953 3901 2968 3925 ,
3023 3871 3228 3932 quanta
3263 3879 3387 3918 cum
3423 3870 3708 3937 voluptate

454 3956 764 4028 hujusmodi
797 3969 1025 4010 munera
1055 3969 1084 4008 a
1116 3954 1334 4009 solertia
1368 3959 1459 4005 tua
1493 3953 1649 4007 nobis
1677 3953 1857 4007 oblata
1906 3954 2258 4022 suscipimus.
2296 3967 2428 4008 cura
2469 3961 2528 4006 ut
2570 3951 3032 4023 frequentioribus
3081 3959 3311 4027 posthac
3356 3962 3709 4019 sermonibus

452 4047 651 4120 quibus
677 4055 732 4101 te
761 4047 1084 4102 innutritum
1115 4058 1238 4099 esse
1264 4042 1536 4114 proﬁteris
1555 4082 1570 4105 ,
1598 4043 1839 4096 animum
1872 4051 2122 4098 nostrum
2151 4043 2451 4099 exhilares.

595 4159 679 4214 Ex
700 4160 926 4230 epistola
945 4158 1179 4230 ejusdem
1205 4151 1541 4213 Constantini
1569 4159 1636 4211 ad
1663 4157 1942 4212 Eusebium
1979 4158 2043 4211 de
2083 4157 2418 4228 conﬁciendis
2443 4176 2613 4213 sacra:
2644 4158 2936 4229 Scriptura’
2961 4162 3247 4229 codicibus,
3283 4183 3402 4238 pag.
3428 4169 3554 4224 543.

529 4274 714 4331 Visum
743 4281 827 4328 est
853 4273 996 4327 enim
1026 4273 1080 4327 id
1111 4272 1418 4342 signiﬁcare
1448 4273 1747 4342 prudentiae
1798 4279 1936 4332 tuae,
1968 4280 2028 4324 ut
2067 4274 2465 4344 quinquaginta
2499 4275 2718 4330 codices
2753 4276 3060 4332 divinarum
3099 4278 3530 4352 Scripturarum,
3557 4299 3701 4354 qua-

456 4384 575 4425 rum
599 4374 917 4440 apparatum
939 4373 994 4420 et
1024 4381 1182 4420 usum
1212 4366 1447 4420 maxime
1478 4365 1848 4420 necessarium
1883 4363 2140 4420 Ecclesia:
2172 4381 2292 4420 esse
2330 4366 2608 4436 intelligis,
2637 4367 2692 4420 in
2733 4369 3067 4424 membranis
3096 4373 3263 4441 probe
3297 4376 3597 4444 apparatis,
3630 4378 3716 4432 ab

459 4461 763 4518 artiﬁcibus
795 4458 1121 4530 antiquariis
1147 4465 1376 4514 venuste
1407 4457 1681 4514 scribendi
1713 4458 2063 4528 peritissimis
2087 4458 2326 4515 describi
2349 4460 2537 4527 iacias,
2565 4462 2659 4532 qui
2685 4469 2740 4517 et
2765 4463 2866 4536 legi
2892 4463 3082 4529 facile,
3113 4473 3168 4520 et
3208 4467 3276 4521 ad
3305 4483 3520 4524 onmem
3541 4484 3715 4526 usum

459 4558 799 4614 circumferri
832 4558 1064 4630 possint.

462 4673 550 4730 Ea:
571 4671 784 4727 Eusebii
827 4670 1246 4730 Nicomediensis
1270 4671 1491 4742 epistola
1521 4670 1587 4725 ad
1604 4671 1926 4750 “Paulinum
1957 4674 2253 4750 episcopum
2309 4674 2457 4746 Tyri,
2489 4691 2648 4750 quam
2701 4675 2860 4745 refert
2898 4677 3244 4734 Tlteodoritus
3268 4681 3322 4735 in
3351 4679 3487 4734 libro
3528 4680 3712 4750 primo

1604 4741 1858 4798 Historia:
1903 4745 2308 4810 ecclesiasticae,
2343 4741 2456 4814 cap.
2494 4741 2546 4802 Β.

535 4861 648 4919 Nec
686 4861 890 4916 domini
922 4863 1028 4918 mei
1051 4861 1268 4918 Eusebii
1291 4874 1390 4931 pro
1414 4858 1611 4914 tuenda
1645 4859 1870 4915 veritate
1898 4860 2136 4915 studium
2173 4860 2394 4915 silentio
2420 4865 2736 4915 mandatum
2767 4870 2870 4930 est,
2899 4877 2998 4918 nec
3025 4869 3142 4928 tua,
3172 4861 3416 4928 domine,
3447 4862 3503 4920 in
3517 4863 3716 4920 eadem

463 4970 526 5012 re
552 4956 914 5011 taciturnitas.
939 4957 1019 5010 Ad
1049 4972 1148 5012 nos
1179 4959 1324 5012 enim
1354 4956 1420 5011 de
1453 4964 1684 5025 utroque
1719 4954 1858 5010 fama
1892 4959 2138 5027 pervenit
2175 4977 2188 5013 :
2225 4965 2277 5013 et
2321 4956 2466 5028 quod
2499 4971 2842 5028 consequens
2893 4964 3041 5024 erat,
3086 4957 3305 5015 Eusebii
3334 4957 3540 5014 domini
3595 4962 3722 5017 mei

465 5061 634 5104 causa
662 5045 925 5109 laetitiam,
959 5051 1052 5098 tua
1083 5061 1211 5101 vero
1243 5044 1484 5099 dolorem
1514 5047 1780 5115 cepimus.

1147 5167 1232 5220 Ex
1271 5165 1403 5219 libro
1427 5163 1619 5218 Basilii
1648 5165 1716 5218 ad
1749 5164 2168 5234 Amphilochium
2194 5164 2266 5221 De
2292 5164 2497 5238 Spiritu
2533 5175 2745 5232 sancto,
2769 5183 2883 5238 cap.
2920 5166 3011 5223 29.

540 5279 695 5348 Quod
716 5281 762 5336 si
782 5281 866 5335 cui
885 5277 1202 5335 Palaestinos
1216 5279 1483 5336 Eusebius
1499 5288 1717 5351 propter
1740 5283 2031 5336 multarum

2211 5283 2273 5336 El
2313 5283 2370 5336 δέ
2402 5301 2478 5354 τῳ
2524 5286 2616 5339 καὶ
2645 5287 2672 5338 ὁ
2713 5286 3066 5352 Παλαιστινδς
3113 5286 3372 5352 Εὐσέϐιος
3401 5286 3723 5362 animum:

469 5387 654 5428 rerum
708 5373 964 5444 peritiam
1025 5370 1251 5429 idoneus
1306 5373 1557 5436 videtur,
1615 5374 1702 5429 cui
1767 5373 2033 5430 habeatur

2151 5376 2225 5429 Ξιὰ
2257 5374 2646 5450 πολυπειρίαν,
2684 5380 2935 5435 κάκείνου
2988 5381 3085 5444 τὰς
3132 5381 3301 5445 αὑτὰς
3363 5380 3544 5450 φωνὰς
3587 5383 3725 5435 ἑπι-

473 5461 630 5525 ﬁdes,
667 5463 814 5518 illius
865 5478 1081 5534 quoque
1123 5462 1340 5519 easdem
1377 5481 1538 5520 voces
1586 5465 1927 5522 ostendimus
1979 5470 2032 5521 in

2143 5470 2428 5542 δείκνυμεν
2461 5473 2519 5524 ἐν
2563 5475 2673 5537 τοῖς
2707 5475 3094 5546 ὲπαπορήμασι
3125 5477 3267 5544 Περὶ
3314 5474 3428 5545 τῆς
3457 5475 3576 5532 τῶν
3600 5475 3717 5548 ἀρ-

472 5555 867 5626 qutestionibus
894 5554 971 5610 De
989 5556 1285 5624 priscorum
1306 5558 1606 5630 polggamia
1624 5555 1720 5630 (α).

1172 5571 1285 5608 rum
1306 5558 1606 5630 polggamia
1624 5555 1720 5630 (α).
2142 5564 2328 5631 καίων
2355 5566 2746 5634 πολυναμίας.

545 5737 622 5809 (a)
655 5733 826 5808 Hujus
850 5737 972 5792 libri
1005 5737 1249 5793 meminit
1267 5735 1532 5796 Eusebius
1560 5741 1614 5796 in
1645 5741 1740 5798 lib.
1767 5758 1840 5797 vn
1877 5740 2318 5811 Prmparationis,
2342 5759 2464 5813 cap.
2491 5745 2543 5799 8.
