4060 6244
292 307 358 364 δε)
1263 298 1587 355 VETERUM
1626 298 2038 356 TESTIMONIA
2084 299 2220 357 PRO
2261 301 2572 358 EUSEBIO.
3463 312 3530 371 70

447 420 528 475 ΕΞ
557 419 689 472 libro
726 415 1095 482 Quaestionum
1124 411 1338 473 Veteris
1363 433 1424 472 ac
1450 417 1585 473 Novi
1620 417 1956 473 Testamenti
1991 421 2080 488 qui
2097 421 2233 476 inter
2274 423 2556 496 Augustini
2597 422 2767 491 Opera
2789 433 2866 478 est
2894 425 3084 489 editus,
3109 442 3227 496 cap.
3259 425 3380 480 123.

377 536 713 592 Meminimus
749 535 802 587 in
833 533 1066 600 quodam
1098 533 1278 621 libello
1315 534 1815 604 Euscbiiquondam
1837 537 2034 606 egregii
2067 537 2118 590 in
2151 539 2374 608 reliquis
2397 541 2495 594 viri
2523 540 2736 609 legisse,
2765 541 2891 610 quia
2909 557 3008 618 nec
3031 540 3264 612 Spiritus
3294 552 3522 600 sanctus

300 630 447 682 sciat
476 627 789 697 mysterium
817 618 1125 679 Nativitatis
1159 623 1370 679 Domini
1400 628 1570 680 nostri
1597 624 1724 681 Jcsu
1747 626 1971 691 Christi,
2007 635 2059 682 et
2085 627 2326 684 admiror
2359 637 2523 685 tanta:
2555 631 2821 688 doctrina:
2855 618 3032 688 virum
3080 633 3221 687 hanc
3252 638 3525 689 maculam

296 719 525 788 Spiritui
559 726 752 773 sancto
779 715 1065 771 indixisse.

1056 830 1142 885 Ea:
1195 831 1414 902 epistola
1444 831 1514 887 65
1545 832 1871 904 Hieronymi,
1925 835 1993 889 ad
2023 835 2422 891 Pammachium
2449 847 2500 892 et
2531 837 2816 896 Oceanum.

363 939 721 1000 Fortissimos
763 942 931 998 libros
961 952 1146 997 contra
1179 942 1532 1014 Porphyrium
1562 946 1754 1000 scribit
1799 947 2188 1018 Apollinarius,
2217 950 2624 1006 ecclesiasticam
2656 953 2880 1024 pulchre
2924 954 3190 1013 Eusebius
3221 953 3518 1008 Historiam

293 1040 485 1094 texuit.
519 1039 670 1093 Alter
692 1054 882 1093 eorum
915 1038 1250 1094 dimidiatam
1272 1039 1476 1096 Christi
1515 1041 1813 1097 introduxit
1849 1047 2206 1101 oeconomiam
2241 1065 2256 1114 ;
2283 1049 2417 1104 alter
2443 1051 2732 1120 impietatis
2766 1051 2881 1105 Arii
2911 1052 3293 1122 apertissimus
3317 1062 3523 1120 propu-

294 1140 487 1200 gnator
506 1140 607 1186 est.

1096 1223 1181 1278 Ea:
1208 1223 1538 1295 Apologetico
1567 1226 1798 1295 ejusdem
1831 1229 2139 1302 Hieronymi
2174 1231 2424 1287 adversus
2451 1231 2718 1303 Ruﬁnum.

363 1341 468 1396 Sex
491 1341 678 1405 libros,
713 1351 770 1396 ut
800 1349 924 1396 ante
953 1341 1063 1411 jam
1095 1340 1228 1404 dixi,
1260 1339 1528 1398 Eusebius
1560 1343 1910 1402 Caesariensis
1939 1348 2229 1418 episcopus
2257 1387 2271 1410 ,
2316 1347 2530 1402 Ariana:
2567 1349 2838 1419 quondam
2864 1348 3091 1420 signifer
3121 1348 3389 1411 factionis,
3422 1363 3522 1419 pro

300 1439 536 1507 Origene
581 1438 820 1503 scripsit,
855 1438 1176 1493 latissimum
1204 1444 1258 1492 et
1289 1436 1622 1491 elaboratum
1653 1453 1825 1509 Opus:
1861 1440 2045 1494 multis
2069 1441 2394 1495 testimoniis
2451 1443 2787 1511 approbavit,
2843 1439 3118 1512 Originem
3144 1442 3301 1511 juxta
3332 1456 3392 1497 se
3416 1441 3534 1497 Ca.

293 1530 577 1592 tholicum,
622 1529 672 1583 id
699 1537 803 1593 est,
830 1529 990 1599 juxta
1029 1543 1154 1593 nos,
1184 1527 1446 1582 Arianum
1483 1545 1626 1584 esse.

1657 1619 1741 1674 Ea:
1785 1621 1962 1676 eodem
1997 1622 2153 1677 libro.

366 1733 485 1802 Ipse
509 1733 652 1787 enim
682 1731 966 1797 Eusebius.
995 1740 1204 1788 amator
1249 1739 1303 1788 et
1361 1745 1541 1802 praeco
1569 1739 1622 1786 et
1659 1734 2069 1790 contubernalis
2119 1735 2410 1808 Pamphili,
2455 1746 2563 1794 tres
2598 1737 2765 1793 libros
2798 1738 3019 1808 scripsit
3054 1739 3512 1810 elegantissimos,

295 1819 473 1877 Vitam
503 1822 767 1894 Pamphili
798 1825 1160 1878 continentes.
1192 1821 1248 1875 In
1281 1822 1481 1892 quibus
1513 1835 1636 1876 cum
1657 1829 1852 1876 etetera
1885 1823 2038 1878 miris
2065 1824 2316 1898 laudibus
2343 1825 2680 1894 praedicaret,
2710 1826 3177 1894 humilitatemque
3199 1826 3318 1894 ejus
3349 1823 3519 1878 ferret

297 1917 354 1970 in
403 1919 621 1983 cmlum,
673 1919 834 1974 etiam
865 1918 1052 1972 hocin
1086 1918 1247 1972 tertio
1304 1917 1444 1970 libro
1489 1916 1717 1981 addidit,
1750 1925 1856 1972 etc.
1893 1916 1962 1970 Et
1984 1928 2100 1986 post
2122 1935 2290 1987 pauca
2318 1919 2373 1972 in
2406 1920 2584 1973 eodem
2615 1920 2784 1974 libro:
2853 1918 3092 1973 Laudavi
3137 1917 3427 1974 Eusebium
3457 1918 3516 1973 in

301 2009 672 2068 Ecclesiastica
698 2013 951 2080 Historia,
975 2015 1026 2068 in
1054 2013 1354 2083 digestione
1374 2021 1695 2081 temporum,
1719 2011 1774 2066 in
1804 2012 2164 2083 descriptione
2198 2021 2401 2069 sanctae
2430 2022 2586 2070 terrae
2613 2033 2626 2068 :
2653 2024 2707 2068 et
2737 2015 2980 2086 haecipsa
3001 2016 3263 2085 opuscula
3285 2016 3339 2069 in
3369 2012 3518 2068 Lati-

299 2120 431 2159 num
460 2114 699 2174 vertens,
737 2121 866 2161 mea:
886 2105 1075 2176 linguae
1095 2102 1403 2159 hominibus
1431 2102 1573 2158 dedi.
1591 2101 1736 2156 .Num
1761 2117 1825 2158 ex
1849 2117 1914 2159 eo
1936 2103 2168 2160 Arianus
2191 2121 2333 2168 sum,
2362 2104 2490 2174 quia
2522 2103 2791 2164 Eusebius
2816 2107 2909 2177 qui
2941 2105 3039 2160 hos
3060 2104 3229 2160 libros
3251 2103 3513 2168 condidit.

293 2197 534 2255 Arianus
560 2205 660 2254 est.

1266 2287 1350 2343 Ea:
1378 2288 1688 2359 Hieronymi
1721 2287 1856 2343 libro
1886 2286 1931 2342 ll
1972 2288 2233 2344 adversus
2264 2287 2540 2344 Ruﬁnum.

358 2403 454 2460 Vir
483 2405 832 2462 doctissimus
865 2405 1136 2462 Eusebius
1175 2404 1574 2475 (doctissimum
1607 2403 1741 2468 dixi,
1774 2419 1883 2459 non
1933 2403 2272 2459 Catholicam
2299 2447 2314 2471 ,
2348 2419 2417 2458 ne
2448 2418 2600 2459 more
2634 2402 2796 2458 solito
2836 2403 2968 2457 mihi
2997 2413 3052 2459 et
3077 2403 3133 2458 in
3165 2403 3272 2459 hoc
3301 2403 3512 2458 calum-

290 2501 430 2555 niam
477 2499 679 2568 struas)
710 2514 806 2568 per
853 2514 948 2554 sex
977 2498 1249 2554 volumina
1281 2497 1417 2551 nihil
1448 2497 1592 2551 aliud
1640 2497 1781 2568 agit,
1839 2497 1941 2550 nisi
1993 2505 2051 2550 ut
2085 2497 2349 2568 originem
2385 2511 2498 2551 sute
2549 2496 2800 2550 ostendat
2849 2495 3012 2564 ﬁdei,
3057 2495 3112 2550 id
3161 2501 3249 2553 est
3297 2495 3513 2553 Ariana

286 2592 543 2663 perﬁdia.

1123 2700 1208 2756 Ea;
1261 2699 1516 2755 Prommio
1543 2698 1668 2753 libri
1695 2699 1756 2754 Β.
1783 2698 2089 2770 Hieronymi
2121 2699 2193 2755 De
2216 2701 2352 2756 locis
2375 2699 2678 2760 Hebraicis.

356 2826 646 2892 Eusebius,
677 2824 768 2897 qui
791 2839 833 2877 ar
855 2823 1011 2878 beato
1045 2821 1327 2892 Pamphilo
1365 2829 1603 2891 martyre
1633 2829 2051 2890 cognomentum
2081 2820 2308 2876 sortitus
2332 2828 2440 2884 est,
2467 2829 2590 2891 post
2620 2821 2808 2877 decem
2834 2820 3221 2878 Ecclesiastica:
3258 2821 3513 2878 Historia

287 2923 480 2986 libros,
514 2931 632 2992 post
663 2933 944 2989 temporum
992 2915 1250 2982 Canones,
1282 2933 1419 2987 quos
1455 2932 1553 2972 nos
1596 2913 1790 2969 Latina
1845 2915 2031 2984 lingua
2059 2914 2351 2978 edidimus,
2383 2922 2508 2985 post
2533 2915 2876 2970 diversarum
2911 2917 3176 2971 vocabula
3207 2918 3512 2983 nationum,

289 3030 408 3085 qua:
431 3030 541 3086 quo
582 3013 742 3068 modo
789 3011 928 3082 apud
973 3001 1231 3064 ilebrzeos
1271 3009 1398 3064 olim
1428 3009 1573 3062 dicta
1628 3008 1759 3072 sint,
1799 3013 1852 3061 et
1882 3022 2028 3061 nunc
2082 3005 2359 3070 dicantur,
2421 3007 2674 3077 exposuit
2707 3025 2724 3075 ;
2765 3018 2888 3078 post
2919 3009 3328 3079 topographiam
3353 3017 3514 3067 terra

285 3109 506 3173 Iudaeae,
533 3119 588 3162 et
634 3107 920 3161 distinctas
952 3103 1190 3157 tribuum
1239 3108 1435 3167 sortes,
1485 3101 1660 3171 ipsius
1690 3115 1908 3170 quoque
1936 3097 2298 3162 Hierusalem,
2330 3100 2627 3170 templique
2659 3101 2713 3154 in
2744 3115 2809 3154 ea
2839 3115 2962 3155 cum
2995 3100 3317 3156 brevissima
3349 3117 3514 3171 expo-

291 3203 490 3258 sitione
516 3203 797 3273 picturam,
827 3200 894 3254 ad
917 3205 1214 3254 extremum
1245 3198 1300 3252 in
1326 3203 1426 3252 hoc
1459 3197 1721 3267 opusculo
1769 3195 2055 3257 laboravit,
2083 3202 2142 3249 ut.
2166 3203 2520 3266 congregaret
2564 3196 2721 3250 nobis
2751 3197 2818 3250 de
2859 3205 3048 3251 sancta
3078 3193 3361 3267 Scriptura
3393 3213 3514 3252 om-

286 3297 444 3348 nium
480 3307 616 3363 pene
643 3293 875 3354 urbium,
923 3289 1208 3353 montium,
1261 3287 1578 3354 ﬂuminum,
1628 3284 1932 3340 viculorum
1973 3294 2027 3340 et
2064 3284 2402 3341 diversorum
2440 3287 2683 3343 locorum
2715 3287 2976 3342 vocabula
3014 3305 3027 3341 :
3061 3302 3181 3358 quae
3212 3289 3294 3344 vel
3319 3289 3510 3344 eadem

288 3394 529 3451 manent,
558 3386 636 3440 vel
671 3387 950 3439 immutata
982 3391 1112 3439 sunt
1136 3389 1345 3454 postea,
1384 3383 1470 3438 vel
1501 3382 1681 3452 aliqua
1713 3396 1780 3435 ex
1812 3388 1963 3451 parte
1991 3389 2268 3452 corrupta.
2302 3379 2454 3438 Unde
2486 3391 2540 3438 et
2577 3399 2678 3440 nos
2707 3383 3042 3439 admirabilis
3084 3384 3187 3438 viri
3223 3392 3511 3456 sequentes

285 3486 544 3549 studium,
574 3493 678 3538 etc.

1065 3594 1150 3649 Ea:
1180 3595 1313 3649 libro
1359 3595 1424 3650 B.
1458 3593 1768 3664 Hieronymi
1801 3591 1874 3646 De
1913 3592 2273 3662 scriptoribus
2305 3593 2714 3650 ecclesiasticis.

354 3709 693 3784 Hippolytus,
714 3712 995 3783 cujusdam
1025 3711 1282 3769 Ecclesia:
1313 3712 1600 3782 episcopus
1621 3709 1840 3781 (nomen
1869 3709 2067 3780 quippe
2097 3710 2249 3766 urbis
2279 3709 2421 3765 scire
2446 3725 2553 3765 non
2582 3707 2756 3781 potui)
2787 3708 3053 3762 rationem
3080 3705 3325 3770 Pascha,
3367 3713 3511 3760 tem-

282 3818 582 3876 porumque
610 3819 848 3860 canones
872 3805 1087 3874 scripsit
1111 3820 1284 3875 usque
1313 3803 1377 3857 ad
1409 3805 1641 3874 primum
1672 3817 1874 3855 annum
1905 3801 2195 3857 Alexandri
2222 3802 2354 3872 imp.
2397 3809 2452 3856 et
2483 3801 2718 3857 sedecim
2762 3815 3027 3855 annorum
3050 3799 3312 3853 circulum
3344 3815 3506 3868 quem

282 3893 458 3951 ’.ἰταί
488 3895 1033 3964 ἑκκαιδεκαετηρίδα
1075 3904 1304 3959 vocant,
1361 3893 1560 3965 reperit
1586 3910 1599 3958 ;
1628 3897 1680 3945 et
1707 3889 1884 3945 Euseb

1907 3905 1940 3944 o
1967 3891 2060 3960 qui
2079 3907 2240 3961 super
2269 3891 2457 3946 eodem
2486 3890 2696 3945 Pascha
2727 3905 2989 3945 canonem
3017 3889 3200 3944 decem
3233 3895 3287 3942 et
3311 3903 3507 3944 novem

280 4003 548 4044 annorum
577 3990 860 4055 circulum,
897 3989 950 4044 id
979 3997 1083 4054 est,
1124 3986 1682 4056 ἐννεαδεκαετηριδα
1707 4000 1883 4056 compt

1020 3997 1083 4054 st,
1124 3986 1682 4056 ἐννεαδεκαετηριδα
1707 3985 2035 4056 composuit,
2082 3986 2426 4041 occasionem
2456 3984 2623 4041 dedit.

1633 4102 1718 4155 Ea:
1771 4099 1951 4155 eodem
1995 4099 2150 4156 libro.

352 4222 640 4288 Eusebius,
667 4221 925 4278 Ctesarere
956 4219 1254 4275 Palaestinae
1283 4219 1594 4288 episcopus,
1623 4218 1678 4273 in
1703 4216 2001 4290 Scripturis
2025 4217 2222 4272 divinis
2241 4214 2700 4278 studiosissimus,
2718 4220 2772 4268 et
2791 4211 3134 4267 Bibliotheca
3156 4211 3352 4266 divinae
3373 4224 3499 4265 cum

281 4319 564 4391 Pamphilo
602 4326 837 4389 martyre
862 4316 1318 4388 diligentissimus
1360 4314 1774 4384 pervestigator,
1801 4313 1970 4368 edidit
2003 4312 2212 4366 inlinita
2243 4309 2537 4364 volumina.
2582 4309 2656 4364 De
2685 4308 2887 4379 quibus
2918 4308 3030 4362 haec
3086 4315 3214 4364 sunt
3249 4325 3264 4362 :
3312 4308 3502 4375 Εὐαγ-

282 4411 524 4483 τελικῆς
552 4409 905 4474 ἀποδείξεως
933 4407 1054 4468 libri
1085 4405 1295 4474 viginti,
1329 4403 1717 4474 εὑαγγελικῆς
1734 4412 1885 4472 [lpos

1899 4400 2250 4472 ταρασκευῆς
2277 4401 2397 4456 libri
2430 4399 2761 4470 quindecim,
2789 4399 3146 4470 Θεοφανείας
3176 4397 3300 4453 libri
3338 4397 3502 4468 quin-

280 4521 407 4576 que.
445 4501 826 4556 Ecclesiastica:
865 4499 1116 4555 Historia:
1147 4497 1269 4552 libri
1309 4497 1519 4552 decem.
1571 4495 1949 4552 Cltronicorum
1985 4511 2244 4549 canonum
2285 4493 2585 4548 omnimoda
2626 4493 2876 4558 historia,
2906 4501 2958 4548 et
2998 4506 3186 4548 eorum
3228 4489 3498 4559 ἐπιτομή.

284 4598 347 4653 Et
383 4598 461 4653 De
487 4595 888 4666 Evangeliorum
912 4591 1217 4662 diaphonia.
1251 4588 1316 4643 In
1339 4587 1541 4642 Isaiam
1576 4587 1696 4646 libri
1727 4587 1937 4654 decem,
1959 4597 2015 4643 et
2033 4597 2216 4642 contra
2237 4585 2606 4658 Porphyrium,
2627 4585 2720 4656 qui
2749 4585 2936 4641 eodem
2968 4592 3208 4654 tempore
3230 4580 3500 4636 scribebat

287 4697 342 4752 in
378 4694 587 4758 Sicilia,
617 4701 674 4745 ut
703 4690 922 4762 quidam
952 4695 1160 4759 putant,
1189 4686 1314 4741 libri
1341 4685 1600 4754 triginta;
1637 4683 1705 4739 de
1724 4685 1924 4754 quibus
1945 4685 2013 4740 ad
2044 4700 2129 4740 me
2161 4684 2351 4755 viginti
2399 4691 2610 4738 tantum
2645 4691 3024 4754 pervenerunt.
3067 4677 3326 4734 Τοπικῶν
3365 4679 3502 4734 liber

281 4807 451 4859 unus;
496 4787 838 4858 Ἀπολογίας
871 4800 970 4856 pro
998 4782 1228 4854 Origene
1255 4781 1376 4836 libri
1405 4797 1538 4846 sex;
1575 4778 1652 4833 De
1693 4781 1798 4834 vita
1833 4780 2097 4850 Pamphili
2127 4781 2250 4836 libri
2279 4790 2410 4835 tres.
2443 4779 2519 4834 De
2543 4777 2864 4850 martyribus
2903 4777 3008 4832 alia
3035 4777 3319 4846 opuscula.
3351 4773 3415 4830 Et
3443 4775 3500 4832 in

277 4901 346 4941 cs.
374 4882 618 4938 Psalmos
671 4877 1024 4934 eruditissimi
1049 4872 1446 4931 Commentarii.
1485 4869 1550 4925 Et
1583 4870 1752 4925 multa
1790 4873 1917 4926 alia.
1949 4870 2160 4926 Floruit
2200 4873 2435 4926 maxime
2463 4872 2566 4926 sub
2592 4870 2952 4926 Constantino
2989 4871 3118 4940 imp.
3147 4877 3202 4926 et
3228 4869 3497 4925 Constan-

282 4979 393 5044 tio;
420 4974 573 5044 et_ob
619 4971 914 5025 amicitiam
952 4965 1215 5036 Pamphili
1246 4962 1522 5034 martyris,
1547 4963 1616 5017 ab
1650 4977 1714 5017 eo
1745 4977 2164 5032 c0gnomentum
2190 4963 2416 5017 sortitus
2437 4970 2538 5016 est.

1635 5075 1719 5128 Ea:
1761 5077 1936 5131 eodem
1989 5074 2142 5128 libro.

357 5179 638 5245 Eusebius,
655 5176 876 5232 natione
905 5171 1131 5234 Sardus,
1159 5178 1213 5226 et
1233 5185 1296 5225 ex
1321 5169 1526 5222 lectore
1547 5166 1698 5221 urbis
1723 5164 2002 5230 Romanae,
2033 5163 2399 5221 Vercellensis
2430 5165 2748 5236 episcopus;
2787 5163 2860 5219 ob
2885 5165 3285 5223 confessionem
3313 5164 3438 5224 ﬁdei
3473 5187 3505 5227 a

277 5271 602 5328 Comtantio
626 5268 867 5340 principe
902 5263 1268 5334 Srythopolim
1294 5269 1348 5316 et
1381 5260 1508 5314 inde
1532 5257 1930 5330 Cappadociam
1955 5260 2246 5330 relegatus,
2273 5259 2377 5315 sub
2402 5257 2620 5314 Juliano
2637 5259 2768 5328 imp.
2799 5259 2865 5313 ad
2897 5259 3195 5318 Ecclesiam
3215 5275 3503 5332 reversus,

274 5364 457 5424 edidit
479 5365 531 5418 in
557 5363 797 5418 Psalmos
825 5360 1240 5418 Commentarios
1264 5356 1483 5413 Eusebii
1509 5353 1884 5418 Ctesariensis,
1910 5371 2050 5426 quos
2075 5355 2141 5410 de
2168 5355 2355 5410 Grteco
2387 5358 2443 5409 in
2473 5353 2725 5408 Latinum
2751 5362 3004 5411 verterat.

939 5477 1087 5532 Idem
1110 5474 1462 5548 Hieronymus
1485 5476 1539 5530 in
1557 5475 1880 5546 Pra'fatione
1899 5472 2427 5529 Commentariorum
2461 5476 2516 5527 in
2541 5470 2835 5528 Danielem.

343 5599 550 5655 Contra
575 5597 885 5668 prophetam
909 5595 1184 5651 Danielem
1217 5593 1598 5648 duodecimum
1630 5592 1826 5646 librum
1856 5589 2049 5644 scribit
2074 5587 2428 5661 Porphyrius,
2457 5587 2649 5644 nolens
2681 5603 2806 5643 eum
2843 5587 2912 5642 ab
2946 5587 3065 5656 ipso
3095 5586 3258 5657 cujus
3294 5585 3463 5646 inseri

280 5706 402 5763 ptas
434 5701 519 5750 est
556 5691 792 5755 nomine,
819 5704 941 5746 esse
965 5686 1343 5756 compositum,
1376 5691 1478 5740 etc.
1500 5697 1521 5752 ’ς
1559 5683 1645 5739 cui
1671 5681 2023 5736 solertissime
2053 5680 2445 5747 responderunt
2480 5675 2766 5741 Eusebius.
2795 5677 3148 5734 Caesariensis
3179 5677 3472 5749 episcopus
