3986 6218
508 368 568 423 ‘ll
1445 349 1776 407 VETERUM
1811 341 2228 402 TESTIMONIA
2268 339 2399 395 PRO
2439 335 2747 394 EUSEBIO.
3659 323 3721 376 τε

505 483 680 542 tribus
712 445 1100 538 voluminibus,
1131 475 1182 530 id
1213 483 1319 537 est,
1347 487 1504 536 xvin,
1538 487 1631 526 xix
1653 477 1706 524 et
1737 484 1824 522 xx.
1856 461 2218 533 Apollinarius
2248 473 2465 532 quoque
2497 472 2606 512 uno
2626 452 2816 526 grandi
2840 451 2997 516 libro,
3019 448 3122 503 hoc
3143 453 3248 510 est,
3269 442 3526 499 vicesimo
3552 447 3719 496 sexto.

505 591 559 634 et
593 587 716 632 ante
744 573 844 631 hos
874 590 940 629 ex
965 583 1119 645 parte
1149 570 1472 626 Methodius.

1520 703 1667 757 Idem
1697 699 2043 769 Hieronymus
2072 696 2126 750 in
2158 700 2312 761 caput
2342 704 2472 745 xxiv
2500 685 2760 741 Matthwi.

578 828 655 886 De
683 829 787 884 hoc
816 829 958 890 loco,
985 825 1040 881 id
1068 833 1151 880 est
1166 825 1232 878 de
1249 819 1648 878 abominatione
1677 812 2026 870 desolationis
2058 826 2179 882 quin
2206 807 2349 861 dicta
2383 811 2469 859 est
2495 818 2526 856 a
2559 799 2778 854 Daniele
2810 795 3073 890 prOpbeta
3095 797 3328 890 ,_stante
3455 786 3594 890 loco.
3610 797 3730 840 san-

507 934 616 990 cto,
660 924 827 979 multa
859 878 1192 992 Porphyrius
1221 919 1380 972 tertio
1407 914 1618 969 decimo
1645 911 1827 982 operis
1854 908 1939 963 sui
1971 904 2240 959 volumine
2268 909 2456 954 contra
2483 912 2583 951 nos
2613 889 3031 963 blasphemavit.
3098 885 3200 942 Cui
3229 882 3521 944 Eusebius,
3555 878 3730 933 Ctesa-
3760 934 3763 941 ,

510 1015 708 1070 ricnsis
736 1014 1042 1084 episcopus,
1074 1010 1244 1065 tribus
1268 1003 1543 1075 respondit
1575 1001 1941 1058 voluminibus
1966 1011 2121 1062 xvut,
2149 1009 2245 1047 xxx
2274 1001 2329 1047 et
2350 1005 2444 1044 xx.

1626 1116 1774 1170 Idem
1803 1116 1854 1168 in
1875 1112 2097 1184 epistola
2132 1108 2221 1172 84,
2255 1107 2323 1160 ad
2348 1105 2621 1175 Magnum.

587 1242 934 1314 Scripserunt
977 1248 1164 1295 contra
1201 1251 1300 1292 nos
1329 1234 1520 1290 Celsus
1581 1241 1742 1300 atque
1784 1225 2158 1297 Porphyrius:

2215 1216 2385 1288 priori
2437 1213 2700 1283 Origenes
2731 1226 2750 1278 ;
2793 1207 2945 1262 alteri
2999 1202 3301 1259 Methodius
3325 1241 3339 1264 ,
3376 1197 3637 1254 Eusebius
3669 1207 3721 1252 et

521 1293 884 1407 Apollinarius
942 1333 1234 1389 fortissime
1286 1329 1700 1399 responderunt.
1743 1323 1986 1391 Quorum
2017 1319 2276 1388 Origenes
2320 1321 2444 1369 octo
2482 1309 2702 1407 scrip-sit
2731 1306 2942 1360 libros:
2989 1301 3303 1407 blethodins'
3329 1311 3501 1398 usque
3545 1295 3611 1348 ad
3643 1293 3734 1407 de-

519 1387 635 1484 cerni
669 1428 834 1482 millia
873 1422 1113 1495 procedit
1141 1387 1442 1475 versuum:
1501 1387 1787 1472 Eusebius
1813 1421 1868 1469 et
1914 1387 2282 1481 Apollinarius
2311 1399 2503 1474 viginti
2550 1400 2789 1470 quinque
2838 1402 2892 1451 et
2943 1393 3164 1465 triginta
3220 1390 3495 1444 volumina
3547 1387 3733 1442 condi-

519 1522 736 1576 derunt.

1380 1620 1526 1674 Idem
1548 1621 1602 1673 in
1633 1617 1854 1686 epistola
1874 1615 1963 1676 65,
1990 1612 2058 1666 ad
2092 1607 2489 1664 Pammachium
2513 1615 2563 1662 et
2598 1604 2885 1661 Oceanum.

593 1741 727 1808 Quis
754 1738 1092 1810 prudentior,
1115 1736 1347 1804 doctior,
1393 1737 1734 1807 eloquentior
1768 1732 1998 1789 Eusebio
2026 1737 2079 1784 et.
2108 1726 2355 1797 Didyme,
2387 1722 2750 1780 assertorihus
2776 1715 3026 1789 Origenis
3064 1712 3294 1770 inveniri
3335 1715 3514 1780 potest
3542 1706 3568 1763 7
3597 1704 3739 1776 Quo-

522 1847 641 1886 rum
665 1833 801 1887 alter
825 1846 920 1887 sex
944 1830 1306 1886 voluminibus
1337 1831 1435 1901 τῆς
1463 1830 1806 1898 Ἀπολογίας
1834 1827 1908 1880 ita
1934 1839 2056 1880 eum
2080 1862 2093 1886 ,
2128 1828 2185 1875 ut
2213 1835 2290 1884 se,
2319 1819 2558 1875 sensisse
2579 1814 2881 1871 conﬁrmat.

1222 1963 1368 2017 Idem
1394 1962 1743 2032 Hieronymus
1773 1962 1827 2014 in
1859 1956 2180 2026 Prcefatione
2205 1949 2728 2008 Commentariorum
2751 1945 2804 1998 in
2834 1941 3048 1999 Isaiam.

595 2101 862 2158 Eusebius
889 2114 1106 2172 quoque
1133 2097 1420 2168 Pamphili,
1447 2096 1602 2166 juxta
1629 2092 1945 2150 historicam
1971 2088 2402 2159 explanationem
2423 2081 2732 2155 quindecim
2761 2077 2933 2134 edidit
2958 2074 3255 2134 volumina.

1228 2210 1377 2267 Idem
1402 2210 1456 2263 in
1482 2207 1807 2276 Prtefatt'one
1839 2203 1965 2258 libri
1994 2201 2162 2274 quinti
2189 2195 2714 2254 Commentariorum
2741 2194 2796 2248 in
2829 2191 3046 2247 Isaiam.

599 2329 904 2386 Sit-beamus
925 2343 1081 2398 opus,
1105 2327 1160 2381 in
1186 2325 1328 2396 quod
1362 2324 1464 2380 viri
1492 2321 1845 2380 eruditissimi
1873 2317 2245 2375 sudaverunt?
2266 2315 2552 2386 Origenem
2584 2314 2778 2383 loquor
2804 2316 2858 2365 et
2880 2305 3172 2363 Eusebium
3193 2299 3484 2372 Pamphili.
3505 2297 3741 2398 Quorum

535 2425 674 2479 alter
717 2421 902 2477 liberis
949 2390 1220 2492 allegoriae
1260 2415 1454 2487 spatiis
1495 2422 1801 2486 evagatur;
1861 2417 1917 2468 et
1947 2410 2313 2480 interpretatis
2341 2406 2653 2463 nominibus
2703 2403 3061 2473 singulorum,
3094 2396 3370 2487 ingenium
3406 2407 3565 2448 suum
3616 2390 3740 2492 facit

539 2513 796 2568 Ecclesiae
831 2484 1190 2568 sacramenta.
1225 2484 1375 2564 Alter
1405 2484 1717 2564 historicam
1742 2505 2137 2576 expositionem
2165 2503 2324 2557 titulo
2356 2499 2761 2573 repromittens,
2805 2494 3075 2550 interdum
3118 2484 3462 2546 obliviscitur
3493 2484 3741 2556 popositi,

545 2617 598 2664 et
621 2608 675 2662 in
704 2603 953 2676 Origenis
982 2603 1118 2659 scita
1143 2600 1411 2658 concedit.

1412 2713 1559 2770 Idem
1576 2714 1629 2768 in
1658 2713 1791 2768 libro
1817 2713 1998 2784 quinto
2025 2708 2548 2766 Commentariorum
2574 2704 2633 2759 in
2657 2702 2876 2758 Isaiam.

601 2839 870 2896 Eusebius
923 2835 1277 2893 Caesariensis
1327 2832 1645 2890 historicam
1700 2829 2202 2902 interpretationem
2231 2825 2392 2880 titulo
2439 2821 2825 2893 repromittens
2847 2859 2863 2883 ,
2897 2813 3126 2871 diversis
3155 2809 3410 2868 sensibus
3441 2815 3698 2902 evagatur
3726 2817 3742 2856 :

531 2892 707 2999 Cujus
725 2892 862 2987 cum
889 2892 1060 2986 libros
1109 2931 1361 3000 legerem,
1396 2927 1542 2982 aliud
1571 2926 1744 2981 multo
1783 2892 1960 2995 reperi
1995 2936 2157 2994 quam
2195 2919 2374 2975 indice
2396 2914 2765 2989 promittebat.
2801 2909 3122 2978 Ubicunque
3141 2905 3284 3000 enim
3319 2901 3545 3000 historia
3593 2892 3738 2952 defe-

533 2995 690 3087 cerit,
726 3022 924 3078 transit
956 3021 1020 3076 ad
1054 2995 1366 3092 allegoriam
1398 3038 1414 3088 ;
1442 3027 1497 3074 et
1528 3019 1603 3074 ita
1634 3026 1885 3090 separata
1928 3014 2243 3081 consociat;
2297 3019 2357 3067 ut
2387 3010 2571 3069 mirer.
2591 3022 2718 3064 eum
2761 3019 2903 3061 nova
2935 2999 3204 3058 sermonis
3248 2998 3450 3052 fabrica
3485 2995 3539 3048 in
3581 3007 3746 3048 unum

534 3135 736 3190 corpus
761 3117 994 3190 lapidem
1024 3115 1340 3187 ferrumque
1366 3115 1718 3187 conjungere.

1605 3230 1742 3287 Item
1773 3229 2126 3304 Hieronymus
2155 3229 2209 3283 in
2233 3233 2388 3298 caput
2415 3240 2434 3281 ι
2463 3221 2723 3279 Hatthtei.

605 3344 785 3416 Super
816 3343 919 3399 hoc
951 3349 1005 3400 et
1049 3341 1340 3398 Africanus
1376 3348 1683 3415 temporum
1725 3341 1991 3412 scriptor;
2033 3347 2087 3394 et
2125 3335 2394 3418 Eusebius
2438 3329 2794 3388 Caesariensis
2843 3327 2898 3384 in
2945 3325 3102 3394 libris
3133 3321 3460 3394 Διαφωνιας
3497 3318 3755 3390 anm-

541 3438 692 3495 λίων
735 3436 949 3509 plenius
971 3435 1340 3506 disputarunt.

1434 3545 1654 3619 Ruﬁnus
1686 3550 1742 3604 in
1766 3547 1990 3618 epistola
2033 3545 2102 3601 ad
2139 3543 2502 3600 Chromatium
2537 3542 2858 3613 episcopum.

605 3662 852 3734 injungis
883 3661 1012 3718 mihi
1036 3668 1096 3715 ut
1130 3658 1557 3716 Ecclesiasticam
1578 3660 1877 3726 historiam,
1910 3673 2073 3733 quam
2098 3659 2179 3714 vir
2196 3654 2601 3713 eruditissimus
2618 3652 2888 3712 Eusebius
2915 3649 3268 3708 Caesariensis
3289 3648 3477 3704 Graeco
3506 3663 3761 3705 sermone

541 3753 970 3824 conscripserat,
1003 3753 1060 3807 in
1089 3751 1340 3808 Latinum
1367 3757 1763 3808 converterem.

1502 3879 1825 3951 Augustinus
1844 3879 1898 3934 in
1924 3878 2058 3934 libro
2087 3877 2164 3934 De
2195 3879 2518 3944 haeresibus,
2551 3893 2669 3947 cap.
2694 3877 2785 3933 85.

611 4018 746 4073 Cum
777 4015 992 4072 Eusebii
1027 4014 1319 4069 Historiam
1341 4020 1716 4084 perscrutatus
1742 4027 1940 4078 essem,
1971 4010 2059 4066 cui
2085 4010 2316 4067 Ruﬁnus
2345 4025 2453 4066 ase
2478 4010 2532 4065 in
2561 4008 2810 4064 Latinam
2838 4009 3080 4080 linguam
3108 4007 3387 4065 translatae
3416 4008 3765 4078 subsequen-

538 4114 675 4168 tium
707 4111 874 4164 etiam
896 4116 1196 4179 temporum
1226 4107 1364 4163 duos
1391 4108 1560 4163 libros
1586 4105 1812 4172 addidit,
1830 4121 1939 4162 non
1965 4104 2146 4160 inveni
2171 4104 2407 4175 aliquam
2439 4102 2685 4158 haeresim
2712 4118 2874 4174 quam
2903 4115 3014 4157 non
3040 4103 3257 4172 legerim
3281 4103 3423 4175 apud
3449 4103 3616 4168 istos;
3651 4103 3763 4158 nisi

542 4223 702 4279 quam
725 4207 779 4260 in
795 4214 946 4261 sexto
964 4205 1102 4260 libro
1123 4204 1275 4276 ponit
1293 4203 1581 4269 Eusebius,
1601 4218 1832 4258 narrans
1853 4217 1972 4257 eam
1994 4203 2273 4258 exstitisse
2293 4200 2348 4256 in
2365 4199 2582 4254 Arabia.
2616 4199 2797 4269 Itaque
2826 4198 2925 4254 hos
2947 4196 3249 4263 btereticos,
3265 4198 3520 4268 quoniam
3549 4197 3768 4254 nullum

541 4314 728 4354 eorum
748 4295 902 4368 ponit
929 4303 1228 4360 auctorem,
1260 4294 1521 4350 Arahicos
1550 4308 1841 4364 possumus
1862 4306 2199 4362 nuncupare,
2239 4290 2331 4359 qui
2365 4289 2617 4343 dixerunt
2655 4290 2862 4345 animas
2895 4303 3018 4344 cum
3069 4290 3391 4360 corporibus
3418 4291 3559 4345 mori
3594 4298 3769 4358 atque

537 4390 786 4455 dissolvi,
821 4397 875 4443 et
902 4388 958 4442 in
987 4385 1091 4442 ﬁne
1121 4387 1304 4442 saeculi
1331 4394 1622 4456 utrumque
1643 4400 1946 4457 resurgere.
1967 4384 2072 4440 Sed
2102 4384 2200 4440 bos
2229 4381 2594 4454 disputatione
2613 4379 2862 4454 Origenis
2885 4381 3166 4452 prmsentis
3193 4390 3247 4436 et
3274 4397 3369 4439 eos
3405 4384 3763 4454 alloquentis,

546 4485 830 4541 celerrime
856 4481 988 4537 dicit
1017 4481 1184 4538 fuisse
1211 4487 1510 4536 correctos.

613 4618 903 4686 Antipater,
931 4613 1224 4669 Bostrensis
1244 4613 1603 4682 episcopus,in
1628 4611 1758 4666 libro
1785 4612 1954 4683 primo
1976 4611 2235 4666 adversus
2261 4605 2665 4677 Apologeticum
2695 4604 2911 4662 Eusebii
2933 4606 3282 4664 Caesariensis
3307 4623 3406 4679 pro
3435 4608 3689 4682 Origene.

612 4752 747 4807 Nam
774 4753 1024 4820 quoniam
1065 4751 1147 4804 vir
1182 4751 1271 4804 ille
1300 4748 1589 4819 (Eusebius
1635 4748 1866 4819 scilicet)
1927 4748 2098 4815 pluri-
2126 4753 2170 4811 Α

549 4859 762 4901 marum
801 4858 979 4897 rerum
1025 4843 1250 4899 scientia
1296 4843 1592 4898 instructus
1621 4841 1742 4908 fuit,
1769 4841 1967 4912 quippe
2000 4843 2093 4912 qui

539 4950 736 4991 omnes
759 4941 996 4987 veterum
1030 4935 1354 5004 scriptorum
1391 4933 1558 4987 libros
1598 4947 1662 4988 ac
1691 4932 2096 4987 lucubrationes

543 5019 1027 5093 investigaverit,et
1043 5023 1280 5076 omnium
1309 5021 1419 5075 fere
1447 5021 1792 5091 antiquorum
1812 5021 2096 5090 opiniones

543 5129 607 5167 ac
629 5111 929 5168 sententias
946 5113 1255 5179 exposuerit
1289 5131 1302 5164 :
1333 5112 1564 5182 plurima
1598 5122 1758 5165 etiam
1788 5113 1982 5183 ingenii
2011 5113 2092 5166 sui

541 5213 892 5259 monumenta
950 5204 1179 5272 posteris
1232 5203 1532 5274 reliquerit.
1570 5217 1801 5273 quorum
1830 5205 2091 5258 nonnulla

543 5303 612 5349 ab
635 5296 889 5351 omnibus
916 5295 1038 5364 jure
1063 5297 1252 5350 merito
1281 5296 1705 5368 comprobantur
1736 5315 1749 5352 :
1782 5297 2092 5366 hujusmodi

542 5388 610 5440 de
660 5387 754 5440 illo
788 5388 904 5441 viro
953 5385 1352 5445 existimatione
1402 5391 1708 5454 abutentes,
1746 5390 2006 5461 quosdam
2039 5390 2092 5443 in

545 5492 786 5532 errorem
841 5478 1094 5532 inducere
1144 5489 1453 5546 conantur;
1489 5480 1816 5536 alﬁrmantes
1861 5481 2091 5545 scilicet,

547 5568 838 5623 Eusebium
900 5586 1175 5640 nunquam
1240 5569 1354 5625 haec
1411 5574 1650 5628 scribere
1708 5587 2093 5643 aggressurum

547 5660 738 5719 fuisse.
770 5661 876 5716 nisi
910 5662 1161 5731 antiquos
1197 5675 1387 5714 omnes
1434 5663 1572 5717 idem
1625 5665 1827 5718 sentire
1869 5677 2095 5717 accura-

547 5753 757 5835 tissime
804 5753 1162 5823 cognovisset.
1201 5751 1313 5819 Ego
1343 5768 1469 5807 vero
1519 5753 1812 5810 Eusebium
1872 5756 2091 5811 cuidem

2282 4745 2496 4818 Ἐπειδὴ
2525 4743 2828 4816 πολυῖστωρ
2853 4746 2881 4798 ὁ
2909 4744 3044 4817 ἀνὴρ
3075 4747 3281 4815 γέγονε,
3313 4747 3492 4812 πάσας
3525 4747 3623 4813 τὰς
3655 4749 3777 4805 τῶν

2200 4839 2564 4910 ἀρχαιοτέρων
2606 4836 2818 4906 βίϐλους
2861 4854 2919 4890 τε
2956 4839 3048 4891 καὶ
3099 4841 3498 4911 συγγράμματα
3541 4839 3777 4912 ἐξερευ-

2199 4931 2365 4997 νήσας
2399 4927 2490 4981 καὶ
2534 4928 2869 4998 ἀνιχνεύσας,
2899 4929 3116 4995 καὶτὰς
3156 4931 3369 4985 πάντων
3412 4931 3607 5002 μικροῦ
3649 4933 3779 4988 δεῖν

2197 5020 2351 5084 δόξας
2389 5019 2710 5090 ἐκθέμενος,
2742 5019 2836 5074 καὶ
2879 5019 3102 5074 πλεῖστα
3147 5025 3548 5096 συγγράμματα
3588 5040 3784 5079 κατα-

2197 5112 2382 5183 λείψας
2415 5112 2491 5184 τῷ
2524 5112 2642 5185 βίῳ,
2690 5109 2764 5168 ὧν
2808 5115 2922 5169 ἔνια
2965 5115 3060 5169 καὶ
3103 5116 3282 5186 πάσης
3326 5115 3590 5188 ἀποδοχῆς
3641 5115 3788 5183 ἄξια

2199 5207 2452 5276 τυγχάνει
2470 5223 2484 5237 ο
2515 5210 2580 5279 τῇ
2607 5207 2829 5281 τοιαύτῃ
2854 5207 2948 5262 τοῦ
2968 5208 3158 5280 ἀνδρὸς
3182 5208 3441 5279 ὑπολήψει
3468 5208 3782 5280 χρώμενοι,

2200 5296 2564 5371 συναρπάζειν
2589 5303 2952 5376 ἐπιχειροῦσιν
2982 5303 3176 5366 ἐνίους,
3205 5302 3280 5366 ὡς
3311 5304 3393 5356 ὃτι
3426 5303 3589 5372 φασιν
3609 5321 3624 5335 ·
3649 5301 3789 5360 Οὐκ

2199 5391 2264 5446 ἂν
2286 5393 2455 5446 εἵλετο
2483 5394 2738 5459 Εὐσέϐιος
2761 5397 2853 5449 ἐπὶ
2874 5395 3027 5450 τοῦτο
3056 5395 3200 5459 ἰδεῖν,
3230 5397 3276 5448 εἰ
3306 5396 3379 5467 μὴ
3405 5395 3585 5458 πάσας
3608 5397 3796 5468 ἀκρι-

2203 5483 2310 5547 ϐῶς
2343 5485 2606 5554 ἠπίστατο
2641 5487 2747 5541 τῶν
2781 5488 3021 5541 παλαιῶν
3061 5488 3158 5552 τὰς
3189 5487 3346 5553 δόξας
3382 5487 3537 5541 τοῦτο
3575 5485 3789 5557 βουλο-

2205 5574 2388 5644 μένας.
2427 5577 2566 5645 Ἐγὼ
2609 5577 2699 5641 δὲ,
2739 5579 2817 5632 ὅτι
2871 5579 2967 5649 μὲν
3016 5578 3320 5649 πολυῖστωρ
3364 5581 3392 5632 ό
3448 5579 3617 5649 ἀνὴρ,
3674 5577 3794 5629 καὶ

2199 5667 2349 5718 οὐδέν
2367 5685 2418 5720 τι
2443 5670 2548 5722 τῶν
2576 5671 2825 5724 παλαιοτέ
2836 5688 2939 5740 ρων
2962 5670 3403 5740 συγγραμμάτων
3432 5671 3528 5740 τὴν
3552 5667 3794 5722 ἐκείνου

2199 5758 2405 5813 διέλαθε
2433 5761 2649 5834 γνῶσιν,
2677 5763 2926 5832 σύμφημι
2957 5761 3050 5816 καὶ
3077 5761 3347 5830 ὁμολογῶ·
3379 5761 3629 5831 βασιλικῆ
3657 5760 3798 5828 γὰρ
