4060 6244
253 304 331 360 ⁸15
1242 298 1577 356 νΕΤΕῐὶυΜ
1616 298 1826 353 TESTI}

1931 298 2030 354 NlA
2069 298 2206 354 PRO
2242 297 2553 354 EUSEBIO.
3401 291 3472 345 τι

256 422 519 494 συνεργίᾳ
541 420 835 493 χρώμενος,
861 418 1056 491 ῥᾳδίως
1077 418 1146 471 τὰ
1174 413 1442 485 πανταχοῦ
1467 414 1599 485 πρὸς
1630 414 1818 467 ἑαυτὸν

1931 414 2276 484 plurimarum
2311 427 2487 468 rerum
2517 409 2742 465 scientia
2770 408 3253 464 instructissimum
3290 405 3471 462 fuisse

257 516 511 583 συνάγειν
539 512 785 583 ἠδύνατο.

1925 504 2117 567 fateor,
2166 520 2269 558 nec
2320 518 2387 557 ex
2425 512 2668 557 veterum
2732 500 2951 569 scriptis
2984 499 3276 568 quidquam
3328 498 3476 552 illius

256 605 651 675 subterfugisse
665 603 935 659 notitiam.
972 598 1115 655 Usus
1137 597 1282 654 enim
1307 596 1651 667 imperatoris
1680 594 1922 649 subsidio
1940 602 2100 665 atque
2121 592 2397 664 suffragio,
2421 599 2619 647 cuncta
2643 607 2762 660 qua:
2788 592 2987 660 ubique
3015 597 3191 654 erant,
3223 588 3481 644 facillime

258 701 433 772 potuit
455 711 801 770 congregare.

915 806 998 861 Ea:
1027 807 1161 862 libro
1189 810 1361 877 primo
1389 812 1748 872 excerptorum
1774 766 2025 853 Historiae
2051 792 2440 851 Ecclesiastica:
2473 792 2833 864 Philostorgii.

329 931 452 985 Ὅτι
508 929 577 984 τά
618 946 680 981 τε
736 928 903 992 ἄλλα,
935 927 1030 981 καὶ
1059 927 1157 979 ὅσα
1200 923 1333 995 πρὸς
1369 920 1653 988 Ἱστορίας
1695 917 1817 986 ἥκει

254 1028 450 1099 λόγων,
470 1026 907 1096 ὁΦιλοστὸργιος,
938 1021 1027 1076 τὸν
1059 1019 1345 1092 Παμφίλου
1373 1016 1631 1070 Εὑσέὸιον
1659 1014 1816 1065 ἐπαι-

257 1119 385 1185 νῶν,
419 1118 545 1190 περὶ
574 1118 671 1187 τὴν
707 1114 981 1169 εὐσέϐειαν
1012 1111 1396 1184 διαμαρτάνειν
1436 1107 1595 1178 φησί·
1627 1105 1719 1158 καὶ
1755 1103 1820 1155 τὸ

260 1211 562 1282 ἁμάρτημα
593 1209 623 1260 ὁ
653 1205 914 1276 δυσσεϐὴς
942 1202 1290 1275 διηγούμενος
1312 1241 1327 1267 ,
1375 1200 1507 1252 διότι
1551 1196 1821 1265 ἄγνωστον

259 1301 320 1355 τὸ
367 1300 509 1354 θεῖον
552 1301 644 1352 καὶ
676 1296 1057 1367 ἀκατάληπτον
1103 1295 1303 1365 ἡγοῖτο.
1362 1288 1518 1343 Ἀλλὰ
1563 1288 1656 1340 καὶ
1696 1285 1828 1341 ἄλλα

258 1391 480 1447 τοιαῦτά
525 1407 685 1461 φησιν
739 1388 898 1443 αὑτὸν
948 1384 1302 1457 πλημμελεῖν.
1357 1379 1718 1436 Καταπαῦσαι
1764 1377 1821 1430 δὲ

261 1485 427 1539 αὑτὸν
452 1482 549 1546 τὰς
596 1481 802 1544 οἰκείας
843 1478 943 1550 τῆς
985 1477 1264 1545 Ἱστορίας
1300 1475 1515 1545 μνήμας
1547 1472 1705 1543 μέχρι
1724 1470 1821 1541 τῆς

259 1574 369 1628 τῶν
396 1572 597 1626 παίδων
618 1568 864 1639 διαδοχῆς
890 1564 984 1620 τοῦ
1008 1564 1240 1636 μεγάλου
1270 1561 1675 1618 Κωνσταντίνου
1701 1575 1823 1611 συν-

260 1665 641 1737 επιμαρτυρεῖ.

1997 910 2389 981 Philostorgius
2442 908 2735 965 Eusebium
2790 911 3007 976 quidem
3042 910 3333 983 Pamphili,
3364 921 3478 969 tum

1925 1004 1996 1058 ob
2037 1003 2142 1056 alia
2190 1002 2392 1065 multa,
2444 1010 2555 1056 tum
2606 1002 2675 1056 ob
2706 1001 3001 1057 Historiam
3052 1002 3485 1061 Ecclesiasticam

1926 1095 2179 1150 laudibus
2212 1092 2391 1147 allicit.
2435 1091 2693 1147 Eumdem
2722 1101 2902 1148 tamen
2930 1094 2985 1147 in
3008 1094 3075 1149 iis
3098 1110 3219 1165 quae
3247 1096 3316 1151 ad
3355 1097 3483 1153 reli-

1926 1185 2142 1258 gionem
2197 1182 2487 1254 pertinent,
2517 1182 2728 1253 lapsum
2770 1199 2893 1240 esse
2946 1184 3120 1241 dicit:
3158 1188 3359 1260 quippe
3391 1191 3483 1260 qui

1935 1278 2104 1334 Deum
2137 1276 2394 1347 cognosci
2436 1283 2490 1331 et
2520 1278 2907 1346 comprehendi
2941 1294 3047 1333 non
3093 1294 3254 1350 posse
3299 1283 3488 1337 existi-

1927 1367 2174 1423 maverit.
2208 1366 2363 1420 Hunc
2392 1366 2536 1421 enim
2571 1366 2689 1434 ejus
2718 1382 2960 1423 errorem
2987 1369 3185 1440 impius
3215 1371 3318 1426 iste
3344 1387 3489 1427 com-

1929 1467 2212 1515 memorat.
2274 1457 2378 1514 Sed
2409 1467 2462 1513 et
2500 1458 2814 1528 hujusmodi
2854 1460 2989 1514 alios
3048 1477 3266 1520 errores
3296 1464 3364 1517 ab
3396 1464 3488 1520 illo

1928 1552 2254 1607 commissos
2312 1565 2436 1606 esse
2491 1549 2740 1605 allirmat.
2799 1549 3066 1606 Caeterum
3111 1562 3167 1607 et
3208 1554 3325 1624 ipse
3365 1571 3488 1610 eum

1930 1643 2052 1699 aliis
2082 1650 2314 1698 testatur
2357 1642 2651 1698 Eusebium
2684 1641 2982 1698 Historiam
3029 1659 3181 1699 suam
3217 1661 3389 1716 usque
3422 1648 3490 1702 ad

1930 1742 2177 1804 tempora
2206 1734 2498 1789 liberorum
2526 1731 2869 1790 Constantini
2904 1735 3450 1809 Magni'perduxisse.
3540 1784 3552 1798 .

1139 1856 1383 1913 Socrates
1406 1854 1461 1908 in
1482 1851 1615 1907 libro
1648 1851 1816 1919 primo
1848 1847 2101 1904 Historia:
2124 1845 2541 1905 Ecclesiasticaa.

343 1980 596 2044 Εὐσέϐιος
629 1982 657 2033 ὁ
702 1976 1003 2049 Παμφίλου,
1045 1975 1102 2026 ὲν
1130 1972 1269 2036 ὃλοις
1321 1970 1451 2023 δέκα
1481 1967 1705 2039 βιϐλίοις
1730 1967 1826 2037 τὴν

2005 1962 2273 2020 Eusebius
2300 1961 2566 2032 Pamphili
2595 1976 2684 2017 res
2716 1962 2770 2016 in
2804 1962 3046 2019 Ecclesia
3079 1971 3261 2035 gestas
3304 1964 3489 2021 decem

281 2065 820 2137 Ἐκκλησιαστικὴν
859 2065 1146 2134 Ἱστορίαν
1163 2061 1470 2132 ἐκθέμενος,
1490 2057 1828 2115 κατέπαυσεν

266 2164 354 2225 είς
374 2162 499 2225 τοὺς
526 2160 747 2231 χρόνους
782 2157 873 2212 τοῦ
915 2158 1173 2230 βασιλέως
1203 2152 1632 2217 Κωνσταντίνου,
1654 2152 1712 2203 ἐν
1747 2145 1827 2213 οἷς

263 2255 363 2310 καὶ
381 2257 409 2309 ὁ
440 2253 589 2326 παρὰ
611 2252 705 2306 τοῦ
738 2247 1115 2322 Διοκλητιανοῦ
1142 2247 1281 2302 κατὰ
1313 2242 1651 2317 Χριστιανῶν
1674 2240 1827 2310 γενό-

262 2364 424 2420 μενος
450 2346 685 2417 πόλεμος
718 2343 1077 2398 ἀνεπαύσατο.
1112 2340 1341 2412 Γράφων
1382 2336 1439 2389 δὲ
1483 2338 1511 2389 ὁ
1541 2334 1699 2396 αὐτὸς
1724 2334 1827 2397 Είς

261 2438 373 2493 τὸν
392 2438 537 2504 ,ϐίον
562 2435 1044 2498 Κωνσταντίνου,
1064 2431 1172 2485 τῶν
1201 2430 1322 2484 κατ’
1346 2428 1559 2499 Ἀρειον
1591 2424 1829 2496 μερικῶς

268 2532 488 2603 μνήμην
520 2528 844 2600 πεποίηται,
873 2526 981 2580 τῶν
1012 2523 1247 2578 ἐπαίνων
1276 2519 1372 2573 τοῦ
1408 2519 1666 2591 βασιλέως
1687 2558 1702 2581 ,
1739 2517 1831 2572 καὶ

266 2621 369 2691 τῆς
418 2618 797 2691 πανηγυρικῆς
832 2615 1129 2687 ὑψηγορίας
1173 2612 1280 2667 τῶν
1322 2611 1493 2680 λόγων
1531 2607 1726 2680 μᾶλλον
1757 2608 1832 2670 ὡς

267 2714 327 2766 ἐν
349 2712 607 2783 ἐγκωμίῳ
630 2709 942 2783 φροντίσας,
968 2708 1111 2779 ῆπερ
1130 2704 1224 2759 τοῦ
1256 2700 1494 2775 ἀκριϐῶς
1520 2697 1829 2771 περιλαβεῖν

265 2800 338 2853 τὰ
364 2801 650 2871 γενόμενα.

1934 2053 2086 2110 libris
2114 2053 2449 2124 complexus,
2483 2052 2787 2124 principatu
2818 2053 3159 2110 Constantini
3197 2054 3493 2110 Historiam

1933 2162 2086 2202 suam
2128 2146 2460 2210 terminavit,
2482 2161 2590 2216 quo
2643 2156 2884 2216 tempore
2930 2148 3239 2217 persecutio
3283 2148 3493 2203 Diocle-

1934 2239 2067 2294 tiani
2112 2239 2373 2294 adversus
2405 2238 2751 2295 Christianos
2800 2238 2958 2294 ﬁnem
3001 2240 3229 2311 accepit.
3259 2239 3403 2295 Idem
3438 2240 3492 2294 in

1933 2330 2088 2385 libris
2117 2345 2255 2400 quos
2292 2330 2363 2384 De
2393 2331 2500 2385 vita
2522 2331 2647 2400 imp.
2685 2328 3021 2405 Constantini
3050 2331 3400 2401 conscripsit,
3431 2346 3495 2385 ea

1934 2435 2056 2490 quae
2087 2421 2155 2476 ad
2184 2420 2376 2476 Arium
2433 2422 2745 2492 pertinent,
2798 2423 3111 2494 singillatim
3162 2424 3384 2480 minime
3412 2432 3497 2479 est

1933 2522 2244 2577 exsecutus,
2288 2513 2488 2584 quippe
2521 2515 2612 2585 qui
2643 2521 2704 2569 ut
2752 2516 2807 2569 in
2861 2516 3127 2572 encomiis
3172 2517 3290 2572 ﬁeri
3335 2518 3492 2580 solet,

1937 2604 2282 2676 imperatoris
2314 2606 2502 2663 laudes
2532 2619 2587 2662 et
2618 2611 2996 2681 panegyricam
3020 2611 3325 2667 orationem
3357 2626 3492 2666 con-

1937 2704 2118 2752 texere
2161 2698 2334 2768 magis
2364 2698 2416 2752 in
2447 2699 2629 2756 animo
2685 2701 2927 2766 haberet,
2978 2716 3140 2772 quam
3192 2718 3282 2759 res
3312 2711 3495 2773 gestas

1936 2798 2193 2845 accurate
2220 2805 2670 2847 commemorare.

270 2931 423 2987 Idem
451 2931 692 2988 Socrates
735 2933 793 2986 in
826 2930 1002 2986 eodem
1037 2929 1188 2999 libro,
1213 2944 1326 2998 cap.
1346 2927 1404 2993 7,
1436 2926 1499 2980 de
1522 2925 1742 3000 Sabino,
1774 2923 2275 3000 Macedonianoritm
2320 2924 2577 2995 episcopo,
2607 2926 2841 2998 loquens,
2881 2929 2971 2999 qui
3015 2926 3362 3000 Synodorum
3394 2930 3490 2987 Hi-

1432 2995 1655 3053 storiam
1684 2996 1987 3063 scripserat,
2021 2996 2098 3049 ita
2123 2995 2252 3049 dicit
2286 3012 2304 3048 :

340 3115 452 3169 Καὶ
479 3115 690 3169 ἐπαινεῖ
723 3113 821 3184 μὲν
852 3112 942 3166 τὸν
980 3110 1262 3182 Παμφίλου
1295 3108 1550 3163 Εὐσέϐιον
1582 3109 1659 3172 ὼς
1681 3106 1827 3172 ἀξιό-

274 3221 464 3257 πιστον
496 3204 765 3274 μάρτυρασ
804 3204 1013 3255 ἐπαινεῖ
1041 3202 1097 3255 δὲ
1133 3202 1345 3255 καὶιτὸν
1379 3199 1628 3270 βασιλέα,
1662 3199 1737 3259 ὡς
1760 3200 1827 3256 τὰ

2001 3105 2068 3163 Et
2099 3107 2387 3165 Eusebium
2413 3113 2631 3182 quidem
2680 3115 2962 3187 Pamphili,
3005 3127 3262 3190 tanquam
3299 3129 3489 3177 testem

1931 3198 2036 3255 ﬁde
2085 3200 2460 3272 dignissimum
2515 3206 2697 3262 laudat
2750 3227 2761 3261 :
2821 3209 3199 3279 imperatorem
3264 3226 3479 3281 quoque

274 3293 614 3368 Χριστιανῶν
646 3295 984 3365 δογματίζειν
1014 3293 1336 3365 δυνάμενον·
1376 3295 1645 3365 μέμφεται
1668 3291 1726 3346 δὲ
1757 3294 1823 3364 τῇ

1933 3292 2111 3385 ipsum
2140 3295 2429 3365 praeconiis
2455 3284 2640 3363 allicit,
2675 3306 2864 3369 utpote
2892 3301 2985 3370 qui
3013 3300 3339 3357 Christiana:
3368 3298 3494 3357 ﬁdei

274 3386 339 3440 ὲν
377 3384 578 3455 Νικαίᾳ
624 3384 903 3457 ἐκτεθείσῃ
951 3385 1150 3448 πίστει,
1197 3384 1271 3447 ὡς
1319 3384 1424 3436 ὑπὸ
1471 3383 1692 3437 ἰδιωτῶν
1739 3384 1826 3437 καὶ

1935 3383 2188 3456 dogmata
2217 3387 2458 3458 apprime
2490 3388 2735 3445 calleret.
2780 3388 2965 3445 Fidem
2998 3407 3126 3446 vero
3156 3390 3349 3447 Nicaeae
3397 3406 3494 3445 ex-

272 3475 427 3529 οὐδὲν
453 3474 826 3545 ἐπισταμένων
857 3474 1202 3548 ἐκδεδομένη
1241 3474 1335 3528 καὶ
1361 3474 1419 3527 ὃν
1447 3474 1522 3538 ὡς
1553 3474 1712 3541 σοφὸν
1738 3474 1832 3527 καὶ

273 3566 477 3637 ἀψευδῆ
510 3566 662 3620 καλεῖ
691 3566 966 3639 μάρτυρα,
1000 3565 1189 3620 τούτου
1230 3566 1327 3629 τὰς
1358 3565 1539 3635 φωνὰς
1576 3565 1832 3629 ἑκουσίως

273 3656 533 3731 ὑπερορᾷ.

1936 3477 2171 3545 positam
2201 3478 2567 3549 reprehendit,
2607 3487 2863 3551 tanquam
2904 3481 2972 3534 ab
3001 3481 3206 3552 ignaris
3231 3491 3285 3538 et
3325 3482 3496 3552 impe-

1935 3563 2057 3621 ritis
2083 3565 2395 3623 hominibus
2416 3569 2797 3639 conscriptam.
2822 3568 2886 3623 Et
2909 3584 3068 3639 quem
3102 3573 3396 3643 sapientem
3409 3571 3495 3626 vi-

1936 3670 2059 3710 rum
2088 3669 2153 3709 ac
2173 3671 2418 3713 veracem
2447 3666 2639 3714 testem
2682 3661 2943 3727 nominat,
2971 3661 3090 3731 ejus
3114 3664 3276 3717 verba
3309 3662 3488 3719 sciens

1937 3759 2002 3800 ac
2022 3746 2260 3816 prudens
2280 3762 2380 3817 pro
2400 3748 2572 3805 nihilo
2592 3748 2763 3805 ducit.

1381 3849 1530 3906 Idem
1552 3848 1796 3906 Socrates
1823 3852 1881 3905 in
1913 3851 2047 3907 libro
2073 3869 2134 3920 il,
2166 3871 2283 3925 cap.
2306 3855 2399 3913 21.

362 3963 577 4034 Ἐπειδὴ
600 3964 659 4017 δέ
698 3980 840 4027 τινες
882 3961 1237 4038 ἐπεχείρησαν
1283 3961 1376 4015 καὶ
1402 3962 1562 4015 αὐτὸν
1594 3960 1826 4033 λοιδορῆ-

2011 3962 2118 4019 Sed
2144 3965 2399 4035 quoniam
2428 3967 2575 4023 hunc
2620 3982 2855 4040 quoque,
2892 3967 3183 4024 Eusebium
3227 3969 3493 4040 Pamphili

276 4076 393 4123 σαι,
423 4060 563 4128 φημὶ
587 4057 651 4129 δὴ
667 4057 754 4112 τὸν
779 4057 1058 4128 Παμφίλου
1076 4055 1350 4119 Εὐσέϐιον,
1366 4054 1441 4118 ὡς
1464 4054 1826 4126 ἀρειανίςοντα

1940 4055 2199 4126 intelligo,
2234 4058 2478 4113 nonnulli
2511 4060 2788 4114 criminari
2837 4060 3016 4115 conati
3070 4068 3218 4125 sunt,
3272 4060 3493 4130 perinde

274 4151 336 4202 ὲν
371 4144 454 4213 οἷς
490 4149 663 4217 λόγοις
695 4148 938 4215 ἐξέδωκε,
970 4146 1137 4218 μικρὰ
1175 4147 1265 4200 καὶ
1306 4147 1432 4217 περὶ
1468 4146 1630 4200 αὐτοῦ
1664 4147 1826 4199 εἰπεῖν

1939 4146 2095 4215 quasi
2126 4146 2385 4203 Arianum
2406 4149 2599 4220 dogma
2634 4151 2688 4205 in
2720 4151 2873 4207 libris
2900 4151 3014 4208 suis
3045 4157 3264 4207 secutus
3294 4150 3481 4216 fuerit,

274 4242 377 4294 οὐκ
403 4242 628 4311 ἄκαιρον
656 4239 915 4311 ἡγοῦμαι.
938 4236 1156 4309 Πρῶτον
1188 4237 1287 4308 μὲν
1317 4239 1444 4308 γάρ,
1477 4254 1530 4291 κ.
1554 4255 1603 4290 τ.
1626 4236 1677 4289 λ.

1938 4247 2300 4307 opportunum
2360 4239 2476 4296 fore
2511 4256 2709 4297 censeo
2758 4259 2928 4314 pauca
2981 4242 3048 4298 de
3077 4258 3142 4298 eo
3198 4243 3488 4297 disserere.

279 4331 524 4386 Primum
551 4333 718 4403 igitur
744 4331 978 4386 concilio
1008 4328 1226 4383 Nicaano
1253 4344 1364 4403 quo
1411 4328 1607 4383 Filium
1650 4325 1797 4381 Patri
1823 4329 2339 4385 consubstantialem
2386 4330 2554 4387 fuisse
2602 4333 2878 4389 decretum
2932 4346 3037 4402 est,
3068 4345 3122 4392 et
3166 4333 3409 4390 interfuit
3437 4342 3490 4386 et

279 4426 581 4481 consensit.
618 4425 679 4480 ln
700 4427 859 4483 tertio
886 4441 1018 4484 vero
1043 4425 1183 4479 libro
1210 4437 1370 4493 quem
1404 4420 1481 4475 De
1530 4421 1637 4475 vita
1670 4419 2005 4475 Constantini
2057 4423 2298 4491 scripsit,
2350 4422 2424 4476 ita
2471 4424 2751 4494 loquitur:
2789 4444 2807 4477 ι
2855 4425 3055 4484 Omnes
3104 4427 3396 4497 imperator
3423 4427 3491 4479 ad

279 4519 635 4573 concordiam
663 4519 930 4584 incitavit,
970 4519 1145 4574 donec
1176 4516 1460 4570 universos
1513 4514 1569 4567 in
1616 4513 1686 4569 iis
1709 4513 1776 4568 de
1806 4512 2003 4581 quibus
2036 4523 2193 4569 antea
2221 4513 2637 4581 dissentiebant,
2683 4520 2981 4577 concordes
3015 4528 3176 4590 atque
3204 4517 3489 4573 unanimes

283 4613 651 4685 praestitisset.
684 4612 832 4667 Adeo
868 4621 924 4667 ut
955 4611 1086 4669 ﬁdes
1107 4608 1349 4666 omnium
1378 4620 1620 4662 consona
1655 4607 1796 4679 apud
1816 4591 2051 4664 Nicaeam
2079 4607 2394 4663 obtinuerit.
2426 4609 2596 4664 iCum
2626 4612 2790 4683 igitur
2812 4613 3077 4668 Eusebius
3107 4612 3248 4669 illius
3271 4613 3489 4668 concilii

284 4709 617 4764 mentionem
636 4708 861 4776 faciens,
885 4718 1111 4763 cunctas
1141 4706 1446 4760 animorum
1465 4703 1837 4760 dissensiones
1858 4704 2063 4775 sepitas
2095 4719 2217 4759 esse
2247 4704 2413 4771 dicat,
2445 4716 2497 4761 et
2530 4708 2815 4765 universos
2836 4709 2891 4767 in
2926 4724 3088 4765 unam
3136 4710 3489 4779 eamdemque

283 4803 633 4873 conspirasse
667 4803 1012 4866 sententiam,
1037 4799 1168 4871 quid
1206 4813 1386 4854 causa:
1413 4806 1498 4854 est
1519 4812 1617 4853 cur
1637 4799 1885 4855 nonnulli
1910 4814 2034 4852 eum
2059 4798 2369 4854 existiment
2404 4799 2607 4856 Ariano
2630 4800 2866 4873 dogmati
2889 4801 3230 4857 consentire?
3267 4801 3490 4858 Fallun-

277 4901 376 4948 tur
396 4896 557 4950 etiam
591 4894 911 4965 Ariani,qui
934 4894 1086 4948 illum
1110 4891 1353 4963 opinioni
1396 4906 1508 4947 suae
1537 4890 1825 4962 suﬂ‘ragari
1864 4891 2222 4945 arbitrantur.
2256 4890 2359 4946 Sed
2391 4890 2534 4947 dicet
2570 4892 2804 4949 fortasse
2848 4893 3066 4962 aliquis,
3098 4893 3249 4947 illum
3296 4892 3485 4946 Ariani

281 4985 556 5055 dogmatis
581 4994 911 5042 assertorem
938 4985 1134 5051 videri,
1165 4990 1450 5054 propterea
1480 4984 1623 5055 quod
1656 4984 1714 5037 in
1743 4982 1899 5037 libris
1929 4983 2043 5038 suis
2076 4982 2271 5036 crebro
2302 4982 2482 5037 dicere
2506 4984 2663 5053 solet,
2699 5000 2799 5040 pen
2830 5000 3120 5040 cnnis'ruu.
3161 4986 3259 5040 Cui
3295 5000 3396 5039 nos
3431 4984 3485 5039 id

280 5074 677 5144 respondemus
698 5119 714 5144 ,
746 5083 802 5131 et
838 5075 941 5129 hac
971 5073 1229 5144 loquendi
1251 5073 1461 5129 ratione
1491 5080 1546 5129 ct
1579 5072 1702 5127 aliis
1732 5071 2044 5141 huiusmodi
2095 5084 2217 5139 qua:
2248 5069 2709 5139 dispensationem
2753 5073 3103 5133 humanitatis
3126 5072 3256 5130 Jesu
3277 5073 3489 5130 Chrisri

284 5166 591 5235 designant,
616 5165 1016 5222 ecclesiasticos
1045 5166 1339 5235 scriptores
1364 5164 1445 5219 uti
1468 5162 1818 5219 consuevisse
1858 5160 1936 5233 (a)
1970 5181 1982 5216 :
2019 5168 2073 5216 et
2102 5169 2228 5217 ante
2278 5162 2379 5218 hos
2426 5178 2616 5219 omnes
2670 5162 2895 5216 Paulum
2940 5163 3240 5234 apostolum
3293 5163 3487 5218 iisdem

281 5259 520 5315 vocibus
559 5274 713 5315 usum
762 5256 954 5321 fuisse,
983 5256 1077 5327 qui
1109 5262 1290 5310 tamen
1325 5253 1567 5326 perversi
1593 5252 1863 5323 dogmatis
1902 5251 2160 5324 magister
2203 5268 2485 5323 nunquam
2526 5260 2610 5310 est
2650 5253 3012 5311 existimatus.
3070 5254 3334 5309 Caeterum
3358 5272 3485 5311 cum

282 5352 458 5409 Arius
483 5349 670 5405 Filium
691 5350 785 5406 Dei
814 5358 1116 5407 creaturam
1153 5348 1378 5418 perinde
1399 5361 1464 5402 ac
1493 5352 1687 5401 caetera
1730 5359 1911 5419 quaea
1942 5344 2054 5401 Deo
2087 5355 2268 5401 creata
2310 5353 2458 5411 sunt,
2495 5361 2660 5402 ausus
2689 5346 2759 5400 sit
2788 5344 2987 5415 dicere,
3018 5346 3164 5411 audi,
3198 5347 3245 5401 si
3289 5350 3486 5418 placet,
3574 5347 3596 5372 ‘

284 5457 544 5516 quanam
574 5442 639 5497 de
666 5442 767 5496 hac
794 5457 853 5496 re
881 5440 1048 5495 fuerit
1072 5437 1295 5494 Eusebii
1328 5436 1599 5494 sententia
1628 5434 1684 5489 in
1734 5434 1875 5488 libro
1907 5435 2086 5504 primo
2121 5434 2198 5489 De
2219 5435 2577 5491 ecclesiastica
2609 5434 2864 5506 theologia
2894 5435 3036 5507 (cap.
3070 5434 3123 5499 9,
3160 5434 3267 5505 10).
3295 5455 3315 5489 ι
3352 5434 3487 5490 Uni-

283 5536 532 5607 genitus,
566 5531 757 5602 inquit,
778 5530 886 5586 'Dei
929 5529 1101 5586 Filius
1128 5529 1279 5585 solus
1310 5530 1426 5599 ipse
1452 5534 1637 5584 etnon
1664 5524 1802 5580 alius
1839 5531 1896 5580 et
1927 5525 2251 5596 praedicatur
2271 5535 2324 5584 et
2356 5534 2458 5584 est.
2507 5522 2658 5580 Unde
2692 5526 2881 5582 merito
2921 5529 3043 5597 quis
3079 5528 3489 5599 reprehenderit

363 5713 443 5786 (a)
477 5712 841 5772 Theodoritus
871 5714 930 5771 in
954 5731 1070 5785 cap.
1100 5716 1325 5784 tprima:
1354 5713 1609 5787 Epistolas
1634 5713 1703 5769 ad
1737 5710 1974 5791 Corinth.
2786 5740 2792 5747 -

613 5828 884 5891 Ρηιιοι..
931 5826 1051 5896 Gn.
1096 5825 1269 5888 XIX.

3075 5800 3114 5863 3
