3986 6218
583 229 651 290 75
1514 230 1849 289 'VE'I‘ERUM
1886 226 2301 286 TESTBIONIA
2335 228 2472 284 PRO
2504 228 2817 286 EUSEBIO.
3706 237 3783 289 βω

576 358 672 399 eos
689 343 779 415 qui
809 355 1114 402 creaturam
1158 346 1307 401 illum
1358 344 1539 401 dicere
1593 362 1701 401 non
1733 345 2072 409 dubitarunt,
2096 360 2163 399 ex
2186 344 2357 399 nihilo
2386 343 2664 400 conditum
2694 342 2918 416 perinde
2942 358 3006 400 ac
3042 343 3279 417 reliquas
3303 351 3606 402 creaturas.
3636 344 3785 412 Quo-
3872 393 3879 398 .

575 435 734 490 modo
756 435 901 491 enim
945 434 1112 491 Filius
1145 436 1325 500 fuerit,
1359 437 1628 506 quomodo
1659 435 1997 505 Unigenitus,
2029 435 2075 490 si
2118 435 2360 491 eamdem
2409 450 2533 490 cum
2569 435 2780 490 caeteris
2809 436 3073 491 creaturis
3107 444 3353 491 naturam
3406 437 3634 493 sortitus
3675 418 3780 501 eat,

573 541 824 595 unusque
852 534 936 584 est
961 541 992 582 e
1021 543 1246 583 numero
1269 543 1449 583 rerum
1474 535 1799 589 creatarum,
1838 536 2024 597 utpote
2052 528 2144 597 qui
2174 544 2279 583 una
2303 544 2427 583 cum
2458 529 2566 584 illis
2595 537 2749 582 ortus
2776 527 2854 583 sit
2881 544 2948 583 ex
2987 528 3177 585 nihilo.
3213 528 3412 586 Verum
3446 529 3631 586 divina
3657 545 3783 587 ora-

573 621 696 674 cula
729 633 836 673 non
862 618 937 672 ita
964 616 1033 673 de
1066 618 1160 672 illo
1191 619 1511 687 praedicant.
1551 637 1570 669 ι
1610 616 1813 673 Deinde
1836 618 2025 688 paucis
2052 618 2349 687 interjectis
2378 620 2491 675 lucc
2517 620 2736 689 subjicit
2770 635 2785 672 :
2820 636 2838 670 ι
2874 618 3134 693 Quisquis
3166 622 3333 693 igitur
3365 620 3562 679 Filium
3593 625 3688 680 Dei
3715 640 3781 680 ex

579 713 752 768 nihilo
776 710 1036 782 genitum,
1069 717 1121 764 et
1148 719 1450 766 creaturam
1475 725 1506 764 e
1529 725 1636 763 non
1669 717 1916 766 exstante
1948 710 2270 782 productam
2302 727 2423 767 esse
2453 713 2669 776 asserit,
2695 713 2741 770 is
2770 730 2878 769 non
2899 713 3300 778 animadvertit,
3331 730 3391 770 se
3420 714 3625 771 nudum
3653 718 3782 788 qui-

577 804 700 860 dem
740 818 938 858 nomen
970 800 1090 857 Filii
1122 803 1171 857 ei
1200 800 1512 863 concedere,
1539 815 1725 856 revera
1754 808 1933 856 tamen
1955 818 2077 858 eum
2111 800 2303 856 Filium
2346 818 2659 875 pernegare.
2685 803 2789 871 Qui
2819 806 2962 861 enim
3002 821 3067 860 ex
3094 806 3260 860 nihilo
3290 807 3504 878 genitus
3532 820 3784 873 est,vere

568 896 740 952 Filius
772 894 865 951 Dei
897 909 1021 952 esse
1050 908 1153 948 non
1180 900 1375 962 potest,
1409 891 1551 947 sicut
1575 906 1675 945 nec
1702 890 1920 961 quidvis
1950 891 2096 947 aliud
2127 892 2271 963 quod
2294 894 2531 962 genitum
2571 895 2661 950 sit.
2690 894 2865 952 Verus
2894 901 3072 950 autem
3115 893 3285 951 Filius
3326 896 3442 962 Dei,
3476 906 3662 968 utpote
3681 897 3778 969 qui

569 1008 635 1049 ex
677 992 769 1048 illo
797 998 1057 1061 tanquam
1089 1006 1155 1044 ex
1199 987 1354 1042 Patre
1398 987 1613 1059 genitus
1662 995 1766 1051 est,
1806 987 2116 1059 unigenitus
2149 995 2203 1043 et
2231 989 2463 1044 dilectus
2491 988 2669 1044 Patris
2704 990 2900 1045 merito
2922 989 3139 1044 dicitur.
3195 988 3278 1045 Ob
3331 991 3576 1046 eamdem
3612 991 3782 1048 etiam

569 1097 792 1140 causam
814 1081 957 1138 Deus
991 1081 1105 1151 ipse
1128 1088 1231 1136 est.
1270 1077 1404 1144 Quis
1433 1078 1577 1133 enim
1612 1078 1753 1133 alius
1784 1077 1878 1134 Dei
1905 1078 2047 1135 fetus
2080 1094 2201 1134 esse
2228 1080 2419 1149 possit,
2452 1093 2613 1150 quam
2640 1081 2717 1135 illi
2755 1080 2859 1151 ipsi
2896 1097 2991 1151 per
3010 1080 3192 1136 omnia
3224 1081 3563 1137 simillimus?
3579 1082 3782 1141 Condit

568 1172 783 1243 quidem
811 1172 998 1228 urbem
1031 1173 1345 1242 imperator,
1380 1170 1474 1226 sed
1496 1184 1614 1225 eam
1641 1185 1751 1226 non
1779 1169 1950 1242 gignit
1977 1189 1990 1225 :
2027 1169 2196 1225 [ilium
2228 1180 2406 1226 autem
2440 1172 2656 1243 gignere
2671 1172 2892 1237 dicitur,
2917 1189 3027 1228 non
3056 1174 3308 1228 condere.
3342 1173 3549 1230 Artifex
3573 1185 3779 1245 autem,

568 1268 722 1324 faber
756 1268 956 1326 dicitur
981 1266 1099 1337 ejus
1124 1267 1265 1337 quod
1297 1266 1590 1322 fabricatus
1623 1271 1729 1329 est,
1756 1281 1863 1321 non
1905 1275 2076 1337 pater.
2120 1264 2242 1320 Filii
2275 1282 2402 1322 vero
2449 1267 2534 1322 sui
2585 1281 2924 1338 nequaquam
2978 1266 3134 1323 faber
3177 1268 3395 1323 dicitur.
3449 1268 3523 1323 lta
3558 1286 3780 1343 quoque

568 1375 813 1415 summus
841 1360 1000 1429 hujus
1036 1360 1274 1415 universi
1310 1359 1472 1420 Deus.
1508 1357 1629 1413 Filii
1658 1358 1876 1430 quidem
1906 1360 1989 1414 sui
2019 1368 2192 1430 pater,
2231 1359 2417 1415 mundi
2448 1374 2576 1415 vero
2600 1359 2749 1415 faber
2779 1368 2833 1415 et
2864 1360 3114 1416 conditor
3145 1363 3338 1417 merito
3367 1360 3587 1418 dicitur.
3621 1363 3782 1433 Quod

566 1452 616 1509 si
650 1452 815 1508 semel
842 1453 895 1506 in
924 1450 1219 1522 Scripturis
1246 1452 1549 1507 inveniatur
1576 1452 1802 1516 dictum,
1828 1451 2083 1507 Dominus
2121 1453 2314 1507 creavit
2330 1470 2409 1508 me
2432 1454 2641 1508 initium
2663 1455 2865 1508 viarum
2888 1472 3105 1510 suarum
3131 1455 3201 1509 ad
3225 1473 3383 1527 opera
3404 1473 3529 1521 sua,
3550 1472 3777 1515 sensum

565 1544 745 1615 ipsum
778 1544 1064 1598 verborum
1103 1543 1369 1615 inspicere
1414 1543 1698 1607 debemus,
1734 1558 1894 1614 quem
1926 1545 2087 1613 paulo
2121 1555 2239 1614 post
2294 1560 2601 1615 exponam:
2636 1561 2757 1612 nec,
2799 1555 2857 1601 ut
2904 1547 3189 1603 Marcellus
3234 1547 3385 1614 facit,
3436 1549 3505 1603 ob
3552 1549 3777 1604 unicum

568 1636 960 1702 testimonium,
993 1637 1322 1708 praecipuum
1364 1634 1624 1692 Ecclesia
1652 1633 1846 1705 dogma
1890 1636 2212 1694 convellere.
2257 1657 2277 1689 ι
2311 1636 2436 1692 Haec
2467 1646 2522 1693 et
2551 1638 2657 1693 alia
2688 1639 2922 1709 plurima
2953 1640 3022 1695 ab
3061 1638 3296 1696 Eusebio
3327 1641 3594 1712 Pamphili
3627 1643 3778 1699 dicta

566 1740 694 1787 sunt
730 1730 783 1785 in
812 1730 951 1786 libro
982 1733 1226 1785 adversus
1254 1729 1590 1784 Marcellum.
1629 1730 1689 1782 In
1724 1729 1889 1784 tertio
1917 1737 2096 1782 autem
2126 1730 2367 1800 ejusdem
2392 1731 2573 1800 operis
2597 1732 2756 1797 libro,
2785 1731 2987 1787 docens
3018 1732 3290 1802 quomodo
3323 1734 3670 1804 intelligenda
3703 1736 3780 1790 sit

568 1824 685 1879 luec
711 1840 809 1878 vox
843 1823 1066 1894 κτίσμα,
1100 1823 1172 1876 ita
1203 1822 1442 1895 loquitur
1473 1840 1485 1875 :
1523 1838 1542 1871 ‹
1579 1819 1677 1873 His
1711 1821 1783 1872 ita
1816 1820 2149 1885 constitutis,
2183 1836 2524 1891 consequens
2555 1831 2661 1887 est,
2692 1831 2773 1890 ut,
2804 1822 3255 1894 quemadmodum
3284 1825 3375 1879 illa
3403 1841 3522 1896 quae
3541 1842 3779 1898 praeces-

568 1924 779 1978 serunt,
814 1915 894 1970 sic
945 1915 1106 1970 etiam
1155 1915 1269 1968 hau:
1296 1914 1458 1969 verba
1494 1930 1506 1966 :
1545 1911 1799 1965 Dominus
1850 1911 2084 1966 condidit
2120 1928 2198 1966 me
2241 1913 2449 1967 initium
2502 1914 2704 1968 viarum
2752 1932 2969 1969 suarum
3003 1915 3070 1968 ad
3101 1930 3253 1984 opera
3294 1934 3394 1972 sua
3424 1919 3466 1982 ³,
3494 1916 3561 1973 de
3586 1918 3778 1975 eadem

564 2026 798 2083 persona
832 2012 978 2067 dicta
1011 2012 1139 2065 sint.
1177 2007 1332 2075 Quod
1358 2008 1404 2061 si
1438 2013 1679 2061 creatum
1703 2020 1762 2060 se
1799 2020 1922 2060 esse
1946 2005 2101 2070 dicit,
2138 2021 2246 2060 non
2292 2006 2368 2060 ita
2403 2007 2778 2078 accipiendum
2810 2016 2915 2071 est,
2942 2009 3096 2078 quasi
3148 2009 3313 2077 dicat,
3346 2027 3405 2066 se
3443 2009 3509 2065 de
3534 2027 3640 2066 non
3675 2028 3779 2068 ex-

563 2109 835 2167 stantibus
865 2105 1000 2160 adid
1034 2104 1177 2174 quod
1210 2109 1293 2158 est
1312 2101 1643 2170 pervenisse,
1677 2111 1729 2153 et
1760 2100 1984 2169 perinde
2016 2115 2080 2154 ae
2113 2101 2351 2170 reliquas
2381 2111 2660 2158 creaturas
2688 2117 2756 2158 ex
2788 2103 2961 2157 nihilo
2985 2102 3263 2158 conditus.
3295 2118 3437 2171 esse,
3472 2106 3615 2161 sicut
3639 2122 3780 2161 non-

562 2203 699 2260 nulli
724 2215 1002 2273 perperam
1034 2182 1432 2252 existimarunt.
1464 2192 1569 2247 Sed
1601 2193 1654 2247 id
1683 2192 1832 2261 dicit,
1865 2200 2050 2263 utpote
2071 2194 2164 2264 qui
2203 2195 2464 2250 subsistat
2502 2211 2565 2250 ac
2596 2196 2934 2267 praeexsistat
2958 2206 3083 2255 ante
3127 2200 3568 2256 constitutionem
3607 2201 3779 2256 totius

563 2295 784 2362 mundi;
825 2307 854 2346 a
888 2291 1045 2346 Patre
1065 2296 1243 2345 autem
1265 2304 1364 2344 suo
1402 2302 1465 2341 ac
1488 2283 1718 2339 Domino
1747 2282 2008 2354 Princeps
2030 2300 2094 2339 ac
2119 2283 2316 2341 Rector
2347 2286 2507 2355 hujus
2540 2287 2779 2343 universi
2811 2291 3141 2346 constitutus
3166 2291 3238 2347 sit
3263 2309 3277 2346 :
3306 2290 3442 2345 adeo
3473 2298 3532 2344 ut
3554 2293 3778 2348 verbum

563 2389 671 2445 hoc
706 2387 938 2447 ἔκτισεν,
965 2383 1200 2455 positum
1239 2382 1309 2438 sit
1331 2382 1434 2436 hoc
1456 2380 1578 2432 loco
1610 2392 1708 2448 pro
1741 2376 2035 2431 constituit.
2062 2375 2221 2432 Certe
2252 2377 2529 2447 apostolus
2557 2378 2775 2445 Petrus,
2817 2382 3094 2452 principes
3125 2390 3180 2438 et
3202 2391 3443 2439 rectores
3472 2385 3567 2456 qui
3597 2382 3780 2439 homi-

561 2485 725 2539 nibus
744 2486 1001 2552 przesunt.
1037 2476 1239 2532 diserte
1265 2482 1571 2528 creaturam
1602 2470 1855 2540 appellat,
1900 2469 1988 2524 his
2031 2469 2256 2525 verbis:
2291 2468 2525 2540 Subjecti
2573 2482 2738 2528 estote
2787 2476 2932 2529 omni
2976 2476 3218 2531 humanae
3266 2487 3524 2545 creaturae
3568 2488 3782 2548 propter

560 2579 870 2635 Dominum.
896 2572 999 2628 sive
1024 2571 1130 2642 regi
1161 2570 1312 2641 quasi
1334 2566 1670 2638 prazcellenti,
1698 2565 1802 2619 sive
1844 2563 2132 2618 rectoribus
2162 2574 2407 2634 tanquam
2432 2566 2495 2619 ab
2524 2564 2619 2619 illo
2643 2566 2817 2622 missis
2838 2569 2883 2623 ⁸.
2915 2566 3181 2639 PrOpheta
3212 2582 3430 2640 quoque
3450 2585 3570 2625 cum
3594 2568 3730 2625 dicit
3759 2588 3776 2624 :

476 2698 479 2701 .
561 2673 824 2743 Prwpara
853 2681 920 2734 te,
956 2666 1149 2730 Israel,
1181 2664 1247 2718 ad
1274 2660 1621 2719 invocandum
1651 2658 1819 2714 Deum
1855 2667 2021 2722 tuum,
2049 2658 2294 2728 quoniam
2320 2675 2432 2713 ecce
2453 2661 2541 2726 qui
2576 2661 2756 2731 ﬁrmat
2813 2664 3032 2729 tonitru,
3092 2672 3142 2717 et
3193 2665 3283 2733 qui
3324 2673 3465 2719 creat
3496 2663 3778 2734 Spiritum,

560 2767 651 2842 qui
702 2762 983 2819 annuntiat
1031 2755 1323 2811 hominibus
1362 2753 1630 2809 Christum
1661 2768 1811 2807 suum
1836 2751 1877 2818 ³;
1912 2750 2014 2804 hoc
2053 2751 2276 2805 verbum
2307 2748 2526 2814 κτίζων,
2550 2767 2659 2806 non
2686 2754 2894 2824 accepit
2918 2769 3017 2824 pro
3046 2770 3111 2810 eo
3130 2754 3275 2826 quod
3308 2755 3510 2810 factum
3540 2764 3624 2812 est
3648 2772 3777 2812 cum

564 2868 725 2917 antea
753 2870 865 2912 non
891 2860 1055 2909 esset.
1086 2849 1271 2920 Neque
1301 2848 1446 2903 enim
1468 2857 1597 2902 tunc
1630 2845 1775 2902 Deus
1805 2845 2013 2900 creavit
2064 2843 2345 2916 Spiritum,
2378 2860 2502 2901 cum
2533 2846 2811 2903 Christum
2840 2863 2999 2905 suum
3033 2865 3130 2920 per
3162 2851 3314 2906 illum
3348 2853 3561 2907 cunctis
3592 2852 3773 2908 homi-

564 2952 728 3008 nibus
781 2943 1140 3001 annuntiavit.
1197 2939 1341 2993 Nihil
1370 2939 1568 3010 quippe
1614 2938 1716 2993 sub
1760 2937 1874 2992 sole
1909 2950 2106 2991 novum
2157 2946 2260 2992 est.
2296 2935 2401 2992 Sed
2435 2944 2551 2990 erat
2578 2938 2793 3007 quidem
2838 2947 2998 2994 antea
3045 2938 3281 3010 Spiritus
3312 2948 3364 2996 et
3392 2942 3725 2998 subsistebat
3757 2959 3777 2998 :

561 3045 761 3103 Missus
787 3052 863 3099 est
887 3049 1061 3097 autem
1091 3048 1210 3091 tunc
1254 3052 1369 3090 cum
1399 3035 1623 3104 apostoli
1642 3034 1939 3104 congregati
1965 3040 2154 3100 essent,
2191 3031 2400 3103 quando
2433 3049 2592 3087 sonus
2623 3034 2795 3088 instar
2822 3034 3038 3088 tonitrui
3076 3035 3249 3104 facIus
3285 3044 3362 3092 est
3399 3036 3460 3091 de
3491 3035 3618 3090 caelo
3650 3044 3780 3089 tan-

560 3155 716 3212 quam
744 3113 1042 3208 ingruentis
1070 3128 1302 3199 Spiritus
1351 3126 1658 3182 vehementis
1684 3143 1702 3180 :
1724 3138 1773 3180 et
1797 3126 1981 3196 repleti
2023 3135 2145 3179 sunt
2176 3122 2376 3193 Spiritu
2410 3134 2613 3179 sancto.
2649 3124 2825 3195 Atque
2876 3126 2949 3179 ita
2994 3125 3274 3183 Christum
3325 3126 3418 3184 Dei
3457 3127 3779 3185 hominibus

559 3231 944 3302 praedicarunt,
971 3226 1126 3296 juxta
1157 3220 1493 3293 prepbetiam
1523 3212 1643 3289 quae
1671 3219 1802 3274 dicit
1836 3239 1848 3274 :
1885 3218 2019 3274 Ecce
2035 3220 2083 3273 is
2103 3219 2188 3290 qui
2210 3220 2388 3289 ﬁrmat
2415 3219 2613 3272 tonitru
2638 3228 2687 3273 et
2719 3220 2808 3290 qui
2835 3230 2977 3274 creat
3005 3220 3349 3289 Spiritum,et
3372 3224 3462 3295 qui
3489 3229 3774 3282 annuntiat

560 3322 855 3377 hominibus
885 3317 1154 3375 Christum
1178 3331 1351 3370 suum.
1387 3311 1490 3367 Ubi
1517 3313 1839 3367 vocabulum
1867 3313 1999 3367 illud
2042 3329 2225 3366 creans
2253 3313 2491 3383 positum
2524 3322 2609 3369 est
2634 3326 2734 3384 pro
2772 3314 3003 3379 mittens,
3033 3316 3117 3371 vel
3162 3332 3261 3386 pro
3302 3317 3579 3386 disponens
3618 3328 3775 3389 atque

561 3419 900 3472 constituens.
938 3414 1166 3469 Tonitru
1208 3426 1336 3467 vero
1382 3409 1634 3465 similiter
1664 3407 1940 3479 Evangelii
1974 3408 2414 3479 praedicationem
2465 3407 2756 3478 signiﬁcat.
2812 3408 2982 3464 David
3030 3425 3247 3481 quoque
3299 3425 3423 3465 cum
3453 3411 3631 3478 dicit:
3661 3410 3778 3468 Cor

561 3505 814 3562 mundum
840 3520 961 3558 crea
984 3504 1035 3556 in
1065 3519 1165 3565 me,
1199 3501 1339 3554 Deus
1360 3500 1403 3567 ",
1426 3515 1535 3554 non
1574 3500 1677 3553 hoc
1701 3498 1837 3553 dixit
1865 3497 2021 3568 quasi
2051 3512 2147 3552 cor
2179 3508 2334 3553 antea
2362 3513 2471 3553 non
2502 3499 2725 3556 haberet
2755 3519 2767 3555 :
2796 3500 2893 3556 sed
2932 3500 3122 3555 orabat
3149 3508 3208 3555 ut
3237 3516 3392 3557 mens
3424 3517 3559 3573 pura
3586 3503 3641 3558 in
3679 3519 3774 3560 se-

561 3604 683 3672 ipso
711 3598 1081 3670 perficeretur.
1114 3596 1313 3651 Eadem
1339 3594 1552 3649 ratione
1573 3592 1776 3647 dictum
1807 3603 1890 3647 est
1914 3591 2067 3654 illud,
2089 3599 2146 3644 ut
2176 3590 2317 3646 duos
2338 3594 2390 3646 in
2417 3609 2578 3647 unum
2604 3610 2790 3648 novum
2811 3594 3072 3648 hominem
3097 3603 3318 3660 crearet,
3349 3594 3402 3650 id
3435 3605 3521 3650 est
3543 3596 3777 3665 conjun-

561 3699 732 3763 geret.
759 3689 891 3744 Vide
913 3698 1090 3743 autem
1120 3703 1298 3742 annon
1329 3685 1571 3757 ejusdem
1605 3684 1819 3756 generis
1848 3686 1919 3740 sit
1943 3689 1997 3739 et
2025 3683 2158 3738 illud
2191 3703 2205 3738 :
2239 3683 2545 3739 Induamini
2564 3702 2754 3739 novum
2775 3684 3033 3740 hominem
3072 3686 3159 3756 qui
3193 3696 3271 3740 est
3300 3686 3583 3741 secundum
3605 3687 3775 3742 Deum

561 3786 826 3843 creatus“.
854 3783 983 3839 Item
1018 3782 1181 3838 illud:
1216 3782 1275 3837 Si
1304 3797 1406 3852 qua
1429 3780 1588 3849 igitur
1613 3779 1667 3832 in
1696 3776 1907 3832 Christo
1933 3793 2065 3831 nova
2090 3788 2331 3831 creatura
2352 3794 2371 3841 ;
2392 3784 2446 3831 et
2475 3793 2809 3847 quaecunque
2843 3779 2949 3832 alia
2993 3777 3259 3847 ejusmodi
3291 3780 3515 3849 reperiri
3543 3790 3774 3849 possunt

561 3879 727 3940 abiis
749 3878 843 3950 qui
884 3876 1193 3948 Scripturas
1226 3874 1487 3931 divinitus
1515 3872 1810 3945 inspiralas
1840 3871 2057 3928 curiose
2101 3880 2445 3936 scrutantur.
2470 3871 2545 3927 Ne
2590 3873 2805 3928 mireris
2841 3889 2970 3947 ergo
3002 3874 3048 3929 si
3083 3873 3137 3927 in
3176 3873 3282 3928 hoc
3320 3874 3463 3942 loco,
3509 3875 3772 3931 Dominus

557 3972 754 4029 ereavit
780 3987 859 4026 me
883 3971 1093 4029 initium
1122 3970 1325 4024 viarum
1346 3982 1586 4029 suarum,
1619 3965 1846 4021 verbum
1877 3964 2068 4018 creavit
2098 3964 2419 4019 translative
2448 3963 2685 4034 positum
2713 3974 2797 4020 est
2823 3980 2923 4034 pro
2951 3965 3223 4020 constituit
3252 3974 3307 4019 et
3338 3976 3595 4021 rectorem
3624 3965 3775 4019 ordi-

560 4062 882 4119 navitnﬂaec
906 4062 1172 4117 Eusebius
1201 4049 1389 4121 scribit
1422 4060 1475 4115 in
1509 4056 1664 4112 libris
1690 4067 1873 4110 contra
1903 4054 2240 4110 Marcellum.
2282 4053 2413 4121 Quae
2459 4071 2559 4111 nos
2613 4055 2701 4110 hic
2749 4055 3076 4112 adduximus
3119 4062 3340 4126 prepter
3364 4072 3460 4113 eos
3490 4057 3582 4127 qui
3616 4057 3772 4111 illum

562 4158 767 4215 frustra
795 4156 1073 4210 criminari
1102 4167 1156 4210 et
1186 4152 1469 4216 traducere
1501 4159 1791 4209 conantur.
1821 4147 2004 4220 Neque
2045 4150 2187 4205 enim
2220 4150 2451 4219 probare
2480 4158 2728 4219 possunt,
2769 4148 3064 4205 Eusebium
3096 4151 3310 4205 initium
3345 4153 3597 4208 essentia:
3629 4151 3773 4207 Filio

556 4250 845 4314 tribuisse,
868 4249 1081 4305 tametsi
1109 4246 1527 4318 dispensationis
1555 4242 1836 4299 vocabulis
1871 4242 2070 4313 passim
2108 4243 2162 4297 in
2198 4243 2354 4298 libris
2384 4243 2499 4298 suis
2523 4250 2706 4297 utatur
2740 4261 2753 4297 :
2788 4244 3087 4312 praesertim
3127 4256 3250 4298 cum
3280 4243 3605 4313 scriptorum
3635 4242 3767 4297 Ori-

560 4342 977 4414 genisimitator
1006 4348 1061 4394 et
1090 4338 1387 4400 admirator
1405 4336 1696 4400 exstiterit,
1731 4335 1786 4389 in
1824 4335 2022 4405 quibus
2054 4334 2251 4390 Filium
2297 4349 2362 4390 ex
2414 4333 2575 4389 Patre
2605 4336 2845 4405 genitum
2878 4351 3094 4407 semper
3148 4335 3432 4406 praedicari
3476 4334 3775 4404 reperient,

554 4432 866 4506 quicunque
905 4431 1231 4506 reconditam
1278 4433 1527 4506 Origenis
1565 4433 1867 4491 doctrinam
1902 4432 2251 4501 intelligentia
2285 4432 2503 4503 assequi
2541 4437 2791 4504 possunt.
2823 4430 3000 4500 Atque
3028 4428 3145 4485 haec
3169 4426 3342 4484 obiter
3370 4426 3515 4483 dicta
3547 4425 3678 4493 sint,
3711 4432 3783 4484 ut

558 4500 791 4564 Eusebii
806 4503 1257 4559 obtrectatoribus
1286 4500 1663 4577 respondeam.
2008 4517 2023 4536 '

1498 4617 1839 4680 ,Sozomemts
1863 4617 1916 4677 in
1944 4615 2074 4673 libro
2105 4633 2126 4673 ι
2154 4617 2406 4677 Historia:
2431 4619 2835 4678 ecclesiasticae.

640 4721 1069 4792 Atqueanimus
1111 4717 1327 4790 quidem
1373 4720 1512 4777 erat,
1559 4714 1663 4772 hoc
1696 4728 1835 4784 opus
1876 4712 1944 4767 ab
1998 4710 2115 4780 ipso

2297 4714 2568 4788 Ὠρμήθην
2597 4715 2655 4769 δὲ
2692 4715 2752 4770 τὸ
2801 4714 3052 4789 ἀπαρχῆς
3092 4711 3293 4784 ταύτην
3328 4711 3637 4784 συγγράψαι
3676 4713 3788 4780 τὴν

562 4816 890 4873 Christiana:
922 4813 1201 4886 religionis
1232 4809 1453 4867 exordio
1503 4814 1766 4878 repetere.
1829 4804 1937 4869 Sed
1988 4820 2114 4862 cum

572 4908 1053 4967 animadverterent
1101 4906 1241 4962 alios
1276 4901 1591 4972 scriptores,
1621 4898 1954 4955 Clementem
1991 4896 2115 4955 dico

561 5008 626 5055 et
652 4996 1033 5066 Hegesippum,
1070 4998 1213 5051 viros
1247 4989 1695 5063 sapientissimos,
1719 4987 1821 5058 qui
1845 4985 2117 5056 apostolo:-

566 5105 691 5145 rum
722 5085 1054 5158 temporibus
1084 5086 1327 5156 proxime
1367 5088 1771 5144 successerunt,
1801 5078 2116 5141 Africanum

567 5188 829 5240 ἵππιοι-οτι
882 5177 1231 5241 historicum,
1287 5183 1342 5233 et
1390 5173 1712 5236 Eusebium,
1758 5175 2117 5242 cognomento

564 5271 906 5344 Pamphilum
935 5270 1132 5342 (virum
1168 5278 1278 5323 tum
1317 5270 1371 5324 in
1417 5264 1588 5323 sacris
1640 5262 1855 5326 litteris,
1904 5269 2017 5315 tum
2060 5259 2116 5314 in

566 5366 740 5425 noctis
774 5363 1003 5434 aliisque
1043 5361 1397 5431 scriptoribus
1450 5356 1741 5430 gentilibus
1777 5350 2116 5411 exercitatis-

565 5456 811 5527 simum),
842 5455 982 5510 idem
1014 5454 1191 5525 ipsum
1217 5452 1288 5507 ad
1312 5468 1410 5508 sua
1442 5453 1684 5523 ipsorum
1708 5444 2115 5520 temporascri-

555 5550 693 5611 bere
718 5563 1023 5622 aggressos,
1045 5554 1151 5604 etc.

2218 4807 2594 4879 πραγματείαν
2618 4825 2631 4839 ·
2675 4807 3022 4879 λογισάμενος
3053 4806 3110 4860 δὲ
3151 4805 3228 4869 ὼς
3272 4805 3365 4859 καὶ
3397 4804 3543 4859 ἄλλοι
3576 4802 3791 4877 ταύτης

2214 4901 2584 4974 ἐπειράθησαν
2619 4901 2778 4972 μέχρι
2797 4900 2904 4954 τῶν
2932 4901 3050 4954 κατ’
3076 4898 3271 4962 αὐτοὺς
3297 4899 3519 4971 χρόνων,
3546 4894 3791 4968 Κλήμης

2218 5012 2278 5050 τε
2305 4996 2399 5049 καὶ
2442 4995 2794 5066 Ἡγήσιππος,
2837 4992 3025 5065 ἄνδρες
3067 4991 3382 5060 σοφώτατοι,
3422 4993 3485 5062 τῇ
3513 4989 3620 5043 τῶν
3647 4992 3792 5044 ἀπο-

2224 5088 2420 5143 στόλων
2448 5088 2657 5160 διαδοχῇ
2698 5085 3285 5159 παρακολουθήσαντες,
3336 5085 3429 5139 καὶ
3462 5084 3791 5157 Ἀφρικανὸς

2219 5183 2249 5234 ὁ
2287 5181 2651 5252 συγγραφεὺς,
2703 5178 2796 5232 καὶ
2843 5178 3095 5240 Εὐσέϐιος
3138 5180 3168 5231 ὁ
3207 5176 3433 5247 ἐπίκλην
3472 5174 3787 5246 Παμφίλου,

2220 5271 2360 5343 ἀνὴρ
2391 5270 2498 5323 τῶν
2534 5269 2689 5324 θείων
2714 5268 2942 5339 Γραφῶν
2968 5270 3061 5322 καὶ
3089 5269 3195 5322 τῶν
3222 5270 3350 5340 παρ’
3379 5266 3604 5338 Ἕλλησι
3631 5281 3791 5340 ποιη-

2220 5363 2327 5417 τῶν
2351 5362 2446 5416 καὶ
2475 5362 2827 5433 συγγραφέων
2868 5360 3337 5432 πολυμαθέστατος
3374 5360 3561 5431 ἴστωρ.

620 5664 841 5725 “Prov.
878 5665 1104 5750 “33,22.
1162 5668 1197 5737 g’
1231 5662 1263 5720 Ι
1302 5663 1447 5721 Petr.
1491 5680 1550 5731 tt,
1592 5664 1674 5721 Η.
1719 5663 1772 5743 ’³
1799 5662 1958 5716 Amos
2004 5675 2075 5725 Iv,
2114 5657 2199 5714 i3.
2326 5655 2558 5721 Psal.—L,
2594 5648 2712 5710 12."
2756 5652 2778 5685 ⁸
2811 5648 3002 5720 Ephes.
3037 5663 3115 5715 tv,
3141 5646 3255 5717 94η
