4060 6244
354 253 425 307 77
1319 249 1658 308 VETERUM
1697 249 2117 307 TESTIMONIA
2155 250 2291 307 PRO
2324 251 2645 312 EUSEBIO.
3521 255 3585 308 7S

1524 369 1788 425 Victorius
1815 371 1867 426 in
1892 369 2116 428 Canone
2151 371 2424 428 Pascliali.

428 463 729 521 Recensitis
750 464 915 535 igitur
946 465 1196 520 ﬁdelibus
1217 463 1464 521 historiis
1487 475 1751 531 veterum,
1776 465 1921 520 beati
1943 464 2150 521 scilicet
2175 464 2392 522 Eusebii
2414 464 2767 521 Caesariensis
2790 463 3089 520 Palaestinae
3109 464 3343 520 civitatis
3371 465 3583 534 cpisco-

359 561 434 631 pi,
461 560 558 614 viri
592 560 646 612 in
680 559 874 628 primis
928 559 1285 616 eruditissimi
1345 571 1504 630 atque
1568 559 1893 626 doctissimi,
1941 559 2213 615 Chronicis
2262 562 2625 632 prologoque;
2678 577 2739 614 ac
2770 560 2992 633 perinde
3038 560 3122 614 bis
3154 577 3273 631 quae
3319 576 3348 614 a
3383 570 3586 616 sancta:

358 651 631 707 memoria:
661 650 992 724 Hieronymo
1021 651 1232 708 hisdem
1263 651 1538 707 Chronicis
1563 660 1690 709 sunt
1718 652 1948 722 adjecta.

356 766 714 838 Hieronymus
754 767 807 821 in
835 765 1080 837 Epistola
1109 765 1176 820 ad
1207 763 1572 822 Chromatium
1596 764 2047 849 etolleliotlorum,
2085 766 2528 846 quemne/igitur
2561 764 2944 838 Martyrologio
2977 767 3113 836 quod
3158 767 3222 822 Β.
3273 765 3585 840 Hieronymi

1639 847 1946 904 inscrtptum
1971 847 2048 890 εει
2078 853 2303 891 ηοηιιηε.

424 953 657 1011 Constat
689 954 973 1010 Dominum
1001 962 1250 1010 nostrum
1296 953 1482 1010 Iesum
1522 954 1800 1010 Christum
1831 953 1976 1009 omni
2011 953 2098 1009 die
2131 960 2432 1025 martyrum
2465 970 2688 1010 suorum
2719 955 3022 1025 triumphos
3050 956 3323 1024 excipere,
3351 969 3584 1025 quorum

356 1049 642 1120 passiones
667 1063 698 1102 a
732 1056 926 1103 sancto
956 1047 1190 1103 Eusebio
1217 1046 1542 1103 Caesariensi
1565 1048 1824 1119 episcopo
1866 1049 2100 1118 scriptas
2142 1048 2463 1117 reperimus.
2504 1048 2639 1112 Nam.
2682 1048 3077 1105 Constantinus
3127 1049 3426 1121 Augustus,
3459 1062 3583 1102 cum

353 1143 662 1200 Cassaream
692 1140 884 1196 fuisset
923 1141 1222 1211 ingressus,
1257 1148 1310 1194 et
1332 1140 1539 1195 diceret
1560 1148 1860 1195 memorato
1884 1140 2134 1205 antistiti,
2166 1148 2226 1193 ut
2247 1146 2452 1210 peteret
2475 1139 2655 1210 aliqua
2683 1140 2940 1195 beneﬁcia
2975 1140 3299 1196 Caesariensi
3332 1137 3586 1196 Ecclesia:

366 1218 676 1309 profutura,
715 1233 914 1303 legitur
940 1232 1292 1303 respondisse
1314 1231 1609 1287 Eusebium
1646 1248 1658 1283 :
1693 1232 1899 1303 Opibus
1934 1233 2050 1286 suis
2079 1231 2380 1286 Ecelesiam
2405 1231 2651 1296 ditatam,
2684 1231 2831 1286 nulla
2853 1233 3067 1302 petendi
3099 1233 3359 1304 beneﬁcia
3389 1249 3582 1290 neces-

357 1334 524 1391 sitate
554 1329 801 1398 compelli
827 1348 841 1384 :
881 1327 985 1382 sibi
1015 1335 1196 1382 tamen
1214 1327 1546 1382 desiderium
1578 1327 1856 1382 immobile
1877 1325 2172 1389 exstitisse,
2206 1333 2264 1378 ut
2297 1323 2560 1396 quidquid
2590 1326 2644 1379 in
2678 1327 2952 1396 republica
2982 1325 3225 1382 Romana
3267 1336 3477 1398 gestum
3511 1328 3583 1384 sit

356 1434 487 1493 erga
517 1431 735 1480 sanctos
763 1419 858 1475 Dei
888 1435 984 1491 per
1024 1419 1239 1490 judices
1269 1419 1548 1490 judicibus
1577 1418 1932 1475 succedentes
1970 1403 2024 1472 in
2056 1418 2312 1472 universo
2355 1418 2487 1472 orbe
2529 1416 2796 1481 Romano,
2856 1417 3087 1474 sollicita
3140 1421 3576 1488 perscrutatione

358 1520 708 1568 monumenta
741 1513 958 1583 publica
990 1511 1333 1567 discutiendo
1363 1510 1772 1581 perquirerent;
1803 1518 1856 1564 et
1895 1509 1988 1578 qui
2043 1517 2340 1580 martyrum
2369 1523 2400 1562 a
2439 1524 2548 1579 quo
2569 1509 2772 1580 judice,
2799 1511 2853 1565 in
2883 1526 2990 1580 qua
3031 1512 3314 1582 provincia
3336 1513 3418 1569 vel
3448 1513 3584 1569 civi-

359 1612 490 1668 tate,
514 1620 618 1676 qua
650 1605 739 1660 die
761 1620 937 1676 quave
962 1604 1387 1675 perseverantia,
1419 1601 1688 1672 passionis
1731 1616 1842 1656 suae
1876 1600 2213 1655 obtinuerint
2236 1599 2494 1670 palmam,
2528 1602 2596 1658 de
2623 1603 2758 1674 ipsis
2784 1603 3018 1659 archivis
3051 1603 3286 1664 sublata.
3327 1606 3428 1676 ipsi
3474 1606 3584 1662 Eu-

357 1695 510 1751 sebio
543 1697 695 1768 regio
713 1695 873 1766 jussu
906 1696 1226 1766 dirigerent.
1257 1693 1414 1749 Unde
1460 1694 1664 1748 factum
1694 1702 1800 1759 est,
1828 1701 1886 1746 ut
1932 1690 2162 1747 idoneus
2197 1692 2398 1747 relator
2425 1693 2716 1757 exsistens,
2741 1706 2792 1750 et
2821 1694 3251 1751 Ecclesiasticam
3277 1697 3579 1755 Historiam

358 1796 587 1853 texeret,
610 1795 665 1843 et
693 1787 936 1843 omnium
977 1802 1115 1858 pene
1154 1793 1456 1858 martyrum
1499 1785 1902 1856 provinciarum
1941 1782 2186 1837 omnium
2219 1785 2584 1840 Romanarum
2616 1794 2814 1858 tropzea
2841 1788 3073 1858 diligens
3106 1788 3580 1861 bistoriograpbus

362 1881 681 1938 declararet.

1308 1946 1548 2001 Gelasius
1573 1962 1711 2015 papa
1738 1948 1791 2000 in
1811 1944 2014 2000 decreto
2045 1943 2107 1997 de
2147 1944 2293 1998 libris
2319 1946 2648 2015 apocryphis.

436 2067 568 2122 item
602 2066 857 2123 Chronica
890 2063 1106 2121 Eusebii
1129 2062 1505 2126 Caesariensis,
1537 2068 1592 2115 et
1617 2059 1863 2128 ejusdem
1903 2057 2287 2113 Ecclesiasticte
2311 2056 2544 2112 historia:
2567 2059 2732 2114 libros
2753 2105 2767 2128 ,
2811 2061 3134 2129 quamvisin
3180 2061 3357 2132 primo
3389 2075 3578 2118 narra-

364 2161 530 2215 tionis
561 2175 672 2215 suae
702 2159 837 2214 libro
863 2159 1113 2229 tepuerit,
1143 2166 1198 2213 et
1227 2164 1415 2228 postea
1450 2154 1504 2207 in
1538 2153 1794 2207 laudibus
1824 2160 1988 2222 atque
2021 2151 2370 2206 excusatione
2391 2148 2638 2221 Origenis
2671 2151 3008 2207 schismatici
3034 2169 3200 2209 unum
3231 2157 3576 2227 conscripse-

359 2251 432 2304 rit
465 2250 686 2312 librum,
710 2256 931 2318 prapter
956 2263 1137 2303 rerum
1173 2244 1620 2319 tameuuotitiam
1647 2243 1998 2314 singularem,
2031 2255 2149 2312 quae
2182 2240 2248 2294 ad
2282 2241 2694 2296 instructione‘m
2724 2243 3014 2313 pertinent,
3048 2261 3437 2319 usquequaque
3467 2268 3577 2308 non

354 2341 590 2399 dicimus
625 2339 952 2396 renuendos.

1458 2425 1608 2480 Idem
1642 2425 1696 2478 in
1718 2423 1854 2479 libro
1882 2423 1957 2478 De
1985 2422 2199 2479 duabus
2233 2425 2464 2480 naturis.

427 2547 499 2605 Ut
519 2547 756 2618 idipsum
791 2545 1032 2600 dicentes
1057 2559 1165 2600 uno
1187 2543 1372 2607 corde,
1415 2556 1634 2612 unoque
1660 2554 1774 2603 ore,
1808 2545 1862 2594 et
1904 2537 2192 2594 credamus
2221 2537 2364 2608 quod
2395 2554 2424 2592 a
2452 2540 2748 2610 majoribus
2789 2542 2992 2597 nostris
3036 2546 3364 2616 accepimus,
3397 2557 3450 2604 et
3482 2551 3579 2605 do-

356 2648 521 2698 nante
544 2639 777 2694 Domino
801 2636 1084 2693 tradamus
1116 2637 1348 2708 posteris
1383 2634 1771 2696 conﬁtendum,
1803 2647 1926 2686 cum
1964 2632 2164 2702 quibus
2199 2632 2404 2688 unitam
2431 2633 2590 2688 ﬁdem
2625 2633 2734 2690 Deo
2755 2632 2988 2706 propitio
3017 2637 3310 2706 perdurare
3339 2643 3579 2700 Catholi-

355 2747 546 2790 corum
577 2730 822 2800 subjecta
851 2729 1155 2784 testimonia
1187 2728 1570 2798 magistrorum
1591 2726 1860 2783 recensita
1882 2731 2172 2779 testantur.
2199 2721 2268 2778 Et
2289 2726 2447 2794 paulo
2478 2725 2856 2794 post:Eusebii
2876 2730 3117 2800 episcOpi
3149 2730 3579 2804 Palaestinensis,

353 2831 715 2896 cognomento
745 2820 1036 2893 Pamphili,
1070 2838 1137 2878 ex
1170 2823 1508 2894 expositione
1533 2821 1729 2892 psalmi
1777 2818 2016 2890 septimi,
2051 2829 2156 2874 etc.
2209 2821 2338 2876 Item
2383 2822 2629 2892 ejusdem
2674 2838 2741 2878 ex
2798 2821 3116 2894 Evangelica
3171 2831 3576 2898 preparations,

359 2921 458 2975 lib.
489 2933 587 2973 vn.
735 2989 977 3060 pelagias
994 2987 1058 3044 η
1082 3000 1217 3055 papa
1246 2986 1298 3039 in
1327 2983 1569 3054 Epistola
1589 2984 1642 3050 5,
1674 2982 1743 3037 ad
1766 2981 1946 3036 Eliam
1965 2978 2348 3050 Aquileiensem
2361 2991 2412 3036 et
2439 2983 2572 3038 alios
2604 2983 2870 3055 episcopos
2903 2985 3101 3043 Istriw.

427 3098 568 3173 Quid
592 3119 825 3174 namque
845 3105 898 3159 in
925 3103 1302 3158 baeresiarchis
1324 3103 1557 3175 Origene
1589 3104 1850 3172 deterius,
1883 3117 1939 3165 et
1970 3107 2102 3181 quid
2141 3107 2193 3160 in
2237 3105 2692 3177 bistoriographis
2736 3105 2965 3162 inveniri
3008 3107 3243 3165 Eusebio
3287 3110 3581 3170 honorabi-

356 3199 469 3254 lius
499 3199 710 3268 potest?
732 3196 796 3251 Et
820 3199 943 3270 quis
968 3205 1215 3253 nostrum
1249 3199 1444 3261 nescit,
1472 3199 1528 3253 in
1570 3199 1724 3256 libris
1775 3203 1892 3258 suis
1925 3201 2147 3273 quantis
2183 3197 2471 3274 Origenem
2525 3200 2793 3256 Eusebius
2838 3204 3124 3271 praeconiis
3179 3207 3432 3262 attollat?
3472 3195 3596 3265 Sed.

362 3291 492 3364 quia
522 3298 704 3346 sancta
735 3291 975 3346 Ecclesia
1003 3306 1228 3346 suorum
1256 3291 1493 3347 ﬁdelium
1553 3293 1716 3349 corda
1748 3295 2037 3367 benignius
2068 3310 2230 3368 quam
2257 3295 2424 3349 verba
2474 3293 2778 3350 districtius
2816 3304 3025 3364 pensat,
3070 3312 3172 3352 nec
3203 3299 3259 3352 in
3310 3299 3578 3358 haereticis

357 3401 578 3442 sensum
605 3386 880 3458 proprium
908 3386 1128 3442 testatio
1153 3382 1372 3441 Eusebii
1409 3385 1691 3442 absolvere
1729 3389 1903 3459 potuit
1932 3408 1945 3444 :
1978 3404 2078 3444 nec
2112 3402 2330 3442 rursum
2359 3385 2653 3442 Eusebium
2682 3384 2888 3440 laudati
2937 3386 3187 3460 Origeuis
3235 3391 3392 3462 culpa
3421 3394 3576 3450 dam.

353 3487 524 3538 mm"
1460 3547 1741 3620 Euagrius,
1779 3549 1913 3605 lib.t
1949 3547 2222 3612 Historiae,
2256 3565 2372 3618 cap.
2400 3549 2452 3602 1.

420 3663 668 3734 Εὑσεὸίῳ
693 3662 772 3733 τῷ
796 3663 1101 3734 Παμφίλου,
1126 3663 1261 3736 ἀνὴρ
1286 3665 1343 3719 δὲ
1369 3665 1424 3727 ἐς
1460 3663 1527 3717 τὰ
1575 3664 1805 3735 μάλιστα
1832 3664 1917 3718 λό-
1941 3675 1988 3732 Α

1976 3678 1988 3732 ι
2089 3662 2361 3718 Eusebius
2389 3663 2681 3734 Pamphili,
2707 3664 2790 3719 vir
2813 3679 2937 3719 cum
2964 3665 3021 3720 in
3049 3667 3171 3722 aliis
3207 3671 3372 3727 rebus
3404 3671 3579 3730 diser.

349 3771 467 3825 τιος
490 3757 519 3808 6
547 3753 831 3826 Παμφίλου
865 3755 932 3807 τά
954 3771 1012 3806 τε
1045 3754 1197 3818 ἄλλα,
1233 3754 1326 3807 καὶ
1363 3752 1498 3806 ὥστε
1525 3749 1635 3816 οἷός
1680 3770 1738 3806 τε
1778 3749 1911 3807 εἶναι

2015 3756 2281 3821 tissimus,
2306 3764 2418 3810 tum
2451 3758 2504 3811 in
2528 3758 2814 3813 scribendo
2838 3766 3047 3814 tantum
3083 3762 3288 3828 valens,
3320 3772 3378 3820 ut
3410 3771 3581 3838 possit

353 3846 557 3900 πείθειν
574 3847 647 3918 (a)
664 3847 789 3910 τοὺς
801 3845 1214 3917 ἐντυγχάνοντας
1225 3845 1544 3919 θρησκεύειν
1559 3844 1628 3898 τὰ
1651 3846 1910 3920 ἡμέτερα,

2017 3849 2250 3904 lectores
2283 3863 2432 3913 suos,
2469 3849 2514 3904 si
2551 3864 2656 3904 non
2690 3850 2928 3921 perfecte
2956 3851 3167 3909 edicere
3212 3854 3573 3927 Christianos,

353 3941 406 3992 el
439 3940 529 3995 καὶ
561 3941 634 4012 μὴ
661 3938 780 3994 λίαν
805 3939 1045 4012 ἀκριϐεῖς
1073 3937 1177 3993 οἶδε
1215 3943 1402 3994 ποιεῖν.

2018 3940 2093 3994 ita
2121 3947 2301 3995 tamen
2343 3941 2636 4012 impellere,
2666 3950 2723 3997 ut
2747 3951 2931 3997 nostra
2972 3943 3202 4000 libenter
3245 3945 3577 4020 amplectan-

2020 4038 2128 4086 tur.

913 4145 1194 4216 Gregorius
1218 4144 1444 4215 Magnus
1479 4145 1532 4198 in
1563 4144 1784 4213 epistola
1819 4143 1887 4198 ad
1924 4145 2209 4218 Eulogium
2241 4148 2662 4203 Alexandrinum
2691 4151 3013 4217 episcopum,

426 4238 504 4294 Ex
524 4240 857 4296 audientium
882 4255 1109 4295 numero
1133 4253 1281 4293 nunc
1309 4237 1489 4293 factus
1517 4253 1660 4302 sum,
1701 4238 1790 4292 cui
1821 4240 2169 4296 sanctissima
2198 4253 2380 4297 vestra
2411 4243 2694 4299 beatitudo
2723 4244 2963 4298 scribere
2998 4247 3229 4312 studuit,
3260 4258 3318 4304 ut
3347 4258 3575 4306 cuncto-

347 4349 472 4388 rum
503 4341 800 4405 martyrum
828 4344 980 4406 gesta
1020 4351 1140 4407 quas
1178 4337 1281 4406 pia:
1329 4336 1609 4392 memorias
1655 4335 1999 4392 Constantini
2048 4339 2387 4408 temporibus
2416 4341 2485 4396 ab
2533 4339 2767 4396 Eusebio
2811 4343 3133 4400 Caesariensi
3163 4346 3391 4400 collecta
3422 4355 3573 4409 sunt,

348 4427 721 4483 transmittere
749 4427 1061 4482 debeamus.
1097 4426 1201 4484 Sed
1216 4426 1329 4483 haec
1343 4443 1519 4498 neque
1545 4428 1593 4483 si
1615 4429 1846 4483 collecta
1877 4443 1984 4483 non
2015 4431 2146 4493 sint,
2179 4449 2356 4503 neque
2383 4435 2429 4489 si
2458 4436 2588 4500 sint,
2620 4443 2746 4490 ante
2773 4448 2968 4493 vestra:
2987 4437 3340 4492 beatitudinis
3367 4439 3573 4513 scripta

348 4515 602 4587 cegnovi.
627 4515 740 4585 Ago
771 4531 902 4586 ergo
935 4517 1162 4584 gratias,
1194 4517 1323 4585 quia
1364 4516 1727 4572 sanctissimae
1766 4525 1961 4573 vestrae
1990 4518 2252 4577 doctrinae
2289 4525 2511 4593 scriptis
2545 4525 2815 4585 eruditus.
2852 4529 2993 4597 εαξρί
3025 4529 3166 4584 scire
3191 4527 3334 4598 quod
3365 4532 3575 4585 nescie-

346 4607 493 4661 bam.
522 4604 727 4660 Practer
755 4606 844 4659 illa
865 4605 1008 4659 enim
1042 4620 1162 4675 quae
1193 4607 1247 4659 in
1275 4605 1522 4674 ejusdem
1553 4605 1775 4661 Eusebii
1807 4606 1962 4662 libris
1991 4607 2069 4663 De
2097 4613 2256 4681 gestis
2295 4623 2597 4668 sanctorum
2625 4625 2919 4687 martyrum
2947 4619 3318 4685 continentur,
3349 4623 3495 4680 nulla
3518 4624 3573 4678 in

346 4697 573 4752 archivo
594 4696 758 4765 hujus
784 4704 983 4751 nostrae
1014 4696 1290 4762 Ecclesiae,
1320 4699 1405 4753 vel
1452 4699 1507 4752 in
1555 4697 1816 4754 Romana:
1871 4701 2024 4758 urbis
2060 4703 2406 4762 bibliothecis
2450 4723 2572 4763 esse
2603 4711 2852 4780 cognovi,
2881 4711 2985 4766 nisi
3035 4726 3208 4781 pauca
3238 4715 3485 4784 quaedam
3514 4715 3572 4774 in

345 4789 513 4844 unius
537 4789 743 4844 codicis
771 4789 1043 4844 volumine
1074 4791 1320 4845 collecta.

1017 4905 1259 4963 Gelasius
1291 4909 1580 4981 Cyzicenus
1609 4913 1663 4968 in
1687 4913 1823 4968 libro
1848 4917 2074 4973 secundo
2097 4919 2173 4975 De
2198 4921 2406 4992 synodo
2433 4919 2673 4986 Nicaeus,
2705 4937 2820 4990 cap.
2857 4923 2908 4976 i.

429 5016 771 5089 ’Δκούσωμεν
802 5019 864 5091 δὴ
901 5021 953 5075 τί
996 5023 1227 5078 ἐνταῦθα
1260 5024 1407 5095 λέγει
1454 5030 1547 5084 καὶ
1589 5031 1617 5084 6
1653 5031 1856 5104 ἀροτὴρ
1886 5034 1914 5086 6
1944 5042 1990 5102 Β

1972 5046 1990 5100 ι
2085 5035 2383 5090 Audiamus
2418 5051 2550 5094 sane
2595 5037 2728 5109 quid
2776 5037 2865 5091 hic
2889 5035 3037 5097 dicat
3089 5040 3575 5108 praestantissimus

349 5107 621 5175 κάλλιστος
651 5113 752 5182 τῆς
781 5113 1235 5188 ὲκκλησιαστικῆς
1281 5121 1572 5190 γεωργίας,
1607 5124 1636 5176 ὁ
1677 5122 1903 5197 φιλαλη-

2014 5126 2368 5184 ecclesiastici
2407 5126 2560 5183 fundi
2608 5107 2811 5191 arator,
2859 5128 2948 5183 ille
2990 5107 3102 5184 veri
3136 5131 3573 5192 studiosissimus

350 5197 594 5298 Θεσταξος
639 5203 895 5269 Εὐσέϐιος
937 5208 965 5259 6
991 5206 1104 5298 ,τοῦ
1157 5211 1457 5280 παμφήμου
1505 5213 1804 5284 Hesperiae.
1849 5218 1906 5270 '0

2011 5216 2302 5283 Eusebius,
2342 5218 2679 5274 celeberrimi
2713 5215 2978 5292 Pamphili
3030 5229 3388 5289 cognomento
3443 5223 3576 5279 insi-

349 5288 452 5362 μὲν
476 5286 564 5388 οξν
581 5295 834 5360 Λικίνιος,
865 5287 1016 5369 φησῖ,
1039 5299 1134 5370 τὴν
1160 5300 1348 5371 ὁμοίαν
1370 5305 1478 5367 τοῖς
1502 5303 1680 5368 ἀθέοις
1705 5307 1902 5379 τυράν-

2010 5310 2150 5381 guis.
2185 5308 2425 5368 Licinius
2453 5308 2692 5380 quidem,
2722 5286 2916 5378 inquit,
2947 5286 3189 5365 eamdem
3219 5327 3382 5387 quam
3412 5329 3574 5388 supc-

343 5398 459 5445 νοις
485 5382 581 5454 τῆς
609 5387 859 5452 ἀσεϐείας
886 5391 1153 5461 μετελθὼν
1193 5394 1328 5459 ὁδὸν,
1355 5395 1446 5448 ἐπὶ
1467 5396 1555 5450 τὸν
1586 5397 1696 5452 ἴσον
1721 5401 1903 5464 αὐτοῖς

2010 5403 2184 5458 riores
2241 5402 2321 5464 illi
2374 5404 2515 5458 viam
2578 5401 2872 5471 impietatis
2935 5382 3572 5469 insistens,amerito-in

336 5474 566 5571 Ev5latuic
594 5481 914 5571 nsptqvéxﬁn
952 5485 1212 5556 κρημνόν,
1247 5495 1377 5552 etc.,
1417 5504 1536 5559 quae
1564 5490 1813 5561 leguntur
1853 5494 1904 5546 in

2013 5493 2263 5551 eumdem
2301 5509 2425 5550 cum
2467 5492 2573 5546 illis
2623 5491 2776 5547 exitii
2832 5494 3099 5564 gurgitem
3155 5501 3239 5550 est
3293 5495 3569 5571 delapsus,

335 5564 446 5622 line
481 5566 609 5623 libri
641 5569 834 5627 decimi
882 5572 1138 5631 Historia:
1185 5577 1575 5636 ecclesiasticae.
1602 5581 1850 5637 Τοσαῦτα
1875 5586 1904 5639 ὁ
2009 5594 2113 5642 etc.
2145 5582 2420 5641 Hactenus
2441 5591 2685 5640 veterum
2727 5585 3117 5641 ecclesiastica
3159 5585 3402 5645 historia:
3417 5564 3566 5647 seri?

408 5683 747 5761 la)_Ilslt9etr
774 5692 936 5760 τούς.
978 5693 1069 5753 Sic
1097 5698 1402 5758 mutatione
1423 5701 1834 5763 emendavimus
1859 5703 2006 5775 quod

1993 5703 2184 5789 lprius
2204 5704 2358 5790 male
2387 5703 2676 5792 legebatur,
2692 5706 2819 5775 τοὺς
2859 5704 3089 5766 «ciem.
3136 5705 3296 5767 EDI’I.
3325 5706 3496 5765 Pun.
3592 5727 3596 5739 ι
