3986 6218
537 306 606 362 79

1446 288 1449 291 ⁴
1495 294 1828 353 νΕτειιυΜ
1869 288 2283 347 TESTIMONIA
2320 285 2457 343 PRO
2495 285 2805 343 EUSEBIO.

3688 282 3761 339 80

536 434 752 498 ptorum
802 418 907 474 tide
952 416 1305 488 dignissimus
1352 412 1618 468 Eusebius
1682 410 1968 481 Pamphili.
1999 407 2090 479 qui

2213 406 2300 459 τῶν
2323 404 2560 478 ἀρχαίων
2586 402 3045 475 ὲκκλησιαστικῶν
3076 401 3432 471 συγγραφέων
3453 400 3763 465 ἀξιοπιστό-

539 509 953 585 quamplurimis
988 513 1282 577 martyrum
1333 503 1721 560 certaminibus
1775 499 2095 570 conquisitis

542 613 704 676 atque
730 601 1089 672 investigatis,
1118 615 1183 652 ex
1216 598 1283 651 iis
1312 614 1432 669 quae
1457 595 1688 666 simplici
1717 609 1780 648 ac
1803 593 1925 646 rudi
1956 591 2096 663 stylo

542 699 746 768 scripta
774 695 988 750 fuerant
1031 692 1236 764 eligens
1270 703 1431 763 atque
1477 702 1794 755 excerpens,
1830 684 2094 739 Ecclesia-

541 788 727 841 sticam
780 784 1056 837 historiam
1110 782 1296 837 decem
1355 776 1578 833 omnino
1643 773 1796 828 libris
1847 779 2099 826 accurate

541 873 905 944 conscriptam
964 871 1119 926 nobis
1156 869 1395 939 reliquit,
1446 865 1708 934 incipiens
1762 863 1977 933 quidem
2028 861 2096 915 ab

543 967 775 1022 adventu
808 963 1041 1025 Domini,
1082 974 1404 1033 progressus
1450 972 1577 1013 vero
1625 956 1692 1011 ad
1733 969 1798 1009 ea
1839 968 1958 1025 quae
1986 953 2098 1008 dixi

541 1067 812 1129 tempora,
843 1071 951 1110 non
981 1055 1098 1109 sine
1146 1050 1348 1122 ingenti
1394 1049 1597 1104 labore.
1644 1046 1927 1112 Quomodo
1955 1045 2098 1100 enim

545 1155 700 1209 aliter
728 1150 841 1207 ﬁeri
874 1148 1049 1221 potuit
1075 1147 1142 1200 ab
1171 1160 1256 1207 eo,
1288 1142 1380 1212 qui
1426 1149 1631 1195 tantam
1681 1154 1867 1194 curam
1913 1153 2101 1193 susce-

543 1248 645 1319 pit,
680 1238 754 1299 ‘ut
801 1238 1112 1311 hujusmodi
1164 1234 1501 1290 collectionis
1549 1231 1886 1286 harmoniam
1940 1229 2100 1284 nobis

546 1331 934 1394 conservaret?
978 1332 1085 1385 imo
1125 1343 1254 1383 vero
1280 1339 1574 1389 summum,
1595 1322 1806 1387 utdixi,
1840 1322 2098 1399 studium,

545 1437 600 1485 et
619 1426 987 1485 incredibilem
1016 1419 1221 1475 laboris
1251 1418 1459 1488 copiam
1483 1416 1550 1471 ad
1580 1415 1634 1471 id
1662 1416 1909 1471 contulit.
1935 1413 2102 1469 Nemo

546 1534 709 1591 porro
736 1516 1006 1574 existimet
1041 1526 1106 1566 ex
1135 1509 1203 1565 iis
1231 1521 1353 1578 quae
1398 1506 1465 1562 de
1493 1506 1586 1561 illo
1623 1506 2098 1567 circumferuntur,

546 1613 725 1667 virum
748 1609 893 1663 hunc
924 1606 980 1659 in
1008 1602 1123 1657 Arii
1166 1599 1497 1671 impietatem
1530 1612 1768 1667 unquam
1797 1595 2103 1652 concessis-

550 1720 610 1760 se
642 1721 657 1757 :
693 1700 789 1757 sed
822 1696 1028 1760 credat,
1060 1694 1108 1749 si
1158 1690 1424 1763 quaepiam
1465 1689 1690 1760 protulit
1730 1696 1825 1743 aut
1856 1688 2097 1758 scripsit,

694 1754 890 1865 dogma
920 1754 1193 1845 tantillum
1221 1754 1545 1846 subolenlia,
1580 1796 1642 1837 ea
1678 1795 1787 1835 non
1817 1796 1882 1835 ex
1932 1754 2098 1850 impio
2134 1754 2177 1812 Β

548 1888 695 1943 illius
729 1900 895 1941 sensu
929 1880 1221 1952 protulisse
1254 1890 1492 1947 unquam
1531 1879 1625 1926 aut
1659 1870 1968 1940 scripsisse,
2002 1869 2098 1925 sed

546 1993 615 2034 ex
642 1976 825 2032 minus
856 1972 1073 2028 curiosa
1104 1982 1404 2041 parumque
1448 1963 1682 2019 sollicita
1731 1960 2098 2032 simplicitate,

550 2076 610 2123 ut
642 2068 759 2138 ipse
800 2065 856 2119 in
891 2064 1030 2118 libro
1073 2060 1403 2133 Apologetico
1443 2071 1603 2127 quem
1652 2053 1721 2108 ad
1766 2052 2101 2109 orthodoxos

548 2173 740 2215 omnes
762 2157 1047 2227 episcopos
1080 2152 1262 2217 misit,
1299 2150 1512 2222 plenius
1542 2145 1881 2219 approbavit.

2197 518 2355 564 τατος
2401 499 2653 563 Εὐσέϐιος
2697 501 2724 552 ὁ
2774 498 2867 554 τοῦ
2915 497 3219 569 Παμφίλου,
3279 494 3561 558 πλείστους
3602 496 3763 561 ὅσους

2199 592 2413 661 ἀγῶνας
2443 591 2663 663 θέμενος
2692 592 2785 644 καὶ
2810 573 3307 661 διερευνησάμενος,
3349 588 3414 640 ὲκ
3437 586 3544 641 τῶν
3574 588 3763 651 ἁπλῶς

2198 685 2427 757 ἐχόντων
2455 683 2553 755 τὴν
2592 683 2855 754 ἀναλογὴν
2905 682 3284 753 ποιησάμενος,
3326 680 3384 733 ὲν
3414 680 3545 733 δέκα
3576 681 3763 751 τόμοις

2198 776 2337 838 ὅλοις
2359 774 2425 828 τά
2438 778 2537 848 τῆς
2551 772 3086 842 Ἑκκλησιαστικῆς
3098 774 3230 844 ἡμῖν
3243 777 3506 845 ἱστορίας
3520 772 3767 842 ἀκριϐῶς

2199 868 2618 923 καταλέλοιπεν’
2660 865 2959 937 ἀρξάμενος
2997 865 3093 935 μὲν
3133 864 3243 917 ἀπὸ
3281 863 3381 933 τῆς
3421 863 3517 917 τοῦ
3555 864 3763 933 Κυρίου

2200 961 2520 1032 παρουσίας,
2547 958 2838 1029 πληρώσας
2862 956 2917 1010 δὲ
2941 958 3021 1020 είς
3046 955 3232 1009 τούσδε
3263 954 3389 1019 τοὺς
3412 956 3634 1026 χρόνους
3660 956 3764 1009 οὐκ

2199 1054 2436 1118 ἀπόνωςο
2470 1053 2587 1114 πῶς
2616 1051 2725 1121 γὰρ
2748 1047 2861 1104 οἷόν
2888 1065 2948 1102 τε
2978 1044 3045 1120 ἦν
3072 1047 3337 1120 τοσαύτην
3370 1047 3766 1119 ἀναδεξάμενον

2201 1143 2454 1214 φροντίδα
2482 1141 2575 1195 τοῦ
2602 1137 2966 1194 διασώσασθαι
2992 1137 3090 1207 τῆς
3128 1137 3338 1190 τοιᾶσδε
3371 1137 3628 1209 συλλογῆς
3664 1138 3768 1209 τὴν

2202 1228 2500 1305 ἀρμόνίανς
2537 1232 2651 1287 ἀλλ’
2686 1231 2762 1295 ὼς
2791 1230 2990 1303 ἀρτίως
3029 1229 3183 1300 ἔφην,
3223 1228 3419 1302 πολλὴν
3450 1231 3765 1298 εἰσενεγκά-

2205 1341 2364 1395 μενος
2388 1324 2486 1395 τὴν
2511 1323 2743 1394 σπουδὴν
2770 1323 2866 1376 καὶ
2898 1321 3124 1375 πλοῦτον
3152 1321 3353 1389 ἄφατον
3381 1321 3562 1375 πόνου.
3602 1321 3765 1375 ’Δλλά

2205 1416 2392 1488 μηδεὶς
2405 1415 2600 1469 οίέσθω
2622 1416 2713 1468 τὸν
2738 1414 2903 1486 ἄνδρα
2927 1415 2992 1467 ἐκ
3009 1411 3118 1467 τῶν
3143 1414 3267 1485 περὶ
3296 1414 3457 1468 αὐτοῦ
3486 1417 3765 1487 ἐπιπεφη-

2206 1508 2500 1580 μισμένων,
2545 1507 2621 1570 ὡς
2658 1508 2755 1578 τῆς
2790 1508 2995 1579 ’Δρείου
3037 1506 3379 1578 βλασφημίας
3403 1509 3531 1561 ποτέ
3561 1526 3616 1561 τι
3663 1526 3765 1560 πε-

2203 1599 2462 1671 φρονήκει
2480 1614 2495 1629 ο
2521 1597 2656 1651 ἀλλά
2673 1598 2966 1663 πεπείσθω,
2989 1598 3064 1662 ὡς
3078 1603 3126 1654 εί
3151 1601 3246 1655 καί
3269 1601 3369 1654 τιν’
3394 1600 3460 1653 ἂν
3481 1599 3767 1672 ἐλάλησεν,

2204 1691 2237 1762 ἢ
2270 1688 2472 1762 ἔγραψε
2505 1688 2696 1761 μικρόν
2722 1707 2775 1742 τι
2805 1688 2873 1743 τά
2910 1691 3114 1763 Ἀρείου
3149 1690 3535 1762 ὐπονοούμενα,
3562 1691 3623 1744 οὐ
3658 1694 3769 1763 μὴν

2204 1782 2343 1836 κατά
2370 1782 2469 1854 τὴν
2499 1783 2670 1853 ἀσεϐῆ
2712 1783 2915 1836 ἐκείνου
2945 1782 3170 1846 ἔννοιαν,
3197 1783 3310 1837 ἀλλ’
3350 1783 3407 1849 ἐξ
3436 1783 3768 1856 ἀπεριέργου

2207 1872 2524 1943 ἁπλότητος,
2553 1872 2733 1935 καθὼς
2775 1872 2868 1926 καὶ
2909 1873 3069 1936 αὐτὸς
3103 1874 3160 1925 ἐν
3204 1871 3282 1942 τῷ
3322 1872 3768 1943 Ἄπολοτητικῷ,

2207 1956 2251 2031 ᾧ
2272 1963 2604 2035 διεπέμψατο
2632 1964 2765 2036 πρὸς
2796 1964 2855 2017 τὸ
2884 1964 2989 2017 τῶν
3010 1964 3300 2035 ὀρθοδόξων
3325 1965 3631 2021 ἐπισκόπων
3653 1982 3773 2019 κοι-

2209 2055 2317 2120 νὸν,
2345 2055 2756 2128 μαρτυράμενος
2786 2054 2954 2110 ταῦτα
2979 2056 3403 2129 ὲπληροφόρησε.

1582 2284 1780 2337 Auctor
1810 2279 2065 2336 Chronici
2092 2277 2462 2342 Alexandrini,
2492 2294 2611 2349 pag.
2646 2277 2769 2332 582.

621 2422 890 2479 Eusebius
916 2435 1044 2476 vero
1068 2417 1334 2489 Pamphili
1380 2426 1435 2471 et
1479 2416 1596 2485 ipse
1646 2412 2105 2483 prudentissimus

551 2515 784 2586 scriptor
810 2514 864 2568 in
905 2513 1047 2567 hunc
1102 2510 1321 2565 modum
1358 2514 1545 2563 narrat
1582 2503 1893 2572 :Quoniam
1933 2502 2104 2559 Judaei

552 2604 828 2661 Christum
879 2604 966 2660 die
1020 2602 1159 2657 festo
1209 2599 1265 2653 in
1313 2612 1530 2654 crucem
1575 2602 1832 2669 egerunt,
1865 2595 2102 2650 vicissim

554 2696 660 2768 ipsi
683 2694 872 2753 eodem
896 2694 982 2750 die
1001 2690 1227 2764 periere.

2290 2410 2348 2464 '0
2389 2410 2447 2464 δὲ
2483 2409 2788 2480 σοφώτατος
2823 2410 3075 2493 Εὐσέϐιος
3112 2413 3141 2465 ὁ
3180 2411 3464 2481 Παμφίλου
3509 2414 3777 2487 συνεγρά-

2209 2502 2345 2573 ψατο
2371 2502 2542 2568 οὕτως
2562 2519 2575 2533 ’
2602 2504 2722 2556 Ὅτι
2750 2504 2807 2556 ὲν
2835 2504 2899 2574 τῇ
2933 2504 3092 2575 ἑορτῇ
3122 2502 3212 2556 τὸν
3245 2502 3478 2575 Χριστὸν
3501 2504 3780 2577 ἐσταύρω-

2210 2612 2308 2649 σαν
2356 2595 2403 2647 οί
2449 2593 2704 2659 Ἰουδαῖοι,
2749 2594 2806 2646 ὲν
2847 2595 2911 2664 τῇ
2959 2592 3134 2647 αὐτῶν
3196 2593 3354 2664 ἑορτῇ
3404 2594 3603 2659 πάντες
3663 2597 3778 2649 ἁπ-

2204 2686 2417 2741 ὡλοντο.

1540 2822 1866 2895 Nicephorus
1894 2824 1949 2877 in
1977 2819 2110 2877 libro
2140 2837 2193 2876 vr
2240 2821 2511 2890 Historia},
2547 2839 2666 2895 cap.
2691 2824 2779 2881 '57.

624 2968 823 3024 Eodem
853 2974 1115 3037 tempore,
1138 2962 1441 3021 eruditione
1456 2962 1610 3031 juxta
1638 2969 1691 3017 et
1712 2961 1835 3017 vitae
1859 2961 2109 3016 instituto

2297 2963 2410 3033 Ἐφ’
2433 2955 2493 3017 οὐ
2518 2962 2658 3034 λόγῳ
2688 2963 2782 3018 καὶ
2812 2961 3080 3035 φιλοσόφῳ
3118 2960 3218 3035 βίῳ
3254 2961 3536 3026 διαζῶντα,
3561 2963 3654 3015 καὶ
3678 2963 3779 3017 τοῦ

555 3056 937 3132 philosophum
979 3053 1372 3129 Christianum,
1402 3062 1456 3107 et
1504 3052 1806 3123 presbyteri
1847 3050 2111 3122 dignitate

2215 3055 2397 3109 αὐτόθι
2453 3054 2739 3127 πρεσϐείου
2791 3053 3111 3126 ἠξιωμένον,
3164 3053 3265 3135 τὸν
3308 3053 3444 3106 θεῖον
3490 3052 3782 3124 Πάμφιλον

558 3157 797 3215 auctum,
828 3147 1067 3203 divinum
1096 3144 1434 3216 Pamphilum
1464 3142 1709 3223 ﬂoruisse
1752 3142 1975 3199 scimus.
2006 3141 2116 3197 Cu-

552 3242 644 3313 jus
667 3244 833 3297 vitam
858 3246 913 3295 et
941 3245 1096 3294 actus
1124 3252 1333 3301 omnes,
1365 3235 1631 3291 celebrem
1657 3235 1820 3290 etiam
1851 3249 2012 3304 quam
2041 3233 2114 3289 ibi
2144 3284 2151 3292 .

557 3333 795 3391 instituit
830 3329 1071 3403 profana:
1112 3328 1415 3398 divinaeque
1462 3326 1815 3398 philosophiae
1850 3324 2112 3391 scholam,

557 3435 818 3496 praeterea
869 3429 1209 3476 constantem
1290 3419 1346 3474 in
1411 3418 1575 3474 variis
1645 3417 2116 3488 persecutionibus

560 3514 983 3577 confessionem,
1014 3518 1067 3566 et
1102 3512 1399 3567 certamina
1427 3509 1813 3581 egregiumque
1837 3524 1935 3579 pro
1960 3508 2118 3564 Chri—

560 3607 633 3664 sti
658 3605 878 3662 nomine
906 3604 1247 3677 martyrium,
1270 3601 1538 3659 Eusebius
1564 3604 1768 3659 sororis
1796 3603 1915 3671 ejus
1951 3602 2113 3666 lilius,

561 3699 847 3769 eidemque
890 3695 1025 3752 adeo
1061 3695 1265 3751 charus
1292 3703 1352 3750 ut
1373 3696 1442 3751 ab
1466 3711 1534 3751 eo
1557 3710 1857 3766 cognomen
1887 3708 2115 3764 accepe—

561 3790 655 3856 rit,
692 3786 950 3859 peculiari
1000 3787 1206 3855 scripto
1252 3785 1471 3855 c0piose
1510 3790 1593 3839 est
1644 3788 1971 3852 prosecutus
2004 3798 2017 3833 :
2050 3779 2118 3835 ad

562 3897 723 3955 quem
755 3895 850 3936 eos
869 3878 960 3950 qui
995 3877 1305 3933 accuratius
1331 3876 1443 3931 haec
1468 3889 1801 3945 cognoscere
1826 3872 2115 3938 voluerint,

541 3963 863 4042 'rejicimus.
914 3967 1184 4023 Eusebius
1230 3966 1333 4022 iste
1375 3965 1679 4034 disciplinis
1708 3962 1959 4018 omnibus
1994 3976 2121 4030 per-

563 4063 756 4134 ceptis,
792 4075 1069 4119 sacrarum
1114 4059 1346 4113 maxime
1375 4057 1675 4112 litterarum
1730 4054 1955 4109 scientia
2004 4053 2120 4109 eni-

563 4157 690 4220 tuit,
723 4163 777 4209 et
804 4153 872 4207 ad
900 4151 1201 4208 Constantii
1238 4164 1412 4220 usque
1441 4156 1685 4219 tempora
1717 4146 1868 4201 vixit.
1902 4146 1967 4200 Et
1995 4160 2119 4200 cum

563 4245 888 4304 Christiana:
917 4241 1276 4314 professionis
1303 4241 1741 4297 studiosissimus
1769 4247 1934 4303 esset,
1966 4253 2123 4309 egre-

564 4341 816 4411 giamque
838 4349 939 4406 pro
964 4333 1167 4389 Christi
1203 4335 1409 4389 honore
1440 4334 1835 4388 aemulationem
1861 4329 2117 4401 spiraret,

2216 3147 2485 3221 έγνωμεν’
2524 3141 2584 3202 οὐ
2608 3146 2695 3200 τὸν
2731 3146 2844 3218 βίον
2872 3147 2964 3201 καὶ
3000 3145 3070 3200 τά
3102 3146 3222 3199 καθ’
3245 3146 3469 3199 ἕκαστον
3493 3145 3639 3216 αὐτῷ
3673 3163 3782 3200 πε-

2216 3238 2521 3311 πραγμένα,
2562 3239 2640 3292 ἔτι
2678 3238 2734 3292 δὲ
2779 3239 2872 3292 καὶ
2921 3239 3048 3309 περὶ
3086 3234 3154 3311 ἦς
3200 3239 3557 3311 συνεστήσατο
3601 3238 3781 3291 ἐκεῖσε

2214 3330 2384 3401 λόγων
2417 3331 2574 3386 θείων
2610 3331 2702 3385 καὶ
2736 3329 3036 3401 φιλοσόφων
3072 3328 3373 3402 διατριϐῆς,
3401 3329 3535 3400 πρὸς
3568 3328 3630 3399 δὴ
3656 3328 3784 3382 τού-

2214 3440 2328 3486 τοις
2369 3423 2462 3476 κα¹ι
2516 3421 2614 3492 τὴν
2667 3422 2804 3492 ὑπὲρ
2851 3420 3127 3483 εὐσεϐείας
3178 3419 3367 3473 τούτου
3414 3422 3468 3473 ἐν
3505 3419 3787 3491 διαφόροις

2215 3514 2471 3585 διωγμοῖς
2501 3513 2813 3585 ὁμολογίαν·
2850 3512 2975 3577 τούς
3021 3530 3080 3566 τε
3124 3511 3341 3583 ἀγῶνας
3383 3512 3562 3576 αὐτοῦ,
3595 3511 3686 3565 καλ⁸
3717 3511 3786 3565 τὸ

2216 3607 2520 3661 τελευταῖον
2555 3606 2630 3671 ὡς
2661 3606 2751 3660 τὸν
2791 3605 2884 3659 τοῦ
2918 3606 3211 3677 μαρτυρίου
3253 3605 3545 3676 ἀνεδήσατο
3578 3604 3784 3672 στέφα-

2217 3714 2325 3762 νον,
2378 3696 2635 3761 Εὐσέϐιος
2680 3697 2709 3748 ὁ
2753 3694 2939 3748 τούτου
2996 3693 3325 3763 ἀδελφιδοῦς,
3382 3695 3475 3747 καὶ
3531 3691 3785 3746 τοσοῦτον

2219 3784 2408 3855 ἐκείνῳ
2441 3784 2776 3855 φιλούμενος,
2818 3783 2893 3847 ὡς
2931 3785 3024 3837 καὶ
3060 3784 3157 3855 τὴν
3195 3783 3400 3836 ἐκείνου
3440 3783 3627 3855 κλῆσιν
3656 3782 3785 3836 ἐπί-

2221 3875 2371 3929 θετον
2392 3876 2557 3945 σχεῖν,
2586 3876 2664 3938 εἰς
2684 3873 2874 3927 λεπτδν
2893 3876 2950 3928 ὲν
2978 3875 3091 3946 ίδίῳ
3111 3874 3444 3945 συντάγματι
3470 3875 3782 3947 περιέλαϐεο

2221 3966 2313 4019 καὶ
2349 3968 2473 4030 τοὺς
2516 3966 2755 4039 ἀκριϐῶς
2797 3965 3146 4038 βουλομένους
3191 3966 3258 4020 τὰ
3306 3968 3512 4021 ἐκείνου
3562 3969 3786 4032 ε’δέναι,

2220 4055 2366 4126 αὐτῷ
2393 4056 2847 4128 παραπέμπομεν.
2879 4058 2973 4121 Ὃς
2997 4057 3128 4129 δῆτα
3162 4059 3415 4122 Εὐσέϐιος
3444 4060 3533 4113 διὰ
3568 4062 3789 4115 πάντων

2221 4143 2409 4211 ἐλθὼν,
2447 4145 2675 4217 μάλιστα
2705 4151 2771 4219 τῇ
2815 4149 2943 4220 περὶ
2969 4148 3035 4201 τά
3065 4148 3181 4202 θεῖα
3221 4151 3421 4221 σπουδῇ
3463 4152 3784 4223 ὲνακμάζει.

2225 4238 2386 4309 Ἄχρι
2412 4237 2470 4291 δὲ
2504 4240 2599 4293 καὶ
2627 4239 2999 4293 Κωνσταντίου
3028 4240 3123 4294 τὸν
3150 4242 3248 4312 τῆς
3274 4242 3419 4312 ζωῆς
3452 4243 3786 4314 παρείλκυσε

2223 4329 2428 4401 χρόνον.
2461 4330 2785 4401 Χριστιανὸς
2815 4332 2872 4385 δὲ
2895 4331 2963 4385 τὰ
2988 4330 3219 4403 μάλιστα
3255 4331 3349 4398 ὢν,
3382 4334 3474 4387 καὶ
3502 4335 3667 4388 πολὺν
3694 4337 3791 4389 τὸν

563 4428 872 4502 quindecim
900 4426 1060 4481 tomis
1077 4424 1445 4496 Evangelicam
1472 4423 1928 4492 praeparationem,
1947 4428 2001 4476 et
2028 4418 2113 4475 de-

2226 4417 2386 4489 ζῆλον
2419 4418 2558 4491 ὑπὲρ
2583 4418 2818 4492 Χριστοῦ
2845 4420 3040 4487 πνέων,
3070 4422 3127 4474 ὲν
3169 4420 3462 4476 δεκαπέντε
3484 4423 3667 4494 τὸμοις
3686 4423 3793 4495 τὴν

564 4537 683 4577 cem
715 4522 836 4579 aliis
866 4518 1235 4591 Erangeticam
1286 4516 1785 4572 demonstrationem
1838 4520 1923 4570 est
1966 4528 2120 4569 com-

503 4649 506 4654 -
566 4613 776 4687 plexus.
807 4612 871 4666 Et
898 4611 1106 4683 primus
1137 4608 1252 4679 ipse
1278 4622 1497 4664 manum
1528 4606 1779 4678 praesenti
1805 4611 2123 4676 argumento

566 4703 823 4767 admovit,
842 4704 1159 4773 primusque
1184 4700 1351 4755 libros
1381 4714 1476 4754 eos
1506 4698 1935 4753 Ecclesiasticam
1958 4695 2123 4748 histo~

566 4798 705 4851 riam
732 4795 1037 4864 appellavit,
1072 4793 1367 4863 decemque
1388 4805 1508 4847 eam
1553 4791 1717 4846 tomis
1748 4786 1998 4844 absolvit.
2028 4786 2123 4840 Est

567 4894 622 4942 et
659 4883 807 4940 aliud
843 4882 961 4953 ejus
1003 4886 1279 4949 volumen,
1328 4882 1382 4937 in
1417 4897 1526 4953 quo
1569 4887 1875 4951 temporum
1923 4886 2124 4933 certam

571 4986 985 5046 accuratamque
1009 4978 1271 5032 rationem
1310 4974 1557 5045 digessit,
1590 4982 1643 5028 et
1660 4987 1819 5043 quem
1858 4969 2124 5024 Canonem

569 5066 877 5139 appellavit.
911 5063 1139 5136 Scripsit
1168 5079 1385 5137 quoque
1417 5063 1491 5116 De
1545 5061 1879 5117 Constantini
1920 5064 2028 5118 vita
2060 5059 2124 5113 li-

566 5162 697 5220 bros
730 5163 989 5234 quinque.
1042 5160 1219 5215 Edidit
1251 5169 1306 5217 et
1339 5158 1502 5213 alium
1548 5157 1616 5212 ad
1664 5157 1911 5212 eumdem
1961 5169 2124 5224 quem

572 5253 929 5311 Tricennalem
959 5254 1253 5324 inscripsit.
1286 5254 1365 5308 Ad
1412 5251 1743 5322 Stephanum
1772 5251 1900 5304 item
1936 5248 2123 5313 alium,

570 5344 637 5401 de
659 5344 728 5401 iis
753 5361 871 5416 quae
903 5348 959 5403 in
1001 5342 1307 5414 Evangeliis
1342 5347 1399 5400 in
1426 5342 1650 5399 dubium
1684 5357 1779 5397 seu
1801 5340 2127 5412 disputatio-

571 5453 694 5494 nem
723 5444 1003 5494 vocantur.
1047 5434 1150 5491 Sed
1192 5442 1246 5490 et
1288 5437 1392 5491 alia
1445 5432 1594 5490 varia
1632 5432 1855 5502 reliquit
1904 5431 2125 5500 scripta,

571 5542 692 5600 qua:
744 5527 971 5582 multum
1020 5524 1567 5581 Ecclesiaa'aﬂ'erunt
1605 5523 1879 5578 utilitatis.
1926 5520 2125 5577 Verum

570 5619 847 5673 enimvero
870 5618 1084 5673 etiamsi
1115 5616 1240 5671 talis
1274 5615 1470 5683 fuerit,
1497 5618 1552 5671 in
1583 5615 1769 5671 multis
1804 5622 1987 5670 tamen
2027 5628 2125 5686 ap-

575 5716 744 5776 paret,
768 5724 894 5769 eum
923 5707 1037 5762 Arii
1067 5707 1390 5764 sententiam
1416 5708 1821 5779 comprobasse,
1843 5712 1950 5762 etc.
1975 5780 1981 5786 _

2222 4508 2634 4579 Εὐαγγελικὴν
2675 4509 2977 4582 συγγράφει
3024 4511 3556 4580 προπαρασκευὴν,
3596 4512 3692 4566 καὶ
3728 4513 3795 4565 ἐν

2221 4600 2352 4655 δέκα
2379 4601 2537 4655 πάλιν
2575 4602 2675 4676 τὴν
2702 4604 3115 4674 Εὑαγγελικὴν
3143 4604 3469 4669 ἀπόδειξιν.
3502 4605 3611 4658 Καὶ
3639 4604 3799 4675 πρῶ-

2221 4711 2312 4758 τος
2337 4686 2492 4759 οὗτος
2530 4697 2597 4766 τῇ
2643 4695 2781 4767 μετά
2810 4701 2997 4770 χεῖρας
3037 4698 3287 4751 ὑποθέσει
3337 4697 3617 4761 ἐπέϐαλεν,
3661 4698 3795 4753 Ἑκ-

2223 4787 2667 4856 κλησιαστικὴν
2703 4790 2971 4857 ἱστορίαν
3003 4789 3217 4861 πρῶτος
3262 4789 3532 4861 ὀνομάσας
3564 4789 3664 4860 τὴν
3704 4788 3797 4858 βί-

2224 4876 2348 4931 ϐλον
2366 4895 2380 4909 ⁸
2404 4877 2536 4932 δέκα
2561 4877 2606 4931 δ’
2632 4880 2688 4932 ἐν
2710 4879 2896 4950 τὸμοις
2928 4881 3085 4934 τοῦτο
3114 4882 3174 4934 τὸ
3199 4881 3481 4950 σύνταγμα
3509 4879 3799 4950 περικλεί-

2224 4984 2359 5021 εται.
2390 4967 2498 5021 Καὶ
2534 4967 2664 5040 άλλη
2707 4969 2763 5022 δὲ
2810 4968 2973 5023 αὐτοῦ
3014 4968 3190 5043 βίϐλος
3227 4970 3539 5041 ἐμφέρεται,
3575 4971 3641 5039 ἣν
3670 4973 3802 5023 Κα-

2224 5059 2374 5113 νόνα
2403 5059 2700 5132 ἐπέγραψε,
2732 5059 2829 5125 τὰς
2870 5062 2976 5115 τῶν
3012 5063 3217 5135 χρόνων
3257 5059 3621 5134 ἁκριϐουμένη
3656 5078 3803 5134 γρα-

2228 5150 2351 5218 φάς.
2366 5152 2473 5206 Καὶ
2489 5154 2581 5216 Εἰς
2599 5148 2863 5215 τὸνβίον
2875 5149 2931 5204 δὲ
2944 5154 3400 5208 Κωνσταντίνου
3417 5153 3576 5225 πέντε
3602 5153 3803 5220 λόγους

2226 5241 2481 5307 ὲ·ξέδωκε’
2520 5243 2613 5296 καὶ
2646 5243 2829 5315 ἕτερον
2870 5243 2925 5298 δὲ
2964 5246 3098 5318 πρὸς
3136 5245 3316 5311 αὐτὸν,
3346 5243 3405 5297 ὃν
3452 5248 3805 5312 Τριακοντα-

2225 5333 2497 5401 ετηρικὸν
2527 5335 2846 5407 ἐπιγράφει·
2878 5338 2969 5391 καὶ
2989 5338 3261 5409 ,Στεφάνῳ
3290 5337 3418 5409 περὶ
3448 5337 3559 5391 τῶν
3594 5339 3651 5390 ἐν
3682 5341 3804 5404 τοῖς

2228 5425 2393 5496 ἱεροῖς
2439 5426 2786 5496 Εὐαγγελίοις
2818 5428 3202 5500 ἀπορουμένων
3241 5429 3427 5500 ἕτερον
3475 5427 3802 5498 ἀνατίθησιο

2225 5518 2318 5571 καὶ
2344 5517 2477 5572 ἄλλα
2503 5519 2732 5592 διάφορα
2762 5522 3163 5592 συγγράμματα
3188 5523 3563 5589 καταλέλοιπε,
3596 5519 3808 5593 πολλὴν

2224 5609 2407 5681 ὄνησιν
2449 5615 2512 5683 τῇ
2549 5613 2841 5686 Ἐκκλησία
2876 5614 3214 5685 εἰσφέροντα.
3254 5615 3401 5687 Πλὴν
3425 5614 3665 5680 τοιοῦτος
3697 5612 3806 5685 ὢν,

2226 5704 2283 5757 ὲν
2310 5704 2521 5771 πολλοῖς
2546 5708 2788 5778 φαίνεται
2819 5706 2887 5761 τὰ
2928 5707 3135 5779 Ἀρείου
3161 5709 3497 5782 πρεσϐεύων,
3527 5727 3581 5767 κ.
3603 5707 3694 5762 τ.)
3724 5758 3727 5761 λ
