3986 6218
256 370 308 425 81
1188 368 1544 436 [VETERUM
1584 368 1999 426 TESTIMONIA
2037 371 2175 427 PRO
2206 372 2511 433 EUSEBIO.
3409 362 3477 415 8?.

1206 466 1290 519 Ea:
1312 468 1459 521 Actis
1495 467 1866 533 manuscriptis
1901 468 2070 521 sancti
2096 467 2334 524 Silvestri
2364 485 2529 538 papw.

315 617 555 681 Εὑσέὸιος
581 621 614 671 ὀ
644 618 956 689 Παμφίλου,
984 620 1080 692 τὴν
1116 621 1656 691 Ἐκκλησιαστικὴν
1697 639 1823 691 συγ-

1994 615 2475 687 Historiographus
2495 619 2680 668 noster
2709 601 2974 667 Eusebius
3002 608 3352 666 Caesariensis
3379 609 3473 664 Pa-

256 713 458 780 γράφων
496 709 831 778 Ἱστορίαν,
852 712 1117 783 παρέλιπε
1140 714 1266 785 περὶ
1297 716 1524 770 ἑκάστου
1554 715 1723 770 ταῦτα
1745 718 1823 769 εἰ·

246 803 375 865 πεῖν,
389 802 533 871 amp
545 802 610 854 ὲν
627 802 812 866 ἄλλοις
830 802 1196 871 συντάγμασιν
1209 803 1460 873 ἐφρασεψ
1477 807 1824 878 ὲνέθεικεν(α)

245 893 345 963 γὰρ
374 893 575 947 ἕνδεκα
599 892 788 962 λόγοις
808 894 881 948 τά
903 894 1198 967 παθήματα
1228 897 1411 967 σχεδὸν
1428 898 1535 951 τῶν
1553 900 1610 953 ὲν
1627 900 1823 963 πάσαις

241 988 353 1048 ταῖς
380 987 685 1057 ἐπαρχίαις
726 988 1079 1060 άθλησάντων
1129 990 1419 1062 μαρτύρων
1468 991 1562 1045 καὶ
1606 992 1823 1046 ἐπισχόο

242 1096 376 1137 πων,
423 1079 523 1131 καὶ
560 1079 945 1151 ὁμολογητῶν·
989 1082 1049 1134 οὐ
1097 1082 1199 1153 μὴν
1241 1082 1376 1136 ἀλλὰ
1419 1082 1689 1152 γυναικῶν
1732 1084 1826 1137 καὶ

239 1169 546 1240 παρθένιον,
573 1172 700 1224 ὅσαι
726 1173 958 1245 ἀνδρείῳ
995 1175 1297 1245 φρονήματι
1324 1175 1411 1228 διὰ
1437 1175 1527 1228 τὸν
1546 1173 1824 1245 Δεσπότην

238 1262 579 1331 ἠγωνίσαντο
622 1264 882 1335 Χριστὸν,
926 1265 1285 1338 ἀνεγράψατο.
1319 1266 1429 1319 Καὶ
1470 1258 1623 1330 οὗτος
1668 1267 1825 1337 μόνος

239 1353 346 1405 τῶν
390 1354 715 1409 ἐπισκόπων
753 1357 861 1419 ἀπὸ
892 1357 986 1410 τοῦ
1028 1358 1318 1411 ἀποστόλου
1343 1359 1573 1430 Πέτρου,
1600 1358 1692 1411 καὶ
1721 1375 1822 1412 χα-

239 1444 421 1513 Θεξῆς,
454 1445 527 1498 τά
565 1447 869 1519 παθήματα
907 1448 1046 1502 κατὰ
1077 1448 1228 1513 τάξιν
1265 1450 1583 1522 ἐξηγήσατο.
1610 1450 1826 1504 Τούτων

237 1533 296 1587 δὲ
323 1536 435 1588 τῶν
467 1537 680 1591 πόλεων
706 1540 800 1591 καὶ
819 1539 1186 1594 ἁποστολικῶν
1211 1541 1414 1612 Θρόνων
1439 1542 1538 1613 τὴν
1562 1543 1828 1613 ἀρχιερω-

243 1627 409 1697 σύνην
435 1631 815 1695 ἐπεσπάσατο,
837 1631 1081 1685 τουτέστι
1111 1632 1208 1703 τῆς
1230 1633 1469 1704 μεγάλης
1492 1632 1599 1686 τῶν
1621 1632 1826 1686 πόλεων

253 1719 497 1790 Ῥώμης,
536 1721 944 1794 Ἀλεξανδρείας
977 1740 1037 1775 τε
1068 1723 1163 1777 καὶ
1202 1724 1550 1795 Ἀντιοχείας,
1581 1723 1681 1794 τῆς
1710 1740 1826 1775 κοι-

242 1811 340 1881 νῆς
370 1811 562 1864 ἕνεκεν
590 1812 878 1881 ὠφελείας.
916 1815 1008 1867 Ἐκ
1038 1814 1131 1867 τοῦ
1158 1813 1389 1886 ἀριθμοῦ
1423 1814 1602 1868 τοίνυν
1625 1813 1828 1867 τούτων

243 1895 325 1955 ὧν
372 1904 534 1975 μέχρι
576 1906 667 1959 τοῦ
704 1906 866 1978 δεῦρο
910 1907 1100 1977 χρόνου
1125 1908 1154 1959 ὁ
1186 1903 1515 1978 προῤῥηθεὶς
1541 1907 1608 1975 τῇ
1641 1903 1827 1975 Ἐλλη-

1924 711 2145 767 laistinre
2176 709 2326 763 urbis
2352 708 2657 777 episcopus,
2681 719 2804 759 cum
2846 702 3134 756 Historiam
3162 702 3477 756 ecclesiasti-

1922 819 2037 857 cam
2075 802 2355 863 scriberet,
2393 798 2733 870 praetermisit
2780 810 2845 851 ea
2895 809 3016 864 qua:
3071 802 3199 848 sunt
3254 800 3309 847 in
3358 796 3479 849 aliis

1924 894 2225 966 opusculis,
2256 893 2339 947 vel
2371 907 2493 963 quae
2526 908 2585 947 se
2622 887 2864 945 meminit
2909 886 3183 941 retulisse.
3222 883 3355 939 Nam
3396 885 3477 940 vi-

1925 987 2057 1059 ginti
2114 986 2303 1048 libros,
2331 984 2385 1038 id
2428 992 2512 1039 est
2564 982 2700 1037 duas
2751 980 3006 1044 decadas,
3063 979 3306 1033 omnium
3343 993 3480 1049 pene

1926 1078 2329 1150 provinciarum
2357 1077 2637 1145 passiones
2659 1084 2955 1145 martyrum
2977 1110 2993 1134 ,
3023 1071 3401 1141 episcoporum
3427 1078 3482 1125 et

1924 1169 2301 1226 confessorum
2339 1174 2394 1222 et
2436 1181 2711 1221 sacrarum
2750 1164 3037 1218 mulierum
3094 1177 3159 1216 ac
3208 1160 3478 1231 virginum

1926 1262 2208 1318 continere
2238 1258 2384 1313 fecit.
2430 1256 2631 1312 Deinde
2664 1266 2885 1312 secutus
2921 1264 2975 1310 et
3007 1255 3075 1309 ab
3104 1253 3351 1325 apostolo
3376 1251 3479 1307 Pe-

1927 1360 2035 1417 tro,
2066 1350 2307 1406 omnium
2356 1348 2735 1418 episcoporum
2771 1348 2989 1401 nomina
3035 1353 3089 1401 et
3138 1351 3289 1415 gesta
3347 1358 3480 1398 con-

1927 1443 2148 1514 scripsit
2185 1460 2196 1495 :
2233 1448 2287 1496 et
2308 1453 2494 1494 earum
2527 1438 2741 1492 urbium
2768 1451 2887 1507 quae
2924 1451 3102 1490 arcem
3134 1433 3482 1505 pontiﬁcatus

1926 1552 2022 1607 per
2043 1534 2367 1604 apostolicas
2389 1529 2543 1587 sedes
2567 1537 2747 1584 tenere
2773 1533 3096 1592 noscuntur,
3131 1526 3260 1579 urbs
3285 1523 3478 1589 Roma,

1924 1628 2234 1694 Antiochia,
2270 1624 2665 1695 Hierosolyma,
2704 1620 2972 1692 Ephesus,
3003 1618 3347 1682 Alexandria,
3385 1616 3482 1669 ha-

1925 1736 2046 1776 rum
2097 1719 2315 1774 urbium
2363 1720 2742 1786 episcoporum
2797 1712 3039 1766 omnium
3086 1709 3481 1779 praeteritorum

1925 1827 2098 1884 usque
2129 1811 2198 1865 ad
2223 1820 2435 1880 tempus
2461 1812 2619 1862 suum
2640 1805 2828 1860 Crzeco
2856 1818 3105 1860 sermone
3133 1799 3481 1868 conscripsit.

1927 1905 2005 1959 Ex
2025 1919 2255 1975 quorum
2273 1915 2500 1957 numero
2517 1914 2685 1954 unum
2702 1898 3082 1968 episcoporum
3102 1892 3253 1948 urbis
3277 1890 3482 1953 Romae,

245 1998 379 2063 νικῇ
408 1998 774 2069 σονεγράιζνατο
795 2002 967 2070 φωνῇ,
992 1998 1177 2051 τούτου
1197 1999 1287 2051 τὸν
1311 1998 1421 2068 βίον
1435 1997 1535 2051 οὐκ
1545 1996 1823 2067 ἐξίσχυσεν

1927 2005 2177 2054 sanctum
2236 1992 2558 2048 Silvestrum
2619 2005 2704 2045 me
2750 1988 2817 2044 de
2863 1986 3050 2043 Grznco
3116 1985 3172 2039 in
3232 1982 3484 2037 Latinum

254 2089 621 2158 μετασράσαι,
644 2091 892 2144 τουτέστι
939 2090 1031 2145 τοῦ
1053 2091 1202 2161 ἁγίου
1223 2090 1542 2162 Σιλϐέστρου
1560 2131 1574 2155 ,
1618 2107 1673 2143 κ.
1699 2108 1749 2144 τ.
1771 2088 1820 2143 λ.

1927 2086 2225 2141 transferre
2255 2082 2578 2155 praecepisti.

262 2196 424 2254 γεω.
464 2213 650 2257 auctor
692 2205 748 2258 in
776 2204 1043 2261 Passione
1087 2208 1264 2263 sancti
1299 2206 1596 2271 Valeriani,
1618 2220 1739 2328 quia;
1783 2212 1859 2286 est
1901 2202 2100 2285 decimo
2133 2198 2263 2254 Kal.
2309 2197 2577 2262 Januarii,
2605 2205 2662 2249 ut
2709 2193 2926 2249 habetur
2976 2194 3030 2248 in
3076 2193 3230 2247 veteri
3310 2190 3486 2246 codice

1744 2290 2054 2328 osctacensr.

1744 2290 2027 2329 οδσιαεεηει
2038 2311 2054 2326 ο

318 2361 774 2420 Beatissimorum
799 2374 1099 2439 martyrum
1125 2368 1363 2439 gloriosa
1395 2366 1714 2430 certamina,
1746 2366 1816 2420 ob
1844 2364 2106 2419 honorem
2130 2361 2333 2417 Christi
2364 2357 2576 2413 Domini
2633 2372 2697 2412 ac
2724 2356 2816 2411 Dei
2846 2354 3018 2411 nostri
3052 2351 3289 2410 assiduis
3318 2350 3484 2406 culti-

252 2450 355 2508 bus
383 2462 440 2508 et
465 2454 821 2511 solemnitate
868 2471 1051 2511 annua
1095 2442 1463 2521 celebrantur,
1497 2463 1557 2511 ut
1588 2456 1718 2511 dum
1767 2453 1925 2509 tidem
1962 2460 2260 2524 martyrum
2296 2451 2451 2521 plebs
2483 2450 2677 2505 devota
2724 2448 3003 2518 cognoscit
3033 2452 3091 2500 et
3140 2445 3264 2499 illos
3293 2443 3485 2498 trium-

258 2547 456 2615 pbasse
483 2547 746 2618 gaudeat,
775 2556 830 2605 et
864 2565 924 2605 se
956 2550 1260 2619 patrocinio
1289 2565 1475 2606 eorum
1508 2546 1897 2620 protegendam
1931 2560 2054 2602 esse
2084 2542 2344 2599 conﬁdat.
2366 2541 2593 2597 Celebre
2618 2541 2762 2596 enim
2793 2540 3041 2605 habetur,
3073 2548 3276 2595 sancta!
3299 2551 3485 2593 recor-

257 2638 493 2693 dationis
526 2638 828 2695 Eusebium
865 2642 1209 2707 historicum,
1235 2641 1590 2699 Cmsariensis
1619 2640 1773 2696 urbis
1798 2639 2140 2708 episcopum,
2166 2634 2395 2706 egregia:
2432 2633 2554 2688 vitae
2588 2632 2962 2688 beatissimum
3004 2632 3361 2695 sacerdotem,
3391 2642 3484 2683 ec-

252 2730 564 2787 clesiastica
594 2732 1193 2804 quoquetinstitutione
1220 2734 1598 2790 doctissimum
1630 2740 1685 2789 et
1718 2729 1994 2803 praecipua
2017 2724 2390 2782 sollicitudine
2408 2722 2798 2788 venerandum,
2823 2738 2920 2792 per
2947 2736 3163 2778 omnem
3191 2721 3398 2785 orbem,
3420 2718 3483 2772 in

257 2833 520 2893 quantum
548 2825 743 2880 divino
772 2828 1131 2884 annuntiante
1157 2827 1387 2899 Spiritu,
1423 2836 1484 2882 ut
1502 2833 1713 2897 gestum
1744 2832 1848 2887 est,
1879 2822 1960 2876 rei
1980 2820 2182 2876 veritas
2221 2818 2452 2873 decursa
2482 2815 2651 2870 valuit
2681 2814 2927 2885 reperiri,
2956 2822 3119 2884 prout
3141 2811 3477 2882 singularum

260 2919 664 2987 provinciarum
698 2920 885 2987 urbes,
916 2922 1035 2976 loca
1073 2923 1156 2977 vel
1186 2921 1383 2993 oppida
1443 2916 1707 2975 illustrari
1739 2915 2028 2985 triumphis
2061 2921 2360 2983 martyrum
2394 2909 2708 2965 cmlestihus
2756 2911 3071 2962 meruerunt
3092 2948 3107 2972 ,
3142 2916 3481 2975 quorumque

264 3010 571 3080 principum
598 3020 841 3082 tempore
856 3013 1107 3068 ordinata
1132 3014 1430 3069 ofﬁciorum
1460 3010 1717 3068 instantia
1749 3010 2048 3063 innumera}
2091 3004 2499 3077 persecutiones
2529 3001 2684 3057 facta:
2715 3000 2949 3062 fuerant,
2983 2998 3313 3055 declarasse.
3346 2993 3474 3061 Qui,

262 3103 366 3159 etsi
419 3111 722 3174 martyrum
761 3105 1100 3176 singulorum
1152 3106 1392 3177 integras
1434 3120 1543 3160 non
1589 3102 1847 3172 explicuit
1873 3099 2180 3171 passiones,
2210 3106 2393 3152 tamen
2421 3095 2745 3152 Christianis
2776 3094 2985 3150 devotis
3015 3101 3177 3163 atque
3208 3091 3477 3154 fidelibus,

264 3195 415 3248 unde
437 3195 668 3249 describi
693 3197 779 3249 vel
811 3196 1075 3252 celebrari
1108 3196 1340 3253 debeant
1368 3196 1634 3252 veraciter
1655 3193 1946 3249 intimavit.
1976 3191 2073 3246 Dei
2106 3191 2290 3260 itaque
2322 3189 2549 3261 gratiam
2574 3194 2689 3243 toto
2720 3187 2853 3242 orbe
2886 3184 3137 3241 diffusam
3165 3182 3337 3237 ﬁdelis
3363 3182 3482 3236 cul-

270 3294 361 3340 tor
389 3286 634 3350 excoluit,
669 3287 803 3341 dum
846 3288 991 3343 velut
1022 3289 1219 3360 exiguo
1250 3289 1415 3344 tritici
1444 3287 1652 3344 semine
1681 3287 1919 3357 copiosa:
1967 3262 2175 3339 messes
2206 3282 2321 3353 agri
2370 3279 2649 3337 fertilitate
2695 3278 3010 3350 gignuntur,
3041 3283 3095 3331 et
3120 3272 3483 3338 multiplicata

273 3377 513 3432 ubertate
532 3380 842 3448 proﬁciunt.
872 3380 948 3435 ita
969 3397 1064 3453 per
1097 3381 1400 3452 supradicti
1432 3381 1534 3437 viri
1563 3381 1882 3438 relationem
1912 3379 1982 3434 ab
2018 3377 2184 3433 unius
2211 3374 2421 3431 codicis
2466 3373 2616 3431 fonte
2642 3372 2925 3453 diffusam,
2960 3368 3179 3439 scriptis
3204 3370 3481 3422 mananti-

264 3466 364 3523 iius
395 3446 654 3535 ﬁdelium,
690 3477 862 3523 totum
891 3446 1077 3525 orbem
1107 3446 1443 3525 celebranda:
1471 3469 1755 3540 passiones
1781 3476 2081 3539 martyrum
2113 3465 2442 3539 rigaverunt.
2787 3446 2794 3453 ’

1490 3589 1763 3647 Usuardus
1796 3589 1856 3644 in
1899 3586 2299 3659 Martyrologio.

330 3699 428 3757 Die
446 3701 511 3755 2i
544 3704 753 3760 mensis
774 3703 945 3761 Junii.
981 3705 1299 3771 Palaestinae,
1332 3704 1509 3760 sancti
1539 3703 1759 3760 Eusebii
1789 3701 2032 3773 episcopi
2063 3707 2118 3756 et
2163 3697 2516 3761 confessoris,
2566 3697 2669 3752 viri
2724 3692 3163 3751 excellentissimi
3192 3690 3391 3763 ingenii
3427 3692 3483 3742 et

262 3791 703 3869 historiographi.

1490 3866 1751 3922 Notkerus
1774 3868 1828 3921 in
1861 3863 2263 3937 Martyrologio.

340 3955 437 4012 Die
452 3958 511 4012 21
542 3959 751 4016 mensis
774 3957 945 4016 Junii.
977 3959 1035 4016 In
1056 3959 1299 4017 Caesarea
1332 3960 1597 4031 depositio
1622 3958 1796 4015 sancti
1816 3956 2035 4013 Eusebii
2067 3954 2323 4025 episcopi.

270 4066 643 4124 Hanecharius
672 4071 727 4125 in
756 4072 978 4140 epistola
1016 4072 1084 4125 ad
1103 4071 1421 4127 Ceraunium
1450 4072 1804 4126 Parisiensem
1855 4072 2181 4141 episcopum,
2208 4083 2364 4141 quam
2406 4063 2635 4141 prce/imit
2660 4060 2910 4117 Passieni
2930 4069 3239 4117 sanctorum
3281 4059 3483 4123 marty~

1283 4158 1403 4197 rum
1430 4141 1738 4213 Speusippi,
1777 4134 2098 4211 Elasippi'et
2135 4134 2466 4205 Meleusippi.

333 4227 633 4299 Prmeipuis
652 4230 1091 4289 beatissimorum
1113 4234 1490 4305 episcoporum
1508 4235 1756 4305 personis
1777 4233 1996 4288 assidue
2023 4229 2293 4302 coaequari
2315 4226 2524 4283 meritis
2553 4241 2660 4280 non
2697 4223 2988 4288 desistens,
3015 4219 3233 4277 inomni
3254 4230 3481 4273 conver-

267 4323 479 4376 satione
504 4323 817 4388 sacerdotii,
866 4333 1053 4379 sancta
1099 4326 1341 4396 quotidie
1365 4304 1618 4382 exornari
1646 4326 1905 4397 religione
1962 4324 2250 4386 festinans,
2281 4319 2587 4375 divinarum
2619 4314 3024 4386 Scripturarum
3060 4308 3267 4382 legendi
3300 4304 3480 4362 studio

269 4416 526 4471 universa
563 4414 815 4485 dogmata
845 4417 1163 4491 peragrasti.
1194 4416 1351 4473 Nunc
1388 4425 1701 4475 sanctorum
1724 4426 2019 4492 martyrum
2048 4420 2201 4486 gesta
2229 4412 2297 4467 ad
2329 4409 2506 4465 laudis
2535 4415 2643 4463 ture
2687 4405 2962 4462 cumulum
2989 4417 3086 4473 pro
3132 4412 3315 4454 amore
3348 4396 3478 4451 reli-

270 4507 448 4575 gionis
468 4523 802 4578 congregare
833 4509 886 4564 in
919 4511 1054 4565 urbe
1082 4490 1368 4567 rParisiaca
1408 4511 1637 4568 devotus
1662 4510 1919 4566 intendis.
1938 4490 2116 4564 —Unde
2149 4511 2339 4563 sancto
2378 4501 2613 4558 Eusebio
2670 4498 2990 4556 Cresarieusi
3032 4496 3086 4550 in
3120 4490 3480 4547 aemulationis

272 4600 450 4663 studio
480 4602 851 4672 coaequandus
885 4618 970 4668 es,
1004 4610 1058 4658 et
1102 4603 1222 4674 pari
1252 4603 1438 4675 gloriae
1484 4604 1626 4660 dono
1654 4603 2039 4673 perpetualiter
2064 4595 2466 4655 memorandus.

1018 4715 1102 4768 Ex
1137 4717 1293 4769 reteri
1324 4714 1591 4769 Breviaria
1626 4716 1980 4785 manuscripto
2016 4712 2267 4767 Ecclesia:
2313 4703 2713 4762 Lemovicensis.

1340 4806 1526 4861 Sancti
1545 4804 1762 4863 Eusebii
1788 4807 2028 4877 episcopi
2061 4801 2408 4861 confessoris.

341 4895 544 4952 LBC‘I'IO
564 4896 618 4951 1.
650 4894 921 4954 Eusebius
951 4895 1212 4954 Caesarea:
1234 4897 1529 4954 Palaestina:
1556 4900 1844 4971 episcopus
1871 4900 1941 4955 ob
1971 4896 2238 4968 Pamphili
2253 4894 2505 4963 martyris
2543 4890 2836 4948 amicitiam
2869 4880 3131 4952 Pamphili
3161 4893 3356 4971 nomen
3373 4890 3478 4971 ac-

287 4988 433 5055 αρὶι.
463 5005 533 5046 eo
563 4989 715 5061 quod
745 5003 869 5045 cum
890 4991 1080 5046 eodem
1112 4989 1392 5061 Pamphilo
1420 4969 1615 5047 divina:
1635 4969 1985 5048 Bibliotheca:
2001 4990 2354 5062 investigator
2375 4986 2826 5060 diligentissimus
2845 4977 3133 5035 exstiterit.
3156 4972 3247 5028 Vir
3260 4969 3475 5062 quidem

290 5084 396 5130 erat
419 5060 722 5135 memoratu
748 5078 1101 5150 dignissimus
1134 5095 1230 5149 per
1248 5060 1369 5136 haec
1401 5088 1664 5152 tempora,
1702 5090 1814 5137 tum
1839 5081 2131 5136 multarum
2161 5060 2345 5136 rerum
2372 5079 2589 5151 peritia,
2620 5085 2731 5130 tum
2750 5070 2965 5142 ingenio
2991 5064 3306 5123 mirabili.ct
3334 5060 3479 5132 apud

288 5171 495 5237 gentiles
512 5183 565 5228 et
600 5172 746 5242 apud
762 5172 1123 5236 Christianos,
1159 5175 1297 5230 inter
1324 5150 1675 5245 philosophos
1699 5175 2002 5246 praecipuus
2036 5181 2090 5229 et
2123 5150 2497 5229 nobilissimus
2524 5170 2744 5225 habitus
2773 5174 2874 5220 est.
2900 5162 2999 5217 llic
3036 5173 3160 5213 eum
3186 5150 3479 5225 aliquando

285 5257 475 5316 Ariana
500 5264 695 5320 haeresi
737 5263 1058 5329 laborasset,
1091 5262 1157 5318 ad
1202 5265 1466 5336 synodum
1520 5265 1791 5322 Niczenam
1842 5263 2126 5331 accedens,
2170 5263 2375 5335 Spiritu
2404 5270 2594 5319 sancto
2629 5256 2953 5327 inspiratus,
2988 5251 3209 5306 Patrum
3262 5261 3476 5305 semen-

287 5352 412 5409 tiam
458 5366 680 5412 secutus
707 5363 813 5421 est,
846 5371 911 5412 ac
937 5357 1193 5430 deinceps
1225 5375 1394 5430 usque
1431 5360 1499 5415 ad
1537 5369 1764 5416 mortem
1799 5358 2146 5415 sanctissime
2178 5333 2301 5413 cum
2345 5355 2643 5413 orthodoxa
2669 5352 2774 5408 ﬁde
2803 5349 2955 5406 vixit.
3564 5333 3570 5339 ’

344 5447 543 5506 Leone
568 5452 627 5505 9..
658 5448 787 5504 Fuit
815 5457 992 5504 autem
1026 5450 1081 5504 in
1123 5450 1320 5506 divinis
1376 5450 1672 5520 Scripturis
1724 5449 2160 5506 studiosissimus
2188 5488 2206 5513 ,
2270 5462 2334 5502 ac
2386 5443 2729 5500 Bibliotheca:
2776 5440 2969 5495 divina:
3020 5451 3145 5490 cum
3196 5433 3479 5506 Pamphilo

281 5552 504 5614 martyre
534 5543 991 5616 diligentissimus
1025 5543 1397 5616 investigator.
1435 5541 1601 5597 Multa
1650 5538 1854 5597 eisdem
1876 5541 2214 5612 temporibus
2236 5539 2476 5609 scripsit,
2507 5533 2737 5590 maxime
2767 5548 2893 5588 vero
2923 5531 3088 5585 llbl‘OS
3152 5528 3475 5600 Evangefica:

326 5756 400 5828 (ε)
438 5755 791 5813 Ἐ’νέθεικεν.
824 5747 1133 5822 Legendum
1169 5749 1380 5807 videtur
1410 5746 1664 5817 ἐνέθηκεν
1692 5746 1825 5806 γθιὲ

1926 5747 2123 5806 θεικεν.
2168 5750 2523 5815 ΕυιῐηΡηιι.
