3986 6218
1715 331 1750 338 -ον

498 436 568 491 sa
1321 433 1651 494 VETERUM
1690 430 2108 494 TESTIMONIA
2147 428 2426 491 CONTRA
2463 413 2832 494 EUSEBIUM.
3624 428 3695 486 svi

482 544 905 614 prwparationis,
940 546 1324 603 Ecclesiastica?
1380 548 1633 604 Historia’
1656 566 1675 613 ;
1713 547 1777 601 In
1843 548 2212 619 Porphyrium,
2266 549 2695 606 Christianorum
2735 549 2948 606 bosom
3002 545 3329 602 acerrimum
3363 563 3376 599 ε
3412 543 3696 615 Apologia:

485 641 610 693 itent
638 655 731 693 sea:
759 656 852 708 pro
885 639 1105 712 Origene
1139 642 1477 712 camposuit;
1514 642 1586 695 De
1607 641 1713 695 vita
1747 641 2016 710 Pamphili
2042 646 2312 714 martyris.
2345 659 2489 714 aquo
2504 646 2574 700 ob
2587 657 2828 700 amorem
2841 644 3258 715 cognomentum
3275 647 3508 706 accepit,
3527 637 3699 693 libros

469 750 521 796 tr
533 753 592 792 es
620 755 632 790 :
659 734 785 790 Item
819 736 1233 791 Commentarios
1260 736 1659 792 eruditissimos
1719 736 1774 790 in
1805 745 2007 790 centum
2034 745 2082 791 et
2105 738 2480 808 quinquaginta
2521 736 2784 791 Psalmos.
3339 752 3342 756 '

552 824 751 881 LECTIO
780 827 832 880 5.
859 824 1151 891 Praeterea,
1181 835 1240 880 ut
1271 827 1486 896 legitur,
1529 824 1770 879 omnium
1804 825 2206 893 provinciarum
2241 841 2365 881 cum
2399 826 2691 880 multorum
2717 831 3028 879 sanctorum
3061 830 3358 893 martyrum
3412 824 3698 891 passiones

477 923 533 971 et
563 917 938 973 confessorum
970 917 1133 971 vitam
1185 933 1248 971 ac
1274 916 1541 986 virginum
1574 917 1937 986 cognovisset,
1968 917 2156 986 viginti
2183 918 2352 973 libros
2383 918 2450 973 de
2481 916 2684 973 eisdem
2710 917 2912 972 sanctis
2937 915 3295 985 scriptitavit;
3326 913 3398 969 ob
3420 916 3519 970 bos
3572 916 3698 970 ideo

476 1019 532 1066 et
561 1013 828 1082 praecipue
860 1011 1221 1081 Evangelicam
1247 1011 1706 1078 prmparationem,
1733 1025 1858 1064 cum
1890 1011 2034 1080 apud
2067 1019 2254 1082 gentes
2277 1013 2580 1082 praecipuus
2621 1009 2929 1073 haberetur,
2964 1017 3243 1079 paternam
3302 1008 3524 1063 deorum
3567 1009 3700 1065 reli-

479 1104 694 1175 gionem
719 1105 789 1161 ob
815 1106 1058 1161 veritatis
1087 1120 1324 1159 amorem
1349 1105 1694 1173 contempsit.
1725 1103 1952 1175 Scripsit
1981 1123 2197 1176 quoque
2223 1106 2596 1161 Cltronicorum
2623 1104 2898 1158 historiam
2927 1118 2955 1155 a
2987 1103 3159 1174 primo
3188 1119 3332 1158 anno
3355 1103 3585 1158 Abralta:
3601 1119 3701 1158 us-

478 1213 584 1266 que
619 1198 687 1252 ad
725 1213 924 1253 annum
950 1197 1382 1253 trecentesimum
1408 1236 1423 1261 ,
1457 1211 1618 1267 quam
1645 1194 1709 1248 D.
1739 1193 2100 1268 Hieronymus
2128 1206 2451 1268 prosecutus
2497 1206 2600 1253 est.
2658 1197 2782 1252 Fuit
2822 1197 3052 1267 denique
3102 1197 3367 1254 Eusebius
3415 1199 3505 1256 hic
3567 1211 3690 1270 post

477 1289 884 1346 conversionem
911 1290 1253 1347 Constantini
1289 1288 1484 1360 Magni,
1518 1289 1692 1346 eidem
1722 1291 1898 1358 quoad
1927 1291 2081 1355 vixit,
2117 1294 2283 1348 multa
2313 1292 2689 1348 benevolentia
2721 1291 3066 1360 conjunctus.

477 1404 545 1459 In
591 1403 862 1458 Breciario
899 1403 1280 1458 Lemovicensis
1316 1402 1586 1466 Ecclesia’,
1619 1403 1756 1457 edito
1784 1420 1944 1527 annZ.
1966 1406 2133 1531 ἱεέῗῖἱ
2165 1423 2256 1489 per
2292 1405 2561 1476 [Iugonem
2591 1403 2824 1471 Barbou,
2863 1403 3081 1458 habetur
3102 1405 3211 1459 Ita'c
3248 1403 3488 1472 collecta,
3512 1409 3694 1464 eodem

1928 1493 1974 1530 te
2144 1494 2273 1530 ιιηιι.

1928 1493 1974 1530 ιε
2004 1493 2065 1530 21
2101 1493 2130 1529 ιΙ
2144 1494 2273 1530 ιιηιι.

548 1566 924 1636 Omnipotens,
958 1565 1284 1635 sempiterne
1314 1562 1476 1628 Deus,
1521 1563 1614 1632 qui
1640 1579 1738 1619 nos
1768 1563 2025 1619 concedis
2055 1563 2228 1618 sancti
2259 1562 2474 1618 Eusebii
2501 1562 2831 1619 confessoris
2886 1565 2960 1618 tui
2998 1572 3159 1634 atque
3217 1564 3486 1634 pontiﬁcis
3533 1582 3698 1638 agere

480 1658 842 1722 festivitatem,
874 1657 1049 1712 deduc
1079 1675 1199 1723 nos,
1233 1673 1563 1728 qumsumus,
1596 1660 1715 1728 ejus
1741 1659 1994 1729 precibus
2030 1657 2098 1712 ad
2131 1657 2433 1712 caelestium
2457 1656 2770 1726 gaudiorum
2804 1656 3134 1712 societatem.
3161 1657 3262 1714 Per
3280 1657 3561 1714 Dominum
3594 1675 3699 1714 no-

478 1758 649 1804 strum
681 1747 865 1805 Jesum
895 1749 1192 1811 Christum.
1223 1757 1330 1805 etc.

547 1839 615 1894 In
637 1843 850 1910 antiquo
880 1837 1092 1895 Missali
1120 1842 1349 1912 ejusdem
1380 1839 1648 1906 Ecclesiae,
1677 1841 1816 1895 edito
1847 1858 1984 1894 anno
2024 1839 2181 1903 M85,
2217 1838 2466 1902 Parisiis,
2496 1840 2571 1893 sic
2601 1839 2820 1893 habetur
2853 1857 2870 1893 :
2901 1838 3014 1894 Sub
3044 1839 3232 1895 eodem
3262 1840 3348 1895 die
3381 1842 3551 1896 sancti
3582 1838 3702 1896 Eu-

475 1934 610 1988 sebii
640 1934 881 2006 episcopi
911 1932 1160 1988 oilicium.
1199 1931 1393 1986 Statuit
1417 1931 1488 1996 ei,
1514 1941 1613 1986 etc.
1653 1931 1860 1988 Oratio.
1899 1932 2002 1997 Da,
2036 1946 2370 2002 quaesumus.
2408 1931 2668 2004 Epistola.
2696 1931 2981 1988 Testiﬁeor
3037 1947 3219 1987 coram
3275 1931 3404 1989 Deo.
3451 1933 3700 2006 Evange-

469 2038 619 2092 lium.
655 2035 902 2106 Vigilate.
941 2033 1072 2097 Quae
1100 2031 1275 2084 omnia
1303 2029 1359 2082 in
1387 2029 1651 2083 communi
1682 2026 1996 2098 confessoris
2022 2029 2268 2097 episcopi.
2298 2024 2367 2080 Et
2395 2021 2611 2081 dicatur
2660 2029 2945 2096 residuum,
2976 2040 3034 2083 ut
3059 2035 3214 2087 unius
3236 2037 3480 2105 episcopi.

939 2141 1005 2195 In
1042 2141 1198 2194 veteri
1223 2139 1545 2196 Kalendario
1574 2143 1930 2211 manuscripto
1955 2141 2187 2211 ejusdem
2211 2141 2459 2198 Ecclesia:
2490 2143 2707 2198 habetur
2731 2145 2784 2198 in
2808 2163 2980 2201 mense
3006 2145 3191 2202 Junio.

541 2273 590 2310 ιιι
624 2255 847 2310 Kalend.
891 2253 1040 2309 Julii.
1064 2254 1282 2308 Eusebii
1317 2255 1734 2324 archiepiscopi.

466 2347 642 2403 Codex
667 2366 767 2402 ms.
800 2348 1112 2402 Parisiensis
1143 2345 1386 2404 Ecclesia:
1413 2358 1533 2402 ante
1561 2349 2065 2487 octilrigtgttosmnnos
2093 2361 2363 2413 exoratus,
2386 2352 2652 2406 continens
2672 2351 2884 2409 Eusebii
2909 2354 3203 2412 Historiam
3232 2359 3686 2427 ecclesiasticam,

1702 2436 1733 2478 ιι
1779 2437 1843 2472 uo
1869 2428 2163 2487 interprete,
2195 2424 2271 2476 sic
2292 2423 2508 2487 incipit:

1702 2423 1843 2487 u/z‘uo
1869 2423 2163 2488 interprete,
2195 2424 2271 2476 sic
2292 2423 2470 2490 incipit
2493 2441 2508 2478 :

532 2518 592 2572 ln
623 2516 841 2573 nomine
869 2517 961 2572 Dei
988 2518 1206 2582 summi,
1231 2517 1418 2588 incipit
1454 2516 1691 2572 Historia
1718 2519 1888 2572 sancti
1928 2517 2144 2573 Eusebii
2173 2519 2525 2587 Cmsariensis
2555 2521 2817 2592 episcopi,
2860 2520 2913 2575 id
2941 2530 3024 2577 est
3052 2522 3175 2577 libri
3207 2538 3434 2579 numero
3463 2541 3535 2579 xu.

536 2636 623 2694 Ea:
679 2636 812 2691 libro
844 2636 919 2692 De
970 2635 1333 2692 luminaribus
1394 2636 1671 2701 Ecclesiae,
1729 2637 1816 2706 qui
1871 2634 2089 2758 lugetur
2127 2636 2182 2689 in
2211 2636 2541 2718 collectaneis
2593 2636 2769 2704 Beda,
2817 2648 2868 2692 et
2925 2640 3062 2692 inter
3105 2654 3262 2708 opera
3301 2641 3484 2709 spuria
3539 2641 3615 2694 3.-

1973 2721 2246 2758 ieronumt.

1973 2721 2246 2776 teronymt.

532 2798 798 2857 Eusebius
823 2797 1199 2868 Catsariensis,
1233 2799 1400 2855 clavis
1425 2797 1853 2869 Scripturarum,
1885 2808 2178 2870 custosque
2208 2797 2344 2853 Novi
2369 2799 2723 2865 Testamenti,
2755 2801 2938 2856 multis
2997 2802 3170 2874 major
3224 2806 3278 2861 in
3325 2803 3692 2874 conscriptio-

460 2891 624 2948 nibus
655 2907 777 2946 esse
806 2892 1212 2960 comprobatur.
1257 2891 1384 2944 Tria
1423 2900 1550 2947 sunt
1580 2892 1859 2963 prarclara,
1883 2908 2002 2962 quae
2025 2892 2129 2946 ltoe
2152 2888 2206 2946 in
2241 2892 2497 2962 operibus
2527 2892 2646 2962 ejus
2673 2907 2796 2948 vere
2822 2901 3094 2949 testantur
3124 2914 3136 2947 :
3170 2892 3402 2948 Conone:
3454 2906 3699 2964 quatuor'

463 2979 890 3052 Evangeliorum,
919 2982 1009 3050 qui
1049 2981 1256 3035 Novum
1289 2981 1688 3036 Testamentum
1719 2990 1942 3036 narrant
1974 2993 2136 3052 atque
2174 2983 2508 3046 custodiunt,
2550 2982 2736 3038 decem
2771 2983 2892 3038 libri
2958 2981 3212 3039 Historiae
3270 2985 3679 3052 tt'cclesiasticw,

460 3081 516 3129 et
541 3070 858 3136 Chronicon,
905 3071 957 3124 id
991 3079 1093 3136 est,
1129 3082 1431 3143 temporum
1467 3073 1812 3130 breviarium.
1843 3071 1907 3126 Et
1931 3090 2029 3128 nos
2060 3075 2245 3128 omnia
2263 3073 2382 3143 ejus
2414 3071 2639 3144 vestigia
2682 3073 2774 3144 qui
2809 3073 3009 3129 imitari
3068 3076 3352 3145 potuisset,
3397 3090 3679 3145 nunquam

460 3162 783 3232 reperimus.

461 3274 544 3328 Ea:
592 3275 945 3332 Miscellaneis
989 3293 1087 3332 ms.
1126 3275 1381 3353 Theodori
1424 3274 1742 3353 Mettio/rita,
1791 3266 1857 3331 ea?
1913 3279 2030 3353 capi

2123 3278 2304 3353 cujus_
2331 3277 2516 3353 titulus
2567 3287 2648 3353 est
2693 3299 2709 3332 :
2756 3279 2875 3332 Ὅτι
2919 3277 3118 3340 πάντες
3167 3279 3278 3331 ὅσοι
3321 3279 3377 3331 ὲν
3423 3279 3687 3353 Αἰγύπτῳ

1363 3347 1832 3417 ὲνεπαιδεύθησαν,
1865 3346 2194 3420 τραχύτερον
2238 3346 2315 3418 τῷ
2339 3348 2515 3416 λέγειν
2543 3347 2798 3419 χρῶνται.

532 3441 798 3498 Eusebius
828 3443 954 3497 item
1006 3441 1294 3512 Pamphili,
1349 3457 1411 3496 ex
1468 3439 1753 3496 Palaestina
1812 3443 2025 3512 quidem
2054 3452 2101 3506 Α

2198 3443 2306 3495 Καὶ
2336 3442 2472 3495 oro-3
2506 3442 2787 3514 Παμφίλου
2817 3438 3070 3504 Εὐσέϐιος
3098 3443 3161 3495 ὲκ
3189 3443 3546 3513 Παλαιστίνης
3577 3444 3682 3514 μὲν

458 3533 725 3589 oriundus
758 3533 876 3597 fuit,
902 3533 996 3588 sed
1028 3533 1082 3586 in
1117 3532 1373 3603 Egypto,
1403 3543 1461 3586 ut
1497 3533 1612 3603 ipse
1643 3533 1851 3599 scribit,
1895 3535 2017 3590 diu-

2119 3536 2180 3589 τὸ
2234 3535 2406 3601 γένος,
2443 3535 2554 3588 ἀλλ’
2601 3535 2676 3598 ὡς
2725 3533 2885 3597 αὑτός
2943 3550 3094 3604 φησι,
3136 3537 3245 3597 τοῖς
3287 3533 3372 3587 ἐπ’
3404 3533 3680 3603 Αἰγύπτου

459 3625 671 3682 tissime
710 3635 954 3680 versatus
1017 3642 1030 3678 :
1083 3624 1168 3678 vir
1216 3623 1575 3693 undecunque
1642 3624 2012 3691 doctissimus,

2122 3625 2260 3680 πάνυ
2294 3644 2343 3679 τι
2371 3627 2597 3697 χρονίως
2632 3625 2980 3696 συνεφοιτησε
2999 3642 3012 3654 ο
3055 3624 3369 3696 πολυμαθὴς
3394 3625 3550 3697 ἀνὴρ,
3582 3626 3685 3680 καὶ

459 3715 910 3788 quemadmodum
972 3722 1195 3787 apparet
1245 3730 1311 3772 ex
1354 3717 1603 3786 plurimis
1659 3733 1796 3788 quos
1847 3718 2017 3773 edidit

2118 3715 2276 3786 δῆλός
2312 3733 2374 3785 γε
2404 3715 2600 3780 πολλὰς
2625 3715 2859 3779 ἐκδόσεις
2885 3713 3247 3788 προενεγκὼν,
3280 3715 3371 3768 καὶ
3402 3714 3683 3786 χρώμενος

459 3810 636 3873 libris,
683 3808 918 3864 dictione
969 3815 1150 3863 tamen
1194 3816 1372 3875 utens,
1417 3818 1475 3864 ut
1537 3809 1670 3875 dixi,
1716 3810 1906 3866 scabra
1962 3816 2015 3866 et

1047 3823 1150 3863 nen
1194 3816 1372 3875 utens,
1417 3818 1475 3864 ut
1537 3809 1670 3875 dixi,
1716 3810 1906 3866 scabra
1962 3816 2015 3866 et
2121 3811 2260 3864 οὕτω
2290 3814 2353 3882 τῇ
2384 3811 2619 3885 γλώττῃ.

459 3913 670 3970 aspera.

738 4263 1308 4356 VETERUM
1383 4262 2120 4357 TESTIMONIA
2191 4263 2659 4356 CONTRA
2727 4255 3375 4352 EUSEBIUM.

1415 4527 1502 4582 Ea:
1533 4528 1668 4584 libro
1699 4529 1939 4586 Marcelli
1977 4533 2244 4605 Ancyrani
2269 4540 2452 4586 contra
2473 4529 2725 4585 Arianos.

527 4642 695 4698 Incidi
721 4645 1008 4717 aliquando
1033 4645 1087 4699 in
1108 4642 1386 4714 epistolam
1413 4662 1443 4701 a
1461 4645 1715 4703 Narcisso
1731 4648 2008 4718 scriptam,

2199 4643 2464 4716 Ἐντυχὼν
2494 4643 2801 4714 Ναρκίσσου
2830 4640 2923 4694 τοῦ
2969 4639 3304 4712 Νερωνιάδος
3337 4636 3684 4709 προεστῶτας

457 4733 780 4793 Neroniadis
802 4741 1076 4810 episcopo,
1098 4753 1257 4808 quam
1291 4738 1357 4793 ad
1386 4737 1675 4795 Cbrestum
1723 4740 2009 4810 quemdam

2117 4737 2388 4810 ἐπιστολῇ,
2430 4737 2497 4808 ἥν
2524 4736 2768 4806 γέγραφε
2806 4735 2942 4806 πρὸς
2987 4734 3232 4806 Χρηστόν
3266 4749 3407 4797 τινα,
3443 4732 3534 4785 καὶ
3570 4731 3686 4785 Εὐ·-

457 4836 512 4883 et
538 4827 904 4898 Euphronium
926 4841 979 4887 et
998 4830 1288 4887 Eusebium
1313 4831 1529 4896 direxit,
1555 4833 1710 4901 quasi
1733 4833 2008 4902 proposita

2120 4831 2354 4905 φρόνιον,
2410 4829 2502 4882 καὶ⁸
2545 4827 2821 4891 Εύσέὄιον,
2877 4827 2951 4891 ὡς
3010 4827 3185 4880 ὐσίου
3234 4825 3327 4879 τοῦ
3375 4824 3682 4878 ἐπισκόπου

457 4918 644 4990 ipsiab
661 4919 824 4975 Hosio
849 4923 1104 4994 episcopo
1129 4924 1444 4993 quaestione,
1479 4932 1658 4977 utrum
1691 4924 1826 4994 ipse,
1844 4924 2009 4979 veluti

2117 4923 2489 4995 ἐρωτήσαντος
2535 4920 2716 4982 αὑτὸν,
2769 4922 2837 4983 si,
2869 4919 3057 4990 ὥσπερ
3094 4918 3350 4982 Εύσέϐιος
3377 4920 3405 4970 ὁ
3440 4918 3537 4986 τῆς
3561 4915 3685 4968 Πα-

457 5007 724 5068 Eusebius
767 5009 1106 5080 Palmstinus,
1159 5014 1295 5069 duas
1349 5014 1681 5071 substantias
1729 5015 2004 5071 fateretur.

2115 5014 2408 5082 λαιστίνης,
2438 5012 2530 5065 δύο
2563 5011 2746 5074 οὐσίας
2799 5005 2936 5062 εἶναι
2996 5026 3176 5080 φησιν,
3205 5008 3347 5061 οὕτω
3392 5007 3485 5061 καὶ
3514 5003 3687 5070 αὐτὸς

457 5095 731 5159 Ηιιηρύδὶ
772 5103 1043 5176 legissem,
1078 5105 1432 5161 animadverti
1473 5113 1526 5160 et
1577 5107 1752 5176 ipsum
1803 5108 2006 5178 scripto

2113 5107 2259 5174 λέγοι
2280 5122 2292 5134 ·
2326 5105 2492 5173 ἔγνων
2548 5103 2706 5156 αὐτὸν
2733 5103 2838 5156 ἀπὸ
2863 5101 2970 5154 τῶν
3004 5100 3341 5172 γραφέντων,
3365 5101 3512 5170 τρεῖς
3538 5091 3686 5151 εἶναι

454 5193 550 5248 illo
585 5210 686 5249 suo
709 5204 820 5253 tres
855 5195 1183 5253 substantias
1213 5198 1433 5254 omnino
1464 5197 1728 5254 conﬁteri.

1496 5197 1728 5254 onﬂteri.
2118 5197 2392 5250 πιστεύειν
2414 5194 2610 5258 οὐσίας·
2625 5192 3067 5264 ἀποκρινόμενον.

457 5310 544 5365 Ex
579 5313 799 5381 epistola
827 5311 1078 5384 synodica
1097 5314 1450 5384 episcoporum
1485 5311 1699 5384 [Egypti
1721 5321 2149 5384 congregatarum
2176 5313 2227 5366 in
2260 5311 2386 5365 urbe
2407 5309 2758 5384 Alexandria,
2793 5307 2859 5361 ad
2896 5325 3070 5384 omnes
3111 5307 3362 5362 Ecclesiae
3404 5303 3692 5358 catholica

906 5379 1193 5453 episcopos,
1229 5379 1384 5454 quam
1419 5379 1927 5454 refer-i'At'hanasius
1959 5385 2015 5437 in
2048 5384 2398 5453 Apologetico
2423 5379 2664 5438 secundo
2697 5381 2956 5434 adversus
2979 5380 3228 5433 Arianos.

516 5490 673 5560 Quod
699 5492 842 5548 enim
882 5492 1170 5549 concilium
1192 5495 1593 5567 episcoporum,
1626 5501 1719 5549 aut
1752 5495 1842 5564 qui
1876 5510 2006 5547 cun-

2185 5493 2321 5547 Ποία
2363 5494 2469 5565 γὰρ
2505 5493 2599 5547 καὶ
2639 5493 2852 5556 σύνοδος
2893 5492 3202 5546 ἐπισκόπων
3237 5486 3305 5562 ἦν
3337 5490 3490 5555 τότε;
3525 5491 3685 5544 ποῖον

446 5602 624 5641 ξθεςυε
665 5588 777 5641 veri
817 5587 1094 5643 studiosus
1119 5586 1228 5640 illic
1257 5587 1394 5643 fuit?
1426 5590 1614 5647 Nonne
1659 5589 1900 5657 plerique
1943 5588 2008 5641 il-

2116 5585 2384 5658 συνέδριον
2421 5586 2674 5657 ἀληθείας
2718 5585 3006 5654 ὲχόμενον;
3042 5585 3138 5650 Τίς
3178 5583 3284 5637 τῶν
3323 5584 3582 5638 πλειόνων
3613 5583 3682 5637 ὲν

451 5680 625 5733 locum
662 5679 870 5735 inimici
901 5680 1061 5736 nobis
1113 5679 1365 5735 fuerunt?
1410 5681 1604 5739 Nonne
1643 5679 1909 5736 Eusebius
1935 5681 2005 5734 ob

2114 5680 2295 5742 αὐτοῖς
2327 5679 2425 5731 ούκ
2455 5677 2643 5747 ἐχθρὸς
2674 5675 2939 5746 ἡμέτερος
2979 5670 3078 5746 ἧν;
3103 5676 3177 5730 Οὐ
3210 5673 3296 5729 διὰ
3323 5672 3422 5745 τὴν
3465 5673 3682 5744 Ἀρείου

453 5769 568 5824 ΑτῙὶ
596 5771 860 5827 insaniam
913 5771 1174 5828 adversus
1204 5787 1301 5829 nos
1355 5773 1535 5836 irruit,
1570 5781 1623 5828 et
1670 5773 1804 5826 alios
1864 5771 2003 5825 idem

2112 5766 2308 5841 μανιαν
2333 5773 2382 5824 oi
2418 5769 2544 5839 περὶ
2597 5766 2867 5819 Ἐυσέὸιον
2915 5767 3035 5821 καθ’
3077 5767 3233 5824 ἡμῶν
3273 5766 3576 5840 ὢρμησανς
3611 5767 3682 5818 οὗ

455 5883 581 5924 cum
608 5863 726 5936 ipso
772 5863 1067 5924 sentientes
1097 5865 1358 5923 adduxit?
1387 5863 1577 5922 Nonne
1626 5862 1842 5922 assidue
1874 5879 2004 5920 con-

2111 5863 2235 5928 τοῦς
2290 5861 2478 5924 ἄλλους
2527 5857 2967 5931 συμφρονοῦντας
3005 5860 3184 5923 αὐτοῖς
3225 5860 3526 5931 ὲπήγοντο;
3562 5855 3685 5912 οὐκ
