  <div class='ocr_page' id='page_1' title='image "/cluster/home/n/w/nwhite01/storage/ocr_20150623/19/hvd.32044073501199/048.png"; bbox 0 0 4060 6244; ppageno 0'>
   <div class='ocr_carea' id='block_1_1' title="bbox 301 303 3517 404">
    <p class='ocr_par' dir='ltr' id='par_1_1' title="bbox 301 303 3517 404">
     <span class='ocr_line' id='line_1_1' title="bbox 301 303 3517 404; baseline -0.01 -13"><span class='ocrx_word' id='word_1_1' title='bbox 301 345 367 404; x_wconf 79' lang='lat'><strong>35</strong></span> <span class='ocrx_word' id='word_1_2' title='bbox 1143 325 1476 384; x_wconf 69' lang='lat' dir='ltr'><strong>VETERUM</strong></span> <span class='ocrx_word' id='word_1_3' title='bbox 1515 319 1934 378; x_wconf 82' lang='lat' dir='ltr'><strong>TESTIMONIA</strong></span> <span class='ocrx_word' id='word_1_4' title='bbox 1969 317 2246 376; x_wconf 81' lang='lat' dir='ltr'><strong>CONTRA</strong></span> <span class='ocrx_word' id='word_1_5' title='bbox 2280 314 2648 375; x_wconf 83' lang='lat' dir='ltr'><strong>EUSEBIUM.</strong></span> <span class='ocrx_word' id='word_1_6' title='bbox 3449 303 3517 360; x_wconf 82' lang='lat'><em>86</em></span> 
     </span>
    </p>
   </div>
   <div class='ocr_carea' id='block_1_2' title="bbox 298 425 1905 523">
    <p class='ocr_par' dir='ltr' id='par_1_2' title="bbox 298 441 1905 523">
     <span class='ocr_line' id='line_1_2' title="bbox 298 441 1905 523; baseline -0.013 -10"><span class='ocrx_word' id='word_1_7' title='bbox 298 460 384 518; x_wconf 71' lang='grc' dir='ltr'><strong>ἀέὶ</strong></span> <span class='ocrx_word' id='word_1_8' title='bbox 400 457 518 513; x_wconf 84' lang='grc' dir='ltr'>κατ’</span> <span class='ocrx_word' id='word_1_9' title='bbox 541 453 720 511; x_wconf 77' lang='grc' dir='ltr'>αὐτῶν</span> <span class='ocrx_word' id='word_1_10' title='bbox 742 450 1052 523; x_wconf 75' lang='grc' dir='ltr'><strong>ἐγράφομεν</strong></span> <span class='ocrx_word' id='word_1_11' title='bbox 1070 448 1144 512; x_wconf 85' lang='grc' dir='ltr'><strong>ὡς</strong></span> <span class='ocrx_word' id='word_1_12' title='bbox 1169 447 1236 500; x_wconf 87' lang='grc' dir='ltr'>τὰ</span> <span class='ocrx_word' id='word_1_13' title='bbox 1260 445 1468 517; x_wconf 83' lang='grc' dir='ltr'><strong>Ἀρείου</strong></span> <span class='ocrx_word' id='word_1_14' title='bbox 1487 441 1853 515; x_wconf 72' lang='grc' dir='ltr'>φρονούντωνς</span> <span class='ocrx_word' id='word_1_15' title='bbox 1885 443 1905 499; x_wconf 61' lang='grc' dir='ltr'><em>Δ</em></span> 
     </span>
    </p>
   </div>
   <div class='ocr_carea' id='block_1_3' title="bbox 1986 425 3523 523">
    <p class='ocr_par' dir='ltr' id='par_1_3' title="bbox 1986 425 3523 508">
     <span class='ocr_line' id='line_1_3' title="bbox 1986 425 3523 508; baseline -0.008 -14"><span class='ocrx_word' id='word_1_16' title='bbox 1986 455 2041 494; x_wconf 89' lang='lat' dir='ltr'><strong>ra</strong></span> <span class='ocrx_word' id='word_1_17' title='bbox 2078 427 2176 494; x_wconf 80' lang='lat' dir='ltr'><strong>eos</strong></span> <span class='ocrx_word' id='word_1_18' title='bbox 2222 437 2541 508; x_wconf 76' lang='lat' dir='ltr'><strong>scripsimus</strong></span> <span class='ocrx_word' id='word_1_19' title='bbox 2595 443 2848 504; x_wconf 79' lang='lat' dir='ltr'><strong>tanquam</strong></span> <span class='ocrx_word' id='word_1_20' title='bbox 2897 430 3156 485; x_wconf 87' lang='lat' dir='ltr'><strong>adversus</strong></span> <span class='ocrx_word' id='word_1_21' title='bbox 3204 425 3389 482; x_wconf 84' lang='lat' dir='ltr'><strong>Ariani</strong></span> <span class='ocrx_word' id='word_1_22' title='bbox 3425 426 3523 482; x_wconf 90' lang='lat' dir='ltr'><strong>do-</strong></span> 
     </span>
    </p>
   </div>
   <div class='ocr_carea' id='block_1_4' title="bbox 300 531 1860 613">
    <p class='ocr_par' dir='ltr' id='par_1_4' title="bbox 300 531 1860 613">
     <span class='ocr_line' id='line_1_4' title="bbox 300 531 1860 613; baseline -0.015 -5"><span class='ocrx_word' id='word_1_23' title='bbox 300 555 412 608; x_wconf 81' lang='grc' dir='ltr'><strong>Οὖκ</strong></span> <span class='ocrx_word' id='word_1_24' title='bbox 455 547 707 610; x_wconf 73' lang='grc' dir='ltr'>Εὐσέϐιος</span> <span class='ocrx_word' id='word_1_25' title='bbox 751 548 780 599; x_wconf 88' lang='lat'><strong>6</strong></span> <span class='ocrx_word' id='word_1_26' title='bbox 811 545 868 597; x_wconf 78' lang='grc' dir='ltr'><strong>ἐν</strong></span> <span class='ocrx_word' id='word_1_27' title='bbox 916 540 1215 613; x_wconf 77' lang='grc' dir='ltr'>Καισαρείᾳ</span> <span class='ocrx_word' id='word_1_28' title='bbox 1255 539 1353 609; x_wconf 82' lang='grc' dir='ltr'><strong>τῆς</strong></span> <span class='ocrx_word' id='word_1_29' title='bbox 1386 534 1744 605; x_wconf 82' lang='grc' dir='ltr'><strong>Παλαιστίνης</strong></span> <span class='ocrx_word' id='word_1_30' title='bbox 1768 531 1860 585; x_wconf 75' lang='grc' dir='ltr'><strong>ἐπὶ</strong></span> 
     </span>
    </p>
   </div>
   <div class='ocr_carea' id='block_1_5' title="bbox 298 623 1858 716">
    <p class='ocr_par' dir='ltr' id='par_1_5' title="bbox 298 623 1858 716">
     <span class='ocr_line' id='line_1_5' title="bbox 298 623 1858 716; baseline -0.014 -18"><span class='ocrx_word' id='word_1_31' title='bbox 298 647 367 716; x_wconf 81' lang='grc' dir='ltr'><strong>τῇ</strong></span> <span class='ocrx_word' id='word_1_32' title='bbox 425 641 582 714; x_wconf 60' lang='grc' dir='ltr'><strong>θυσίᾳ⁸</strong></span> <span class='ocrx_word' id='word_1_33' title='bbox 641 637 995 710; x_wconf 82' lang='grc' dir='ltr'><strong>κατηγορεῖτο</strong></span> <span class='ocrx_word' id='word_1_34' title='bbox 1047 633 1152 687; x_wconf 80' lang='grc' dir='ltr'><strong>ὑπὸ</strong></span> <span class='ocrx_word' id='word_1_35' title='bbox 1204 633 1312 686; x_wconf 83' lang='grc' dir='ltr'>τῶν</span> <span class='ocrx_word' id='word_1_36' title='bbox 1369 631 1465 684; x_wconf 78' lang='grc' dir='ltr'><strong>σὺν</strong></span> <span class='ocrx_word' id='word_1_37' title='bbox 1497 630 1627 699; x_wconf 83' lang='grc' dir='ltr'>ἡμῖν</span> <span class='ocrx_word' id='word_1_38' title='bbox 1671 623 1858 697; x_wconf 79' lang='grc' dir='ltr'>ὁμολο-</span> 
     </span>
    </p>
   </div>
   <div class='ocr_carea' id='block_1_6' title="bbox 301 735 523 812">
    <p class='ocr_par' dir='ltr' id='par_1_6' title="bbox 301 735 523 812">
     <span class='ocr_line' id='line_1_6' title="bbox 301 735 523 812; baseline -0.032 -18"><span class='ocrx_word' id='word_1_39' title='bbox 301 735 481 812; x_wconf 67' lang='grc' dir='ltr'><strong>ητῶν</strong></span> <span class='ocrx_word' id='word_1_40' title='bbox 508 751 523 800; x_wconf 87' lang='lat'><strong>;</strong></span> 
     </span>
    </p>
   </div>
   <div class='ocr_carea' id='block_1_7' title="bbox 1963 517 3527 603">
    <p class='ocr_par' dir='ltr' id='par_1_7' title="bbox 1963 517 3527 603">
     <span class='ocr_line' id='line_1_7' title="bbox 1963 517 3527 603; baseline -0.008 -19"><span class='ocrx_word' id='word_1_41' title='bbox 1963 530 2157 603; x_wconf 74' lang='lat' dir='ltr'><strong>gmatis</strong></span> <span class='ocrx_word' id='word_1_42' title='bbox 2189 529 2520 586; x_wconf 76' lang='lat' dir='ltr'><strong>assertores?</strong></span> <span class='ocrx_word' id='word_1_43' title='bbox 2547 525 2735 582; x_wconf 78' lang='lat' dir='ltr'><strong>Nonne</strong></span> <span class='ocrx_word' id='word_1_44' title='bbox 2765 522 3051 586; x_wconf 86' lang='lat' dir='ltr'><strong>Eusebius,</strong></span> <span class='ocrx_word' id='word_1_45' title='bbox 3082 520 3341 575; x_wconf 65' lang='lat' dir='ltr'><strong>Casareae</strong></span> <span class='ocrx_word' id='word_1_46' title='bbox 3376 517 3527 572; x_wconf 82' lang='lat' dir='ltr'><strong>Pale-</strong></span> 
     </span>
    </p>
   </div>
   <div class='ocr_carea' id='block_1_8' title="bbox 1965 613 3524 692">
    <p class='ocr_par' dir='ltr' id='par_1_8' title="bbox 1965 613 3524 692">
     <span class='ocr_line' id='line_1_8' title="bbox 1965 613 3524 692; baseline -0.007 -15"><span class='ocrx_word' id='word_1_47' title='bbox 1965 623 2118 678; x_wconf 69' lang='lat' dir='ltr'><strong>stinae</strong></span> <span class='ocrx_word' id='word_1_48' title='bbox 2145 621 2452 692; x_wconf 88' lang='lat' dir='ltr'><strong>episcopus,</strong></span> <span class='ocrx_word' id='word_1_49' title='bbox 2482 636 2512 675; x_wconf 88' lang='lat' dir='ltr'><strong>a</strong></span> <span class='ocrx_word' id='word_1_50' title='bbox 2547 619 2750 676; x_wconf 87' lang='lat' dir='ltr'><strong>nostris</strong></span> <span class='ocrx_word' id='word_1_51' title='bbox 2781 613 3187 672; x_wconf 87' lang='lat' dir='ltr'><strong>confessoribus</strong></span> <span class='ocrx_word' id='word_1_52' title='bbox 3235 621 3524 667; x_wconf 86' lang='lat' dir='ltr'><strong>accusatus</strong></span> 
     </span>
    </p>
   </div>
   <div class='ocr_carea' id='block_1_9' title="bbox 1964 709 2861 787">
    <p class='ocr_par' dir='ltr' id='par_1_9' title="bbox 1964 709 2861 787">
     <span class='ocr_line' id='line_1_9' title="bbox 1964 709 2861 787; baseline -0.011 -15"><span class='ocrx_word' id='word_1_53' title='bbox 1964 724 2069 783; x_wconf 90' lang='lat' dir='ltr'><strong>est,</strong></span> <span class='ocrx_word' id='word_1_54' title='bbox 2093 715 2238 787; x_wconf 91' lang='lat' dir='ltr'><strong>quod</strong></span> <span class='ocrx_word' id='word_1_55' title='bbox 2268 714 2429 770; x_wconf 89' lang='lat' dir='ltr'><strong>idolis</strong></span> <span class='ocrx_word' id='word_1_56' title='bbox 2453 713 2814 770; x_wconf 78' lang='lat' dir='ltr'><strong>sacrificasse:</strong></span> <span class='ocrx_word' id='word_1_57' title='bbox 2840 709 2861 762; x_wconf 73' lang='grc' dir='ltr'><em>ἳ</em></span> 
     </span>
    </p>
   </div>
   <div class='ocr_carea' id='block_1_10' title="bbox 1366 860 2453 955">
    <p class='ocr_par' dir='ltr' id='par_1_10' title="bbox 1366 860 2453 955">
     <span class='ocr_line' id='line_1_10' title="bbox 1366 860 2453 955; baseline -0.034 -14"><span class='ocrx_word' id='word_1_58' title='bbox 1366 883 1692 955; x_wconf 78' lang='lat' dir='ltr'><strong>Epiphanius</strong></span> <span class='ocrx_word' id='word_1_59' title='bbox 1731 875 1782 933; x_wconf 85' lang='lat' dir='ltr'><strong>in</strong></span> <span class='ocrx_word' id='word_1_60' title='bbox 1819 868 2002 931; x_wconf 70' lang='lat' dir='ltr'><strong>hmresi</strong></span> <span class='ocrx_word' id='word_1_61' title='bbox 2033 860 2453 920; x_wconf 78' lang='lat' dir='ltr'><strong>Meletianorum.</strong></span> 
     </span>
    </p>
   </div>
   <div class='ocr_carea' id='block_1_11' title="bbox 362 1009 1854 1100">
    <p class='ocr_par' dir='ltr' id='par_1_11' title="bbox 362 1009 1854 1100">
     <span class='ocr_line' id='line_1_11' title="bbox 362 1009 1854 1100; baseline -0.016 -13"><span class='ocrx_word' id='word_1_62' title='bbox 362 1032 550 1090; x_wconf 77' lang='grc' dir='ltr'>Ταῦτα</span> <span class='ocrx_word' id='word_1_63' title='bbox 601 1031 629 1082; x_wconf 86' lang='grc' dir='ltr'><strong>ὁ</strong></span> <span class='ocrx_word' id='word_1_64' title='bbox 683 1026 933 1100; x_wconf 80' lang='grc' dir='ltr'>βασιλεὺς</span> <span class='ocrx_word' id='word_1_65' title='bbox 981 1020 1236 1084; x_wconf 82' lang='grc' dir='ltr'>ἀκούσας,</span> <span class='ocrx_word' id='word_1_66' title='bbox 1284 1020 1495 1092; x_wconf 74' lang='grc' dir='ltr'>αἴρεται</span> <span class='ocrx_word' id='word_1_67' title='bbox 1538 1016 1636 1088; x_wconf 83' lang='grc' dir='ltr'><strong>μὲν</strong></span> <span class='ocrx_word' id='word_1_68' title='bbox 1680 1009 1854 1082; x_wconf 83' lang='grc' dir='ltr'>θυμῷ,</span> 
     </span>
    </p>
   </div>
   <div class='ocr_carea' id='block_1_12' title="bbox 293 1104 1858 1194">
    <p class='ocr_par' dir='ltr' id='par_1_12' title="bbox 293 1104 1858 1194">
     <span class='ocr_line' id='line_1_12' title="bbox 293 1104 1858 1194; baseline -0.02 -8"><span class='ocrx_word' id='word_1_69' title='bbox 293 1127 506 1186; x_wconf 69' lang='grc' dir='ltr'>κελεύει</span> <span class='ocrx_word' id='word_1_70' title='bbox 537 1125 597 1178; x_wconf 76' lang='grc' dir='ltr'>δὲ</span> <span class='ocrx_word' id='word_1_71' title='bbox 621 1118 1053 1194; x_wconf 82' lang='grc' dir='ltr'>συγκροτηθῆναι</span> <span class='ocrx_word' id='word_1_72' title='bbox 1078 1114 1292 1169; x_wconf 78' lang='grc' dir='ltr'><strong>σύνοδον</strong></span> <span class='ocrx_word' id='word_1_73' title='bbox 1322 1110 1465 1166; x_wconf 80' lang='grc' dir='ltr'>κατὰ</span> <span class='ocrx_word' id='word_1_74' title='bbox 1481 1109 1578 1180; x_wconf 81' lang='grc' dir='ltr'><strong>τὴν</strong></span> <span class='ocrx_word' id='word_1_75' title='bbox 1609 1104 1858 1172; x_wconf 81' lang='grc' dir='ltr'><strong>Φοινίκην</strong></span> 
     </span>
    </p>
   </div>
   <div class='ocr_carea' id='block_1_13' title="bbox 292 1197 1861 1292">
    <p class='ocr_par' dir='ltr' id='par_1_13' title="bbox 292 1197 1861 1292">
     <span class='ocr_line' id='line_1_13' title="bbox 292 1197 1861 1292; baseline -0.018 -14"><span class='ocrx_word' id='word_1_76' title='bbox 292 1226 353 1278; x_wconf 83' lang='grc' dir='ltr'><strong>ἐν</strong></span> <span class='ocrx_word' id='word_1_77' title='bbox 383 1221 550 1292; x_wconf 79' lang='grc' dir='ltr'><strong>Τύρῳ</strong></span> <span class='ocrx_word' id='word_1_78' title='bbox 568 1221 632 1289; x_wconf 85' lang='grc' dir='ltr'><strong>τῇ</strong></span> <span class='ocrx_word' id='word_1_79' title='bbox 661 1215 809 1269; x_wconf 82' lang='grc' dir='ltr'>πόλει</span> <span class='ocrx_word' id='word_1_80' title='bbox 827 1230 840 1244; x_wconf 76' lang='grc' dir='ltr'><strong><em>ο</em></strong></span> <span class='ocrx_word' id='word_1_81' title='bbox 867 1212 1116 1266; x_wconf 86' lang='grc' dir='ltr'>ἐκέλευσε</span> <span class='ocrx_word' id='word_1_82' title='bbox 1145 1209 1200 1262; x_wconf 89' lang='grc' dir='ltr'><strong>δὲ</strong></span> <span class='ocrx_word' id='word_1_83' title='bbox 1232 1204 1467 1270; x_wconf 78' lang='grc' dir='ltr'><strong>δικάζειν</strong></span> <span class='ocrx_word' id='word_1_84' title='bbox 1492 1199 1746 1254; x_wconf 79' lang='grc' dir='ltr'>Εύσέὸιον</span> <span class='ocrx_word' id='word_1_85' title='bbox 1771 1197 1861 1250; x_wconf 75' lang='grc' dir='ltr'><strong>τὸν</strong></span> 
     </span>
    </p>
   </div>
   <div class='ocr_carea' id='block_1_14' title="bbox 293 1285 1861 1381">
    <p class='ocr_par' dir='ltr' id='par_1_14' title="bbox 293 1285 1861 1381">
     <span class='ocr_line' id='line_1_14' title="bbox 293 1285 1861 1381; baseline -0.02 -13"><span class='ocrx_word' id='word_1_86' title='bbox 293 1285 636 1381; x_wconf 71' lang='grc' dir='ltr'>Καισαρείας</span> <span class='ocrx_word' id='word_1_87' title='bbox 681 1305 775 1359; x_wconf 72' lang='grc' dir='ltr'><strong>καὶ</strong></span> <span class='ocrx_word' id='word_1_88' title='bbox 805 1302 998 1363; x_wconf 80' lang='grc' dir='ltr'>ἄλλους</span> <span class='ocrx_word' id='word_1_89' title='bbox 1034 1299 1212 1362; x_wconf 85' lang='grc' dir='ltr'>τινάς·</span> <span class='ocrx_word' id='word_1_90' title='bbox 1260 1293 1397 1368; x_wconf 78' lang='grc' dir='ltr'>ἦσαν</span> <span class='ocrx_word' id='word_1_91' title='bbox 1438 1293 1494 1346; x_wconf 83' lang='grc' dir='ltr'><strong>δὲ</strong></span> <span class='ocrx_word' id='word_1_92' title='bbox 1538 1285 1861 1360; x_wconf 84' lang='grc' dir='ltr'>προσκεκλι-</span> 
     </span>
    </p>
   </div>
   <div class='ocr_carea' id='block_1_15' title="bbox 300 1380 1866 1477">
    <p class='ocr_par' dir='ltr' id='par_1_15' title="bbox 300 1380 1866 1477">
     <span class='ocr_line' id='line_1_15' title="bbox 300 1380 1866 1477; baseline -0.019 -18"><span class='ocrx_word' id='word_1_93' title='bbox 300 1406 458 1477; x_wconf 83' lang='grc' dir='ltr'>μένοι</span> <span class='ocrx_word' id='word_1_94' title='bbox 480 1396 619 1456; x_wconf 71' lang='grc' dir='ltr'>οὗτοι</span> <span class='ocrx_word' id='word_1_95' title='bbox 649 1397 827 1460; x_wconf 81' lang='grc' dir='ltr'>ποσῶς</span> <span class='ocrx_word' id='word_1_96' title='bbox 861 1393 1055 1467; x_wconf 82' lang='grc' dir='ltr'>μᾶλλον</span> <span class='ocrx_word' id='word_1_97' title='bbox 1093 1394 1158 1462; x_wconf 80' lang='grc' dir='ltr'><strong>τῇ</strong></span> <span class='ocrx_word' id='word_1_98' title='bbox 1193 1388 1298 1442; x_wconf 82' lang='grc' dir='ltr'>τῶν</span> <span class='ocrx_word' id='word_1_99' title='bbox 1340 1383 1630 1458; x_wconf 82' lang='grc' dir='ltr'>Ἀρειανῶν</span> <span class='ocrx_word' id='word_1_100' title='bbox 1654 1380 1866 1452; x_wconf 84' lang='grc' dir='ltr'>χυδαιο-</span> 
     </span>
    </p>
   </div>
   <div class='ocr_carea' id='block_1_16' title="bbox 295 1472 1869 1566">
    <p class='ocr_par' dir='ltr' id='par_1_16' title="bbox 295 1472 1869 1566">
     <span class='ocr_line' id='line_1_16' title="bbox 295 1472 1869 1566; baseline -0.02 -13"><span class='ocrx_word' id='word_1_101' title='bbox 295 1472 477 1566; x_wconf 75' lang='grc' dir='ltr'>λογίᾳ.</span> <span class='ocrx_word' id='word_1_102' title='bbox 523 1493 628 1548; x_wconf 74' lang='grc' dir='ltr'><strong>Καὶ</strong></span> <span class='ocrx_word' id='word_1_103' title='bbox 676 1488 981 1561; x_wconf 79' lang='grc' dir='ltr'>ἐκλήθησαν</span> <span class='ocrx_word' id='word_1_104' title='bbox 1011 1485 1298 1539; x_wconf 83' lang='grc' dir='ltr'>ἐπίσκοποι</span> <span class='ocrx_word' id='word_1_105' title='bbox 1341 1480 1438 1550; x_wconf 81' lang='grc' dir='ltr'>τῆς</span> <span class='ocrx_word' id='word_1_106' title='bbox 1470 1475 1743 1545; x_wconf 79' lang='grc' dir='ltr'><strong>Αἰγύπτου</strong></span> <span class='ocrx_word' id='word_1_107' title='bbox 1771 1472 1869 1541; x_wconf 76' lang='grc' dir='ltr'>τῆς</span> 
     </span>
    </p>
   </div>
   <div class='ocr_carea' id='block_1_17' title="bbox 297 1564 1870 1657">
    <p class='ocr_par' dir='ltr' id='par_1_17' title="bbox 297 1564 1870 1657">
     <span class='ocr_line' id='line_1_17' title="bbox 297 1564 1870 1657; baseline -0.018 -14"><span class='ocrx_word' id='word_1_108' title='bbox 297 1564 608 1657; x_wconf 60' lang='grc' dir='ltr'>ηθολικῆς,</span> <span class='ocrx_word' id='word_1_109' title='bbox 643 1582 738 1636; x_wconf 75' lang='grc' dir='ltr'><strong>καὶ</strong></span> <span class='ocrx_word' id='word_1_110' title='bbox 773 1579 876 1633; x_wconf 79' lang='grc' dir='ltr'>ὑπὸ</span> <span class='ocrx_word' id='word_1_111' title='bbox 922 1575 1234 1630; x_wconf 81' lang='grc' dir='ltr'>Ἀθανάσιον</span> <span class='ocrx_word' id='word_1_112' title='bbox 1278 1569 1576 1643; x_wconf 81' lang='grc' dir='ltr'>ἀκρέμονές</span> <span class='ocrx_word' id='word_1_113' title='bbox 1607 1582 1747 1628; x_wconf 86' lang='grc' dir='ltr'>τινες</span> <span class='ocrx_word' id='word_1_114' title='bbox 1778 1564 1870 1618; x_wconf 86' lang='grc' dir='ltr'><strong>ἆν-</strong></span> 
     </span>
    </p>
   </div>
   <div class='ocr_carea' id='block_1_18' title="bbox 297 1655 1874 1753">
    <p class='ocr_par' dir='ltr' id='par_1_18' title="bbox 297 1655 1874 1753">
     <span class='ocr_line' id='line_1_18' title="bbox 297 1655 1874 1753; baseline -0.02 -18"><span class='ocrx_word' id='word_1_115' title='bbox 297 1681 423 1753; x_wconf 88' lang='grc' dir='ltr'>δρες</span> <span class='ocrx_word' id='word_1_116' title='bbox 467 1655 561 1732; x_wconf 62' lang='grc' dir='ltr'><strong>καί</strong></span> <span class='ocrx_word' id='word_1_117' title='bbox 605 1672 842 1747; x_wconf 76' lang='grc' dir='ltr'><strong>μείζους,</strong></span> <span class='ocrx_word' id='word_1_118' title='bbox 868 1670 960 1723; x_wconf 76' lang='grc' dir='ltr'><strong>καὶ</strong></span> <span class='ocrx_word' id='word_1_119' title='bbox 1003 1668 1060 1720; x_wconf 88' lang='grc' dir='ltr'><strong>ἐν</strong></span> <span class='ocrx_word' id='word_1_120' title='bbox 1111 1665 1229 1736; x_wconf 81' lang='grc' dir='ltr'><strong>Θεῷ</strong></span> <span class='ocrx_word' id='word_1_121' title='bbox 1273 1663 1485 1734; x_wconf 76' lang='grc' dir='ltr'>ἔχοντες</span> <span class='ocrx_word' id='word_1_122' title='bbox 1527 1657 1755 1728; x_wconf 66' lang='grc' dir='ltr'>διαφανῆ</span> <span class='ocrx_word' id='word_1_123' title='bbox 1784 1655 1874 1707; x_wconf 73' lang='grc' dir='ltr'><strong>τὸν</strong></span> 
     </span>
    </p>
   </div>
   <div class='ocr_carea' id='block_1_19' title="bbox 300 1747 1866 1844">
    <p class='ocr_par' dir='ltr' id='par_1_19' title="bbox 300 1747 1866 1844">
     <span class='ocr_line' id='line_1_19' title="bbox 300 1747 1866 1844; baseline -0.019 -18"><span class='ocrx_word' id='word_1_124' title='bbox 300 1747 413 1844; x_wconf 76' lang='grc' dir='ltr'>βίον</span> <span class='ocrx_word' id='word_1_125' title='bbox 431 1790 445 1803; x_wconf 88' lang='grc'><strong>·</strong></span> <span class='ocrx_word' id='word_1_126' title='bbox 477 1773 532 1822; x_wconf 88' lang='grc' dir='ltr'><strong>ἐν</strong></span> <span class='ocrx_word' id='word_1_127' title='bbox 555 1762 633 1830; x_wconf 78' lang='grc' dir='ltr'>οἷς</span> <span class='ocrx_word' id='word_1_128' title='bbox 657 1762 724 1836; x_wconf 81' lang='grc' dir='ltr'>ἦν</span> <span class='ocrx_word' id='word_1_129' title='bbox 758 1765 786 1816; x_wconf 98' lang='lat'><strong>6</strong></span> <span class='ocrx_word' id='word_1_130' title='bbox 818 1761 1123 1833; x_wconf 75' lang='grc' dir='ltr'>μακαρίτης</span> <span class='ocrx_word' id='word_1_131' title='bbox 1144 1755 1468 1826; x_wconf 77' lang='grc' dir='ltr'>Ποτάμωνοὸ</span> <span class='ocrx_word' id='word_1_132' title='bbox 1504 1752 1696 1830; x_wconf 87' lang='grc' dir='ltr'>μέγας,</span> <span class='ocrx_word' id='word_1_133' title='bbox 1717 1750 1744 1801; x_wconf 89' lang='lat'><strong>6</strong></span> <span class='ocrx_word' id='word_1_134' title='bbox 1769 1747 1866 1817; x_wconf 85' lang='grc' dir='ltr'>τῆς</span> 
     </span>
    </p>
   </div>
   <div class='ocr_carea' id='block_1_20' title="bbox 312 1839 2064 1941">
    <p class='ocr_par' dir='ltr' id='par_1_20' title="bbox 312 1839 2064 1941">
     <span class='ocr_line' id='line_1_20' title="bbox 312 1839 2064 1941; baseline -0.019 -17"><span class='ocrx_word' id='word_1_135' title='bbox 312 1866 634 1941; x_wconf 80' lang='grc' dir='ltr'>Ἡρακλείας</span> <span class='ocrx_word' id='word_1_136' title='bbox 666 1863 957 1922; x_wconf 73' lang='grc' dir='ltr'>ἐπίσκοπος</span> <span class='ocrx_word' id='word_1_137' title='bbox 1003 1856 1095 1910; x_wconf 68' lang='grc' dir='ltr'><strong>καὶ</strong></span> <span class='ocrx_word' id='word_1_138' title='bbox 1136 1852 1468 1925; x_wconf 77' lang='grc' dir='ltr'>ὁμολογητὴς</span> <span class='ocrx_word' id='word_1_139' title='bbox 1488 1867 1500 1878; x_wconf 70' lang='grc' dir='ltr'><strong>ν</strong></span> <span class='ocrx_word' id='word_1_140' title='bbox 1535 1845 1668 1929; x_wconf 73' lang='grc' dir='ltr'>ἀλλὰ</span> <span class='ocrx_word' id='word_1_141' title='bbox 1710 1845 1803 1898; x_wconf 67' lang='grc' dir='ltr'><strong>καὶ</strong></span> <span class='ocrx_word' id='word_1_142' title='bbox 1823 1843 1872 1896; x_wconf 86' lang='grc' dir='ltr'>οί</span> <span class='ocrx_word' id='word_1_143' title='bbox 1904 1842 1948 1902; x_wconf 84' lang='grc' dir='ltr'><strong>Β</strong></span> <span class='ocrx_word' id='word_1_144' title='bbox 1974 1839 2064 1941; x_wconf 58' lang='lat' dir='ltr'><strong>mf:</strong></span> 
     </span>
    </p>
   </div>
   <div class='ocr_carea' id='block_1_21' title="bbox 301 1941 1868 2025">
    <p class='ocr_par' dir='ltr' id='par_1_21' title="bbox 301 1941 1868 2025">
     <span class='ocr_line' id='line_1_21' title="bbox 301 1941 1868 2025; baseline -0.019 -9"><span class='ocrx_word' id='word_1_145' title='bbox 301 1963 413 2016; x_wconf 81' lang='grc' dir='ltr'>τῶν</span> <span class='ocrx_word' id='word_1_146' title='bbox 435 1956 796 2018; x_wconf 81' lang='grc' dir='ltr'>Μελετιανῶν,</span> <span class='ocrx_word' id='word_1_147' title='bbox 828 1953 1056 2025; x_wconf 78' lang='grc' dir='ltr'>μάλιστα</span> <span class='ocrx_word' id='word_1_148' title='bbox 1087 1952 1133 2002; x_wconf 78' lang='grc' dir='ltr'><strong>οἱ</strong></span> <span class='ocrx_word' id='word_1_149' title='bbox 1153 1946 1246 2000; x_wconf 77' lang='grc' dir='ltr'><strong>τοῦ</strong></span> <span class='ocrx_word' id='word_1_150' title='bbox 1291 1941 1605 1997; x_wconf 81' lang='grc' dir='ltr'>Ἀθανασίου</span> <span class='ocrx_word' id='word_1_151' title='bbox 1634 1953 1868 2008; x_wconf 87' lang='grc' dir='ltr'>κατηγο-</span> 
     </span>
    </p>
   </div>
   <div class='ocr_carea' id='block_1_22' title="bbox 307 2028 1873 2126">
    <p class='ocr_par' dir='ltr' id='par_1_22' title="bbox 307 2028 1873 2126">
     <span class='ocr_line' id='line_1_22' title="bbox 307 2028 1873 2126; baseline -0.019 -18"><span class='ocrx_word' id='word_1_152' title='bbox 307 2053 552 2126; x_wconf 75' lang='grc' dir='ltr'>ροῦντες.</span> <span class='ocrx_word' id='word_1_153' title='bbox 612 2047 855 2120; x_wconf 81' lang='grc' dir='ltr'>Ζηλωτὴς</span> <span class='ocrx_word' id='word_1_154' title='bbox 897 2044 953 2097; x_wconf 80' lang='grc' dir='ltr'><strong>δὲ</strong></span> <span class='ocrx_word' id='word_1_155' title='bbox 981 2042 1055 2096; x_wconf 81' lang='grc' dir='ltr'><strong>ὢν</strong></span> <span class='ocrx_word' id='word_1_156' title='bbox 1085 2041 1224 2111; x_wconf 79' lang='grc' dir='ltr'>ὑπὲρ</span> <span class='ocrx_word' id='word_1_157' title='bbox 1279 2035 1536 2106; x_wconf 75' lang='grc' dir='ltr'>ἀληθείας</span> <span class='ocrx_word' id='word_1_158' title='bbox 1590 2031 1685 2084; x_wconf 70' lang='grc' dir='ltr'><strong>καὶ</strong></span> <span class='ocrx_word' id='word_1_159' title='bbox 1718 2028 1873 2102; x_wconf 83' lang='grc' dir='ltr'>ὀρθο-</span> 
     </span>
    </p>
   </div>
   <div class='ocr_carea' id='block_1_23' title="bbox 303 2121 1872 2213">
    <p class='ocr_par' dir='ltr' id='par_1_23' title="bbox 303 2121 1872 2213">
     <span class='ocr_line' id='line_1_23' title="bbox 303 2121 1872 2213; baseline -0.019 -12"><span class='ocrx_word' id='word_1_160' title='bbox 303 2121 489 2212; x_wconf 78' lang='grc' dir='ltr'>δοξίας</span> <span class='ocrx_word' id='word_1_161' title='bbox 530 2145 558 2197; x_wconf 91' lang='lat'><strong>6</strong></span> <span class='ocrx_word' id='word_1_162' title='bbox 601 2137 988 2213; x_wconf 83' lang='grc' dir='ltr'>προειρημένος</span> <span class='ocrx_word' id='word_1_163' title='bbox 1027 2133 1290 2202; x_wconf 80' lang='grc' dir='ltr'>Ποτάμων</span> <span class='ocrx_word' id='word_1_164' title='bbox 1321 2131 1348 2182; x_wconf 91' lang='grc' dir='ltr'>ὁ</span> <span class='ocrx_word' id='word_1_165' title='bbox 1379 2123 1701 2198; x_wconf 85' lang='grc' dir='ltr'>μακαρίτης,</span> <span class='ocrx_word' id='word_1_166' title='bbox 1725 2121 1872 2174; x_wconf 79' lang='grc' dir='ltr'>ἐλευ-</span> 
     </span>
    </p>
   </div>
   <div class='ocr_carea' id='block_1_24' title="bbox 303 2215 1867 2310">
    <p class='ocr_par' dir='ltr' id='par_1_24' title="bbox 303 2215 1867 2310">
     <span class='ocr_line' id='line_1_24' title="bbox 303 2215 1867 2310; baseline -0.019 -18"><span class='ocrx_word' id='word_1_167' title='bbox 303 2234 682 2310; x_wconf 86' lang='grc' dir='ltr'>θεροστομῶν,</span> <span class='ocrx_word' id='word_1_168' title='bbox 731 2231 788 2295; x_wconf 86' lang='grc' dir='ltr'><strong>δς</strong></span> <span class='ocrx_word' id='word_1_169' title='bbox 843 2227 1093 2282; x_wconf 76' lang='grc' dir='ltr'>οὐδέποτε</span> <span class='ocrx_word' id='word_1_170' title='bbox 1138 2223 1322 2292; x_wconf 68' lang='grc' dir='ltr'>εἴληφε</span> <span class='ocrx_word' id='word_1_171' title='bbox 1366 2215 1654 2292; x_wconf 83' lang='grc' dir='ltr'>πρόσωπόν</span> <span class='ocrx_word' id='word_1_172' title='bbox 1695 2224 1867 2274; x_wconf 88' lang='grc' dir='ltr'>τινος·</span> 
     </span>
    </p>
   </div>
   <div class='ocr_carea' id='block_1_25' title="bbox 298 2306 1874 2398">
    <p class='ocr_par' dir='ltr' id='par_1_25' title="bbox 298 2306 1874 2398">
     <span class='ocr_line' id='line_1_25' title="bbox 298 2306 1874 2398; baseline -0.018 -12"><span class='ocrx_word' id='word_1_173' title='bbox 298 2306 391 2386; x_wconf 77' lang='grc' dir='ltr'>τὸν</span> <span class='ocrx_word' id='word_1_174' title='bbox 455 2326 731 2398; x_wconf 68' lang='grc' dir='ltr'>ὀφθαλμὸν</span> <span class='ocrx_word' id='word_1_175' title='bbox 795 2323 902 2393; x_wconf 72' lang='grc' dir='ltr'>γὰρ</span> <span class='ocrx_word' id='word_1_176' title='bbox 940 2323 996 2374; x_wconf 88' lang='grc' dir='ltr'><strong>ἐν</strong></span> <span class='ocrx_word' id='word_1_177' title='bbox 1031 2318 1106 2389; x_wconf 81' lang='grc' dir='ltr'>τῷ</span> <span class='ocrx_word' id='word_1_178' title='bbox 1135 2313 1357 2386; x_wconf 83' lang='grc' dir='ltr'>διωγμῷ</span> <span class='ocrx_word' id='word_1_179' title='bbox 1391 2313 1475 2365; x_wconf 80' lang='grc' dir='ltr'><strong>διὰ</strong></span> <span class='ocrx_word' id='word_1_180' title='bbox 1497 2310 1592 2380; x_wconf 84' lang='grc' dir='ltr'><strong>τὴν</strong></span> <span class='ocrx_word' id='word_1_181' title='bbox 1621 2306 1874 2379; x_wconf 80' lang='grc' dir='ltr'>ἀλήθειαν</span> 
     </span>
    </p>
   </div>
   <div class='ocr_carea' id='block_1_26' title="bbox 301 2396 1875 2489">
    <p class='ocr_par' dir='ltr' id='par_1_26' title="bbox 301 2396 1875 2489">
     <span class='ocr_line' id='line_1_26' title="bbox 301 2396 1875 2489; baseline -0.018 -14"><span class='ocrx_word' id='word_1_182' title='bbox 301 2396 916 2489; x_wconf 48' lang='grc' dir='ltr'>ἐτυφλώθηίὲωρακὼς</span> <span class='ocrx_word' id='word_1_183' title='bbox 958 2410 1050 2464; x_wconf 83' lang='grc' dir='ltr'>τὸν</span> <span class='ocrx_word' id='word_1_184' title='bbox 1097 2406 1351 2461; x_wconf 77' lang='grc' dir='ltr'>Εύσέϐιον</span> <span class='ocrx_word' id='word_1_185' title='bbox 1388 2399 1749 2471; x_wconf 80' lang='grc' dir='ltr'>καθεζόμενον</span> <span class='ocrx_word' id='word_1_186' title='bbox 1781 2396 1875 2448; x_wconf 59' lang='grc' dir='ltr'><strong>καλ⁸</strong></span> 
     </span>
    </p>
   </div>
   <div class='ocr_carea' id='block_1_27' title="bbox 301 2488 1874 2576">
    <p class='ocr_par' dir='ltr' id='par_1_27' title="bbox 301 2488 1874 2576">
     <span class='ocr_line' id='line_1_27' title="bbox 301 2488 1874 2576; baseline -0.018 -8"><span class='ocrx_word' id='word_1_187' title='bbox 301 2512 613 2576; x_wconf 80' lang='grc' dir='ltr'>δικάζοντα,</span> <span class='ocrx_word' id='word_1_188' title='bbox 667 2508 763 2560; x_wconf 56' lang='grc' dir='ltr'><strong>καὶ⁸</strong></span> <span class='ocrx_word' id='word_1_189' title='bbox 825 2503 1135 2557; x_wconf 80' lang='grc' dir='ltr'>Ἀθανάσιον</span> <span class='ocrx_word' id='word_1_190' title='bbox 1187 2497 1430 2558; x_wconf 78' lang='grc' dir='ltr'>ἑστῶτα,</span> <span class='ocrx_word' id='word_1_191' title='bbox 1482 2488 1874 2562; x_wconf 71' lang='grc' dir='ltr'>καταπονηθεὶς</span> 
     </span>
    </p>
   </div>
   <div class='ocr_carea' id='block_1_28' title="bbox 303 2581 1875 2676">
    <p class='ocr_par' dir='ltr' id='par_1_28' title="bbox 303 2581 1875 2676">
     <span class='ocr_line' id='line_1_28' title="bbox 303 2581 1875 2676; baseline -0.017 -18"><span class='ocrx_word' id='word_1_192' title='bbox 303 2607 368 2676; x_wconf 77' lang='grc' dir='ltr'>τῇ</span> <span class='ocrx_word' id='word_1_193' title='bbox 396 2603 566 2674; x_wconf 82' lang='grc' dir='ltr'>λύπῃ,</span> <span class='ocrx_word' id='word_1_194' title='bbox 620 2600 712 2653; x_wconf 74' lang='grc' dir='ltr'><strong>καὶ</strong></span> <span class='ocrx_word' id='word_1_195' title='bbox 766 2595 1056 2668; x_wconf 81' lang='grc' dir='ltr'>δακρύσας,</span> <span class='ocrx_word' id='word_1_196' title='bbox 1085 2587 1171 2644; x_wconf 77' lang='grc' dir='ltr'><strong>οἷα</strong></span> <span class='ocrx_word' id='word_1_197' title='bbox 1209 2591 1413 2659; x_wconf 83' lang='grc' dir='ltr'>γίνεται</span> <span class='ocrx_word' id='word_1_198' title='bbox 1444 2584 1592 2656; x_wconf 75' lang='grc' dir='ltr'>παρὰ</span> <span class='ocrx_word' id='word_1_199' title='bbox 1615 2585 1724 2644; x_wconf 83' lang='grc' dir='ltr'>τοῖς</span> <span class='ocrx_word' id='word_1_200' title='bbox 1746 2581 1875 2651; x_wconf 83' lang='grc' dir='ltr'>ἀλη-</span> 
     </span>
    </p>
   </div>
   <div class='ocr_carea' id='block_1_29' title="bbox 304 2674 1871 2759">
    <p class='ocr_par' dir='ltr' id='par_1_29' title="bbox 304 2674 1871 2759">
     <span class='ocr_line' id='line_1_29' title="bbox 304 2674 1871 2759; baseline -0.017 -9"><span class='ocrx_word' id='word_1_201' title='bbox 304 2674 482 2759; x_wconf 83' lang='grc' dir='ltr'>Θέσιν,</span> <span class='ocrx_word' id='word_1_202' title='bbox 509 2693 829 2747; x_wconf 77' lang='grc' dir='ltr'>ἀπε-τείνατο</span> <span class='ocrx_word' id='word_1_203' title='bbox 862 2690 1010 2759; x_wconf 79' lang='grc' dir='ltr'><strong>φωνῇ</strong></span> <span class='ocrx_word' id='word_1_204' title='bbox 1045 2684 1252 2758; x_wconf 78' lang='grc' dir='ltr'>μεγάλῃ</span> <span class='ocrx_word' id='word_1_205' title='bbox 1268 2679 1510 2750; x_wconf 76' lang='grc' dir='ltr'><strong>Εὖσεϐίῳ</strong></span> <span class='ocrx_word' id='word_1_206' title='bbox 1526 2677 1718 2747; x_wconf 81' lang='grc' dir='ltr'>λέγων’</span> <span class='ocrx_word' id='word_1_207' title='bbox 1754 2692 1772 2725; x_wconf 80' lang='grc' dir='ltr'>ι</span> <span class='ocrx_word' id='word_1_208' title='bbox 1800 2674 1871 2726; x_wconf 73' lang='grc' dir='ltr'><strong>Σὺ</strong></span> 
     </span>
    </p>
   </div>
   <div class='ocr_carea' id='block_1_30' title="bbox 305 2765 1874 2857">
    <p class='ocr_par' dir='ltr' id='par_1_30' title="bbox 305 2765 1874 2857">
     <span class='ocr_line' id='line_1_30' title="bbox 305 2765 1874 2857; baseline -0.016 -15"><span class='ocrx_word' id='word_1_209' title='bbox 305 2786 541 2857; x_wconf 76' lang='grc' dir='ltr'>καθέζη,</span> <span class='ocrx_word' id='word_1_210' title='bbox 572 2782 816 2845; x_wconf 76' lang='grc' dir='ltr'>Εύσέϐιε,</span> <span class='ocrx_word' id='word_1_211' title='bbox 846 2781 942 2834; x_wconf 69' lang='grc' dir='ltr'><strong>καὶ</strong></span> <span class='ocrx_word' id='word_1_212' title='bbox 984 2776 1296 2836; x_wconf 83' lang='grc' dir='ltr'>Ἀθανάσιος</span> <span class='ocrx_word' id='word_1_213' title='bbox 1317 2770 1488 2833; x_wconf 81' lang='grc' dir='ltr'>ἁθῶος</span> <span class='ocrx_word' id='word_1_214' title='bbox 1510 2768 1583 2821; x_wconf 80' lang='grc' dir='ltr'>ὢν</span> <span class='ocrx_word' id='word_1_215' title='bbox 1609 2765 1758 2838; x_wconf 77' lang='grc' dir='ltr'><strong>παρᾶ</strong></span> <span class='ocrx_word' id='word_1_216' title='bbox 1782 2765 1874 2817; x_wconf 77' lang='grc' dir='ltr'>σοῦ</span> 
     </span>
    </p>
   </div>
   <div class='ocr_carea' id='block_1_31' title="bbox 306 2855 1874 2949">
    <p class='ocr_par' dir='ltr' id='par_1_31' title="bbox 306 2855 1874 2949">
     <span class='ocr_line' id='line_1_31' title="bbox 306 2855 1874 2949; baseline -0.016 -18"><span class='ocrx_word' id='word_1_217' title='bbox 306 2855 558 2949; x_wconf 75' lang='grc' dir='ltr'>κρίνεται</span> <span class='ocrx_word' id='word_1_218' title='bbox 583 2891 596 2904; x_wconf 85' lang='grc'><strong>·</strong></span> <span class='ocrx_word' id='word_1_219' title='bbox 641 2874 722 2936; x_wconf 87' lang='grc' dir='ltr'><strong>τίς</strong></span> <span class='ocrx_word' id='word_1_220' title='bbox 769 2872 976 2938; x_wconf 80' lang='grc' dir='ltr'>ἐνέγκοι</span> <span class='ocrx_word' id='word_1_221' title='bbox 1021 2867 1090 2921; x_wconf 82' lang='grc' dir='ltr'><strong>τὰ</strong></span> <span class='ocrx_word' id='word_1_222' title='bbox 1114 2863 1375 2926; x_wconf 74' lang='grc' dir='ltr'>τοιαύτας</span> <span class='ocrx_word' id='word_1_223' title='bbox 1421 2859 1559 2927; x_wconf 86' lang='grc' dir='ltr'>Λέγε</span> <span class='ocrx_word' id='word_1_224' title='bbox 1594 2858 1651 2910; x_wconf 86' lang='grc' dir='ltr'><strong>δέ</strong></span> <span class='ocrx_word' id='word_1_225' title='bbox 1679 2874 1766 2927; x_wconf 88' lang='grc' dir='ltr'>μοι</span> <span class='ocrx_word' id='word_1_226' title='bbox 1790 2855 1874 2914; x_wconf 78' lang='grc' dir='ltr'><strong>σὺ,</strong></span> 
     </span>
    </p>
   </div>
   <div class='ocr_carea' id='block_1_32' title="bbox 307 2944 1874 3034">
    <p class='ocr_par' dir='ltr' id='par_1_32' title="bbox 307 2944 1874 3034">
     <span class='ocr_line' id='line_1_32' title="bbox 307 2944 1874 3034; baseline -0.017 -11"><span class='ocrx_word' id='word_1_227' title='bbox 422 2969 520 3020; x_wconf 79' lang='grc' dir='ltr'><strong>σὺν</strong></span> <span class='ocrx_word' id='word_1_228' title='bbox 574 2966 694 3034; x_wconf 74' lang='grc' dir='ltr'>ἐμοὶ</span> <span class='ocrx_word' id='word_1_229' title='bbox 742 2959 883 3034; x_wconf 71' lang='grc' dir='ltr'>ἦσθα</span> <span class='ocrx_word' id='word_1_230' title='bbox 921 2961 976 3012; x_wconf 82' lang='grc' dir='ltr'>ὲν</span> <span class='ocrx_word' id='word_1_231' title='bbox 1021 2961 1086 3029; x_wconf 82' lang='grc' dir='ltr'><strong>τῇ</strong></span> <span class='ocrx_word' id='word_1_232' title='bbox 1117 2956 1328 3025; x_wconf 70' lang='grc' dir='ltr'>φυλακῇ</span> <span class='ocrx_word' id='word_1_233' title='bbox 1367 2951 1457 3004; x_wconf 70' lang='grc' dir='ltr'><strong>ἐπὶ</strong></span> <span class='ocrx_word' id='word_1_234' title='bbox 1479 2948 1574 3002; x_wconf 80' lang='grc' dir='ltr'><strong>τοῦ</strong></span> <span class='ocrx_word' id='word_1_235' title='bbox 1600 2944 1874 3016; x_wconf 83' lang='grc' dir='ltr'><strong>διωγμοῦ;</strong></span> 
     </span>
    </p>
   </div>
   <div class='ocr_carea' id='block_1_33' title="bbox 309 3034 1876 3128">
    <p class='ocr_par' dir='ltr' id='par_1_33' title="bbox 309 3034 1876 3128">
     <span class='ocr_line' id='line_1_33' title="bbox 309 3034 1876 3128; baseline -0.017 -15"><span class='ocrx_word' id='word_1_236' title='bbox 309 3055 486 3127; x_wconf 73' lang='grc' dir='ltr'><strong>Κάγὼ</strong></span> <span class='ocrx_word' id='word_1_237' title='bbox 523 3057 615 3128; x_wconf 80' lang='grc' dir='ltr'><strong>μὲν</strong></span> <span class='ocrx_word' id='word_1_238' title='bbox 651 3052 921 3123; x_wconf 65' lang='grc' dir='ltr'>ὀφθαλμὸν</span> <span class='ocrx_word' id='word_1_239' title='bbox 938 3046 1285 3116; x_wconf 80' lang='grc' dir='ltr'>ἀπεὸαλόμην</span> <span class='ocrx_word' id='word_1_240' title='bbox 1317 3043 1457 3113; x_wconf 77' lang='grc' dir='ltr'>ὑπὲρ</span> <span class='ocrx_word' id='word_1_241' title='bbox 1492 3036 1778 3110; x_wconf 50' lang='grc' dir='ltr'>ἀληθείας</span> <span class='ocrx_word' id='word_1_242' title='bbox 1812 3034 1876 3086; x_wconf 81' lang='grc' dir='ltr'><strong>σὺ</strong></span> 
     </span>
    </p>
   </div>
   <div class='ocr_carea' id='block_1_34' title="bbox 310 3128 1874 3218">
    <p class='ocr_par' dir='ltr' id='par_1_34' title="bbox 310 3128 1874 3218">
     <span class='ocr_line' id='line_1_34' title="bbox 310 3128 1874 3218; baseline -0.017 -13"><span class='ocrx_word' id='word_1_243' title='bbox 310 3148 529 3205; x_wconf 73' lang='grc' dir='ltr'>δὲ·οΰτε</span> <span class='ocrx_word' id='word_1_244' title='bbox 583 3147 744 3218; x_wconf 77' lang='grc' dir='ltr'>φαίνῃ</span> <span class='ocrx_word' id='word_1_245' title='bbox 791 3140 1161 3211; x_wconf 82' lang='grc' dir='ltr'>λελωϐημένον</span> <span class='ocrx_word' id='word_1_246' title='bbox 1195 3156 1246 3190; x_wconf 89' lang='grc' dir='ltr'>τι</span> <span class='ocrx_word' id='word_1_247' title='bbox 1279 3135 1416 3206; x_wconf 75' lang='grc' dir='ltr'>ἔχων</span> <span class='ocrx_word' id='word_1_248' title='bbox 1443 3135 1500 3186; x_wconf 81' lang='grc' dir='ltr'><strong>ἐν</strong></span> <span class='ocrx_word' id='word_1_249' title='bbox 1531 3130 1608 3202; x_wconf 84' lang='grc' dir='ltr'><strong>τῷ</strong></span> <span class='ocrx_word' id='word_1_250' title='bbox 1642 3128 1874 3199; x_wconf 85' lang='grc' dir='ltr'>σώματι,</span> 
     </span>
    </p>
   </div>
   <div class='ocr_carea' id='block_1_35' title="bbox 315 3223 1880 3312">
    <p class='ocr_par' dir='ltr' id='par_1_35' title="bbox 315 3223 1880 3312">
     <span class='ocr_line' id='line_1_35' title="bbox 315 3223 1880 3312; baseline -0.017 -14"><span class='ocrx_word' id='word_1_251' title='bbox 315 3242 444 3300; x_wconf 68' lang='grc' dir='ltr'>οὔτε</span> <span class='ocrx_word' id='word_1_252' title='bbox 472 3238 866 3312; x_wconf 78' lang='grc' dir='ltr'>ἐμαρτύρησας,</span> <span class='ocrx_word' id='word_1_253' title='bbox 904 3232 1038 3288; x_wconf 78' lang='grc' dir='ltr'>ἀλλὰ</span> <span class='ocrx_word' id='word_1_254' title='bbox 1076 3232 1309 3301; x_wconf 74' lang='grc' dir='ltr'>ἕστηκας</span> <span class='ocrx_word' id='word_1_255' title='bbox 1338 3225 1466 3292; x_wconf 79' lang='grc' dir='ltr'>ζῶν,</span> <span class='ocrx_word' id='word_1_256' title='bbox 1506 3223 1670 3295; x_wconf 84' lang='grc' dir='ltr'>μηδὲν</span> <span class='ocrx_word' id='word_1_257' title='bbox 1700 3223 1880 3294; x_wconf 73' lang='grc' dir='ltr'>ἠκρω-</span> 
     </span>
    </p>
   </div>
   <div class='ocr_carea' id='block_1_36' title="bbox 316 3314 1883 3409">
    <p class='ocr_par' dir='ltr' id='par_1_36' title="bbox 316 3314 1883 3409">
     <span class='ocr_line' id='line_1_36' title="bbox 316 3314 1883 3409; baseline -0.017 -19"><span class='ocrx_word' id='word_1_258' title='bbox 316 3333 699 3409; x_wconf 81' lang='grc' dir='ltr'>τηριασμένος.</span> <span class='ocrx_word' id='word_1_259' title='bbox 731 3328 854 3391; x_wconf 78' lang='grc' dir='ltr'>Πῶς</span> <span class='ocrx_word' id='word_1_260' title='bbox 885 3324 1237 3396; x_wconf 85' lang='grc' dir='ltr'>ἀνεχώρησας</span> <span class='ocrx_word' id='word_1_261' title='bbox 1267 3319 1374 3373; x_wconf 74' lang='grc' dir='ltr'><strong>ἀπὸ</strong></span> <span class='ocrx_word' id='word_1_262' title='bbox 1411 3318 1510 3388; x_wconf 80' lang='grc' dir='ltr'>τῆς</span> <span class='ocrx_word' id='word_1_263' title='bbox 1535 3314 1800 3385; x_wconf 75' lang='grc' dir='ltr'>φυλακῆς,</span> <span class='ocrx_word' id='word_1_264' title='bbox 1834 3314 1883 3365; x_wconf 87' lang='grc' dir='ltr'><strong>εί</strong></span> 
     </span>
    </p>
   </div>
   <div class='ocr_carea' id='block_1_37' title="bbox 317 3403 1882 3501">
    <p class='ocr_par' dir='ltr' id='par_1_37' title="bbox 317 3403 1882 3501">
     <span class='ocr_line' id='line_1_37' title="bbox 317 3403 1882 3501; baseline -0.017 -20"><span class='ocrx_word' id='word_1_265' title='bbox 317 3403 400 3501; x_wconf 32' lang='grc' dir='ltr'>μη*</span> <span class='ocrx_word' id='word_1_266' title='bbox 422 3427 506 3479; x_wconf 86' lang='grc' dir='ltr'><strong>ὅτι</strong></span> <span class='ocrx_word' id='word_1_267' title='bbox 535 3423 766 3492; x_wconf 79' lang='grc' dir='ltr'>ὑπέσχου</span> <span class='ocrx_word' id='word_1_268' title='bbox 799 3422 910 3481; x_wconf 84' lang='grc' dir='ltr'>τοῖς</span> <span class='ocrx_word' id='word_1_269' title='bbox 947 3417 1045 3488; x_wconf 80' lang='grc' dir='ltr'><strong>τὴν</strong></span> <span class='ocrx_word' id='word_1_270' title='bbox 1089 3413 1331 3481; x_wconf 82' lang='grc' dir='ltr'>ἀνάγκην</span> <span class='ocrx_word' id='word_1_271' title='bbox 1364 3407 1456 3461; x_wconf 78' lang='grc' dir='ltr'><strong>τοῦ</strong></span> <span class='ocrx_word' id='word_1_272' title='bbox 1484 3403 1724 3478; x_wconf 79' lang='grc' dir='ltr'><strong>διωγμοῦ</strong></span> <span class='ocrx_word' id='word_1_273' title='bbox 1751 3405 1882 3474; x_wconf 82' lang='grc' dir='ltr'>ἡμῖν</span> 
     </span>
    </p>
   </div>
   <div class='ocr_carea' id='block_1_38' title="bbox 312 3499 1693 3588">
    <p class='ocr_par' dir='ltr' id='par_1_38' title="bbox 312 3499 1693 3588">
     <span class='ocr_line' id='line_1_38' title="bbox 312 3499 1693 3588; baseline -0.02 -12"><span class='ocrx_word' id='word_1_274' title='bbox 312 3499 644 3588; x_wconf 65' lang='grc' dir='ltr'>ἐπενέγκασι</span> <span class='ocrx_word' id='word_1_275' title='bbox 669 3515 728 3569; x_wconf 72' lang='lat'><strong>:6</strong></span> <span class='ocrx_word' id='word_1_276' title='bbox 754 3512 1005 3584; x_wconf 85' lang='grc' dir='ltr'>ἀθέμιτον</span> <span class='ocrx_word' id='word_1_277' title='bbox 1030 3506 1253 3579; x_wconf 75' lang='grc' dir='ltr'>πρᾶξαι,</span> <span class='ocrx_word' id='word_1_278' title='bbox 1285 3503 1319 3575; x_wconf 78' lang='grc' dir='ltr'>ἢ</span> <span class='ocrx_word' id='word_1_279' title='bbox 1353 3499 1626 3573; x_wconf 73' lang='grc' dir='ltr'>ἔπραξαςς</span> <span class='ocrx_word' id='word_1_280' title='bbox 1676 3517 1693 3549; x_wconf 73' lang='grc' dir='ltr'>ι</span> 
     </span>
    </p>
   </div>
   <div class='ocr_carea' id='block_1_39' title="bbox 2029 971 3526 1054">
    <p class='ocr_par' dir='ltr' id='par_1_39' title="bbox 2029 971 3526 1054">
     <span class='ocr_line' id='line_1_39' title="bbox 2029 971 3526 1054; baseline -0.015 -2"><span class='ocrx_word' id='word_1_281' title='bbox 2029 996 2128 1052; x_wconf 81' lang='lat' dir='ltr'><strong>His</strong></span> <span class='ocrx_word' id='word_1_282' title='bbox 2158 988 2356 1046; x_wconf 86' lang='lat' dir='ltr'><strong>auditis</strong></span> <span class='ocrx_word' id='word_1_283' title='bbox 2390 986 2684 1054; x_wconf 85' lang='lat' dir='ltr'><strong>imperator</strong></span> <span class='ocrx_word' id='word_1_284' title='bbox 2713 993 3036 1050; x_wconf 78' lang='lat' dir='ltr'><strong>magnopere</strong></span> <span class='ocrx_word' id='word_1_285' title='bbox 3070 975 3381 1032; x_wconf 75' lang='lat' dir='ltr'><strong>excanduit.</strong></span> <span class='ocrx_word' id='word_1_286' title='bbox 3421 971 3526 1048; x_wconf 75' lang='lat' dir='ltr'><strong>lgi-</strong></span> 
     </span>
    </p>
   </div>
   <div class='ocr_carea' id='block_1_40' title="bbox 1961 1063 3528 1158">
    <p class='ocr_par' dir='ltr' id='par_1_40' title="bbox 1961 1063 3528 1158">
     <span class='ocr_line' id='line_1_40' title="bbox 1961 1063 3528 1158; baseline -0.017 -12"><span class='ocrx_word' id='word_1_287' title='bbox 1961 1103 2050 1150; x_wconf 90' lang='lat' dir='ltr'><strong>tur</strong></span> <span class='ocrx_word' id='word_1_288' title='bbox 2076 1085 2203 1158; x_wconf 81' lang='lat' dir='ltr'><strong>Tyri</strong></span> <span class='ocrx_word' id='word_1_289' title='bbox 2244 1081 2301 1135; x_wconf 91' lang='lat' dir='ltr'><strong>in</strong></span> <span class='ocrx_word' id='word_1_290' title='bbox 2331 1075 2588 1132; x_wconf 73' lang='lat' dir='ltr'><strong>thnice</strong></span> <span class='ocrx_word' id='word_1_291' title='bbox 2619 1071 2908 1128; x_wconf 84' lang='lat' dir='ltr'><strong>convocari</strong></span> <span class='ocrx_word' id='word_1_292' title='bbox 2939 1069 3204 1141; x_wconf 81' lang='lat' dir='ltr'><strong>synodum</strong></span> <span class='ocrx_word' id='word_1_293' title='bbox 3249 1068 3424 1138; x_wconf 86' lang='lat' dir='ltr'><strong>jubet,</strong></span> <span class='ocrx_word' id='word_1_294' title='bbox 3452 1063 3528 1120; x_wconf 84' lang='lat' dir='ltr'><strong>ei-</strong></span> 
     </span>
    </p>
   </div>
   <div class='ocr_carea' id='block_1_41' title="bbox 1965 1159 3525 1252">
    <p class='ocr_par' dir='ltr' id='par_1_41' title="bbox 1965 1159 3525 1252">
     <span class='ocr_line' id='line_1_41' title="bbox 1965 1159 3525 1252; baseline -0.017 -16"><span class='ocrx_word' id='word_1_295' title='bbox 1965 1197 2070 1252; x_wconf 87' lang='lat' dir='ltr'><strong>que</strong></span> <span class='ocrx_word' id='word_1_296' title='bbox 2099 1174 2304 1247; x_wconf 87' lang='lat' dir='ltr'><strong>judicio</strong></span> <span class='ocrx_word' id='word_1_297' title='bbox 2337 1181 2703 1240; x_wconf 73' lang='lat' dir='ltr'><strong>pneessecum</strong></span> <span class='ocrx_word' id='word_1_298' title='bbox 2734 1164 3054 1236; x_wconf 88' lang='lat' dir='ltr'><strong>quibusdam</strong></span> <span class='ocrx_word' id='word_1_299' title='bbox 3080 1162 3200 1216; x_wconf 83' lang='lat' dir='ltr'><strong>aiiis</strong></span> <span class='ocrx_word' id='word_1_300' title='bbox 3224 1159 3525 1216; x_wconf 57' lang='lat' dir='ltr'><strong>Caesarien-</strong></span> 
     </span>
    </p>
   </div>
   <div class='ocr_carea' id='block_1_42' title="bbox 1966 1251 3526 1330">
    <p class='ocr_par' dir='ltr' id='par_1_42' title="bbox 1966 1251 3526 1330">
     <span class='ocr_line' id='line_1_42' title="bbox 1966 1251 3526 1330; baseline -0.016 -1"><span class='ocrx_word' id='word_1_301' title='bbox 1966 1288 2079 1329; x_wconf 90' lang='lat' dir='ltr'><strong>sem</strong></span> <span class='ocrx_word' id='word_1_302' title='bbox 2110 1264 2424 1325; x_wconf 89' lang='lat' dir='ltr'><strong>Eusebium,</strong></span> <span class='ocrx_word' id='word_1_303' title='bbox 2455 1260 2545 1330; x_wconf 89' lang='lat' dir='ltr'><strong>qui</strong></span> <span class='ocrx_word' id='word_1_304' title='bbox 2575 1273 2760 1314; x_wconf 77' lang='lat' dir='ltr'><strong>omnes</strong></span> <span class='ocrx_word' id='word_1_305' title='bbox 2803 1257 2855 1310; x_wconf 91' lang='lat' dir='ltr'><strong>in</strong></span> <span class='ocrx_word' id='word_1_306' title='bbox 2886 1255 3211 1310; x_wconf 83' lang='lat' dir='ltr'><strong>Arianorum</strong></span> <span class='ocrx_word' id='word_1_307' title='bbox 3270 1251 3526 1307; x_wconf 84' lang='lat' dir='ltr'><strong>inanissi-</strong></span> 
     </span>
    </p>
   </div>
   <div class='ocr_carea' id='block_1_43' title="bbox 1965 1344 3527 1426">
    <p class='ocr_par' dir='ltr' id='par_1_43' title="bbox 1965 1344 3527 1426">
     <span class='ocr_line' id='line_1_43' title="bbox 1965 1344 3527 1426; baseline -0.014 -7"><span class='ocrx_word' id='word_1_308' title='bbox 1965 1377 2111 1418; x_wconf 89' lang='lat' dir='ltr'><strong>mum</strong></span> <span class='ocrx_word' id='word_1_309' title='bbox 2161 1359 2353 1426; x_wconf 82' lang='lat' dir='ltr'><strong>dogma</strong></span> <span class='ocrx_word' id='word_1_310' title='bbox 2406 1351 2784 1424; x_wconf 85' lang='lat' dir='ltr'><strong>propensiores</strong></span> <span class='ocrx_word' id='word_1_311' title='bbox 2833 1357 3008 1403; x_wconf 89' lang='lat' dir='ltr'><strong>erant.</strong></span> <span class='ocrx_word' id='word_1_312' title='bbox 3087 1345 3220 1400; x_wconf 88' lang='lat' dir='ltr'><strong>Cum</strong></span> <span class='ocrx_word' id='word_1_313' title='bbox 3299 1344 3384 1398; x_wconf 90' lang='lat' dir='ltr'><strong>his</strong></span> <span class='ocrx_word' id='word_1_314' title='bbox 3459 1357 3527 1397; x_wconf 83' lang='lat' dir='ltr'><strong>ex</strong></span> 
     </span>
    </p>
   </div>
   <div class='ocr_carea' id='block_1_44' title="bbox 1969 1433 3597 1514">
    <p class='ocr_par' dir='ltr' id='par_1_44' title="bbox 1969 1433 3597 1514">
     <span class='ocr_line' id='line_1_44' title="bbox 1969 1433 3597 1514; baseline -0.014 -7"><span class='ocrx_word' id='word_1_315' title='bbox 1969 1443 2476 1514; x_wconf 61' lang='lat' dir='ltr'><strong>catholicaﬂﬂgypti</strong></span> <span class='ocrx_word' id='word_1_316' title='bbox 2525 1439 2788 1502; x_wconf 87' lang='lat' dir='ltr'><strong>Ecclesia,</strong></span> <span class='ocrx_word' id='word_1_317' title='bbox 2835 1447 2886 1492; x_wconf 82' lang='lat' dir='ltr'><strong>et</strong></span> <span class='ocrx_word' id='word_1_318' title='bbox 2910 1436 3206 1490; x_wconf 86' lang='lat' dir='ltr'><strong>Athanasio</strong></span> <span class='ocrx_word' id='word_1_319' title='bbox 3260 1433 3526 1502; x_wconf 80' lang='lat' dir='ltr'><strong>subjecta,</strong></span> <span class='ocrx_word' id='word_1_320' title='bbox 3592 1487 3597 1496; x_wconf 69' lang='grc'><strong>,</strong></span> 
     </span>
    </p>
   </div>
   <div class='ocr_carea' id='block_1_45' title="bbox 1971 1525 3530 1613">
    <p class='ocr_par' dir='ltr' id='par_1_45' title="bbox 1971 1525 3530 1613">
     <span class='ocr_line' id='line_1_45' title="bbox 1971 1525 3530 1613; baseline -0.013 -14"><span class='ocrx_word' id='word_1_321' title='bbox 1971 1540 2210 1613; x_wconf 80' lang='lat' dir='ltr'><strong>episcopi</strong></span> <span class='ocrx_word' id='word_1_322' title='bbox 2243 1537 2462 1607; x_wconf 87' lang='lat' dir='ltr'><strong>quidam</strong></span> <span class='ocrx_word' id='word_1_323' title='bbox 2493 1532 2735 1586; x_wconf 75' lang='lat' dir='ltr'><strong>advocati</strong></span> <span class='ocrx_word' id='word_1_324' title='bbox 2762 1536 2908 1593; x_wconf 89' lang='lat' dir='ltr'><strong>sunt,</strong></span> <span class='ocrx_word' id='word_1_325' title='bbox 2942 1527 3185 1598; x_wconf 90' lang='lat' dir='ltr'><strong>primarii</strong></span> <span class='ocrx_word' id='word_1_326' title='bbox 3220 1525 3436 1596; x_wconf 86' lang='lat' dir='ltr'><strong>quidem</strong></span> <span class='ocrx_word' id='word_1_327' title='bbox 3464 1538 3530 1579; x_wconf 88' lang='lat' dir='ltr'><strong>ac</strong></span> 
     </span>
    </p>
   </div>
   <div class='ocr_carea' id='block_1_46' title="bbox 1972 1619 3530 1710">
    <p class='ocr_par' dir='ltr' id='par_1_46' title="bbox 1972 1619 3530 1710">
     <span class='ocr_line' id='line_1_46' title="bbox 1972 1619 3530 1710; baseline -0.015 -16"><span class='ocrx_word' id='word_1_328' title='bbox 1972 1644 2291 1710; x_wconf 87' lang='lat' dir='ltr'><strong>praestantes</strong></span> <span class='ocrx_word' id='word_1_329' title='bbox 2323 1631 2444 1694; x_wconf 77' lang='lat' dir='ltr'><strong>viri,</strong></span> <span class='ocrx_word' id='word_1_330' title='bbox 2481 1635 2642 1698; x_wconf 88' lang='lat' dir='ltr'><strong>atque</strong></span> <span class='ocrx_word' id='word_1_331' title='bbox 2667 1624 2862 1681; x_wconf 83' lang='lat' dir='ltr'><strong>eximia</strong></span> <span class='ocrx_word' id='word_1_332' title='bbox 2909 1625 3029 1676; x_wconf 66' lang='lat' dir='ltr'><strong>vitae</strong></span> <span class='ocrx_word' id='word_1_333' title='bbox 3074 1619 3361 1675; x_wconf 88' lang='lat' dir='ltr'><strong>sanctitate</strong></span> <span class='ocrx_word' id='word_1_334' title='bbox 3390 1631 3530 1688; x_wconf 66' lang='lat' dir='ltr'><strong>pra:-</strong></span> 
     </span>
    </p>
   </div>
   <div class='ocr_carea' id='block_1_47' title="bbox 1972 1709 3533 1795">
    <p class='ocr_par' dir='ltr' id='par_1_47' title="bbox 1972 1709 3533 1795">
     <span class='ocr_line' id='line_1_47' title="bbox 1972 1709 3533 1795; baseline -0.015 -9"><span class='ocrx_word' id='word_1_335' title='bbox 1972 1709 2101 1795; x_wconf 82' lang='lat' dir='ltr'><strong>diti;</strong></span> <span class='ocrx_word' id='word_1_336' title='bbox 2131 1729 2270 1782; x_wconf 90' lang='lat' dir='ltr'><strong>inter</strong></span> <span class='ocrx_word' id='word_1_337' title='bbox 2307 1738 2443 1794; x_wconf 86' lang='lat' dir='ltr'><strong>quos</strong></span> <span class='ocrx_word' id='word_1_338' title='bbox 2471 1720 2644 1775; x_wconf 81' lang='lat' dir='ltr'><strong>felicis</strong></span> <span class='ocrx_word' id='word_1_339' title='bbox 2681 1715 2957 1772; x_wconf 85' lang='lat' dir='ltr'><strong>memoriae</strong></span> <span class='ocrx_word' id='word_1_340' title='bbox 2989 1727 3216 1783; x_wconf 81' lang='lat' dir='ltr'><strong>magnus</strong></span> <span class='ocrx_word' id='word_1_341' title='bbox 3246 1711 3336 1765; x_wconf 91' lang='lat' dir='ltr'><strong>ille</strong></span> <span class='ocrx_word' id='word_1_342' title='bbox 3372 1709 3533 1764; x_wconf 87' lang='lat' dir='ltr'><strong>Pota-</strong></span> 
     </span>
    </p>
   </div>
   <div class='ocr_carea' id='block_1_48' title="bbox 2093 1800 3535 1883">
    <p class='ocr_par' dir='ltr' id='par_1_48' title="bbox 2093 1800 3535 1883">
     <span class='ocr_line' id='line_1_48' title="bbox 2093 1800 3535 1883; baseline -0.015 -8"><span class='ocrx_word' id='word_1_343' title='bbox 2093 1822 2212 1883; x_wconf 88' lang='lat' dir='ltr'><strong>fuit,</strong></span> <span class='ocrx_word' id='word_1_344' title='bbox 2243 1815 2516 1872; x_wconf 68' lang='lat' dir='ltr'><strong>Heraclea:</strong></span> <span class='ocrx_word' id='word_1_345' title='bbox 2543 1811 2832 1881; x_wconf 87' lang='lat' dir='ltr'><strong>episcopus</strong></span> <span class='ocrx_word' id='word_1_346' title='bbox 2879 1815 2932 1862; x_wconf 86' lang='lat' dir='ltr'><strong>et</strong></span> <span class='ocrx_word' id='word_1_347' title='bbox 2958 1803 3262 1859; x_wconf 83' lang='lat' dir='ltr'><strong>confessor.</strong></span> <span class='ocrx_word' id='word_1_348' title='bbox 3295 1800 3535 1856; x_wconf 82' lang='lat' dir='ltr'><strong>Aderant</strong></span> 
     </span>
    </p>
   </div>
   <div class='ocr_carea' id='block_1_49' title="bbox 1968 1891 3534 1974">
    <p class='ocr_par' dir='ltr' id='par_1_49' title="bbox 1968 1891 3534 1974">
     <span class='ocr_line' id='line_1_49' title="bbox 1968 1891 3534 1974; baseline -0.019 -1"><span class='ocrx_word' id='word_1_349' title='bbox 1968 1927 2024 1973; x_wconf 88' lang='lat' dir='ltr'><strong>et</strong></span> <span class='ocrx_word' id='word_1_350' title='bbox 2050 1912 2343 1974; x_wconf 87' lang='lat' dir='ltr'><strong>Meletiani,</strong></span> <span class='ocrx_word' id='word_1_351' title='bbox 2368 1906 2653 1962; x_wconf 85' lang='lat' dir='ltr'><strong>Athanasii</strong></span> <span class='ocrx_word' id='word_1_352' title='bbox 2691 1900 2991 1973; x_wconf 59' lang='lat' dir='ltr'><strong>praesertim</strong></span> <span class='ocrx_word' id='word_1_353' title='bbox 3047 1901 3418 1952; x_wconf 85' lang='lat' dir='ltr'><strong>accusatores.</strong></span> <span class='ocrx_word' id='word_1_354' title='bbox 3463 1891 3534 1946; x_wconf 84' lang='lat' dir='ltr'><strong>At</strong></span> 
     </span>
    </p>
   </div>
   <div class='ocr_carea' id='block_1_50' title="bbox 1969 1985 3535 2066">
    <p class='ocr_par' dir='ltr' id='par_1_50' title="bbox 1969 1985 3535 2066">
     <span class='ocr_line' id='line_1_50' title="bbox 1969 1985 3535 2066; baseline -0.019 0"><span class='ocrx_word' id='word_1_355' title='bbox 1969 2011 2161 2066; x_wconf 85' lang='lat' dir='ltr'><strong>beatus</strong></span> <span class='ocrx_word' id='word_1_356' title='bbox 2192 2004 2422 2058; x_wconf 88' lang='lat' dir='ltr'><strong>Potamo</strong></span> <span class='ocrx_word' id='word_1_357' title='bbox 2449 1996 2696 2053; x_wconf 79' lang='lat' dir='ltr'><strong>veritatis</strong></span> <span class='ocrx_word' id='word_1_358' title='bbox 2751 2008 2815 2048; x_wconf 91' lang='lat' dir='ltr'><strong>ac</strong></span> <span class='ocrx_word' id='word_1_359' title='bbox 2855 2001 3016 2046; x_wconf 66' lang='lat' dir='ltr'><strong>rectae</strong></span> <span class='ocrx_word' id='word_1_360' title='bbox 3075 1988 3197 2043; x_wconf 85' lang='lat' dir='ltr'><strong>fidei</strong></span> <span class='ocrx_word' id='word_1_361' title='bbox 3250 1985 3535 2041; x_wconf 51' lang='lat' dir='ltr'><strong>ardorem.</strong></span> 
     </span>
    </p>
   </div>
   <div class='ocr_carea' id='block_1_51' title="bbox 1971 2076 3536 2162">
    <p class='ocr_par' dir='ltr' id='par_1_51' title="bbox 1971 2076 3536 2162">
     <span class='ocr_line' id='line_1_51' title="bbox 1971 2076 3536 2162; baseline -0.015 -7"><span class='ocrx_word' id='word_1_362' title='bbox 1971 2109 2182 2162; x_wconf 89' lang='lat' dir='ltr'><strong>stuans,</strong></span> <span class='ocrx_word' id='word_1_363' title='bbox 2210 2097 2294 2151; x_wconf 91' lang='lat' dir='ltr'><strong>vir</strong></span> <span class='ocrx_word' id='word_1_364' title='bbox 2317 2107 2528 2148; x_wconf 88' lang='lat' dir='ltr'><strong>summa</strong></span> <span class='ocrx_word' id='word_1_365' title='bbox 2557 2084 2814 2157; x_wconf 86' lang='lat' dir='ltr'><strong>loquendi</strong></span> <span class='ocrx_word' id='word_1_366' title='bbox 2869 2083 3136 2144; x_wconf 81' lang='lat' dir='ltr'><strong>libertate,</strong></span> <span class='ocrx_word' id='word_1_367' title='bbox 3189 2077 3281 2151; x_wconf 82' lang='lat' dir='ltr'><strong>qui</strong></span> <span class='ocrx_word' id='word_1_368' title='bbox 3331 2076 3536 2131; x_wconf 88' lang='lat' dir='ltr'><strong>nullius</strong></span> 
     </span>
    </p>
   </div>
   <div class='ocr_carea' id='block_1_52' title="bbox 1971 2166 3538 2260">
    <p class='ocr_par' dir='ltr' id='par_1_52' title="bbox 1971 2166 3538 2260">
     <span class='ocr_line' id='line_1_52' title="bbox 1971 2166 3538 2260; baseline -0.016 -16"><span class='ocrx_word' id='word_1_369' title='bbox 1971 2203 2207 2260; x_wconf 88' lang='lat' dir='ltr'><strong>unquam</strong></span> <span class='ocrx_word' id='word_1_370' title='bbox 2251 2197 2497 2256; x_wconf 70' lang='lat' dir='ltr'><strong>personas</strong></span> <span class='ocrx_word' id='word_1_371' title='bbox 2522 2179 2787 2234; x_wconf 89' lang='lat' dir='ltr'><strong>rationem</strong></span> <span class='ocrx_word' id='word_1_372' title='bbox 2851 2173 3134 2235; x_wconf 81' lang='lat' dir='ltr'><strong>habuerat,</strong></span> <span class='ocrx_word' id='word_1_373' title='bbox 3177 2177 3351 2238; x_wconf 32' lang='lat' dir='ltr'><strong>et&#39;pro</strong></span> <span class='ocrx_word' id='word_1_374' title='bbox 3392 2166 3538 2222; x_wconf 85' lang='lat' dir='ltr'><strong>veri-</strong></span> 
     </span>
    </p>
   </div>
   <div class='ocr_carea' id='block_1_53' title="bbox 1973 2258 3534 2336">
    <p class='ocr_par' dir='ltr' id='par_1_53' title="bbox 1973 2258 3534 2336">
     <span class='ocr_line' id='line_1_53' title="bbox 1973 2258 3534 2336; baseline -0.016 0"><span class='ocrx_word' id='word_1_375' title='bbox 1973 2283 2098 2336; x_wconf 88' lang='lat' dir='ltr'><strong>tatis</strong></span> <span class='ocrx_word' id='word_1_376' title='bbox 2119 2277 2460 2335; x_wconf 81' lang='lat' dir='ltr'><strong>confessione</strong></span> <span class='ocrx_word' id='word_1_377' title='bbox 2503 2273 2731 2326; x_wconf 87' lang='lat' dir='ltr'><strong>alterum</strong></span> <span class='ocrx_word' id='word_1_378' title='bbox 2787 2267 2844 2320; x_wconf 91' lang='lat' dir='ltr'><strong>in</strong></span> <span class='ocrx_word' id='word_1_379' title='bbox 2895 2262 3279 2335; x_wconf 84' lang='lat' dir='ltr'><strong>persecutione</strong></span> <span class='ocrx_word' id='word_1_380' title='bbox 3316 2258 3534 2315; x_wconf 88' lang='lat' dir='ltr'><strong>oculum</strong></span> 
     </span>
    </p>
   </div>
   <div class='ocr_carea' id='block_1_54' title="bbox 1973 2355 3539 2434">
    <p class='ocr_par' dir='ltr' id='par_1_54' title="bbox 1973 2355 3539 2434">
     <span class='ocr_line' id='line_1_54' title="bbox 1973 2355 3539 2434; baseline -0.017 -6"><span class='ocrx_word' id='word_1_381' title='bbox 1973 2373 2249 2434; x_wconf 89' lang='lat' dir='ltr'><strong>amiserat,</strong></span> <span class='ocrx_word' id='word_1_382' title='bbox 2299 2365 2590 2422; x_wconf 84' lang='lat' dir='ltr'><strong>Eusebium</strong></span> <span class='ocrx_word' id='word_1_383' title='bbox 2626 2360 2903 2418; x_wconf 87' lang='lat' dir='ltr'><strong>sedentem</strong></span> <span class='ocrx_word' id='word_1_384' title='bbox 2926 2355 3352 2426; x_wconf 87' lang='lat' dir='ltr'><strong>etjudicantem,</strong></span> <span class='ocrx_word' id='word_1_385' title='bbox 3386 2358 3539 2405; x_wconf 77' lang='lat' dir='ltr'><strong>stan-</strong></span> 
     </span>
    </p>
   </div>
   <div class='ocr_carea' id='block_1_55' title="bbox 1974 2441 3538 2521">
    <p class='ocr_par' dir='ltr' id='par_1_55' title="bbox 1974 2441 3538 2521">
     <span class='ocr_line' id='line_1_55' title="bbox 1974 2441 3538 2521; baseline -0.017 0"><span class='ocrx_word' id='word_1_386' title='bbox 1974 2474 2082 2521; x_wconf 89' lang='lat' dir='ltr'><strong>tem</strong></span> <span class='ocrx_word' id='word_1_387' title='bbox 2105 2479 2235 2519; x_wconf 89' lang='lat' dir='ltr'><strong>vero</strong></span> <span class='ocrx_word' id='word_1_388' title='bbox 2253 2457 2609 2516; x_wconf 81' lang='lat' dir='ltr'><strong>Athanasium</strong></span> <span class='ocrx_word' id='word_1_389' title='bbox 2641 2451 3013 2520; x_wconf 87' lang='lat' dir='ltr'><strong>conspicatus,</strong></span> <span class='ocrx_word' id='word_1_390' title='bbox 3040 2447 3227 2502; x_wconf 89' lang='lat' dir='ltr'><strong>dolore</strong></span> <span class='ocrx_word' id='word_1_391' title='bbox 3255 2441 3538 2499; x_wconf 87' lang='lat' dir='ltr'><strong>confectus</strong></span> 
     </span>
    </p>
   </div>
   <div class='ocr_carea' id='block_1_56' title="bbox 1974 2534 3542 2627">
    <p class='ocr_par' dir='ltr' id='par_1_56' title="bbox 1974 2534 3542 2627">
     <span class='ocr_line' id='line_1_56' title="bbox 1974 2534 3542 2627; baseline -0.017 -14"><span class='ocrx_word' id='word_1_392' title='bbox 1974 2566 2028 2614; x_wconf 90' lang='lat' dir='ltr'><strong>et</strong></span> <span class='ocrx_word' id='word_1_393' title='bbox 2061 2557 2428 2627; x_wconf 86' lang='lat' dir='ltr'><strong>illacrymans,</strong></span> <span class='ocrx_word' id='word_1_394' title='bbox 2466 2550 2611 2604; x_wconf 88' lang='lat' dir='ltr'><strong>sicut</strong></span> <span class='ocrx_word' id='word_1_395' title='bbox 2643 2543 2874 2601; x_wconf 88' lang='lat' dir='ltr'><strong>sinceris</strong></span> <span class='ocrx_word' id='word_1_396' title='bbox 2915 2540 3229 2596; x_wconf 89' lang='lat' dir='ltr'><strong>hominibus</strong></span> <span class='ocrx_word' id='word_1_397' title='bbox 3263 2552 3365 2592; x_wconf 87' lang='lat' dir='ltr'><strong>usu</strong></span> <span class='ocrx_word' id='word_1_398' title='bbox 3395 2534 3542 2590; x_wconf 82' lang='lat' dir='ltr'><strong>veni-</strong></span> 
     </span>
    </p>
   </div>
   <div class='ocr_carea' id='block_1_57' title="bbox 1974 2628 3544 2714">
    <p class='ocr_par' dir='ltr' id='par_1_57' title="bbox 1974 2628 3544 2714">
     <span class='ocr_line' id='line_1_57' title="bbox 1974 2628 3544 2714; baseline -0.017 -8"><span class='ocrx_word' id='word_1_399' title='bbox 1974 2665 2034 2705; x_wconf 81' lang='lat' dir='ltr'><strong>re</strong></span> <span class='ocrx_word' id='word_1_400' title='bbox 2063 2649 2222 2711; x_wconf 91' lang='lat' dir='ltr'><strong>solet,</strong></span> <span class='ocrx_word' id='word_1_401' title='bbox 2257 2657 2456 2714; x_wconf 81' lang='lat' dir='ltr'><strong>magna</strong></span> <span class='ocrx_word' id='word_1_402' title='bbox 2481 2655 2614 2695; x_wconf 86' lang='lat' dir='ltr'><strong>voce</strong></span> <span class='ocrx_word' id='word_1_403' title='bbox 2643 2638 2906 2691; x_wconf 87' lang='lat' dir='ltr'><strong>adversus</strong></span> <span class='ocrx_word' id='word_1_404' title='bbox 2960 2629 3253 2686; x_wconf 83' lang='lat' dir='ltr'><strong>Eusebium</strong></span> <span class='ocrx_word' id='word_1_405' title='bbox 3299 2628 3544 2712; x_wconf 80' lang='lat' dir='ltr'><strong>invectus</strong></span> 
     </span>
    </p>
   </div>
   <div class='ocr_carea' id='block_1_58' title="bbox 1974 2703 3546 2804">
    <p class='ocr_par' dir='ltr' id='par_1_58' title="bbox 1974 2703 3546 2804">
     <span class='ocr_line' id='line_1_58' title="bbox 1974 2703 3546 2804; baseline -0.018 -6"><span class='ocrx_word' id='word_1_406' title='bbox 1974 2750 2077 2798; x_wconf 86' lang='lat' dir='ltr'><strong>est.</strong></span> <span class='ocrx_word' id='word_1_407' title='bbox 2111 2739 2196 2804; x_wconf 91' lang='lat' dir='ltr'><strong>Et,</strong></span> <span class='ocrx_word' id='word_1_408' title='bbox 2235 2758 2254 2788; x_wconf 87' lang='grc'><strong>‹</strong></span> <span class='ocrx_word' id='word_1_409' title='bbox 2291 2735 2456 2800; x_wconf 87' lang='lat' dir='ltr'><strong>Tene,</strong></span> <span class='ocrx_word' id='word_1_410' title='bbox 2488 2731 2683 2802; x_wconf 88' lang='lat' dir='ltr'><strong>inquit,</strong></span> <span class='ocrx_word' id='word_1_411' title='bbox 2724 2727 2941 2790; x_wconf 85' lang='lat' dir='ltr'><strong>Eusebi,</strong></span> <span class='ocrx_word' id='word_1_412' title='bbox 2970 2723 3180 2787; x_wconf 89' lang='lat' dir='ltr'><strong>sedere,</strong></span> <span class='ocrx_word' id='word_1_413' title='bbox 3212 2728 3264 2775; x_wconf 92' lang='lat' dir='ltr'><strong>et</strong></span> <span class='ocrx_word' id='word_1_414' title='bbox 3292 2703 3546 2773; x_wconf 77' lang='lat' dir='ltr'><strong>innocen-</strong></span> 
     </span>
    </p>
   </div>
   <div class='ocr_carea' id='block_1_59' title="bbox 1977 2811 3544 2908">
    <p class='ocr_par' dir='ltr' id='par_1_59' title="bbox 1977 2811 3544 2908">
     <span class='ocr_line' id='line_1_59' title="bbox 1977 2811 3544 2908; baseline -0.016 -20"><span class='ocrx_word' id='word_1_415' title='bbox 1977 2844 2083 2889; x_wconf 87' lang='lat' dir='ltr'><strong>tem</strong></span> <span class='ocrx_word' id='word_1_416' title='bbox 2111 2829 2466 2908; x_wconf 84' lang='lat' dir='ltr'><strong>Athanasium</strong></span> <span class='ocrx_word' id='word_1_417' title='bbox 2499 2840 2529 2880; x_wconf 90' lang='lat' dir='ltr'><strong>a</strong></span> <span class='ocrx_word' id='word_1_418' title='bbox 2561 2819 2904 2893; x_wconf 83' lang='lat' dir='ltr'><strong>tejudicari?</strong></span> <span class='ocrx_word' id='word_1_419' title='bbox 2941 2817 3076 2884; x_wconf 85' lang='lat' dir='ltr'><strong>Quis</strong></span> <span class='ocrx_word' id='word_1_420' title='bbox 3117 2815 3220 2870; x_wconf 91' lang='lat' dir='ltr'><strong>ista</strong></span> <span class='ocrx_word' id='word_1_421' title='bbox 3271 2811 3544 2867; x_wconf 88' lang='lat' dir='ltr'><strong>sustinere</strong></span> 
     </span>
    </p>
   </div>
   <div class='ocr_carea' id='block_1_60' title="bbox 1978 2904 3548 2998">
    <p class='ocr_par' dir='ltr' id='par_1_60' title="bbox 1978 2904 3548 2998">
     <span class='ocr_line' id='line_1_60' title="bbox 1978 2904 3548 2998; baseline -0.018 -17"><span class='ocrx_word' id='word_1_422' title='bbox 1978 2924 2190 2998; x_wconf 88' lang='lat' dir='ltr'><strong>possit?</strong></span> <span class='ocrx_word' id='word_1_423' title='bbox 2220 2922 2315 2976; x_wconf 90' lang='lat' dir='ltr'><strong>Dic</strong></span> <span class='ocrx_word' id='word_1_424' title='bbox 2343 2904 2496 2981; x_wconf 90' lang='lat' dir='ltr'><strong>mihi,</strong></span> <span class='ocrx_word' id='word_1_425' title='bbox 2527 2931 2707 2971; x_wconf 90' lang='lat' dir='ltr'><strong>nonne</strong></span> <span class='ocrx_word' id='word_1_426' title='bbox 2732 2925 2943 2968; x_wconf 90' lang='lat' dir='ltr'><strong>mecum</strong></span> <span class='ocrx_word' id='word_1_427' title='bbox 2980 2904 3378 2980; x_wconf 88' lang='lat' dir='ltr'><strong>persecutionis</strong></span> <span class='ocrx_word' id='word_1_428' title='bbox 3408 2911 3548 2957; x_wconf 84' lang='lat' dir='ltr'><strong>tem-</strong></span> 
     </span>
    </p>
   </div>
   <div class='ocr_carea' id='block_1_61' title="bbox 1979 2995 3541 3086">
    <p class='ocr_par' dir='ltr' id='par_1_61' title="bbox 1979 2995 3541 3086">
     <span class='ocr_line' id='line_1_61' title="bbox 1979 2995 3541 3086; baseline -0.015 -17"><span class='ocrx_word' id='word_1_429' title='bbox 1979 2995 2108 3086; x_wconf 70' lang='lat' dir='ltr'><strong>pore</strong></span> <span class='ocrx_word' id='word_1_430' title='bbox 2145 3015 2200 3069; x_wconf 90' lang='lat' dir='ltr'><strong>in</strong></span> <span class='ocrx_word' id='word_1_431' title='bbox 2226 3011 2472 3069; x_wconf 84' lang='lat' dir='ltr'><strong>custodia</strong></span> <span class='ocrx_word' id='word_1_432' title='bbox 2505 3008 2688 3063; x_wconf 78' lang='lat' dir='ltr'><strong>fuisti?</strong></span> <span class='ocrx_word' id='word_1_433' title='bbox 2711 3005 2886 3074; x_wconf 88' lang='lat' dir='ltr'><strong>Atque</strong></span> <span class='ocrx_word' id='word_1_434' title='bbox 2926 3016 3026 3072; x_wconf 85' lang='lat' dir='ltr'><strong>ego</strong></span> <span class='ocrx_word' id='word_1_435' title='bbox 3065 2997 3283 3071; x_wconf 88' lang='lat' dir='ltr'><strong>quidem</strong></span> <span class='ocrx_word' id='word_1_436' title='bbox 3323 2995 3541 3052; x_wconf 89' lang='lat' dir='ltr'><strong>oculum</strong></span> 
     </span>
    </p>
   </div>
   <div class='ocr_carea' id='block_1_62' title="bbox 1985 3084 3552 3182">
    <p class='ocr_par' dir='ltr' id='par_1_62' title="bbox 1985 3084 3552 3182">
     <span class='ocr_line' id='line_1_62' title="bbox 1985 3084 3552 3182; baseline -0.018 -17"><span class='ocrx_word' id='word_1_437' title='bbox 1985 3084 2082 3182; x_wconf 88' lang='lat' dir='ltr'><strong>pro</strong></span> <span class='ocrx_word' id='word_1_438' title='bbox 2103 3107 2335 3164; x_wconf 85' lang='lat' dir='ltr'><strong>veritate</strong></span> <span class='ocrx_word' id='word_1_439' title='bbox 2365 3101 2596 3176; x_wconf 88' lang='lat' dir='ltr'><strong>perdidi,</strong></span> <span class='ocrx_word' id='word_1_440' title='bbox 2637 3109 2694 3155; x_wconf 89' lang='lat' dir='ltr'><strong>tu</strong></span> <span class='ocrx_word' id='word_1_441' title='bbox 2733 3097 2882 3153; x_wconf 89' lang='lat' dir='ltr'><strong>nulla</strong></span> <span class='ocrx_word' id='word_1_442' title='bbox 2910 3093 3155 3162; x_wconf 88' lang='lat' dir='ltr'><strong>corporis</strong></span> <span class='ocrx_word' id='word_1_443' title='bbox 3191 3097 3345 3160; x_wconf 87' lang='lat' dir='ltr'><strong>parte</strong></span> <span class='ocrx_word' id='word_1_444' title='bbox 3390 3084 3552 3140; x_wconf 88' lang='lat' dir='ltr'><strong>muti-</strong></span> 
     </span>
    </p>
   </div>
   <div class='ocr_carea' id='block_1_63' title="bbox 1907 3181 3550 3269">
    <p class='ocr_par' dir='ltr' id='par_1_63' title="bbox 1907 3181 3550 3269">
     <span class='ocr_line' id='line_1_63' title="bbox 1907 3181 3550 3269; baseline -0.016 -10"><span class='ocrx_word' id='word_1_445' title='bbox 1907 3203 1952 3265; x_wconf 87' lang='lat' dir='ltr'><strong>C</strong></span> <span class='ocrx_word' id='word_1_446' title='bbox 1983 3181 2129 3258; x_wconf 84' lang='lat' dir='ltr'><strong>latus</strong></span> <span class='ocrx_word' id='word_1_447' title='bbox 2161 3217 2244 3267; x_wconf 85' lang='lat' dir='ltr'><strong>es,</strong></span> <span class='ocrx_word' id='word_1_448' title='bbox 2268 3213 2445 3269; x_wconf 89' lang='lat' dir='ltr'><strong>neque</strong></span> <span class='ocrx_word' id='word_1_449' title='bbox 2474 3193 2791 3265; x_wconf 85' lang='lat' dir='ltr'><strong>martyrium</strong></span> <span class='ocrx_word' id='word_1_450' title='bbox 2827 3189 3065 3252; x_wconf 88' lang='lat' dir='ltr'><strong>subiisti,</strong></span> <span class='ocrx_word' id='word_1_451' title='bbox 3091 3186 3186 3243; x_wconf 88' lang='lat' dir='ltr'><strong>sed</strong></span> <span class='ocrx_word' id='word_1_452' title='bbox 3231 3185 3386 3239; x_wconf 86' lang='lat' dir='ltr'><strong>vivus</strong></span> <span class='ocrx_word' id='word_1_453' title='bbox 3407 3181 3550 3234; x_wconf 82' lang='lat' dir='ltr'><strong>inte-</strong></span> 
     </span>
    </p>
   </div>
   <div class='ocr_carea' id='block_1_64' title="bbox 1991 3270 3549 3370">
    <p class='ocr_par' dir='ltr' id='par_1_64' title="bbox 1991 3270 3549 3370">
     <span class='ocr_line' id='line_1_64' title="bbox 1991 3270 3549 3370; baseline -0.018 -18"><span class='ocrx_word' id='word_1_454' title='bbox 1991 3310 2194 3370; x_wconf 79' lang='lat' dir='ltr'><strong>gerque</strong></span> <span class='ocrx_word' id='word_1_455' title='bbox 2220 3289 2500 3348; x_wconf 88' lang='lat' dir='ltr'><strong>consistis.</strong></span> <span class='ocrx_word' id='word_1_456' title='bbox 2538 3286 2780 3354; x_wconf 83' lang='lat' dir='ltr'><strong>Quanam</strong></span> <span class='ocrx_word' id='word_1_457' title='bbox 2808 3285 3068 3339; x_wconf 80' lang='lat' dir='ltr'><strong>rationee</strong></span> <span class='ocrx_word' id='word_1_458' title='bbox 3107 3290 3326 3333; x_wconf 89' lang='lat' dir='ltr'><strong>carcere</strong></span> <span class='ocrx_word' id='word_1_459' title='bbox 3371 3270 3549 3328; x_wconf 84' lang='lat' dir='ltr'><strong>evasi-</strong></span> 
     </span>
    </p>
   </div>
   <div class='ocr_carea' id='block_1_65' title="bbox 1992 3367 3553 3457">
    <p class='ocr_par' dir='ltr' id='par_1_65' title="bbox 1992 3367 3553 3457">
     <span class='ocr_line' id='line_1_65' title="bbox 1992 3367 3553 3457; baseline -0.017 -12"><span class='ocrx_word' id='word_1_460' title='bbox 1992 3392 2086 3454; x_wconf 88' lang='lat' dir='ltr'><strong>sti,</strong></span> <span class='ocrx_word' id='word_1_461' title='bbox 2116 3387 2221 3443; x_wconf 89' lang='lat' dir='ltr'><strong>nisi</strong></span> <span class='ocrx_word' id='word_1_462' title='bbox 2252 3392 2540 3457; x_wconf 87' lang='lat' dir='ltr'><strong>propterea</strong></span> <span class='ocrx_word' id='word_1_463' title='bbox 2565 3379 2708 3451; x_wconf 89' lang='lat' dir='ltr'><strong>quod</strong></span> <span class='ocrx_word' id='word_1_464' title='bbox 2745 3373 3182 3448; x_wconf 89' lang='lat' dir='ltr'><strong>persecutoribus</strong></span> <span class='ocrx_word' id='word_1_465' title='bbox 3209 3367 3412 3425; x_wconf 89' lang='lat' dir='ltr'><strong>nostris</strong></span> <span class='ocrx_word' id='word_1_466' title='bbox 3431 3380 3553 3434; x_wconf 88' lang='lat' dir='ltr'><strong>spo-</strong></span> 
     </span>
    </p>
   </div>
   <div class='ocr_carea' id='block_1_66' title="bbox 1991 3455 3550 3552">
    <p class='ocr_par' dir='ltr' id='par_1_66' title="bbox 1991 3455 3550 3552">
     <span class='ocr_line' id='line_1_66' title="bbox 1991 3455 3550 3552; baseline -0.017 -16"><span class='ocrx_word' id='word_1_467' title='bbox 1991 3478 2230 3552; x_wconf 89' lang='lat' dir='ltr'><strong>pondisti</strong></span> <span class='ocrx_word' id='word_1_468' title='bbox 2252 3485 2305 3533; x_wconf 91' lang='lat' dir='ltr'><strong>te</strong></span> <span class='ocrx_word' id='word_1_469' title='bbox 2354 3473 2790 3532; x_wconf 80' lang='lat' dir='ltr'><strong>sacriﬁcaturum</strong></span> <span class='ocrx_word' id='word_1_470' title='bbox 2822 3484 2885 3524; x_wconf 89' lang='lat' dir='ltr'><strong>ac</strong></span> <span class='ocrx_word' id='word_1_471' title='bbox 2919 3467 3148 3522; x_wconf 81' lang='lat' dir='ltr'><strong>fortasse</strong></span> <span class='ocrx_word' id='word_1_472' title='bbox 3183 3463 3343 3518; x_wconf 91' lang='lat' dir='ltr'><strong>etiam</strong></span> <span class='ocrx_word' id='word_1_473' title='bbox 3378 3455 3550 3513; x_wconf 90' lang='lat' dir='ltr'><strong>sacri-</strong></span> 
     </span>
    </p>
   </div>
   <div class='ocr_carea' id='block_1_67' title="bbox 1987 3569 2251 3630">
    <p class='ocr_par' dir='ltr' id='par_1_67' title="bbox 1987 3569 2251 3630">
     <span class='ocr_line' id='line_1_67' title="bbox 1987 3569 2251 3630; baseline -0.011 0"><span class='ocrx_word' id='word_1_474' title='bbox 1987 3569 2201 3630; x_wconf 80' lang='lat' dir='ltr'><strong>ficasti?</strong></span> <span class='ocrx_word' id='word_1_475' title='bbox 2232 3591 2251 3628; x_wconf 66' lang='grc' dir='ltr'><strong>ι</strong></span> 
     </span>
    </p>
   </div>
   <div class='ocr_carea' id='block_1_68' title="bbox 319 3689 3556 3855">
    <p class='ocr_par' dir='ltr' id='par_1_68' title="bbox 319 3689 3556 3855">
     <span class='ocr_line' id='line_1_68' title="bbox 319 3689 3556 3855; baseline -0.015 -63"><span class='ocrx_word' id='word_1_476' title='bbox 319 3737 402 3792; x_wconf 73' lang='lat' dir='ltr'><strong>Ex</strong></span> <span class='ocrx_word' id='word_1_477' title='bbox 423 3734 654 3806; x_wconf 80' lang='lat' dir='ltr'><strong>epistola</strong></span> <span class='ocrx_word' id='word_1_478' title='bbox 693 3731 1048 3800; x_wconf 81' lang='lat' dir='ltr'><strong>episcoporum</strong></span> <span class='ocrx_word' id='word_1_479' title='bbox 1075 3722 1461 3780; x_wconf 82' lang='lat' dir='ltr'><strong>catholicorum</strong></span> <span class='ocrx_word' id='word_1_480' title='bbox 1495 3715 1717 3788; x_wconf 63' lang='lat' dir='ltr'><strong>zEgypti</strong></span> <span class='ocrx_word' id='word_1_481' title='bbox 1749 3714 1832 3855; x_wconf 49' lang='grc' dir='ltr'><strong>(ἑιέ</strong></span> <span class='ocrx_word' id='word_1_482' title='bbox 1870 3713 2126 3838; x_wconf 61' lang='grc' dir='ltr'><strong>ἶῃηοιᾴιιηι</strong></span> <span class='ocrx_word' id='word_1_483' title='bbox 2161 3710 2203 3765; x_wconf 84' lang='grc' dir='ltr'><strong><em>Τ</em></strong></span> <span class='ocrx_word' id='word_1_484' title='bbox 2206 3709 2310 3781; x_wconf 77' lang='lat' dir='ltr'><strong>yri,</strong></span> <span class='ocrx_word' id='word_1_485' title='bbox 2371 3723 2527 3778; x_wconf 85' lang='lat' dir='ltr'><strong>quam</strong></span> <span class='ocrx_word' id='word_1_486' title='bbox 2586 3705 2743 3773; x_wconf 77' lang='lat' dir='ltr'><strong>refert</strong></span> <span class='ocrx_word' id='word_1_487' title='bbox 2786 3698 3109 3754; x_wconf 78' lang='lat' dir='ltr'><strong>Athanasius</strong></span> <span class='ocrx_word' id='word_1_488' title='bbox 3145 3695 3197 3750; x_wconf 85' lang='lat' dir='ltr'><strong>in</strong></span> <span class='ocrx_word' id='word_1_489' title='bbox 3252 3689 3556 3761; x_wconf 80' lang='lat' dir='ltr'><strong>supradicto</strong></span> 
     </span>
     <span class='ocr_line' id='line_1_69' title="bbox 1835 3799 2118 3854; baseline -0.007 -14"><span class='ocrx_word' id='word_1_490' title='bbox 1835 3800 1865 3840; x_wconf 90' lang='grc' dir='ltr'>ο</span> <span class='ocrx_word' id='word_1_491' title='bbox 1891 3799 1986 3854; x_wconf 77' lang='lat' dir='ltr'><strong>oge</strong></span> <span class='ocrx_word' id='word_1_492' title='bbox 2015 3799 2118 3838; x_wconf 83' lang='lat' dir='ltr'><strong>tco.</strong></span> 
     </span>
    </p>
   </div>
   <div class='ocr_carea' id='block_1_69' title="bbox 1835 3799 2118 3854">
    <p class='ocr_par' dir='ltr' id='par_1_69' title="bbox 1835 3799 2118 3854">
     <span class='ocr_line' id='line_1_70' title="bbox 1835 3799 2118 3854; baseline -0.007 -14"><span class='ocrx_word' id='word_1_493' title='bbox 1835 3799 2118 3854; x_wconf 78' lang='lat' dir='ltr'><strong>omgeuco.</strong></span> 
     </span>
    </p>
   </div>
   <div class='ocr_carea' id='block_1_70' title="bbox 389 3921 1888 4012">
    <p class='ocr_par' dir='ltr' id='par_1_70' title="bbox 389 3921 1888 4012">
     <span class='ocr_line' id='line_1_71' title="bbox 389 3921 1888 4012; baseline -0.017 -15"><span class='ocrx_word' id='word_1_494' title='bbox 389 3943 506 3998; x_wconf 73' lang='grc' dir='ltr'><strong>Καὶ</strong></span> <span class='ocrx_word' id='word_1_495' title='bbox 531 3941 637 4012; x_wconf 81' lang='grc' dir='ltr'>γὰρ</span> <span class='ocrx_word' id='word_1_496' title='bbox 673 3939 827 3992; x_wconf 76' lang='grc' dir='ltr'>πάλιν</span> <span class='ocrx_word' id='word_1_497' title='bbox 860 3935 1054 3998; x_wconf 82' lang='grc' dir='ltr'><strong>οἴδατε,</strong></span> <span class='ocrx_word' id='word_1_498' title='bbox 1088 3934 1163 3996; x_wconf 86' lang='grc' dir='ltr'>ὡς</span> <span class='ocrx_word' id='word_1_499' title='bbox 1205 3927 1556 4004; x_wconf 84' lang='grc' dir='ltr'>προείπομεν,</span> <span class='ocrx_word' id='word_1_500' title='bbox 1595 3924 1669 3988; x_wconf 86' lang='grc' dir='ltr'>ὡς</span> <span class='ocrx_word' id='word_1_501' title='bbox 1709 3921 1888 3993; x_wconf 82' lang='grc' dir='ltr'>ἐχθροί</span> 
     </span>
    </p>
   </div>
   <div class='ocr_carea' id='block_1_71' title="bbox 319 4015 1891 4108">
    <p class='ocr_par' dir='ltr' id='par_1_71' title="bbox 319 4015 1891 4108">
     <span class='ocr_line' id='line_1_72' title="bbox 319 4015 1891 4108; baseline -0.017 -16"><span class='ocrx_word' id='word_1_502' title='bbox 319 4039 463 4092; x_wconf 73' lang='grc' dir='ltr'>εἰσιν</span> <span class='ocrx_word' id='word_1_503' title='bbox 495 4034 670 4108; x_wconf 75' lang='grc' dir='ltr'>ἡμῶν,</span> <span class='ocrx_word' id='word_1_504' title='bbox 703 4032 794 4086; x_wconf 66' lang='grc' dir='ltr'><strong>καὶ</strong></span> <span class='ocrx_word' id='word_1_505' title='bbox 828 4028 914 4082; x_wconf 78' lang='grc' dir='ltr'>διὰ</span> <span class='ocrx_word' id='word_1_506' title='bbox 950 4029 1001 4080; x_wconf 87' lang='grc' dir='ltr'><strong>τί</strong></span> <span class='ocrx_word' id='word_1_507' title='bbox 1042 4024 1298 4087; x_wconf 76' lang='grc' dir='ltr'>Εὐσέϐιος</span> <span class='ocrx_word' id='word_1_508' title='bbox 1338 4023 1366 4075; x_wconf 89' lang='lat'><strong>6</strong></span> <span class='ocrx_word' id='word_1_509' title='bbox 1393 4022 1489 4093; x_wconf 83' lang='grc' dir='ltr'><strong>τῆς</strong></span> <span class='ocrx_word' id='word_1_510' title='bbox 1540 4015 1891 4087; x_wconf 79' lang='grc' dir='ltr'>Καισαρείας,</span> 
     </span>
    </p>
   </div>
   <div class='ocr_carea' id='block_1_72' title="bbox 319 4118 1177 4201">
    <p class='ocr_par' dir='ltr' id='par_1_72' title="bbox 319 4118 1177 4201">
     <span class='ocr_line' id='line_1_73' title="bbox 319 4118 1177 4201; baseline -0.017 -17"><span class='ocrx_word' id='word_1_511' title='bbox 319 4127 518 4201; x_wconf 71' lang='grc' dir='ltr'>ἐχθρὸς</span> <span class='ocrx_word' id='word_1_512' title='bbox 552 4126 770 4195; x_wconf 86' lang='grc' dir='ltr'>γέγονεν</span> <span class='ocrx_word' id='word_1_513' title='bbox 792 4119 901 4176; x_wconf 76' lang='grc' dir='ltr'><strong>ἀπὸ</strong></span> <span class='ocrx_word' id='word_1_514' title='bbox 933 4118 1177 4189; x_wconf 82' lang='grc' dir='ltr'>πέρυσιν.</span> 
     </span>
    </p>
   </div>
   <div class='ocr_carea' id='block_1_73' title="bbox 2069 3897 3552 3986">
    <p class='ocr_par' dir='ltr' id='par_1_73' title="bbox 2069 3897 3552 3986">
     <span class='ocr_line' id='line_1_74' title="bbox 2069 3897 3552 3986; baseline -0.018 -10"><span class='ocrx_word' id='word_1_515' title='bbox 2069 3920 2232 3976; x_wconf 83' lang='lat' dir='ltr'><strong>Scitis</strong></span> <span class='ocrx_word' id='word_1_516' title='bbox 2276 3918 2441 3982; x_wconf 91' lang='lat' dir='ltr'><strong>enim,</strong></span> <span class='ocrx_word' id='word_1_517' title='bbox 2485 3909 2940 3986; x_wconf 89' lang='lat' dir='ltr'><strong>quemadmodum</strong></span> <span class='ocrx_word' id='word_1_518' title='bbox 2996 3901 3245 3973; x_wconf 86' lang='lat' dir='ltr'><strong>superius</strong></span> <span class='ocrx_word' id='word_1_519' title='bbox 3295 3897 3552 3960; x_wconf 80' lang='lat' dir='ltr'><strong>diximus,</strong></span> 
     </span>
    </p>
   </div>
   <div class='ocr_carea' id='block_1_74' title="bbox 2001 3987 3553 4068">
    <p class='ocr_par' dir='ltr' id='par_1_74' title="bbox 2001 3987 3553 4068">
     <span class='ocr_line' id='line_1_75' title="bbox 2001 3987 3553 4068; baseline -0.018 0"><span class='ocrx_word' id='word_1_520' title='bbox 2001 4029 2096 4068; x_wconf 90' lang='lat' dir='ltr'><strong>eos</strong></span> <span class='ocrx_word' id='word_1_521' title='bbox 2120 4020 2338 4066; x_wconf 87' lang='lat' dir='ltr'><strong>nostros</strong></span> <span class='ocrx_word' id='word_1_522' title='bbox 2369 4007 2619 4062; x_wconf 91' lang='lat' dir='ltr'><strong>inimicos</strong></span> <span class='ocrx_word' id='word_1_523' title='bbox 2662 4016 2815 4066; x_wconf 90' lang='lat' dir='ltr'><strong>esse;</strong></span> <span class='ocrx_word' id='word_1_524' title='bbox 2866 4005 3066 4053; x_wconf 12' lang='lat' dir='ltr'><strong>ettcur</strong></span> <span class='ocrx_word' id='word_1_525' title='bbox 3107 4007 3217 4046; x_wconf 90' lang='lat' dir='ltr'><strong>non</strong></span> <span class='ocrx_word' id='word_1_526' title='bbox 3240 3990 3319 4044; x_wconf 85' lang='lat' dir='ltr'><strong>ita—</strong></span> <span class='ocrx_word' id='word_1_527' title='bbox 3347 3987 3553 4059; x_wconf 90' lang='lat' dir='ltr'><strong>pridem</strong></span> 
     </span>
    </p>
   </div>
   <div class='ocr_carea' id='block_1_75' title="bbox 2003 4084 3555 4157">
    <p class='ocr_par' dir='ltr' id='par_1_75' title="bbox 2003 4084 3555 4157">
     <span class='ocr_line' id='line_1_76' title="bbox 2003 4084 3555 4157; baseline -0.012 -2"><span class='ocrx_word' id='word_1_528' title='bbox 2003 4101 2269 4157; x_wconf 88' lang='lat' dir='ltr'><strong>Eusebius</strong></span> <span class='ocrx_word' id='word_1_529' title='bbox 2297 4095 2649 4154; x_wconf 72' lang='lat' dir='ltr'><strong>Caesariensis</strong></span> <span class='ocrx_word' id='word_1_530' title='bbox 2674 4088 2984 4146; x_wconf 88' lang='lat' dir='ltr'><strong>inimicitias</strong></span> <span class='ocrx_word' id='word_1_531' title='bbox 3019 4084 3279 4141; x_wconf 84' lang='lat' dir='ltr'><strong>adversus</strong></span> <span class='ocrx_word' id='word_1_532' title='bbox 3320 4094 3421 4135; x_wconf 86' lang='lat' dir='ltr'><strong>nos</strong></span> <span class='ocrx_word' id='word_1_533' title='bbox 3438 4097 3555 4136; x_wconf 86' lang='lat' dir='ltr'><strong>sus-</strong></span> 
     </span>
    </p>
   </div>
   <div class='ocr_carea' id='block_1_76' title="bbox 2007 4193 2225 4262">
    <p class='ocr_par' dir='ltr' id='par_1_76' title="bbox 2007 4193 2225 4262">
     <span class='ocr_line' id='line_1_77' title="bbox 2007 4193 2225 4262; baseline 0.014 -16"><span class='ocrx_word' id='word_1_534' title='bbox 2007 4193 2225 4262; x_wconf 89' lang='lat' dir='ltr'><strong>ceperit.</strong></span> 
     </span>
    </p>
   </div>
   <div class='ocr_carea' id='block_1_77' title="bbox 1179 4319 2726 4428">
    <p class='ocr_par' dir='ltr' id='par_1_77' title="bbox 1179 4319 2726 4428">
     <span class='ocr_line' id='line_1_78' title="bbox 1179 4319 2726 4428; baseline -0.017 -8"><span class='ocrx_word' id='word_1_535' title='bbox 1179 4364 1502 4420; x_wconf 78' lang='lat' dir='ltr'><strong>Athanasius</strong></span> <span class='ocrx_word' id='word_1_536' title='bbox 1549 4362 1603 4416; x_wconf 88' lang='lat' dir='ltr'><strong>in</strong></span> <span class='ocrx_word' id='word_1_537' title='bbox 1625 4355 1848 4428; x_wconf 74' lang='lat' dir='ltr'><strong>epistola</strong></span> <span class='ocrx_word' id='word_1_538' title='bbox 1877 4352 1953 4408; x_wconf 85' lang='lat' dir='ltr'><strong>De</strong></span> <span class='ocrx_word' id='word_1_539' title='bbox 1977 4348 2210 4407; x_wconf 87' lang='lat' dir='ltr'><strong>decretis</strong></span> <span class='ocrx_word' id='word_1_540' title='bbox 2233 4343 2421 4418; x_wconf 85' lang='lat' dir='ltr'><strong>synodi</strong></span> <span class='ocrx_word' id='word_1_541' title='bbox 2461 4319 2726 4396; x_wconf 50' lang='lat' dir='ltr'><strong>Nicaeum:</strong></span> 
     </span>
    </p>
   </div>
   <div class='ocr_carea' id='block_1_78' title="bbox 396 4498 1904 4583">
    <p class='ocr_par' dir='ltr' id='par_1_78' title="bbox 396 4498 1904 4583">
     <span class='ocr_line' id='line_1_79' title="bbox 396 4498 1904 4583; baseline -0.015 -12"><span class='ocrx_word' id='word_1_542' title='bbox 396 4516 516 4574; x_wconf 72' lang='grc' dir='ltr'>Καὶ</span> <span class='ocrx_word' id='word_1_543' title='bbox 533 4514 596 4568; x_wconf 84' lang='grc' dir='ltr'><strong>τό</strong></span> <span class='ocrx_word' id='word_1_544' title='bbox 627 4529 688 4582; x_wconf 87' lang='grc' dir='ltr'>γε</span> <span class='ocrx_word' id='word_1_545' title='bbox 731 4507 1045 4583; x_wconf 82' lang='grc' dir='ltr'>παράδοξον,</span> <span class='ocrx_word' id='word_1_546' title='bbox 1078 4503 1333 4567; x_wconf 76' lang='grc' dir='ltr'>Εὐσέϐιος</span> <span class='ocrx_word' id='word_1_547' title='bbox 1363 4506 1391 4556; x_wconf 92' lang='lat'><strong>6</strong></span> <span class='ocrx_word' id='word_1_548' title='bbox 1421 4502 1528 4556; x_wconf 83' lang='grc' dir='ltr'>ἀπὸ</span> <span class='ocrx_word' id='word_1_549' title='bbox 1572 4498 1904 4570; x_wconf 83' lang='grc' dir='ltr'>Καισαρείας</span> 
     </span>
    </p>
   </div>
   <div class='ocr_carea' id='block_1_79' title="bbox 325 4590 1905 4682">
    <p class='ocr_par' dir='ltr' id='par_1_79' title="bbox 325 4590 1905 4682">
     <span class='ocr_line' id='line_1_80' title="bbox 325 4590 1905 4682; baseline -0.015 -18"><span class='ocrx_word' id='word_1_550' title='bbox 325 4612 425 4682; x_wconf 83' lang='grc' dir='ltr'>τῆς</span> <span class='ocrx_word' id='word_1_551' title='bbox 463 4603 843 4673; x_wconf 84' lang='grc' dir='ltr'>Παλαιστίνης,</span> <span class='ocrx_word' id='word_1_552' title='bbox 879 4599 1053 4653; x_wconf 89' lang='grc' dir='ltr'>καίτοι</span> <span class='ocrx_word' id='word_1_553' title='bbox 1082 4595 1188 4668; x_wconf 80' lang='grc' dir='ltr'>πρὸ</span> <span class='ocrx_word' id='word_1_554' title='bbox 1227 4596 1352 4666; x_wconf 71' lang='grc' dir='ltr'>μιᾶς</span> <span class='ocrx_word' id='word_1_555' title='bbox 1383 4591 1731 4665; x_wconf 82' lang='grc' dir='ltr'>ἀρνούμενος,</span> <span class='ocrx_word' id='word_1_556' title='bbox 1757 4590 1905 4659; x_wconf 82' lang='grc' dir='ltr'>ὅμως</span> 
     </span>
    </p>
   </div>
   <div class='ocr_carea' id='block_1_80' title="bbox 327 4677 1979 4773">
    <p class='ocr_par' dir='ltr' id='par_1_80' title="bbox 327 4677 1979 4773">
     <span class='ocr_line' id='line_1_81' title="bbox 327 4677 1979 4773; baseline -0.018 -16"><span class='ocrx_word' id='word_1_557' title='bbox 327 4702 561 4773; x_wconf 76' lang='grc' dir='ltr'>ὕστερον</span> <span class='ocrx_word' id='word_1_558' title='bbox 587 4693 927 4767; x_wconf 63' lang='grc' dir='ltr'>ὑπογράψας,</span> <span class='ocrx_word' id='word_1_559' title='bbox 951 4686 1225 4742; x_wconf 75' lang='grc' dir='ltr'>ἐπέστειλε</span> <span class='ocrx_word' id='word_1_560' title='bbox 1257 4688 1323 4756; x_wconf 77' lang='grc' dir='ltr'><strong>τῇ</strong></span> <span class='ocrx_word' id='word_1_561' title='bbox 1358 4681 1652 4752; x_wconf 69' lang='grc' dir='ltr'>Ἐκκλησία</span> <span class='ocrx_word' id='word_1_562' title='bbox 1687 4677 1902 4739; x_wconf 73' lang='grc' dir='ltr'>ἑαυτοῦ,</span> <span class='ocrx_word' id='word_1_563' title='bbox 1937 4715 1979 4768; x_wconf 70' lang='lat' dir='ltr'><strong>D</strong></span> 
     </span>
    </p>
   </div>
   <div class='ocr_carea' id='block_1_81' title="bbox 328 4770 1902 4865">
    <p class='ocr_par' dir='ltr' id='par_1_81' title="bbox 328 4770 1902 4865">
     <span class='ocr_line' id='line_1_82' title="bbox 328 4770 1902 4865; baseline -0.018 -15"><span class='ocrx_word' id='word_1_564' title='bbox 328 4795 510 4865; x_wconf 83' lang='grc' dir='ltr'>λέγων</span> <span class='ocrx_word' id='word_1_565' title='bbox 569 4787 706 4844; x_wconf 77' lang='grc' dir='ltr'>εἶναι</span> <span class='ocrx_word' id='word_1_566' title='bbox 735 4788 832 4857; x_wconf 80' lang='grc' dir='ltr'><strong>τῆς</strong></span> <span class='ocrx_word' id='word_1_567' title='bbox 889 4781 1209 4854; x_wconf 86' lang='grc' dir='ltr'>Ἐκκλησίας</span> <span class='ocrx_word' id='word_1_568' title='bbox 1247 4779 1344 4850; x_wconf 74' lang='grc' dir='ltr'><strong>τὴν</strong></span> <span class='ocrx_word' id='word_1_569' title='bbox 1391 4776 1606 4837; x_wconf 86' lang='grc' dir='ltr'>πίστιν,</span> <span class='ocrx_word' id='word_1_570' title='bbox 1656 4773 1751 4825; x_wconf 65' lang='grc' dir='ltr'><strong>καὶ</strong></span> <span class='ocrx_word' id='word_1_571' title='bbox 1795 4770 1902 4824; x_wconf 84' lang='grc' dir='ltr'><strong>τῶν</strong></span> 
     </span>
    </p>
   </div>
   <div class='ocr_carea' id='block_1_82' title="bbox 313 4860 1900 4955">
    <p class='ocr_par' dir='ltr' id='par_1_82' title="bbox 313 4860 1900 4955">
     <span class='ocr_line' id='line_1_83' title="bbox 313 4860 1900 4955; baseline -0.019 -14"><span class='ocrx_word' id='word_1_572' title='bbox 313 4883 596 4955; x_wconf 85' lang='grc' dir='ltr'>’Πατέρων</span> <span class='ocrx_word' id='word_1_573' title='bbox 631 4880 729 4950; x_wconf 81' lang='grc' dir='ltr'>τὴν</span> <span class='ocrx_word' id='word_1_574' title='bbox 767 4875 1061 4947; x_wconf 78' lang='grc' dir='ltr'>παράδοσιν</span> <span class='ocrx_word' id='word_1_575' title='bbox 1083 4889 1094 4903; x_wconf 88' lang='grc'><strong>·</strong></span> <span class='ocrx_word' id='word_1_576' title='bbox 1133 4869 1264 4924; x_wconf 82' lang='grc' dir='ltr'>πᾶσί</span> <span class='ocrx_word' id='word_1_577' title='bbox 1296 4886 1355 4923; x_wconf 87' lang='grc' dir='ltr'><strong>τε</strong></span> <span class='ocrx_word' id='word_1_578' title='bbox 1389 4863 1636 4937; x_wconf 82' lang='grc' dir='ltr'>φανερῶς</span> <span class='ocrx_word' id='word_1_579' title='bbox 1682 4860 1900 4927; x_wconf 69' lang='grc' dir='ltr'>ἔδειξεν,</span> 
     </span>
    </p>
   </div>
   <div class='ocr_carea' id='block_1_83' title="bbox 340 4953 1905 5045">
    <p class='ocr_par' dir='ltr' id='par_1_83' title="bbox 340 4953 1905 5045">
     <span class='ocr_line' id='line_1_84' title="bbox 340 4953 1905 5045; baseline -0.017 -16"><span class='ocrx_word' id='word_1_580' title='bbox 340 4977 421 5028; x_wconf 67' lang='grc' dir='ltr'><strong>ὄπι</strong></span> <span class='ocrx_word' id='word_1_581' title='bbox 458 4975 720 5045; x_wconf 79' lang='grc' dir='ltr'>πρότερον</span> <span class='ocrx_word' id='word_1_582' title='bbox 776 4965 1130 5037; x_wconf 74' lang='grc' dir='ltr'>ἐσφάλλοντο,</span> <span class='ocrx_word' id='word_1_583' title='bbox 1181 4962 1276 5016; x_wconf 74' lang='grc' dir='ltr'><strong>καὶ</strong></span> <span class='ocrx_word' id='word_1_584' title='bbox 1322 4960 1495 5031; x_wconf 73' lang='grc' dir='ltr'>μάτην</span> <span class='ocrx_word' id='word_1_585' title='bbox 1543 4953 1905 5024; x_wconf 81' lang='grc' dir='ltr'>ἐφιλονείκουν</span> 
     </span>
    </p>
   </div>
   <div class='ocr_carea' id='block_1_84' title="bbox 350 5043 1906 5136">
    <p class='ocr_par' dir='ltr' id='par_1_84' title="bbox 350 5043 1906 5136">
     <span class='ocr_line' id='line_1_85' title="bbox 350 5043 1906 5136; baseline -0.017 -16"><span class='ocrx_word' id='word_1_586' title='bbox 350 5067 478 5136; x_wconf 78' lang='grc' dir='ltr'>πρὸς</span> <span class='ocrx_word' id='word_1_587' title='bbox 503 5065 598 5136; x_wconf 79' lang='grc' dir='ltr'>τὴν</span> <span class='ocrx_word' id='word_1_588' title='bbox 632 5062 917 5132; x_wconf 77' lang='grc' dir='ltr'>ἀλήθειαν·</span> <span class='ocrx_word' id='word_1_589' title='bbox 955 5059 1002 5110; x_wconf 87' lang='grc' dir='ltr'><strong>εἰ</strong></span> <span class='ocrx_word' id='word_1_590' title='bbox 1024 5056 1131 5126; x_wconf 79' lang='grc' dir='ltr'><strong>γὰρ</strong></span> <span class='ocrx_word' id='word_1_591' title='bbox 1158 5055 1250 5108; x_wconf 75' lang='grc' dir='ltr'><strong>καὶ</strong></span> <span class='ocrx_word' id='word_1_592' title='bbox 1276 5049 1514 5123; x_wconf 77' lang='grc' dir='ltr'>ᾐσχύνθη</span> <span class='ocrx_word' id='word_1_593' title='bbox 1543 5048 1664 5101; x_wconf 83' lang='grc' dir='ltr'>τότε</span> <span class='ocrx_word' id='word_1_594' title='bbox 1685 5043 1906 5106; x_wconf 88' lang='grc' dir='ltr'>ταύταις</span> 
     </span>
    </p>
   </div>
   <div class='ocr_carea' id='block_1_85' title="bbox 350 5138 1906 5224">
    <p class='ocr_par' dir='ltr' id='par_1_85' title="bbox 350 5138 1906 5224">
     <span class='ocr_line' id='line_1_86' title="bbox 350 5138 1906 5224; baseline -0.015 -13"><span class='ocrx_word' id='word_1_595' title='bbox 350 5160 466 5220; x_wconf 84' lang='grc' dir='ltr'>ταῖς</span> <span class='ocrx_word' id='word_1_596' title='bbox 495 5157 668 5223; x_wconf 83' lang='grc' dir='ltr'>λέξεσι</span> <span class='ocrx_word' id='word_1_597' title='bbox 701 5153 907 5224; x_wconf 72' lang='grc' dir='ltr'>γράψαι</span> <span class='ocrx_word' id='word_1_598' title='bbox 927 5191 941 5215; x_wconf 92' lang='grc'><strong>,</strong></span> <span class='ocrx_word' id='word_1_599' title='bbox 977 5151 1070 5204; x_wconf 73' lang='grc' dir='ltr'>καὶ</span> <span class='ocrx_word' id='word_1_600' title='bbox 1102 5149 1176 5212; x_wconf 86' lang='grc' dir='ltr'><strong>ὡς</strong></span> <span class='ocrx_word' id='word_1_601' title='bbox 1209 5146 1470 5218; x_wconf 72' lang='grc' dir='ltr'>ἠθέλησεν</span> <span class='ocrx_word' id='word_1_602' title='bbox 1507 5141 1666 5203; x_wconf 79' lang='grc' dir='ltr'>αὐτὸς</span> <span class='ocrx_word' id='word_1_603' title='bbox 1712 5138 1906 5191; x_wconf 83' lang='grc' dir='ltr'>ἀπελο-</span> 
     </span>
    </p>
   </div>
   <div class='ocr_carea' id='block_1_86' title="bbox 352 5229 1915 5320">
    <p class='ocr_par' dir='ltr' id='par_1_86' title="bbox 352 5229 1915 5320">
     <span class='ocr_line' id='line_1_87' title="bbox 352 5229 1915 5320; baseline -0.012 -20"><span class='ocrx_word' id='word_1_604' title='bbox 352 5249 550 5318; x_wconf 80' lang='grc' dir='ltr'>γήσατο</span> <span class='ocrx_word' id='word_1_605' title='bbox 573 5251 636 5320; x_wconf 76' lang='grc' dir='ltr'>τῇ</span> <span class='ocrx_word' id='word_1_606' title='bbox 676 5245 990 5316; x_wconf 75' lang='grc' dir='ltr'>Ἐκκλησία,</span> <span class='ocrx_word' id='word_1_607' title='bbox 1019 5241 1154 5296; x_wconf 83' lang='grc' dir='ltr'>ἀλλά</span> <span class='ocrx_word' id='word_1_608' title='bbox 1183 5257 1246 5308; x_wconf 90' lang='grc' dir='ltr'>γε</span> <span class='ocrx_word' id='word_1_609' title='bbox 1283 5238 1368 5292; x_wconf 77' lang='grc' dir='ltr'><strong>διὰ</strong></span> <span class='ocrx_word' id='word_1_610' title='bbox 1407 5237 1504 5307; x_wconf 78' lang='grc' dir='ltr'>τῆς</span> <span class='ocrx_word' id='word_1_611' title='bbox 1539 5231 1823 5303; x_wconf 76' lang='grc' dir='ltr'>ἐπιστολῆς</span> <span class='ocrx_word' id='word_1_612' title='bbox 1855 5229 1915 5282; x_wconf 72' lang='grc' dir='ltr'>τὸ</span> 
     </span>
    </p>
   </div>
   <div class='ocr_carea' id='block_1_87' title="bbox 351 5327 1911 5413">
    <p class='ocr_par' dir='ltr' id='par_1_87' title="bbox 351 5327 1911 5413">
     <span class='ocr_line' id='line_1_88' title="bbox 351 5327 1911 5413; baseline -0.014 -16"><span class='ocrx_word' id='word_1_613' title='bbox 351 5341 626 5413; x_wconf 72' lang='grc' dir='ltr'>ὁμοούσιον</span> <span class='ocrx_word' id='word_1_614' title='bbox 663 5343 754 5394; x_wconf 78' lang='grc' dir='ltr'><strong>καὶ</strong></span> <span class='ocrx_word' id='word_1_615' title='bbox 804 5340 864 5393; x_wconf 80' lang='grc' dir='ltr'><strong>τὸ</strong></span> <span class='ocrx_word' id='word_1_616' title='bbox 900 5341 964 5391; x_wconf 85' lang='grc' dir='ltr'><strong>ἐκ</strong></span> <span class='ocrx_word' id='word_1_617' title='bbox 1006 5337 1105 5406; x_wconf 82' lang='grc' dir='ltr'>τῆς</span> <span class='ocrx_word' id='word_1_618' title='bbox 1148 5333 1332 5396; x_wconf 86' lang='grc' dir='ltr'>ούοίας</span> <span class='ocrx_word' id='word_1_619' title='bbox 1383 5331 1456 5402; x_wconf 80' lang='grc' dir='ltr'>μὴ</span> <span class='ocrx_word' id='word_1_620' title='bbox 1506 5327 1911 5399; x_wconf 70' lang='grc' dir='ltr'>ἀρνησάμενος,</span> 
     </span>
    </p>
   </div>
   <div class='ocr_carea' id='block_1_88' title="bbox 353 5417 1914 5505">
    <p class='ocr_par' dir='ltr' id='par_1_88' title="bbox 353 5417 1914 5505">
     <span class='ocr_line' id='line_1_89' title="bbox 353 5417 1914 5505; baseline -0.013 -17"><span class='ocrx_word' id='word_1_621' title='bbox 353 5435 598 5505; x_wconf 78' lang='grc' dir='ltr'>φανερῶς</span> <span class='ocrx_word' id='word_1_622' title='bbox 635 5433 789 5489; x_wconf 71' lang='grc' dir='ltr'>τοῦτο</span> <span class='ocrx_word' id='word_1_623' title='bbox 834 5433 1069 5503; x_wconf 80' lang='grc' dir='ltr'>σημᾶναι</span> <span class='ocrx_word' id='word_1_624' title='bbox 1131 5427 1408 5499; x_wconf 86' lang='grc' dir='ltr'>βούλεται,</span> <span class='ocrx_word' id='word_1_625' title='bbox 1456 5425 1550 5477; x_wconf 74' lang='grc' dir='ltr'><strong>καὶ</strong></span> <span class='ocrx_word' id='word_1_626' title='bbox 1583 5417 1817 5474; x_wconf 82' lang='grc' dir='ltr'>πέπονθέ</span> <span class='ocrx_word' id='word_1_627' title='bbox 1862 5433 1914 5468; x_wconf 91' lang='grc' dir='ltr'><strong>τι</strong></span> 
     </span>
    </p>
   </div>
   <div class='ocr_carea' id='block_1_89' title="bbox 349 5509 1917 5596">
    <p class='ocr_par' dir='ltr' id='par_1_89' title="bbox 349 5509 1917 5596">
     <span class='ocr_line' id='line_1_90' title="bbox 349 5509 1917 5596; baseline -0.013 -15"><span class='ocrx_word' id='word_1_628' title='bbox 349 5527 553 5582; x_wconf 82' lang='grc' dir='ltr'>δεινόν·</span> <span class='ocrx_word' id='word_1_629' title='bbox 589 5527 660 5591; x_wconf 85' lang='grc' dir='ltr'>ὼς</span> <span class='ocrx_word' id='word_1_630' title='bbox 702 5526 807 5596; x_wconf 80' lang='grc' dir='ltr'><strong>γὰρ</strong></span> <span class='ocrx_word' id='word_1_631' title='bbox 861 5521 1290 5592; x_wconf 84' lang='grc' dir='ltr'>ἀπολογούμενος</span> <span class='ocrx_word' id='word_1_632' title='bbox 1342 5515 1684 5586; x_wconf 83' lang='grc' dir='ltr'>κατηγόρησε</span> <span class='ocrx_word' id='word_1_633' title='bbox 1736 5509 1917 5563; x_wconf 85' lang='grc' dir='ltr'>λοιπὸν</span> 
     </span>
    </p>
   </div>
   <div class='ocr_carea' id='block_1_90' title="bbox 349 5601 1917 5692">
    <p class='ocr_par' dir='ltr' id='par_1_90' title="bbox 349 5601 1917 5692">
     <span class='ocr_line' id='line_1_91' title="bbox 349 5601 1917 5692; baseline -0.013 -19"><span class='ocrx_word' id='word_1_634' title='bbox 349 5619 461 5673; x_wconf 80' lang='grc' dir='ltr'>τῶν</span> <span class='ocrx_word' id='word_1_635' title='bbox 508 5617 815 5692; x_wconf 81' lang='grc' dir='ltr'>Ἀρειανῶν,</span> <span class='ocrx_word' id='word_1_636' title='bbox 850 5618 930 5670; x_wconf 81' lang='grc' dir='ltr'>ὅτι</span> <span class='ocrx_word' id='word_1_637' title='bbox 964 5614 1290 5686; x_wconf 64' lang='grc' dir='ltr'>γράψαντες,</span> <span class='ocrx_word' id='word_1_638' title='bbox 1331 5608 1444 5663; x_wconf 89' lang='grc' dir='ltr'><strong>Ούκ</strong></span> <span class='ocrx_word' id='word_1_639' title='bbox 1477 5604 1544 5679; x_wconf 81' lang='grc' dir='ltr'>ἦν</span> <span class='ocrx_word' id='word_1_640' title='bbox 1568 5608 1597 5660; x_wconf 89' lang='lat'><strong>6</strong></span> <span class='ocrx_word' id='word_1_641' title='bbox 1623 5603 1750 5666; x_wconf 79' lang='grc' dir='ltr'>Υἱὸς</span> <span class='ocrx_word' id='word_1_642' title='bbox 1791 5601 1917 5672; x_wconf 73' lang='grc' dir='ltr'>πρὶν</span> 
     </span>
    </p>
   </div>
   <div class='ocr_carea' id='block_1_91' title="bbox 348 5691 1917 5783">
    <p class='ocr_par' dir='ltr' id='par_1_91' title="bbox 348 5691 1917 5783">
     <span class='ocr_line' id='line_1_92' title="bbox 348 5691 1917 5783; baseline -0.014 -18"><span class='ocrx_word' id='word_1_643' title='bbox 348 5711 658 5783; x_wconf 80' lang='grc' dir='ltr'>γενηθῆναι,</span> <span class='ocrx_word' id='word_1_644' title='bbox 693 5712 793 5763; x_wconf 83' lang='grc' dir='ltr'><strong>οὐκ</strong></span> <span class='ocrx_word' id='word_1_645' title='bbox 829 5707 1014 5779; x_wconf 68' lang='grc' dir='ltr'>ἤθελον</span> <span class='ocrx_word' id='word_1_646' title='bbox 1049 5705 1176 5760; x_wconf 67' lang='grc' dir='ltr'>αιτδ</span> <span class='ocrx_word' id='word_1_647' title='bbox 1206 5698 1339 5756; x_wconf 70' lang='grc' dir='ltr'>εἶναι</span> <span class='ocrx_word' id='word_1_648' title='bbox 1363 5699 1479 5754; x_wconf 71' lang='grc' dir='ltr'>οὐδὲ</span> <span class='ocrx_word' id='word_1_649' title='bbox 1512 5695 1616 5768; x_wconf 70' lang='grc' dir='ltr'>πρὸ</span> <span class='ocrx_word' id='word_1_650' title='bbox 1647 5694 1746 5764; x_wconf 73' lang='grc' dir='ltr'>τῆς</span> <span class='ocrx_word' id='word_1_651' title='bbox 1778 5691 1917 5746; x_wconf 71' lang='grc' dir='ltr'>κατὰ</span> 
     </span>
    </p>
   </div>
   <div class='ocr_carea' id='block_1_92' title="bbox 357 5802 843 5874">
    <p class='ocr_par' dir='ltr' id='par_1_92' title="bbox 357 5802 843 5874">
     <span class='ocr_line' id='line_1_93' title="bbox 357 5802 843 5874; baseline -0.008 -19"><span class='ocrx_word' id='word_1_652' title='bbox 357 5803 528 5874; x_wconf 64' lang='grc' dir='ltr'>σάρκα</span> <span class='ocrx_word' id='word_1_653' title='bbox 561 5802 843 5872; x_wconf 82' lang='grc' dir='ltr'>γενέσεως.</span> 
     </span>
    </p>
   </div>
   <div class='ocr_carea' id='block_1_93' title="bbox 2076 4463 3565 4561">
    <p class='ocr_par' dir='ltr' id='par_1_93' title="bbox 2076 4463 3565 4561">
     <span class='ocr_line' id='line_1_94' title="bbox 2076 4463 3565 4561; baseline -0.019 -14"><span class='ocrx_word' id='word_1_654' title='bbox 2076 4489 2142 4546; x_wconf 83' lang='grc' dir='ltr'><strong>Ει</strong></span> <span class='ocrx_word' id='word_1_655' title='bbox 2167 4487 2311 4561; x_wconf 82' lang='lat' dir='ltr'><strong>quod</strong></span> <span class='ocrx_word' id='word_1_656' title='bbox 2334 4484 2642 4542; x_wconf 90' lang='lat' dir='ltr'><strong>mirandum</strong></span> <span class='ocrx_word' id='word_1_657' title='bbox 2674 4486 2777 4545; x_wconf 88' lang='lat' dir='ltr'><strong>est,</strong></span> <span class='ocrx_word' id='word_1_658' title='bbox 2822 4473 3089 4532; x_wconf 88' lang='lat' dir='ltr'><strong>Eusebius</strong></span> <span class='ocrx_word' id='word_1_659' title='bbox 3127 4469 3416 4542; x_wconf 89' lang='lat' dir='ltr'><strong>episcopus</strong></span> <span class='ocrx_word' id='word_1_660' title='bbox 3443 4463 3565 4521; x_wconf 65' lang='lat' dir='ltr'><strong>Ca:-</strong></span> 
     </span>
    </p>
   </div>
   <div class='ocr_carea' id='block_1_94' title="bbox 2007 4555 3567 4644">
    <p class='ocr_par' dir='ltr' id='par_1_94' title="bbox 2007 4555 3567 4644">
     <span class='ocr_line' id='line_1_95' title="bbox 2007 4555 3567 4644; baseline -0.019 -5"><span class='ocrx_word' id='word_1_661' title='bbox 2007 4596 2176 4639; x_wconf 69' lang='lat' dir='ltr'><strong>sareas</strong></span> <span class='ocrx_word' id='word_1_662' title='bbox 2201 4578 2507 4638; x_wconf 83' lang='lat' dir='ltr'><strong>Palestinae,</strong></span> <span class='ocrx_word' id='word_1_663' title='bbox 2537 4570 2784 4644; x_wconf 81' lang='lat' dir='ltr'><strong>quamvis</strong></span> <span class='ocrx_word' id='word_1_664' title='bbox 2813 4567 2986 4640; x_wconf 87' lang='lat' dir='ltr'><strong>pridie</strong></span> <span class='ocrx_word' id='word_1_665' title='bbox 3011 4564 3341 4623; x_wconf 89' lang='lat' dir='ltr'><strong>recusasset,</strong></span> <span class='ocrx_word' id='word_1_666' title='bbox 3374 4555 3567 4628; x_wconf 88' lang='lat' dir='ltr'><strong>postri-</strong></span> 
     </span>
    </p>
   </div>
   <div class='ocr_carea' id='block_1_95' title="bbox 2007 4649 3568 4735">
    <p class='ocr_par' dir='ltr' id='par_1_95' title="bbox 2007 4649 3568 4735">
     <span class='ocr_line' id='line_1_96' title="bbox 2007 4649 3568 4735; baseline -0.019 -5"><span class='ocrx_word' id='word_1_667' title='bbox 2007 4675 2093 4730; x_wconf 89' lang='lat' dir='ltr'><strong>die</strong></span> <span class='ocrx_word' id='word_1_668' title='bbox 2115 4682 2293 4727; x_wconf 86' lang='lat' dir='ltr'><strong>tamen</strong></span> <span class='ocrx_word' id='word_1_669' title='bbox 2346 4664 2690 4735; x_wconf 91' lang='lat' dir='ltr'><strong>subscripsit,</strong></span> <span class='ocrx_word' id='word_1_670' title='bbox 2729 4669 2782 4717; x_wconf 91' lang='lat' dir='ltr'><strong>et</strong></span> <span class='ocrx_word' id='word_1_671' title='bbox 2813 4660 2881 4715; x_wconf 90' lang='lat' dir='ltr'><strong>ad</strong></span> <span class='ocrx_word' id='word_1_672' title='bbox 2914 4653 3210 4712; x_wconf 87' lang='lat' dir='ltr'><strong>Ecclesiam</strong></span> <span class='ocrx_word' id='word_1_673' title='bbox 3252 4665 3404 4707; x_wconf 90' lang='lat' dir='ltr'><strong>suam</strong></span> <span class='ocrx_word' id='word_1_674' title='bbox 3427 4649 3568 4702; x_wconf 85' lang='lat' dir='ltr'><strong>litte-</strong></span> 
     </span>
    </p>
   </div>
   <div class='ocr_carea' id='block_1_96' title="bbox 2009 4735 3572 4827">
    <p class='ocr_par' dir='ltr' id='par_1_96' title="bbox 2009 4735 3572 4827">
     <span class='ocr_line' id='line_1_97' title="bbox 2009 4735 3572 4827; baseline -0.02 -7"><span class='ocrx_word' id='word_1_675' title='bbox 2009 4780 2098 4819; x_wconf 86' lang='lat' dir='ltr'><strong>ras</strong></span> <span class='ocrx_word' id='word_1_676' title='bbox 2128 4762 2294 4827; x_wconf 86' lang='lat' dir='ltr'><strong>dedit,</strong></span> <span class='ocrx_word' id='word_1_677' title='bbox 2325 4770 2575 4814; x_wconf 88' lang='lat' dir='ltr'><strong>asserens</strong></span> <span class='ocrx_word' id='word_1_678' title='bbox 2601 4755 2740 4808; x_wconf 89' lang='lat' dir='ltr'><strong>hanc</strong></span> <span class='ocrx_word' id='word_1_679' title='bbox 2771 4764 2894 4806; x_wconf 90' lang='lat' dir='ltr'><strong>esse</strong></span> <span class='ocrx_word' id='word_1_680' title='bbox 2924 4744 3176 4802; x_wconf 76' lang='lat' dir='ltr'><strong>Ecclesiae</strong></span> <span class='ocrx_word' id='word_1_681' title='bbox 3208 4740 3364 4796; x_wconf 85' lang='lat' dir='ltr'><strong>fidem</strong></span> <span class='ocrx_word' id='word_1_682' title='bbox 3395 4745 3448 4794; x_wconf 90' lang='lat' dir='ltr'><strong>et</strong></span> <span class='ocrx_word' id='word_1_683' title='bbox 3470 4735 3572 4790; x_wconf 85' lang='lat' dir='ltr'><strong>Pa-</strong></span> 
     </span>
    </p>
   </div>
   <div class='ocr_carea' id='block_1_97' title="bbox 2011 4829 3572 4912">
    <p class='ocr_par' dir='ltr' id='par_1_97' title="bbox 2011 4829 3572 4912">
     <span class='ocr_line' id='line_1_98' title="bbox 2011 4829 3572 4912; baseline -0.02 -2"><span class='ocrx_word' id='word_1_684' title='bbox 2011 4863 2154 4909; x_wconf 87' lang='lat' dir='ltr'><strong>trum</strong></span> <span class='ocrx_word' id='word_1_685' title='bbox 2187 4851 2556 4907; x_wconf 87' lang='lat' dir='ltr'><strong>traditionem.</strong></span> <span class='ocrx_word' id='word_1_686' title='bbox 2593 4845 2964 4912; x_wconf 88' lang='lat' dir='ltr'><strong>Omnibusque</strong></span> <span class='ocrx_word' id='word_1_687' title='bbox 3011 4834 3301 4890; x_wconf 88' lang='lat' dir='ltr'><strong>manifcsto</strong></span> <span class='ocrx_word' id='word_1_688' title='bbox 3331 4829 3572 4885; x_wconf 82' lang='lat' dir='ltr'><strong>declara-</strong></span> 
     </span>
    </p>
   </div>
   <div class='ocr_carea' id='block_1_98' title="bbox 2012 4927 3574 5013">
    <p class='ocr_par' dir='ltr' id='par_1_98' title="bbox 2012 4927 3574 5013">
     <span class='ocr_line' id='line_1_99' title="bbox 2012 4927 3574 5013; baseline -0.019 -12"><span class='ocrx_word' id='word_1_689' title='bbox 2012 4949 2109 5012; x_wconf 87' lang='lat' dir='ltr'><strong>vit,</strong></span> <span class='ocrx_word' id='word_1_690' title='bbox 2138 4947 2260 5000; x_wconf 89' lang='lat' dir='ltr'><strong>illos</strong></span> <span class='ocrx_word' id='word_1_691' title='bbox 2292 4945 2444 5013; x_wconf 88' lang='lat' dir='ltr'><strong>prius</strong></span> <span class='ocrx_word' id='word_1_692' title='bbox 2466 4954 2678 4995; x_wconf 87' lang='lat' dir='ltr'><strong>errasse</strong></span> <span class='ocrx_word' id='word_1_693' title='bbox 2699 4944 2752 4991; x_wconf 90' lang='lat' dir='ltr'><strong>et</strong></span> <span class='ocrx_word' id='word_1_694' title='bbox 2786 4935 2987 4989; x_wconf 79' lang='lat' dir='ltr'><strong>frustra</strong></span> <span class='ocrx_word' id='word_1_695' title='bbox 3009 4931 3076 4985; x_wconf 91' lang='lat' dir='ltr'><strong>de</strong></span> <span class='ocrx_word' id='word_1_696' title='bbox 3101 4927 3326 4983; x_wconf 88' lang='lat' dir='ltr'><strong>veritate</strong></span> <span class='ocrx_word' id='word_1_697' title='bbox 3357 4929 3574 4977; x_wconf 89' lang='lat' dir='ltr'><strong>conten-</strong></span> 
     </span>
    </p>
   </div>
   <div class='ocr_carea' id='block_1_99' title="bbox 2014 5012 3570 5094">
    <p class='ocr_par' dir='ltr' id='par_1_99' title="bbox 2014 5012 3570 5094">
     <span class='ocr_line' id='line_1_100' title="bbox 2014 5012 3570 5094; baseline -0.02 1"><span class='ocrx_word' id='word_1_698' title='bbox 2014 5038 2180 5094; x_wconf 89' lang='lat' dir='ltr'><strong>disse.</strong></span> <span class='ocrx_word' id='word_1_699' title='bbox 2207 5012 2318 5091; x_wconf 87' lang='lat' dir='ltr'><strong>Etsi</strong></span> <span class='ocrx_word' id='word_1_700' title='bbox 2337 5035 2476 5090; x_wconf 85' lang='lat' dir='ltr'><strong>enim</strong></span> <span class='ocrx_word' id='word_1_701' title='bbox 2495 5033 2562 5087; x_wconf 92' lang='lat' dir='ltr'><strong>iis</strong></span> <span class='ocrx_word' id='word_1_702' title='bbox 2578 5039 2706 5085; x_wconf 86' lang='lat' dir='ltr'><strong>tunc</strong></span> <span class='ocrx_word' id='word_1_703' title='bbox 2724 5026 2900 5082; x_wconf 78' lang='lat' dir='ltr'><strong>verbis</strong></span> <span class='ocrx_word' id='word_1_704' title='bbox 2921 5023 3000 5077; x_wconf 85' lang='lat' dir='ltr'><strong>uti</strong></span> <span class='ocrx_word' id='word_1_705' title='bbox 3029 5035 3139 5092; x_wconf 62' lang='lat' dir='ltr'><strong>pra:</strong></span> <span class='ocrx_word' id='word_1_706' title='bbox 3160 5016 3364 5090; x_wconf 92' lang='lat' dir='ltr'><strong>pudore</strong></span> <span class='ocrx_word' id='word_1_707' title='bbox 3377 5012 3570 5069; x_wconf 91' lang='lat' dir='ltr'><strong>noluit.</strong></span> 
     </span>
    </p>
   </div>
   <div class='ocr_carea' id='block_1_100' title="bbox 2014 5104 3574 5202">
    <p class='ocr_par' dir='ltr' id='par_1_100' title="bbox 2014 5104 3574 5202">
     <span class='ocr_line' id='line_1_101' title="bbox 2014 5104 3574 5202; baseline -0.021 -13"><span class='ocrx_word' id='word_1_708' title='bbox 2014 5143 2069 5189; x_wconf 88' lang='lat' dir='ltr'><strong>et</strong></span> <span class='ocrx_word' id='word_1_709' title='bbox 2092 5136 2251 5202; x_wconf 89' lang='lat' dir='ltr'><strong>prout</strong></span> <span class='ocrx_word' id='word_1_710' title='bbox 2281 5129 2397 5198; x_wconf 90' lang='lat' dir='ltr'><strong>ipse</strong></span> <span class='ocrx_word' id='word_1_711' title='bbox 2436 5126 2603 5179; x_wconf 76' lang='lat' dir='ltr'><strong>voluit</strong></span> <span class='ocrx_word' id='word_1_712' title='bbox 2635 5117 2897 5178; x_wconf 87' lang='lat' dir='ltr'><strong>satisfecit</strong></span> <span class='ocrx_word' id='word_1_713' title='bbox 2930 5114 3206 5174; x_wconf 84' lang='lat' dir='ltr'><strong>Ecclesiae,</strong></span> <span class='ocrx_word' id='word_1_714' title='bbox 3253 5109 3307 5162; x_wconf 92' lang='lat' dir='ltr'><strong>in</strong></span> <span class='ocrx_word' id='word_1_715' title='bbox 3347 5104 3574 5176; x_wconf 89' lang='lat' dir='ltr'><strong>epistola</strong></span> 
     </span>
    </p>
   </div>
   <div class='ocr_carea' id='block_1_101' title="bbox 2018 5199 3577 5289">
    <p class='ocr_par' dir='ltr' id='par_1_101' title="bbox 2018 5199 3577 5289">
     <span class='ocr_line' id='line_1_102' title="bbox 2018 5199 3577 5289; baseline -0.02 -11"><span class='ocrx_word' id='word_1_716' title='bbox 2018 5199 2197 5278; x_wconf 82' lang='lat' dir='ltr'><strong>tamen</strong></span> <span class='ocrx_word' id='word_1_717' title='bbox 2224 5223 2278 5276; x_wconf 90' lang='lat' dir='ltr'><strong>in</strong></span> <span class='ocrx_word' id='word_1_718' title='bbox 2336 5234 2442 5289; x_wconf 89' lang='lat' dir='ltr'><strong>qua</strong></span> <span class='ocrx_word' id='word_1_719' title='bbox 2471 5217 2563 5271; x_wconf 86' lang='lat' dir='ltr'><strong>Dei</strong></span> <span class='ocrx_word' id='word_1_720' title='bbox 2605 5213 2800 5267; x_wconf 84' lang='lat' dir='ltr'><strong>Filium</strong></span> <span class='ocrx_word' id='word_1_721' title='bbox 2849 5199 3365 5264; x_wconf 87' lang='lat' dir='ltr'><strong>consubstantialem</strong></span> <span class='ocrx_word' id='word_1_722' title='bbox 3415 5203 3469 5251; x_wconf 93' lang='lat' dir='ltr'><strong>et</strong></span> <span class='ocrx_word' id='word_1_723' title='bbox 3512 5210 3577 5248; x_wconf 76' lang='lat' dir='ltr'><strong>ex</strong></span> 
     </span>
    </p>
   </div>
   <div class='ocr_carea' id='block_1_102' title="bbox 2021 5292 3583 5372">
    <p class='ocr_par' dir='ltr' id='par_1_102' title="bbox 2021 5292 3583 5372">
     <span class='ocr_line' id='line_1_103' title="bbox 2021 5292 3583 5372; baseline -0.022 0"><span class='ocrx_word' id='word_1_724' title='bbox 2021 5312 2322 5372; x_wconf 87' lang='lat' dir='ltr'><strong>substantia</strong></span> <span class='ocrx_word' id='word_1_725' title='bbox 2352 5309 2532 5363; x_wconf 83' lang='lat' dir='ltr'><strong>Patris</strong></span> <span class='ocrx_word' id='word_1_726' title='bbox 2573 5303 2835 5359; x_wconf 82' lang='lat' dir='ltr'><strong>exsistere</strong></span> <span class='ocrx_word' id='word_1_727' title='bbox 2888 5314 2995 5354; x_wconf 91' lang='lat' dir='ltr'><strong>non</strong></span> <span class='ocrx_word' id='word_1_728' title='bbox 3047 5292 3340 5355; x_wconf 87' lang='lat' dir='ltr'><strong>inficiatur,</strong></span> <span class='ocrx_word' id='word_1_729' title='bbox 3397 5293 3583 5356; x_wconf 87' lang='lat' dir='ltr'><strong>aperte</strong></span> 
     </span>
    </p>
   </div>
   <div class='ocr_carea' id='block_1_103' title="bbox 2022 5379 3584 5477">
    <p class='ocr_par' dir='ltr' id='par_1_103' title="bbox 2022 5379 3584 5477">
     <span class='ocr_line' id='line_1_104' title="bbox 2022 5379 3584 5477; baseline -0.02 -14"><span class='ocrx_word' id='word_1_730' title='bbox 2022 5409 2073 5463; x_wconf 85' lang='lat' dir='ltr'><strong>id</strong></span> <span class='ocrx_word' id='word_1_731' title='bbox 2105 5403 2246 5477; x_wconf 87' lang='lat' dir='ltr'><strong>quod</strong></span> <span class='ocrx_word' id='word_1_732' title='bbox 2272 5401 2402 5466; x_wconf 75' lang='lat' dir='ltr'><strong>dixi,</strong></span> <span class='ocrx_word' id='word_1_733' title='bbox 2433 5397 2719 5470; x_wconf 81' lang='lat' dir='ltr'><strong>significat.</strong></span> <span class='ocrx_word' id='word_1_734' title='bbox 2770 5393 2848 5446; x_wconf 91' lang='lat' dir='ltr'><strong>Ae</strong></span> <span class='ocrx_word' id='word_1_735' title='bbox 2873 5389 3115 5463; x_wconf 87' lang='lat' dir='ltr'><strong>profecto</strong></span> <span class='ocrx_word' id='word_1_736' title='bbox 3168 5382 3353 5438; x_wconf 80' lang='lat' dir='ltr'><strong>infelix</strong></span> <span class='ocrx_word' id='word_1_737' title='bbox 3411 5379 3468 5434; x_wconf 92' lang='lat' dir='ltr'><strong>in</strong></span> <span class='ocrx_word' id='word_1_738' title='bbox 3517 5393 3584 5434; x_wconf 87' lang='lat' dir='ltr'><strong>eo</strong></span> 
     </span>
    </p>
   </div>
   <div class='ocr_carea' id='block_1_104' title="bbox 2024 5471 3585 5560">
    <p class='ocr_par' dir='ltr' id='par_1_104' title="bbox 2024 5471 3585 5560">
     <span class='ocr_line' id='line_1_105' title="bbox 2024 5471 3585 5560; baseline -0.019 -5"><span class='ocrx_word' id='word_1_739' title='bbox 2024 5471 2144 5560; x_wconf 64' lang='lat' dir='ltr'><strong>fuit,</strong></span> <span class='ocrx_word' id='word_1_740' title='bbox 2187 5504 2245 5550; x_wconf 89' lang='lat' dir='ltr'><strong>ut</strong></span> <span class='ocrx_word' id='word_1_741' title='bbox 2303 5495 2446 5550; x_wconf 91' lang='lat' dir='ltr'><strong>enim</strong></span> <span class='ocrx_word' id='word_1_742' title='bbox 2483 5491 2718 5558; x_wconf 86' lang='lat' dir='ltr'><strong>seipsum</strong></span> <span class='ocrx_word' id='word_1_743' title='bbox 2772 5489 3046 5556; x_wconf 77' lang='lat' dir='ltr'><strong>purgaret,</strong></span> <span class='ocrx_word' id='word_1_744' title='bbox 3101 5475 3380 5533; x_wconf 88' lang='lat' dir='ltr'><strong>accusavit</strong></span> <span class='ocrx_word' id='word_1_745' title='bbox 3431 5471 3585 5528; x_wconf 85' lang='lat' dir='ltr'><strong>deiu-</strong></span> 
     </span>
    </p>
   </div>
   <div class='ocr_carea' id='block_1_105' title="bbox 2023 5565 3584 5662">
    <p class='ocr_par' dir='ltr' id='par_1_105' title="bbox 2023 5565 3584 5662">
     <span class='ocr_line' id='line_1_106' title="bbox 2023 5565 3584 5662; baseline -0.022 -15"><span class='ocrx_word' id='word_1_746' title='bbox 2023 5607 2150 5662; x_wconf 84' lang='lat' dir='ltr'><strong>ceps</strong></span> <span class='ocrx_word' id='word_1_747' title='bbox 2182 5588 2434 5648; x_wconf 84' lang='lat' dir='ltr'><strong>Arianos,</strong></span> <span class='ocrx_word' id='word_1_748' title='bbox 2461 5582 2603 5654; x_wconf 89' lang='lat' dir='ltr'><strong>quod</strong></span> <span class='ocrx_word' id='word_1_749' title='bbox 2643 5595 2766 5634; x_wconf 91' lang='lat' dir='ltr'><strong>cum</strong></span> <span class='ocrx_word' id='word_1_750' title='bbox 2809 5577 3053 5630; x_wconf 78' lang='lat' dir='ltr'><strong>dicerent</strong></span> <span class='ocrx_word' id='word_1_751' title='bbox 3093 5570 3290 5626; x_wconf 79' lang='lat' dir='ltr'><strong>Filium</strong></span> <span class='ocrx_word' id='word_1_752' title='bbox 3334 5565 3428 5622; x_wconf 84' lang='lat' dir='ltr'><strong>Dei</strong></span> <span class='ocrx_word' id='word_1_753' title='bbox 3475 5576 3584 5620; x_wconf 87' lang='lat' dir='ltr'><strong>non</strong></span> 
     </span>
    </p>
   </div>
   <div class='ocr_carea' id='block_1_106' title="bbox 2024 5664 3590 5746">
    <p class='ocr_par' dir='ltr' id='par_1_106' title="bbox 2024 5664 3590 5746">
     <span class='ocr_line' id='line_1_107' title="bbox 2024 5664 3590 5746; baseline -0.021 -4"><span class='ocrx_word' id='word_1_754' title='bbox 2024 5682 2296 5742; x_wconf 65' lang='lat' dir='ltr'><strong>exstitisse</strong></span> <span class='ocrx_word' id='word_1_755' title='bbox 2331 5685 2616 5746; x_wconf 86' lang='lat' dir='ltr'><strong>antequam</strong></span> <span class='ocrx_word' id='word_1_756' title='bbox 2673 5673 2982 5743; x_wconf 73' lang='lat' dir='ltr'><strong>gigneretur</strong></span> <span class='ocrx_word' id='word_1_757' title='bbox 3011 5707 3024 5731; x_wconf 97' lang='lat'><strong>,</strong></span> <span class='ocrx_word' id='word_1_758' title='bbox 3078 5664 3181 5718; x_wconf 89' lang='lat' dir='ltr'><strong>hoc</strong></span> <span class='ocrx_word' id='word_1_759' title='bbox 3224 5670 3384 5733; x_wconf 89' lang='lat' dir='ltr'><strong>pacto</strong></span> <span class='ocrx_word' id='word_1_760' title='bbox 3424 5669 3590 5727; x_wconf 76' lang='lat' dir='ltr'><strong>nega-</strong></span> 
     </span>
    </p>
   </div>
   <div class='ocr_carea' id='block_1_107' title="bbox 2026 5758 3235 5834">
    <p class='ocr_par' dir='ltr' id='par_1_107' title="bbox 2026 5758 3235 5834">
     <span class='ocr_line' id='line_1_108' title="bbox 2026 5758 3235 5834; baseline -0.024 0"><span class='ocrx_word' id='word_1_761' title='bbox 2026 5783 2142 5834; x_wconf 89' lang='lat' dir='ltr'><strong>rent</strong></span> <span class='ocrx_word' id='word_1_762' title='bbox 2172 5788 2294 5831; x_wconf 89' lang='lat' dir='ltr'><strong>eum</strong></span> <span class='ocrx_word' id='word_1_763' title='bbox 2316 5769 2591 5828; x_wconf 76' lang='lat' dir='ltr'><strong>exstitisse</strong></span> <span class='ocrx_word' id='word_1_764' title='bbox 2631 5773 2754 5822; x_wconf 86' lang='lat' dir='ltr'><strong>ante</strong></span> <span class='ocrx_word' id='word_1_765' title='bbox 2780 5758 3235 5819; x_wconf 83' lang='lat' dir='ltr'><strong>incarnationem.</strong></span> 
     </span>
    </p>
   </div>
  </div>
