3986 6218
522 337 591 391 87
634 338 639 342 ’
1087 313 1090 316 ’
1322 329 1651 393 veranum
1688 331 2105 390 resrmoma
2143 331 2425 390 CONTRA
2460 328 2824 391 nossenon.
3647 329 3721 385 se

1120 452 1125 455 ’
1375 452 1520 509 Idem
1552 454 1607 507 in
1638 461 1867 507 tractatu
1888 451 1964 508 De
1995 454 2216 525 synodis
2245 454 2474 508 Arimini
2499 462 2552 510 et
2580 450 2857 508 Seleuciae.

586 569 860 644 Praecipue
889 580 1065 628 autem
1087 573 1342 639 Aeacius,
1372 574 1501 644 quid
1526 573 1757 628 Eusebio
1807 575 2066 645 magistro
2095 581 2137 635 A

2232 573 2482 629 Μάλιστα
2520 572 2577 625 δὲ
2618 571 2866 633 ’Δκάκιος
2895 567 2947 621 τί
2999 563 3065 621 ἂν
3104 564 3245 618 εἴποι
3291 561 3423 635 πρὸς
3461 559 3723 614 Εὐσέϐιον

515 680 616 721 suo
638 680 1000 736 responsurus
1021 667 1140 721 est?
1176 666 1278 732 Qui
1306 681 1415 722 non
1458 667 1630 721 solum
1654 668 1862 738 synodo
1891 666 2062 723 Nicae-

2158 666 2250 720 τὸν
2285 666 2476 720 ἑαυτοῦ
2517 664 2862 727 διδάσκαλον;
2895 663 2991 724 Ὃς
3032 659 3090 713 οὐ
3129 658 3284 729 μόνον
3323 654 3630 726 ὑπέγραψεν
3662 654 3722 708 ἐν

408 823 418 833 1
513 770 596 809 nae
627 755 969 825 subscripsit,
994 754 1087 810 sed
1113 763 1168 810 et
1216 771 1313 825 per
1363 753 1645 823 epistolam
1688 757 1903 826 p0pulis
1948 772 1982 813 ει

2159 760 2227 829 τῇ
2271 756 2412 810 κατὰ
2460 756 2691 808 Νίκαιαν
2735 752 2966 821 συνόδῳ,
3008 749 3142 803 ἀλλὰ
3188 748 3279 801 καὶ
3330 746 3394 798 δι’
3434 743 3721 814 ἐπιπολῆς

513 846 879 916 signiﬁcavit,
947 861 1066 901 eam
1146 860 1281 903 esse.
1328 862 1506 902 veram
1551 847 1707 902 ﬁdem
1750 864 1870 919 qum
1920 851 2063 918 apud

2162 848 2394 919 ἐδήλωσε
2443 849 2551 909 τοῖς
2580 846 2671 899 ὐπ’
2713 844 2874 898 αὐτὸν
2902 843 3080 905 λαοῖς,
3119 839 3319 911 ταύτην
3357 835 3495 891 εἶναι
3536 837 3720 889 πίστιν

509 935 744 992 Nicaeam
795 952 863 993 ex
910 934 1186 993 communi
1224 951 1491 993 consensu
1541 939 1738 993 tradita
1796 948 1898 995 est.
1950 939 2066 995 Etsi

2162 938 2354 1010 ἀληθῆ,
2387 938 2486 1007 τὴν
2523 935 2937 1007 ὁμολογηθεῖσαν
2964 936 3021 986 ἐν
3058 935 3124 1003 τῇ
3158 932 3297 985 κατὰ
3332 930 3561 983 Νίκαιαν
3589 944 3719 981 συν-

509 1029 652 1084 enim
686 1044 752 1085 eo
797 1044 904 1099 quo
941 1031 1027 1086 vol
1053 1030 1115 1082 ili.
1167 1028 1347 1094 modo,
1374 1031 1651 1086 excusavit
1682 1046 1741 1087 se
1789 1046 1884 1102 per
1917 1031 2064 1087 illam

2163 1031 2266 1102 όδῳ
2289 1049 2303 1061 ·
2338 1032 2387 1086 εί
2415 1030 2522 1102 γὰρ
2542 1031 2635 1082 καὶ
2670 1028 2747 1091 ὼς
2779 1026 3038 1099 ἠθέλησεν
3085 1025 3453 1096 ἀπελογήσατο
3489 1022 3576 1076 διὰ
3616 1020 3719 1090 τῆς

511 1119 827 1190 Epistolam,
851 1134 951 1177 voc
969 1140 1010 1177 es
1036 1130 1216 1176 tamen
1240 1121 1431 1194 synodi
1449 1137 1557 1176 non
1591 1121 1914 1193 repudiavit.
1948 1122 2060 1179 imo

2165 1122 2470 1193 ἐπιστολῆς,
2512 1122 2647 1177 ἀλλά
2684 1137 2748 1189 γε
2779 1120 2877 1183 τὰς
2917 1118 3086 1185 λέξεις
3120 1118 3219 1172 οὐκ
3245 1117 3545 1188 ἠρνήσατο·
3580 1112 3723 1167 ἀλλὰ

510 1208 742 1263 Arianos
781 1210 1073 1275 accusavit,
1127 1210 1270 1279 quod
1304 1226 1429 1266 cum
1469 1212 1753 1268 dicerent:
1784 1211 1902 1268 Non
1943 1220 2060 1269 erat

2164 1214 2256 1268 ml.
2287 1215 2629 1286 κατηγόρησε
2658 1213 2764 1267 τῶν
2806 1211 3123 1283 ’Δρειανῶν,
3155 1211 3236 1264 ὅτι
3285 1208 3558 1278 λέγοντες,
3601 1206 3723 1261 Οὐκ

510 1297 679 1355 Filius
700 1307 986 1371 antequam
1012 1302 1322 1373 gigneretur
1344 1346 1359 1371 ,
1390 1319 1511 1358 eum
1559 1320 1628 1360 ne
1678 1310 1803 1360 ante
1844 1313 2057 1376 partum

2161 1305 2229 1380 ῆν
2265 1310 2392 1382 πρὶν
2423 1308 2714 1381 γενηθῆναι
2761 1310 2790 1362 ό
2822 1307 2980 1371 Υἱὸς,
3011 1307 3129 1360 οὐδὲ
3158 1304 3265 1377 πρὸ
3309 1304 3525 1376 Μαρίας
3555 1302 3722 1358 αὐτὸν

512 1391 728 1460 quidem
760 1391 941 1448 Mariae
966 1396 1239 1451 exstitisse
1276 1394 1626 1451 afﬁrmarent.

966 1396 1239 1451 exstitisse
1276 1394 1335 1449 af
1337 1396 1626 1451 lirmarent.
2162 1399 2348 1471 ῆθελον
2379 1396 2534 1455 εἶναι.

1538 1489 1685 1545 Idem
1710 1492 1764 1545 in
1794 1493 2015 1562 epistola
2051 1492 2120 1547 ad
2146 1496 2414 1565 episcopos
2450 1495 2667 1565 Africae.

572 1601 756 1677 Neque
782 1605 902 1676 ejus
931 1607 1008 1662 rei
1042 1607 1261 1679 ignarus
1307 1616 1426 1664 erat
1454 1608 1718 1665 Eusebius
1770 1611 2056 1680 episcopus

2230 1596 2341 1669 Kal.
2387 1613 2542 1668 τοῦτο
2586 1613 2875 1681 ἐγίνωσκεν
2912 1609 3164 1673 Εὐσέϐιος
3192 1611 3220 1663 ὁ
3263 1606 3546 1678 γενόμενος
3594 1604 3723 1659 ἐπί-

504 1695 876 1754 ϐεεοτὶεηεὶε.
906 1699 1009 1766 Qui
1042 1715 1164 1755 cum
1194 1701 1346 1772 prius
1387 1701 1773 1773 suﬁ‘ragaretur
1794 1703 2059 1758 Arianieaa

2163 1723 2360 1770 σκοπος
2393 1705 2495 1776 τῆς
2523 1702 2874 1776 Καισαρείας,
2906 1703 3164 1775 πρότερον
3192 1701 3288 1773 μὲν
3322 1699 3622 1771 συντρέχων
3643 1700 3717 1768 τῇ

503 1796 687 1856 sectae,
709 1797 899 1859 postea
927 1800 1105 1847 tamen
1128 1791 1327 1848 Nicaani
1374 1796 1590 1850 concilii
1646 1795 1879 1850 decretis
1930 1795 2059 1851 sub-

2177 1799 2480 1867 Ἀρειανικῇ
2523 1775 2749 1867 αἱρέσει,
2784 1793 3007 1865 ὕστερον
3031 1794 3086 1846 δὲ
3127 1791 3442 1863 ὑπογράψας
3474 1792 3531 1844 ἐν
3571 1789 3719 1861 αὐτῇ

502 1880 745 1951 scripsit,
772 1889 829 1937 et
851 1884 994 1954 apud
1022 1900 1153 1940 suos
1187 1886 1419 1957 idipsum
1447 1888 1687 1959 propriis
1742 1888 1941 1943 litteris
1986 1889 2063 1942 af-

2161 1890 2228 1958 τῇ
2259 1881 2315 1941 ἐν
2336 1886 2539 1958 Nimia
2577 1885 2793 1956 συνόδῳ,
2830 1884 3032 1956 ἔγραψε
3062 1887 3173 1947 τοῖς
3206 1883 3352 1945 ἰδίοις
3381 1879 3728 1934 διαϐεϐαιού-

504 1970 755 2037 ﬁrmavit,
786 1975 943 2044 cujus
972 1976 1086 2031 haec
1123 1979 1285 2032 verba
1321 1987 1448 2033 sunt
1481 1977 1778 2035 :Novimus
1798 1980 2062 2050 quosdam

2166 1993 2343 2049 μενος,
2367 1977 2449 2030 ὅτι
2478 1975 2569 2028 καὶ
2597 1974 2702 2028 τῶν
2728 1973 2967 2027 παλαιῶν
2989 1972 3137 2035 τινὰς
3160 1970 3369 2039 λογίους
3399 1970 3491 2022 mi.
3517 1971 3729 2037 ἐπιφα-

501 2080 567 2120 ex
600 2066 798 2135 priscis
822 2068 1065 2125 eruditos
1098 2076 1152 2125 et
1181 2072 1470 2140 praeclaros
1502 2073 1791 2137 antistites,
1820 2074 2061 2143 aliosque

2159 2071 2268 2132 νεῖς
2301 2067 2626 2130 ἐπισκόπους
2675 2067 2767 2119 καὶ
2818 2064 3162 2136 συγγραφέας
3207 2062 3446 2132 ἔγνωμεν
3488 2062 3577 2114 ἐπὶ
3614 2060 3729 2132 τῆς

502 2158 820 2227 scriptores,
855 2175 979 2216 cum
1006 2162 1074 2217 de
1105 2164 1282 2219 Patris
1306 2174 1359 2220 et
1387 2163 1510 2219 Filii
1535 2163 1742 2220 Deitate
1772 2165 2059 2235 loquereno

2158 2160 2250 2213 τοῦ
2276 2159 2487 2230 Πατρὸς
2515 2158 2606 2211 καὶ
2625 2155 2756 2211 Υίοῦ
2785 2157 3032 2227 θεότητος
3054 2154 3131 2226 τῷ
3159 2154 3251 2207 τοῦ
3277 2151 3557 2225 ὁμοουσίου
3581 2169 3729 2223 χρη-

502 2253 609 2311 tur,
635 2263 766 2303 voce
793 2252 1375 2308 consubstantialitatis
1397 2268 1528 2309 usos
1549 2268 1688 2308 esse.

1107 2253 1375 2308 Jtialitatis
1397 2268 1528 2309 usos
1549 2268 1688 2308 esse.
2163 2248 2423 2320 σαμένους
2444 2247 2681 2317 ὀνόματι.

1336 2370 1481 2425 Idem
1514 2373 1567 2425 in
1597 2380 1827 2426 tractatu
1856 2370 1930 2427 De
1954 2368 2186 2442 Synodis
2231 2367 2459 2423 Arimini
2490 2373 2544 2421 et
2573 2364 2846 2421 Seleuciae.

569 2467 833 2534 Eusebius
861 2492 1074 2552 quoque
1097 2500 1162 2539 ex
1193 2484 1436 2541 Cassarea
1467 2484 1773 2553 Palestina},
1814 2488 1870 2542 in
1922 2489 2057 2543 litte-

2242 2485 2300 2537 Ὀ
2331 2483 2387 2537 δὲ
2427 2483 2533 2537 ἀπὸ
2563 2480 2895 2554 Καισαρείας
2922 2481 3022 2552 τῆς
3051 2478 3408 2550 Παλαιστίνης
3438 2474 3726 2540 Εὐσέϐιος,

500 2568 575 2624 ris
606 2571 673 2625 ad
702 2571 1119 2644 Euphrationem
1156 2578 1467 2650 episcopum
1491 2596 1598 2634 non
1620 2580 1822 2636 veritus
1848 2589 1931 2637 est
1956 2596 2054 2651 pa-

2160 2577 2386 2649 γράφων
2411 2576 2546 2647 πρὸς
2571 2575 2924 2647 Εὐφρατίωνα
2949 2574 3038 2626 τὸν
3062 2573 3373 2635 ἐπίσκοπον,
3399 2570 3499 2623 οὐκ
3517 2567 3723 2638 ἐφοϐή-

498 2659 604 2716 lam
626 2662 827 2733 dicere,
858 2666 1133 2726 Christum
1158 2686 1267 2726 non
1298 2686 1420 2727 esse
1441 2686 1624 2726 verum
1654 2670 1841 2728 Deum.

2159 2669 2224 2738 θη
2260 2666 2506 2738 φανερῶς
2534 2669 2704 2720 εἰπεῖν
2734 2668 2815 2722 ὃτι
2847 2669 2876 2720 ὀ
2913 2665 3142 2736 Χριστὸς
3173 2665 3270 2717 οὐκ
3297 2663 3441 2717 ἔστιν
3466 2661 3726 2734 ἀληθινὸς

656 2756 682 2773 ⁸·
2157 2757 2306 2822 Θεός.

1200 2850 1552 2923 Hieronymus
1585 2854 1641 2907 in
1674 2854 1895 2922 epistola
1923 2853 1992 2907 ad
2009 2852 2389 2923 Ctesiphontem
2418 2853 2663 2912 adversus
2688 2850 3025 2924 Pelagianos.

570 2939 793 2996 Fecerat
818 2942 921 2998 hoc
952 2953 1006 3000 et
1036 2945 1089 3000 in
1109 2949 1285 3003 sancti
1313 2948 1579 3018 Pamphili
1602 2949 1857 3019 martyris
1884 2948 2122 3015 nomine,
2152 2961 2211 3005 ut
2230 2951 2431 3006 librum
2475 2950 2711 3021 primum
2755 2964 2852 3005 sex
2906 2949 3168 3003 librorum
3215 2943 3546 3002 defensionis
3583 2943 3724 3001 Ori-

498 3038 652 3108 genis
679 3036 895 3095 Eusebii
923 3039 1295 3111 Caesariensis,
1324 3061 1485 3116 quem
1536 3044 1703 3102 fuisse
1754 3046 2040 3111 Arianum,
2081 3060 2242 3102 nemo
2302 3054 2388 3103 est
2433 3048 2528 3119 qui
2585 3046 2809 3113 nesciat,
2865 3044 3084 3101 nomine
3135 3041 3399 3113 Pamphili
3449 3040 3723 3112 martyris

497 3141 840 3203 praenotaret.

1485 3232 1632 3288 Idem
1659 3234 1712 3287 in
1742 3232 1875 3286 libro
1902 3232 2126 3288 secundo
2151 3233 2429 3290 Adversus
2450 3232 2722 3288 Ruﬁnum.

568 3323 759 3378 Statim
784 3322 851 3381 de
879 3333 1037 3395 portu
1064 3326 1367 3396 egrediens,
1413 3343 1605 3382 navem
1638 3324 1881 3397 impegit.
1917 3323 2178 3382 Referens
2216 3327 2362 3382 enim
2384 3326 2451 3383 de
2478 3325 2738 3397 Apologia
2770 3308 3039 3393 Pamphili
3084 3322 3359 3394 martyris,
3390 3336 3553 3393 quam
3603 3336 3723 3378 nos

498 3418 717 3474 Eusebii
740 3419 1063 3474 Arianorum
1085 3420 1370 3491 principis,
1399 3419 1770 3490 probavimus,
1796 3425 1902 3475 etc.

1492 3508 1640 3563 Idem
1670 3510 1723 3563 in
1754 3508 1886 3563 libro
1907 3513 2078 3580 primo
2099 3512 2374 3567 Adversus
2406 3507 2681 3565 Ruﬁnum.

567 3596 830 3655 Eusebius
853 3598 1205 3656 Caesariensis
1233 3601 1542 3672 episcopus,
1563 3601 1720 3672 cujus
1741 3616 1905 3672 supra
1928 3604 2168 3670 memini,
2192 3604 2248 3658 in
2279 3610 2432 3659 sexto
2462 3602 2602 3658 libro
2627 3602 2728 3673 τῆς
2754 3599 3103 3672 Ἀπολογίας
3128 3599 3397 3672 Origenis,
3434 3601 3539 3658 hoc
3559 3602 3716 3658 idem
3741 3622 3760 3638 ο

494 3687 681 3756 objicit
704 3688 972 3744 Methodio
998 3691 1256 3761 episcOpo
1281 3699 1334 3747 et
1357 3693 1602 3763 martyri,
1633 3693 1779 3763 quod
1811 3699 1868 3747 tu
1902 3694 1957 3748 in
1996 3695 2133 3749 meis
2183 3694 2437 3751 laudibus
2488 3694 2834 3761 criminaris;
2867 3705 2920 3749 et
2949 3692 3080 3748 dicit
3112 3713 3124 3746 :
3154 3713 3172 3744 ι
3205 3692 3487 3760 Quomodo
3527 3710 3715 3752 ausus

494 3787 579 3835 est
611 3778 912 3836 Methodius
934 3797 1081 3836 nunc
1104 3790 1296 3837 contra
1328 3781 1617 3854 Origenem
1654 3785 1915 3851 scribere,
1937 3785 2030 3855 qui
2069 3784 2183 3841 haec
2213 3794 2267 3842 et
2298 3786 2413 3842 haec
2457 3784 2814 3856 de‘Origenis
2869 3786 3084 3841 locutus
3133 3794 3217 3841 est
3253 3786 3595 3857 dogmatibus
3624 3787 3647 3839 ?
3684 3809 3709 3840 ι

493 3873 612 3928 Non
630 3881 713 3929 est
736 3872 898 3943 hujus
927 3874 1031 3929 loci
1066 3889 1163 3945 pro
1193 3884 1427 3947 martyre
1444 3876 1608 3946 loqui.
1638 3875 1824 3947 Neque
1852 3876 1996 3932 enim
2017 3878 2198 3932 omnia
2221 3877 2274 3931 in
2302 3877 2438 3933 locis
2460 3878 2712 3933 omnibus
2744 3878 3059 3933 disserenda
3104 3884 3251 3932 sunt.
3298 3876 3456 3933 Nunc
3499 3879 3720 3949 tetigis-

495 3982 555 4024 se
580 3967 828 4045 suﬁiciat,
866 3968 967 4023 hoc
998 3969 1067 4025 ab
1093 3967 1297 4024 Ariano
1326 3970 1543 4026 homine
1572 3969 1733 4039 objici
1762 3970 2067 4026 clarissimo
2087 3980 2141 4027 et
2161 3970 2606 4041 eloquentissimo
2629 3974 2877 4041 martyri,
2910 3970 3056 4044 quod
3089 3978 3146 4026 tu
3172 3971 3228 4027 in
3268 3987 3353 4025 me
3406 3978 3461 4028 et
3492 3974 3717 4029 amicus

497 4062 705 4129 laudas,
753 4070 807 4118 et
829 4063 1067 4121 offensus
1096 4079 1343 4123 accusas.

1395 4181 1664 4247 Socrates,
1689 4181 1786 4237 lib.
1810 4196 1827 4234 ι
1858 4178 2111 4236 Historia:
2135 4180 2535 4247 ecclesiasticae,
2565 4196 2679 4250 cap.
2708 4177 2800 4235 25.

561 4292 825 4349 Eusebius
874 4292 1089 4361 quidem
1136 4293 1400 4364 Pamphili
1442 4296 1652 4362 scribit,
1709 4297 1890 4352 statim
1924 4303 2045 4366 post
2071 4304 2113 4362 ο

2215 4295 2471 4359 Εὐσέϐιος
2503 4296 2597 4366 μὲν
2630 4292 2722 4349 οὖν
2752 4296 2780 4347 ὁ
2832 4294 3112 4367 Παμφίλου
3160 4296 3322 4368 φησιν
3365 4296 3522 4360 εὐθὺς
3560 4297 3722 4367 μετὰ

492 4384 753 4453 synodum
785 4382 1067 4454 {Egyptios
1100 4384 1241 4439 inter
1264 4402 1323 4439 se
1364 4388 1718 4441 tumultuatos
1745 4401 1887 4451 esse,
1909 4401 2040 4441 cau-

2145 4386 2240 4458 τὴν
2282 4386 2512 4452 σύνοδον,
2560 4387 2694 4459 πρὸς
2715 4388 2909 4460 ἑαυτὴν
2951 4388 3252 4453 στασιάζειν
3288 4388 3384 4460 τὴν
3407 4388 3716 4457 Αἴγυπτον,

492 4489 604 4527 sam
630 4477 891 4532 tumultus
924 4490 1033 4530 non
1078 4475 1300 4531 addens.
1330 4476 1449 4542 Quo
1482 4477 1539 4530 iit
1587 4486 1648 4532 ut
1692 4478 1746 4532 in
1788 4478 2042 4548 bilinguis

2144 4478 2244 4548 τὴν
2270 4476 2445 4531 αἰτίαν
2471 4478 2544 4550 μὴ
2568 4478 2872 4550 προστιθείς
2891 4497 2904 4510 ο
2932 4481 2989 4545 ἐξ
3007 4475 3080 4533 ὧν
3108 4481 3200 4534 καὶ
3224 4479 3518 4550 διγλώσσου
3543 4480 3716 4545 δόξαν

491 4566 852 4634 suspicionem
882 4568 1112 4635 venerit,
1142 4577 1425 4637 propterea
1474 4569 1619 4640 quod
1665 4569 1793 4624 dum
1845 4583 2041 4625 causas

2147 4572 2443 4643 ἐκτήσατο,
2475 4574 2575 4638 ὃτι,
2610 4572 2708 4637 τὰς
2738 4573 2915 4637 αἰτίας
2941 4573 3116 4642 λέγειν
3153 4573 3430 4639 ἐκκλίνων,
3466 4572 3542 4646 μὴ
3572 4590 3714 4627 συν-

491 4672 712 4713 narrare
738 4662 1078 4733 subterfugit,
1118 4661 1357 4717 indicare
1407 4662 1620 4717 videtur
1667 4679 1726 4718 se
1780 4662 1866 4717 his
1923 4676 2042 4731 qua:

1562 4679 1620 4717 ur
1667 4679 1726 4718 se
1780 4662 1866 4717 his
1923 4676 2042 4731 qua:
2146 4665 2382 4718 ευδοκεῖν
2406 4669 2519 4730 τοῖς
2550 4669 2608 4721 ἐν
2638 4666 2840 4738 Νικαίᾳ
2871 4666 3136 4721 συνέθετο.

489 4749 629 4819 apud
656 4748 888 4806 Nicaeam
913 4755 1124 4809 decreta
1156 4754 1387 4818 fuerant,
1436 4756 1656 4811 minime
1692 4753 1964 4809 assentiri.

749 4865 1088 4927 Theodoritus
1112 4872 1165 4926 in
1196 4872 1616 4940 interpretatione
1653 4870 1902 4940 Epistolte
1924 4867 2081 4922 Pauli
2112 4867 2178 4921 ad
2204 4867 2473 4933 IIebra’os,
2506 4869 2568 4925 de
2605 4870 2818 4925 Ariani;
2861 4871 3091 4942 loquens,
3120 4870 3195 4925 ita
3219 4870 3401 4925 scribit
3435 4885 3454 4924 :

532 5034 535 5037 γ
559 4984 714 5051 Quod
739 4985 785 5039 si
804 5000 869 5038 ne
889 4985 991 5041 hoc
1014 4990 1231 5059 quidem
1265 4988 1468 5043 sufﬁcit
1512 4989 1580 5045 ad
1608 4990 1687 5045 eis
1716 4988 2040 5060 persuaden-

2210 4988 2273 5040 Ei
2298 4986 2352 5040 δὲ
2395 4987 2529 5059 μηδὲ
2577 4988 2731 5041 τοῦτο
2764 4990 2942 5043 ίκανὸν
2976 4992 3154 5043 πεῖσαι
3205 4990 3429 5052 αὐτοὺς,
3456 4986 3712 5075 Εὐσεϐίῳ

490 5075 639 5140 dum,
670 5076 902 5132 Eusebio
930 5088 1073 5134 certe
1099 5080 1386 5136 Palrestino
1429 5081 1646 5136 credere
1674 5097 1767 5136 eos
1792 5088 2037 5151 oportet,

2142 5078 2270 5147 γοῦν
2298 5080 2461 5151 ἐχρῆν
2487 5080 2771 5151 πεισθῆναι
2794 5081 2868 5150 τῷ
2894 5081 3246 5151 Παλαιστινῷ,
3277 5081 3335 5133 ὃν
3356 5081 3463 5135 τῶν
3482 5078 3712 5136 οἰκείων

488 5182 643 5235 quem
675 5174 961 5236 patronum
990 5181 1210 5224 suorum
1235 5171 1543 5240 dogmatum
1571 5168 1861 5240 appellant.

1571 5168 1861 5240 appellant.
2140 5168 2420 5240 δογμάτων
2452 5170 2781 5224 ἀποκαλοῦσι
2812 5174 3122 5244 συνήγορον.

709 5283 984 5351 Antipater
1012 5281 1321 5342 Bostrorum
1347 5288 1612 5357 episcopus
1645 5286 1699 5340 in
1729 5286 1863 5340 libro
1891 5286 2060 5355 primo
2097 5286 2372 5341 Adversus
2416 5283 2634 5341 Eusebii
2666 5283 3074 5356 Apologeticum
3098 5299 3196 5356 pro
3223 5284 3475 5356 Origene.

556 5396 703 5466 Nego
748 5402 930 5452 tamen
974 5410 1095 5451 eum
1140 5396 1207 5449 ad
1258 5407 1500 5455 exactam
1544 5398 2037 5454 ecclesiasticorum

2210 5397 2320 5451 Οὐκ
2376 5395 2543 5449 ἔτιδὲ
2595 5396 2728 5467 πρὸς
2775 5397 2875 5468 τὴν
2921 5396 3028 5450 τῶν
3082 5395 3362 5468 δογμάτων
3412 5394 3708 5468 ἀκρίϐειαν

484 5489 795 5559 dogmatum
825 5490 1186 5560 cognitionem
1221 5493 1549 5559 pervenisse.
1600 5491 1866 5557 Quocirca
1913 5507 2037 5561 pro-

2140 5489 2338 5559 φθάσαι
2369 5488 2509 5559 φημὶ
2532 5488 2621 5542 τὸν
2654 5487 2819 5559 ἄνδρα
2837 5506 2850 5519 ο
2878 5488 3000 5542 ὅθεν
3024 5487 3355 5558 πολυμαθίας
3392 5488 3490 5559 μὲν
3512 5504 3706 5558 παρα.-

485 5580 704 5635 miscuae
728 5580 943 5651 quidem
976 5581 1235 5637 doctrina:
1263 5591 1422 5652 atque
1447 5584 1767 5641 eruditionis
1812 5586 2032 5655 gloriam

2138 5580 2407 5651 χωρητέον
2456 5579 2622 5650 αὐτῷ,
2656 5579 2935 5650 δογμάτων
2971 5579 3026 5632 δὲ
3064 5580 3260 5648 γνῶσιν
3297 5579 3498 5633 οὐκέτι.
3534 5577 3706 5635 Ἀλλὰ

484 5672 535 5726 ei
566 5672 785 5727 omnino
817 5674 1167 5731 concedimus
1200 5694 1211 5728 :
1259 5676 1567 5743 dogmatum
1600 5691 1724 5733 vero
1767 5678 2030 5742 notitiam,

2140 5674 2232 5726 καὶ
2263 5673 2402 5726 πάνυ
2455 5673 2677 5727 κατόπιν
2735 5672 2920 5725 τοῦτον
2968 5672 3063 5743 τῆς
3108 5671 3358 5743 τοιαύτης
3410 5670 3702 5742 ἀκριϐείας

488 5778 595 5817 non
636 5765 782 5820 item.
817 5764 957 5832 Quin
997 5767 1176 5836 potius
1205 5766 1273 5822 ab
1311 5775 1565 5824 accurata
1604 5769 1818 5825 illorum
1850 5768 2034 5840 cogni-

2139 5766 2423 5836 γενόμενον
2454 5765 2804 5835 ἐπιστάμεθα.
2848 5767 2946 5823 liti
2972 5766 3117 5837 μετὰ
3139 5764 3373 5836 ,βραχέα
3396 5781 3408 5796 '
3442 5764 3602 5817 "om
3628 5763 3703 5836 δὴ
