4060 6244
255 394 329 450 ες)
1064 384 1405 444 VETERUM
1442 382 1861 444 TESTIHONIA
1897 377 2178 439 CONTRA
2211 374 2580 436 EUSEBIUM.
3398 375 3467 431 90

254 507 347 567 ινα
376 510 448 583 μὴ
474 507 703 579 δόξωμεν
747 503 1097 578 ἐπεμϐαίνειν
1124 504 1201 576 τῷ
1244 505 1424 577 ἀνδρὶ,
1460 505 1587 577 περὶ
1625 497 1686 557 οὗ
1743 502 1806 557 οὐ
1835 508 1881 566 Α

1906 500 2052 554 tione
2083 512 2205 554 eum
2222 498 2411 568 procul
2432 493 2695 560 abfuisse,
2728 497 3060 563 compertum
3091 491 3370 546 habemus.
3394 489 3463 546 Et

251 582 533 676 atpdicercat
569 602 698 671 ἡμῖν
726 599 818 652 ἐπὶ
847 597 940 652 τοῦ
979 598 1242 668 παρόντος
1280 596 1476 664 λέγειν,
1507 596 1614 660 ἵνα,
1646 594 1808 666 βασα-

1905 590 2061 660 paulo
2087 598 2203 659 post
2236 604 2254 642 :
2293 586 2477 656 Itaque
2520 601 2589 641 ne
2616 585 2825 640 homini
2856 584 3118 639 insultare
3161 582 3462 646 videamur,

246 697 485 760 νίζοντες
530 692 665 764 πρὸς
703 690 984 763 ἀκρίϐειαν
1015 689 1113 761 τὴν
1155 689 1450 760 γενομένην
1471 687 1805 757 Ἀπολογίαν,

243 780 556 858 αἱρετικοῦς
586 780 952 852 ἀποδείξωμεν
980 781 1119 842 τοὺς
1149 777 1515 849 ἀμφοτέρους,
1553 776 1713 833 αὐτόν
1746 793 1807 828 τε

242 875 722 944 ἀπολογησάμενον
760 871 853 925 καὶ
893 870 982 923 τὸν
1027 868 1167 939 ὑπὲρ
1209 868 1329 920 ὅτου
1374 866 1471 937 τὴν
1515 864 1809 933 ἀπολογίαν

246 964 523 1030 συνέταξε.
555 965 663 1018 Καὶ
682 965 808 1033 μεθ’
829 962 1018 1030 ἕτερα·
1043 959 1115 1013 Τὸ
1135 958 1243 1031 γὰρ
1267 957 1534 1012 δεικνύναι
1561 956 1807 1010 σπεύδειν

240 1060 342 1131 τὴν
363 1058 457 1111 τοῦ
479 1056 609 1110 Υἱοῦ
638 1056 772 1128 πρὸς
796 1055 888 1108 τὸν
917 1053 1132 1125 Πατέρα
1154 1050 1414 1106 ὑπόϐασιν
1437 1049 1636 1120 ὁμοίως
1659 1047 1806 1118 αὐτῷ

240 1150 397 1214 τινὰς
437 1149 757 1221 εἰρηκότας,
801 1146 1012 1218 πρῶτον
1065 1145 1160 1212 μὲν
1204 1144 1262 1197 οὐ
1312 1142 1669 1213 ξενισθῶμεν⁸
1710 1140 1803 1194 σοῦ

241 1244 354 1313 γὰρ
398 1244 494 1296 καὶ
532 1241 640 1295 τῶν
690 1239 817 1312 περὶ
865 1240 990 1309 σὲή
1046 1236 1265 1308 τοιαύτη
1298 1236 1457 1303 δόξω
1512 1235 1633 1289 ὅθεν
1675 1235 1803 1306 περὶ

239 1334 437 1388 τούτου
471 1333 562 1387 ἐπὶ
603 1331 694 1385 τοῦ
727 1330 990 1404 παρόντος
1019 1329 1173 1397 λόγος
1218 1329 1348 1399 ἡμῖν
1394 1326 1566 1390 οὐδεὶς
1585 1367 1599 1391 ,
1635 1326 1799 1381 πάλαι

245 1428 349 1497 μὲν
380 1426 719 1497 οἰκουμενικῆ
743 1423 966 1496 ζητήσει
992 1420 1383 1491 ὑποϐληθέντος
1414 1420 1507 1473 καὶ
1524 1419 1803 1489 ἀποκηρυ-

239 1519 481 1589 χθέντος.

1907 681 1975 736 de
2026 695 2135 751 quo
2167 694 2313 733 nunc
2341 678 2522 733 dicere
2565 676 2723 732 nobis
2753 674 3088 745 prepositum
3116 688 3225 728 non
3261 683 3372 742 est,
3405 683 3465 730 ut

1908 773 2311 843 Apologeticum
2352 776 2607 825 accurate
2644 766 3036 833 examinantes,
3071 773 3364 834 utrumque
3389 765 3465 819 si—

1908 868 2020 922 mul
2048 864 2360 920 haereticum
2388 878 2510 918 esse
2537 861 2921 928 ostendamus,
2950 868 3062 914 tum
3088 861 3232 913 hunc
3264 857 3355 927 qui
3380 857 3466 911 de-

1907 957 2208 1013 fensionem
2256 955 2511 1024 scripsit,
2550 960 2665 1007 tum
2701 953 2854 1006 illum
2889 951 3046 1020 cujus
3088 955 3172 1005 est
3212 954 3463 1016 suscepta

1907 1048 2169 1105 defensio.
2218 1047 2287 1100 Et
2313 1045 2494 1114 paucis
2538 1042 2865 1113 interfectis:
2904 1040 3057 1107 Quod
3101 1039 3245 1094 enim
3279 1044 3464 1091 osten-

1905 1137 2034 1195 dere
2064 1137 2299 1204 conaris,
2324 1135 2715 1205 subjectionem
2746 1132 2870 1187 Filii
2901 1145 3028 1201 erga
3062 1128 3274 1183 Patrem
3305 1139 3465 1196 quos-

1905 1232 2028 1287 dam
2057 1229 2282 1301 perinde
2314 1244 2378 1284 ac
2431 1227 2716 1298 Origenem
2740 1226 2961 1288 dixisse,
2986 1224 3221 1294 primum
3244 1219 3461 1291 quidem

1904 1323 2125 1378 minime
2170 1322 2452 1375 miramur.
2504 1318 2629 1374 Haec
2663 1319 2807 1374 enim
2853 1326 2944 1372 tua
2973 1317 3159 1385 tuique
3199 1312 3461 1369 similium

1904 1413 2089 1483 Opinio
2119 1420 2223 1468 est.
2271 1408 2428 1468 Unde
2456 1427 2620 1483 super
2654 1412 2757 1466 hoc
2788 1410 3036 1481 dogmate
3078 1405 3462 1478 impraesentia-

1904 1523 2024 1560 rum
2065 1506 2247 1560 nullus
2280 1505 2439 1561 nobis
2479 1514 2564 1561 est
2591 1519 2791 1570 sermo,
2826 1517 2947 1558 cum
2991 1502 3289 1572 praesertim
3319 1498 3462 1568 jam—

241 1613 453 1683 pridem
477 1610 798 1668 universalis
820 1609 1011 1681 synodi
1039 1607 1390 1679 inquisitione
1410 1606 1712 1678 projectum
1730 1604 1801 1661 sit
1831 1611 1994 1673 atque
2021 1601 2352 1657 damnatum.

1133 1721 1213 1775 Ea:
1251 1722 1452 1793 synodo
1497 1721 1717 1790 septima
1761 1717 2097 1779 mcumenica,
2137 1718 2342 1769 actione
2401 1723 2572 1769 sexta.

313 1817 410 1882 Τίς
442 1816 548 1890 γὰρ
595 1816 694 1870 οὐκ
731 1814 871 1884 ἔγνω
907 1814 1015 1868 τῶν
1056 1813 1260 1868 πιστῶν
1315 1812 1632 1884 Έκκλησίας
1654 1852 1667 1876 ,
1710 1812 1802 1866 καὶ
1836 1821 1874 1874 Β

1972 1806 2106 1872 Quis
2132 1808 2277 1861 enim
2315 1806 2553 1860 ﬁdelium
2589 1803 2845 1860 Ecclesia:
2872 1812 2925 1858 et
2953 1815 3139 1857 eorum
3172 1800 3267 1869 qui
3304 1817 3459 1856 vero-

240 1906 444 1976 γνῶσιν
473 1904 763 1977 εἰληφότων
792 1902 1057 1976 ἀληθινῶν
1096 1903 1396 1974 δογμάτων,
1430 1902 1511 1955 ὃτι
1545 1900 1799 1965 Εὐσέϐιος

1905 1913 2023 1951 rum
2046 1897 2356 1968 dogmatum
2381 1898 2660 1954 scientiam
2687 1903 3064 1967 perceperunt,
3085 1895 3297 1967 ignorat
3314 1894 3458 1964 quod

241 2002 273 2053 ό
300 1999 611 2071 Παμφίλου,
635 2001 713 2061 εἰς
746 1998 996 2067 ἀδόκιμον
1025 1994 1148 2049 νοῦν
1182 1993 1526 2066 παραδοθεὶς,
1549 1992 1797 2064 όμόδοξος

1905 1989 2170 2045 Eusebius
2207 1988 2474 2059 Pamphili
2513 1990 2568 2043 in
2614 1989 2904 2058 reprobum
2947 2002 3169 2042 sensum
3203 1984 3456 2049 traditus,

241 2093 342 2146 καὶ
392 2090 650 2162 σύμφρων
698 2090 881 2159 γέγονε
928 2091 1038 2152 τοῖς
1089 2087 1157 2141 τὰ
1212 2086 1419 2157 Ἀρείου
1470 2084 1797 2156 θρησκεύου-

1905 2082 2142 2151 ejusdem
2181 2083 2456 2153 opinionis
2515 2091 2570 2137 et
2626 2096 2820 2136 sensus
2858 2078 3021 2134 fuerit
3067 2094 3192 2134 cum
3245 2078 3330 2133 his
3364 2078 3457 2148 qui

241 2200 357 2249 mv;
391 2200 443 2238 κ.
467 2200 517 2236 τ.
544 2182 593 2235 λ.

1905 2175 2014 2229 Arii
2062 2176 2390 2246 impietatem
2450 2175 2625 2230 secuti
2672 2174 2831 2229 sunt?
2876 2175 2934 2228 lu
2972 2173 3228 2228 omnibus
3260 2170 3459 2241 quippe

235 2273 515 2329 historicis
545 2272 659 2329 suis
693 2272 849 2327 libris
870 2280 1176 2326 creaturam
1230 2266 1428 2322 Filium
1458 2275 1512 2322 et
1557 2264 1792 2321 Verbum
1818 2264 1909 2320 Dei
1944 2275 2122 2333 vocat,
2153 2276 2208 2322 et
2235 2267 2548 2321 ministrum
2582 2274 2637 2322 et
2667 2265 2965 2321 secundum
3000 2264 3357 2319 adorabilem.
3390 2261 3452 2318 Si

235 2378 364 2417 vero
394 2362 618 2433 quidam
648 2362 797 2418 hunc
838 2359 1187 2416 defendentes
1218 2357 1430 2422 dicunt,
1464 2357 1859 2428 subscripsisse
1889 2358 1946 2412 in
1991 2358 2231 2429 synodo;
2261 2359 2628 2414 concedamus
2660 2359 2734 2413 ita
2769 2356 2959 2413 fuisse.
3014 2355 3121 2412 Sed
3152 2355 3310 2411 labiis
3341 2353 3457 2411 suis

230 2461 514 2515 veritatem
556 2458 868 2522 honoravit,
911 2475 1007 2515 eor
1035 2467 1215 2518 autem
1251 2462 1409 2532 longe
1437 2460 1539 2517 fuit
1587 2462 1656 2515 ab
1692 2475 1780 2526 ea,
1815 2468 1876 2515 ut
1904 2462 2201 2518 ostendunt
2234 2462 2358 2516 libri
2390 2460 2509 2531 ejus
2541 2469 2595 2516 et
2626 2459 2869 2531 epistola:
2911 2472 3124 2513 omnes.
3160 2454 3298 2510 Cum
3328 2468 3457 2524 ergo

227 2552 392 2606 aliter
420 2559 583 2620 atque
612 2551 773 2606 aliter
801 2553 1100 2608 secundum
1136 2563 1347 2626 tempus
1373 2562 1426 2608 et
1455 2568 1653 2611 causas
1681 2569 2012 2625 conspersus
2043 2555 2113 2610 sit
2143 2564 2304 2624 atque
2330 2562 2569 2611 mutatus
2597 2595 2613 2619 ,
2648 2550 2942 2623 aliquando
2972 2550 3205 2605 laudans
3233 2565 3295 2606 ea
3336 2565 3457 2619 quae

227 2652 361 2701 sunt
396 2643 511 2699 Arii
536 2644 853 2711 sentientes,
882 2646 1175 2716 aliquando
1200 2662 1328 2703 vero
1353 2648 1635 2703 veritatem
1662 2647 1926 2702 simulans
1946 2685 1961 2710 ,
1995 2654 2220 2717 apparet
2255 2662 2378 2701 eum
2409 2646 2581 2703 fuisse
2606 2647 2785 2700 virum
2815 2645 3018 2715 duplici
3049 2642 3254 2707 animo,
3288 2649 3348 2696 ut
3380 2642 3456 2697 ait

225 2737 467 2793 Iacobus
498 2735 663 2791 frater
690 2734 927 2801 Domini,
960 2736 1268 2792 instabilem
1297 2739 1352 2792 in
1376 2738 1629 2793 omnibus
1658 2737 1761 2793 viis
1787 2738 1923 2794 suis.
1950 2736 2060 2793 Nec
2087 2737 2358 2807 quispiam
2385 2738 2657 2793 existimet
2682 2738 2830 2791 illum
2864 2743 3215 2806 accepturum
3246 2734 3454 2805 aliquid

224 2843 259 2880 a
291 2827 545 2882 Domino.
582 2824 640 2880 Si
670 2827 816 2881 enim
848 2825 1012 2881 corde
1048 2826 1369 2882 credidisset
1404 2828 1472 2882 ad
1500 2827 1791 2898 justitiam,
1821 2834 1875 2881 et
1914 2841 2010 2882 ore
2050 2826 2336 2884 confessus
2366 2834 2513 2884 esset
2542 2828 2599 2882 in
2630 2828 2860 2884 salutem
2900 2844 3086 2883 verum
3118 2843 3450 2890 sermonem,

224 2920 423 2989 utique
455 2934 555 2989 pro
592 2919 807 2988 scriptis
827 2919 944 2974 suis
972 2920 1183 2974 veniam
1209 2922 1560 2992 postulasset,
1599 2921 1795 2976 horum
1829 2920 2227 2976 correctionem
2256 2920 2463 2978 faciens
2492 2940 2507 2990 ;
2540 2930 2594 2978 et
2617 2937 2715 2994 pro
2747 2922 2995 2993 epistolis
3046 2923 3163 2979 suis
3195 2921 3442 2994 profecto

226 3011 611 3069 satisfecisset.
653 3010 759 3067 Sed
802 3011 903 3066 hoc
942 3012 1254 3069 nullatenus
1283 3012 1433 3069 fecit.
1466 3012 1665 3069 Mansit
1693 3013 1836 3069 enim
1882 3014 2026 3067 sicut
2061 3013 2315 3084 Ethiops
2345 3030 2452 3069 non
2488 3022 2694 3070 mutata
2730 3016 2887 3085 pelle.
2924 3013 3175 3086 Denique
3211 3030 3333 3071 cum
3368 3016 3455 3071 in-

238 3112 635 3176 terpretaretur
690 3103 841 3158 Dixit
872 3103 1128 3159 Dominus
1168 3105 1390 3160 Domino
1418 3144 1434 3170 ,
1469 3105 1611 3160 Deus
1646 3122 1789 3160 meus
1823 3122 1876 3159 es
1910 3114 1987 3170 tu,
2021 3115 2176 3160 extra
2204 3121 2450 3162 veracem
2483 3122 2699 3162 sensum
2718 3107 2983 3162 excedens
3010 3107 3092 3162 sic
3124 3107 3199 3161 ait
3234 3125 3247 3163 :
3285 3124 3304 3157 ι
3342 3105 3445 3163 Le-

224 3197 395 3269 gibus
418 3204 646 3260 naturae,
678 3196 856 3251 omnis
886 3194 982 3250 ﬁlii
1017 3204 1189 3266 pater,
1223 3197 1477 3253 dominus
1501 3206 1586 3253 est
1612 3198 1799 3269 utique
1833 3197 1983 3267 ejus';
2024 3205 2078 3253 et
2110 3196 2316 3253 idcirco
2346 3199 2610 3268 unigeniti
2656 3197 2782 3253 Filii
2808 3198 2905 3254 Dei
2945 3199 3063 3268 ipse
3110 3199 3203 3270 qui
3247 3200 3435 3271 genuit

224 3303 363 3345 cum
390 3286 554 3354 Deus,
582 3288 740 3344 simul
772 3296 827 3344 et
862 3288 1004 3347 Deus
1028 3298 1083 3347 et
1110 3289 1376 3348 Dominus
1403 3300 1457 3347 et
1483 3291 1648 3347 Pater
1673 3301 1809 3349 est.»
1847 3292 2108 3348 Similiter
2130 3299 2184 3348 et
2207 3292 2264 3348 in
2303 3293 2531 3363 epistola
2560 3293 2626 3349 ad
2654 3301 2900 3349 sanctum
2923 3292 3288 3348 Alexandrum
3316 3308 3442 3364 pra:-

227 3389 510 3451 ceptorem
540 3384 714 3455 magni
741 3384 1025 3442 Athanasii
1054 3386 1281 3450 directa,
1313 3385 1470 3456 cujus
1499 3386 1715 3444 initium
1742 3396 1827 3445 est
1859 3406 1872 3442 :
1900 3407 1919 3439 ι
1959 3388 2095 3444 Cum
2123 3396 2324 3459 quanta
2345 3386 2710 3443 sollicitudine
2731 3396 2784 3441 et
2809 3385 3132 3457 aegritudine
3155 3384 3322 3439 animi
3351 3384 3454 3440 has

228 3477 440 3531 litteras
468 3476 709 3533 scribere
738 3493 1023 3550 aggressus
1051 3478 1177 3541 sim,
1216 3484 1373 3544 ietc.,
1406 3481 1645 3550 apertius
1671 3481 2056 3551 blaSphemans
2077 3482 2157 3538 sic
2186 3482 2261 3535 ait
2289 3481 2355 3535 de
2378 3478 2509 3533 Ario
2537 3486 2592 3534 et
2620 3479 2740 3549 ejus
2763 3478 2989 3533 asseclis
3024 3495 3067 3532 tt
3095 3476 3453 3531 Calumniari-

226 3577 319 3623 tur
343 3584 439 3624 eos
462 3568 658 3624 littera:
685 3579 808 3637 tum,
843 3581 1099 3643 tanquam
1124 3570 1388 3636 dicentes,
1420 3573 1547 3643 quia
1559 3571 1730 3627 Filius
1754 3589 1821 3629 ex
1848 3589 1955 3628 non
1980 3574 2372 3629 exsistentibus
2404 3571 2583 3626 factus
2611 3578 2715 3634 est,
2743 3570 2885 3625 sicut
2906 3583 3051 3623 unus
3079 3583 3146 3623 ex
3173 3568 3451 3623 omnibus.

225 3661 300 3713 At
329 3660 405 3714 illi
436 3662 782 3731 protulerunt
808 3663 1091 3747 epistolam
1105 3676 1269 3732 quam
1295 3662 1364 3717 ad
1395 3672 1448 3718 te
1478 3662 1720 3718 fecerant
1747 3681 1759 3715 :
1791 3663 1845 3717 in
1865 3679 1974 3733 qua
2012 3662 2171 3718 ﬁdem
2208 3677 2362 3719 suam
2386 3666 2742 3731 exponentes,
2770 3658 2904 3729 ipsis
2947 3656 3130 3713 verbis
3169 3657 3285 3712 haec
3314 3672 3450 3712 con-

228 3751 522 3807 fitebantur
548 3773 561 3808 :
591 3752 748 3824 Legis
773 3754 1024 3810 videlicet
1052 3769 1116 3810 ac
1139 3753 1536 3825 Prophetarum
1586 3762 1641 3810 et
1672 3753 1805 3810 Novi
1840 3755 2174 3813 'l'estamenti
2213 3754 2380 3811 Deum
2415 3754 2671 3824 genuisse
2700 3751 2894 3806 Filium
2945 3750 3285 3823 unigenitum
3328 3757 3454 3806 ante

226 3852 476 3911 tempora
496 3851 715 3908 :eterna,
744 3859 840 3914 per
862 3859 1025 3915 quem
1052 3852 1107 3900 et
1132 3845 1312 3899 omnia
1334 3853 1389 3900 et
1427 3845 1623 3903 saecula
1653 3845 1781 3901 fecit
1812 3866 1825 3901 :
1858 3848 2114 3918 genuisse
2134 3855 2313 3903 autem
2340 3861 2464 3901 eum
2499 3861 2609 3902 non
2634 3845 2874 3915 putative
2904 3844 2998 3900 sed
3027 3858 3176 3908 vere,
3235 3856 3300 3898 ac
3327 3857 3454 3899 con-

225 3940 479 3995 stituisse
533 3939 752 4008 propria
802 3939 1098 4005 voluntate,
1145 3938 1609 3996 inconvertibilem
1638 3981 1654 4007 ,
1704 3949 2010 3996 creaturam
2039 3940 2132 3996 Dei
2167 3939 2486 4011 perfectam,
2535 3940 2630 3995 sed
2673 3955 2780 3994 non
2819 3938 2968 3992 sicut
3006 3951 3169 3990 uuam
3198 3950 3264 3989 ex
3299 3949 3452 3993 crea-

229 4031 400 4086 turis.
444 4029 503 4083 Si
553 4046 680 4102 ergo
707 4030 900 4086 littera:
938 4031 1182 4100 ipsorum
1210 4031 1494 4086 veritatem
1524 4030 1737 4093 dicunt,
1771 4031 1961 4099 utique
1989 4031 2128 4100 apud
2166 4038 2218 4084 te
2244 4029 2512 4083 habentur
2544 4047 2557 4083 :
2588 4028 2641 4083 in
2675 4026 2875 4097 quibus
2901 4023 3228 4078 comitentur
3250 4021 3450 4076 Filium

230 4124 327 4179 Dei
353 4131 480 4179 ante
513 4130 752 4194 tempora
780 4133 998 4189 aeterna,
1021 4140 1118 4193 per
1147 4139 1307 4194 quem
1340 4124 1466 4180 fecit
1497 4133 1548 4179 et
1579 4125 1926 4190 saecula,esse
1954 4124 2421 4181 inconvertibilem
2449 4130 2504 4178 et
2536 4120 3033 4178 incommutabilem
3061 4126 3117 4173 et
3142 4124 3450 4174 creaturam

234 4215 325 4271 Dei
357 4215 677 4288 perfectam,
710 4216 803 4273 sed
832 4234 940 4274 non
968 4218 1109 4274 sicut
1146 4234 1309 4274 unam
1336 4235 1403 4274 ex
1425 4221 1716 4275 creaturis.
1752 4220 1924 4276 Porro
1944 4222 2173 4292 cpistola
2206 4227 2297 4274 tua
2328 4219 2695 4274 calumniatur
2721 4234 2817 4274 eos
2837 4258 2852 4284 ,
2894 4224 3155 4285 tanquam
3201 4214 3448 4269 dicentes

232 4308 359 4391 quia
383 4306 561 4364 Filius
582 4307 757 4363 factus
787 4317 871 4364 est
893 4309 1033 4364 sicut
1058 4325 1201 4364 unus
1227 4326 1293 4365 ex
1319 4311 1594 4366 omnibus.
1631 4310 1766 4367 Vide
1793 4327 1922 4382 ergo
1964 4329 2030 4368 ne
2053 4313 2134 4368 eis
2162 4313 2344 4367 statim
2381 4312 2600 4366 occasio
2640 4310 2799 4364 detur
2829 4307 3261 4379 reprehendendi
3289 4304 3446 4375 quid-

233 4400 360 4468 quid
382 4398 672 4454 voluerint.
696 4399 896 4453 Iterum
926 4399 1220 4468 objiciebas
1255 4415 1351 4456 eos
1376 4400 1582 4456 dixisse
1616 4419 1628 4455 :
1659 4402 1762 4468 Qui
1783 4411 1882 4467 est,
1914 4419 2032 4457 eum
2052 4403 2141 4473 qui
2167 4419 2269 4456 non
2287 4413 2422 4471 erat,
2442 4403 2637 4472 genuit.
2667 4401 2832 4456 Miror
2853 4409 3033 4456 autem
3059 4399 3103 4454 si
3124 4398 3295 4469 possit
3320 4395 3447 4467 quis

234 4492 389 4546 aliter
419 4492 638 4547 dicere:
689 4492 735 4547 si
772 4492 918 4547 enim
955 4508 1095 4548 unus
1125 4502 1209 4548 est
1237 4495 1329 4565 qui
1357 4503 1460 4560 est,
1497 4494 1741 4565 profecto
1781 4511 1850 4551 ex
1898 4500 2015 4568 ipso
2046 4496 2245 4551 factum
2275 4508 2359 4554 est
2405 4513 2565 4552 omne
2596 4497 2741 4566 quod
2784 4504 2869 4551 est
2895 4510 3019 4549 cum
3047 4494 3183 4564 ipso.
3220 4490 3278 4545 Si
3317 4505 3447 4546 vero

234 4599 340 4637 non
366 4584 518 4639 solus
544 4584 657 4653 ipse
679 4592 762 4639 est
794 4602 807 4638 :
841 4583 937 4639 sed
964 4590 1016 4638 et
1038 4583 1207 4641 Filius
1243 4594 1358 4641 erat
1385 4587 1477 4657 qui
1507 4597 1623 4653 est,
1657 4590 1927 4659 quomodo
1956 4605 2077 4644 eum
2104 4590 2196 4659 qui
2240 4597 2357 4644 erat
2388 4590 2639 4660 gignebat
2662 4589 2753 4658 qui
2784 4586 2905 4642 est?
2927 4587 3016 4640 Sic
3042 4583 3184 4640 enim
3224 4583 3333 4638 duo
3361 4598 3449 4638 es-

236 4686 357 4731 sent
384 4679 479 4748 qui
514 4685 662 4732 sunt.
695 4696 715 4729 ι
747 4676 812 4731 Ει
840 4678 953 4732 haec
974 4677 1190 4749 quidem
1225 4677 1491 4734 Eusebius
1515 4681 1580 4735 ad
1620 4682 2008 4767 Alexandrum.
2034 4681 2139 4738 Sed
2170 4689 2225 4738 et
2254 4682 2371 4737 aliae
2400 4682 2520 4752 ejus
2555 4681 2798 4753 epistolae
2843 4681 2910 4735 ad
2939 4678 3185 4736 eumdem
3210 4686 3449 4741 exstant,

235 4769 293 4823 in
338 4772 540 4841 quibus
588 4771 1126 4828 inveniunturwaria:
1172 4771 1541 4843 blaSphemiae.
1577 4772 1683 4829 Sed
1731 4783 1785 4831 et
1822 4776 1891 4831 ad
1914 4764 2364 4847 VEuphrationem
2396 4774 2714 4844 episcopum
2750 4774 3019 4834 scribens,
3055 4764 3447 4841 apertiushlas-

238 4861 477 4929 phemat.
533 4863 702 4933 Cujus
728 4864 968 4934 epistolae
996 4866 1210 4919 initium
1236 4875 1319 4922 est
1343 4884 1357 4918 :
1387 4887 1407 4920 ί
1444 4867 1673 4925 Domino
1696 4886 1815 4925 meo
1839 4886 1934 4941 per
1964 4872 2141 4926 omnia
2169 4870 2372 4941 gratias
2400 4884 2521 4940 ago.
2554 4888 2572 4920 ›
2600 4867 2668 4921 Ει
2690 4867 2847 4937 paulo
2882 4874 2995 4935 post
3024 4880 3041 4918 :
3098 4885 3115 4914 ι
3154 4862 3273 4918 Non
3301 4862 3447 4918 enim

232 4956 399 5010 simul
430 4972 548 5012 cum
590 4954 752 5011 Patre
787 4955 981 5011 Filiqu
1029 4957 1197 5013 fuisse
1239 4957 1491 5025 fatemur,
1534 4962 1629 5017 sed
1659 4961 1871 5017 Patrem
1901 4968 2028 5015 ante
2058 4958 2255 5014 Filium
2284 4958 2584 5015 exstitisse.
2630 4956 2789 5013 Certe
2828 4957 2943 5027 ipse
2988 4952 3160 5010 Filius
3203 4953 3320 5018 Dei,
3351 4952 3445 5024 qui

234 5050 413 5121 magis
434 5053 609 5107 omnia
633 5052 840 5123 liquido
868 5054 1036 5118 novit,
1069 5054 1233 5108 alium
1258 5071 1316 5110 se
1338 5070 1369 5108 a
1398 5054 1560 5111 Patre
1581 5066 1635 5112 et
1664 5058 1930 5112 minorem
1958 5065 2123 5126 atque
2144 5055 2460 5111 inferiorem
2488 5056 2690 5120 sciens,
2719 5054 3005 5109 admodum
3038 5053 3124 5122 pie
3152 5053 3255 5107 hoc
3280 5051 3447 5105 etiam

234 5158 344 5198 nos
374 5142 525 5200 docet
552 5146 738 5203 dicens
772 5167 784 5200 :
822 5146 981 5201 Pater
1008 5149 1097 5217 qui
1126 5149 1269 5203 misit
1302 5150 1401 5216 me',
1432 5152 1605 5220 major
1626 5169 1705 5207 me
1733 5163 1809 5209 eat
1830 5155 1849 5178 ⁸
1867 5172 1912 5207 ,ι
1938 5152 2003 5207 Et
2018 5161 2135 5220 post
2155 5152 2263 5206 alia
2286 5167 2342 5205 τι
2368 5150 2504 5206 Nam
2525 5160 2579 5207 ct
2606 5152 2721 5223 ipse
2743 5148 2956 5219 quidem
2975 5148 3145 5204 Filius
3176 5147 3317 5201 Deus
3339 5146 3453 5216 est,

235 5235 338 5290 sed
380 5252 488 5290 non
518 5254 672 5295 verus
703 5240 842 5296 Deus
872 5262 917 5292 .›
961 5241 1038 5295 Ex
1071 5243 1154 5298 his
1182 5260 1311 5315 ergo
1358 5246 1577 5317 scriptis
1608 5246 1727 5315 ejus
1752 5245 2078 5310 ostenditur,
2125 5244 2241 5299 Arii
2265 5252 2319 5300 et
2347 5246 2681 5316 comparium
2713 5243 2831 5312 ejus
2855 5242 3104 5313 dogmata
3129 5243 3442 5314 pravlicare.

234 5328 306 5383 Et
335 5330 499 5398 paulo
524 5340 661 5399 post:
682 5331 889 5403 «Hujus
918 5349 1047 5405 ergo
1071 5334 1322 5394 factionis
1352 5340 1516 5393 etiam
1548 5337 1816 5394 Eusebius
1863 5342 2134 5395 exsistens
2156 5377 2172 5403 ,
2207 5337 2351 5393 sicut
2391 5337 2825 5393 demonstratum
2856 5345 2939 5391 cst
2968 5346 3080 5391 tam
3108 5352 3177 5392 ex
3197 5336 3448 5409 epistolis

232 5435 405 5491 quam
437 5437 507 5477 ex
535 5422 805 5481 historicis
833 5425 953 5496 ejus
976 5428 1327 5499 conscriptis,
1364 5430 1656 5503 imaginem
1680 5430 1883 5488 Christi
1917 5440 2175 5503 tanquam
2203 5430 2646 5502 Theopassianus
2675 5428 3026 5500 abjicitnetc.

1070 5543 1292 5600 Pliotius
1321 5548 1374 5601 in
1401 5549 1623 5619 epistola
1655 5550 1775 5617 144,
1805 5551 1871 5605 ad
1899 5550 2298 5607 Constantinum
2320 5549 2620 5619 patricium.

304 5624 580 5694 Εὐσέϐιος,
613 5628 642 5681 ό
667 5628 758 5683 τοῦ
788 5631 1072 5703 Παμφίλου
1111 5636 1219 5689 εἶτε
1257 5635 1459 5703 δοῦλος,
1489 5639 1597 5693 εἴτε
1630 5642 1791 5712 συνήο

1967 5643 2231 5699 Eusehius
2262 5643 2371 5707 ille,
2395 5640 2659 5710 Pamphili
2690 5639 2803 5696 sive
2828 5653 3037 5707 servus,
3068 5640 3181 5696 sive
3212 5640 3442 5708 amicus,

240 5714 354 5787 θης,
383 5718 467 5772 ὅτι
501 5719 603 5790 μὲν
638 5721 994 5797 ’Δρειανισμῷ
1022 5725 1180 5795 ἑάλω,
1215 5728 1376 5799 βοῶσι
1415 5730 1513 5801 μὲν
1536 5730 1698 5788 αὐτοῦ
1722 5732 1791 5787 τὰ

1905 5730 2202 5789 Arianismo
2250 5731 2483 5788 infectus
2528 5730 2648 5789 fuit.
2707 5729 2819 5786 Hoc
2848 5728 2972 5785 libri
3015 5730 3207 5786 abillo
3251 5729 3444 5802 scripti

354 5834 376 5866 '
404 5833 562 5891 Ioan.
599 5853 710 5908 XIV,
740 5836 832 5908 28,
858 5904 864 5911 ο
