4060 6244
593 376 657 438 91
1406 377 1746 439 VETEBUM
1784 378 2205 438 TESTIMONIA
2243 377 2521 435 CONTRA
2557 377 2924 436 EUSEBIUM.

3761 372 3835 429 (2

595 499 850 563 clamant.
888 495 1048 557 Hunc
1088 498 1338 556 morbum
1382 499 1600 555 tandem
1651 501 1850 558 invitus
1884 501 2000 573 ipse
2034 517 2145 557 con-

2267 497 2441 571 βιϐλία
2459 516 2473 528 ·
2503 498 2594 553 καὶ
2620 498 2779 563 αὐτὸς
2806 497 2863 552 δὲ
2893 495 3325 569 μεταμελόμενος
3348 496 3505 570 δῆθεν
3532 497 3626 552 καὶ
3651 499 3826 567 ἄκων,

594 597 774 659 fessus
802 600 923 659 est,
972 594 1068 650 sed
1102 592 1331 663 ipsumet
1352 592 1725 662 resipiscentia
1758 607 1856 648 sua
1903 593 2074 664 magis
2104 610 2145 650 ει

2262 590 2360 663 τὴν
2386 588 2538 643 νόσον
2571 589 2915 661 ἀνομολογεῖ·
2951 587 3054 643 κᾶν
3082 590 3148 659 τῇ
3184 586 3508 660 μεταμελείᾳ
3533 587 3590 641 δὲ
3627 588 3825 659 μᾶλλον

593 689 848 760 patefecit
891 701 997 741 non
1042 684 1355 755 resipuisse.
1391 680 1501 738 Nec
1527 683 1671 738 enim
1705 698 1800 753 per
1837 684 2159 754 apologiam,

592 787 650 835 ut
683 777 857 833 videri
907 776 1099 840 voluit,
1136 775 1429 846 persuadet
1475 789 1533 830 se
1574 790 1605 827 a
1646 775 1814 844 priori
1856 775 2046 831 haeresi
2077 792 2162 832 re-

593 870 853 929 cessisse,
890 876 983 920 aut
1016 874 1217 920 sanctae
1267 872 1321 919 et
1357 863 1651 917 universali
1686 864 1893 935 synodo
1935 878 2162 920 consen-

594 956 698 1012 tire
731 976 743 1011 :
770 955 866 1012 sed
908 955 1218 1026 prodigiose
1248 953 1702 1019 comminiscitur,
1753 953 2044 1008 homoousii
2072 970 2159 1011 se-

594 1055 834 1104 ctatores
864 1047 916 1103 in
943 1048 1117 1117 ipsius
1142 1062 1362 1103 sensum
1389 1047 1696 1109 transiisse,
1723 1052 1777 1100 et
1817 1046 1873 1100 in
1905 1062 2004 1101 sua
2029 1062 2158 1102 sen-

598 1139 764 1195 tentia
804 1138 967 1195 simul
1000 1139 1358 1209 acquievisse.
1402 1136 1516 1192 Hoc
1556 1138 1633 1191 ita
1666 1152 1787 1192 esse
1835 1150 1956 1190 cum
1990 1138 2158 1191 multa

595 1228 701 1283 alia
741 1226 1201 1290 conﬁrmant,tum
1233 1244 1396 1299 quam
1432 1228 1653 1298 scripsit
1699 1227 1765 1282 ad
1813 1242 1943 1283 suos
1976 1228 2158 1285 Caesa-

595 1320 806 1375 rienses
834 1320 1083 1392 epistola.
1110 1318 1215 1374 Sed
1239 1320 1383 1390 quod
1406 1326 1463 1373 ut
1484 1320 1552 1373 ab
1578 1318 1734 1373 initio
1763 1317 1877 1372 Arii
1908 1319 2157 1389 dogmata

596 1409 747 1476 fovit,
780 1414 852 1467 ita
886 1413 950 1465 ad
982 1412 1139 1465 ﬁnem
1182 1412 1306 1466 vitae
1336 1427 1397 1466 ea
1435 1410 1689 1481 amplecti
1730 1425 1837 1466 non
1866 1410 2154 1475 destiterit,

595 1502 840 1573 plerique
879 1503 1204 1573 intelligunt,
1235 1512 1288 1557 et
1317 1502 1486 1556 multa
1519 1513 1649 1557 sunt
1692 1517 1811 1572 quae
1840 1500 1997 1556 facile
2030 1518 2151 1571 per-

594 1598 845 1650 suadent.
874 1592 1028 1660 Quod
1060 1608 1188 1648 vero
1221 1591 1469 1661 Origenis
1501 1592 1689 1645 morbo
1721 1598 1976 1660 pmterea
2003 1590 2155 1644 labo-

591 1688 732 1741 tavit
771 1700 880 1756 quo
934 1686 1022 1740 ille
1069 1685 1375 1749 tenebatur,
1409 1684 1617 1739 scilicet
1670 1692 1860 1737 contra
1911 1683 2153 1736 omnium

592 1776 828 1832 futuram
878 1776 1183 1847 generalem
1238 1777 1690 1831 resurrectionem
1717 1816 1732 1840 ,
1785 1784 1838 1832 et
1888 1776 2151 1846 plurimos

2264 679 2450 735 ἑαυτὸν
2476 680 2741 735 δείκνυσιν
2791 678 3221 751 ἀμεταμέλητον.
3256 679 3328 733 Ού
3363 678 3469 751 γὰρ
3500 680 3690 733 ἑαυτὸν
3732 683 3825 737 ἐκ-

2264 776 2450 847 στῆναι
2476 775 2575 845 τῆς
2600 774 2869 846 προτέρας
2896 771 3229 838 κακοδοξίας,
3259 771 3324 825 δι’
3356 766 3431 825 ὧν
3456 771 3600 839 ἔδοξε
3624 773 3821 829 ἀπολο-

2260 864 2490 931 γεῖσθαι,
2517 865 2855 935 συνίστησιν,
2909 864 3029 918 οὐδὲ
3058 866 3123 934 τῇ
3170 863 3300 935 ἁγία
3334 864 3428 917 καὶ
3473 866 3815 936 οἰκουμενικῇ

2262 956 2618 1028 συμφωνῆσαι
2650 955 2848 1026 συνόδῳ
2867 972 2879 986 ·
2912 955 3046 1009 ἀλλά
3074 956 3201 1018 τοὺς
3221 954 3312 1007 τοῦ
3328 951 3652 1024 ὀμοουσίου
3671 971 3774 1028 πρε
3787 986 3815 999 -

2260 1047 2511 1115 σ6ευτάς,
2546 1047 2709 1102 αὐτοῦ
2752 1047 3020 1101 συνελθεῖν
3051 1047 3129 1118 τῷ
3161 1049 3462 1120 φρονήματι
3486 1049 3581 1102 καὶ
3611 1048 3821 1105 συνδιω-

2258 1137 2477 1208 τεθῆναι
2518 1141 2587 1209 τῇ
2619 1137 2809 1210 γνώμῃ
2835 1177 2849 1202 ,
2901 1137 3280 1208 τερατεύεται·
3320 1140 3412 1192 καὶ
3443 1137 3600 1192 τοῦτο
3633 1137 3816 1207 σαφῶς

2257 1230 2389 1285 ἄλλα
2422 1247 2481 1283 τε
2517 1230 2735 1285 πλείονα
2768 1231 3092 1301 περιστῶσι,
3125 1232 3218 1285 καὶ
3250 1232 3282 1302 ἡ
3310 1233 3421 1295 τοῖς
3457 1229 3817 1303 Καισαρεῦσιν

2257 1320 2404 1391 αὐτῷ
2432 1324 2700 1395 γραφεῖσα
2723 1322 2995 1392 ἐπιστολή.
3045 1321 3182 1374 Ἀλλ’
3210 1323 3290 1376 ὃτι
3317 1322 3414 1395 μὲν
3439 1322 3694 1395 ἀπαρχῆς
3719 1322 3818 1388 τὰς

2270 1415 2607 1484 Ἀρειανικάς
2637 1413 2793 1480 δόξας
2838 1413 3150 1478 ὑπέθαλπε,
3195 1415 3287 1468 καὶ
3331 1414 3491 1486 μέχρι
3529 1414 3717 1479 τέλους
3753 1416 3814 1469 ού

2254 1504 2460 1559 διέλιπε
2519 1505 2793 1575 περιέπων
2820 1547 2835 1571 ,
2884 1504 3066 1559 πολλοί
3121 1523 3181 1559 τε
3225 1506 3671 1570 συνεπίστανται,
3725 1508 3817 1561 καὶ

2257 1596 2386 1667 ῥᾷόν
2418 1598 2533 1650 ἐστι
2565 1596 2748 1651 λαϐεῖν
2782 1598 3106 1669 πολλαχόθεν
3127 1616 3141 1630 ·
3168 1599 3248 1652 ὃτι
3273 1599 3329 1652 δὲ
3362 1601 3454 1653 καὶ
3480 1599 3579 1671 τῆς
3614 1598 3821 1672 Ὠριγέ-

2254 1705 2380 1752 νους
2409 1688 2565 1742 νόσου
2602 1689 2879 1759 μετέσχεν,
2897 1690 2963 1760 ἢν
2998 1690 3136 1744 κατά
3166 1691 3265 1761 τῆς
3303 1691 3486 1761 κοινῆς
3511 1691 3664 1763 ἡμῶν
3688 1692 3822 1746 ἐπει

2255 1795 2342 1843 νος
2370 1781 2624 1852 ἐνόσησεν
2649 1782 3014 1846 ἀναστάσεως,
3050 1784 3098 1835 εί
3146 1783 3239 1837 καὶ
3271 1783 3394 1847 τοὺς
3426 1781 3650 1847 πολλοὺς
3683 1783 3819 1836 ὑπο-

588 1870 723 1925 latet
771 1888 784 1924 :
823 1876 878 1923 tu
928 1877 1108 1924 tamen
1139 1908 1154 1933 ,
1205 1870 1251 1924 si
1297 1870 1595 1926 scrutando
1665 1870 1959 1941 perlegeris
2007 1870 2145 1926 illius

2254 1868 2520 1934 λανθάνει,
2554 1871 2687 1925 ἀλλά
2726 1868 2818 1927 οὖν
2862 1873 3043 1937 αὐτὸς,
3081 1874 3177 1927 σὺν
3208 1872 3403 1946 ἐρεύνῃ
3446 1873 3569 1937 τοὺς
3612 1872 3819 1927 ἐκείνου

589 1961 813 2031 scripta,
861 1977 969 2014 non
1002 1962 1182 2016 minus
1236 1976 1357 2016 eum
1381 1960 1659 2016 mortifera
1691 1961 1791 2015 hac
1812 1961 2147 2031 aegritudine,

582 2068 750 2122 quam
790 2052 1115 2108 Arianorum
1142 2053 1355 2110 insania
1384 2054 1719 2109 laborantem
1759 2053 2151 2125 deprehendes.

2256 1961 2444 2031 λόγους
2494 1962 2921 2034 ἀναλεγόμενος,
2966 1964 3114 2017 οὐδὲν
3150 1962 3367 2017 ἔλαττον
3400 1963 3560 2017 αὐτὸν
3591 1962 3669 2034 τῷ
3701 1962 3817 2016 ὀλε-

2257 2052 2391 2125 θρίῳ
2412 2054 2583 2125 τούτῳ
2608 2055 2994 2128 ἀρῤωστήματι
3016 2055 3050 2126 ἢ
3077 2059 3192 2120 ταῖς
3216 2057 3572 2127 Ἀρειανικαίς
3600 2057 3822 2128 μανίαις

2257 2144 2663 2216 κεκρατημένον
2686 2145 2813 2219 ὄψῃ.

1606 2253 1755 2309 Idem
1789 2253 2012 2308 Pltotius
2057 2254 2111 2307 in
2152 2253 2522 2322 Bibliotheca,
2559 2274 2677 2327 cap.
2721 2258 2809 2314 15.

657 2368 804 2426 Lecti
854 2381 982 2427 sunt
1019 2372 1240 2428 Eusebii
1294 2373 1420 2429 libri
1464 2371 1594 2437 duo,
1637 2371 1728 2442 qui
1776 2370 2145 2427 inscribuntur

2330 2364 2684 2437 ‘Avsyvcbaﬂq,
2729 2365 2987 2419 Εὐσεὸίου
3023 2365 3302 2436 Ἑλέγχου
3343 2367 3436 2420 καὶ
3475 2367 3821 2436 Ἀπολογίας

587 2460 897 2531 Confutatia
931 2471 984 2519 et
1009 2463 1286 2534 Apologia.
1316 2462 1446 2519 Item
1477 2463 1633 2519 alteri
1662 2462 1789 2525 duo,
1832 2462 1926 2533 qui
1969 2476 2092 2516 cum
2117 2478 2145 2517 ιι

2256 2451 2402 2524 λόγοι
2426 2455 2538 2509 δύο’
2565 2457 2657 2513 καὶ
2675 2456 2849 2529 ἕτεροι
2874 2456 2986 2520 δύο,
3008 2458 3201 2520 οἵτινες
3220 2457 3355 2530 πρὸς
3375 2457 3500 2522 τοὺς
3524 2457 3819 2529 προτέρους

584 2554 861 2625 prioribus
890 2553 1103 2611 duobus
1131 2555 1384 2611 ditl'erant
1430 2557 1486 2611 in
1528 2555 1853 2627 quibusdam
1892 2556 2046 2621 locis,
2090 2556 2145 2609 in

2250 2553 2362 2616 δύο,
2391 2553 2447 2608 ἐν
2474 2571 2581 2608 τισι
2608 2557 2789 2625 ῥητοῖς
2819 2554 3303 2627 παραλλάσσοντες,
3335 2554 3391 2605 ἐν
3417 2556 3529 2619 τοῖς
3554 2553 3816 2628 ἄλλοιςτῇ

584 2643 831 2715 reliquis,
861 2660 957 2699 seu
986 2645 1145 2700 verba
1176 2662 1270 2701 seu
1299 2661 1518 2701 sensum
1546 2653 1780 2716 spectes,
1806 2645 1969 2699 iidem
1997 2654 2145 2701 sunt.

2251 2660 2309 2696 τε
2336 2642 2474 2709 λέξει
2507 2645 2600 2698 καὶ
2618 2647 2685 2716 τῇ
2715 2644 2921 2716 διανοίᾳ
2940 2646 2988 2697 οἱ
3024 2642 3174 2696 αὐτοί
3208 2644 3358 2696 εἰσιν.
3398 2642 3618 2711 Είσάγει
3655 2643 3714 2698 δὲ
3740 2644 3819 2710 ὡς

582 2734 750 2791 All‘ert
779 2751 906 2791 vero
939 2737 1272 2807 objectiones
1294 2737 1559 2808 quasdam
1586 2737 1851 2791 adversus
1879 2735 2145 2792 sinceram

2250 2734 2358 2787 ἀπὸ
2394 2735 2503 2788 τῶν
2559 2735 2822 2807 Ἑλλήνων
2873 2734 3024 2799 τινὰς
3065 2733 3294 2804 ἀπορίας
3326 2733 3468 2787 κατὰ
3509 2734 3610 2805 τῆς
3660 2735 3816 2805 ἀμω-

583 2836 829 2884 nostram
860 2830 1204 2900 religionem,
1266 2831 1412 2885 velut
1470 2830 1538 2885 ab
1567 2829 1798 2885 ethnicis
1852 2827 2145 2898 prolectas,

2253 2827 2423 2897 μήτου
2467 2826 2761 2899 θρησκείας
2785 2827 2959 2898 ἡμῶν.
2998 2825 3107 2879 Καὶ
3133 2824 3336 2889 ταύτας
3368 2823 3545 2889 καλῶς
3568 2865 3582 2888 ,
3631 2827 3679 2879 εί
3722 2829 3817 2880 καὶ

582 2934 783 2990 easque
805 2929 950 2975 recte
979 2921 1161 2984 solvit,
1187 2922 1312 2976 licet
1341 2937 1446 2975 non
1481 2937 1577 2992 per
1605 2922 1811 2978 omnia.
1843 2921 2145 2977 Dictionem

2254 2917 2327 2988 μὴ
2370 2918 2427 2971 ἐν
2457 2919 2640 2983 πᾶσιν,
2691 2917 2984 2971 ἀπολύεται
3009 2934 3022 2947 ⁸
3058 2916 3172 2988 τὴν
3205 2915 3260 2968 δὲ
3294 2916 3490 2988 φράσιν
3527 2917 3626 2971 οὐκ
3672 2916 3817 2973 ἔστιν

581 3018 797 3088 quidem
824 3018 967 3088 quod
1002 3019 1212 3082 attinet,
1246 3034 1349 3073 nec
1374 3020 1649 3089 jucundus
1676 3027 1760 3075 est
1790 3035 1889 3074 nec
1907 3017 2145 3089 splendi-

2253 3008 2488 3079 οὐδαμοῦ
2517 3007 2641 3062 οὔτε
2674 3009 2803 3079 ἡδὺς
2833 3007 2957 3061 οὔτε
3002 3007 3343 3078 λαμπρότητι
3383 3006 3606 3076 χαίρων.
3639 3005 3815 3059 Πολυ-

581 3109 706 3166 dus.
758 3109 1041 3181 Multiplici
1071 3123 1250 3166 tamen
1288 3110 1537 3167 doctrina
1592 3114 1848 3183 praeditus
1888 3119 1990 3180 est,
2022 3113 2145 3168 licet

2254 3099 2429 3171 μαθὴς
2452 3100 2508 3154 δέ
2537 3104 2680 3155 ἐστιν
2712 3103 2741 3154 ὁ
2766 3099 2923 3171 ἀνὴρ,
2966 3100 3014 3151 εί
3051 3098 3145 3151 καὶ
3181 3096 3277 3170 τὴν
3307 3098 3582 3168 ἀγχίνοιαν
3621 3098 3716 3151 καὶ
3751 3095 3815 3150 τὸ

580 3203 869 3276 prudentia
911 3212 966 3259 et
997 3204 1163 3258 animi
1193 3205 1502 3260 constantia
1543 3212 1596 3261 et
1626 3205 1939 3275 dogmatum
1970 3204 2145 3260 since-

2251 3192 2518 3265 σταθηρὸν
2544 3192 2638 3246 τοῦ
2660 3192 2841 3263 ἤθους,
2870 3190 2945 3254 ὼς
2977 3190 3127 3261 παρά
3159 3191 3258 3261 τὴν
3305 3189 3586 3261 ἀκρίϐειαν
3624 3188 3721 3258 τὴν
3754 3189 3815 3243 ὲν

580 3296 743 3353 ritate
773 3297 953 3352 minus
981 3297 1201 3367 polleat.
1227 3296 1360 3351 Nam
1387 3299 1441 3351 in
1465 3297 1550 3352 his
1573 3298 1734 3351 etiam
1760 3297 1917 3352 libris
1948 3297 2145 3366 saepius

2248 3287 2361 3349 τοῖς
2384 3284 2675 3355 δόγμασιν,
2708 3282 3064 3353 ἐνδεέστερος.
3096 3282 3205 3336 Καὶ
3243 3281 3351 3353 γάρ
3385 3279 3484 3334 κᾶν
3512 3278 3719 3343 τούτοις
3753 3280 3817 3335 ἐν

580 3387 843 3442 adversus
886 3387 1083 3443 Filium
1128 3388 1222 3445 Dei
1260 3375 1641 3459 blasphemare
1698 3387 2142 3458 deprehenditur,

580 3492 816 3547 eumque
883 3479 1178 3534 secundam
1212 3496 1435 3535 causam
1475 3494 1691 3544 vocare,
1744 3487 1802 3535 et
1841 3479 2144 3551 Principem

581 3567 792 3623 militiae
820 3566 1080 3635 ccclestis,
1114 3572 1329 3642 aliaque
1364 3571 1633 3639 ejusmodi
1667 3586 1788 3641 qum
1816 3571 2142 3627 Arianorum

581 3660 810 3715 insaniae
868 3663 1087 3732 pr0pria
1139 3670 1286 3718 sunt.
1350 3661 1577 3718 Constat
1633 3678 1756 3717 eum
1801 3662 2146 3719 Constantini

583 3750 760 3821 Magni
791 3754 1127 3823 temporibus
1160 3752 1431 3818 ﬂoruisse,
1464 3764 1517 3809 et
1539 3754 1680 3810 sacri
1717 3756 1973 3827 martyris
1996 3754 2148 3807 Pam-

580 3841 713 3912 phili
747 3842 1190 3899 ardentissimum
1230 3853 1529 3900 amatorem
1558 3844 1749 3901 fuisse.
1786 3842 1940 3901 Unde
1967 3852 2021 3900 et
2051 3861 2147 3900 eo-

578 3940 927 4001 gnomentum
950 3933 1220 4005 Pamphili
1240 3934 1469 4006 adeptus
1493 3950 1614 3992 esse
1634 3935 1836 3992 dicitur
1860 3952 1889 3991 a
1918 3935 2145 4006 quibus-

577 4023 723 4080 dam.

2252 3374 2464 3437 πολλοῖς
2509 3373 2655 3427 ἔστιν
2693 3373 2854 3426 αὐτὸν
2890 3371 3014 3425 ίδεῖν
3058 3373 3150 3425 τὸν
3193 3371 3320 3424 Υἰὺν
3372 3369 3814 3441 βλασφημοῦντα,

2250 3468 2345 3522 καὶ
2366 3467 2615 3539 δεύτερον
2645 3465 2814 3523 αἴτιον
2855 3465 3154 3531 καλοῦντα,
3211 3466 3302 3519 κα)⁸
3344 3464 3816 3536 ἀρχιστράτηγον,

2250 3559 2345 3612 καὶ
2376 3558 2509 3614 ἄλλα
2533 3556 2653 3611 τινὰ
2684 3557 2782 3626 τῆς
2829 3556 3164 3628 Ἀρειανικῆς
3206 3556 3408 3628 λύσσης
3440 3556 3816 3628 βλαστήματα.

2249 3650 2418 3721 Δῆλον
2457 3650 2513 3705 δὲ
2552 3651 2626 3715 ὡς
2670 3652 2761 3704 ἐπὶ
2804 3650 3223 3704 Κωνσταντίνου⁷
3262 3649 3356 3703 τοῦ
3393 3648 3627 3718 μεγάλου
3659 3641 3821 3714 οὗτος

2249 3743 2476 3815 ἤνθησεο
2520 3744 2707 3812 γέγονε
2747 3742 2802 3795 δὲ
2836 3743 2929 3795 καὶ
2966 3742 3064 3811 τῆς
3099 3741 3379 3812 Παμφίλου
3424 3741 3518 3795 τοῦ
3558 3740 3821 3813 ίερομάρ-

2251 3850 2411 3906 τυρος
2436 3833 2637 3905 ἀρετῆς
2671 3832 2929 3903 διάπυρος
2960 3832 3224 3902 ἐραστής·
3261 3831 3326 3885 δι’
3360 3831 3425 3903 ἢν
3457 3831 3636 3886 αἰτίαν
3679 3830 3817 3900 φασί

2250 3940 2390 3986 τινες
2436 3923 2595 3976 αὐτὸν
2626 3924 2716 3977 καὶ
2750 3922 2849 3993 τῆς
2879 3920 2973 3975 τοῦ
3030 3921 3312 3993 Παμφίλου
3346 3921 3657 3993 ἐπωνυμίας
3683 3937 3816 3993 μετο

2250 4014 2558 4085 εσχηκέναι.

1790 4147 1938 4204 Idem
1976 4147 2192 4204 Pltotius
2223 4148 2275 4203 ίη
2304 4150 2471 4221 capite
2503 4147 2623 4204 127.

646 4248 795 4306 Lecti
828 4259 957 4307 sunt
987 4253 1210 4314 Eusebii
1236 4258 1505 4333 Pamphili
1526 4263 1648 4320 libri
1664 4271 1898 4335 quatuor
1926 4264 2140 4327 Deian-

2329 4263 2663 4337 ’Δνεγνώσθη
2709 4266 2967 4321 Εύσεδίου
3017 4265 3111 4321 τοῦ
3143 4263 3424 4337 Παμφίλου
3472 4268 3506 4338 ή
3549 4268 3629 4330 είς
3654 4267 3815 4321 Κωνο

574 4339 728 4398 dibus
761 4343 885 4413 imp.
908 4343 1265 4405 Constantini.
1289 4351 1583 4410 Continent
1614 4365 1792 4411 autem
1823 4355 1943 4425 ejus
1971 4356 2138 4410 vitam

2248 4361 2519 4412 σταντῖνον
2568 4357 2658 4412 τὸν
2691 4358 2860 4430 μέγαν
2904 4359 3123 4431 βασιλέα
3167 4357 3573 4430 ἐγκωμιαστικὴ
3614 4352 3812 4430 τετρά-

576 4446 793 4491 omnem
820 4436 933 4507 jam
966 4439 1092 4495 inde
1120 4455 1149 4494 a
1182 4442 1437 4511 pueritia.
1472 4452 1526 4501 et
1570 4462 1909 4518 quaecunque
1938 4448 2007 4503 ab
2044 4448 2138 4502 illo

2248 4448 2424 4512 διὸλος
2448 4465 2461 4478 ·
2498 4450 2556 4502 ἐν
2656 4450 2966 4522 περιέχεται
2994 4451 3027 4521 ἦ
3054 4466 3112 4503 τε
3135 4448 3229 4502 τοῦ
3268 4449 3456 4519 ἀνδρὸς
3493 4448 3626 4523 άλλη
3661 4448 3816 4504 πολι-

576 4535 725 4597 gesta
760 4538 888 4586 sunt
932 4530 999 4586 ad
1039 4532 1463 4591 ecclesiasticam
1527 4536 1811 4594 historiam
1859 4541 2136 4610 pertinen.

2248 4538 2355 4593 τεία
2402 4539 2461 4604 ἐξ
2502 4540 2671 4611 αὐτῆς
2719 4540 2940 4613 πρώτης
2987 4541 3196 4612 ἡλικίας
3241 4541 3533 4614 ἀρχομένη,
3560 4541 3654 4595 καὶ
3684 4542 3816 4597 ὅσαι

576 4620 672 4683 tia,
706 4635 877 4693 usque
902 4624 968 4680 ad
1000 4625 1204 4680 exitum
1232 4627 1377 4694 vitae,
1412 4629 1467 4684 id
1499 4639 1583 4687 est
1624 4630 1693 4686 ad
1726 4646 1928 4687 annum
1957 4634 2135 4690 aetatis

2248 4631 2375 4703 πρὸς
2400 4632 2499 4704 τὴν
2530 4632 2982 4706 ἐκκλησιαστικὴν
3033 4634 3271 4705 ἱστορίαν
3318 4633 3628 4688 συντελοῦσι
3665 4634 3814 4707 πρά.

573 4718 829 4799 quartum
872 4722 927 4770 et
964 4715 1385 4786 sexagesimum.
1423 4717 1520 4775 Est
1569 4730 1750 4777 autem
1782 4721 2048 4782 Eusebius
2079 4726 2135 4780 in

2248 4722 2347 4790 ξεις
2383 4725 2572 4797 μέχρις
2612 4720 2673 4781 οὗ
2697 4725 2788 4780 τὸν
2831 4726 2940 4798 βίον
2970 4726 3255 4790 ἀπέλιπεν,
3287 4728 3366 4790 είς
3397 4727 3685 4799 ἑξηκοστὸν
3710 4728 3811 4782 καὶ

575 4790 681 4850 hoc
716 4798 878 4853 etiam
919 4818 1082 4873 opere
1111 4804 1268 4875 plane
1298 4806 1382 4861 sui
1404 4807 1599 4867 similis
1639 4810 1694 4866 in
1720 4811 1992 4870 dicendo:
2026 4815 2135 4872 nisi

573 4886 720 4960 quod
745 4892 989 4948 nonnihil
1020 4896 1087 4951 ad
1125 4897 1468 4968 splendorem
1517 4902 1756 4976 assurgit
1784 4904 1903 4975 ejus
1937 4908 2133 4976 oratio,

570 4990 629 5041 ct
655 4984 838 5040 verbis
870 4985 1137 5063 interdum
1170 4991 1597 5061 elegantioribus
1643 4998 1834 5054 utitur.
1865 4997 2137 5069 Venusta-

572 5074 643 5131 tis
676 5074 894 5146 quidem
922 5083 975 5131 et
1005 5082 1189 5149 gratiae
1218 5098 1329 5138 non
1382 5085 1609 5141 multum
1662 5097 1884 5160 apparet
1928 5091 1982 5147 in
2033 5092 2137 5149 hoc

572 5178 757 5237 Opere,
786 5169 929 5223 sicut
960 5183 1060 5225 nec
1085 5171 1139 5227 in
1166 5175 1378 5232 caeteris
1405 5176 1527 5247 ejus
1558 5179 1734 5236 libris.
1766 5180 1937 5238 Porro
1965 5184 2020 5239 in
2048 5185 2134 5242 his

569 5264 807 5328 quatuor
835 5259 991 5316 libris
1018 5261 1246 5330 plurima
1285 5269 1402 5324 loca
1445 5268 1636 5326 inserit
1661 5287 1726 5328 ex
1758 5271 2135 5331 Ecclesiastica

568 5346 745 5417 ipsius
775 5347 1001 5405 historia
1050 5356 1334 5414 translata.
1366 5356 1433 5411 Et
1467 5359 1884 5417 Constantinum
1914 5363 2133 5434 quidem

570 5437 823 5512 Magnum
869 5442 1197 5501 Nicomedia:
1241 5449 1568 5520 baptizatum
1608 5468 1730 5511 esse
1778 5456 1951 5525 dicit,
2006 5472 2131 5513 cum

569 5528 638 5583 ad
678 5530 732 5585 id
752 5546 926 5603 usque
955 5538 1216 5607 temporis
1245 5538 1573 5610 baptismum
1595 5544 1921 5615 distulisset,
1967 5557 2027 5605 ut
2076 5548 2131 5603 in

567 5616 828 5688 Iordane,
866 5626 1325 5695 quemadmodum
1354 5631 1410 5687 in
1428 5636 1571 5693 votis
1601 5636 1856 5704 habebat,
1885 5640 2132 5712 baptiza-

570 5721 740 5769 retur.
787 5714 923 5783 Quis
953 5733 1080 5776 vero
1122 5720 1274 5777 illum
1320 5723 1646 5797 baptizarit,
1695 5730 2022 5790 dissimulat.
2059 5732 2132 5790 De

570 5804 777 5864 Ariaaa
811 5809 1034 5883 insuper
1071 5813 1264 5874 haeresi
1297 5816 1436 5875 nihil
1464 5831 1648 5885 aperte
1701 5833 2127 5883 commemorat:

2236 4817 2489 4889 τέταρτον
2530 4819 2907 4890 παραταθέντα
2949 4820 3158 4891 χρόνον.
3197 4820 3351 4872 Ἐστι
3388 4818 3485 4890 μὲν
3526 4814 3618 4872 οῦν
3672 4819 3809 4872 atav-

2235 4909 2406 4963 ταῦθα
2433 4909 2527 4981 τὴν
2557 4910 2753 4981 φράσιν
2777 4911 2956 4981 ὅμοιος
2977 4910 3173 4982 ἐαυτῷ,
3204 4909 3338 4982 πλὴν
3369 4910 3561 4981 μικρόν
3593 4926 3642 4961 τι
3665 4909 3809 4982 πρὸς

2234 5000 2294 5053 τὸ
2316 5000 2688 5073 λαμπρότερον
2718 5000 3064 5055 ὲκδεὸίασται
3086 5000 3235 5072 αύτῷ
3253 5002 3281 5053 ὁ
3302 5000 3474 5069 λόγος,
3504 5002 3599 5054 καὶ
3628 4998 3810 5065 λέξεις

2236 5092 2315 5153 είς
2343 5091 2403 5145 τὸ
2432 5091 2791 5165 ἀνθηρότερον
2822 5091 3034 5161 ἐνιαχοῦ
3069 5089 3503 5162 συνελήφθησαν
3540 5089 3637 5159 τῆς
3672 5088 3809 5159 μέν-

2226 5164 2315 5235 τοι
2357 5183 2496 5237 κατὰ
2546 5182 2644 5255 τὴν
2690 5183 2979 5254 ἑρμηνείαν
3012 5183 3203 5254 ἡδονῆς
3245 5182 3339 5236 καὶ
3387 5180 3605 5252 χάριτος
3653 5178 3809 5233 οὐδὲν

2237 5274 2401 5343 μέγα,
2431 5273 2618 5342 ὥσπερ
2650 5274 2766 5328 οὐδὲ
2800 5277 2855 5329 ἐν
2884 5277 2994 5338 τοῖς
3019 5273 3213 5336 ἄλλοις,
3241 5272 3580 5344 ἐμφαίνεται.
3615 5272 3805 5325 Κατα-

2235 5365 2532 5437 στρὼννυσι
2550 5368 2607 5421 δὲ
2624 5370 2681 5422 ἐν
2703 5366 2869 5440 ταύτῃ
2904 5366 3067 5420 αὐτοῦ
3089 5370 3154 5439 τῇ
3201 5364 3531 5439 τετραόίὸλῳ
3547 5362 3805 5435 πάμπολ-

2232 5458 2299 5513 λα
2324 5458 2499 5530 χωρία
2522 5458 2580 5526 ἐξ
2609 5445 2899 5529 ὁλοκλήρου
2936 5458 3036 5529 τῆς
3076 5453 3615 5526 Ἐκκλησιαστικῆς
3636 5452 3804 5508 αὐτοῦ

2230 5549 2521 5617 δεκαλόγου
2554 5550 2863 5618 Ἱστορίας.
2899 5550 3060 5619 Λέγει
3101 5550 3196 5620 μὲν
3239 5545 3330 5605 οὖν
3367 5548 3460 5603 καὶ
3493 5548 3653 5603 αὐτὸν
3675 5586 3691 5611 ,
3741 5549 3805 5602 ὲν

2232 5642 2565 5715 Νικομηδείᾳ
2612 5641 2701 5695 τὸν
2754 5641 2924 5712 μέγαν
2974 5634 3375 5696 Κωνσταντῖνον
3414 5639 3799 5714 βαπτίσασθαι,

2237 5736 2396 5809 μέχρι
2444 5734 2563 5790 τότε
2616 5734 2678 5789 τὸ
2721 5733 2942 5808 λουτρὸν
2988 5735 3416 5808 ἀναϐαλλόμενον
3436 5776 3450 5802 ,
3506 5734 3601 5791 an
3631 5733 3697 5806 δὴ
3738 5735 3799 5788 ἐν

2236 5827 2494 5903 ἐπιθυμίᾳ
2529 5826 2847 5891 ποιούμενον
2902 5827 2959 5881 ἐν
3004 5829 3115 5891 τοῖς
3161 5826 3419 5891 Ἰορδάνου
3466 5826 3527 5881 τὺ
3575 5824 3800 5895 λουτρὸν
