4060 6244
170 434 243 492 es
1036 419 1371 485 vsrsnun
1405 396 1826 483 τεδτιιιοΝιΑ
1863 413 2141 479 CONTRA
2177 387 2569 478 sesamum
3339 417 3405 475 at

173 549 536 622 ὐποδέξασθαι
556 568 568 581 ·
595 548 679 613 τίς
703 538 759 601 δὲ
782 538 810 601 ό
839 542 1127 618 βαπτίσας,
1147 544 1299 599 οὐδὲν
1325 543 1594 614 διασαφεῖ.
1616 536 1751 614 Περὶ

1870 555 1952 596 nec
1982 546 2165 594 utrum
2201 540 2317 610 ipse
2343 539 2393 593 ei
2424 536 2713 607 aliquando
2772 535 3082 601 adhaeserit,
3129 549 3229 592 nec
3256 539 3403 608 quod

175 649 431 722 μέντοιγε
476 644 573 715 τῆς
633 640 973 713 Ἀρειανικῆς
1043 639 1305 711 αἱρέσεως
1362 636 1515 691 οὐδὲν
1580 634 1748 704 σαφὲς

1870 646 1967 687 eam
2001 632 2278 702 abiecerit.
2314 629 2420 686 Sed
2445 645 2621 700 neque
2648 640 2795 685 recte
2831 644 2899 684 ne
2928 644 2998 683 an
3031 643 3191 684 secus
3220 644 3405 686 sense-

170 740 532 811 ἁπαγγέλλει,
563 733 673 789 οὐδ’
704 735 751 787 εἰ
771 733 869 804 τῆς
894 731 1049 804 δόξης
1074 728 1288 799 ἐκείνης
1311 728 1504 800 εἴχετο,
1538 726 1644 783 οὐδ’
1668 726 1748 780 ὅτι

175 829 601 905 μεταϐέϐληται,
625 825 739 879 ἀλλ’
763 822 869 877 οὐδ’
895 823 977 876 ὅτι
1006 820 1220 891 φαύλως
1306 819 1479 889 ὀρθῶς
1504 815 1749 882 ἐδόξαζεν

176 922 436 991 ’Δρειος,
492 914 698 984 καίπερ
745 910 991 981 ἀνάγκην
1042 910 1179 980 ἒχων
1226 910 1284 961 ἐν
1340 908 1525 978 μνήμῃ
1578 905 1750 959 ταῦτα

177 1008 536 1085 ποιήσασθαι,
566 1008 661 1062 ἀτε
685 1006 749 1078 δὴ
776 1005 920 1076 μέγα
964 1004 1127 1075 μέρος
1153 998 1451 1072 ἐπεχούσης
1484 1001 1581 1072 τῆς
1625 1017 1750 1054 συν-

173 1106 426 1164 όδουτῶν
450 1103 546 1158 τοῦ
573 1100 807 1174 μεγάλου
840 1096 1087 1169 πράξεων
1107 1095 1532 1159 Κωνσταντίνου,
1562 1094 1751 1148 κάκεία

177 1217 280 1272 νης
306 1198 471 1253 πάλιν
506 1190 899 1262 ἐξαπαιτούσης
933 1190 1030 1261 τὴν
1072 1188 1199 1260 περὶ
1247 1188 1450 1242 τούτων
1490 1185 1753 1257 λεπτομε-

183 1293 459 1368 ρεστάτην
503 1286 742 1359 ἱστορίαν
766 1302 779 1314 ο
830 1282 967 1336 ἀλλά
1001 1281 1186 1335 στάσιν
1223 1280 1320 1351 μὲν
1362 1282 1619 1351 ἐμπεσεῖν
1652 1295 1750 1349 με-

180 1384 324 1452 ταξὺ
361 1380 570 1453 Ἀρείου
599 1374 691 1432 καὶ
725 1374 1069 1446 Ἀλεξάνδρου
1118 1371 1246 1444 (τὴν
1275 1372 1482 1444 αἵρεσιν
1521 1370 1583 1443 δὴ
1610 1370 1751 1423 οὕτω

179 1475 368 1546 λέγων
396 1474 489 1528 καὶ
528 1468 1005 1543 ὑποκρυπτόμενος
1042 1463 1439 1534 ἀποφαίνεται),
1471 1463 1564 1517 ἐπί
1595 1479 1654 1515 τε
1684 1462 1750 1532 τῇ

181 1566 380 1619 στάσει
414 1564 530 1616 λίαν
567 1558 802 1628 ἀλγῆσαι
834 1557 924 1610 τὸν
960 1553 1178 1625 θεοφιλῆ
1213 1551 1453 1623 βασιλέα,
1483 1550 1576 1603 καὶ
1612 1549 1755 1617 ἀγω-

179 1656 437 1713 νίσασθαι
472 1653 561 1708 διά
603 1667 663 1704 τε
696 1646 1027 1712 ἐπιστολῶν,
1075 1645 1164 1699 διά
1206 1661 1264 1698 τε
1296 1643 1389 1697 τοῦ
1442 1640 1651 1705 Ὀσίου,
1696 1638 1755 1702 ὃς

180 1747 500 1822 Κορδούϐης
535 1742 864 1804 ἐπεσκόπει,
897 1742 976 1802 είς
1023 1737 1201 1808 φιλίαν
1246 1734 1341 1788 καὶ
1378 1733 1756 1805 ὀμόνοιαν⁹συ-

182 1838 377 1905 ζεῦξαι
401 1839 463 1891 τὸ
489 1832 796 1899 στασιάζον,
829 1833 925 1903 τῆς
958 1829 1093 1903 πρὸς
1134 1826 1392 1897 ἀλλήλους
1441 1824 1615 1895 ἔριδος
1654 1825 1757 1893 ἀφ-

1849 726 1922 780 rit
1964 723 2147 793 Arius,
2189 737 2422 793 usquam
2461 720 2665 787 refert;
2700 719 2919 776 tametsi
2951 719 3065 774 haec
3096 719 3407 775 necessario

1850 814 2327 871 commemoranda
2356 819 2573 877 essent,
2608 812 2805 882 quippe
2845 826 2966 865 cum
2997 809 3215 864 Nicmna
3244 824 3409 880 synoo

1854 906 1960 962 dus
2003 905 2146 961 inter
2175 920 2262 960 res
2290 920 2320 957 a
2348 902 2710 959 Constantino
2752 909 2934 973 gestas
2969 900 3301 971 praecipuum
3331 899 3413 953 lo-

1851 1014 1976 1055 cum
2008 998 2271 1060 obtineat,
2297 1005 2350 1051 et
2377 993 2577 1064 alioqui
2595 992 2998 1048 exactissimam
3021 990 3189 1045 totius
3210 989 3411 1059 negotii

1856 1091 2230 1147 narrationem
2263 1088 2381 1157 ipsa
2407 1102 2507 1142 suo
2536 1070 2772 1156 quodam
2805 1083 2927 1153 jure
2960 1081 3205 1153 ﬂagitare
3230 1078 3413 1135 videa—

1853 1194 1961 1241 tur.
1996 1183 2196 1240 Verum
2222 1182 2312 1238 ille
2335 1179 2732 1237 dissensionem
2767 1175 2982 1247 quidem
3008 1177 3150 1230 inter
3180 1172 3415 1227 Alexan-

1854 1277 2011 1332 drum
2036 1285 2088 1333 et
2120 1276 2307 1331 Arium
2338 1282 2578 1329 exortam
2603 1268 3107 1337 commemoraHSic
3133 1266 3277 1322 enim
3306 1264 3417 1320 hm-

1854 1371 2020 1427 resim
2079 1366 2273 1423 callide
2301 1371 2355 1421 et
2387 1363 2794 1420 dissimulanter
2826 1359 3116 1431 appellat).
3146 1357 3322 1427 Atque
3346 1356 3417 1412 ob

1856 1464 2001 1519 hunc
2030 1460 2319 1515 tumultum
2350 1456 2672 1530 gravissimo
2699 1455 2885 1510 dolore
2906 1453 3154 1509 allectum
3188 1463 3310 1509 es$e
3332 1468 3418 1508 re-

1854 1553 2263 1624 ligiosissimum
2293 1551 2591 1620 principem
2619 1557 2706 1612 ;et
2735 1556 2846 1601 tum
2873 1562 2966 1615 per
2991 1544 3416 1614 epistolam,tum

1858 1662 1953 1717 per
1981 1644 2207 1700 Hosium
2232 1641 2640 1697 Cordubensem
2685 1638 2999 1709 episcopum
3030 1637 3328 1701 laborasse,
3360 1639 3422 1690 ut

1858 1747 2041 1808 partes
2065 1738 2204 1791 inter
2229 1750 2287 1791 se
2321 1732 2652 1789 dissidentes
2679 1730 2746 1786 ad
2776 1746 2963 1801 pacem
2986 1737 3039 1785 et
3072 1728 3420 1785 concordiam

1858 1829 2161 1892 reduceret,
2186 1827 2331 1881 omni
2358 1825 2427 1880 de
2454 1820 2765 1893 hujusmodi
2783 1822 3173 1893 quaestionibus
3194 1828 3421 1874 conten-

180 1932 420 2005 ιμένους
446 1927 665 1984 καὶτῶν
681 1926 925 1982 τοιούτων
938 1910 1231 1996 ζητήσεων.
1258 1919 1346 1983 Ὠς
1366 1919 1410 1972 δ’
1435 1919 1534 1973 οὐκ
1558 1916 1758 1980 ἔπειθε,

1870 1921 2009 1975 tione
2036 1919 2303 1990 deposita.
2333 1916 2439 1973 Sed
2473 1933 2593 1975 cum
2624 1915 2951 1986 persuadere
2980 1916 3059 1969 eis
3088 1928 3196 1966 non
3221 1908 3425 1981 potuis-

189 2000 415 2078 σύνοδον
462 2018 790 2090 πανταχόθεν
826 2016 1098 2087 ἀθροῖσαι,
1151 2011 1245 2067 καὶ
1288 2010 1386 2083 τὴν
1418 2008 1760 2081 ἐμπεσοῦσαν

1870 2022 1967 2076 set,
1998 2012 2265 2083 synodum
2280 2008 2519 2080 undique
2539 2022 2892 2070 convocasse,
2913 2016 2964 2061 et
2997 2004 3174 2075 sepito
3186 2000 3422 2056 tumultu

188 2114 319 2187 ἔριν
347 2113 427 2177 είς
453 2088 671 2185 εἰρήνην
694 2105 1057 2162 διαλύσασθαι.
1089 2105 1165 2159 Οὐ
1205 2105 1310 2175 μὴν
1335 2105 1413 2166 είς
1437 2100 1498 2155 τὸ
1540 2099 1762 2171 ἀκριϐὲς

1870 2118 2050 2175 pacem
2085 2100 2415 2157 restituisse.
2440 2098 2643 2153 Verum
2668 2097 2783 2152 haec
2820 2095 2887 2151 ab
2916 2095 3009 2149 illo
3037 2088 3309 2148 nonsatis
3334 2104 3425 2144 ac-

188 2186 292 2262 καὶ
315 2205 567 2277 ἐπίδηλον
588 2200 956 2273 ἀναγράφεται
975 2215 989 2229 ·
1015 2190 1167 2260 οὗτος
1191 2193 1283 2251 οὖν
1306 2194 1493 2266 ὥσπερ
1515 2195 1762 2264 αίσχυνο·

1870 2206 2052 2252 curate
2077 2203 2131 2263 et
2169 2200 2351 2263 aperte
2384 2192 2693 2246 traduntur.
2727 2188 2959 2244 Prorsus
2991 2186 3132 2241 enim
3167 2193 3423 2254 tanquam

192 2301 343 2372 μένῳ
365 2276 578 2362 ἐοικὼς,
613 2295 706 2350 καὶ
731 2294 805 2367 μὴ
830 2291 1135 2364 βουλομένῳ
1161 2289 1501 2363 δημοσιεύειν
1523 2289 1759 2360 Ἀρειον,

1870 2290 2070 2362 pudore
2116 2287 2376 2350 suﬂ‘usus,
2420 2298 2519 2339 nec
2555 2282 2668 2336 Arii
2700 2283 3029 2352 impietatem
3066 2276 3281 2348 publice
3310 2282 3425 2328 tra-

187 2362 296 2460 τήν
315 2362 377 2442 τε
402 2388 501 2457 τῆς
530 2362 744 2440 συνόδου
777 2362 1199 2454 ἐξενηνεγμένην
1216 2362 1347 2436 κατ’
1371 2378 1535 2434 αὐτοῦ
1561 2379 1759 2450 ψῆφον,

1870 2382 2062 2437 ducere
2096 2378 2345 2450 cupiens,
2395 2385 2510 2431 tum
2546 2362 2740 2446 synodi
2796 2370 3119 2428 sententiam
3166 2367 3428 2423 adversus

190 2480 293 2535 καὶ
322 2480 429 2533 τῶν
459 2475 939 2550 συνασεϐησάντων
978 2473 1146 2543 αὐτῷ,
1197 2473 1291 2526 καὶ
1325 2468 1762 2537 συνεξωσθέντων

1870 2473 2055 2530 Arium
2109 2471 2398 2543 prolatam,
2432 2477 2547 2522 tum
2591 2481 2779 2522 eorum
2820 2465 2911 2535 qui
2946 2460 3238 2533 impietatis
3280 2458 3429 2513 illius

188 2566 296 2639 τὴν
324 2565 534 2620 δικαίαν
575 2560 888 2632 εἴσπραξιν·
924 2560 983 2612 οὐ
1038 2559 1141 2629 μὴν
1173 2556 1286 2610 ἀλλ’
1322 2557 1441 2610 οὺδέ
1482 2556 1549 2627 ῆν
1582 2554 1764 2609 θεόθεν

1870 2564 2000 2622 socii
2026 2570 2080 2619 et
2115 2563 2170 2617 in
2205 2561 2457 2615 exsilium
2478 2558 2641 2614 simul
2669 2556 2883 2627 expulsi
2913 2554 3128 2609 fuerant
3184 2549 3431 2621 justissi-

191 2636 308 2719 πάς
347 2652 619 2724 ὀφθαλμὸς
660 2644 797 2703 εἶδεν
848 2646 1051 2700 ἔνδικον
1084 2646 1315 2717 ’Ἀρείου
1360 2641 1762 2713 καταστροφὴν,

1870 2668 2009 2707 mam
2039 2651 2297 2706 ultionem
2323 2692 2339 2715 ,
2360 2647 2493 2703 illud
2519 2646 2754 2716 denique
2776 2644 2993 2699 caelitus
3021 2639 3284 2695 inflictum
3300 2636 3431 2691 Ario

190 2744 351 2800 οὐδὲν
364 2742 565 2796 τούτων
600 2742 746 2810 ἄγων
778 2741 856 2803 είς
893 2736 1027 2808 φῶς,
1056 2737 1155 2807 τήν
1173 2752 1232 2788 τε
1264 2735 1390 2806 περὶ
1409 2734 1507 2805 τῆς
1551 2732 1764 2787 συνόδου

1870 2745 2092 2801 exitium
2127 2741 2274 2814 quod
2319 2740 2561 2795 omnium
2593 2736 2907 2807 conspectui
2943 2733 3247 2802 subjectum
3304 2727 3428 2793 fuit.

199 2838 301 2893 καὶ
317 2837 429 2890 τῶν
450 2837 507 2889 ἐν
528 2836 664 2906 αὐτῇ
688 2833 1032 2906 πραχθέντων
1045 2829 1279 2901 ἱστορίαν
1301 2828 1634 2903 παρέδραμε.
1674 2828 1766 2881 Διὸ

1870 2835 2049 2892 sciens
2074 2833 2448 2904 praetermisit:
2484 2846 2582 2886 nec
2606 2828 2891 2884 historiam
2927 2823 3122 2897 synoch
3155 2834 3352 2890 resque
3373 2817 3431 2873 in

195 2928 300 2985 καὶ
323 2929 452 3000 περὶ
480 2927 572 2981 τοῦ
597 2926 874 2980 θεσπεσίου
892 2922 1181 2978 Εὑσταθίου
1212 2921 1415 2992 μέλλων
1446 2920 1763 2991 διηγεῖσθαι,

1870 2942 1929 2983 ca
1958 2935 2138 2998 gestas
2175 2922 2642 2981 commemoravit.
2682 2918 2819 2975 Hinc
2841 2918 3004 2973 etiam
3036 2922 3121 2971 est
3144 2913 3430 2984 quodcum

2173 3018 2179 3019 ,
2228 3016 2236 3019 -
2360 3014 2399 3019 _
2554 3013 2605 3019 ._
2829 3010 2840 3019 .
3026 3016 3035 3019 ,
3186 3004 3217 3019 ..
3256 3009 3271 3019 .
3346 2998 3399 3019 λ,

197 3013 326 3075 οὔτε
364 2998 459 3074 τοῦ
506 3019 764 3091 ὀνόματος
808 3018 1104 3090 μέμνηται,
1135 3016 1241 3069 οὐδ’
1274 3014 1336 3087 [ι.
1371 3012 1619 3095 οὔθ’]ὅσα
1642 3011 1767 3085 περὶ

1870 3035 1933 3075 ea
1966 3035 2086 3090 quae
2132 3016 2317 3072 divino
2360 3013 2645 3070 Eustathio
2696 3010 3081 3081 contigerunt,
3114 3004 3277 3061 vellet
3337 2998 3435 3077 de:

200 3113 368 3169 αὐτὸν
400 3111 670 3184 ἐτολμήθη
707 3112 800 3164 καὶ
840 3112 918 3174 είς
953 3109 1110 3182 ἔργον
1142 3108 1481 3180 ἀποϐέϐηκεν
1501 3124 1514 3138 ⁸
1548 3106 1660 3160 ἀλλ’
1689 3106 1767 3169 είς

1871 3114 2132 3177 scribere,
2167 3126 2234 3165 ne
2263 3114 2459 3164 nomen
2508 3104 2726 3177 quidem
2752 3103 2870 3173 ejus
2899 3099 3116 3163 retulit,
3159 3112 3258 3151 nec
3288 3109 3435 3165 qure-

203 3208 401 3263 στάσιν
425 3205 520 3258 καὶ
553 3202 785 3275 ταραχὴν
810 3202 1024 3271 ἀνάγων
1048 3202 1141 3255 καὶ
1163 3199 1356 3265 ταῦτα,
1384 3197 1643 3271 γαληνίας
1674 3197 1767 3251 καὶ

1871 3220 2086 3275 cunque
2137 3203 2398 3257 adversus
2425 3197 2574 3253 illum
2612 3194 2818 3250 nefarie
2846 3191 3155 3261 excogitata
3194 3192 3322 3242 sunt
3369 3198 3434 3239 ac

204 3300 377 3356 πάλιν
405 3296 637 3365 ἐπιλέγει
659 3296 986 3359 ἐπισκόπων,
1012 3292 1153 3347 κατά
1173 3293 1268 3365 τὴν
1296 3292 1621 3363 Ἀντιόχειαν
1643 3308 1767 3344 συν-

1872 3303 2204 3373 perpetrata,
2236 3293 2333 3351 sed
2363 3292 2685 3353 seditionem
2726 3302 2791 3343 ac
2812 3284 3100 3342 tumultum
3131 3276 3436 3335 Antiochia:

203 3386 619 3463 δεδραμηκότων
681 3385 876 3458 σπουδῇ
914 3384 1174 3456 βασιλέως
1219 3384 1312 3440 καὶ
1355 3386 1648 3458 συνεργίᾳ,
1678 3383 1772 3437 καὶ

204 3476 268 3538 τὸ
304 3479 588 3546 στασιάζον
627 3480 717 3534 κα)⁵
750 3483 1145 3554 ταραττόμενον
1175 3480 1255 3545 είς
1287 3478 1348 3533 τὸ
1376 3480 1645 3551 εἰρηναῖόν
1674 3494 1772 3548 με-

205 3572 639 3644 ταϐεϐληκότων.
684 3571 912 3642 Ὁμοίως
952 3572 1008 3627 δὲ
1039 3573 1131 3627 καί¹
1183 3575 1241 3626 ἐν
1288 3567 1369 3636 οἷς
1407 3574 1436 3625 ό
1476 3570 1773 3634 πολύαθλος

204 3662 583 3739 ισκαωρήΰηρ
622 3660 969 3727 Ἀθανάσιος,
1020 3664 1099 3727 είς
1154 3662 1326 3717 ταῦτα
1380 3662 1478 3734 τὴν
1536 3658 1774 3732 ἱστορίαν

204 3760 455 3833 ὁρμήσας
482 3758 788 3825 ἐπαφεῖναι,
818 3755 1056 3819 στάσεως
1093 3755 1189 3826 μὲν
1218 3752 1592 3825 ἐμπλησθῆναι
1616 3751 1775 3804 πάλιν

209 3851 306 3905 καὶ
338 3849 578 3921 ταραχῆς
605 3848 703 3922 τὴν
750 3846 1145 3920 Ἀλεξάνδρειαν
1182 3848 1418 3917 λέγεται,
1456 3845 1549 3901 καὶ
1576 3839 1776 3917 ταύτην

209 3941 556 4013 πραῦνθῖψαι
574 3938 881 3996 ἐπισκόπων
908 3937 1196 4012 παρουσίᾳ,
1213 3941 1310 4011 τὴν
1332 3936 1611 4009 βασιλικὴν
1636 3934 1779 4008 ἐχόν-

208 4050 323 4089 των
349 4034 685 4104 συμμαχίαν*
722 4032 841 4088 οὒτε
869 4033 926 4086 δὲ
955 4032 1040 4097 τίς
1070 4024 1138 4102 ἦν
1173 4029 1495 4093 στασιάζων,
1520 4027 1628 4081 οὐδ’
1656 4028 1776 4098 ἥτις

210 4129 242 4198 ή
282 4124 497 4190 στάσις,
522 4126 567 4196 ,ἢ
598 4125 651 4179 τί
688 4126 782 4179 καὶ
825 4123 1129 4196 πράξαντες
1172 4121 1268 4193 τὴν
1320 4117 1434 4192 ἔριν
1479 4118 1775 4190 ἐπράΰναν,

213 4219 322 4274 οὐδ’
356 4217 494 4281 ὅλως
536 4219 763 4271 ποιεῖται
791 4214 1040 4287 ἐπίδηλον
1060 4231 1072 4244 ·
1102 4213 1194 4267 καὶ
1225 4207 1427 4284 σχεδὸν,
1467 4212 1522 4266 ἐν
1547 4204 1628 4275 οἷς
1655 4211 1777 4263 ἐπι-

217 4313 441 4387 σκόπων
462 4310 596 4382 πρὸς
624 4305 882 4380 ἀλλήλους
912 4303 1230 4377 φιλονεικίαι
1266 4303 1391 4374 περὶ
1414 4301 1716 4373 δογμάτων,
1743 4298 1777 4370 ἢ

216 4406 342 4479 περί
363 4420 526 4458 τινων
547 4400 723 4457 ἄλλων
753 4394 1039 4469 διαφωνίαι
1070 4395 1344 4466 γεγόνασι,
1370 4394 1459 4449 τὸν
1490 4394 1651 4449 αὐτὸν
1682 4393 1779 4464 τῆς

219 4495 566 4568 ἐπικρύψεως
599 4493 656 4546 ἐν
687 4491 753 4564 τῇ
789 4490 1038 4563 διηγήσει
1058 4484 1226 4541 τύπον
1251 4486 1617 4556 διαφυλάττει.

1871 3371 2148 3444 exstitisse
2180 3386 2468 3454 postquam
2496 3379 2668 3445 dixit,
2697 3393 2821 3433 mox
2858 3371 3305 3443 tranquillitatem
3346 3382 3436 3422 re.

1871 3479 2113 3534 stitutam
2137 3490 2260 3531 esse
2283 3473 2488 3537 subdit,
2523 3468 2797 3541 episcopis
2813 3464 3159 3537 imperatoris
3180 3474 3347 3531 opera
3370 3472 3437 3513 ac

1874 3570 2055 3635 studio
2081 3570 2208 3623 illuc
2238 3563 2689 3623 convenientibus
2713 3603 2729 3629 ,
2759 3576 2855 3632 per
2903 3572 3042 3628 quos
3072 3553 3233 3610 turba
3258 3549 3439 3607 omnis

1873 3676 1938 3715 ac
1955 3661 2147 3717 seditio
2168 3660 2221 3713 in
2245 3654 2746 3728 tranquillissimam
2775 3664 2961 3722 pacem
2982 3657 3066 3703 est
3084 3648 3436 3700 commutata.

1878 3752 2141 3807 Similiter
2169 3749 2259 3804 ubi
2290 3745 2662 3802 narrationem
2707 3740 2945 3796 instituit
2979 3737 3047 3792 de
3096 3735 3165 3790 iis
3192 3746 3313 3803 qua:
3341 3728 3440 3784 ad-

1875 3858 2068 3900 versus
2097 3840 2457 3895 fortissimum
2475 3839 2625 3892 illum
2656 3832 3011 3889 Athanasium
3030 3826 3274 3898 improbe
3291 3836 3440 3877 com-

1876 3941 2065 4005 parata
2093 3938 2240 3995 sunt,
2265 3930 2532 3985 seditione
2553 3925 2771 3998 quidem
2791 3938 2853 3977 ac
2887 3919 3124 3975 tumultu
3160 3913 3436 3984 impletam

1878 4028 2074 4082 iterum
2104 4022 2490 4079 Alexandriam
2533 4018 2698 4073 refert
2723 4034 2737 4072 :
2779 4011 2875 4070 sed
2900 4025 3020 4067 eam
3050 4007 3435 4077 episcoporum

1877 4117 2166 4190 praesentia
2207 4121 2261 4171 et
2305 4111 2653 4184 imperataris
2703 4105 2908 4161 auxilio
2963 4100 3204 4157 sedatam
3243 4094 3435 4149 fuisse.

1878 4211 2063 4280 Neque
2089 4208 2308 4264 interim
2337 4205 2462 4276 quis
2481 4201 2745 4258 seditione
2768 4190 3140 4253 concitaverit,
3173 4192 3267 4242 aut
3290 4195 3438 4280 quat-

1880 4271 2005 4358 nam
2035 4301 2127 4356 illa
2155 4271 2558 4357 seditio-fuerit,
2594 4306 2770 4362 neque
2796 4303 2905 4358 quo
2935 4291 3095 4356 pacto
3143 4277 3330 4335 sedata
3372 4271 3442 4327 ab

1879 4394 2154 4467 episcopis
2216 4391 2411 4454 fuerit,
2455 4390 2726 4443 ullatenus
2783 4379 3022 4452 exponit.
3059 4376 3136 4429 Ac
3165 4372 3282 4467 fere
3304 4379 3445 4438 quov

1884 4490 2204 4557 tiescunque
2253 4484 2631 4555 episcoporum
2686 4481 2904 4530 mutuas
2956 4470 3095 4525 inter
3134 4479 3193 4520 se
3232 4460 3444 4516 dissen.

216 4556 405 4645 siones
431 4556 499 4642 de
514 4586 638 4641 fidei
667 4556 957 4656 capitibus,
978 4580 1153 4636 autde
1178 4580 1299 4635 aliis
1320 4581 1484 4636 rebus
1533 4581 1912 4639 contentiones
1941 4597 2005 4637 ac
2049 4556 2339 4637 discordize
2361 4574 2745 4645 exstiterunt,
2779 4563 3028 4624 eumdem
3082 4558 3175 4613 ille
3210 4556 3268 4611 in
3310 4560 3441 4608 nar.

221 4681 390 4738 rando
420 4687 601 4737 servat
622 4674 1004 4735 dissimulandi
1032 4676 1275 4731 modum.

888 4832 1128 4897 Joannes
1158 4840 1398 4898 Zonaras
1423 4844 1630 4900 inlomo
1643 4838 1867 4913 Ill,ufn'
1893 4858 1976 4897 res
2008 4848 2181 4913 gestas
2218 4832 2557 4895 Constantini
2588 4830 2766 4902 refert.

291 5002 401 5060 Ἦν
434 5006 489 5060 δέ
531 5005 654 5060 τότε
690 5002 799 5058 τῶν
824 5002 893 5056 τά
933 5003 1140 5075 Ἀρείου
1189 5001 1593 5073 πρεσϐευόντων
1624 5002 1719 5056 καλ⁵
1751 5003 1767 5056 ί

1954 4994 2071 5051 Arii
2118 5001 2321 5049 sectam
2353 4997 2466 5045 tum
2497 4986 2908 5058 amplexabatur
2957 4981 3122 5039 etiam
3175 4972 3445 5035 Eusebius

222 5096 506 5169 Παμφίλου
537 5095 813 5162 Εὐσέϐιος,
843 5095 942 5167 τῆς
975 5097 1033 5149 ὲν
1082 5094 1411 5168 Παλαιστίνῃ
1446 5094 1780 5166 Καισαρείας

220 5188 502 5258 τυγχάνων
526 5189 819 5252 ἐπίσκοπος
838 5204 853 5217 ·
887 5187 946 5251 ὃς
980 5187 1272 5259 μετέπειτα
1316 5185 1529 5256 λέγεται
1551 5186 1782 5255 ἀποστῆ-

221 5299 311 5335 ναι
340 5280 445 5350 τῆς
480 5280 572 5333 τοῦ
606 5281 813 5354 Ἀρείου
843 5280 1020 5353 δόξης,
1052 5282 1146 5335 καὶ
1191 5280 1640 5352 ὁμογνωμονῆσαι
1670 5280 1782 5342 τοῖς

224 5372 500 5427 συναῖδιον
529 5373 615 5426 τὸν
643 5375 771 5428 Υἱὸν
805 5374 898 5427 καὶ
937 5374 1218 5445 όμοούσιον
1241 5373 1318 5444 τῷ
1357 5374 1533 5446 Πατρὶ
1577 5373 1781 5442 δογμα-

225 5465 451 5532 τίζουσι,
481 5466 575 5520 καὶ
608 5467 858 5538 δεχθῆναι
884 5465 1034 5539 παρά
1067 5466 1176 5520 τῶν
1216 5466 1387 5535 ἀγίων
1414 5464 1675 5538 Πατέρων
1704 5465 1783 5527 είς

229 5559 535 5613 κοινωνίαν·
567 5559 765 5631 μᾶλλον
800 5559 982 5632 μέντοι
1009 5561 1067 5613 ἐν
1099 5556 1176 5630 τῷ
1201 5557 1486 5632 πρακτικῷ
1513 5557 1610 5629 τῆς
1635 5553 1783 5628 πρώ-

224 5664 323 5720 της
365 5652 583 5706 συνόδου
628 5654 723 5708 καὶ
766 5651 1096 5723 ὑπερμαχῶν
1138 5651 1364 5723 εὓρηται
1398 5649 1516 5705 ,τῶν
1555 5645 1781 5703 πιστῶν.

300 5851 376 5922 (ι)
411 5850 468 5907 id
492 5860 577 5909 est
606 5851 748 5921 apud
786 5850 1060 5909 Gelasium
1093 5850 1434 5923 Cyzicenum.

1885 5086 2230 5159 Pamphilus,
2262 5082 2522 5139 Caesarea:
2545 5078 2847 5134 Palaestina
2867 5073 3180 5145 episcopus;
3207 5069 3300 5141 qui
3323 5074 3446 5138 post

1885 5179 2186 5238 descivisse
2240 5175 2443 5230 dicitur
2471 5173 2540 5228 ab
2571 5171 2773 5226 Ariana
2828 5167 3103 5237 opinione,
3133 5172 3186 5220 et
3215 5175 3447 5218 consen-

1886 5275 2027 5332 sisse
2053 5285 2177 5327 cum
2200 5269 2269 5325 iis
2288 5266 2378 5338 qui
2405 5264 2600 5321 Filium
2620 5261 2779 5341 Patri.
2799 5259 3146 5331 coaequalem,
3175 5251 3448 5324 ejusdem-

1889 5382 1996 5440 que
2027 5371 2238 5439 naturae
2267 5376 2390 5417 esse
2424 5360 2643 5423 docent,
2684 5362 2739 5410 et
2785 5368 2816 5408 a
2845 5352 3052 5409 sanctis
3091 5348 3350 5403 Patribus
3378 5343 3447 5400 ad

1889 5438 2329 5515 communionem
2359 5455 2628 5519 receptus.
2663 5443 2721 5500 In
2742 5443 2896 5501 Actis
2924 5449 3104 5497 autem
3133 5438 3296 5511 primi
3316 5451 3451 5492 con-

1888 5551 2002 5608 cilii
2029 5550 2193 5606 etiam
2250 5544 2450 5603 acriter
2478 5537 2790 5595 defendisse
2819 5534 3006 5591 fideles
3036 5531 3287 5587 traditur.
3323 5525 3452 5584 llaec

1892 5648 1975 5703 sic
2011 5658 2042 5699 a
2088 5639 2368 5699 nonnullis
2395 5633 2642 5708 exposita
2667 5630 3015 5706 reperiuntur
3056 5625 3158 5701 (α),
3186 5640 3306 5697 qua:
3334 5621 3455 5695 ipse.
