4060 6244
568 381 637 437 95
1452 370 1788 433 VETERUM
1827 370 2244 427 TESTIMONIA
2280 364 2560 425 CONTRA
2596 358 2963 418 EUSEBIIJII.
3720 352 3794 407 96

570 499 626 552 in
657 496 1149 555 Ecclesiasticasua
1188 494 1419 569 'itistoria
1470 496 1642 566 magis
1687 496 1936 567 ambigua
1968 495 2115 550 facit.

2230 492 2377 545 Οὖτω
2411 490 2506 560 μὲν
2535 480 2628 540 οὗν
2662 486 2832 539 ταῦτα
2874 480 3227 555 ἱστορούμενα
3258 478 3408 550 παρὰ
3435 493 3596 530 τινων
3629 475 3793 546 εὖρη·

567 586 626 641 ln
668 586 867 656 quibus
912 585 1069 640 libris
1097 600 1239 655 saepe
1275 599 1399 638 cum
1433 582 1563 638 Ario
1598 584 1778 641 facere
1821 586 2092 655 deprehen

567 679 735 733 ditur.
760 679 837 733 Ac
859 678 1042 733 statim
1077 679 1133 733 in
1154 679 1278 732 libri
1307 679 1591 749 principio,
1638 677 1893 734 Davidem
1925 680 2123 742 citans,

570 770 690 838 Ipse
736 770 873 823 dixit
917 779 966 824 et
1008 770 1153 840 facta
1191 781 1347 834 sunt,
1386 772 1495 839 ipse
1543 769 1810 823 mandavit
1849 779 1898 824 et
1947 778 2124 824 creata

568 863 757 920 sunt'.
811 862 889 915 ait
919 861 1134 915 Patrem
1170 871 1223 915 et
1252 864 1509 916 factorem
1536 901 1551 925 ,
1598 875 1698 929 pro
1751 861 2031 916 conditore
2064 876 2128 917 ac

570 950 708 1004 duce
740 951 976 1005 univchI
1010 950 1217 1013 haberi,
1244 950 1335 1019 qui
1365 949 1514 1020 regio
1548 957 1685 1003 nutu
1742 949 2002 1020 imperet.
2040 965 2124 1004 sc—

570 1040 811 1094 cundum
844 1049 1023 1095 autem
1057 1042 1125 1094 ab
1155 1056 1220 1095 eo
1254 1040 1496 1093 divinum
1524 1039 1758 1094 Verbum
1795 1048 2017 1110 paterna
2033 1055 2129 1093 cx-

572 1130 725 1198 sequi
750 1128 925 1197 jussa.
974 1129 1102 1183 Post
1128 1130 1377 1184 nonnulla
1424 1130 1547 1183 item
1577 1129 1723 1194 dicit,
1765 1129 1893 1183 huic
1932 1138 1993 1183 ut
2026 1128 2129 1182 Pa-

572 1222 673 1275 tris
695 1222 951 1292 potentite
973 1231 1025 1277 et
1057 1222 1354 1292 sapientiae,
1379 1222 1650 1277 secundas
1682 1231 1866 1294 partes
1895 1223 2044 1294 regni
2077 1232 2129 1277 et

572 1310 782 1381 imperii
837 1312 892 1366 in
943 1327 1130 1367 omnes
1161 1327 1283 1368 esse
1316 1312 1573 1368 creditas.
1619 1312 1681 1366 Et
1709 1314 1868 1383 paulo
1897 1323 2011 1381 post
2042 1314 2131 1367 ite-

573 1418 726 1455 rum:
759 1403 836 1457 Ac
870 1420 991 1459 esse
1020 1414 1270 1457 naturam
1315 1404 1625 1473 quamdam,
1660 1420 1779 1475 qua:
1808 1414 1933 1459 ante
1974 1420 2132 1459 mun-

574 1492 703 1546 dum
735 1493 928 1548 vixerit
956 1502 1009 1547 ct
1032 1493 1354 1558 substiterit,
1383 1508 1448 1547 ac
1490 1492 1601 1547 Deo
1624 1508 1688 1547 ac
1709 1492 1853 1546 Patri
1888 1493 2127 1548 universi

576 1583 630 1637 in
654 1600 831 1638 rerum
860 1585 1122 1639 factarum
1147 1570 1364 1653 opilicio
1415 1584 1759 1639 ministrarit.
1785 1583 1850 1637 Et
1873 1582 2129 1639 Salomon

573 1675 675 1728 sub
720 1690 950 1743 persona
987 1675 1266 1743 sapientia:
1297 1673 1391 1730 Dei
1427 1674 1535 1730 ait:
1589 1674 1847 1728 Dominus
1896 1674 2129 1729 condidit

572 1781 651 1817 me
679 1765 992 1833 principium
1028 1764 1227 1817 viarum
1287 1781 1505 1818 suarum
1534 1765 1576 1831 ⁸,
1624 1773 1735 1820 etc.
1768 1761 1968 1817 Deinde
2013 1772 2129 1832 post

571 1856 679 1908 alia
705 1856 857 1923 plura
897 1855 1095 1923 infert:
1132 1855 1193 1908 Et
1238 1872 1403 1926 super
1438 1857 1554 1911 hzec
1601 1857 1785 1911 omnia
1840 1856 1983 1911 sicut
2032 1854 2127 1910 Dei

568 1945 828 2009 Verbum,
852 1946 994 2016 quod
1025 1955 1151 2001 ante
1185 1948 1285 2002 fuit
1331 1957 1385 2003 et
1414 1957 1541 2003 ante
1583 1948 1783 2003 saecula
1822 1948 2004 2002 omnia
2043 1946 2126 2002 fac

567 2047 720 2091 ctum
773 2048 875 2102 est,
935 2039 1298 2095 venerabilem
1329 2040 1587 2094 honorem
1614 2055 1644 2093 a
1677 2038 1787 2095 Deo
1806 2037 1967 2094 Patre
1999 2039 2129 2093 ade-

2229 603 2318 638 ται
2337 600 2349 612 ·
2386 579 2655 652 ἀμφίϐολα
2685 578 2732 631 δ’
2753 578 2954 639 ἐκεῖνος
2979 573 3135 633 αὐτὰ,
3163 572 3230 625 δι’
3258 565 3333 624 ὧν
3362 568 3424 622 ἐν
3446 570 3514 640 τῇ
3553 569 3793 633 Ἐκκλη-

2235 672 2527 741 σιαστικῇ
2554 670 2784 739 ἱστορίᾳ
2808 668 3031 739 εὓρηται
3066 661 3534 736 συγγραψάμενος,
3577 659 3789 731 τίθησιο

2233 765 2497 837 πολλαχοῦ
2530 762 2638 834 γὰρ
2669 764 2727 814 ἐν
2758 759 2835 830 τῷ
2862 755 3133 830 εἰρημένῳ
3162 753 3552 825 συγγράμματι
3586 751 3793 821 Ἀρεια-

2231 860 2396 925 νίζων
2429 855 2936 928 καταλαμϐάνεται·
2959 849 3157 903 αὐτίκα
3189 847 3315 919 περί
3343 863 3444 898 που
3482 844 3580 914 τὴν
3619 843 3792 914 ἀρχὴν

2228 949 2323 1003 τοῦ
2356 948 2556 1019 βιϐλίου
2588 946 2679 999 τὸν
2705 942 2867 996 Δαϐὶδ
2885 940 3118 1009 εἰσάγων
3144 937 3368 1005 λέγοντα
3384 976 3397 995 ,
3423 934 3618 1003 Αὐτὸς
3641 933 3792 997 εἷπε,

2230 1041 2326 1095 καὶ
2340 1033 2913 1111 ἐγενήθησαν-ἀὐτὸς
2927 1031 3282 1095 ἐνετείλατο,
3294 1028 3390 1082 καὶ
3403 1028 3791 1094 ἐκτίσθησαν,

2230 1134 2363 1204 φησι
2394 1132 2484 1185 τὸν
2519 1130 2619 1202 μὲν
2655 1129 2870 1197 Πατέρα
2910 1123 3003 1177 καὶ
3045 1120 3291 1191 ποιητὴν,
3311 1119 3386 1182 ὡς
3440 1117 3666 1189 ποιητὴν
3699 1116 3793 1170 καὶ

2231 1223 2580 1295 πανηγεμόνα
2606 1217 2937 1291 νομίζεσθαι,
2974 1212 3233 1286 βασιλικῷ
3248 1210 3644 1283 προστάττοντα
3666 1207 3790 1261 νεύ-

2234 1335 2362 1389 ματι
2381 1334 2394 1347 ·
2427 1316 2518 1369 τὸν
2550 1314 2607 1367 δὲ
2638 1312 2825 1367 τούτου
2857 1306 3238 1379 δευτερεύοντα
3271 1303 3420 1356 θεῖον·
3450 1301 3640 1371 Λόγον,
3675 1303 3793 1362 ταῖς

2230 1411 2516 1479 πατρικαῖς
2566 1400 2937 1476 ὑπουργοῦντα
2968 1400 3272 1466 ἐπιταγαῖς.
3325 1394 3432 1448 Καὶ
3487 1391 3637 1463 μετά
3664 1410 3797 1446 τινα

2227 1498 2411 1568 λέγει,
2437 1496 2624 1551 τοῦτον
2648 1493 2846 1547 ὡσανεὶ
2870 1489 2964 1544 τοῦ
2987 1486 3197 1558 Πατρὸς
3229 1485 3539 1556 ὑπάρχοντα
3567 1482 3797 1552 δύναμιν

2231 1591 2325 1644 καὶ
2360 1590 2574 1659 σοφίαν,
2608 1588 2701 1641 καὶ
2727 1585 2797 1639 τὰ
2830 1583 3105 1652 δευτερεῖα
3135 1579 3232 1649 τῆς
3267 1576 3408 1630 κατὰ
3438 1576 3653 1629 πάντων
3695 1574 3791 1645 βα-

2232 1681 2433 1743 σιλείας
2455 1680 2548 1734 καὶ
2583 1678 2757 1750 ἀρχῆς
2790 1669 3287 1747 ὲμπεπιστευμένον
3306 1685 3318 1698 ⁸
3348 1669 3445 1722 καὶ
3473 1663 3645 1733 αὖθις
3666 1667 3804 1735 μετ’

2230 1773 2425 1842 όλίγηιισ
2459 1772 2569 1824 Καὶ
2587 1771 2669 1824 ὅτι
2695 1769 2837 1820 ἔστιν
2859 1764 3017 1818 οὐσία
3047 1779 3129 1824 τις
3150 1760 3499 1831 προκόσμιος,
3528 1757 3677 1822 ζῶσα
3700 1759 3796 1813 καὶ

2230 1860 2536 1932 ὑφεστῶσα,
2559 1863 2592 1932 ἠ
2618 1860 2695 1930 τῷ
2717 1858 2833 1930 Θεῷ
2855 1858 2947 1911 καὶ
2974 1852 3149 1925 Πατρὶ
3169 1852 3275 1905 τῶν
3303 1852 3439 1905 ὅλων
3463 1853 3541 1914 εἰς
3570 1851 3666 1922 τὴν
3686 1851 3796 1903 τῶν

2228 1952 2470 2024 γενητῶν
2495 1951 2847 2023 δημιουργίαν
2871 1943 3347 2018 ὑπηρετησαμένη.
3364 1943 3474 1996 Καὶ
3494 1944 3523 1995 δ
3546 1941 3798 2012 Σολομὼν

2228 2044 2371 2111 λέγει
2406 2042 2678 2115 προσώπῳ
2710 2044 2805 2114 τῆς
2829 2040 2923 2096 τοῦ
2948 2040 3083 2095 Θεοῦ
3109 2039 3294 2109 σοφίας
3314 2053 3327 2066 ’
3362 2036 3574 2103 Κύριος
3593 2033 3797 2088 ἐκτισέ

567 2136 739 2197 ptum,
782 2130 997 2183 adorari
1031 2138 1286 2200 tanquam
1316 2130 1506 2186 Deum.
1529 2131 1655 2186 Haec
1691 2138 1744 2185 et
1773 2132 1877 2185 alia
1903 2131 2125 2186 demon-

2230 2151 2302 2203 με
2326 2133 2523 2203 ἀρχὴν
2550 2133 2705 2189 ὁδῶν
2752 2133 2958 2195 αὑτοῦ,
2991 2132 3085 2186 καὶ
3131 2130 3274 2201 ἑξῆς.
3323 2117 3431 2182 Kal
3451 2127 3590 2228 μεθ’
3620 2126 3799 2194 ἔτερα

567 2227 747 2275 strant
798 2220 1091 2275 Eusebium
1140 2222 1342 2275 Ariana
1386 2223 1639 2292 dogmata
1685 2222 1987 2291 probasse;
2020 2222 2127 2277 nisi

565 2309 691 2377 quis
717 2311 881 2375 dicat,
914 2310 967 2364 id
1006 2327 1142 2382 opus
1166 2320 1291 2367 ante
1328 2313 1740 2368 conversionem
1769 2312 1837 2367 ab
1866 2327 1929 2367 eo
1958 2310 2128 2368 fuisse

566 2400 961 2472 conscriptum.

2233 2225 2485 2278 πλείονα
2502 2225 2736 2294 φάσκει·
2765 2225 2858 2278 καὶ
2888 2224 2978 2277 ἐπὶ
3001 2224 3133 2277 πᾶσι
3149 2220 3379 2285 τούτοις,
3421 2213 3509 2273 οἷα
3526 2217 3659 2272 Θεοῦ
3697 2217 3775 2270 Δό

2232 2330 2327 2383 γον
2362 2316 2598 2388 προόντα
2621 2317 2715 2368 καὶ
2747 2312 3088 2387 πρὸκαζὼνων
3122 2313 3375 2370 ἁπάντων
3420 2309 3772 2379 οὑσιωμένων

2234 2404 2445 2478 [Ῑ.-νον]
2492 2406 2588 2477 τὴν
2618 2406 2906 2477 σεϐάσμιον
2940 2407 3103 2477 τιμὴν
3124 2405 3271 2478 παρά
3294 2403 3387 2458 τοῦ
3411 2402 3621 2475 Πατρὺς
3647 2401 3768 2473 είλη
3791 2430 3799 2441 ν

568 2493 723 2560 φότα,
756 2494 1172 2565 προσκυνεῖσθαι
1197 2495 1343 2550 ὼσὰν
1366 2496 1707 2551 Θεόν.Ταῦτα
1734 2497 1827 2549 καὶ
1842 2494 2074 2566 ἕτεραδὲ
2095 2497 2208 2561 τοῖς
2247 2498 2638 2571 Ἀρειανίζουσι
2662 2499 2893 2570 δόγμασι
2923 2497 3254 2551 δεικνύουσιν
3276 2496 3550 2568 ὁμόφρονα
3576 2493 3665 2548 τὸν
3690 2492 3799 2547 Εὐ-

568 2584 773 2641 σέϐιον·
822 2586 869 2639 εἰ
902 2589 975 2659 μή
1018 2606 1100 2653 τις
1140 2588 1274 2660 φαίη
1308 2589 1412 2661 πρὸ
1453 2589 1551 2660 τῆς
1602 2590 1931 2662 ἐπιστροφῆς
1980 2589 2127 2660 αὐτῷ
2154 2590 2450 2662 πονηοῆναι
2481 2590 2683 2645 τούτων
2721 2591 2819 2663 τὴν
2851 2592 3189 2663 συγγραφήν.

1541 2767 1807 2823 Baronius
1836 2766 1905 2821 ad
1934 2783 2132 2822 annum
2190 2766 2389 2823 Christi
2418 2767 2544 2835 3i0,
2580 2783 2697 2838 cap.
2733 2766 2822 2824 58.

633 2947 793 3005 Certe
826 2947 1081 3006 Socrates
1105 2949 1320 3006 dealbat
1351 2949 1682 3023 Ethiopem,
1728 2952 1858 3007 dum
1884 2950 2079 3006 nititur
2109 2950 2287 3023 ipsum
2319 2951 2612 3010 Eusebium
2639 2954 2706 3007 ab
2735 2951 2935 3005 Ariana
2969 2949 3165 3006 haeresi
3194 2960 3482 3011 excusare,
3522 2959 3587 3000 ac
3629 2946 3798 3018 plane

562 3042 859 3097 immunem
894 3043 1139 3099 reddere.
1167 3042 1285 3114 Ipse
1314 3045 1459 3098 enim
1499 3043 1916 3110 Eusebiuslicet
1937 3042 2176 3109 tandem,
2204 3053 2264 3098 ut
2298 3045 2610 3116 imperatori
2640 3058 2843 3097 morem
2882 3046 3115 3112 gereret,
3146 3038 3365 3092 Nicaeae
3397 3036 3626 3091 concilio
3657 3036 3795 3090 sub—

564 3133 898 3203 scripsisset,
932 3135 1121 3192 iisdem
1153 3138 1307 3207 plane
1344 3137 1598 3192 sordibus
1626 3138 1806 3193 sciens
1829 3138 2133 3208 volensque
2175 3140 2389 3211 turpius
2421 3139 2734 3209 inquinatus
2771 3144 2875 3201 est,
2910 3145 2968 3190 ut
2998 3151 3093 3191 sus
3120 3135 3229 3188 lota
3260 3134 3316 3187 in
3343 3132 3631 3188 volutabra
3666 3129 3793 3200 luti,

562 3234 615 3279 et
643 3237 702 3281 ut
734 3229 885 3285 canis
921 3229 989 3283 ad
1020 3230 1279 3285 vomitum
1308 3246 1466 3285 suum
1501 3248 1770 3286 reversus.
1794 3230 1942 3286 Adeo
1967 3239 2025 3285 ut
2060 3233 2238 3302 qualis
2277 3233 2394 3303 ipse
2426 3232 2589 3288 fuerit
2613 3247 2786 3302 usque
2834 3231 2902 3285 ad
2930 3229 3072 3285 diem
3100 3228 3306 3292 obitus,
3339 3243 3447 3282 non
3478 3226 3550 3283 sit
3572 3223 3797 3279 aliunde.

563 3319 933 3388 quaarendum,
958 3336 1118 3390 quam
1153 3336 1215 3374 ex
1246 3322 1407 3377 rebus
1442 3331 1563 3393 post
1584 3322 1860 3378 Niczenum
1894 3326 2185 3380 concilium
2216 3325 2284 3380 ab
2314 3340 2378 3379 eo
2405 3326 2591 3395 gestis,
2615 3318 2844 3395 singulis
2866 3322 3033 3378 ferme
3063 3322 3221 3377 annis
3246 3321 3496 3392 superius
3523 3316 3792 3373 recitatis.

569 3409 635 3465 Ut
664 3418 843 3467 autem
866 3422 1090 3470 excuset
1120 3414 1269 3467 illum
1295 3416 1365 3470 ab
1398 3417 1598 3471 Ariana
1638 3418 1852 3484 hzeresi,
1884 3419 2014 3473 citat
2047 3420 2216 3475 libros
2243 3418 2310 3472 ab
2339 3434 2404 3472 eo
2427 3419 2660 3490 scriptos
2686 3428 2879 3474 contra
2938 3416 3250 3472 Marcellum
3279 3415 3623 3486 Ancyranum
3654 3411 3781 3480 epi-

564 3518 810 3573 scopum,
863 3508 1161 3581 reeitatque
1185 3523 1253 3562 ex
1288 3509 1394 3563 illis
1427 3507 1729 3579 fragmenta
1771 3511 2017 3580 quaedam
2071 3511 2273 3581 quibus
2321 3510 2748 3574 demonstratur,
2792 3525 2911 3565 eam
2939 3508 3007 3563 de
3032 3507 3172 3563 Filio
3207 3506 3300 3562 Dei
3328 3503 3544 3560 Eusebii
3597 3503 3782 3558 fuisse

563 3585 906 3665 sententiam,
932 3606 991 3652 ut
1023 3600 1235 3670 negarit
1260 3600 1435 3670 ipsum
1465 3588 1941 3666 essecreaturam,
1974 3613 2231 3674 tanquam
2271 3618 2434 3657 unam
2458 3619 2523 3658 ex
2548 3604 2772 3673 reliquis
2800 3601 3096 3665 creaturis,
3128 3614 3196 3654 ex
3249 3597 3423 3652 nihilo
3444 3612 3476 3650 a
3505 3593 3614 3650 Deo
3635 3605 3796 3649 crea-

562 3688 651 3742 tis.
720 3684 918 3741 Verum
947 3688 1074 3742 dum
1102 3689 1293 3743 nititur
1326 3707 1393 3745 ex
1417 3691 1502 3747 his
1527 3692 1821 3749 Eusebium
1861 3712 2115 3766 purgare,
2144 3704 2331 3767 aperte
2365 3694 2656 3765 significat,
2682 3710 2741 3749 se
2773 3693 2889 3746 Arii
2919 3699 2973 3748 et
2999 3691 3326 3745 Arianorum
3355 3687 3578 3743 haeresis
3632 3684 3797 3756 laby-

562 3776 804 3831 rinthum
831 3778 1055 3834 minime
1088 3789 1422 3850 penetrasse.
1456 3783 1523 3837 Et
1551 3786 1710 3853 paulo
1740 3797 1857 3857 post
1888 3804 1905 3841 :
1935 3788 2203 3842 Caeterum
2240 3787 2456 3843 Eusebii
2488 3785 2754 3857 Pamphili
2804 3781 3247 3844 inconstantiam,
3273 3789 3327 3836 et
3359 3786 3481 3850 post
3506 3776 3792 3832 Nicaanum

562 3868 872 3933 concilium,
901 3870 1057 3938 cujus
1089 3872 1210 3933 ﬁdei
1238 3875 1437 3943 regulae
1496 3878 1917 3949 subscripserat,
1945 3880 2011 3934 ad
2042 3896 2259 3936 errores
2294 3882 2559 3950 pristinos
2597 3877 2833 3933 reditum
2877 3876 3131 3947 suggillat
3188 3873 3386 3943 smpius
3414 3869 3789 3934 Athanasius;

561 3976 795 4031 eumque
827 3963 1166 4022 demonstrat
1192 3967 1247 4021 in
1275 3965 1493 4022 Nicazno
1539 3972 1771 4027 concilio
1799 3981 2056 4043 tanquam
2094 3972 2368 4028 ludionem
2395 3974 2452 4027 in
2493 3986 2657 4027 scena
2682 3970 2913 4037 lusisse,
2942 3969 3131 4023 habitu
3158 3965 3430 4020 catholico
3482 3959 3784 4031 super'in-

558 4054 764 4121 ducto;
793 4071 973 4124 quem,
1002 4073 1255 4127 egressus
1285 4059 1431 4126 inde,
1488 4077 1716 4127 exuens,
1750 4080 2061 4133 personam,
2093 4082 2343 4137 quamam
2384 4073 2549 4129 esset,
2584 4066 2639 4119 in
2668 4064 2943 4125 omnibus,
2978 4069 3037 4114 ut
3067 4061 3142 4113 ait
3187 4055 3549 4128 Epiphanius,
3582 4069 3697 4124 ριέε
3724 4069 3795 4109 se

558 4147 704 4202 tulit.
732 4147 880 4202 Adeo
899 4160 955 4204 ut
986 4151 1125 4205 idem
1158 4150 1423 4209 Eusebius
1450 4153 1686 4209 Eusebio
1716 4153 2120 4214 Nicomediensi
2155 4160 2507 4228 conjunctus,
2563 4158 2687 4228 biga
2717 4153 3006 4225 impietatis
3037 4151 3211 4206 eﬂ'ecti
3250 4150 3432 4212 ambo,
3468 4148 3587 4218 pari
3616 4162 3789 4202 cursu

555 4243 611 4290 et
646 4238 867 4307 impetu,
906 4240 1200 4310 impulsore
1232 4260 1463 4314 nequam
1512 4246 1708 4316 spiritu
1736 4248 1947 4317 agitati,
1985 4248 2041 4302 in
2074 4265 2232 4304 suum
2258 4228 2503 4321 ipsorum
2528 4258 2582 4304 et
2600 4249 2831 4303 aliorum
2857 4246 3082 4301 exitium
3101 4246 3155 4298 in
3183 4259 3422 4314 praeceps
3451 4241 3613 4297 delati
3637 4241 3777 4294 sint.

560 4328 631 4385 Ut
662 4348 769 4387 non
803 4333 1073 4390 immerito
1107 4340 1366 4408 appellari
1396 4342 1511 4410 ipse
1545 4342 1813 4398 Eusebius
1856 4343 2209 4399 Caesariensis
2238 4343 2496 4399 meruerit
2535 4357 2565 4396 a
2596 4350 2786 4397 sancto
2816 4339 3144 4411 Hieronymo
3169 4345 3222 4392 et
3252 4337 3393 4399 aliis,
3421 4334 3635 4389 Arianae
3688 4330 3777 4384 fa-

559 4424 757 4505 ctionis
783 4427 1031 4499 signifer,
1061 4442 1428 4504 propugnator
1455 4436 1852 4504 apertissimus,
1881 4444 1935 4490 et
1959 4437 2099 4491 inter
2142 4436 2374 4491 Arianos
2416 4435 2573 4490 facile
2605 4435 2876 4504 princeps.
2914 4433 3084 4503 Cujus
3112 4441 3166 4487 et
3186 4429 3499 4487 memoriam
3527 4425 3662 4479 adeo
3690 4436 3795 4476 ex-

562 4523 770 4568 secrata
801 4523 883 4573 est
910 4516 1126 4573 Nicama
1174 4521 1417 4591 synodus
1454 4523 1715 4591 secunda,
1771 4532 1829 4580 ut
1857 4526 2017 4595 plane
2046 4540 2168 4580 cum
2215 4524 2327 4594 jam
2384 4523 2675 4580 defendere
2702 4525 2858 4590 velle,
2890 4524 3023 4579 nihil
3058 4522 3206 4577 aliud
3237 4517 3657 4576 existimandum
3686 4515 3788 4579 sit,

561 4619 722 4673 quam
750 4608 1056 4679 Ecclesiam.
1094 4614 1417 4669 catholicam
1453 4617 1791 4689 impugnare.
1825 4616 1981 4673 Unde
2010 4626 2063 4673 et
2086 4618 2291 4687 pudere
2324 4617 2536 4673 Sixtum
2585 4626 2854 4689 oporteat,
2888 4618 3018 4671 dum
3051 4617 3313 4672 adversus
3346 4614 3590 4669 omnium
3640 4612 3789 4665 anti-

559 4708 789 4765 quorum
818 4698 1038 4757 Patrum
1067 4707 1385 4769 sententias,
1415 4711 1593 4776 ipsum
1635 4707 1930 4763 Eusebium
1958 4709 2290 4767 catholicum
2320 4725 2638 4767 asseverare
2661 4726 2770 4764 non
2799 4708 3011 4764 dubitat
3036 4725 3050 4775 ;
3083 4723 3205 4761 cum
3249 4704 3442 4777 frigide
3466 4719 3592 4760 eum
3611 4717 3783 4758 excu-

560 4804 709 4853 sans,
741 4788 957 4850 Eusebii
988 4795 1422 4856 Nicomediensis
1446 4817 1568 4858 esse
1597 4802 1785 4866 tradit,
1819 4801 1965 4872 quod
2015 4804 2220 4860 erroris
2273 4804 2568 4860 ascribitur
2620 4803 2855 4858 Eusebio
2907 4801 3173 4874 Pamphili
3201 4819 3214 4856 :
3271 4798 3495 4870 perinde
3518 4813 3582 4853 ac
3609 4798 3655 4854 si
3680 4813 3781 4853 eo-

559 4881 804 4938 rumdcm
828 4883 1047 4943 Patrum
1070 4891 1353 4947 sententiae
1383 4892 1451 4948 de
1481 4894 1669 4949 eodem
1692 4895 1958 4966 ambigua:
1984 4896 2116 4961 sint,
2151 4912 2214 4953 ac
2245 4896 2311 4951 de
2345 4895 2580 4951 Eusebio
2612 4894 3011 4950 Nicomediensi
3038 4895 3247 4963 possint
3274 4892 3638 4962 interpretari.
3659 4891 3783 4946 Uti-

558 4991 682 5032 nam
709 4978 791 5033 vel
818 4979 1044 5049 eriguus
1072 4984 1265 5040 saltem
1295 4985 1417 5053 ejus
1450 4987 1753 5063 excusandi
1786 4987 2188 5057 relinqueretur
2208 4991 2383 5044 locus.
2417 4987 2589 5054 Quam
2625 4988 2986 5044 libentissime
3020 4988 3135 5057 ipse
3165 4986 3459 5041 historicus
3488 4999 3587 5055 pro
3609 4983 3784 5041 histo-

558 5074 673 5127 rico
699 5072 1023 5140 laborarem,
1076 5077 1162 5132 cui
1196 5078 1361 5149 (quod
1393 5094 1587 5150 magna
1621 5078 1817 5134 ﬁducia
1864 5080 2096 5151 ingenue
2129 5079 2468 5149 profitemur)
2495 5079 2579 5134 vel
2605 5093 2671 5134 ex
2702 5094 2765 5134 ea
2788 5085 2943 5149 parte
2982 5077 3272 5147 plurimum
3314 5073 3557 5131 Ecclesia
3597 5072 3781 5128 catho-

556 5168 661 5222 lica
675 5168 853 5232 debet,
872 5167 1019 5237 quod
1046 5184 1221 5226 rerum
1252 5173 1745 5229 ecclesiasticarum
1790 5176 2191 5246 quamplurima
2219 5173 2444 5244 antiqua
2472 5183 2820 5229 monumenta
2842 5187 3039 5243 magno
3066 5173 3250 5227 labore
3275 5172 3527 5233 collecta,
3550 5167 3779 5224 fideliter

554 5263 792 5333 posteris
845 5262 1161 5317 tradiderit!
1203 5268 1310 5324 Ter
1336 5277 1637 5341 quaterque
1672 5269 1797 5324 felix
1833 5278 1913 5323 tot
1935 5268 2265 5340 peregregiis
2298 5267 2768 5323 lucubrationibus
2799 5266 2980 5328 editis,
3002 5265 3109 5321 nisi
3142 5281 3266 5321 cum
3291 5264 3542 5335 impietas
3574 5262 3779 5316 Ariana

550 5364 633 5410 tot
662 5356 940 5426 tantisque
965 5355 1218 5414 sordibus
1241 5363 1471 5433 turpiter
1494 5364 1838 5431 aspersisset,
1864 5371 1918 5418 et
1938 5371 2084 5427 ante,
2119 5362 2514 5432 persecutionis
2542 5370 2803 5430 tempore,
2837 5360 3024 5429 lapsus
3076 5374 3106 5412 a
3143 5359 3267 5425 fide,
3309 5357 3554 5414 eamdem
3599 5362 3781 5410 tanto-

553 5462 682 5518 pere
711 5447 1111 5504 labefactasset.
1145 5448 1297 5515 Quod
1323 5468 1449 5509 vero
1479 5451 1827 5523 simplicitate
1856 5454 2089 5524 quadam
2126 5461 2179 5509 ct
2222 5468 2405 5509 rerum
2454 5451 2671 5507 inscitia
2710 5451 2765 5504 in
2798 5464 2899 5506 suo
2945 5448 3262 5504 Sanctorum
3302 5448 3543 5518 catalogo
3580 5445 3782 5502 Petrus

551 5541 697 5595 inter
725 5549 948 5597 sanctos
974 5543 1222 5598 eumdem
1252 5543 1543 5601 Eusebium
1574 5547 1778 5610 retulit,
1803 5556 1859 5601 et
1889 5559 2075 5601 errore
2116 5556 2280 5616 atque
2319 5546 2531 5599 incuria
2563 5543 2799 5613 quadam
2839 5543 2896 5597 in
2927 5541 3149 5613 aliquod
3173 5541 3618 5615 Martyrologium
3644 5538 3788 5597 irre-

550 5631 680 5701 psit,
713 5630 768 5684 in
797 5631 1002 5687 nostris
1031 5631 1098 5686 ad
1124 5631 1425 5689 liomauum
1453 5635 1895 5709 Martyrologium
1920 5636 2085 5703 notis,
2110 5636 2359 5707 pluribus
2385 5633 2641 5690 diximus.

624 5788 644 5860 ’ζ
675 5784 768 5843 Ps.
804 5801 974 5856 χχχιι,
1006 5786 1059 5841 9.
1115 5780 1134 5810 ⁸
1157 5776 1319 5833 Pror.
1348 5797 1465 5854 vni,
1491 5787 1576 5842 Ἡ.
