4060 6244
261 319 341 377 97
1106 311 1440 368 VETERUM
1476 309 1897 366 TESTIMONIA
1935 309 2215 367 CONTRA
2254 306 2625 366 EUSEBIUM.
3429 308 3499 367 ιιι

1281 452 1517 523 Scaliger
1546 452 1597 505 in
1622 451 1860 507 Elencho
1880 450 2215 520 Triluercsii,
2239 468 2357 522 cap.
2389 449 2479 504 9.7.

344 613 626 674 Eusebius,
648 625 759 680 quo
789 609 975 665 nullus
996 609 1496 665 ecclesiasticorum
1518 617 1762 665 veterum
1795 610 1949 679 plura
1982 608 2049 663 ad
2076 607 2361 664 historiam
2394 604 2800 663 Christianismi
2831 602 3060 662 contulit
3089 620 3103 671 δ
3138 602 3319 661 nullus
3344 604 3496 676 plura

267 716 451 766 errata
478 707 531 761 in
563 704 788 775 scriptis
813 703 929 760 suis
950 704 1172 773 reliquit
1193 721 1208 771 ;
1227 705 1430 759 nullius
1467 704 1648 775 plures
1672 703 2128 758 hallucinationes
2149 708 2366 758 exstant
2401 699 2581 763 hodie,
2616 708 2724 757 etc.

931 856 1078 913 Idem
1109 860 1163 911 in
1195 859 1327 911 libra
1355 873 1409 913 γι
1437 854 1511 913 De
1534 857 1914 913 emendatione
1948 864 2274 927 temporum,
2304 871 2420 927 mp.
2457 856 2510 921 l,
2537 855 2632 911 sub
2658 856 2831 927 ﬁnem.

335 955 553 1023 Quanto
578 954 840 1024 majorem
865 952 1202 1026 diligentiam
1234 953 1586 1022 acjudicium
1620 953 1677 1006 in
1705 952 1872 1006 tantis
1904 952 2037 1007 viris
2067 951 2462 1016 desideramus.
2497 961 2648 1008 tanto
2683 950 2979 1024 impensior
3021 949 3143 1006 datu
3191 954 3274 1005 est
3307 958 3493 1018 operti.

268 1058 329 1105 ut
375 1067 487 1106 non
532 1051 867 1121 negligenter
899 1051 1117 1104 illorum
1158 1051 1362 1120 scripta
1392 1065 1423 1103 a
1453 1049 1612 1105 nobis
1642 1049 1908 1119 legantur.
1960 1048 2092 1103 Nam
2142 1059 2195 1104 et
2225 1048 2380 1119 longe
2431 1047 2582 1119 plura
2616 1048 2979 1121 deprehendet
3018 1045 3186 1099 lector
3221 1040 3492 1103 eruditus.

271 1144 478 1214 majore
533 1145 715 1199 studio
743 1159 908 1214 quam
932 1143 1142 1214 judicio
1186 1145 1256 1199 ab
1288 1143 1524 1199 Eusebio
1557 1152 1611 1200 et
1640 1145 1763 1200 aliis
1799 1143 2073 1200 veteribus
2120 1143 2367 1197 collecta.
2424 1142 2534 1199 Nos
2578 1160 2743 1199 unum
2778 1151 2987 1199 tantum
3048 1139 3338 1197 liiisehlmn
3385 1128 3509 1191 diu!

267 1237 570 1301 cussimus,
597 1238 741 1307 quod
766 1238 903 1309 ipse,
934 1245 994 1292 ut
1026 1237 1288 1305 diximus,
1314 1238 1559 1294 omnium
1588 1238 1807 1294 illorum
1847 1245 2091 1295 veterum
2128 1238 2375 1294 clausula
2402 1244 2506 1295 est.
2537 1236 2722 1309 Itaque
2774 1253 2942 1292 unum
2992 1234 3283 1293 Eusebium
3322 1232 3494 1297 noris.

270 1346 469 1388 omnes
501 1348 669 1388 nons.

277 1490 430 1546 Idem
464 1490 697 1563 Scaliger
730 1492 786 1545 in
809 1491 1390 1549 Animadversionibus
1420 1491 1489 1547 ad
1520 1491 1849 1550 Chronicum
1877 1491 2264 1560 Eusebianum,
2290 1508 2409 1563 pag.
2441 1490 2496 1559 8,
2537 1505 2796 1561 exponens
2830 1488 2981 1545 verba
3010 1488 3105 1543 illa
3142 1486 3443 1559 Hieronymi
3476 1500 3495 1543 :

388 1627 408 1662 ι
442 1610 612 1678 Quam
644 1608 913 1665 Eusebius
940 1609 1103 1681 hujus
1134 1610 1385 1666 conditor
1409 1611 1559 1677 libri,
1596 1627 1705 1668 non
1730 1620 1839 1667 tam
1872 1610 2152 1682 ignorasse
2185 1616 2372 1683 utpote
2402 1608 2834 1672 eruditissimus,
2857 1626 2873 1659 ι
2929 1614 3060 1673 etc.,
3090 1606 3165 1661 ita
3197 1614 3346 1662 uolat
3375 1621 3393 1661 :

348 1724 407 1779 Si
444 1725 845 1782 eruditissimus
872 1725 1154 1781 vocandus
1201 1728 1296 1798 qui
1342 1727 1511 1781 multa
1538 1727 1691 1799 legit,
1734 1743 1866 1785 sane
1894 1742 2054 1783 nemo
2087 1725 2163 1781 illi
2200 1726 2340 1782 hanc
2379 1726 2596 1781 laudem
2648 1723 2893 1779 invidere
2936 1728 3128 1794 potest.
3167 1720 3260 1776 Sin
3314 1727 3495 1779 autem

276 1816 327 1872 is
359 1815 759 1873 eruditissimus
785 1817 879 1887 qui
900 1816 1167 1887 judicium
1195 1832 1319 1872 cum
1351 1817 1521 1873 multa
1552 1818 1786 1875 lectione
1838 1819 2154 1892 conjunxit,
2198 1817 2364 1873 alium
2414 1816 2596 1888 potius
2643 1830 2808 1889 quam
2867 1814 3154 1871 Eusebium
3198 1812 3497 1885 producere

276 1908 489 1964 debuit.

1524 2045 1718 2103 Suidas
1747 2048 1802 2103 in
1831 2062 1952 2103 voce
1972 2045 2248 2117 Διόδωρος.

354 2153 615 2240 Διόδωρός
639 2167 900 2238 μονάζων,
932 2169 992 2220 ὲν
1021 2169 1135 2233 τοῖς
1164 2168 1375 2241 χρόνοις
1411 2168 1701 2225 Ἰουλιανοῢ
1746 2170 1841 2224 καὶ
1867 2176 1912 2233 Α

1889 2176 1912 2233 ι
2014 2167 2279 2223 Diodorus
2306 2163 2627 2231 monachus,
2666 2164 2758 2236 qui
2788 2163 3082 2237 cpiscopus
3106 2162 3208 2221 fuit
3235 2165 3389 2225 Tarsi
3439 2169 3492 2227 in

271 2259 575 2325 οὐάλενέος
595 2261 965 2330 ἑπισκοπήσας
993 2261 1218 2332 Ταρσῶν
1248 2262 1346 2332 τῆς
1374 2260 1642 2325 Κιλικίας.
1668 2253 1836 2326 Οὗτος

1938 2257 2153 2324 Cilicia,
2182 2254 2520 2326 temporibus
2570 2250 2768 2309 Iuliani
2802 2268 2865 2307 ac
2900 2249 3160 2309 Valentis.
3208 2252 3304 2307 Ille
3346 2256 3492 2311 varis

272 2350 612 2423 ἔγραψεν,ὦς
626 2366 757 2421 φησι
766 2350 1036 2422 Θεόδωρος
1062 2348 1434 2421 ’Δναγνώστης
1444 2350 1502 2403 ὲν
1514 2352 1580 2419 τῇ
1597 2349 1836 2417 Ἐκκληο

1940 2349 2159 2420 scripsit
2213 2347 2498 2418 opuscula,
2542 2354 2603 2401 ut
2640 2344 2808 2401 refert
2852 2342 3392 2402 Thcodoruslmetor
3440 2346 3493 2403 in

271 2440 561 2510 σιαστικῇ
579 2442 831 2510 ἱστορίᾳ,
853 2442 1112 2512 διάφορω
1132 2443 1237 2495 εἶσὶ
1266 2441 1322 2494 δὲ
1368 2441 1493 2496 τάδε
1524 2443 1833 2511 Χρονικὼε,

1939 2439 2313 2497 Ecclesiastica
2352 2436 2636 2493 Historia:
2672 2437 2786 2493 haec
2839 2447 3024 2493 autem
3070 2435 3443 2495 inscrllmntur
3477 2456 3490 2495 :

272 2529 651 2603 διορθούμενον
676 2530 740 2584 τὸ
762 2529 981 2599 σφάλμα
1005 2528 1261 2582 Εὑσεὸίου
1280 2528 1374 2582 τοῦ
1392 2528 1678 2599 Παμφίλου
1707 2529 1834 2599 περὶ

1938 2532 2273 2596 Clironicum,
2307 2531 2361 2586 in
2382 2545 2493 2602 quo
2512 2529 2729 2587 Eusebii
2783 2528 3047 2603 Pamphili
3100 2527 3154 2586 in
3184 2527 3406 2603 digere»
3446 2532 3492 2589 is

272 2621 388 2680 τῶν
416 2621 640 2696 χρόνων.

1936 2623 2272 2696 temporibus
2285 2636 2443 2681 error
2469 2620 2788 2694 castigatur.
