3986 6218
1357 158 1632 217 El‘SEBII
1656 157 2137 215 cmsmmusrs
2176 155 2325 211 opp.
2363 156 2547 214 PARS
2582 157 2622 216 ι.
2655 191 2720 201 -
2748 157 3141 218 HISTORICA.
3776 153 3867 206 ιω

1027 420 3848 447 mw

984 736 2032 951 EUSEBII
2225 729 3535 942 PAMPHILI

1626 1163 2312 1248 CESARIENSIS
2382 1166 2848 1246 EPISCOPI

862 1485 2434 1672 CHRONICORUM
2522 1493 3102 1668 LIBRI
3189 1485 3638 1667 DUO

1206 1942 1303 2006 (Ex
1329 1945 1451 1995 edit.
1476 1947 1608 2010 Aug.
1635 1945 1749 2011 Mn,
1777 1945 1958 2010 Script.
1984 1954 2074 2001 vet.
2099 1962 2222 2002 nava
2245 1943 2485 2008 Collectio,
2508 1952 2624 1996 tom.
2650 1945 2779 2007 VIII,
2803 1945 2985 2004 Romae,
3007 1939 3144 1999 1833,
3167 1938 3294 1990 In4.
3317 1938 3339 2004 >

1945 2333 2623 2428 PREFATIO.

713 2607 844 2663 Post
888 2605 1156 2664 inventum
1200 2609 1416 2669 Eusebii
1460 2614 1856 2670 Chronicorum
1885 2615 2113 2683 priorem
2143 2611 2368 2677 librum,
2416 2627 2566 2681 quem
2610 2608 2789 2664 Latini
2825 2623 3016 2664 veteres
3057 2625 3321 2681 nunquam
3346 2608 3669 2674 habuerunt,
3703 2605 3884 2666 (ἕναδί

636 2698 754 2769 jam
805 2701 898 2753 diu
947 2703 1354 2771 desiderabant,
1389 2708 1625 2770 Armenii
1648 2706 1865 2778 denique
1901 2708 2014 2762 orbi
2048 2707 2422 2770 restituerunt,
2455 2705 2573 2760 duce
2611 2704 2969 2759 tantummodo
3009 2704 3167 2758 totius
3199 2704 3363 2771 operis
3392 2703 3643 2757 editiones
3675 2715 3882 2758 curata:

639 2802 796 2857 sunt,
832 2794 1248 2854 Mediolanensis
1295 2804 1528 2859 videlicet
1565 2813 1719 2872 atque
1773 2801 2012 2856 Veneta:
2042 2818 2192 2872 qute,
2234 2802 2493 2872 separatis
2544 2800 2669 2854 locis
2707 2798 2994 2869 studiisque
3043 2801 3232 2866 factae,
3265 2796 3404 2850 haud
3447 2796 3605 2850 semel
3647 2796 3788 2849 inter
3829 2811 3885 2848 se

639 2886 944 2953 dissident,
991 2905 1178 2949 neutra
1210 2914 1333 2952 vero
1378 2900 1450 2953 vel
1497 2899 1566 2952 ad
1607 2914 1826 2968 unguem
1879 2897 2096 2949 elimata
2137 2895 2214 2949 vel
2258 2895 2486 2964 perfecta
2517 2904 2592 2949 est
2628 2912 2645 2948 :
2687 2908 2985 2964 quanquam
3015 2907 3105 2961 ego
3145 2889 3349 2943 Veneta:
3389 2889 3634 2951 editioni,
3663 2897 3885 2958 prapter

639 2979 948 3038 Armeniaci
982 2996 1152 3042 textus
1187 2991 1559 3064 doctorumque
1589 2993 1904 3046 scholiorunt
1938 2993 2242 3045 comitatum
2263 3031 2277 3055 ,
2311 2991 2632 3059 pra‘cipuum
2661 2987 2906 3042 honorem
2955 2995 3134 3056 sponte
3182 2985 3375 3054 defero.
3425 2982 3552 3049 Quae
3567 2997 3683 3035 cum
3715 2982 3802 3036 ita
3833 2999 3887 3037 se

611 3073 888 3141 -ltabeant,
912 3095 1182 3154 nunquam
1225 3105 1327 3142 non
1352 3089 1525 3157 aptavi
1560 3089 1766 3142 tertiam
1793 3086 2000 3141 demum
2031 3085 2288 3140 adarnare
2313 3085 2589 3139 editionem
2609 3124 2623 3144 ,
2647 3100 2763 3154 qua:
2791 3083 2968 3136 omnia
2996 3081 3321 3150 superiorum
3351 3077 3482 3131 bona
3507 3077 3883 3146 conjungeret,

641 3165 838 3224 mendis
871 3175 1104 3231 exclusis
1133 3194 1150 3232 :
1175 3178 1226 3231 id
1256 3180 1391 3249 quod
1424 3180 1485 3234 de
1511 3181 1682 3248 priore
1705 3181 1996 3247 pra'sertim
2029 3179 2160 3232 libro
2191 3177 2389 3231 dictum
2422 3179 2524 3240 sit,
2567 3177 2658 3246 qui
2705 3176 2846 3228 unici
2889 3174 3083 3228 codicis
3123 3172 3420 3226 Armeniaci
3459 3170 3784 3224 auctoritate
3828 3177 3885 3224 et

647 3256 956 3316 Gra'carum
1001 3267 1417 3339 fragmentarum
1450 3269 1770 3323 adminiculo
1810 3270 2014 3322 nititur.
2047 3267 2112 3321 In
2146 3269 2433 3336 posteriore
2474 3276 2646 3319 autem
2680 3265 2809 3318 libro
2847 3265 2992 3336 longe
3023 3265 3177 3334 plura
3219 3264 3520 3334 adjumenta
3563 3267 3888 3330 suppetunt,

641 3346 826 3419 quibus
875 3361 1141 3430 egregium
1190 3361 1401 3417 Eusebii
1454 3378 1580 3431 opus
1628 3361 1696 3415 ad
1741 3361 2006 3415 meliorem
2059 3362 2259 3431 frugem
2313 3375 2553 3414 revocare
2606 3360 2723 3413 licet
2775 3375 2794 3413 :
2840 3368 2962 3412 sunt
3003 3360 3139 3412 enim
3183 3359 3237 3412 in
3303 3359 3554 3411 Vaticana
3600 3354 3890 3423 Pontiﬁcis

644 3439 876 3500 Maximi
906 3448 1218 3507 bibliotheca
1246 3457 1550 3521 posterioris
1579 3454 1973 3510 Chronicorum
2009 3457 2131 3510 libri
2161 3461 2360 3511 codices
2389 3456 2505 3516 plus
2534 3456 2749 3525 viginti,
2773 3470 2898 3525 quos
2929 3454 3062 3507 inter
3092 3455 3291 3523 aliquot
3322 3462 3512 3507 veteres
3537 3459 3584 3505 et
3613 3459 3890 3518 praestan-

649 3540 865 3598 tissimi.
898 3543 1164 3601 Pra'terea
1211 3565 1326 3601 cum
1360 3549 1413 3600 in
1459 3546 1840 3620 Medialanensi
1878 3565 1940 3602 ac
1975 3548 2163 3603 Veneta
2198 3552 2352 3604 unius
2397 3559 2596 3603 tantum
2630 3548 2841 3603 Eusebii
2880 3547 3032 3601 verba
3074 3548 3470 3606 contineantur,
3515 3559 3770 3612 magnum
3805 3551 3888 3596 est

649 3634 819 3702 aperis
847 3634 1239 3702 detrimentum,
1274 3640 1411 3710 quod
1434 3641 1704 3707 permultis
1729 3650 1883 3712 atque
1910 3641 2181 3709 pra‘claris
2210 3640 2270 3696 S.
2294 3641 2598 3711 Hieronymi
2623 3639 2992 3694 additamentis
3015 3647 3178 3692 caret.
3207 3636 3385 3706 Neque
3414 3638 3625 3704 ipsemet
3656 3633 3886 3688 Eusebii

655 3735 828 3783 textus
875 3729 929 3782 in
959 3731 1227 3798 prtedictis
1258 3731 1574 3786 editionibus
1595 3771 1608 3794 ,
1642 3749 1755 3801 qua:
1784 3747 1848 3786 ex
1881 3733 2190 3786 Armeniaca
2218 3733 2391 3787 codice
2422 3743 2672 3796 manant,
2702 3733 2894 3802 integer
2925 3741 2999 3786 est
3035 3743 3188 3801 atque
3233 3728 3469 3782 illibatus
3501 3745 3519 3782 :
3541 3729 3732 3783 etenim
3772 3730 3892 3782 luce

656 3820 949 3876 meridiana
990 3825 1186 3878 clarius
1223 3834 1332 3886 est,
1379 3841 1482 3878 non
1527 3840 1695 3894 pauca
1735 3826 2038 3879 Armeniunt
2077 3825 2154 3880 vel
2195 3825 2574 3880 Amanuensem
2623 3825 2700 3878 vel
2748 3825 3075 3893 interpretem
3116 3822 3180 3877 de
3220 3822 3455 3892 genuinis
3506 3819 3722 3874 Eusebii
3771 3822 3892 3890 fra-

657 3915 874 3986 gmentis
920 3918 1314 3983 prmtermisisse
1358 3932 1376 3970 :
1419 3933 1574 3986 quam
1619 3935 1726 3971 rem
1776 3916 2047 3988 Syncellus
2095 3919 2419 3985 praesertim,
2465 3927 2512 3972 et
2559 3917 2866 3972 Chronicon
2901 3916 3156 3987 paschale
3198 3914 3368 3985 (cujus
3413 3913 3780 3968 nobilissimus
3837 3916 3894 3968 in

670 4006 924 4062 Vaticana
952 4006 1260 4062 bibliotheca
1290 4007 1450 4061 codex
1485 4017 1617 4078 est),
1651 4019 1825 4080 aperte
1851 4009 2240 4072 demonstrant,
2274 4010 2337 4063 de
2364 4026 2584 4080 quarunt
2624 4009 2782 4063 veluti
2813 4009 3100 4063 rivulorum
3139 4006 3203 4059 ab
3242 4005 3466 4060 Eusebio
3496 4006 3697 4076 origine
3733 4005 3895 4058 nullo

658 4101 811 4156 modo
855 4097 1090 4152 dubitari
1115 4110 1302 4169 potest.
1341 4099 1584 4168 Profecto
1613 4112 1825 4156 sanctus
1853 4101 2203 4173 Hieronymus
2231 4103 2471 4171 afﬁrmat
2500 4103 2552 4155 in
2594 4103 2929 4171 praefatione,
2964 4117 3018 4154 se
3048 4109 3168 4154 ante
3212 4100 3446 4170 Trojana
3482 4108 3714 4166 tempora
3749 4100 3897 4153 nihil

655 4206 870 4260 prorsus
899 4189 1122 4245 Eusebio
1149 4191 1416 4245 addidisse
1445 4203 1531 4247 :et
1558 4201 1728 4246 tamen
1756 4191 1978 4246 Latinus
2033 4192 2424 4248 Cltronicorum
2467 4202 2634 4248 textus
2669 4191 2937 4263 complura
2961 4194 3110 4247 habet
3136 4203 3256 4248 ante
3297 4191 3470 4260 Trojat
3499 4191 3896 4258 captivitatem,

654 4301 690 4339 α
717 4283 910 4339 (ἐνίει-ξε
951 4301 1084 4354 εαιρε
1116 4286 1420 4355 fragmentis
1452 4288 1792 4353 conﬁrmata,
1822 4303 1936 4356 qua:
1969 4286 2310 4341 Armeniacus
2337 4289 2499 4342 codex
2521 4289 2804 4343 desiderat.
2837 4287 2964 4342 Post
3004 4288 3219 4357 Trojam
3249 4303 3448 4358 quoque
3476 4295 3680 4352 captam
3706 4287 3900 4340 multa

651 4388 775 4432 sunt
803 4377 865 4432 ab
893 4380 1202 4432 Armeniaca
1234 4381 1507 4445 interprete
1532 4380 1917 4446 prwtermissa,
1945 4395 2060 4448 qua:
2084 4377 2433 4450 Hieronymus
2461 4383 2678 4445 retinet,
2711 4397 2800 4434 nec
2833 4391 3002 4434 tamen
3034 4383 3168 4434 inter
3200 4380 3312 4449 ejus
3348 4380 3710 4434 additamenta
3763 4396 3899 4433 cen-

651 4489 766 4527 sere
805 4473 960 4536 licet,
991 4473 1116 4543 quia
1146 4487 1263 4524 cum
1297 4468 1492 4524 Gra’cis
1526 4469 1834 4540 fragmentis
1869 4471 1978 4524 sine
2011 4471 2166 4526 dubio
2203 4473 2509 4526 Eusebianis
2550 4473 2875 4527 adamussim
2904 4484 3216 4543 congruunt.
3251 4472 3434 4542 Opera:
3467 4473 3628 4542 igitur
3648 4474 3897 4540 pretium

655 4581 737 4619 me
778 4565 1042 4635 facturum
1084 4564 1320 4632 speravi,
1363 4564 1411 4617 si
1447 4563 1742 4616 universum
1778 4562 1992 4617 Eusebii
2018 4564 2312 4619 Chronican
2348 4582 2478 4619 nova
2513 4565 2611 4618 hac
2643 4565 2868 4618 editione
2909 4565 3180 4634 integrius,
3211 4564 3536 4618 emendatius
3572 4564 3899 4633 pleniusque

655 4659 880 4729 facerem
905 4678 921 4714 :
943 4663 1167 4729 priorem
1198 4660 1391 4714 scilicet
1425 4658 1617 4712 librum
1649 4658 1872 4710 duarum
1901 4658 2178 4713 collatione
2205 4659 2491 4713 editionum
2512 4701 2526 4724 ,
2557 4661 2752 4715 criticis
2799 4660 2997 4731 aliquot
3041 4658 3581 4714 animaduersionibus
3605 4698 3619 4721 ,
3649 4657 3903 4727 philolo-

653 4755 768 4823 gico
806 4753 978 4807 studio
1017 4771 1078 4808 ac
1108 4752 1384 4808 sedulitate
1414 4752 1693 4822 expolirem
1726 4761 1775 4806 et
1821 4752 2162 4822 reformarem
2200 4767 2219 4805 .°
2261 4755 2600 4821 posteriorem
2647 4771 2796 4821 vero,
2829 4773 2933 4810 non
2971 4756 3140 4809 solum
3180 4755 3547 4825 prattermissis
3589 4752 3653 4806 ab
3686 4753 3901 4808 Arme-

659 4848 812 4902 niaca
862 4845 1135 4914 interprete
1180 4845 1488 4900 Eusebianis
1535 4845 1841 4916 fragmentis
1885 4861 2161 4914 augerem,
2213 4863 2387 4900 verum
2430 4850 2591 4902 etiam
2633 4848 2800 4904 doctis
2849 4849 3157 4920 Hieronymi
3200 4850 3469 4904 laboribus
3513 4847 3900 4914 cumularem;

655 4941 871 5012 etquod
915 4944 1149 5010 apprime
1189 4949 1474 5006 intererat,
1520 4950 1595 4995 tat
1637 4939 1871 4994 codicum
1906 4939 2276 4994 Vaticanarum
2309 4944 2510 4996 auxilio
2539 4943 2703 5014 fretus
2740 4963 2872 5001 nava
2919 4961 3135 5014 prorsus
3176 4945 3392 4999 lectione
3431 4945 3706 5000 donarem.
3754 4945 3903 5001 Ha‘c

652 5043 734 5089 est
759 5035 918 5104 igitur
954 5034 1163 5087 consilii
1189 5037 1288 5089 mei
1312 5049 1516 5089 summa
1540 5048 1557 5085 :
1582 5033 1665 5085 cui
1677 5031 1794 5100 jam
1818 5030 1953 5084 illud
1983 5029 2278 5085 addendum
2303 5043 2413 5096 est,
2438 5035 2576 5104 quod
2610 5036 2854 5091 lacunam
2887 5037 3080 5092 codicis
3113 5038 3444 5102 Armeniaci,
3481 5037 3619 5090 inter
3645 5037 3903 5108 priorem

657 5129 980 5198 alterumque
1013 5125 1202 5181 librum
1234 5129 1552 5200 interjectam
1576 5167 1592 5192 ,
1617 5125 1671 5179 id
1702 5135 1780 5180 est
1813 5125 2084 5179 consulum
2131 5125 2532 5198 Cwsarumque,
2581 5146 2698 5183 cum
2751 5131 3144 5187 decurrentibus
3189 5131 3576 5203 olympiadibus
3599 5172 3613 5192 ,
3650 5132 3859 5187 seriem
3879 5179 3897 5200 ,

655 5221 894 5277 invocato
944 5218 1199 5277 Chronici
1247 5223 1517 5292 paschalis
1567 5221 1766 5277 auxilio
1826 5220 2128 5284 certissime,
2178 5227 2238 5271 ut
2295 5220 2544 5288 arbitror,
2593 5227 2806 5292 sustuli,
2855 5235 2905 5281 et
2966 5223 3178 5280 Eusebii
3235 5239 3362 5294 opus
3418 5223 3903 5284 absolutissimum

656 5313 882 5372 reddidi.

2127 5483 2383 5505 ψ
