4060 6244
356 378 464 435 143
528 376 536 385 ’
680 412 685 419 ο
1556 375 2058 435 CHRONICORUM
2096 376 2223 434 LIB.
2260 378 2301 435 I.
3498 381 3611 438 ω

349 499 577 557 nomine
611 496 810 553 Ninum
857 497 1185 569 appellatam
1217 496 1392 557 aiunt.
1446 510 1569 569 quae
1606 506 1724 551 erat
1749 496 1921 567 prima
1951 502 1995 557 Α
2023 494 2188 560 visse,
2215 510 2377 567 quam
2404 494 2641 552 hominis
2674 501 2758 551 est
2791 514 2805 551 :
2833 494 2978 566 quod
3006 510 3231 567 prorsus
3252 494 3319 553 de
3344 497 3625 558 universa»

348 589 699 662 Assyriorum
738 588 871 646 urbs
896 588 1066 661 regia,
1101 602 1328 660 quaeque
1354 588 1621 645 Assurum
1650 594 1929 643 auctorem
2030 587 2313 645 hominum
2341 589 2511 660 stirpe
2538 588 2911 662 designavisse
2935 588 3272 660 exploratum
3299 599 3383 648 est
3398 593 3535 664 (6).-

353 684 622 757 agnoscit.
654 681 785 737 Erat
813 690 993 738 autem
1016 682 1104 737 hic
1130 681 1199 739 de
1228 681 1354 737 ﬁliis
1386 680 1554 747 Semi,
1587 697 1617 737 a
1655 697 1766 753 quo
1787 681 1931 738 dixi-
2101 678 2154 735 5.
2193 676 2299 734 Sed
2330 678 2475 734 enim
2510 687 2700 736 nostra
2726 680 2841 734 haec
2868 679 3222 749 chronologia
3253 681 3621 754 nullam‘ejusu

346 792 476 833 mus
496 783 793 845 occupatas
819 789 1010 831 omnes
1038 775 1225 845 plagas
1250 773 1507 830 Orientis.
1527 772 1647 829 Nati
1667 789 1732 830 ex
1766 772 1929 831 Semo
2027 770 2300 826 incolatus
2323 771 2587 826 rationem
2620 771 2877 827 habebit:
2910 786 3085 843 neque
3138 772 3374 828 ordietur
3401 789 3433 829 a
3458 776 3618 834 ctelm

342 867 599 925 feruntur
625 868 704 940 (l)
730 868 895 924 etiam
922 867 1146 924 Elamus
1174 877 1229 925 et
1280 870 1521 927 Assurus
1545 876 1600 925 et
1637 867 1926 939 Arphaxa-
2027 872 2282 935 terraque
2303 863 2562 931 conditis,
2593 865 2671 920 uti
2696 866 2942 921 nonnulli
2971 865 3072 921 sibi
3098 865 3397 936 iacendum
3420 871 3616 925 existi‘L

342 961 442 1017 des
468 969 525 1018 et
549 960 785 1018 Aramus
809 968 863 1016 et
890 959 1096 1017 Ludus.
1121 960 1190 1015 At
1211 976 1276 1018 ex
1299 960 1488 1016 Elamo
1508 961 1616 1018 orti
1649 968 1778 1018 sunt
1802 959 1927 1015 Ela—
2025 965 2340 1023 maverunt;
2377 955 2472 1013 sed
2501 957 2569 1013 ab
2621 973 2688 1013 eo
2714 964 2958 1028 tempore
3003 973 3113 1029 quo
3156 969 3352 1013 natura
3407 968 3621 1016 nostra.

342 1053 512 1122 mitaa,
558 1069 691 1125 gens
720 1054 894 1125 prima
948 1051 1236 1110 Persarum
1267 1054 1392 1124 (2):
1450 1055 1520 1108 ab
1555 1053 1642 1109 his
1670 1051 1918 1124 Elymais
2024 1048 2193 1119 coepit
2236 1064 2381 1113 esse,
2445 1049 2526 1104 uti
2581 1065 2728 1104 nunc
2761 1065 2821 1106 se
2877 1050 3057 1116 habet,
3114 1052 3401 1119 mortalis;
3434 1059 3622 1123 atque-

341 1146 480 1203 urbs
511 1146 874 1202 condebatur.
913 1144 1124 1202 Assuro
1181 1145 1390 1218 Assyrii
1440 1146 1703 1218 progeniti
1751 1156 1873 1200 sunt
1901 1162 1921 1201 :

340 1236 724 1308 condebatqne
753 1237 997 1304 Assurus
1024 1237 1213 1293 urbem
1240 1236 1464 1305 Ninum,
1500 1254 1623 1310 quae
1654 1255 1778 1294 mox
1826 1238 1917 1295 Ni.

340 1325 469 1381 nive
504 1327 653 1382 dicta
685 1335 791 1382 est.
823 1326 900 1381 Ex
931 1327 1255 1398 Arphaxade
1297 1330 1684 1400 Arphaxadmi,
1739 1332 1833 1402 qui
1864 1340 1921 1388 et

336 1417 581 1474 Chaldaei
616 1420 837 1475 vocitati
901 1430 1029 1475 sunt
1106 1421 1205 1491 (‘5).
1268 1420 1349 1477 Ex
1405 1422 1608 1480 Aramo
1659 1424 1915 1489 Aramaai,

336 1508 543 1578 quibus
597 1515 682 1564 est
715 1524 915 1564 nomen
953 1509 1116 1565 etiam
1169 1509 1313 1583 Syri.
1348 1510 1424 1568 Ex
1479 1511 1635 1570 Ludo
1681 1514 1918 1586 denique

340 1596 476 1669 Lydi
508 1599 606 1665 (4).
644 1599 985 1670 Arphaxadis
1010 1608 1191 1656 autem
1229 1602 1373 1659 ﬁlius
1431 1602 1533 1659 fuit
1562 1603 1718 1671 Sala;
1752 1606 1916 1677 hujus

334 1687 606 1754 Heberus,
635 1705 666 1744 a
699 1707 809 1761 quo
836 1689 1187 1749 Hebraeorum
1214 1711 1411 1753 nomen
1454 1705 1510 1753 et
1538 1715 1674 1770 gens
1711 1715 1912 1771 propa-

333 1784 588 1851 gabatur.
621 1783 833 1839 IIebero
886 1788 1154 1843 successit
1187 1799 1343 1846 sexto
1396 1792 1517 1849 loco
1562 1792 1910 1851 Abrahamus

2021 1141 2292 1211 ejusmodi
2326 1140 2450 1197 vitae
2473 1140 2713 1197 conditio
2746 1155 2777 1196 a
2820 1141 3002 1213 prisco
3036 1142 3129 1197 illo
3178 1150 3406 1214 parente
3435 1142 3597 1200 nobis

2019 1230 2213 1287 oborta
2238 1238 2324 1287 est
2360 1249 2375 1286 :
2402 1231 2517 1297 illo,
2550 1232 2795 1303 inquam,
2820 1233 2911 1302 qui
2934 1233 3189 1303 paradiso
3224 1233 3445 1303 excidit,
3476 1232 3594 1289 dul-

2018 1324 2178 1396 cique
2196 1338 2260 1379 ac
2287 1324 2531 1381 feliciore
2557 1325 2667 1381 vita
2686 1325 2945 1397 depulsus
2961 1334 3065 1394 est,
3085 1334 3138 1383 et
3167 1330 3386 1385 nomine
3410 1327 3590 1384 dictus

2016 1417 2278 1473 Adamus.
2326 1415 2503 1489 Hujus
2530 1434 2631 1490 ego
2657 1434 2851 1485 annos,
2881 1420 3080 1491 quibus
3135 1420 3352 1476 fatalem
3381 1431 3589 1477 morta-

2017 1510 2233 1583 lemque
2258 1509 2425 1566 vitam
2449 1510 2740 1576 conclusit,
2760 1527 2827 1568 ex
2859 1509 3146 1567 Hebraicis
3171 1512 3456 1567 codicibus
3475 1512 3592 1567 col-

2015 1602 2200 1675 ligam,
2228 1602 2589 1673 sequentique
2649 1617 2901 1660 sermone
2931 1604 3193 1659 recitabo.
3232 1603 3287 1659 Id
3335 1604 3591 1662 videlicet

2014 1694 2297 1751 Hebraica:
2322 1695 2690 1768 cbronologia:
2716 1708 2880 1768 caput
2901 1705 3004 1761 est,
3022 1696 3165 1753 unde
3184 1697 3349 1753 etiam
3385 1697 3590 1757 Mosai-

2014 1804 2113 1844 cus
2143 1788 2281 1844 liber
2315 1788 2419 1843 hoc
2447 1796 2606 1859 pacto
2637 1788 2975 1858 auspicatur.

332 1871 577 1929 Judaica:
596 1874 773 1946 gentis
827 1877 1159 1946 patriarcha,
1202 1882 1413 1938 decima
1471 1894 1596 1956 post
1642 1885 1906 1943 diluvium
1943 1861 1985 1918 Β
2081 1879 2138 1935 6.
2170 1898 2189 1931 ι
2227 1884 2268 1903 ⁶⁶
2297 1878 2365 1935 Et
2409 1880 2593 1936 emisit
2623 1894 2768 1945 eum.
2819 1880 3017 1951 inquit.
3078 1881 3287 1937 εοῖιῖοει
3345 1881 3583 1953 primum

334 1970 708 2037 generatione.
752 1967 877 2023 Haec
916 1969 1203 2030 hactenus.
1239 1976 1450 2047 Quippe
1500 1979 1670 2034 multa
1717 1979 1909 2051 paucis

332 2058 575 2114 diximus
595 2061 662 2115 ad
683 2062 1155 2120 demonstrandam
1188 2064 1536 2123 Hebraeorum
1595 2084 1718 2125 cum
1745 2068 1910 2125 Chal-

327 2152 468 2209 datis
505 2162 557 2211 et
586 2154 825 2228 Assyriis
868 2158 1203 2216 allinitatem.
1257 2158 1413 2216 Nunc
1461 2176 1640 2233 operae
1670 2166 1906 2234 pretium

326 2253 433 2309 est,
507 2263 568 2303 re
611 2250 774 2319 paulo
819 2252 983 2309 altius
1038 2253 1289 2326 repetita,
1346 2254 1677 2325 principium
1727 2255 1907 2313 facere

323 2340 695 2413 cbronologiae
716 2342 1089 2402 Hebraeorum.

394 2432 448 2489 5.
482 2432 602 2488 Jam
636 2435 802 2506 hujus
855 2438 1012 2495 initio
1042 2438 1227 2496 statim
1258 2453 1322 2493 ea
1353 2448 1543 2494 narrat
1576 2438 1749 2496 Moses
1782 2458 1904 2512 quae

324 2524 702 2597 primigeniam
762 2540 1006 2586 nostram
1051 2532 1379 2588 creationem
1436 2540 1685 2604 spectant
1726 2552 1740 2589 :
1778 2543 1902 2604 post

318 2615 622 2673 bonitatem
673 2626 855 2676 autem
910 2622 1201 2689 amissam,
1250 2624 1481 2694 primam
1534 2622 1899 2680 humanarum

321 2710 579 2782 stirpium
628 2714 830 2769 evolvit
889 2714 1200 2781 historiam,
1251 2731 1484 2787 quarum
1526 2718 1896 2788 pattiarcham

318 2803 579 2876 praedicat
614 2805 899 2872 Adamum,
926 2807 1021 2878 qui
1050 2808 1267 2878 quidem
1300 2809 1484 2879 generi
1514 2810 1770 2865 universo
1801 2809 1899 2866 ho-

317 2911 611 2968 monymus
634 2907 719 2953 est
754 2918 768 2954 :
798 2914 1034 2969 namque
1083 2899 1254 2954 Adam
1302 2901 1356 2955 in
1414 2899 1764 2956 Hebraeorum
1816 2903 1896 2959 Io-

317 2990 479 3059 quela
504 3000 732 3047 cunctos
763 2992 1012 3048 homines
1043 2992 1338 3049 universim
1369 2992 1659 3064 signiﬁcat.
1692 2993 1893 3050 jEvum

311 3080 506 3151 igitur,
541 3098 652 3153 quo
696 3084 786 3139 hic
840 3083 1097 3155 paradiso
1131 3084 1324 3154 pulsus
1370 3085 1538 3140 vitam
1583 3087 1890 3156 protelavit,

312 3170 541 3227 divinus
572 3189 667 3243 per
703 3172 907 3230 Mosem
939 3174 1182 3244 Spiritus
1222 3174 1475 3231 edisserit
1517 3195 1530 3230 :
1577 3186 1693 3231 tum
1741 3187 1892 3233 recta
1917 3206 1961 3266 ε

310 3265 463 3320 serie
522 3274 864 3337 posterorum
894 3267 1032 3337 ~cjus
1097 3268 1505 3323 successionem
1567 3277 1887 3334 enumerat,

311 3355 557 3426 Itemque
583 3365 831 3428 tempora
872 3372 971 3428 pro
1013 3357 1354 3428 singulorum
1385 3357 1636 3415 aetatibus
1672 3376 1685 3413 ε
1733 3374 1891 3430 pror-

312 3462 413 3503 sus
445 3455 505 3502 ut
533 3448 647 3518 jam
707 3448 835 3504 inde
863 3449 931 3503 ab
958 3448 1167 3506 Adamo
1216 3456 1510 3505 contexere
1543 3449 1702 3507 nobis
1729 3451 1891 3507 liceat

308 3549 474 3612 atque
497 3542 757 3598 ordinare
778 3542 1124 3599 Hebrzeorum
1148 3542 1577 3614 chronologiam.

376 3632 437 3688 4.
464 3632 601 3687 Nam
632 3641 877 3705 tempora
906 3638 944 3700 ‘,
977 3635 1178 3706 quibus
1223 3634 1528 3690 habitatum
1558 3642 1642 3691 est
1665 3634 1720 3689 in
1767 3634 1880 3699 illo,

217 3730 259 3766 μ’
305 3724 404 3796 qui
454 3723 551 3781 Dei
600 3725 780 3782 dictus
805 3733 908 3792 est,
943 3727 1219 3798 paradiso,
1270 3742 1429 3783 nemo
1472 3736 1557 3782 est
1594 3726 1687 3797 qui
1729 3725 1883 3781 eﬁari

305 3826 495 3891 queat.
523 3817 634 3875 lmo
662 3820 797 3875 mihi
825 3822 1038 3877 videtur
1063 3821 1329 3878 mirabilis
1382 3821 1472 3876 ille
1504 3819 1704 3884 Moses,
1740 3820 1875 3875 divi-
1909 3875 1913 3881 |

304 3924 382 3965 no
412 3906 621 3980 Spiritu
644 3925 801 3975 usus,
829 3910 1015 3966 nescio
1046 3909 1192 3981 quod
1222 3908 1587 3965 diversorium
1626 3908 1759 3963 orbe
1782 3922 1881 3963 no-

302 4008 426 4056 stro
454 4000 672 4065 melius,
702 4009 757 4057 et
806 4002 1179 4058 beatissimum
1219 4002 1452 4072 aliquem
1512 3999 1622 4055 Deo
1669 4000 1879 4054 dilecta:

2011 1972 2308 2039 hominem,
2343 1972 2611 2031 Dominus
2642 1973 2786 2030 Deus
2812 1988 2843 2029 e
2873 1973 3128 2044 paradiso
3146 1974 3488 2041 deliciarum,
3522 1982 3587 2033 ut

2010 2071 2212 2120 terram
2266 2065 2538 2122 excoleret
2579 2064 2646 2121 de
2702 2081 2807 2136 qua
2843 2076 3094 2135 sumptus
3150 2072 3287 2122 erat.
3338 2065 3403 2121 Et
3422 2067 3586 2139 ejecit

2007 2157 2300 2221 Adamum,
2332 2173 2567 2229 eumque
2620 2174 2651 2214 e
2692 2159 2912 2229 regione
2967 2157 3206 2228 paradisi
3263 2157 3582 2215 deliciarum

2006 2250 2313 2307 collocavit.
2357 2269 2375 2303 ι
2412 2248 2548 2305 Tum
2581 2249 2822 2305 addit
2866 2267 2881 2304 :
2943 2269 2961 2302 ι
3021 2248 3307 2323 Ingressus
3339 2250 3583 2308 Adamus

2006 2342 2073 2398 ad
2104 2344 2271 2398 Evam
2296 2358 2521 2399 uxorem
2548 2358 2704 2398 suam
2741 2348 2846 2407 est,
2880 2358 3001 2413 quae
3047 2344 3300 2415 concepit
3342 2346 3576 2416 peperit-

2003 2450 2110 2505 que
2161 2433 2414 2490 Cainum.
2488 2454 2508 2489 ι
2563 2435 2741 2506 Atque
2780 2433 2910 2489 hinc
2952 2435 3178 2491 omnino
3219 2443 3409 2492 nostra
3465 2437 3579 2494 haec

2002 2526 2361 2596 chronologia
2407 2526 2691 2582 exordium
2737 2526 2919 2597 capiat
2971 2543 2988 2581 :
3048 2526 3349 2596 superioris
3395 2536 3578 2584 autem

2002 2620 2282 2689 temporis,
2314 2618 2361 2674 si
2391 2634 2499 2689 qua
2528 2626 2633 2685 est,
2669 2619 2924 2681 historia,
2954 2634 3016 2675 ea
3056 2634 3283 2689 prorsus
3306 2629 3367 2676 ut
3390 2621 3579 2677 ineﬁ‘a-

2000 2709 2128 2767 bilis
2160 2725 2190 2765 a
2213 2711 2451 2781 posteris
2474 2710 2813 2781 temporibus
2840 2710 3083 2778 sejunCIa
3127 2712 3415 2769 habeatur.
3461 2712 3576 2785 Age

1999 2813 2130 2854 vero
2167 2800 2270 2869 ipsi
2304 2797 2516 2855 Hebrai
2575 2800 2633 2855 in
2664 2788 2805 2856 suis"
2826 2801 3166 2872 temporibus
3211 2806 3573 2875 supputandis

1998 2892 2155 2947 valde
2186 2890 2457 2947 dissident
2480 2892 2628 2948 inter
2656 2908 2716 2948 se
2753 2910 2766 2946 :
2802 2908 2973 2964 quare
3003 2909 3184 2964 opera:
3222 2897 3458 2966 pretium
3487 2904 3573 2952 est

1997 2991 2242 3039 textuum
2281 2984 2426 3055 apud
2459 2984 2608 3055 ipsos
2632 2986 2961 3042 exstantium
2993 2987 3241 3043 notitiam
3267 2987 3486 3053 habere,
3514 2997 3574 3044 ut

1995 3090 2061 3130 ex
2111 3074 2359 3130 instituta
2425 3077 2528 3131 rite
2573 3077 2983 3147 comparatione
3026 3078 3226 3134 veritas
3277 3079 3568 3135 elucescat.

1995 3165 2169 3224 Porro
2198 3168 2692 3239 Mosaiciquinque
2718 3166 2847 3224 tlbri
2877 3167 3028 3225 orbis
3059 3169 3354 3240 opiﬁcium,
3381 3179 3569 3228 aetates

1995 3268 2109 3314 tum
2136 3260 2433 3316 viventium
2459 3268 2586 3316 ante
2614 3260 2880 3316 diluvium
2908 3272 3019 3317 tum
3052 3263 3359 3333 priscorum
3382 3262 3566 3319 homi-

1992 3368 2122 3408 num
2150 3361 2270 3423 post
2304 3353 2460 3419 illud,
2496 3367 2598 3409 nec
2632 3369 2741 3409 non
2782 3352 3076 3409 chraicas
3117 3355 3466 3426 propagines,
3512 3365 3567 3413 et

1992 3438 2228 3510 denique
2252 3439 2418 3496 Mosis
2448 3457 2515 3497 ex
2557 3441 2659 3497 hac
2683 3441 2790 3495 vita
2816 3456 3103 3502 excessum
3136 3444 3389 3503 recitant.

2063 3530 2115 3585 7.
2158 3530 2262 3586 Sed
2287 3532 2432 3586 enim
2460 3530 2618 3603 Legis
2647 3530 2911 3588 Volumen
2923 3534 3064 3604 apud
3092 3532 3404 3591 Iudaeorum
3439 3551 3567 3593 suc.

1989 3637 2239 3679 cesseres
2274 3623 2433 3680 aliter
2481 3640 2540 3681 se
2571 3625 2761 3691 habet,
2804 3633 2967 3698 atque
3013 3626 3157 3699 apud
3187 3626 3563 3687 Samaritanos

1987 3717 2080 3786 qui
2133 3716 2351 3772 fuerunt
2405 3716 2717 3775 Judzeorum
2767 3719 3043 3793 proselyti.
3098 3721 3240 3789 Quin
3268 3722 3403 3779 adeo
3431 3724 3563 3796 ipsa:

1985 3808 2179 3865 littera:
2205 3810 2311 3865 alia
2337 3808 2509 3866 forma
2540 3811 2780 3882 praedita:
2806 3822 2934 3869 sunt
2971 3813 3114 3884 apud
3150 3813 3429 3882 Hebraeos,
3454 3818 3560 3872 alia

1986 3901 2131 3972 apud
2170 3899 2547 3959 Samaritanos
2583 3923 2597 3959 :
2639 3905 2790 3974 atqui
2816 3903 3190 3962 Samaritanos
3213 3909 3478 3978 genuinas
3505 3917 3559 3966 et

1985 3993 2337 4065 primigenias
2367 3995 2644 4051 habendas
2682 4011 2836 4060 esse,
2887 4012 2956 4052 ne
2982 3995 3292 4052 Iudaeorum
3337 4000 3559 4070 quidem

300 4095 431 4149 vita
458 4093 756 4149 incolatum
791 4094 1038 4158 innuere,
1063 4109 1187 4150 cum
1219 4094 1423 4164 primas
1456 4091 1680 4146 humani
1710 4106 1876 4163 gene-
1981 4085 2228 4143 haeredes
2256 4086 2461 4142 inﬁtias
2489 4088 2767 4143 ibunt“".
2802 4086 2967 4158 Igitur
2987 4098 3113 4144 ante
3143 4097 3383 4148 mutatas
3410 4092 3558 4148 litte-

242 4180 247 4185 ’
298 4187 381 4243 ris
411 4184 574 4242 sedes
596 4186 912 4255 paradisum
947 4187 1181 4257 appellat
1213 4185 1330 4258 (5):
1368 4200 1561 4254 nempe
1604 4182 1876 4238 Adamum
1979 4192 2071 4234 ras
2119 4178 2327 4235 nullum
2373 4184 2516 4235 inter
2542 4195 2637 4236 eos
2667 4180 2956 4236 discidium
2989 4180 3110 4237 fuit.
3162 4180 3377 4240 Rursus
3409 4184 3557 4256 quod

297 4276 356 4333 in
385 4277 649 4349 paradiso
679 4278 989 4335 suaviorem
1032 4278 1442 4349 duleioremque
1482 4276 1649 4331 vitam
1705 4274 1878 4347 agita-
1978 4271 2173 4327 attinet
2196 4269 2265 4326 ad
2292 4270 2697 4343 chronologiam
2726 4270 3048 4331 manifestus
3076 4280 3160 4330 est
3186 4274 3422 4345 partium
3445 4271 3560 4329 dis-

370 4478 439 4550 (‘)
483 4479 597 4552 Τὴν
636 4480 733 4551 μὲν
766 4482 1038 4552 ποσότητα
1070 4479 1163 4534 τοῦ
1185 4482 1377 4554 χρόνου
1403 4479 1503 4549 τῆς
1529 4480 1587 4532 ἐν
1616 4475 1694 4549 τῷ
1730 4479 2044 4604 παῧαδείσῳ
2089 4480 2367 4551 διαγωγῆς
2408 4479 2517 4533 τῶν
2546 4476 2985 4551 πρωοπλάστων
3028 4479 3337 4550 ἀτράνωτον
3366 4478 3496 4551 ἡμῖν
3529 4479 3559 4533 ὁ

370 4549 536 4604 ὀπτῆς
573 4551 812 4604 Μωῦσῆε
841 4552 1212 4604 καταλέλοιπε.
1252 4552 1336 4604 Ea:
1364 4549 1705 4604 Suncellom.
1736 4548 1770 4602 4
1853 4592 1866 4604 .

297 4547 812 4624 θώτιτηςΜὼῡσῆς
841 4547 1234 4606 καταλέλοιπέῖ
1252 4552 1336 4606 Ea:
1364 4547 1635 4621 Syncello,
1653 4547 1705 4617 p.
1736 4548 1770 4602 4
1801 4547 1866 4606 Β.

368 4641 457 4714 (ν)
498 4643 608 4696 Καὶ
645 4642 1022 4708 ἐξαπέστειλεν
1062 4644 1223 4698 αὐτὸν
1246 4645 1449 4715 Κύριος
1489 4642 1519 4694 ὀ
1569 4639 1795 4726 ΘεὸςῙέκ
1853 4645 1945 4699 τοῦ
1995 4645 2325 4719 παραδείσου
2367 4644 2467 4715 τῆς
2497 4642 3086 4787 τρυφῆςέὶαέἕγάζεσθαι
3117 4641 3215 4715 τὴν
3258 4643 3363 4727 γῆν
3406 4638 3556 4769 ἐξές

368 4712 528 4784 ἥφθη.
568 4715 727 4787 ᾼΙξα)-
753 4714 974 4779 ἐξέϐαλε
1030 4714 1119 4768 τὸν
1181 4714 1386 4785 Ἀδὰμ,
1437 4714 1532 4768 καὶ
1592 4726 1895 4781 κατῳκισεν
1945 4717 2109 4771 αὑτὸν
2157 4716 2420 4771 ἀπέναντι
2477 4732 2572 4769 του
2633 4732 2710 4768 πα
2816 4715 2962 4768 είσου
3014 4732 3114 4785 της
3172 4731 3406 4786 τρυφης.
3517 4730 3556 4770 κ

293 4712 528 4838 given.
562 4715 733 4840 ἑξῇ
753 4714 974 4779 ἐξέϐαλε
1030 4714 1119 4768 τὸν
1181 4712 1386 4785 Ἀδὰμ,
1437 4714 1532 4768 καὶ
1592 4712 1895 4781 κατῴκισεν
1945 4712 2109 4771 αὑτὸν
2157 4712 2434 4771 ἀπέναντι
2477 4712 2572 4769 τοῦ
2616 4712 2962 4787 σταραδείσου
3014 4714 3114 4785 τῆς
3172 4712 3406 4786 τρυφῆς.
3470 4712 3556 4770 Et

412 4799 539 4849 .‘III,
636 4827 652 4851 ,
741 4826 754 4839 .

367 4877 480 4950 (’⁶⁴)
528 4878 700 4949 Ἀδὰμ
723 4877 778 4933 δὲ
805 4877 946 4949 ἔγνω
972 4879 1117 4934 Εὕαν
1144 4879 1243 4951 τὴν
1270 4884 1501 4950 γυναῖκα
1528 4883 1713 4939 αὐτοῦ·
1742 4885 1837 4939 καὶ
1870 4881 2127 4938 συνέλαϐε
2154 4884 2248 4937 καὶ
2271 4883 2423 4938 ἔτεκε
2459 4881 2551 4936 τὸν
2586 4880 2838 4938 ΚάῖνΈπ
2861 4880 3131 4945 Gett.tv,l.

369 4970 866 5052 (“_“)_Ara_tpwgoﬁat
894 4974 965 5052 τᾲ
998 4974 1755 5052 Ἐρραῖκὰῃᾲντιγραςρα-πρὸς
1768 4980 1832 5033 τὸ
1860 4979 2211 5052 ξαμαρειτῷν
2238 4978 2587 5052 ἀρχαιότατον
2605 4978 2714 5052 Δκαὶ
2736 4981 2847 5043 τοῖς
2864 4976 3204 5051 χαρακτῆρσι
3223 4976 3550 5044 διαλλάττον,

288 5042 323 5097 tt
358 5024 457 5098 {ut
478 5024 835 5116 histilia;
852 5024 963 5099 ’κὰῐ
984 5024 1515 5120 πῇἷτῦἶτιῖἑρὰὲῧῖ
1520 5024 2692 5123 22033315055575“;s'ghclmj'ifés'df
2698 5024 2714 5034 ⁷
2748 5024 3137 5057 ww"

1903 5209 1993 5280 D_
2056 5205 2134 5279 (4)
2166 5204 2280 5261 Imo
2315 5206 2369 5280 hi
2426 5204 2567 5280 Ludi
2615 5204 2754 5280 olim
2793 5201 3123 5280 dicebantur
3148 5210 3289 5280 teste
3311 5199 3548 5280 Iosepho

1980 5272 2306 5348 loconuper
2324 5276 2549 5348 laudato
2585 5295 2599 5331 ε
2647 5274 2852 5339 Λυδοὺς
2890 5272 2985 5330 νῦν
3029 5272 3273 5338 καλοῦσι,
3318 5272 3550 5329 Λούδου-

1978 5349 2035 5403 δὲ
2055 5345 2434 5413 τότείΛούδας
2468 5345 2672 5401 ἔκτισε.

2048 5436 2125 5511 (5)
2149 5437 2224 5519 De
2248 5439 2521 5519 paradiso,
2542 5438 2595 5519 i_n
2613 5452 2723 5519 quo
2740 5437 2916 5519 Moses
2931 5439 3256 5519 collocatum
3276 5437 3547 5519 édamum
3583 5466 3593 5480 ι

2048 5454 2125 5511 (5)
2152 5454 2224 5496 ue
2248 5454 2521 5564 paradiso,
2542 5455 2595 5492 ιη
2613 5454 2723 5519 quo
2740 5454 2916 5495 moses
2931 5454 3256 5520 conlocatum
3276 5454 3546 5493 Adamum

1973 5518 2198 5580 narrat,
2273 5509 2399 5563 laud
2453 5509 2695 5580 absimili
2752 5510 2916 5565 modo
2954 5509 3217 5580 loquitur
3277 5508 3546 5565 Eusebius

1981 5579 2164 5651 Prwp.
2221 5596 2298 5635 ev.
2335 5596 2433 5651 xu,
2465 5580 2552 5651 LI,
2588 5578 2696 5651 £3,
2730 5581 2822 5649 qui
2853 5587 2907 5635 et
2952 5578 3247 5635 Mosaicant
3278 5581 3551 5636 narratio-

367 5194 451 5264 (I)
471 5191 603 5253 Gen.
632 5215 688 5265 ι,
712 5196 807 5256 22.

366 5283 804 5361 (ZLSuﬁ‘ragatur
818 5288 1022 5361 diserte
1044 5288 1316 5361 Iosephus
1334 5293 1516 5361 Antiq.
1545 5310 1584 5356 ι,
1614 5292 1679 5349 6:
1709 5293 1873 5352 Ἔλα-

366 5311 448 5357 (Z)
468 5311 640 5341 ouura
679 5311 804 5343 atur
819 5311 1022 5344 msene
1044 5311 1463 5361 wsepnusmttt
1504 5333 1516 5347 .
1545 5311 1584 5356 l,
1614 5311 1679 5349 υτ
1709 5311 1872 5352 ’ωα-

290 5374 397 5431 po;
436 5311 786 5437 Ἐ’λαμαῇυςᾼ
817 5359 1043 5432 Περσῶν
1091 5360 1249 5437 byw;
1279 5311 1614 5437 ἀρχηγέτας,
1656 5365 1872 5420 κατέλι-

288 5426 395 5482 inv
417 5444 432 5458 ·
460 5426 684 5483 Ειᾰηιιιε
717 5426 1007 5507 ιξιαηιιὲοι,
1033 5432 1124 5501 qui
1153 5426 1271 5488 sunt
1303 5426 1608 5490 Fers-urunt
1624 5437 1871 5507 progeni-

288 5507 452 5565 tores,
487 5500 799 5568 procreavit.

360 5586 441 5656 (3)
472 5585 619 5667 [dem
669 5589 831 5667 plane
857 5591 1043 5667 tradit
1067 5590 1364 5667 ‘Jo‘sephus‘
1386 5595 1514 5667 loco,
1554 5594 1815 5667 praedicto
1848 5614 1865 5654 :
1981 5585 2433 5667 f’pr-fP-JX";
2730 5585 2857 5667 qui:

297 5648 645 5747 ξΔὲςέαξάδης
658 5648 796 5747 frob;
828 5656 921 5747 νῦν
932 5648 1243 5747 ,Χαλδαίοέιξ
1255 5648 1444 5747 ,μάλορ
1450 5648 1661 5747 ᾇέγουξ
1670 5648 1872 5747 ipsa;

1998 5648 2456 5721 iem'opportunis
2485 5648 2731 5706 Platonis
2756 5651 2891 5707 locis
2919 5652 3230 5707 conﬁrmat.

288 5727 561 5817 ςαροιίοιιςι
588 5727 897 5817 ὠνόμασεν,
926 5731 1097 5817 ἔρξας
1144 5727 1322 5790 αὐτῶν
1342 5752 1364 5817 ι’
1394 5727 1870 5817 ΑὶρΙιααὶςάεὲ-ἱιοτ

1998 5813 2001 5817 _
2047 5742 2124 5813 (6)
2180 5740 2567 5817 Subohscurus
2621 5741 2707 5797 vel
2750 5743 3038 5817 perplexus
3091 5750 3146 5799 et
3179 5741 3464 5813 ambiguus
3489 5740 3543 5797 in

284 5798 815 5941 ᾕξέιΑν-ριιαπαάωἱε
840 5798 985 5873 fecit,
1017 5819 1237 5876 quorum
1270 5798 1510 5878 princeps
1530 5806 1549 5879 (
1569 5808 1649 5863 vel
1675 5808 1865 5879 pater)

1998 5798 2289 5873 tamenin:
2328 5821 2476 5871 textu
2507 5813 2683 5873 locus.

316 5879 420 5928 an.
