3928 6220
259 332 355 386 171

1475 329 1969 388 CHBONICORUM
2005 330 2132 386 LIB.
2175 329 2216 385 1.

3374 327 3486 381 i78-

254 452 418 519 cipem
450 464 517 504 ex
551 447 717 512 Juda,
743 448 1049 520 ducemque
1081 465 1111 505 e
1143 449 1346 505 femore
1392 451 1532 520 ejus,
1573 450 1745 506 donec
1775 452 1822 507 is
1849 461 1896 517 Α
1924 453 2045 507 dem
2077 460 2130 506 et
2158 458 2448 522 antequam
2480 448 2700 504 Darium
2736 445 3194 514 iuten’meretjam
3218 423 3478 515 regnave—-

254 541 566 594 adventaret
607 540 701 593 cui
744 550 1020 595 servatum
1050 549 1156 604 est,
1199 542 1253 594 in
1297 556 1406 611 quo
1447 551 1638 612 gentes
1669 557 1820 612 spem

253 647 401 687 suam
430 632 871 686 collocaverunt.
909 652 926 684 ι
963 633 1137 703 Atque
1171 634 1286 687 hate
1315 634 1386 688 ita
1416 649 1475 689 se
1505 633 1730 690 habent.

317 723 368 777 ι.
414 721 646 778 Summa
673 739 804 778 vero
837 725 1101 793 temporis
1139 740 1169 778 a
1195 723 1486 780 Salomone
1530 725 1820 795 templique

249 813 564 881 primordiis
593 828 770 883 usque
793 813 861 866 ad
903 829 1105 868 annum
1138 814 1282 869 Darii
1313 814 1493 872 Persae
1519 815 1818 870 secundant

247 905 545 975 templique
589 907 1073 971 instaurationem,
1125 908 1252 962 anni
1295 916 1424 962 sunt
1453 923 1550 964 nn.
1601 907 1737 962 Tum
1787 922 1818 960 a

250 994 424 1066 Hoyse
438 1012 782 1068 egressuque
811 1013 875 1053 ex
899 997 1131 1070 Egypto
1155 998 1220 1053 ad
1249 997 1594 1054 Salomonem
1612 1007 1666 1053 et
1684 1013 1818 1053 con-

248 1087 415 1141 ditum
455 1089 754 1158 templum,
786 1089 913 1143 anni
946 1098 1072 1144 sunt
1098 1104 1389 1144 ccccnxxx.
1440 1091 1486 1144 Α
1511 1091 1687 1160 primo
1718 1105 1817 1144 au-

247 1183 346 1228 tem
385 1189 531 1229 anno
560 1177 857 1232 Abrahami
889 1179 954 1233 ad
984 1179 1184 1234 exitum
1224 1180 1352 1233 anni
1378 1195 1472 1236 nv.
1502 1179 1568 1234 Et
1613 1195 1644 1234 a
1675 1179 1816 1235 dilu-

245 1267 328 1320 vio
364 1266 436 1320 ad
469 1267 710 1336 primum
754 1284 958 1322 annum
987 1271 1301 1335 Abrahami,
1349 1273 1478 1326 anni
1511 1287 1810 1328 ncccchu.

247 1357 310 1411 Et
340 1359 413 1414 ab
444 1360 658 1415 Adamo
693 1361 766 1416 ad
796 1361 1059 1416 diluvium
1091 1364 1218 1417 anni
1256 1380 1530 1422 Iuccxul.
1574 1363 1817 1435 Denique

246 1451 313 1503 ab
347 1450 555 1506 Adamo
591 1452 665 1507 ad
712 1452 859 1508 Darii
901 1454 1128 1510 alterum
1167 1469 1369 1510 annum
1409 1456 1816 1526 secundumque

249 1542 730 1615 Hierosolymitani
760 1547 944 1617 templi
974 1547 1261 1603 aediﬁcium
1295 1550 1648 1604 cumulantur
1682 1551 1812 1604 anni

248 1650 614 1689 Inuocuxx
639 1636 740 1709 (l).
767 1636 995 1708 Reliqua
1029 1647 1271 1709 tempora
1299 1647 1421 1709 post
1457 1641 1682 1696 alterum
1717 1641 1814 1697 Da-

247 1727 309 1778 rii
340 1741 571 1792 annum,
595 1729 693 1798 qui
723 1727 826 1782 fuit
864 1733 1213 1800 sexagesimae
1244 1733 1448 1802 quinta:
1488 1733 1813 1804 Olympiadis

1922 551 2006 598 rat
2031 543 2188 609 annis
2215 559 2289 597 vi.
2319 541 2540 595 Summa
2569 538 2830 608 temporis
2859 537 2928 591 ah
2965 536 3134 590 altero
3155 534 3301 589 Darii
3331 551 3474 589 anno

1921 630 1988 685 ad
2009 629 2303 685 Alexandri
2331 628 2563 692 obitum,
2595 629 2687 698 qui
2714 629 2770 681 in
2798 627 3030 696 primum
3059 640 3257 679 annum
3288 623 3479 678 incidit

1920 719 2244 790 Olympiadis
2296 721 2607 775 centesima:
2649 726 2859 790 quartae
2889 717 3132 781 decimm,
3185 716 3310 769 anni
3351 724 3478 770 sunt

1918 821 2122 865 CXCVII.

1990 905 2042 958 6.
2083 903 2214 959 Post
2244 902 2537 958 Alexandri
2564 900 2797 964 obitum,
2832 898 3063 970 Egypti.
3087 908 3140 954 et
3169 897 3480 952 Alexandri-

1919 1011 2001 1049 nae
2029 994 2181 1049 urbis
2215 993 2500 1064 imperium
2536 998 2828 1046 tenuerunt
2867 993 2922 1046 hi
2954 1009 2968 1044 :

1989 1089 2029 1139 Ι.
2071 1076 2392 1139 Ptolemaeus
2419 1082 2548 1154 Lagi
2580 1083 2739 1138 annis
2761 1099 2850 1137 χι..

1988 1174 2050 1230 ll.
2093 1173 2416 1228 Ptolemaeus
2439 1171 2824 1241 Philadelphus
2846 1173 3003 1227 annis
3026 1187 3234 1226 xxxvm
3259 1171 3336 1240 (6)

2056 1265 2171 1321 Sub
2223 1266 2325 1321 hoc
2375 1265 2720 1320 Hebraeorum
2761 1266 2904 1318 sacri
2945 1263 3093 1319 Libri
3133 1263 3199 1318 ad
3236 1262 3477 1317 Graecam

1917 1359 2156 1429 linguam
2184 1357 2436 1412 translati
2464 1364 2613 1423 sunt,
2639 1364 2692 1412 et
2717 1357 2770 1410 in
2810 1356 3190 1410 Alexandrinae
3218 1354 3370 1409 urbis
3405 1352 3481 1408 bi-

1916 1448 2242 1503 bliothecam
2275 1448 2496 1517 recepti.

1987 1536 2072 1594 Ill.
2115 1537 2439 1593 Ptolemaeus
2473 1523 2763 1610 Evergetes
2793 1539 2950 1594 annis
2973 1554 3119 1593 xxiv.

1987 1628 2075 1683 ιν.
2118 1627 2442 1684 Ptolemzeus
2466 1627 2782 1699 Philopator
2805 1630 2963 1684 annis
2985 1643 3096 1683 xxi.

1985 1718 2051 1774 V.
2094 1719 2416 1773 Ptolemaeus
2444 1718 2752 1788 Epiphanes
2784 1719 2941 1772 annis
2971 1734 3104 1772 xxii.

245 1829 414 1871 anuus
437 1818 679 1887 primus,
717 1818 957 1874 efficiunt
987 1821 1323 1891 olympiadas
1349 1838 1590 1887 cxxxvn,
1637 1840 1812 1880 annos
1845 1810 1886 1868 Β
1988 1810 2073 1864 Ἣ·
2116 1811 2439 1867 Ρῑοιεωὶἓυδ
2466 1810 2800 1865 Philometor
2830 1810 2987 1866 almis
3010 1825 3194 1865 XXXIV-

243 1923 462 1964 »ιιι-ιιι.
504 1908 644 1976 Quae
691 1920 927 1981 tempora
961 1913 1271 1982 singillatim
1309 1914 1382 1968 ita
1425 1924 1806 1985 supputantur.

399 1995 540 2052 Post
580 1997 785 2068 Cyrum
836 2016 1016 2072 regem
1062 2002 1295 2071 primum
1337 2002 1651 2065 Persarum,
1695 2007 1813 2060 dia-

241 2087 392 2143 dema
438 2089 513 2143 ad
554 2089 881 2162 Cambysem
921 2091 1146 2159 recidit;
1204 2094 1270 2147 ah
1314 2094 1414 2150 hoc
1457 2101 1523 2150 ad
1567 2095 1809 2158 Darium.

238 2178 322 2246 qui
365 2180 541 2233 annis
573 2181 801 2234 omnino
849 2182 1092 2252 regnavit
1140 2197 1194 2235 γι
1239 2198 1402 2253 supra
1443 2201 1572 2240 xxx.
1634 2185 1812 2257 Hujus

239 2283 375 2323 anno
430 2271 614 2326 altero
679 2272 942 2342 templum
1002 2273 1391 2346 Hierosolymis
1449 2276 1808 2332 instauratum

237 2362 440 2432 est(2).
475 2362 702 2434 Reliqui
733 2371 862 2420 sunt
905 2363 1051 2419 Darii
1081 2382 1266 2421 xxxiv.
1305 2365 1617 2422 Teneantur
1642 2369 1809 2440 igitur

237 2451 378 2508 Darii
401 2455 540 2509 anni
568 2471 759 2510 xxxiv.
798 2454 938 2511 Tum
968 2457 1164 2514 Xerxis
1189 2461 1317 2513 anni
1349 2476 1422 2514 xx
1449 2461 1549 2531 (5),
1580 2463 1683 2517 sub
1704 2477 1813 2532 quo

240 2542 486 2600 Estheris
508 2561 604 2600 res
625 2547 949 2617 agebantur.
978 2546 1182 2604 Deinde
1203 2549 1520 2606 Artaxerxis
1546 2550 1672 2604 anni
1699 2566 1808 2605 xu.

238 2632 344 2688 Sub
397 2635 510 2689 hoc
554 2633 766 2691 Esdras
797 2651 1080 2692 sacrorum
1111 2638 1255 2708 apud
1295 2636 1514 2694 Iudaeos
1545 2637 1810 2693 librorum

238 2728 442 2796 peritus
493 2728 681 2782 scriba
717 2726 964 2784 florebat.
1007 2727 1056 2784 Is
1092 2729 1255 2784 etiam
1301 2728 1475 2784 fertur
1504 2737 1735 2784 cunctas
1781 2745 1812 2782 a

237 2814 341 2870 Deo
369 2817 560 2872 dictas
597 2814 925 2886 'Scripturas
958 2818 1014 2871 in
1063 2825 1300 2873 mentem
1351 2819 1455 2874 sibi
1499 2833 1808 2881 revocasse,

240 2919 436 2974 easque
462 2904 677 2961 ludatis
703 2906 1000 2962 tradidisse
1035 2908 1194 2964 novis
1238 2906 1625 2964 Hebraicarum
1671 2909 1814 2965 litte-

241 3013 418 3052 rarum
450 2997 651 3053 formis
689 3014 981 3068 expressas
1005 3000 1078 3071 (4)
1106 3019 1118 3053 :
1153 3000 1314 3070 idque
1347 3010 1470 3070 post
1520 3001 1660 3056 bella
1693 3017 1814 3072 qua:

240 3090 517 3159 regionem
552 3090 705 3144 illam
734 3099 1100 3148 vastaverant.
1129 3090 1398 3147 Praeterea
1431 3100 1485 3147 et
1524 3089 1813 3149 Nehemias

242 3183 505 3251 pincerna
529 3183 989 3254 cognoscebatur,
1025 3183 1118 3254 qui
1144 3182 1436 3238 mandante
1465 3199 1591 3254 rege
1632 3182 1687 3236 in
1717 3181 1813 3238 Ju-

247 3276 422 3330 daeam
443 3291 764 3348 progressus
793 3275 1165 3348 Hierosolyma
1192 3277 1484 3337 excitabat.
1510 3276 1812 3346 urbemque

248 3368 520 3423 menibus
551 3368 835 3423 ambiebat
866 3387 879 3424 :
911 3377 1138 3424 eatenus
1191 3370 1335 3425 enim
1381 3369 1514 3426 urbs
1546 3369 1602 3423 in
1636 3368 1810 3423 ruinis

247 3460 591 3524 consederat,
629 3461 830 3532 templo
873 3471 1122 3532 excepto,
1175 3461 1322 3532 quod
1367 3463 1470 3518 sub
1520 3461 1684 3517 Dario
1722 3476 1809 3515 re-

242 3552 473 3624 rixerat.
501 3549 636 3607 Post
661 3551 1020 3607 Artaxerxem
1050 3553 1311 3607 dominati
1340 3560 1466 3608 sunt
1494 3553 1674 3609 Persis
1705 3553 1760 3606 hi
1795 3571 1808 3607 :

242 3642 433 3699 Darius
466 3643 634 3698 annis
663 3660 758 3698 xix
782 3643 880 3715 (5).
914 3644 1243 3700 Artaxerxes
1273 3644 1520 3700 Mnemon
1539 3644 1699 3701 annis
1721 3659 1809 3700 ιι..

240 3732 419 3790 Ochus
496 3735 662 3790 annis
720 3751 869 3790 xxvr.
921 3735 1087 3790 Arses
1139 3737 1298 3790 annis
1345 3752 1415 3789 iv.
1474 3735 1668 3790 Darius
1722 3749 1814 3788 an-

239 3827 319 3882 nis
341 3844 418 3881 vi.
451 3827 593 3883 Post
626 3828 728 3884 hos
763 3827 1071 3884 Alexander
1113 3827 1335 3884 Macedo
1376 3827 1666 3884 Persarum
1711 3829 1815 3882 im~

238 3919 444 3987 perium
466 3918 694 3984 delevit,
729 3921 1082 3990 regnavitque
1113 3921 1230 3991 ipse
1259 3921 1419 3976 annis
1444 3935 1494 3974 Vl
1520 3939 1534 3988 ;
1565 3919 1658 3990 qui
1688 3919 1811 3990 qui-

301 4060 362 4129 (⁹)
405 4058 574 4112 Κατὰ
622 4059 678 4112 δὲ
732 4061 995 4129 Ἀντίοχον
1037 4061 1244 4114 τουτονὶ
1286 4059 1602 4122 Ματταθίας
1655 4059 1906 4128 Ἀσαμων

1907 4055 2023 4108 αίου
2055 4054 2185 4116 παῖς
2229 4052 2386 4122 ζῆλον
2424 4051 2526 4122 frey
2576 4051 2677 4122 {me

1989 1905 2039 1958 7.
2081 1903 2254 1973 Hujus
2284 1911 2442 1958 tet-ate
2475 1905 2718 1973 regnavit
2750 1901 2804 1955 in
2844 1901 3000 1973 Syria
3029 1900 3352 1965 Antiochus,
3383 1915 3482 1954 co-

1915 2001 2207 2066 gnomento
2238 1993 2570 2065 Epiphanes,
2603 1995 2706 2050 sub
2747 2009 2857 2064 quo
2885 2010 2948 2049 ea
2984 1992 3329 2063 contigerunt
3357 2009 3478 2063 quae

1915 2089 1971 2142 in
1999 2088 2137 2142 libro
2165 2084 2239 2157 (7)
2271 2086 2700 2141 ll-lachabaeorum
2723 2096 3053 2152 narrantur;
3089 2100 3302 2156 nempe,
3333 2084 3484 2152 quod

1915 2179 2220 2236 Antiochus
2251 2176 2490 2233 Judteam
2512 2186 2726 2250 gentem
2756 2178 2822 2232 ad
2847 2177 3264 2248 superstitiones
3299 2177 3478 2232 ethni-

1913 2289 2006 2329 cas
2043 2272 2213 2329 relabi
2253 2271 2518 2342 coegerit,
2557 2270 2927 2341 templumque
2968 2269 3230 2324 dedicatis
3279 2268 3352 2324 ibi
3399 2269 3477 2325 si—

1913 2366 2032 2436 gnis
2096 2365 2470 2429 temeraverit,
2522 2371 2637 2416 tum
2687 2371 2743 2417 et
2801 2367 3013 2416 sacram
3087 2361 3475 2432 supellectilem

1915 2457 2222 2528 olympiade
2262 2456 2562 2512 centesima
2584 2454 3037 2525 quinquagesima
3071 2453 3246 2523 prima
3271 2453 3346 2524 (8)
3394 2454 3476 2507 (li-

1914 2550 2164 2621 ripuerit.
2183 2547 2510 2618 lnterjacent
2533 2554 2710 2617 autem
2738 2548 2882 2601 inter
2899 2545 3210 2602 Macedonis
3234 2545 3476 2601 Alexan-

1913 2641 1994 2694 dri
2026 2640 2233 2695 obitum
2261 2640 2606 2710 primumque
2641 2653 2845 2692 annum
2889 2637 3188 2708 Epiphanis
3218 2638 3472 2692 Antiochi

1915 2733 2042 2786 anni
2061 2748 2125 2786 cr.
2153 2732 2229 2801 (9)
2264 2752 2275 2787 :
2306 2741 2359 2787 et
2407 2732 2548 2786 inter
2589 2733 2818 2802 alterum
2857 2730 3002 2784 Darii
3051 2746 3255 2786 annum
3310 2736 3474 2798 atque.

1916 2826 2083 2894 ipsum
2103 2823 2427 2878 Antiochum
2450 2823 2576 2878 anni
2601 2837 2842 2877 ccchvn
2875 2821 3008 2892 (10).
3040 2819 3216 2890 Hujus
3238 2824 3258 2843 ‘
3285 2821 3476 2876 Antio-

1913 2916 2002 2970 cbi
2032 2915 2376 2985 temporibus
2402 2913 2712 2983 Matathias,
2750 2913 3054 2969 Asamonaei
3081 2912 3245 2978 illius,
3274 2912 3476 2984 patrio-

1914 3021 2037 3060 rum
2075 3019 2356 3060 sacrorum
2386 3007 2558 3059 zelum
2610 3025 2725 3084 pm
2760 3019 2821 3059 se
2867 3002 3067 3068 ferens,
3104 3002 3215 3058 dux
3257 3002 3476 3073 gentilis

1913 3095 2193 3153 exercitus
2213 3095 2448 3151 exstitit.
2494 3093 2634 3149 Huic
2667 3097 2934 3150 successit
2981 3093 3150 3150 Judas
3181 3094 3349 3159 ﬁlius,
3384 3109 3477 3150 co-

1917 3192 2213 3258 gnomento
2241 3182 2598 3238 Machameus.
2632 3182 2760 3239 Post
2789 3185 2934 3239 hunc
2965 3200 3158 3240 rursus
3187 3184 3354 3240 frater
3379 3182 3476 3238 Ιο-

1918 3277 2112 3332 nalhas
2139 3294 2150 3330 :
2176 3281 2300 3344 post
2347 3289 2505 3342 quem
2541 3273 2708 3328 frater
2747 3275 2872 3329 item
2911 3273 3120 3340 Simon,
3167 3277 3223 3329 in
3257 3289 3366 3348 quo
3408 3275 3474 3327 li-

1916 3369 2146 3438 ber(ll)
2184 3366 2607 3422 Machabaeorum
2633 3365 2790 3420 tinem
2824 3365 2975 3429 facit,
3028 3380 3296 3439 annorum
3335 3383 3475 3438 qua-

1916 3461 2164 3531 draginta
2186 3457 2298 3530 (i2)
2326 3473 2414 3512 res
2441 3456 2778 3526 complexus.
2796 3473 2988 3527 nempe
3018 3474 3192 3528 usque
3215 3458 3282 3513 ad
3303 3459 3477 3531 olymo

1913 3552 2124 3622 piadem
2181 3549 2532 3605 centesimam
2575 3548 2965 3619 sexagesimam
3016 3551 3245 3620 primam
3291 3553 3478 3622 exple-

1913 3645 2024 3691 tam
2046 3655 2058 3690 :
2082 3651 2111 3690 a
2141 3652 2245 3706 qua
2275 3635 2342 3690 ad
2369 3637 2669 3706 Augustum
2697 3635 3064 3692 Romanorum
3092 3639 3474 3708 imperatorem

1915 3728 2044 3783 anni
2069 3743 2306 3782 Lxxxvm
2340 3737 2650 3797 supersunt.

1974 3824 2029 3880 8.
2051 3825 2178 3881 Post
2190 3823 2488 3889 Simonem,
2506 3824 2733 3880 testibus
2746 3801 3070 3881 Africano'et
3087 3824 3325 3895 Josepho
3341 3824 3473 3896 (15),

1910 3917 2218 3974 Iudaeorum
2253 3917 2495 3975 ductavit
2531 3918 2829 3972 exercitum
2859 3916 3122 3972 Jonathas
3147 3919 3282 3990 (14),
3307 3919 3398 3988 qui
3423 3928 3477 3970 et

2757 4048 2856 4118 τῆς
2904 4047 3132 4119 turpior)
3181 4047 3476 4119 θρησκείας

236 4117 550 4210 etiam»,
578 4129 676 4210 τῂν
711 4117 1173 4210 mutem-my
1220 4117 1597 4210 ᾲνεκεήσατεέ
1618 4130 1710 4183 καὶ
1740 4117 2109 4210 mmet“:
2139 4117 2300 4210 ,λαρδέ
2328 4120 2542 4210 ιγίεθὶδξ
2575 4117 2748 4210 in“
2776 4117 2938 4210 αὺτεῖδ
2973 4117 3168 4198 πέδας
3195 4117 3473 4210 {ira}?

237 4129 550 4193 ἀναὶαῦὼν,
578 4129 676 4250 τὲν
711 4129 972 4182 Ἰουδαίων
1002 4131 1173 4202 ἀρχὴν
1220 4131 1584 4201 ἀνεκτήσατο,
1618 4130 1710 4183 καὶ
1740 4129 1982 4199 ἡγήσατο
2011 4129 2104 4176 τοῦ
2150 4129 2300 4175 λαοῦ.
2329 4129 2467 4200 Mati;
2483 4129 2541 4173 ὂν
2575 4129 2604 4172 ὑ
2638 4129 2748 4182 υἱὸς
2776 4129 2938 4172 αὐτου
2975 4129 3168 4198 Ὶοιὶδας
3195 4129 3223 4171 ο
3248 4140 3250 4165 ε

237 4199 343 4272 θεὶς
382 4201 776 4272 Μακκαμαῖος.
818 4199 1068 4272 Ἰωνάθης
1110 4200 1249 4272 μετὰ
1274 4199 1481 4272 τοῦτον.
1519 4197 1942 4272 Σὶλμωνλταυτονὶ
1981 4197 2010 4246 ὁ
2047 4192 2270 4272 ἀᾷελφὸς
2306 4192 2470 4272 aureo
2513 4190 2828 4272 dedat-Exegi.
2854 4190 2961 4272 Εἰς
2994 4205 3181 4272 τογξον
3218 4190 3250 4258 ἡ

3298 4187 3477 4257 βίϐλος

237 4258 757 4356 τυῌ)1;μ>ριξῆτιίωῦ
785 4258 1676 4356 τξξραιοῇἑαιςπεριέχουσαχρρξιον
1707 4269 1842 4356 ἐτῶῖ
1872 4258 2469 4356 τεσςαεακοὺταιμέιχρι
2492 4258 2824 4356 τέξουξεςα(
2843 4259 3260 4356 ἓξυξπὲαξξζςλη.

300 4341 465 4396 Μετὰ
481 4339 776 4410 δὲΣίμωνα
803 4329 1066 4394 Ἰόυδαίων
1093 4329 1326 4409 ήγεῗταὶξ
1343 4329 1536 4404 καθὰίξ
1560 4337 1880 4411 Ἀφρικανὸς
1906 4336 2000 4388 καὶ
2039 4329 2340 4403 Ἱώσηπποξ
2371 4329 3002 4403 ἱστοροῦσινζἸωνάθηίς,
3022 4331 3050 4382 ὁ
3066 4331 3160 4383 καὶ
3192 4329 3470 4401 Ὑρκανὸς,

243 4532 262 4548 .
305 4463 364 4528 (ι)
389 4460 694 4548 ξξροώξμε
717 4475 770 4529 p.
798 4460 911 4548 181,
926 4459 1061 4548 Dnait
1084 4460 1405 4548 E'Eiolvgrfh
1442 4459 1738 4548 ’Δραμέξος
1763 4457 1811 4528 η’

1990 4455 2064 4524 (6)
2103 4454 2287 4509 Codex
2315 4454 2464 4507 Arm.
2503 4467 2692 4516 xxvm,
2719 4453 2815 4510 sed
2843 4453 3072 4508 inferius
3099 4467 3330 4507 xxxvm.

243 4524 382 4595 eos;
415 4524 739 4600 Ealoyibvoi;
783 4530 925 4584 κατὰ
959 4530 1248 4593 Εὑσὲϐιον,
1286 4525 1405 4600 ὶδίρό
1432 4548 1445 4560 ο
1479 4524 1805 4583 ΑὸἈ”άαηιὸ

1985 4526 2063 4600 (ἵ)
2102 4524 2306 4600 Nempe
2331 4526 2521 4600 ρνξηιρτ

245 4607 302 4653 ad
373 4599 632 4655 actarum
703 4600 1004 4656 Salomonis
1063 4617 1256 4654 annum
1324 4599 1582 4654 Eusebius
1641 4615 1806 4652 annos

247 4688 544 4728 Imcuxx
591 4673 756 4740 ponit.
807 4670 1088 4740 Templum
1133 4670 1407 4724 conditum
1442 4678 1526 4725 est
1569 4685 1713 4723 anno
1756 4684 1808 4722 ιν

249 4741 577 4798 Salomonis.
630 4741 770 4811 Ergo
805 4755 836 4794 a
875 4756 1261 4806 nunnncuxx,
1307 4741 1590 4797 subductis
1615 4755 1721 4794 non
1756 4748 1809 4794 et

251 4826 316 4876 tv,
341 4819 652 4883 supersunt
675 4812 804 4865 anni
831 4827 1171 4883 nuuuLxxiv.

332 4883 387 4951 2)
413 4882 644 4951 Nempe
683 4896 828 4936 anno
862 4883 1036 4936 altero
1071 4882 1367 4936 instaurari
1417 4889 1676 4951 emptum,
1715 4894 1809 4934 oc-

252 4961 362 5023 tavo
385 4956 474 5006 vel
506 4956 695 5023 potius
727 4960 880 5007 sexto
909 4952 1216 5023 absolutum
1249 4959 1353 5006 est.

327 5022 386 5092 Et)
424 5021 731 5077 Iuleodicis
760 5032 907 5077 textu
932 5037 1009 5085 x1,
1040 5029 1095 5075 at
1117 5021 1172 5075 in
1203 5021 1446 5092 margine
1478 5037 1568 5073 xx.

343 5092 390 5158 4)
425 5091 570 5150 Rem
615 5092 754 5146 hanc
785 5092 1194 5147 celeberrimam
1228 5089 1422 5147 rursus
1454 5089 1669 5159 attingit
1703 5089 1810 5143 Eu-

257 5161 422 5232 sebius
454 5165 513 5218 in
563 5167 812 5216 secundo
844 5163 1003 5224 libro,
1044 5162 1188 5232 quod
1219 5162 1348 5217 facit
1375 5161 1537 5218 etiam
1585 5161 1640 5213 in
1674 5177 1811 5230 pra:-

253 5229 444 5288 fatione
503 5232 870 5294 Psalmorum,
927 5229 1170 5302 itemque!
1215 5233 1270 5286 in
1305 5232 1693 5286 Commentario
1739 5232 1809 5284 ad

251 5304 506 5366 psalmum
528 5318 666 5357 an.
697 5304 764 5356 Et
789 5302 1007 5371 quidem
1035 5300 1102 5357 de
1134 5300 1303 5357 Esdra
1332 5303 1594 5356 librorum
1619 5316 1808 5371 sacro-

252 5385 361 5442 rum
395 5369 1058 5442 instauratorefitemque
1087 5371 1154 5426 de
1191 5373 1495 5426 litterarum
1530 5370 1674 5439 apud
1708 5369 1811 5426 He-

251 5438 418 5510 ξιτ-ξος
440 5446 764 5505 mutatione,
793 5438 997 5510 judicia
1040 5451 1278 5496 veterum
1317 5442 1536 5496 Patrum
1567 5438 1670 5494 nec
1700 5457 1809 5496 non

252 5509 558 5566 Iudaeorum
595 5509 879 5567 commede
907 5513 1246 5566 coacervavit
1279 5512 1555 5567 Calmetus
1597 5511 1651 5564 in
1693 5527 1813 5581 per-

254 5582 423 5638 doctis
463 5583 947 5639 dissertationibus
985 5581 1171 5638 Esdra:
1210 5584 1536 5652 praepositis,
1570 5581 1636 5635 ad
1670 5598 1809 5651 quas

253 5661 482 5724 tectores
511 5652 846 5724 ablegamus.

313 5724 393 5792 (5)
434 5721 514 5776 Ita
551 5720 716 5778 etiam
764 5724 818 5776 in
869 5723 1068 5778 tabulis
1112 5729 1169 5777 et
1216 5721 1274 5776 in
1315 5720 1614 5790 posteriore
1644 5721 1805 5780 libro.

254 5789 316 5844 At
337 5789 596 5864 superius
625 5809 745 5863 cap.
780 5793 848 5850 15
873 5793 1196 5850 scribuntur
1221 5789 1345 5849 anni
1377 5809 1472 5848 vn.

1985 4591 2062 4664 (8)
2102 4597 2157 4649 ln
2208 4591 2450 4651 secundo
2494 4595 2634 4649 libro
2675 4592 2933 4649 dicuntur
2974 4593 3088 4647 haec
3127 4591 3196 4648 ab
3242 4591 3475 4650 Eusebio

1911 4666 2211 4736 contigisse
2239 4664 2545 4736 olympiade
2571 4678 2723 4736 cun.

1983 4733 2235 4804 (9)'Vide
2258 4733 2615 4805 pesteriorem
2646 4733 2864 4787 librum.

2009 4807 2095 4878 10)
2124 4802 2471 4878 Yide—rursus
2498 4805 2853 4874 posteriorem
2879 4802 3098 4857 librum.

2007 4876 2028 4928 1
2045 4875 2094 4940 1)
2135 4875 2355 4931 Scilicet
2375 4875 2597 4943 primus.

1983 4940 2278 5018 (HLErgo
2307 4940 2563 5018 mendose
2581 4941 3012 5018 scribitur‘apud
3045 4940 3352 5018 Syncellum
3392 4947 3480 4996 tri-

1946 5012 2178 5071 in'taIEn
2206 5012 2385 5070 autem
2408 5015 2527 5082 ejus
2552 5015 2712 5068 verba
2738 5030 2790 5082 p.
2815 5012 2920 5066 288
2937 5013 2999 5066 A.
3046 5012 3103 5066 Ὀ
3129 5016 3236 5067 ἀπὸ
3259 5017 3480 5068 Ματτα-

1946 5036 2076 5070 tnta.
2101 5036 2178 5071 ιδη
2206 5036 2385 5070 amem
2408 5036 2527 5082 ejus
2552 5036 2712 5068 VCI'DK
2740 5036 2790 5082 ρ.
2818 5036 2920 5066 Ζῦο
2937 5036 2999 5066 ﬂ.
3062 5036 3103 5066 U
3129 5036 3236 5067 απο
3261 5036 3480 5068 Ματτα-

1910 5036 2025 5140 gioo
2053 5087 2145 5140 τοῦ
2183 5086 2386 5158 πατρὸς
2409 5084 2520 5158 τῶν
2556 5082 2940 5158 ΜακκοιβςιξίῳνΔ
2957 5083 3130 5158 ξῐούδα
3157 5085 3249 5158 {at
3270 5157 3273 5158 ν
3295 5085 3480 5158 Ἰωνᾲ-

1912 5158 2004 5210 οου
2039 5159 2132 5210 καὶ
2159 5152 2397 5227 Σιμώνος
2426 5155 2613 5227 χρόνος
2625 5152 2778 5227 ’κατὰ
2793 5152 3067 5227 Ἐὐσέ-ξιον,
3099 5154 3233 5227 ὲςτῶν
3262 5157 3381 5207 ἐστι
3414 5154 3474 5206 λ’·

1912 5227 2132 5282 Summa
2158 5222 2551 5296 ιεήῳοήεζῇυο
2586 5222 2900 5296 ΜιψαιΙιξαδ
2925 5222 3350 5296 Macjtabworum
3383 5241 3479 5292 pa-

1914 5309 2010 5361 ter,
2038 5315 2129 5352 nec
2154 5292 2387 5364 nonvﬁlii
2421 5292 2616 5359 ludas,
2651 5292 2912 5346 Jonathas
2943 5303 2990 5346 et
3022 5292 3204 5350 Simon
3234 5312 3340 5349 rem
3383 5311 3480 5363 pu-

1913 5370 2103 5423 blicam
2149 5368 2612 5427 administratum,
2658 5364 2785 5417 anni
2814 5373 2937 5416 sunt
2981 5379 3088 5417 xxx
3139 5366 3208 5418 ad
3257 5364 3479 5419 Eusebii

1912 5440 2163 5494 rationes.
2202 5439 2500 5492 Dicendum
2526 5443 2645 5490 erat
2682 5435 2848 5504 igitur
2879 5433 3252 5504 quadraginta,
3283 5437 3360 5490 uti
3391 5442 3476 5490 est

1914 5510 1968 5562 in
2003 5509 2188 5563 Grzeeo
2233 5517 2410 5569 textu,
2446 5513 2614 5577 utque
2651 5520 2680 5560 a
2724 5505 3024 5576 posteriore
3069 5505 3288 5564 Eusebii
3335 5507 3487 5561 libro.

1912 5579 2223 5632 confirmari
2258 5580 2489 5632 videtur.

1982 5648 2093 5718 (15)
2129 5649 2306 5718 Antiq.
2337 5663 2455 5707 χιιι,
2494 5648 2546 5701 8.

1985 5715 2099 5786 (id)
2142 5720 2219 5772 Ita
2269 5715 2532 5772 Jonathas
2580 5719 2635 5771 in
2668 5726 2816 5771 textu
2845 5715 3102 5772 Armenio
3150 5727 3206 5772 et
3247 5715 3472 5780 Graeco;

1914 5790 2047 5860 quin
2093 5791 2257 5848 etiam
2308 5789 2364 5844 in
2411 5787 2753 5846 Armeniacis
2787 5787 3021 5845 Biblii‘sl
3064 5787 3306 5843 Maebab.
3347 5802 3473 5850 xm,
