4014 6236
294 363 404 414 24-3

379 476 445 532 V.
481 475 720 547 Phryges
742 476 904 532 annis
937 493 1066 534 xxv.

376 565 461 622 γι.
493 568 673 639 Cyprii
703 570 864 625 annis
889 584 1060 624 xxxttt
1093 569 1190 641 (I).

373 661 484 720 VII.
516 661 803 718 thnices
819 663 977 719 annis
1000 678 1102 718 xu
1132 662 1234 735 (2).

375 755 514 810 VIII.
543 752 786 825 IEgyptii
821 769 950 808 ann.
995 792 1010 807 .
1055 792 1070 806 .
1111 753 1210 823 (ὅ).

369 844 457 900 IX.
494 845 691 900 Milesii
719 843 880 900 annis
909 858 1043 897 xvm
1075 843 1175 914 (ε).

369 936 436 990 Χ.
473 935 634 992 Cares
663 937 822 990 annis
844 951 931 990 ιιι
961 935 1064 1006 (5).

371 1031 458 1084 XI.
487 1030 669 1085 Lesbii
691 1029 1043 1085 annis-vattt
1079 1027 1176 1097 (6).

370 1121 482 1177 XII.
519 1120 834 1176 Phocenses
863 1121 1020 1174 annis
1045 1135 1190 1174 xt.tv.

365 1212 501 1266 XIII.
542 1212 712 1267 Samii
738 1227 867 1266 ann.
911 1250 926 1264 .
967 1251 981 1264 .
1015 1210 1090 1282 (7)

370 1304 510 1360 XIV.
547 1303 941 1358 Lacedaemonii
970 1303 1128 1358 annis
1159 1318 1196 1356 ιι
1221 1302 1320 1374 (8).

371 1397 490 1453 XV.
523 1397 674 1451 Naxii
709 1396 943 1451 annisx.

372 1489 511 1544 XVI.
542 1489 879 1544 Eretrienses
913 1489 1079 1543 annis
1113 1503 1179 1541 xv
1205 1486 1303 1557 (9).

369 1581 529 1638 XVII.
562 1582 827 1654 :Eginetaz
858 1581 1064 1637 annisx
1092 1581 1202 1652 (10)
1229 1595 1400 1651 usque
1429 1580 1494 1635 ad
1515 1580 1709 1637 Xerxis
1747 1580 1857 1652 (II)

289 1679 789 1732 transmissionem.
839 1681 846 1686 “

807 1760 1038 1817 CAPUT
1083 1759 1346 1815 XXXVII.

437 1853 778 1908 Macedonum
815 1871 956 1925 reges
985 1851 1071 1926 [ex
1111 1853 1332 1908 Diodori
1373 1853 1544 1939 libris]
1578 1855 1714 1927 (I2).

1544 365 2038 424 CHRONICOBUM
2071 367 2200 423 LIB.
2230 367 2273 419 I.

1890 488 1936 543 Α,
1965 496 2070 535 nus
2103 477 2360 540 obtinuit,
2397 476 2580 547 ibique
2613 475 2772 530 annis
2797 475 3019 546 triginta
3060 475 3370 530 dominatus
3419 488 3523 532 est.

3424 364 3530 420 2M

1969 569 2108 626 Huic
2133 567 2326 640 grandi
2357 575 2517 622 aetate
2546 565 2800 621 conlecto
2829 566 3097 622 successit
3125 566 3269 622 Illius
3309 568 3530 624 nomine

1965 661 2191 723 Coenus,
2249 659 2604 729 regnavitque
2664 658 2826 712 annis
2879 655 3094 710 duobus
3147 655 3214 710 de
3279 656 3522 726 triginta.

1966 751 2171 808 Deinde
2211 749 2517 822 Tyrimmas
2545 751 2700 805 annis
2747 749 2925 803 tribus
2959 763 3083 802 cum
3134 749 3526 817 quadraginta;

1966 844 2257 900 Perdiccas
2290 842 2450 899 annis
2478 842 2839 912 quadraginta
2867 841 3103 895 duobus.
3147 838 3244 894 Hie
3280 845 3297 863 '
3347 839 3529 910 prole-

1966 936 2125 993 rendi
2167 937 2317 1007 regni
2372 936 2674 998 studiosus,
2723 933 3043 1004 legationem
3080 932 3312 1002 Delphos
3356 932 3521 988 misit.

1967 1028 2105 1084 Tum
2135 1029 2324 1099 paucis
2357 1027 2538 1083 verbis
2567 1025 2926 1096 interpositis,
2971 1024 3157 1080 subdit
3189 1023 3302 1094 (I5)
3331 1038 3527 1093 regna-

1964 1119 2112 1174 visse
2143 1116 2457 1173 Perdiccam
2493 1120 2653 1172 annis
2691 1122 2816 1170 octo
2839 1125 2892 1171 et
2923 1115 3304 1187 quadraginta,
3336 1113 3403 1168 ab
3433 1130 3528 1167 eo-

1963 1227 2070 1282 que
2100 1210 2420 1280 dignitatem
2459 1209 2526 1264 ad
2554 1209 2785 1280 Argeum
2811 1208 3096 1262 devenisse
3129 1227 3141 1262 :
3169 1222 3330 1277 quem
3359 1221 3528 1276 regno

1964 1303 2123 1359 annis
2161 1303 2382 1374 triginta
2416 1317 2631 1373 unoque
2664 1301 2774 1373 (I6)
2801 1300 3144 1370 perfunctum
3171 1299 3383 1369 excepit
3405 1295 3528 1350 Phi-

1964 1394 2165 1464 lippus,
2221 1392 2381 1461 cujus
2433 1391 2714 1462 regnantis
2771 1390 3047 1444 habentur
3111 1388 3238 1443 anni
3299 1387 3522 1456 triginta

1963 1492 2097 1541 tres.
2152 1484 2289 1538 Huic
2323 1485 2590 1540 successit
2635 1482 2869 1554 IEropas
2922 1481 3082 1535 annis
3137 1480 3349 1551 viginti.
3402 1479 3520 1534 Mox

1961 1582 2182 1636 Alcetas
2245 1580 2406 1634 annis
2461 1577 2766 1634 octodecim
2804 1587 3022 1647 sceptro
3055 1576 3260 1646 potitus
3287 1583 3389 1630 est.
3427 1573 3527 1630 Po-

1965 1681 2081 1728 stea
2111 1673 2374 1743 Amyntas
2401 1671 2562 1726 annis
2597 1685 2792 1725 novem
2827 1685 2951 1724 cum
2978 1667 3358 1738 quadraginta.
3385 1666 3522 1721 Exin

1964 1763 2273 1819 Alexander
2326 1764 2486 1817 annis
2514 1772 2752 1834 quatuor
2776 1767 2830 1816 et
2859 1761 3234 1831 quadraginta.
3272 1759 3408 1814 Hinc
3443 1776 3526 1815 re-

1892 1832 2148 1925 Bgnavit
2200 1853 2490 1910 Perdiccas
2523 1832 2680 1908 annis
2709 1853 2900 1923 viginti
2937 1851 3192 1917 duobus;
3226 1849 3524 1905 Archelaus

366 1947 418 2000 I.
449 1944 741 2016 Postquam
771 1945 1119 2017 Assyriorum
1145 1960 1276 2017 opes
1294 1938 1636 2012 corruerunt,
1658 1948 1868 2002 exstin—
1961 1943 2072 2013 (I7)
2109 1944 2268 1999 annis
2292 1942 2712 2013 septemdecim;
2760 1941 2994 2012 {Eropas
3027 1941 3187 1996 annis
3217 1956 3311 1996 sex
3338 1959 3352 2006 ;
3384 1938 3526 1993 Pau-

287 2050 381 2094 ctc
417 2038 810 2110 Sardanapallo
842 2056 966 2111 rege
991 2041 1182 2096 ultimo
1204 2040 1460 2112 Assyriae,
1498 2038 1854 2095 Macedonum

284 2146 354 2191 3.:
375 2142 618 2202 tempora
640 2134 844 2188 sistunt
869 2133 1003 2204 (I5).
1048 2133 1191 2189 Ante
1217 2134 1450 2204 primam
1491 2131 1854 2204 Olympiadem

284 2223 542 2280 Caranus
565 2226 644 2280 rei
672 2225 1021 2295 acquirendae
1044 2223 1280 2298 cupidus
1311 2225 1502 2295 copias
1530 2239 1599 2278 ex
1638 2221 1854 2294 Argivis

167 2383 184 2398 .
284 2314 520 2386 aliisque
550 2317 800 2386 partibus
844 2317 1204 2389 PeIOponnesi
1255 2317 1548 2381 contraxit,
1596 2323 1759 2388 atque
1798 2318 1854 2372 in

284 2405 648 2463 Macedonum
695 2409 832 2466 lines
877 2411 1276 2482 expeditionem
1329 2411 1590 2481 suscepit.
1654 2409 1854 2465 Eadem

282 2505 614 2568 tempestate
637 2501 840 2557 bellum
869 2517 1062 2573 gerens
1080 2501 1399 2558 Orestarum
1429 2516 1527 2556 rex
1567 2517 1692 2556 cum
1725 2500 1850 2555 lini-

283 2590 438 2646 timis
467 2592 606 2659 suis,
639 2593 860 2650 nomine
901 2592 1140 2650 Eordaais
1167 2595 1305 2665 (II).
1336 2593 1536 2650 Carani
1563 2607 1721 2663 opem
1753 2593 1849 2646 im-

283 2685 525 2753 ploravit
554 2701 617 2742 ea
638 2687 954 2744 conditione
985 2696 1044 2742 ut
1076 2688 1124 2743 ei
1148 2687 1383 2742 mediam
1411 2687 1564 2757 regni
1607 2685 1690 2740 sui
1723 2699 1848 2753 par-

283 2785 398 2830 tem
429 2780 770 2836 concederet.
823 2779 1005 2836 Rebus
1043 2779 1359 2836 Orestarum
1386 2780 1460 2834 ita
1498 2776 1842 2847 compositis,

284 2883 416 2924 cum
446 2887 540 2926 rex
576 2874 844 2942 promissa
890 2872 1130 2938 fecisset,
1162 2873 1440 2944 regionem
1489 2871 1634 2926 illam
1678 2867 1846 2924 Cara-

357 3032 580 3105 ΦρύγεςΔ
609 3033 844 3105 πέμπεεοε
883 3031 1424 3105 ὲθᾳλαᾳσοκράτησαν
1449 3028 1546 3100 ἔτη
1582 3035 1681 3094 κε’,
1717 3025 1858 3081 κατὰ

282 3104 345 3157 δέ
375 3101 523 3174 sive;
557 3101 648 3174 ἐτη
669 3101 741 3167 ς’.
775 3101 1161 3174 Ιιιεηιίὶρὶιιειη.

359 3166 658 3298 ἒιὲξέὶὶςατοὶ
675 3166 877 3238 Φωκεῖς
898 3173 1439 3244 ὲθαλασσοκρὰτησαν
1459 3170 1552 3243 ἐτη
1584 3170 1683 3240 μᾶ.
1710 3166 1857 3224 Idam

286 3261 340 3310 ρ.
455 3282 466 3294 .
563 3284 576 3297 .

1958 2037 2142 2092 sanias
2169 2050 2313 2090 anno
2343 2051 2482 2102 uno;
2505 2034 2831 2091 Ptolemaeus
2866 2035 3024 2090 annis
3047 2033 3221 2088 tribus
3253 2051 3268 2100 ;
3298 2031 3522 2088 Perdic-

1958 2143 2053 2184 cas
2100 2127 2260 2182 annis
2312 2127 2554 2197 quinque
2593 2144 2608 2194 ;
2643 2125 2923 2196 Philippus
2970 2124 3127 2178 annis
3156 2123 3347 2194 viginti
3386 2137 3525 2194 qua-

1958 2231 2116 2286 tuor;
2160 2218 2490 2285 Alexander,
2523 2218 2570 2274 is
2596 2218 2688 2288 qui
2718 2232 2841 2272 cum
2865 2215 3046 2273 Persis
3079 2215 3329 2281 certavit,
3366 2215 3525 2273 annis

1961 2312 2264 2368 duodecim.

2030 2405 2085 2460 2.
2120 2405 2185 2459 Et
2229 2403 2587 2460 Macedonum
2631 2402 2848 2473 quidem
2900 2417 3085 2472 regum
3113 2416 3283 2472 genus
3309 2400 3412 2454 hac
3435 2415 3524 2455 ra-

1960 2496 2110 2552 tione
2135 2511 2166 2552 a
2205 2495 2445 2566 probatae
2481 2493 2602 2549 ﬁdei
2633 2493 2912 2548 historicis
2945 2491 3011 2545 ad
3037 2490 3322 2546 Herculem
3348 2505 3522 2562 usque

1957 2586 2192 2644 refertur
2309 2584 2428 2640 Iam
2462 2600 2492 2639 a
2531 2584 2741 2640 Carano
2761 2585 2852 2655 qui
2882 2584 3090 2655 primus
3110 2581 3519 2637 Macedonicum
3631 2634 3637 2641 ,

1953 2694 2180 2752 regnum
2223 2677 2479 2733 conﬂavit
2525 2692 2590 2731 ac
2644 2677 2852 2739 tenuit,
2905 2675 2972 2729 ad
3017 2674 3383 2730 Alexandrum
3425 2675 3518 2745 qui

1952 2773 2134 2828 Asiam
2165 2771 2399 2842 subegit,
2439 2776 2735 2826 censentur
2786 2784 2940 2838 reges
2997 2783 3148 2830 xxtv,
3210 2767 3339 2822 anni
3388 2782 3522 2822 vero

1953 2879 2116 2920 CDLIII
2148 2861 2281 2934 (I8),
2304 2861 2470 2932 hique
2502 2859 2816 2931 singillatim
2844 2860 2917 2924 ita
2950 2873 3008 2914 se
3038 2858 3258 2914 habent.

2024 3021 2210 3108 ξΐᾶξιοι
2239 3016 2780 3089 ὲθαλασσοκράτησαν
2813 3021 2893 3078 ιε’,
2925 3013 3019 3084 ἐτη
3055 3020 3104 3068 t'.
3146 3014 3252 3068 Καὶ
3285 3014 3401 3085 μετ’
3424 3012 3522 3066 αὺ-

1955 3107 2332 3230 τοιὲἱέρε-ετριεῖς
2370 3165 2464 3224 ις’,
2502 3157 2595 3229 ἔτη
2623 3156 2686 3221 ζ’.
2727 3155 2958 3230 Idem_p.
2989 3153 3093 3230 24?
3121 3153 3184 3207 Β.

2035 3221 2606 3302 Ἔθαλὰσσόκρᾶτησαῦ
2682 3221 2993 3296 Αἱγεινῆὲαι
3068 3225 3161 3293 ἔτη
3244 3229 3294 3276 ι’.
3371 3221 3518 3276 Ide-tt

358 3314 768 3396 Age§atp6vz0t
797 3313 855 3367 ιδ’
892 3312 1431 3387 ὲθαλασσοκράτησαν
1460 3311 1552 3383 ἔτη
1584 3311 1668 3364 ιϐ’.
1707 3311 1854 3368 Idem
1882 3322 1922 3379 C
1952 3341 2011 3396 ρ,
2038 3324 2139 3378 247
2169 3322 2232 3378 Β,

283 3401 337 3452 p.
374 3382 562 3439 2380.

366 3482 383 3500 ‘
423 3479 722 3550 Περδίκκας
749 3480 846 3552 τὴν
877 3481 1012 3534 ἰδίαν
1046 3479 1317 3550 βασιλείαν
1348 3478 1579 3548 αὐξῆσαι
1609 3478 1848 3550 βουλόμεη

366 3551 404 3602 ri
437 3548 623 3602 Siculi.
653 3566 704 3602 υ.
740 3551 794 3602 5.
816 3551 1012 3602 editore
1041 3553 1106 3602 Α.
1137 3549 1301 3602 Maio.
1339 3547 1587 3602 Seaut'tur
1613 3558 1786 3602 autem
1813 3566 1844 3602 υ

1954 3479 2234 3556 ἠρώτησεν
2261 3484 2340 3546 εις
2366 3481 2619 3602 Δελγούς.
2668 3480 2747 3533 Ab
2787 3479 3042 3550 excerptis
3079 3478 3346 3533 Vaticanis
3387 3477 3517 3532 Dio-

1954 3552 2064 3602 Ticto
2099 3555 2297 3602 inloco
2340 3551 2645 3602 Delmicum
2675 3554 2844 3602 ipsum
2881 3550 3178 3602 oraculum.
3223 3547 3360 3602 quod
3406 3547 3516 3602 Eu-

2488 3569 2502 3603 ι

283 3551 404 3602 dori
437 3547 623 3613 Siculi,
653 3566 704 3618 ρ.
740 3547 1012 3614 5,ἐάὶιονε
1041 3547 1106 3605 Ἀ.
1137 3549 1301 3604 Maio.
1339 3547 1587 3619 Sequitur
1611 3547 1786 3602 autem
1811 3547 2064 3619 prwdi'éto
2099 3547 2154 3608 in
2183 3555 2297 3608 loco
2339 3551 2469 3620 Delp

285 3621 460 3674 tebius
482 3622 836 3687 praetermisit.

2508 3553 2645 3605 icum
2675 3554 2844 3620 ipsum
2881 3547 3178 3613 oraculum,
3223 3547 3360 3618 quod
3406 3547 3516 3602 Eu-

357 3690 442 3756 (“)
483 3686 650 3754 Οὗτος
680 3693 708 3744 ὁ
739 3691 987 3762 Κάρανος
1011 3691 1117 3745 ἀπὸ
1143 3692 1238 3761 μὲν
1273 3690 1602 3762 Ἡρακλέους
1620 3698 1694 3772 ξαν
1713 3686 1802 3816 ἓν,
1829 3693 1936 3746 ἀπὸ
1958 3693 2013 3747 δὲ
2039 3693 2286 3765 Τημένου
2313 3692 2407 3746 τοῦ
2437 3692 2572 3764 μετὰ
2605 3691 2711 3744 τῶν
2740 3692 2911 3746 ἄλλων
2941 3689 3302 3814 Ἡξακλειδῶν
3329 3690 3519 3745 κατελ-

357 3776 472 3816 ντος
498 3763 576 3816 εἰς
608 3761 1005 3816 Πελοπόννησον
1036 3761 1259 3816 ἕϐδομος
1278 3779 1291 3791 ·
1329 3761 1703 3816 γενεαλογουσι
1757 3763 1769 3783 ’
1799 3763 1956 3816 αὐτὸν
1981 3762 2172 3816 οὕτως.
2204 3762 2278 3816 ὥς
2305 3780 2434 3816 φησι
2460 3764 2718 3816 Διόδωρος
2737 3764 2831 3816 καὶ
2855 3764 2901 3815 οἱ
2937 3779 3004 3815 πο
3037 3760 3113 3814 λοὶ
3147 3761 3256 3814 τᾶν·
3280 3777 3518 3816 συγγρα-

283 3759 472 3833 Θρντος
498 3763 576 3825 εἰς
608 3759 1005 3833 Πβλοὶςόύηίησον
1036 3759 1303 3833 ἕδδόμοςχ
1329 3759 1703 3830 ⁸ᾖενεηλογοῦειί

284 3829 453 3898 φέων,
487 3847 539 3884 κ.
570 3847 620 3884 τ.
652 3830 700 3885 λ.
734 3830 820 3886 E3
841 3829 1104 3902 syncello,
1133 3829 1186 3901 ρ’.
1211 3831 1316 3887 262
1341 3829 1408 3887 Α.

359 3985 436 4057 (I)
462 3983 821 4057 Hieronymus
837 3986 903 4041 ad
920 4003 1120 4042 annum
1144 4003 1245 4042 uel.
1270 3987 1461 4044 scribit
1484 4002 1656 4044 annos
1692 4005 1846 4046 xxxtt

284 4057 618 4128 Cypriorum
645 4058 824 4128 maria
855 4062 1172 4113 tenentium.

357 4125 436 4197 (2)
465 4126 540 4197 Ita
567 4133 620 4182 et
645 4125 1006 4197 Hieronymus
1032 4129 1096 4182 ad
1131 4143 1331 4182 annum
1359 4143 1612 4185 ucuxtv.

358 4188 438 4264 (ὅ)
496 4195 574 4252 Ne
636 4199 776 4270 apud
836 4188 1222 4270 Hieronymum
1275 4199 1489 4270 quidem
1540 4201 1606 4254 ad
1638 4215 1842 4254 annum

282 4282 544 4342 u_ccxx_xtt
603 4269 862 4342 scribitur
893 4267 1212 4339 quotannis
1255 4267 1495 4341 IEgyptii
1523 4272 1656 4324 mari
1689 4271 1844 4342 potiti

285 4340 418 4392 sint.
449 4336 545 4391 Est
574 4351 702 4406 ergo
731 4336 921 4391 lacuna
961 4347 1131 4394 vetus.

359 4407 437 4477 (4)
470 4406 667 4462 Notam
724 4410 1060 4464 numeralem
1117 4424 1248 4462 xvm
1276 4449 1290 4470 ,
1335 4423 1438 4478 qua
1474 4418 1622 4464 caret
1675 4409 1846 4464 codex

287 4480 440 4530 Arm.
480 4520 495 4530 .
556 4477 865 4530 suunlemus
915 4480 1003 4530 hic
1044 4495 1111 4530 ex
1159 4478 1484 4530 Hieronvmo
1533 4481 1599 4530 ad
1647 4495 1846 4530 annum

335 4494 440 4532 rm.
480 4520 495 4543 ,

287 4563 590 4603 ICCLXVI".

359 4621 437 4685 (5)
471 4617 690 4673 Lacuna
722 4624 804 4672 est
827 4617 881 4672 in
914 4619 1100 4673 codice
1131 4619 1231 4673 hoc
1261 4620 1398 4683 loco,
1423 4636 1521 4675 nec
1553 4619 1844 4690 quidquam

286 4692 554 4758 superfuit
616 4697 807 4758 praeter
850 4689 1173 4743 vocabulum
1231 4691 1404 4744 anuis.
1464 4689 1846 4761 Supplementa

288 4764 627 4828 sumpsimus
729 4774 760 4813 e
850 4760 1151 4830 posteriore
1245 4761 1381 4814 libro
1484 4760 1592 4814 ad
1645 4775 1845 4814 annum

287 4844 610 4884 ICCLXXXVL

360 4898 439 4968 (6)
467 4899 899 4971 Nota_numerali
933 4907 1082 4971 caret
1108 4899 1275 4954 codex
1307 4899 1458 4952 Arm.
1507 4913 1666 4968 quam
1713 4915 1846 4971 sup-

285 4971 584 5043 plentusex
609 4969 936 5043 Hieronymo
963 4969 1029 5023 ad
1054 4984 1254 5043 annum
1284 4984 1562 5043 ucccxuv.

360 5040 438 5108 (7)
473 5039 549 5094 Ne
607 5041 658 5094 in
706 5038 1004 5111 posteriore
1052 5041 1266 5108 quidem
1327 5039 1464 5093 libro
1525 5038 1588 5093 ad
1646 5055 1844 5095 annum

1757 3763 1769 3783 ’
1799 3763 1956 3818 αὐτὸν
1981 3760 2172 3828 omne,
2204 3762 2278 3830 ὥς
2305 3760 2718 3835 φησι’Διόδωρος
2737 3764 2831 3816 καὶ
2855 3764 2901 3815 οἱ
2937 3760 3113 3815 πολλοὶ
3147 3761 3256 3814 τᾶν·
3280 3777 3518 3831 συγγρα-

2027 3989 2137 4062 (I2)
2165 3989 2401 4062 Reticuit
2432 3990 2520 4062 hic
2545 3987 2773 4062 Diodori
2806 4004 3002 4044 nomen
3047 3987 3335 4062 Eusebius,
3384 3984 3512 4062 quia

1953 4061 2008 4131 in
2034 4056 2560 4131 'priecedentibusid
2596 4061 2729 4131 jam_
2760 4068 3124 4131 expresserat.
3161 4056 3509 4131 _C:eteroqui'n

1951 4128 2244 4185 Diodorum
2272 4147 2462 4200 reapse
2491 4130 2577 4184 hic
2595 4128 2662 4183 ab
2693 4128 2927 4186 Eusebio
2948 4128 3196 4198 expilari,
3226 4128 3512 4200 perspicue

1951 4215 2050 4255 nos
2087 4216 2210 4256 mox
2239 4194 2572 4256 docebimus.
2607 4199 2796 4254 Futuri
2830 4200 2993 4270 igitur
3021 4194 3258 4253 editores
3296 4194 3511 4250 Diodori

1950 4271 2092 4326 hanc
2124 4287 2338 4341 quoque
2372 4278 2576 4341 partem
2609 4271 2747 4325 inter
2781 4274 2996 4340 eclogas
3027 4270 3305 4341 collucent.

2024 4338 2684 4422 (1.5)Νἰιὴῇμιυῐιι((ἐξίειΠί
2740 4338 3003 4422 tempora.
3039 4338 3448 4422 propeHabsunt
3478 4352 3509 4391 ι

1953 4409 2326 4481 Sardanapalli
2358 4411 2528 4466 obittt.
2556 4411 2790 4466 Consule
2806 4409 3402 4481 posteriorem'librunt.

556 4477 865 4570 supplemus
915 4480 1003 4534 hic
1044 4495 1111 4534 ex
1159 4476 1484 4552 Hieronymo
1533 4481 1599 4535 ad
1647 4495 1848 4534 annum
1882 4516 1927 4570 Β
2024 4482 2134 4570 (I4)
2272 4482 2542 4570 ltis‘regni
2591 4476 2924 4570 Macedonici
2955 4479 3264 4570 primordiis
3296 4476 3509 4570 legendi

1953 4542 2078 4606 sunt
2119 4542 2320 4606 'saltem
2370 4542 2620 4606 Justinus
2656 4553 2748 4605 lib.
2795 4567 2903 4614 vn,
2936 4542 2996 4604 ἐξ
3021 4548 3240 4604 Solinus
3291 4542 3413 4619 cap.
3449 4546 3505 4604 9.

1952 4621 2204 4676 Eordaaos
2221 4622 2433 4690 quidem
2459 4620 2915 4676 memoratLivius
2939 4621 3031 4674 lib.
3065 4635 3186 4690 χιν,
3207 4619 3294 4674 50.

2021 4691 2132 4763 (I5)
2154 4688 2410 4751 Videlicet
2432 4691 2717 4760 Diodorus;
2734 4706 2894 4763 quam
2914 4706 3036 4763 rem
3053 4688 3511 4763 Vaticanttm_fra-

1988 4758 2226 4818 mentum
2261 4768 2380 4816 luce
2411 4758 2714 4815 meridiana
2740 4758 2868 4815 facit
2920 4759 3324 4816 evidentiorem.
3357 4758 3507 4815 Con-

1988 4777 2226 4818 mentum
2261 4777 2380 4816 luce
2411 4777 2708 4815 meridiana
2740 4777 2868 4815 tacti
2920 4777 3169 4813 evmenut

1951 4777 2365 4902 feraturjutem
2402 4829 2708 4902 Syncellus,
2747 4849 2799 4902 p.
2831 4831 2932 4886 I98
2961 4839 3014 4884 et
3047 4829 3169 4902 262.

2021 4899 2132 4972 (I6)
2161 4899 2295 4955 Exin
2331 4901 2384 4954 hi
2426 4899 2576 4970 reges
2611 4899 2905 4971 eorumque
2937 4901 3061 4954 anni
3100 4917 3222 4954 cum
3247 4906 3507 4971 sequente

1950 4972 2194 5037 catalogo
2223 4987 2362 5036 saepe
2397 4987 2503 5023 non
2535 4973 2902 5025 consentiunt.

2017 5040 2064 5110 (I
2079 5029 2236 5112 7)"Ad
2271 5029 2415 5098 hunc
2448 5039 2772 5122 Archelaum
2798 5043 3014 5091 exstant
3043 5033 3250 5103 aliquot
3293 5029 3506 5153 Euripi.

2017 5127 2031 5153 ι
2063 5109 2270 5153 Tmoini
2307 5113 2564 5153 anicmlzp,
2607 5110 2735 5153 Vidn
2757 5107 3086 5153 Svnoellttm_
3116 5120 3166 5153 n.
3199 5101 3304 5153 262
3340 5101 3404 5152 Α-
3455 5137 3468 5152 ,

285 5101 658 5164 ιιεέὸςιχιχνι
699 5101 959 5167 scribitur
1002 5101 1264 5169 numerus
1307 5125 1594 5175 annoruut,
1649 5111 1847 5180 quibus
1945 5101 2033 5167 dis
2063 5101 2272 5173 Tragici
2307 5113 2568 5177 epistolze.
2607 5110 2735 5165 Vide
2757 5107 3086 5180 Syncellum,
3116 5101 3172 5180 p.
3199 5101 3312 5180 2‘62
3336 5101 3468 5180 A-C.

287 5182 462 5234 Samii
487 5181 654 5234 maria
690 5188 1004 5236 tenuerunt.

361 5251 440 5320 (8)
477 5251 550 5304 Ita
580 5251 743 5304 etiant
773 5254 826 5306 in
853 5250 1154 5320 posteriore
1184 5251 1326 5306 libro
1349 5249 1415 5306 ad
1447 5265 1646 5305 annum
1682 5264 1842 5306 IIDIII.

283 5320 503 5392 Verum
527 5322 810 5392 Syncellus
840 5321 1030 5376 scribit
1061 5337 1225 5375 annos
1254 5338 1354 5376 xit.

360 5392 438 5457 (9)
476 5389 753 5446 Sic'etiam
783 5396 835 5446 in
863 5394 1160 5460 posteriore
1176 5392 1314 5447 libro
1344 5392 1410 5446 ad
1439 5406 1639 5446 annum
1659 5406 1842 5446 uuxtv.

281 5463 353 5517 At
382 5462 666 5529 byncellus
689 5462 877 5517 Scribit
905 5477 1068 5516 annos
1088 5477 1182 5517 vn.

359 5532 470 5600 (I0)
501 5535 683 5585 Decem
714 5534 839 5586 anni
862 5531 1176 5586 scribuntur
1195 5531 1356 5584 etiam
1386 5530 1439 5585 in
1462 5533 1761 5600 posteriore
1783 5531 1847 5584 li-

287 5605 390 5673 bro
415 5601 483 5654 ad
517 5618 718 5673 annum
749 5616 972 5665 unxxxt,
998 5610 1050 5657 et
1074 5619 1103 5656 a
1137 5601 1407 5673 Syncello.
1436 5601 1640 5658 Textus
1665 5611 1844 5657 tamen

287 5672 604 5742 Hieronymi
632 5672 810 5727 editus
836 5673 994 5742 habet
1015 5672 1188 5726 annos
1211 5688 1301 5725 xx.

360 5743 474 5813 (II)
497 5741 678 5814 Codex
709 5744 859 5814 Arni.
897 5741 982 5796 hic
1007 5741 1296 5797 Alexandri
1322 5783 1335 5804 ,
1372 5743 1463 5797 sed
1506 5743 1644 5799 idem
1663 5744 1717 5798 in
1746 5757 1842 5814 po.

290 5811 519 5869 “eriere
549 5813 686 5869 libro
710 5811 922 5878 Xerxis,
954 5828 1070 5886 qua
1091 5828 1212 5869 vera
1241 5813 1400 5868 lectio
1431 5822 1536 5870 est.

2020 5181 2066 5252 (I
2080 5173 2414 5252 8)_Attamen_
2437 5180 2481 5233 si
2505 5181 2656 5234 ineas
2683 5194 2805 5232 mox
2830 5179 3123 5252 rationem.
3159 5173 3506 5252 habebisus-

1949 5243 2053 5321 que
2088 5243 2153 5303 ad
2175 5249 2540 5322 Alexandrum
2569 5247 3138 5322 annosccctxxv.__l_ils_t
3155 5253 3332 5298 autem
3348 5243 3505 5322 plane

1948 5314 2206 5390 corrupta
2240 5321 2399 5390 lectio
2428 5319 2628 5390 Malalze
2659 5321 2749 5388 qui
2782 5334 2836 5370 m
2867 5320 2970 5390 line
3009 5317 3131 5390 libri
3161 5314 3460 5390 vt_t_scrib_it
3487 5329 3502 5366 :

1948 5381 2283 5467 Katfléxsvj
2317 5389 2558 5467 ἕασιῇεζα
2594 5381 2709 5467 tysz
2737 5387 3020 5467 τφιτοιρχξα⁸
3041 5383 3387 5467 Μακεδόνωχ.
3409 5381 3465 5434 ἔτ

1948 5461 2029 5532 χῦ¹
2058 5452 2163 5532 ἒωξ
2192 5452 2589 5532 τῆξβασιᾎείας
2616 5452 2711 5532 ξφῦ
2742 5452 3222 5532 αὑτςοῦἿΡιλίππου,
3259 5452 3438 5532 κμθὸές

1951 5521 2258 5600 ἓοφὼτὰτοέ
2273 5521 2547 5593 Ἐὐσέϐιος
2571 5521 2604 5583 Vb
2631 5529 2930 5600 Παμφίλρυί
2947 5526 3304 5600 χροεκογραιρεϊ
3332 5541 3346 5554 ⁸
3381 5521 3504 5576 Μα-

1949 5598 2198 5655 cedonum
2234 5601 2486 5670 dynasﬁtia
2531 5616 2691 5670 usque
2723 5598 2800 5652 ad
2837 5598 3303 5670 Philippiregnum
3336 5610 3502 5670 annos

1948 5673 2212 5740 occupavit
2243 5666 2506 5724 ncttJam
2540 5666 2912 5740 praeterquam
2943 5669 3084 5737 quod
3106 5666 3294 5740 Malala
3326 5666 3501 5740 abun:

1947 5743 2037 5795 dat
2066 5733 2368 5798 erroribus.
2395 5733 2601 5810 jamdiu
2636 5733 2842 5794 monuit
2873 5733 3076 5794 Hodius
3097 5738 3412 5810 (protegam.
3432 5733 3502 5787 ad

1951 5811 2137 5867 Halat.
2164 5827 2278 5884 cap.
2302 5808 2660 5889 25)eutndem
2690 5811 2824 5866 falso
2846 5810 3078 5880 quodam
3094 5808 3326 5865 Eusebio
3342 5821 3522 5861 usum.
