4014 6236
516 368 624 427 9.35

1046 477 1274 534 CAPUT
1313 477 1551 534 XXXIX.

1017 570 1390 624 Thessalorum
1439 587 1601 639 reges.

593 665 642 718 1.
677 660 928 717 Thessali
953 669 1008 716 et
1039 661 1274 732 Epirotae
1313 661 1404 716 diu
1441 671 1739 732 paruerunt
1771 663 1958 718 iisdem
1993 663 2085 732 qui

521 752 908 809 Macedonibus
935 751 1325 822 praesidebant;
1361 767 1391 807 a
1422 751 1682 808 Romanis
1721 762 1899 808 autem
1929 754 2088 807 Iiber-

520 855 684 899 tatem
731 859 856 898 cum
918 843 1044 914 jure
1097 843 1282 898 utendi
1325 844 1441 900 suis
1488 844 1699 914 legibus
1748 843 1926 914 adepti
1962 852 2088 899 sunt

523 947 645 1008 post
672 935 983 1007 Philippum
1030 937 1086 990 in
1127 933 1410 991 Thessalia
1453 939 1619 992 armis
1650 935 1760 990 Titi
1811 936 2088 992 Romano-

522 1044 642 1081 rum
679 1027 836 1083 ducis
877 1027 1220 1098 proﬂigatum
1262 1026 1360 1096 (l).
1395 1027 1500 1083 Sed
1529 1039 1582 1084 et
1611 1028 1712 1098 ipsi
1741 1028 1955 1084 demum
1987 1029 2087 1084 sti-

522 1118 793 1190 pendiarii
833 1117 1202 1174 Romanorum
1241 1099 1368 1175 lacti
1395 1127 1523 1176 sunt
1544 1121 1733 1176 eadem
1763 1135 1870 1192 qua
1913 1119 2084 1177 Mace-

521 1208 694 1262 dones
719 1222 910 1263 causa.

591 1299 647 1354 2.
704 1297 920 1353 Scilicet
971 1307 1092 1370 post
1137 1301 1345 1355 obitum
1395 1299 1686 1356 Alexandri
1743 1299 1828 1355 his
1872 1315 2090 1371 quoque

523 1389 805 1453 Aridmus,
859 1390 949 1456 qui
995 1398 1049 1443 et
1098 1388 1401 1460 Philippus,
1451 1390 1738 1461 imperavit
1790 1390 1949 1446 annis
2004 1375 2111 1447 se-l

523 1489 689 1549 ptem.
769 1478 906 1535 Huic
966 1481 1230 1536 successit
1283 1480 1588 1536 Cassander
1640 1480 1980 1552 Epirotarum
2035 1491 2090 1537 et

530 1568 919 1625 Thessalorum
955 1585 1050 1625 rex
1097 1571 1257 1625 annis
1287 1572 1683 1628 novemdecim.
1718 1569 1854 1626 Tum
1891 1570 2091 1643 Philip-

526 1674 628 1727 pus
656 1659 775 1728 ejus
807 1658 950 1713 [ilius
975 1659 1258 1714 mensibus
1289 1659 1364 1731 (Ξ)
1395 1668 1647 1729 quatuor.
1683 1659 1884 1716 Deinde
1906 1669 1960 1716 et
1988 1661 2091 1716 hu-

521 1750 613 1817 jus
654 1747 852 1802 lratres
892 1747 1176 1817 Antipater
1225 1755 1279 1803 et
1330 1747 1635 1804 Alexander
1684 1750 1843 1806 annis
1877 1749 2091 1806 duobus

1234 363 1501 420 EUSEBII
1540 362 2018 419 CA'ZSARIENSIS
2041 361 2190 420 OPP.
2231 360 2411 416 PARS
2448 359 2485 413 1.
2519 390 2592 400 -
2630 355 3017 414 HISTORICA.

3647 355 3762 409 256

2111 484 2154 540 Α
2184 475 2463 531 Thessalia
2514 473 2765 542 fuerunt;
2805 472 3060 542 deinceps
3091 488 3218 527 vero
3249 471 3525 543 principes
3577 487 3758 526 annui

2187 566 2458 636 sulI'i-agiis
2501 565 2736 634 publicis
2785 564 2888 634 legi
2937 572 3241 634 coeperunt.
3294 562 3512 618 Primus
3564 575 3757 619 autem

2186 664 2404 712 creatus
2429 663 2516 710 cst
2549 655 2846 709 Pausanias
2881 655 3186 718 Echecrati,
3221 653 3500 709 Plierzeus.
3543 655 3759 710 Deinde

2185 745 2448 816 Amyntas
2492 743 2743 805 Cratctis,
2795 743 3025 806 Pierius,
3087 759 3196 812 quo
3243 745 3545 814 imperante
3593 745 3762 802 Titus

2188 833 2414 889 Romam
2451 849 2704 888 reversus
2749 842 2853 890 est.
2887 833 3092 890 Deinde
3124 833 3378 890 Aiacides
3411 835 3596 891 Calliae
3644 853 3767 891 me-

2186 927 2573 996 trepolitanus.
2621 925 2824 981 Deinde
2857 925 3185 996 Epidromus
3216 925 3608 990 Andromachi,
3650 926 3752 982 La-

2187 1019 2430 1083 rissaeus,
2464 1019 2741 1073 mensibus
2782 1025 2936 1083 octo;
2987 1017 3196 1087 reliqua
3240 1025 3419 1073 autem
3468 1019 3590 1088 ejus
3627 1021 3761 1074 anni

2188 1121 2340 1182 parte
2397 1109 2676 1164 Eunomus
2725 1107 3005 1179 Polycleti,
3067 1107 3401 1173 Larissaeus,
3469 1111 3763 1167 mensibus

2189 1194 2440 1272 quatuor.
2497 1200 2761 1255 Posthinc
2820 1199 3098 1256 Eunomus
3156 1215 3298 1254 anno
3361 1216 3492 1254 uno.
3549 1199 3764 1257 Deinde

2189 1294 2445 1348 Aiacides
2471 1293 2655 1348 Callia:
2679 1291 3122 1361 melropolitanus
3155 1291 3369 1346 iterum.
3394 1290 3604 1345 Deinde
3628 1291 3765 1345 Pra-

2188 1387 2330 1441 vilus
2351 1386 2460 1456 (11)
2487 1383 2726 1448 Phaxiaz,
2761 1382 3086 1440 Scotusaeus.
3111 1382 3310 1438 Deinde
3339 1382 3624 1438 Eunomus
3652 1384 3764 1439 Po-

2191 1479 2393 1549 lycleti,
2447 1476 2770 1539 Larissaeus,
2824 1477 3041 1530 iterum.
3092 1473 3296 1530 Deinde
3337 1473 3760 1531 Androsthenes

2190 1570 2360 1632 ltlalii.
2375 1569 2672 1640 Gyrtonius
2693 1567 2825 1639 (Η).
2847 1567 3042 1624 Deinde
3059 1565 3498 1640 Thrasymachus
3516 1568 3759 1623 Alexan-

2189 1659 2294 1723 dri,
2346 1659 2622 1715 Atracius.
2674 1652 2892 1714 Deinde
2933 1657 3328 1713 Laontomenes
3368 1656 3758 1720 Damothonis.

2191 1746 2468 1802 Pheraeus.
2526 1746 2730 1802 Deinde
2776 1746 3076 1801 Pausanias
3131 1746 3500 1804 Damothonis.
3551 1747 3761 1805 Deinde

530 1839 921 1909 mensibusque
950 1854 1067 1894 sex.
1110 1839 1241 1894 Item
1272 1839 1580 1896 Demetrius
1608 1841 1860 1912 Antigoni
1895 1841 1968 1912 (ὅ)
1995 1857 2090 1895 an-
2121 1835 2160 1888 B
2189 1837 2506 1894 Theodorus
2528 1838 2840 1902 Alexandri,
2860 1839 3092 1908 Argivus
3119 1838 3251 1909 (l5).
3286 1837 3484 1893 Deinde
3504 1839 3763 1894 Nicocra-

526 1935 614 1988 nis
644 1949 738 1988 sex
776 1933 1107 2004 totidemque
1139 1936 1436 1990 mensibus.
1476 1933 1670 1990 Postea
1703 1934 1947 2007 Pyrrhus
1975 1937 2087 2007 (δ’)

527 2025 686 2080 annis
717 2033 953 2095 quatuor
990 2026 1325 2098 totidemque
1358 2028 1657 2082 mensibus.
1702 2025 1905 2081 Deinde
1938 2025 2090 2097 Lysi-

528 2115 762 2172 machus
807 2115 1125 2186 Agathoclis
1153 2119 1316 2172 annis
1347 2132 1465 2172 sex.
1495 2116 1614 2171 Mox
1656 2126 1708 2172 et
1742 2115 2086 2182 Ptolemaeus,

528 2215 886 2276 cognomento
949 2206 1258 2269 Ccraunus,
1321 2222 1464 2262 anno
1523 2223 1632 2262 uno
1705 2209 2094 2281 mensibusque

528 2299 768 2366 quinque
803 2316 815 2351 :
850 2313 1009 2367 quem
1058 2300 1271 2368 excepit
1315 2299 1579 2368 Meleager
1623 2301 1901 2357 mensibus
1957 2303 2093 2357 duo-

530 2386 666 2441 bus:
706 2395 828 2456 post
871 2403 1032 2458 quem
1087 2388 1374 2460 Antipater
1420 2388 1729 2461 Lysimachi
1757 2393 1832 2464 (4)
1854 2394 2095 2466 quinque

529 2486 583 2532 et
612 2478 969 2550 quadraginta
994 2479 1187 2535 diebus
1223 2500 1234 2535 :
1271 2490 1391 2552 post
1423 2498 1582 2552 quem
1615 2481 1911 2541 Sosthcnes
1952 2502 2093 2542 anno

531 2587 668 2624 uno.
700 2570 1065 2626 Consecutum
1098 2579 1181 2626 est
1217 2572 1586 2644 interregnum
1617 2573 1830 2631 duobus
1861 2577 2020 2633 annis
2042 2587 2096 2632 et

532 2662 814 2718 mensibus
847 2663 1094 2717 totidem.
1141 2663 1276 2718 Exin
1322 2665 1636 2723 dominatus
1678 2676 1763 2723 est
1792 2667 2096 2740 Antigonus

534 2750 789 2807 Demetrii
818 2752 978 2808 annis
1011 2752 1231 2824 triginta
1261 2763 1515 2824 quatuor,
1550 2757 1940 2828 mensibusque
1961 2759 2098 2815 duo-

533 2845 657 2900 bus.
692 2845 853 2900 Circa
885 2846 984 2900 hos
1028 2861 1199 2900 annos
1221 2845 1464 2918 Pyrrhus
1510 2849 1743 2918 receptis
1780 2848 1831 2903 in
1868 2850 2101 2906 deditio-

533 2951 654 2989 nem
689 2937 942 3005 Antigoni
970 2937 1162 3005 copiis,
1192 2941 1488 3008 paucisque
1518 2940 1653 2994 locis
1707 2942 1934 3011 potitus,
1965 2960 2098 3015 prae-

534 3025 610 3080 lio
641 3024 834 3079 deinde
869 3025 1044 3080 Derdii
1068 3025 1145 3096 (5)
1181 3043 1210 3079 a
1255 3025 1525 3083 Demetrio
1564 3029 1674 3083 lilio
1715 3030 1974 3102 Antigoni
2005 3032 2100 3087 de-

533 3117 768 3172 hellatus
805 3124 908 3182 est,
957 3118 1228 3187 rebusque
1278 3130 1476 3176 exutus
1520 3119 1617 3191 (6).
1657 3120 1814 3176 Brevi
1859 3130 2100 3193 tempore

535 3216 676 3278 post,
699 3210 965 3264 exstincto
992 3209 1282 3280 Antigono,
1317 3213 1559 3283 regnavit
1583 3213 1704 3280 ejus
1731 3211 1875 3268 filius
1901 3214 2092 3270 Deme-

539 3299 679 3354 trius
723 3300 882 3355 annis
927 3299 1134 3355 decem.
1180 3299 1312 3356 Post
1355 3302 1500 3356 hunc
1547 3302 1853 3372 Antigonus
1909 3306 2098 3360 Deme.-

539 3390 631 3443 trii
677 3390 753 3462 (7)
797 3391 932 3460 ejus,
987 3392 1082 3462 qui
1133 3391 1395 3463 Cyrenem
1448 3395 1728 3464 profectus
1779 3405 1862 3450 est
1905 3397 2006 3466 (8),
2045 3406 2098 3452 et

537 3478 872 3551 Olympiadis
903 3481 978 3552 (9)
1032 3483 1152 3537 lilia;
1185 3482 1442 3554 Polycleti
1483 3483 1753 3552 Larissaei,
1800 3487 1958 3541 annis
2001 3503 2100 3541 no-

539 3586 682 3626 vem.
714 3570 813 3626 llic
845 3572 1056 3630 Achaeis
1090 3576 1365 3645 suppetias
1389 3575 1600 3632 validas
1645 3569 1828 3633 ferens
1855 3577 2099 3636 Cleome-

539 3677 662 3717 nem
718 3660 1161 3720 Lacedaemonum
1207 3675 1492 3737 tyrannum
1545 3669 1732 3739 praelia
1789 3673 2097 3742 superavit,

544 3753 950 3824 Spartanosque
991 3756 1241 3812 libertate
1291 3757 1532 3824 donavit,
1566 3775 1630 3815 ac
1672 3761 1886 3817 divinos
1931 3776 2098 3832 prope

542 3847 776 3902 honores
851 3848 992 3917 apud
1076 3849 1393 3904 Achazorum
1471 3863 1683 3922 gentem
1769 3855 2100 3924 promeritus

541 3947 624 3994 est
655 3938 787 4010 (10).
843 3937 974 3995 Post
1022 3927 1165 3994 hunc
1214 3939 1495 4012 Philippus
1551 3942 1804 4000 Demetrii
1856 3947 2100 4016 regnavit

543 4029 702 4082 annis
733 4045 867 4083 xxni
902 4046 1024 4083 cum
1058 4032 1338 4087 mensibus
1374 4049 1427 4087 ix
1455 4051 1468 4089 :
1494 4041 1605 4087 tum
1633 4035 1815 4102 prailio
1846 4035 1898 4089 in
1931 4034 2102 4092 Thes-

544 4121 679 4174 salia
709 4137 738 4176 a
768 4121 888 4177 Tito
931 4123 1068 4177 duce
1096 4123 1326 4178 Romani
1358 4125 1633 4180 exercitus
1661 4127 1966 4181 debellatus
1992 4135 2095 4181 est.

543 4215 590 4268 Α
618 4214 877 4271 Romanis
909 4225 1087 4271 autem
1119 4216 1418 4272 libertatem
1455 4225 1885 4288 potestatemque
1911 4219 2096 4274 utendi

545 4322 660 4362 suis
703 4305 908 4376 legibus
955 4317 1280 4377 acceperunt
1336 4307 1581 4364 Thessali
1619 4311 1855 4382 itemque
1900 4311 2097 4382 reliqui

545 4398 715 4454 Graeci
742 4401 835 4470 qui
866 4399 1093 4470 vectigal
1121 4397 1367 4469 Philippo
1397 4400 1728 4469 pendebant.

2189 1940 2272 1986 tes
2297 1929 2551 1998 Phaxini,
2598 1930 2930 1986 Scotusaeus.
2968 1931 3171 1986 Deinde
3210 1930 3582 2002 Hippolochus
3629 1933 3760 1987 Ale-

2191 2023 2358 2092 xippi,
2387 2023 2708 2078 Larissaeus.
2742 2021 2943 2076 Deinde
2973 2021 3385 2078 Cleomachides
3413 2021 3610 2088 (Επεὶ,
3656 2021 3761 2078 La-

2191 2115 2435 2169 rissmus.
2457 2113 2656 2168 Deinde
2673 2113 2943 2185 Phyrinus
2957 2112 3341 2180 Aristomenis,
3363 2111 3758 2185 Gomphensis.

2260 2207 2313 2260 1.
2354 2203 2432 2258 Eo
2471 2219 2614 2258 anno
2667 2202 2947 2281 Philippus
3000 2220 3090 2261 rex
3134 2204 3266 2258 obiit
3317 2206 3373 2259 in
3413 2203 3756 2268 Macedonia,

2193 2301 2459 2367 potestate
2490 2293 2543 2347 in
2577 2293 2745 2348 lilium
2780 2292 3037 2348 Perseum
3069 2293 3355 2347 translata.
3391 2291 3449 2347 Is
3475 2291 3762 2348 Thessalis

2193 2391 2572 2458 imperaverat,
2605 2384 2882 2439 utdictum
2903 2394 3005 2446 est.
3037 2383 3193 2438 annis
3219 2383 3408 2453 viginti
3435 2383 3547 2456 (14)
3575 2383 3760 2438 tribus

2193 2494 2316 2533 cum
2366 2477 2643 2532 mensibus
2686 2491 2899 2540 novem,
2937 2473 3323 2530 Macedonibus
3369 2483 3549 2530 autem
3594 2475 3759 2530 anuis

2194 2569 2414 2626 omnino
2456 2569 2813 2649 quadraginta
2862 2567 3074 2623 duobus
3123 2575 3177 2622 et
3216 2568 3496 2622 mensibus
3528 2581 3748 2622 novem.

2193 2662 2311 2719 Iam
2343 2679 2472 2719 vero
2503 2680 2533 2717 a
2564 2663 2874 2719 centesima:
2909 2671 2962 2718 et
2997 2672 3206 2733 quartae
3234 2662 3456 2718 decimas
3484 2663 3759 2734 olympia-

2196 2756 2281 2812 dis
2310 2771 2453 2810 anno
2481 2756 2679 2820 altero,
2718 2769 2826 2825 quo
2857 2762 3096 2826 tempore
3128 2753 3292 2808 rebus
3320 2755 3645 2824 priepositus
3673 2763 3759 2809 est

2197 2845 2477 2918 Philippus
2502 2845 2812 2918 (Aridwus),
2847 2859 3021 2915 usque
3054 2842 3121 2897 ad
3149 2842 3456 2915 Philippum
3497 2842 3758 2900 Demetrii

2198 2940 2549 3003 exstinctum,
2607 2939 2765 3009 cujus
2805 2939 2988 2993 obitus
3015 2937 3206 2992 incidit
3245 2937 3300 2991 in
3340 2936 3655 2991 centesimae
3699 2946 3766 2991 es

2199 3031 2660 3100 quinquagesimae
2718 3028 3039 3100 Olympiadis
3085 3045 3285 3084 annum
3347 3029 3577 3083 alterum
3628 3043 3759 3083 cum

2199 3122 2442 3192 quinque
2491 3121 2799 3186 mensibus,
2845 3120 3151 3176 conﬂantur
3195 3120 3323 3174 anni
3371 3134 3555 3184 cxuv,
3603 3135 3766 3175 men-

2201 3223 2396 3280 sesque
2422 3222 2474 3260 v.

2269 3301 2323 3354 5.
2363 3297 2744 3354 Thessalorum
2777 3315 2959 3370 regum
2995 3314 3229 3354 summa.

2271 3389 2311 3444 l.
2353 3387 2619 3450 Aridaaus,
2651 3388 2899 3458 idemque
2927 3386 3227 3458 Philippus,
3255 3388 3419 3442 annis
3437 3401 3534 3442 vlt.

2270 3481 2333 3538 ll.
2373 3481 2681 3538 Cassander
2710 3483 2867 3536 annis
2896 3498 3009 3537 xix.

2271 3573 2358 3629 III.
2400 3573 2682 3644 Philippus
2707 3573 2983 3630 mensibus
3013 3589 3087 3629 tv.

2271 3664 2361 3722 IV.
2403 3666 2686 3736 Antipater
2709 3665 2823 3739 (I5)
2853 3674 2907 3721 et
2929 3665 3235 3721 Alexander
3262 3667 3419 3722 annis
3451 3683 3488 3721 ιι
3513 3673 3568 3722 et
3596 3679 3759 3723 men-

2202 3762 2354 3816 sibus
2375 3777 2450 3815 Vt.

2278 3849 2338 3904 V.
2384 3850 2688 3906 Demetrius
2718 3851 2954 3912 annis,“
2980 3860 3033 3905 et
3060 3853 3339 3910 mensibus
3359 3868 3435 3908 vi.

2270 3941 2360 3999 Vl.
2397 3940 2640 4011 Pyrrhus
2680 3943 2837 3998 annis
2862 3958 2919 3995 in
2945 3942 3054 4013 (l6)
3087 3955 3140 3999 et
3174 3945 3454 4001 mensibus
3479 3959 3555 3999 tv.

2270 4033 2384 4088 VII.
2422 4034 2779 4105 Lysimachus
2809 4036 2966 4090 annis
2988 4052 3064 4093 vI.

2277 4125 2407 4182 VIII.
2448 4126 2789 4194 Ptolemaeus,
2831 4126 3081 4199 idemque
3121 4129 3427 4193 Ceraunus,
3466 4141 3613 4184 anno
3637 4143 3657 4184 ι
3699 4134 3766 4184 et

2203 4218 2480 4274 mensibus
2506 4233 2559 4272 ν.

2274 4307 2364 4364 IX.
2405 4307 2667 4378 Meleager
2695 4306 2976 4364 mensibus
3002 4303 3066 4359 II.

2273 4401 2338 4455 Χ.
2378 4400 2661 4470 Antipater
2686 4399 2877 4454 diebus
2909 4416 3032 4458 va.

616 4490 668 4545 5.
718 4490 782 4543 Et
839 4490 1013 4559 primo
1062 4487 1278 4558 quidem
1329 4503 1470 4541 anno
1525 4489 1658 4541 nulli
1714 4488 1987 4562 principes
2041 4488 2095 4542 in
2133 4511 2178 4568 ο
2274 4490 2365 4546 XI.
2408 4491 2704 4546 Sosthcnes
2744 4506 2889 4545 anno
2917 4508 2955 4545 ι.

619 4667 693 4737 (Ι)
733 4665 1012 4737 Legendus
1049 4667 1234 4722 Livius
1256 4681 1428 4729 xxxii,
1466 4668 1531 4722 10
1569 4683 1715 4737 sqq.,
1757 4672 1871 4719 tum
1904 4680 2101 4730 xxxiii,

549 4737 638 4793 52.
675 4752 857 4793 xxxiv.
885 4740 936 4792 1.

625 4777 638 4800 ,
675 4752 857 4799 XXXIV,
885 4752 936 4792 1ο

621 4807 696 4876 (ξ)
734 4806 915 4876 Codex
950 4808 1098 4864 Arm.
1131 4807 1216 4860 hic
1244 4809 1418 4870 annis,
1445 4807 1537 4862 sed
1561 4805 1786 4861 inferius
1820 4805 2102 4862 mensibus.

621 4807 676 4876 (τὶ
734 4807 915 4862 Codex
950 4808 1098 4864 Arm.
1131 4807 1216 4860 hic
1244 4809 1418 4870 annis,
1445 4807 1537 4862 sed
1561 4807 1786 4861 inferius
1820 4807 2101 4862 mensibus.

621 4807 698 4949 (ὅ)
737 4875 915 4949 Codex
946 4877 1105 4949 Arni:
1129 4879 1414 4949 Antipatri,
1455 4877 1600 4947 quod
1632 4877 1818 4931 vitium
1851 4877 2101 4930 emenda-

550 4945 727 5001 vimus
757 4946 914 4999 etiam
950 4947 1053 5003 col.
1079 4945 1206 5010 249,
1243 4961 1302 5006 η.
1330 4947 1386 5007 4.

623 5018 736 5139 (5‘)
779 5015 1032 5085 Pyrrhus.
1065 5025 1141 5069 Ita
1187 5027 1270 5072 est
1302 5023 1464 5070 etiam
1499 5018 1551 5071 in
1585 5015 1790 5072 Veneta
1828 5017 2102 5079 editione;

623 5127 626 5139 .
675 5096 853 5139 tamen
894 5087 1238 5139 scribendum
1275 5089 1493 5139 omnino
1533 5095 1618 5139 est
1643 5087 1938 5139 Alexander
1971 5085 2102 5139 Pur-

552 5085 643 5208 spd
665 5085 853 5210 Emen
894 5087 1238 5140 scribendum
1275 5089 1493 5142 omnino
1533 5095 1618 5142 est
1643 5087 1938 5142 Alexander
1971 5085 2107 5157 Pyr-

553 5172 634 5209 νη
723 5173 826 5210 ius.

553 5172 634 5209 ηη
665 5172 826 5211 Imus.

625 5224 699 5295 (4)
761 5225 969 5297 Rursus
1027 5224 1237 5297 videtur
1286 5225 1574 5281 dicendum
1656 5228 1907 5297 Philippi.
1971 5225 2107 5280 Vide

553 5293 689 5365 sup.
713 5293 830 5365 col.
849 5293 975 5360 254,
1004 5308 1057 5347 η.
1089 5295 1122 5350 6

621 5363 696 5438 (5)
739 5363 967 5438 Yidetur
987 5365 1271 5438 dicendum
1302 5367 1480 5438 Argis.
1659 5434 1661 5436 η

621 5435 711 5506 (6)
739 5434 969 5506 Legendi
1003 5444 1129 5489 sunt
1159 5432 1404 5506 lustinus
1438 5450 1563 5496 xxv,
1600 5434 1661 5488 et
1689 5432 2028 5506 Plutarchus,
2051 5433 2104 5488 in

555 5504 781 5578 Pyrrho.
821 5504 938 5578 Jam
979 5506 1040 5578 ιδίΔ
1076 5505 1286 5562 scribas
1327 5507 1576 5578 superius
1621 5506 1797 5575 Argis,
1831 5505 1978 5560 dices
2019 5505 2108 5558 hic

553 5574 803 5644 rebusque
830 5575 1069 5628 humanis
1093 5584 1303 5631 exutus.

626 5642 1014 5715 (7)'lmmerito
1058 5647 1222 5715 igitur
1247 5649 1350 5715 hic,
1376 5645 1678 5713 Antigonus
1707 5644 1990 5700 videbatur
2017 5642 2108 5697 Al-

552 5715 737 5784 eyonei
788 5716 928 5769 lilius
976 5713 1263 5770 Beineccio
1296 5714 1568 5769 Manarch.
1623 5725 1738 5774 teri.
1794 5731 1846 5784 p.
1896 5716 2016 5770 129.
2063 5715 2104 5767 A

554 5783 822 5842 Pausania
850 5801 941 5854 vn,
977 5785 1026 5852 7,
1067 5785 1264 5840 dicitur
1310 5785 1628 5856 Antigonus
1661 5783 1875 5855 ἀνεψιὸς
1905 5787 1980 5858 τῷ
2019 5787 2108 5840 Φι-

2203 4670 2404 4740 λίππῳ,
2429 4670 2522 4722 καὶ
2561 4670 2752 4741 μητέρι
2786 4671 2948 4725 αὑτοῦ
2979 4673 3260 4732 συνοικῶο,
3293 4668 3522 4738 Philippi
3549 4680 3764 4738 patrus-

2206 4741 2270 4794 lis
2291 4751 2337 4794 et
2369 4741 2603 4794 vitricus.

2276 4809 2348 4878 (8)
2390 4809 2602 4864 Videsis
2637 4824 2754 4878 cap.
2787 4809 2876 4872 38,
2911 4826 2966 4875 ιι.
3003 4810 3057 4866 9.

2275 4875 2349 4950 (9)
2390 4879 2642 4950 Demetrii
2683 4875 2820 4934 uxor
2869 4890 2984 4934 erat
3052 4877 3443 4950 Phthia;ergo
3483 4875 3768 4950 Qlympias

2206 4946 2526 5003 concubina.
2559 4947 2743 5018 Neque
2776 4951 2880 5004 huc
2922 4950 3184 5004 trahenda
3212 4946 3444 5018 videtur
3483 4946 3766 5018 Olympias

2206 5018 2399 5100 Pyrrhi
2444 5017 2668 5100 epirotai
2703 5019 3000 5100 regisﬁlia.
3039 5036 3161 5086 quae
3198 5017 3455 5100 Demetrii
3495 5017 3769 5073 auxilium

2206 5089 2533 5158 imploravit,
2569 5089 2933 5144 testeJustino
2967 5106 3156 5152 xxviii,
3194 5089 3242 5144 I.

2277 5156 2386 5227 (10)
2429 5157 2551 5212 llaec
2572 5160 2638 5213 de
2666 5160 2932 5229 Antigono
2965 5161 3069 5213 late
3099 5159 3390 5229 praedicant
3414 5156 3671 5228 Polybius
3701 5173 3764 5229 ιι,

2208 5227 2299 5294 70;
2333 5229 2517 5283 Livius
2543 5245 2632 5290 xc,
2679 5230 2780 5295 5i;
2809 5227 3111 5283 Pausanias
3135 5245 3198 5289 ll,
3221 5229 3274 5290 9,
3299 5243 3387 5294 vi;
3421 5229 3525 5294 16;
3571 5241 3668 5291 vn,
3700 5227 3762 5280 7·

2208 5313 2322 5360 vni,
2358 5300 2420 5364 8;
2455 5297 2700 5353 Justinus
2731 5314 2919 5361 xxvm,
2945 5299 3060 5364 δή.
3085 5309 3138 5354 et
3165 5297 3380 5354 Suidas.

2305 5369 2386 5437 ll)
2429 5369 2676 5428 Inferius.
2703 5369 2956 5422 Praviles.

2305 5431 2389 5502 12)
2429 5439 2508 5509 l_t_a
2536 5439 2589 5491 in
2616 5441 2855 5509 margine
2877 5438 3080 5493 codicis
3111 5437 3346 5504 Arm.;at
3371 5439 3427 5494 in
3458 5444 3606 5494 textu
3631 5431 3766 5490 Coo

2208 5505 2399 5577 tonius.
2431 5505 2571 5577 Num
2607 5505 2928 5577 Gortynius?

2307 5577 2392 5648 15)
2418 5576 2555 5648 Puta
2576 5593 2640 5648 ea:
2673 5576 2825 5648 Argis
2860 5577 3269 5642 amphilochieis.

2304 5647 2388 5719 14)
2415 5647 2570 5719 Deest
2603 5645 2693 5719 hic
2721 5645 2898 5719 viginti
2927 5649 2979 5701 in
3013 5649 3133 5705 cod.
3163 5649 3310 5702 Arni.

2280 5716 2390 5789 (Ιᾷ)
2416 5716 2594 5789 Codex
2626 5716 2800 5779 Arni.)
2834 5719 3144 5789 Antigonus.

2283 5787 2391 5859 (l6)
2418 5787 2678 5859 Superius
2705 5805 2776 5843 iv.
