4014 6236
567 264 673 319 239

1277 263 1544 319 EUSEBII
1583 263 2054 321 CESARIENSIS
2087 264 2235 320 OPP.
2279 264 2458 318 PARS
2490 262 2527 316 1.
2570 296 2644 304 —
2685 264 3062 320 HISTOBICA.

3707 267 3811 321 ξω

562 380 706 433 inter
738 375 1004 431 barbaros
1037 377 1265 433 ulterius
1291 385 1604 449 provectus,
1635 379 1864 434 victoria
1902 394 2129 450 regnum
2161 386 2206 440 Α
2232 389 2284 436 et
2340 380 2635 437 tricesima:
2691 391 2898 437 octava:
2942 380 3302 452 Olympiadis,
3357 389 3520 450 atque
3573 382 3651 435 ita
3712 399 3808 443 an-

561 469 926 532 confirmavit,
967 484 1032 524 ex
1063 486 1235 540 eaque
1277 471 1457 526 dictus
1500 479 1583 526 est
1612 471 1848 526 Nicanor
1873 473 1948 543 (1)
2001 474 2122 543 (seu

562 563 785 632 victor),
817 572 1140 634 sceptroque
1182 564 1384 632 potitus
1425 573 1508 619 est
1542 565 1700 619 annis
1733 566 1957 634 triginta
1989 566 2128 620 duo-

561 655 686 718 bus,
723 669 886 709 orsus
913 653 1164 709 videlicet
1198 671 1228 708 a
1263 656 1576 710 centesimae
1606 663 1662 710 et
1706 656 1931 711 det-ima:
1972 659 2130 727 septi.

561 763 664 801 mae
717 746 1039 817 Olympiadis
1088 761 1230 816 anno
1274 747 1450 817 primo
1491 749 1604 816 (2),
1653 748 2020 820 desinensque
2073 752 2127 805 in

563 840 877 894 centesima:
921 847 974 893 et
1025 839 1294 893 vicesimae
1333 848 1541 909 quarta:
1593 855 1794 894 annum
1847 849 2125 911 quartum,

565 931 673 981 vita
707 927 774 982 ad
805 943 1007 982 annum
1040 943 1212 998 usque
1241 931 1700 1000 septuagesimum
1729 931 1978 1000 quintum
2001 948 2128 1002 pro-

564 1021 746 1083 ducta,
787 1035 896 1089 quo
931 1019 1159 1074 insidias
1197 1034 1226 1072 a
1272 1019 1527 1074 familiari
1570 1019 1866 1082 Ptolemaei.
1921 1031 2126 1094 cogno-

563 1118 746 1166 mento
775 1109 1032 1172 Cerauni,
1061 1125 1257 1180 passus
1289 1111 1516 1166 interiit.

632 1205 684 1260 5.
729 1202 1006 1259 Successit
1041 1204 1181 1258 filius
1210 1202 1512 1258 Antiochus
1545 1220 1607 1259 ex
1639 1205 1842 1276 Apame
1882 1208 2122 1279 perside,

560 1297 650 1365 qui
689 1295 988 1366 appellatus
1027 1304 1110 1349 est
1145 1293 1306 1349 Soter
1341 1295 1417 1366 (5)
1451 1294 1664 1366 (nempe
1706 1302 1992 1362 servator).
2027 1300 2126 1356 Hic

562 1390 873 1444 centesimae
935 1395 988 1444 et
1042 1389 1320 1443 vicesima:
1389 1404 1548 1443 nonae.
1596 1392 1920 1462 Olympiadis
1983 1411 2126 1450 anno

561 1480 736 1548 primo
764 1480 918 1543 obiit,
955 1487 1244 1550 postquam
1287 1480 1445 1534 annis
1481 1496 1608 1536 LXIV
1637 1484 1881 1551 vixerat;
1925 1503 2124 1557 regna-

560 1578 713 1624 verat
759 1577 939 1624 autem
983 1571 1140 1624 annis
1189 1586 1302 1634 xIx,
1350 1586 1380 1624 a
1417 1573 1725 1629 centesimae
1757 1583 1812 1630 et
1855 1576 2126 1632 vicesima:

561 1664 763 1730 quinta:
792 1661 1121 1732 Olympiadis
1161 1665 1337 1732 primo
1371 1679 1539 1732 anno,
1585 1682 1761 1736 usque
1803 1667 1871 1721 ad
1903 1669 2123 1722 tertium

2231 471 2318 526 nis
2356 488 2444 526 xxi
2470 470 2546 543 (9)
2579 472 2892 528 dominatus
2925 479 3028 529 est.
3057 472 3118 525 Ei
3158 482 3374 527 mortuo
3397 472 3513 543 (10)
3557 477 3812 528 succedit

2232 561 2376 617 iilius
2417 560 2701 625 Seleucus,
2738 568 3102 632 cognomento
3139 559 3441 617 Cerannus.
3471 563 3657 633 Atque
3698 565 3811 621 hac

2229 655 2447 724 quidem
2480 655 2553 707 ita
2587 669 2645 708 se
2674 655 3002 708 habuerunt.

2301 747 2354 801 8.
2399 746 2789 801 Verumtamen
2809 746 3022 800 vivente
3044 744 3224 799 adhuc
3251 745 3516 800 Callinico
3545 746 3809 813 Seleuco,

2227 836 2533 908 Antigonus
2566 835 2679 905 (11)
2711 836 2892 888 minor
2924 842 3055 888 natu
3089 834 3261 888 frater
3291 836 3490 904 quietis
3526 838 3810 908 sortisque

2228 944 2342 982 sua:
2372 929 2683 998 impatiens,
2728 928 3034 997 adjutorem
3071 925 3467 997 favitoremque
3495 935 3706 984 nactus
3729 938 3812 984 est

2227 1018 2616 1084 Alexandrum,
2665 1019 2758 1089 qui
2785 1020 2971 1073 urbem
3010 1017 3212 1073 Sardes
3245 1019 3483 1084 tenebat,
3517 1029 3571 1075 et
3614 1020 3812 1076 Laodi-

2227 1127 2319 1167 ces
2354 1112 2545 1167 matris
2580 1127 2691 1166 sua:
2726 1110 2894 1165 frater
2932 1118 3048 1164 erat
3071 1108 3224 1181 (12):
3257 1111 3491 1181 denique
3532 1119 3590 1166 et
3635 1110 3810 1166 Gallis

2227 1204 2583 1259 auxiliaribus
2619 1219 2752 1258 usus
2798 1211 2900 1258 est.
2944 1203 3168 1258 Duobus
3204 1205 3404 1274 praeliis
3448 1202 3727 1259 Seleucus
3754 1206 3808 1259 in

2227 1297 2394 1368 Lydia
2429 1297 2710 1352 victoriam
2751 1305 2950 1351 nactus
2995 1305 3080 1352 est
3110 1296 3245 1366 (1'5),
3278 1297 3352 1351 ita
3386 1304 3572 1352 tamen
3605 1307 3672 1352 ut
3713 1313 3807 1352 ne-

2227 1406 2333 1459 que
2377 1389 2575 1446 Sardes
2608 1397 2826 1460 caperet
2870 1406 3047 1459 neque
3077 1388 3372 1458 Ephesum,
3409 1404 3576 1460 quam
3606 1390 3807 1445 urbem

2228 1481 2549 1536 Ptolemaeus
2577 1480 2831 1550 praesidio
2867 1479 3156 1534 insidebat.
3184 1478 3388 1534 Deinde
3412 1481 3465 1532 in
3507 1479 3805 1550 Cappado—

2226 1576 2311 1628 cia
2364 1571 2626 1627 adversus
2678 1569 3085 1634 Mithridatem,
3145 1584 3288 1624 novo
3340 1570 3529 1639 praelia
3573 1578 3802 1636 coorto,

2227 1675 2340 1721 tum
2389 1666 2618 1720 militum
2663 1663 2784 1734 ejus
2819 1662 3008 1733 viginti
3059 1663 3227 1716 millia
3277 1676 3417 1718 caesa
3468 1677 3499 1716 a
3545 1662 3804 1718 barbaris

560 1753 832 1808 vicesima:
869 1766 1025 1805 nona:
1063 1767 1227 1822 supra
1261 1756 1634 1811 centesimam.
1675 1756 1797 1811 Nati
1833 1767 1961 1812 sunt
2003 1760 2053 1815 ei
2092 1776 2123 1816 e
2159 1739 2201 1794 Β
2230 1765 2376 1820 sunt,
2405 1765 2516 1811 tum
2554 1758 2668 1826 ipse
2699 1754 3016 1826 proﬂigatus
3052 1755 3273 1809 evanuit
3299 1755 3430 1824 (14).

561 1842 867 1899 Stratonice
894 1843 1147 1898 Demetrii
1175 1847 1454 1904 masculus
1484 1848 1788 1904 Antiochus
1831 1857 1884 1905 et
1912 1849 2124 1908 femina:

561 1937 869 1992 Stratonice
919 1945 1082 2006 atque
1146 1939 1371 2010 Apame,
1422 1957 1653 2013 quarum
1713 1941 1972 2012 Apamem
2017 1943 2125 1999 Ma-

559 2046 654 2099 gas
687 2030 759 2100 (li)
791 2029 944 2083 duxit
983 2046 1227 2088 uxorem.
1271 2033 1634 2089 Stratonicem
1667 2041 1843 2088 autem
1887 2051 1981 2089 rex
2012 2035 2124 2090 Ma-

559 2125 799 2178 cedonia:
829 2123 1157 2181 Demetrius.

629 2215 681 2269 6.
728 2214 992 2268 Praedicto
1021 2217 1289 2272 Antiocho
1317 2216 1494 2273 Soteri
1531 2219 1643 2274 vita
1683 2220 1874 2278 functo
1910 2238 2126 2279 succes-

561 2307 634 2362 sit
673 2308 726 2361 in
772 2307 1059 2375 imperium
1099 2309 1426 2374 Antiochus,
1466 2322 1827 2380 cognomento
1856 2314 1999 2370 Deus
2023 2314 2120 2386 (5),

558 2414 720 2454 orsus
759 2413 789 2451 a
833 2399 1144 2454 centesimae
1183 2408 1236 2455 et
1274 2402 1546 2458 vicesimae.
1592 2419 1749 2461 nona:
1797 2408 2122 2479 Olympiadis

558 2497 756 2559 quarto
788 2503 954 2552 anno,
989 2490 1264 2562 vitamque
1308 2493 1468 2548 annis
1495 2493 1672 2550 adhuc
1703 2514 1769 2551 xv
1794 2498 1869 2570 (6)
1925 2515 2124 2570 propa-

558 2597 714 2653 gans.
752 2580 1049 2651 Implicitas
1078 2583 1132 2638 in
1158 2584 1404 2639 morbum
1435 2585 1671 2642 decessit
1702 2589 1898 2660 Ephesi
1935 2601 2121 2647 cente-

559 2673 712 2726 simae
749 2681 802 2729 et
842 2673 1130 2730 tricesima:
1161 2676 1362 2746 quintae
1393 2678 1713 2749 Olympiadis
1755 2684 1913 2736 tertio
1951 2700 2118 2749 anno,

556 2776 843 2838 postquam
885 2769 1044 2825 annis
1086 2769 1310 2824 omnino
1339 2770 1695 2842 quadraginta
1743 2774 1987 2830 vixisset.
2029 2774 2120 2830 Fi-

558 2858 663 2914 lios
706 2860 948 2929 suscepit
995 2859 1154 2925 duos,
1202 2859 1513 2928 Seleucum,
1563 2873 1922 2934 cognomento
1961 2866 2120 2921 Calli-

556 2950 761 3016 nicum,
810 2961 863 3006 et
909 2952 1272 3022 Antigonum;
1331 2952 1576 3025 ﬁliasque
1623 2956 1760 3012 duas
1807 2974 1838 3014 e
1883 2957 2118 3016 Laodice

556 3041 736 3096 Achaei
778 3041 878 3112 (7),
928 3057 1161 3111 quarum
1208 3044 1437 3098 alteram
1477 3044 1840 3117 Mithridates,
1890 3049 2114 3104 alteram

555 3133 790 3188 Arathes
813 3131 889 3204 (8)
922 3133 1197 3187 duxerunt
1227 3149 1442 3190 uxores.

626 3227 681 3283 7.
723 3226 854 3281 Post
885 3241 1007 3280 eum
1041 3226 1216 3296 major
1243 3235 1375 3282 natu
1417 3227 1696 3294 Seleucus,
1732 3241 2114 3301 cognomento,

553 3329 615 3375 ut
647 3319 905 3383 diximus,
937 3319 1258 3385 Callinicus,
1292 3335 1516 3390 regnum
1558 3322 1718 3376 tertio
1761 3337 1904 3376 anno
1945 3323 2119 3394 olym-

555 3411 731 3481 piadis
778 3410 1088 3466 centesimae
1137 3417 1191 3464 et
1237 3409 1529 3465 tricesima:
1573 3412 1751 3466 tertiae
1799 3413 2116 3483 auspicatus

555 3511 660 3567 est,
698 3503 978 3571 tenuitque
1011 3502 1076 3556 ad
1106 3502 1335 3556 alterum
1364 3516 1536 3571 usque
1565 3516 1766 3555 annum
1807 3510 2118 3560 centesnmae

625 3678 701 3749 (1)
764 3678 936 3749 Vulgo
983 3678 1276 3753 ﬂicator;
1313 3680 1409 3753 sed
1465 3679 1700 3734 Nicanor
1758 3681 1919 3735 etiam
1977 3684 2114 3753 apud

554 3748 956 3821 Chorenensetu
986 3748 1127 3806 Hist.
1162 3767 1222 3813 ll,
1258 3752 1311 3814 1,
1339 3749 1664 3821 Graecosque
1701 3748 2011 3807 nonnullos.

627 3820 705 3892 (2)
734 3821 848 3874 Hoc
873 3828 956 3874 est
1005 3821 1418 3875 celeberrimum
1443 3820 1656 3875 inititim
1685 3824 1906 3892 epoeha;
1937 3821 2116 3878 Seleu-

551 3891 820 3953 cidarunt,
854 3907 959 3961 qua
1007 3906 1170 3960 super
1211 3907 1270 3947 re
1296 3893 1555 3961 legendus
1608 3891 1836 3961 magnus
1865 3891 2113 3950 Norisius

549 3960 616 4015 de
646 3961 850 4030 epocltis
881 3960 1368 4030 Syromacedonuni
1381 3962 1604 4016 dissert.
1630 3960 1772 4025 ",71.

627 4032 702 4103 (5)
737 4030 1180 4103 PrOpterGallos
1226 4033 1544 4103 debellatos,
1605 4048 1765 4102 quam
1828 4032 2112 4089 victoriam

550 4101 747 4172 legesis
772 4101 919 4172 apud
965 4101 1262 4157 Lucianum
1297 4103 1352 4156 in
1379 4101 1566 4156 Zeuxi.

623 4172 699 4241 (4)
732 4171 1072 4243 yocabulum
1111 4172 1296 4242 Magas
1334 4182 1650 4243 corruptum
1694 4181 1778 4228 est
1829 4173 1883 4227 in
1925 4175 2113 4230 codice

549 4240 713 4312 Arni:
732 4240 840 4298 Res
868 4250 1046 4312 tamen
1061 4240 1342 4312 perspicue
1355 4240 1569 4298 constat
1597 4259 1627 4298 e
1654 4243 1921 4297 Pausania
1943 4248 2106 4298 Attio.

548 4328 645 4383 vn.
679 4311 804 4365 Erat
823 4322 1000 4366 autem
1032 4311 1212 4382 Magas
1249 4311 1524 4368 Ptolemaei
1553 4313 1892 4383 Philadelphi
1918 4313 2108 4380 frater,

547 4382 895 4456 Cyrenesque
932 4398 1033 4456 rex
1065 4386 1146 4437 vel
1192 4383 1499 4456 pra-fectus.
1551 4381 1716 4454 Baga:
1749 4381 1892 4452 regis
1940 4388 2105 4456 Cyre-

715 4452 1095 4525 pinguedinem
1147 4463 1332 4507 narrat
1389 4452 1680 4509 Athenaeus
1737 4469 1836 4521 xu,
1897 4452 1999 4520 12;
2047 4473 2100 4526 p.

549 4524 672 4577 550.
823 4524 832 4525 ί
1125 4573 1129 4577 .

620 4595 695 4662 (5)
714 4593 850 4649 Huic
871 4593 981 4663 regi
1002 4600 1223 4662 putatur
1243 4592 1475 4648 Berosus
1511 4592 1802 4663 Historiam
1831 4610 1985 4650 suam
2008 4595 2104 4651 ob-

549 4664 761 4719 tulisse.
794 4662 1246 4719 Vide’Tatianum
1277 4673 1414 4717 orat.
1444 4680 1564 4733 cap.
1596 4662 1684 4718 56.

622 4733 696 4805 (6)
733 4736 909 4790 Codex
960 4735 1110 4787 Arm.
1150 4749 1262 4800 χιχ,
1305 4735 1446 4804 quod
1499 4735 1753 4789 mendum
1800 4736 1984 4791 statim
2015 4737 2103 4791 hic

545 4805 882 4875 coarguitur,
923 4813 977 4858 et
1008 4815 1087 4858 ter
1117 4805 1312 4859 deinde
1333 4805 1580 4859 inferius.

621 4873 703 4948 (Ἰ)
734 4873 831 4948 llic
857 4875 1096 4948 Achzeus
1113 4890 1290 4948 regem
1327 4891 1386 4930 se
1412 4884 1596 4948 poste_a
1621 4874 1776 4948 dixit.
1815 4874 2000 4948 Polyb.
2027 4894 2098 4941 tv,

545 4944 638 5001 48.
668 4944 780 5017 imo
799 4944 1047 5007 Aehzeus,
1067 4945 1133 4999 de
1155 4960 1261 5016 quo
1282 4944 1521 5014 loquitur
1548 4944 2102 5017 Porphyrius,senior

547 5027 649 5072 est.
681 5016 782 5082 Qui
817 5023 1082 5087 autemse
1109 5032 1287 5087 regem
1323 5018 1481 5078 dixit,
1505 5017 1712 5087 junior.

619 5088 695 5158 (8)
728 5087 967 5153 lntellige
991 5084 1345 5159 Qappadociaa
1363 5084 1567 5159 regem.
1596 5084 1714 5140 Jan]
1754 5085 1980 5159 Arathes
2002 5104 2101 5159 pro

547 5156 856 5211 Ariarathes
910 5156 1168 5210 scribitur
1208 5159 1372 5212 etiam
1418 5156 1449 5209 a
1485 5157 1766 5211 Memnone
1787 5158 1929 5227 apud
1959 5156 2101 5212 Pho-

545 5228 679 5281 tium
706 5227 827 5281 cod.
855 5240 1067 5291 ccxxtv,
1097 5227 1183 5280 52.

619 5298 694 5368 (υ)
727 5298 868 5351 Bene
892 5298 944 5350 in
971 5300 1267 5364 posteriore
1310 5299 1449 5353 libro
1479 5296 1561 5352 bis
1591 5297 1786 5368 legitur
1815 5313 1904 5362 xx,
1940 5298 1994 5352 in
2020 5306 2100 5352 ta-

547 5368 690 5434 bulis
713 5383 903 5434 nempe
934 5381 1116 5434 regunt
1139 5376 1192 5421 et
1217 5369 1269 5423 in
1299 5382 1528 5423 canone.

615 5432 728 5504 (10)
760 5432 1120 5491 En'Eu~ebius
1138 5453 1230 5491 seu
1266 5439 1600 5508 Porphyrius
1618 5438 1947 5493 mentionem
1975 5439 2098 5492 nul-

544 5507 650 5561 lam
681 5508 883 5579 faciunt
902 5509 1228 5575 captivitatis
1249 5507 1492 5563 Calli’nici
1515 5508 1653 5579 apud
1675 5509 2094 5579 Parthosqnam

545 5587 725 5650 tamen
754 5578 1048 5650 scriptores
1068 5579 1296 5650 aliquot,
1315 5595 1452 5648 quos
1473 5578 1612 5634 inter
1648 5581 1825 5650 magni
1859 5581 2096 5635 nominis

545 5647 1466 5722 hominesVaillantius,Frmliehins
1489 5661 1651 5722 atque
1666 5647 1972 5722 Eckhelius,
1990 5650 2091 5704 sibi

544 5721 882 5790 persuasisse
918 5719 1192 5776 videntur.
1221 5718 1407 5776 Merito
1440 5718 1604 5791 igitur
1619 5721 1759 5777 hanc
1783 5721 2092 5790 opinionem

2298 1846 2350 1900 9.
2381 1843 2696 1900 Ptolemaeus
2717 1859 2866 1908 vero,
2897 1843 2987 1912 qui
3006 1849 3057 1898 et
3079 1841 3332 1914 Tryphon
3358 1844 3490 1914 (15),
3513 1843 3696 1915 Syriae
3719 1863 3802 1901 re-

2228 1940 2415 2010 giones
2453 1953 2574 1992 cum
2601 1938 2860 1994 Damasco
2887 1940 3173 2008 occupavit
3209 1939 3342 2008 (16),
3373 1937 3802 2009 Orthosiamquc

2229 2029 2510 2084 obsidione
2533 2029 2702 2082 cinxit
2723 2029 2856 2099 (Π),
2884 2044 3004 2099 quae
3023 2029 3239 2100 quidem
3276 2029 3454 2084 soluta
3494 2038 3580 2084 est
3610 2039 3800 2084 cente.

2229 2122 2380 2175 simae
2411 2127 2465 2175 et
2506 2120 2796 2175 tricesima:
2842 2127 3050 2191 quartae
3082 2120 3406 2191 olympiadis
3437 2135 3582 2176 anno
3614 2122 3800 2187 tertio,

2230 2213 2457 2270 Seleuco
2497 2216 2624 2270 illuc
2657 2214 2901 2286 appulso.

2299 2310 2384 2362 10.
2429 2309 2618 2365 Frater
2663 2318 2842 2364 autem
2894 2308 3140 2363 Callinici
3185 2307 3488 2377 Antigonus
3541 2322 3800 2379 magnam

2201 2401 2514 2476 .Phrygiam
2541 2417 2857 2474 peragrans,
2889 2403 3107 2456 tributis
3127 2401 3333 2456 incolas
3348 2401 3636 2455 onerabat.
3657 2401 3798 2467 Quin

2227 2505 2282 2549 et
2307 2502 2495 2549 contra
2523 2492 2806 2549 Seleucum
2837 2495 3113 2564 copiarum
3149 2493 3317 2548 duces
3359 2493 3644 2558 mittebat;
3693 2509 3802 2563 quo

2228 2595 2468 2655 tempore
2516 2600 2640 2639 cum
2677 2599 2706 2638 a
2750 2585 3069 2655 voluptariis
3097 2586 3212 2641 suis
3244 2585 3514 2639 ministris
3557 2585 3800 2641 traditus

2227 2676 2418 2732 fuisset
2451 2675 2697 2732 barbaris
2731 2677 2862 2749 (18),
2898 2678 3090 2731 horum
3112 2677 3362 2732 manibus
3376 2678 3599 2746 elapsus
3629 2693 3798 2747 parvo

2225 2771 2484 2825 comitatu
2517 2769 2844 2841 Magnesiam
2869 2770 3044 2826 evasit
3076 2789 3090 2824 :
3121 2770 3467 2839 crastinaque
3493 2770 3581 2824 die
3609 2768 3795 2825 Ptole—

2224 2863 2344 2918 maei
2375 2861 2589 2917 auxiliis
2619 2863 2789 2917 fretus
2820 2861 3064 2931 praelium
3090 2859 3233 2916 felici
3266 2859 3436 2916 Marte
3459 2861 3747 2916 conseruit
3777 2881 3792 2915 :

2225 2959 2337 3005 tum
2357 2959 2409 3006 et
2424 2951 2582 3006 Ziela:
2597 2951 2707 3022 (19)
2724 2951 2884 3006 ﬁliam
2905 2950 3108 3022 nuptiis
3132 2951 3234 3006 sibi
3261 2951 3554 3021 copulavit.
3585 2951 3794 3006 Deinde

2225 3060 2368 3100 anno
2418 3052 2611 3116 quarto
2662 3043 2982 3116 Olympiadis
3033 3043 3341 3099 centesimae
3389 3051 3442 3098 et
3498 3044 3795 3098 tricesima:

2220 3137 2459 3207 septimae
2481 3138 2534 3190 in
2556 3135 2722 3206 Lydia
2739 3136 2828 3192 bis
2849 3136 3014 3192 armis
3037 3136 3198 3190 motis
3219 3134 3521 3191 debellatus
3542 3144 3628 3190 est
3653 3136 3789 3206 (ΞΟ).

2219 3227 2354 3283 Tum
2381 3229 2542 3282 etiam
2576 3228 2720 3282 circa
2751 3227 2989 3283 Choloén
3018 3228 3246 3283 certavit
3277 3243 3402 3282 cum
3427 3228 3614 3282 Attalo
3638 3227 3788 3297 (21):

2218 3326 2271 3373 et
2301 3319 2519 3388 quidem
2549 3319 2723 3389 primo
2751 3335 2895 3374 anno
2924 3318 3248 3391 olympiadis
3271 3317 3558 3372 tricesima:
3580 3327 3793 3372 octava:

2219 3425 2382 3480 supra
2413 3410 2782 3475 centesimam,
2811 3410 3048 3465 Attalum
3079 3410 3135 3465 in
3177 3409 3467 3464 Thraciam
3499 3427 3675 3481 usque
3704 3409 3794 3464 fu‘

2215 3501 2387 3573 giens,
2421 3510 2543 3572 post
2571 3516 2803 3572 pugnam
2839 3502 2893 3556 in
2933 3500 3092 3557 Caria
3123 3510 3413 3572 patratam,
3450 3501 3558 3555 vita
3589 3515 3794 3558 exces~

2220 3679 2476 3735 refutavit
2513 3696 2760 3736 summus
2797 3679 3112 3736 Vicecomes
3148 3680 3390 3751 Iconogr.
3413 3699 3494 3749 gr.
3522 3681 3610 3745 ιη.
3651 3684 3783 3740 582.

2283 3753 2394 3822 (11)
2433 3751 2528 3806 Hie
2567 3762 2650 3806 est
2697 3751 2998 3805 Antiochus
3029 3751 3249 3807 Hierax.
3287 3754 3344 3806 In
3375 3754 3566 3809 codice
3595 3763 3785 3811 tamen

2213 3821 2364 3874 Arm.
2389 3830 2704 3877 constanter
2729 3821 2987 3877 scribitur
3013 3823 3328 3890 Antigonus.

2289 3891 2400 3961 (12)
2426 3891 2784 3956 Quaerendum
2815 3891 2881 3946 de
2913 3892 3015 3964 hoc
3051 3910 3066 3954 ;
3118 3907 3244 3945 nam
3284 3891 3612 3964 Ptolemaeus
3647 3896 3780 3964 qui—

2213 3960 2611 4034 dem,quimox
2635 3969 2905 4034 occurret,
2941 3961 3108 4034 frater
3134 3970 3252 4034 erat
3284 3962 3590 4034 Berenices,
3613 3960 3780 4034 quam

2215 4031 2461 4087 Laodicaa
2489 4033 2647 4086 uxori
2685 4032 2870 4100 prima:
2897 4031 3279 4101 superinduxit
3328 4031 3650 4094 Antiochus,
3679 4051 3782 4090 co-

2213 4104 2469 4172 gnomine
2499 4102 2661 4166 Deus,
2690 4102 2936 4172 Callinicj
2968 4109 3022 4156 et
3053 4101 3296 4158 Hieracis
3321 4119 3538 4172 parens.

2282 4174 2394 4243 (15)
2437 4173 2572 4244 Puta
2603 4173 2866 4244 adversus
2909 4170 3260 4244 Ptolemaeum
3295 4170 3641 4244 Tryphonem
3675 4189 3781 4230 seu

2214 4241 2661 4315 Evergetem_(q11i
2683 4243 2923 4315 Ber_eni_ci
2943 4244 3116 4315 sorori
3130 4242 3326 4315 vindex
3340 4241 3582 4314 venerat)
3609 4253 3782 4315 atque

2214 4311 2476 4369 adversus
2505 4311 2748 4381 ejusdem
2770 4311 3045 4367 Ptolemaei
3072 4313 3384 4369 auxiliares.

2287 4381 2398 4453 (14)
2426 4383 2625 4452 Copias
2655 4383 2865 4454 Seleuci
2882 4384 3256 4454 internecione
3271 4399 3461 4454 caesas,
3481 4383 3779 4454 ipsumque

2141 4441 2180 4496 D
2213 4441 2841 4525 Seleucum'aliquandiu
2858 4451 3221 4525 desideratum
3239 4441 3781 4525 AnarratAPl'utarclius

2206 4524 2490 4591 Apop/tth.,
2533 4520 2634 4580 ed.—
2661 4523 2838 4579 Paris.
2875 4531 2916 4578 t.
2963 4520 3029 4586 ll,
3066 4539 3122 4592 p.
3156 4523 3257 4579 184
3279 4563 3297 4590 ,
3331 4532 3384 4579 et
3425 4523 3503 4579 De
3532 4525 3777 4594 fraterno

2205 4611 2405 4659 amore,
2424 4610 2475 4659 p.
2515 4595 2640 4650 489.

2277 4610 2733 4733 iggj’letol‘elizaeus
2766 4662 3057 4733 Evergetes
3088 4663 3289 4719 dicitur
3333 4664 3578 4734 Tryphon
3604 4667 3773 4722 etiam

2205 4750 2232 4788 a
2263 4735 2437 4805 Trogo
2465 4735 2664 4806 prolog.
2692 4749 2859 4806 xxvii,
2887 4743 2940 4789 et
2973 4751 3100 4789 xxx.

2241 4876 2250 4886 ο
2276 4803 2392 4878 (16)
2423 4803 2706 4862 Aucberus
2737 4804 3062 4860 Damascum
3094 4813 3147 4860 et
3168 4803 3479 4860 Orthosiam
3512 4805 3775 4863 obsessas

2203 4885 2299 4929 ait.

2275 4949 2387 5019 (17)
2415 4947 2554 5019 gave
2575 4947 2683 5002 huc
2707 4947 2890 5002 trahas
2921 4943 3130 5019 locum]
3174 4944 3417 5001 Machab.
3448 4945 3652 5019 x_v,_‘57,
3676 4946 3772 5019 qui

2201 5015 2387 5090 estde
2418 5017 2726 5090 Tryphone,
2774 5020 2880 5090 alio
2931 5015 3101 5087 Syriae
3144 5026 3396 5090 tyranno,
3449 5015 3685 5090 Τρέφωκ(
3717 5017 3771 5069 δὲ

2203 5088 2376 5156 ἐμϐὰς
2418 5085 2508 5152 εἰς’
2530 5085 2746 5155 Ἱπλοῖον,
2802 5085 2998 5156 ἔφυγεὺ
3025 5090 3104 5150 εἰς
3149 5085 3465 5157 Ὀρθωσίαν,
3497 5085 3768 5155 Τῖυρβωη

2203 5161 2409 5228 navigio
2433 5175 2710 5213 conscenso
2745 5157 3049 5228 Orthosiam
3081 5158 3206 5227 fuga
3232 5158 3416 5211 erasit.

2273 5227 2385 5297 (I8)
2426 5229 2490 5283 Hi
2520 5229 2769 5283 videntur
2802 5227 2939 5282 Galli
2971 5228 3311 5297 mercenarii.

2273 5291 2385 5370 (19)
2448 5301 2525 5352 lla
2559 5299 2730 5353 codex
2758 5298 2932 5361 Arm.,
2957 5295 3139 5370 Zielte.
3169 5296 3303 5370 .l:uu_
3321 5296 3387 5352 de
3422 5291 3588 5354 Zeilw
3606 5295 3768 5370 Nico:-

2201 5367 2373 5439 niedis
2407 5370 2761 5439 Bithynorum
2792 5369 2936 5438 regis
2976 5369 3085 5439 1i_|_io
3111 5367 3596 5439 lege_Memnonetn
3623 5368 3765 5439 apud

2200 5437 2449 5493 Photium
2479 5435 2600 5492 cod.
2634 5435 2968 5500 ccxxuvf‘zt").
3004 5435 3200 5491 Verum
3226 5435 3476 5494 Justinus
3499 5435 3672 5501 xxvii,
3704 5437 3759 5496 3.

2201 5511 2331 5562 dicit
2361 5509 2616 5580 Antigoni
2644 5509 2810 5576 hujus
2841 5510 2976 5577 (sive
3011 5509 3286 5580 Antiochi)
3316 5524 3569 5564 socerum
3600 5507 3765 5561 Arta-

2201 5596 2398 5634 menem
2431 5579 2785 5648 Cappadocia:
2813 5594 3014 5648 regem.

2271 5650 2382 5721 (*20)
2417 5647 3041 5721 [.eg’e’Justinumjxvu,
3077 5650 3131 5704 5.

2266 5705 2380 5792 (21)
2413 5705 2659 5790 Pergami
2686 5734 2831 5791 rege.
2863 5705 3098 5775 Pausan.
3132 5719 3289 5775 Attic.
3327 5737 3446 5778 vui.
