4014 6236
244 301 351 359 289
1489 298 1991 359 CHRONICORUM
2030 300 2159 358 LIB.
2200 299 2243 356 I.

745 419 898 475 PHE'
932 420 1313 476 οΛΥΜιιιΑΣ.
1497 495 1500 498 δ
1851 429 1894 484 Α

240 510 315 566 Γ⁹.
344 511 438 565 61:.
466 511 838 584 Κορνεφηκίου
865 514 958 568 καὶ
984 515 1287 587 Πομπηΐου.

236 606 311 658 Δ’.
342 604 437 658 ὐπ.
477 604 796 659 Ἀντωνίνου
822 607 915 660 καὶ
940 607 1200 682 Λίϐωνος.
1916 604 2005 658 IV.
2040 604 2316 659 Antonino
2343 610 2416 685 eti

237 697 313 751 E'.
344 695 440 751 61:.
478 696 826 751 Ὀκταϐίανοῦ
853 699 1163 769 Αὐγούστου
1197 700 1289 754 καὶ
1313 700 1641 777 Κικέρωνος.

1551 718 1641 777 θος.
1916 693 1981 749 V.
2021 693 2318 750 Octaviano
2344 688 2590 766 Augusto
2621 703 2670 753 et
2700 696 2964 754 Cicerone
2990 712 3136 754 coss.

238 792 333 847 εἷ’.
359 789 456 844 61:.
498 787 848 844 Ὀκταϐιανοῦ
886 793 1196 862 Αὐγούστου
1234 792 1296 848 τὸ
1318 793 1361 866 β’
1387 794 1480 848 καὶ
1506 791 1812 869 Κορϐιλίου.

1630 791 1812 859 ϐιλίου.
1916 784 2008 842 VI.
2042 786 2341 843 Octaviano
2367 779 2614 858 Augusto
2653 803 2691 841 ιι
2721 798 2773 843 et
2805 788 3043 844 Corvilio
3071 803 3215 846 coss.

729 905 896 975 PIICT’
934 908 1310 963 ΟΛΥΜΠΙΑΣ.

2345 900 2654 989 CLXXXVI
2688 900 3056 961 onnpms.

233 996 311 1051 Z'.
336 996 432 1050 61:.
473 995 825 1051 Ὀκταϐιανοῦ
856 999 1165 1068 Αὐγούστου
1186 999 1249 1054 τὸ
1273 1006 1322 1070 γ’
1348 1000 1442 1056 καὶ
1466 1000 1743 1074 Κράσσου.

1614 1017 1743 1074 ισου.
1914 992 2030 1049 VII.
2062 992 2357 1071 Octaviano
2377 993 2623 1064 Augusto
2654 1010 2711 1049 III
2744 1002 2799 1050 et
2821 994 3023 1051 Crasso
3051 1009 3199 1051 coss.

232 1093 319 1146 II'.
347 1092 444 1147 61:.
505 1091 859 1157 Ὀκτᾶϐιανοῦ
907 1092 1219 1162 Αὐγούστου
1255 1094 1317 1148 τὸ
1355 1094 1396 1148 δ’
1420 1094 1515 1149 καὶ
1561 1094 1817 1166 Κράσσου

1701 1110 1817 1148 ςσου
1917 1082 2052 1140 VIII.
2083 1083 2380 1141 Octaviano
2406 1084 2654 1156 Augusto
2684 1100 2739 1141 ιν
2767 1093 2821 1141 et
2841 1085 3041 1142 Crasso
3070 1101 3111 1141 ιι
3142 1101 3286 1143 coss.

304 1182 366 1236 τδ
395 1181 460 1236 Β’.
2286 1174 2293 1179 ’

304 1182 366 1236 τδ
426 1188 460 1235 ’.

229 1275 312 1327 8'.
346 1181 443 1329 61E.
485 1274 841 1348 Ἀενοϐάρϐου
869 1276 963 1330 καὶ
1000 1276 1262 1332 Σωσσίου.

1222 1295 1262 1332 ,⁸
1917 1257 2008 1314 IX.
2042 1258 2360 1314 Enobarbo
2386 1265 2442 1314 et
2473 1256 2632 1315 Sosio
2659 1271 2807 1314 coss.

230 1368 295 1421 ιο.
323 1367 423 1422 61:.
467 1368 815 1423 Ὀκταϐιανοῦ
843 1369 1150 1439 Αὐγούστου
1191 1371 1254 1425 τὸ
1279 1378 1319 1425 ε’
1349 1372 1442 1425 καί
1475 1371 1813 1445 Ἀπουληῖου.
1917 1349 1986 1406 Χ·
2017 1348 2312 1409 θείθνίθυο
2333 1350 2578 1422 Αυειιειο
2610 1367 2643 1405 V
2672 1357 2726 1405 et
2757 1350 2985 1421 ΑΡυιθῖο
3012 1364 3159 1408 C053-

1988 482 1994 489 .
2362 419 2649 507 chxxv
2687 420 3053 485 omnem.

1915 510 2005 569 III.
2046 512 2339 569 Corniﬁcio
2367 521 2420 570 et
2449 513 2708 587 Pompeio
2744 531 2890 574 coss.

1916 601 2005 658 IV.
2040 602 2316 659 Antonino
2343 610 2399 659 et
2423 602 2631 659 Libone
2660 620 2806 661 coss.

3386 307 3492 365 290

713 1482 859 1534 PIIZ’
900 1481 1274 1537 ΟΛΥΜΠῙΑΣ.

2329 1461 2662 1519 CLXXXVII
2695 1459 3067 1517 OLVMPIAS.

10 1576 87 1625 ἀς
116 1556 191 1625 τά
232 1568 343 1624 ῘΑ’.
376 1569 472 1623 61:.
504 1569 852 1624 Ὀκταϐιανοῦ
885 1570 1193 1645 Αὐγούστου
1219 1571 1280 1625 τὸ
1314 1577 1367 1637 ς’
1390 1572 1484 1626 καὶ
1518 1572 1595 1640 Ἀτ

1626 1571 1814 1645 ρίππα,
1916 1553 2009 1609 XI.
2044 1552 2343 1610 Octaviano
2362 1554 2606 1625 Augusto
2638 1570 2693 1607 γι
2716 1542 2769 1609 et
2797 1552 3036 1624 Agrippa
3064 1567 3211 1609 coss.

235 1662 341 1716 'B’.
386 1664 479 1716 61:.
524 1662 873 1718 Ὀκταϐιανοῦ
898 1662 1207 1732 Αὐγούστου
1237 1662 1298 1717 τὸ
1340 1664 1384 1729 ζ’
1416 1664 1511 1717 καὶ
1544 1663 1819 1737 Ἀγρίππα

1740 1681 1819 1719 πα
1918 1645 2033 1703 XII.
2072 1646 2372 1702 Octaviano
2404 1648 2651 1719 Augusto
2677 1663 2751 1702 vn
2774 1653 2828 1702 et
2859 1646 3095 1718 Agrippa
3119 1661 3157 1700 ιι
3183 1659 3325 1701 coss.

306 1754 369 1808 τὸ
391 1757 460 1825 βυ.

321 1887 336 1902 .
372 1848 467 1900 61:.
509 1847 861 1903 Ὀκταϐίανοῦ
888 1847 1198 1917 Αὐγούστου
1224 1847 1286 1901 τὸ
1305 1854 1357 1918 η’
1388 1849 1481 1901 καὶ
1508 1844 1743 1921 Ταύρου.

318 1977 334 1992 .
365 1938 463 1992 61:.
507 1938 856 1993 Ὀκταϐιανοῦ
883 1937 1189 2007 Αὐγούστου
1212 1937 1274 1992 τὸ
1308 1938 1351 1992 θ’
1381 1940 1474 1995 καὶ
1498 1937 1741 1993 Σιλανοῦ.

744 2052 902 2106 ΡΠΗ⁹
942 2052 1321 2106 υΛΥΜΠῙΑΣ.

304 2144 338 2193 ’.
374 2139 470 2194 ὐπ.
514 2138 864 2197 ὐκταϐιανοῦ
908 2143 1220 2212 Αὐγούστου
1256 2141 1318 2196 τὸ
1359 2148 1387 2195 ι’
1417 2142 1510 2196 καὶ
1547 2141 1815 2199 Φλάκκου.

1916 1826 2059 1886 XIII.
2088 1827 2395 1884 Octaviano
2418 1827 2666 1901 Augusto
2691 1843 2791 1885 vm
2822 1836 2876 1885 et
2907 1826 3088 1883 Tauro
3116 1843 3260 1885 coss.

1916 1920 2057 1976 XIV.
2081 1920 2379 1978 Octaviano
2410 1922 2656 1993 Augusto
2683 1938 2734 1977 ιι
2760 1930 2814 1978 et
2849 1919 3033 1976 Silano
3062 1937 3210 1979 coss.

2322 2034 2679 2091 CLXXXVIII
2716 2034 3083 2092 OLYMPIAS.

1918 2126 2035 2185 XV.
2069 2126 2369 2184 Octaviano
2399 2130 2644 2200 Augusto
2664 2145 2699 2182 ι
2725 2136 2778 2184 et
2808 2126 3003 2183 Flacco
3030 2142 3178 2208 coss.

292 2231 357 2299 Γ.
385 2231 479 2286 ὐπ.
527 2233 876 2289 Ὀκταϐιανοῦ
908 2235 1217 2305 Αὐγούστου
1248 2234 1309 2288 τὸ
1339 2241 1405 2288 ια’
1434 2234 1816 2300 καὶ¹Πίσωνος.

1657 2252 1816 2300 ωνος,
1915 2220 2056 2277 XVI.
2090 2220 2386 2277 Octaviano
2421 2220 2668 2292 Augusto
2702 2237 2756 2276 ιι
2788 2228 2843 2276 et
2876 2219 3073 2276 Pisone
3097 2234 3242 2276 coss.

14 2355 124 2425 ἀγη
168 2326 339 2425 οπδς.
363 2325 460 2425 61:.
501 2326 849 2425 '01::a6tavo6'
873 2326 1181 2396 Αὐγούστου
1200 2324 1261 2379 τὸ
1279 2324 1344 2398 ιβ’
1365 2326 1458 2380 καὶ
1488 2326 1599 2400 Ἀρ‹

1715 2326 1816 2382 ίου,
1915 2310 2080 2368 XVII.
2110 2311 2408 2368 Octaviano
2432 2312 2679 2384 Augusto
2706 2327 2787 2366 xu
2813 2321 2868 2367 et
2891 2310 3130 2381 Aruntio
3155 2323 3300 2367 coss.

17 2452 32 2469 .
62 2414 251 2501 ὲδτοδ
288 2414 347 2473 ιι.
376 2419 472 2474 61:.
501 2419 711 2474 Κέλσου
738 2420 831 2474 καὶ
861 2420 1132 2492 Τιϐερίου.

740 2533 890 2587 ΡΠΘ¹
930 2531 1305 2590 ΟΛΥΜΠΙΑΣ.

9 2655 79 2692 αο
102 2611 353 2689 Σεϐοῗθκ
384 2624 482 2679 61:.
510 2624 732 2679 Λολλίου
771 2626 867 2679 καὶ
898 2625 1149 2679 Λεπίδου.

15 2697 59 2798 ,ν’
84 2697 335 2804 μῆνάς.
374 2716 482 2769 ὐπ.
534 2715 848 2787 Ἀπουλήιου
887 2715 981 2769 καὶ
1013 2714 1217 2787 Νερϐά.

9 3124 25 3162 ;
50 3114 133 3155 cn'

48 3173 104 3229 III

10 3262 88 3303 353

260 2808 391 2859 KA'.
430 2807 524 2859 61:.
559 2805 914 2876 Σατουρνίλου
943 2804 1037 2859 καὶ
1067 2804 1426 2877 Λουκρητίου.

245 2896 375 2953 KB'.
405 2897 499 2950 61:.
529 2896 825 2952 Λεντούλου
850 2896 946 2951 καὶ
970 2896 1287 2952 Λεντούλου.

757 3010 890 3063 ΡΠιο
931 3008 1326 3063 ΟΛΥΜΠΙΑΣ.ο

237 3102 378 3159 Kl".
409 3102 505 3156 61:.
539 3100 831 3156 Λεντούλου
862 3100 924 3156 τὸ
957 3100 1001 3173 β’
1034 3100 1129 3157 καὶ
1153 3101 1473 3175 Κορνηλίου.

235 3194 373 3246 ΚΔ’.
410 3191 505 3246 61:.
544 3192 824 3264 Φορνικίου
854 3190 951 3246 καὶ
982 3189 1230 3263 Σιλανοῦ.

238 3286 379 3339 κεν.
416 3285 512 3339 ὐπ.
550 3284 808 3355 Δομετίου
844 3284 939 3339 καὶ
988 3284 1369 3358 Ἀενοϐάρϐου.

240 3377 399 3443 κεῖν.
440 3377 537 3430 ὐπ.
577 3375 819 3439 Λίϐωνος
853 3376 949 3431 καὶ
970 3375 1233 3442 Πίσωνος.

746 3487 922 3542 PIIIA'
961 3488 1341 3551 ΟΛΥΜΠΙΑΣ.

240 3582 376 3634 KZ'.
403 3579 499 3633 61:.
523 3580 780 3651 Κράσσου
815 3579 910 3633 καὶ
941 3580 1260 3634 Λεντούλου.

242 3674 386 3726 KH'.
423 3673 520 3726 61:.
555 3672 807 3744 Νέρωνος
840 3671 935 3725 καὶ
966 3672 1207 3744 Κλάρου.

246 3765 383 3820 ΚΘἎ
409 3766 504 3819 ὐπ.
539 3765 799 3819 Μεσσαλὰ
823 3764 916 3818 καὶ
940 3763 1221 3837 Κυρινίου.

245 3859 331 3912 A'.
366 3857 462 3910 61:.
508 3855 842 3911 Ῥουϐελλίου
877 3855 970 3910 καὶ
994 3856 1336 3929 Σατορνίνου.

739 3970 917 4023 PIIIB'
955 3967 1332 4026 ΟΛΥΜΠΙΑΣ.

249 4061 381 4116 AA'.
408 4060 504 4117 61:.
537 4061 788 4133 Μαξίμου
826 4060 922 4117 καὶ
966 4060 1329 4133 Τουϐέρωνος.

248 4154 379 4208 AB'.
410 4155 505 4207 61:.
550 4151 876 4225 Ἀφρικανοῦ
906 4153 999 4207 καὶ
1032 4151 1283 4224 Μαξίμου
1308 4151 1369 4206 τὸ
1401 4151 1470 4223 β’.

246 4243 373 4298 ΛΡ.
414 4243 503 4298 ὐπ.
537 4242 772 4314 Δρούσου
804 4243 899 4297 καὶ
936 4242 1259 4315 Κρισπίνου.

249 4339 373 4392 ΛΔ’.
404 4337 500 4390 ὐπ.
531 4336 871 4408 Κενσωρίνου
905 4336 1000 4390 καὶ
1029 4335 1255 4389 Γάλλου.

734 4426 907 4504 PIIII"
949 4450 1321 4505 ΟΛΥΜΙΙΙΑΣ.

251 4543 377 4598 AE'.
402 4544 499 4597 61:.
532 4542 782 4615 Νέρωνος
805 4541 868 4596 τὸ
898 4542 942 4614 β’
974 4543 1067 4598 καὶ
1095 4543 1336 4607 Πίσωνος
1357 4544 1419 4598 τὸ
1442 4544 1515 4617 β’.

251 4638 379 4701 Λςν.
408 4636 505 4689 61:.
529 4634 736 4689 Βάλϐου
758 4635 852 4689 καὶ
885 4635 1138 4707 Βετέρου.

248 4729 375 4784 AZ'.
406 4727 501 4781 61:.
544 4725 893 4781 Ὀκταϐιανοῦ
927 4726 1063 4795 Αὐγ.
1099 4726 1159 4780 τὸ
1185 4733 1251 4797 ιγ’
1284 4727 1376 4782 καὶ
1405 4715 1623 4787 Σύλλου.

252 4821 386 4877 ΑΠ’.
410 4809 519 4874 ’ὐπ.
550 4819 776 4873 Σαϐίνου
801 4819 894 4874 καὶ
934 4819 1236 4890 Ῥουφίνου.

736 4934 909 4989 ΡΠῘΔ’
959 4932 1334 4987 ΟΛΥΜΠΙΑΣ.

215 5071 222 5077 ν
249 5030 380 5086 ΛΘ.
406 5029 502 5083 61:.
543 5025 895 5083 Ὀκταϐιανοῦ
926 5026 1064 5093 Αὐγ.
1085 5023 1148 5078 τὸ
1181 5023 1241 5078 ιδ’
1272 5025 1366 5077 καὶ
1398 5023 1639 5078 Σιλανοῦ.

252 5124 345 5179 M’.
379 5122 475 5176 61:.
508 5118 806 5174 Λεντούλου
836 5118 1100 5180 Πίσωνος.
1474 5170 1477 5171 ν

254 5215 394 5272 MA'.
430 5214 525 5269 61:.
559 5213 825 5293 Πουϐλίού
844 5212 1119 5284 Καίσαρος
1151 5212 1245 5266 καὶ
1269 5210 1504 5267 Παύλου.

254 5308 391 5363 MB'.
419 5307 516 5361 61:.
552 5302 972 5381 Ουίνδικίουκαὶ
1001 5302 1234 5377 Οὐάρου.
1346 5328 1351 5332 -

736 5418 917 5473 PIIIE'
966 5415 1341 5471 ΟΛΥΜΠΙΑΣ.

257 5512 391 5568 MI".
422 5512 518 5566 61:.
545 5511 753 5583 Λαμίου
781 5509 877 5565 καὶ
897 5506 1213 5580 Σερϐηλίου.

257 5608 389 5660 MA'.
431 5607 526 5659 61:.
550 5605 774 5673 Μάγνου
800 5601 893 5657 καὶ
925 5600 1205 5670 Βαλερίου.

258 5698 394 5755 ME'.
429 5698 523 5751 61:.
556 5694 785 5750 Λεπίδου
822 5695 916 5747 καὶ
945 5692 1217 5759 Πλάγκου.

261 5791 415 5859 MCT.
448 5790 546 5844 61:.
568 5786 818 5858 Τιϐερίου
851 5784 1125 5856 Καίσαρος
1152 5785 1247 5838 καὶ
1269 5783 1625 5857 Καπήτωνος.
1661 5865 1665 5869 Ι

1846 4495 1902 4557 ι)

1916 2405 2107 2464 XVIII.
2136 2405 2299 2463 Celso
2322 2415 2375 2463 et
2406 2403 2624 2462 Tiberio
2652 2420 2799 2461 coss.

2336 2501 2660 2573 CLXXXIX
2697 2512 3067 2571 OLYMPlAS.

1920 2612 2065 2668 XIX.
2096 2609 2271 2666 Lollio
2296 2617 2350 2666 et
2376 2608 2579 2679 Lepido
2595 2623 2742 2663 coss.
2815 2634 2817 2637 ι

1918 2704 2038 2760 XX.
2072 2703 2303 2775 Apuleio
2324 2709 2374 2757 et
2397 2700 2571 2757 Nerva
2589 2713 2741 2756 coss.

1917 2798 2060 2855 XXI.
2087 2778 2369 2853 Saturnilo
2393 2801 2447 2851 et
2475 2791 2731 2849 Lucretio
2764 2806 2912 2849 coss.

1921 2888 2083 2946 XXII.
2116 2888 2346 2947 Lentulo
2363 2894 2417 2943 et
2437 2885 2666 2942 Lentulo
2692 2898 2843 2939 coss.

2448 2998 2583 3056 CXC
2613 2994 2981 3054 OLYMPIAS.

1926 3094 2119 3151 XXIII.
2153 3093 2384 3150 Lentulo
2409 3109 2451 3147 ιι
2488 3100 2543 3148 et
2567 3091 2823 3147 Cornelio
2843 3105 2987 3147 coss.

1922 3188 2111 3245 XXIV.
2141 3186 2398 3244 Fornicio
2426 3193 2480 3242 et
2506 3182 2693 3240 Silano
2721 3200 2867 3240 coss.

1920 3276 2086 3334 XXV.
2121 3277 2355 3332 Domitio
2383 3282 2437 3332 et
2468 3273 2785 3329 Alnobarbo
2811 3278 2957 3327 coSs.

1919 3368 2109 3427 XXVI.
2142 3369 2350 3426 Libone
2371 3375 2426 3425 et
2456 3367 2656 3423 Pisone
2685 3380 2831 3420 coss.

2408 3479 2568 3536 CXCI
2623 3474 2997 3532 OLYIIPIA‘S.

1919 3573 2133 3631 XXVII.
2166 3573 2366 3630 Crasso
2394 3580 2449 3629 et
2478 3571 2710 3626 Lentulo
2747 3583 2894 3625 coss.

1918 3667 2156 3724 XXVIII.
2185 3666 2402 3723 Nerone
2423 3676 2477 3723 et
2499 3664 2661 3720 Claro
2691 3678 2837 3720 coss.

1918 3761 2107 3818 XXIX.
2142 3759 2373 3815 Messala
2395 3765 2449 3813 et
2479 3756 2702 3828 Cyrinio
2727 3768 2871 3811 coss.

1920 3853 2089 3911 XXX.
2132 3852 2384 3908 Rubellio
2410 3861 2462 3905 et
2482 3845 2780 3903 Saturnino
2802 3859 2948 3901 coss.

2412 3959 2600 4019 CXCII
2629 3954 2997 4017 OLYMPIAS.

1919 4057 2113 4113 XXXI.
2146 4055 2381 4112 Maximo
2400 4063 2455 4111 et
2483 4042 2773 4109 Tuberone
2793 4066 2940 4108 coss.

1920 4149 2139 4207 XXXII.
2171 4148 2431 4204 Africano
2456 4154 2512 4203 et
2564 4144 2801 4200 Maximo
2827 4157 2869 4197 ιι
2893 4154 3040 4198 coss.

1920 4240 2161 4297 XXXIII.
2192 4239 2369 4294 Druso
2390 4245 2444 4293 et
2470 4234 2728 4306 Crispino
2757 4248 2905 4289 coss.

1919 4329 2162 4389 XXXIV.
2189 4328 2494 4387 Censorino
2526 4334 2580 4382 et
2602 4324 2757 4381 Gallo
2783 4339 2932 4380 coss.

2407 4437 2613 4496 CXCIII
2639 4432 3006 4494 OLYMPIAS.

1923 4554 2141 4612 XXXV.
2161 4553 2376 4610 Nerone
2402 4569 2442 4608 ιι
2464 4560 2519 4608 et
2542 4551 2743 4615 Pisone
2773 4565 2815 4605 ιι
2846 4565 2993 4606 coss.

1922 4645 2166 4701 XXXVI.
2192 4646 2360 4701 Balbo
2390 4653 2445 4701 et
2470 4643 2668 4700 Vetere
2712 4657 2857 4698 coss.

1924 4737 2189 4795 XXXVII.
2222 4736 2521 4799 Octaviano
2557 4734 2697 4806 Aug.
2730 4749 2829 4789 ml
2858 4740 2913 4790 et
2942 4731 3089 4805 Sylla
3125 4746 3271 4791 coss.

1921 4831 2209 4889 XXXVIII.
2237 4829 2440 4886 Sabino
2463 4836 2517 4885 et
2544 4827 2741 4882 Rutino
2761 4842 2905 4899 coss.

2399 4936 2607 4995 CXCIV
2637 4934 3004 4993 OLYMPIAS.

1919 5029 2165 5088 XXXIX.
2187 5028 2486 5089 Octaviano
2512 5028 2653 5098 Aug.
2680 5040 2774 5081 11v
2799 5031 2854 5080 et
2874 5022 3063 5079 Silano
3083 5037 3232 5081 coss.

1924 5124 2037 5180 XL.
2058 5123 2288 5189 Lentulo
2315 5131 2369 5177 et
2388 5119 2584 5176 Pisone
2604 5133 2749 5174 coss.

1924 5216 2061 5274 XLI.
2093 5215 2287 5272 Publio
2311 5215 2526 5271 Caasare
2555 5221 2609 5269 et
2638 5210 2808 5267 Paulo
2834 5224 2981 5266 coss.

1923 5308 2083 5364 XLII.
2115 5307 2365 5364 Vindicio
2384 5315 2440 5361 et
2464 5305 2630 5361 Vario
2658 5320 2803 5361 coss.

2417 5417 2600 5475 CXCV
2627 5412 2997 5472 OLYMPIAS.

1922 5508 2110 5569 XLIII.
2139 5507 2327 5563 Lamia
2348 5515 2404 5563 et
2433 5505 2666 5563 Servilio
2696 5521 2841 5564 coss.

1927 5603 2109 5661 XLIV.
2138 5602 2332 5673 Magno
2349 5609 2403 5657 et
2427 5600 2646 5656 Valerio
2675 5614 2822 5655 coss.

1922 5696 2079 5754 XLV.
2115 5694 2318 5767 Lepido
2347 5701 2402 5749 et
2433 5691 2637 5749 Planco
2659 5708 2806 5750 coss.

1924 5786 2334 5846 XLVI.Tiberio
2353 5786 2566 5845 Caesare
2590 5794 2647 5845 et
2666 5786 2931 5856 Capitone
2948 5798 3099 5868 coss.
