2007 3118
108 168 166 197 293
459 199 462 202 ,
726 163 899 192 cuncmco

941 162 975 189 IM
996 162 1060 189 LIB.
1083 164 1102 189 I.
1680 165 1733 193 294

109 230 149 254 ις.
163 227 211 255 ὑπ.
233 225 375 253 Ἰουλιανοῦ
392 225 439 252 καὶ
457 224 652 261 ’Δσπρενάτου.

602 233 652 251 του.
911 226 935 254 Α
949 220 980 248 ll.
1000 220 1108 248 Iuliano
1119 224 1145 248 et
1159 220 1311 255 Asprenate
1323 228 1394 248 coss.

108 273 147 299 IV.
166 273 213 300 ὑπ.
231 271 363 307 Κλαυδίου
380 272 518 307 Καῖσαρος
531 271 578 297 καὶ
594 269 755 306 Κερσιανοῦ.

743 283 755 295 η,
948 266 993 294 III.
1012 266 1127 293 Claudio
1139 265 1208 293 Caes.
1226 270 1253 293 et
1264 266 1396 294 Cersiano
1410 267 1448 302 (I)
1464 275 1535 296 coss.

104 318 145 345 ΔΖ
159 318 208 345 ὑπ,
224 317 358 345 Κλαυδίου
373 316 512 352 Καίσαρος
527 316 558 343 τὺ
573 316 594 350 β’
612 315 704 351 μόνου.

624 315 704 342 ιόνου,
947 312 991 340 IV.
1005 312 1121 340 Claudio
1138 313 1246 340 Caesare
1258 321 1276 340 ιι
1289 313 1347 340 solo
1359 321 1416 341 cos.

145 364 208 390 Ἐπὶ
223 364 278 390 τῶν
296 362 484 399 προκειμένων
497 363 608 390 ὑπάτων
618 362 697 394 Γάϊος
706 362 804 393 Γάλλος
818 362 898 396 ἐσφά,

982 359 1030 386 His
1044 358 1181 394 praedictis
1193 366 1266 387 coss.
1284 358 1367 387 Caius
1388 359 1510 395 Caligula
1526 359 1619 389 Roma:
1639 361 1668 389 in
1683 369 1731 398 pa-

105 418 145 445 γη
159 411 187 437 ἐν
204 409 243 445 τῷ
259 409 382 445 παλατίῳ
397 408 506 444 Ῥώμης
521 409 573 435 ὑπὸ
584 409 637 436 τῶν
652 409 723 436 ίδίων
739 408 896 444 σπαθαρίων

947 405 1012 432 latio
1028 404 1188 432 interfectus
1205 409 1246 432 est
1259 413 1274 431 a
1298 405 1356 432 suis
1375 406 1576 440 protectoribus
1590 408 1733 435 cubicula-

105 455 339 492 κουσικουλαρίων
352 455 496 490 εὐνούχων,
509 456 579 482 κατὰ
593 454 706 490 γνώμην
717 454 766 490 τῆς
783 454 897 489 συγκλή-

946 451 995 478 riis
1012 450 1156 483 eunuchis,
1184 450 1372 478 consentiente
1398 455 1506 481 senatu.
1522 459 1584 479 cum
1598 459 1733 481 annorum

106 512 167 535 του,
183 502 221 528 ὢν
237 502 306 529 ἐτῶν
321 502 370 530 λθ’.
946 502 1019 526 esset
1034 506 1127 525 χχχιχ.

378 546 425 572 ΣΕ¹
442 546 630 573 οΛΥΜΠΙΑΣ.
1130 568 1134 572 .

1130 568 1134 572 .
1203 542 1270 570 CCV
1286 542 1469 570 OLYIIIPIAS.

151 591 295 627 Ῥωμαίων
307 596 326 618 ε’
339 592 511 619 ἐϐασίλευσεν
526 591 658 623 Κλαύδιος
669 591 716 626 ἐτη
732 591 773 618 ιδ’.

766 611 773 618 ,
981 588 1166 618 Romanorum
1184 589 1249 625 imp.
1264 589 1286 616 V
1300 590 1431 617 Claudius
1445 599 1490 617 an.
1503 599 1558 618 xxv.

103 639 149 664 A'.
167 638 215 664 ὑπ.
234 638 367 665 Κλαυδίου
387 638 525 674 Καίσαρος
543 638 572 664 τὺ
588 641 611 672 γ’
625 638 671 665 καὶ
692 637 859 664 Ἀντωνίνου.

728 637 859 664 ντωνίνου.
946 636 966 664 I.
980 636 1093 664 Claudio
1103 637 1209 664 Caesare
1222 645 1249 664 ιιι
1263 640 1289 663 et
1302 636 1441 664 Antonino
1449 645 1520 665 coss.

104 684 147 710 B'.
166 684 214 711 ὑπ.
230 684 364 711 Κλαυδίου
381 685 520 721 Καίσαρος
536 685 566 711 τὸ
582 685 601 711 δ’
618 685 664 711 καὶ
678 684 798 720 Λάργου.

708 684 798 720 ὶργου.
946 681 977 710 II.
994 682 1109 709 Claudio
1124 682 1234 710 Caesare
1251 691 1278 710 ιν
1291 687 1317 709 et
1329 681 1416 718 Largo
1427 690 1500 710 coss.

104 730 148 757 l".
165 730 213 756 ὑπ.
222 730 353 757 Κλαυδίου
368 731 508 767 Καίσαρος
528 731 558 758 τὸ
574 734 595 758 ε’
607 731 653 758 καὶ
669 730 810 758 Βετελλίου
819 730 849 758 τὺ
859 730 893 767 β’.

753 730 810 757 λιου
819 730 849 758 τὺ
859 730 893 767 β’,
947 727 989 756 IIl.
1005 728 1118 755 Claudio
1134 728 1241 755 Caesare
1253 732 1304 756 vet
1320 728 1427 756 Vitellio
1441 737 1457 755 ιι
1471 737 1543 757 coss.

103 775 147 802 A'.
166 776 213 802 ὑπ.
231 776 353 811 Κρίσπου
371 776 419 802 καὶ
435 777 550 812 Ταύρου.

538 791 550 804 η,
945 774 990 802 IV.
1001 775 1098 810 Crispo
1109 779 1135 802 et
1147 775 1239 802 Tauro
1259 783 1330 802 coss.

372 823 428 856 Σςν
445 824 632 851 ΟΛΥΜΠΙΑΣ.

1197 821 1276 849 CCVI
1302 821 1483 850 GLYIIIPIAS.

104 867 147 895 E'.
162 868 209 895 ὑπ.
221 869 375 896 Οὐεννικίου
387 870 434 897 καὶ
448 870 590 906 Κορὸίνου.

569 879 590 897 υ.
947 866 979 894 V.
992 867 1099 894 Vinicio
1111 871 1138 895 et
1154 868 1272 895 Corvino
1289 875 1361 896 coss.

102 913 155 947 ς’.
167 913 216 941 ὑπ.
240 914 392 942 ’Δσιατικοῦ
408 916 455 943 καὶ
470 916 581 944 Σιλανοῦ
597 916 646 953 (2).

567 916 581 943 ῠ
597 916 646 953 (2),
912 914 934 943 Β
948 913 991 940 VI.
1003 913 1125 940 Asiatico
1136 918 1163 941 et
1177 913 1271 940 Silano
1287 922 1359 941 coss.

947 959 1003 987 VII.
1019 959 1133 987 Claudio
1144 960 1214 987 σερε.
1227 968 1252 987 vr
1267 963 1293 987 et
1308 959 1418 987 Vitellio
1436 968 1464 987 III
1482 968 1553 989 coss.

946 1005 1015 1033 VIII.
1033 1005 1140 1033 Vitellio
1155 1014 1180 1032 IV
1194 1010 1220 1033 et
1237 1005 1377 1033 Publicola
1393 1014 1466 1034 coss.

1192 1050 1283 1078 CCVII
1300 1050 1484 1080 OLYMPIAS.

947 1096 992 1124 IX.
1007 1096 1125 1125 Veriano
1139 1101 1165 1125 et
1183 1097 1260 1124 Gallo
1274 1105 1347 1125 coss.

945 1142 979 1169 X.
996 1142 1093 1171 Vetere
1101 1148 1127 1170 et
1142 1143 1306 1170 Nerviniano
1320 1151 1393 1171 coss.

945 1188 989 1215 XI.
1008 1190 1120 1216 Claudio
1132 1190 1200 1217 (ἔπιτε.
1218 1198 1254 1216 vu
1271 1193 1298 1216 et
1314 1189 1399 1217 Orﬁto
1412 1198 1486 1218 coss.

945 1235 1002 1264 XII.
1018 1235 1091 1271 Sylla
1098 1239 1125 1263 et
1138 1235 1240 1263 Catone
1256 1244 1328 1264 coss.

1186 1293 1286 1320 CCVIII
1300 1292 1490 1323 OLYMPIAS.

945 1338 1013 1365 XIII.
1036 1339 1130 1365 Silano
1146 1342 1173 1366 et
1189 1338 1328 1366 Antonino
1341 1347 1413 1367 coss.

944 1384 1014 1413 XIV.
1029 1385 1158 1412 Marcello
1171 1389 1197 1413 et
1211 1385 1306 1412 Aviola
1326 1393 1399 1413 coss.

978 1428 1165 1457 Romanorum
1183 1430 1249 1465 imp.
1267 1429 1302 1457 VI
1315 1430 1386 1458 Nero
1394 1430 1473 1459 annis
1482 1439 1539 1459 xxv.

944 1475 1083 1503 I.‘Nerone
1097 1480 1124 1503 et
1139 1475 1236 1503 Vetere
1252 1484 1324 1503 coss.

945 1521 976 1553 II.
994 1521 1142 1549 Saturnino
1156 1527 1182 1550 et
1197 1522 1325 1557 Scipione
1337 1530 1409 1550 coss.

1195 1568 1275 1596 CCIX
1300 1568 1474 1595 OLYMPIAS

947 1613 989 1641 III.
1006 1613 1113 1642 Nerone
1131 1623 1150 1642 ιι
1163 1618 1189 1643 et
1203 1615 1303 1643 Pisone
1318 1623 1391 1643 coss.

945 1659 991 1687 IV.
1005 1660 1112 1688 Nerone
1129 1669 1157 1688 ιιι
1170 1666 1197 1688 et
1211 1661 1325 1689 Messala
1333 1670 1406 1690 coss.

946 1704 978 1732 V.
997 1706 1154 1741 Aproniano
1163 1711 1189 1734 et
1205 1707 1338 1743 Capitone
1352 1717 1423 1737 coss.

945 1750 989 1778 VI.
1004 1751 1113 1779 Nerone
1125 1761 1151 1780 ιν
1166 1757 1193 1780 et
1206 1752 1322 1781 Lentulo
1338 1761 1411 1782 coss.

1204 1798 1273 1826 CCX
1293 1799 1477 1827 OLYMPIAS.

945 1842 1000 1870 VII.
1019 1843 1101 1872 Lacio
1117 1845 1155 1880 (ὅ)
1170 1849 1197 1872 et
1209 1845 1368 1881 Turpiliano
1378 1854 1451 1875 coss.

945 1889 1013 1917 VIII.
1029 1891 1114 1918 Mario
1130 1895 1158 1919 et
1173 1891 1251 1919 Gallo
1269 1900 1343 1920 coss.

944 1937 989 1964 lx.
1002 1937 1072 1965 Rufo
1084 1942 1110 1965 et
1126 1938 1229 1975 Regqu
1240 1947 1313 1967 coss.

943 1982 979 2011 Χ.
995 1983 1097 2011 Crasso
1115 1989 1142 2013 et
1152 1984 1239 2012 Basso
1251 1993 1324 2012 coss.

1198 2031 1277 2059 CCXI
1290 2031 1475 2060 OLYMPIAS.

946 2076 990 2104 XI.
1009 2076 1093 2104 IIelva
1108 2081 1135 2104 et
1152 2077 1265 2105 Vestino
1282 2085 1355 2106 coss.

945 2122 1002 2150 XII.
1021 2122 1147 2152 Telesino
1173 2129 1200 2151 et
1210 2123 1282 2150 Rul'o
1297 2131 1370 2151 coss.

101 2165 154 2192 ΙΓ.
176 2163 223 2191 ὑπ.
243 2163 410 2199 Καπήτωνος
422 2163 469 2190 καὶ
486 2162 610 2198 Ῥούφου.

587 2172 610 2191 υ.
946 2167 1015 2195 XIII.
1033 2168 1164 2203 Capitone
1180 2173 1207 2196 et
1221 2168 1293 2196 Rufo
1308 2176 1379 2196 coss.

103 2211 154 2238 IA’.
176 2210 223 2236 ὑπ.
244 2209 373 2236 Ἰταλικοῦ
387 2210 434 2236 καὶ
446 2209 597 2245 Τραχάλου.

946 2212 1013 2240 XIV.
1030 2213 1127 2241 Italico
1141 2217 1167 2241 et
1185 2214 1319 2242 Trachan
1337 2222 1409 2242 coss.

145 2255 209 2282 Ἐπὶ
223 2254 324 2282 τούτων
343 2255 396 2282 τῶν
420 2255 530 2282 ὑπάτων
544 2255 648 2291 ἀφανὴς
662 2255 772 2290 γέγονεν
785 2256 889 2292 Νέρων,
905 2263 930 2293 Ῑ)

979 2259 1028 2288 His
1041 2260 1200 2288 consulibus
1214 2260 1285 2288 Nero
1300 2261 1417 2296 amplius
1437 2269 1492 2288 non
1508 2262 1668 2297 comparuit,
1680 2271 1728 2291 ex-

102 2302 152 2329 καὶ
162 2301 284 2337 τελευτᾷ,
298 2301 336 2328 ὢν
349 2301 416 2328 ἑτῶν
433 2301 469 2334 ξΘ¹
488 2301 537 2337 (4).

945 2308 1116 2342 stinctusque
1131 2311 1183 2339 est.
1205 2315 1292 2335 annos
1306 2312 1388 2335 natus
1399 2316 1472 2336 uix.

139 2348 218 2375 Μετὰ
230 2348 344 2384 Νέρωνα
356 2348 461 2380 Γαλϐὰς
471 2348 642 2375 ὲὸασίλευσεν
653 2349 682 2374 ὲν
697 2349 812 2386 Ἰὃηριᾳ,
829 2351 893 2376 0ὐῖ-

979 2352 1044 2380 Post
1059 2352 1192 2380 Neronem
1212 2353 1356 2388 imperavit
1380 2354 1408 2380 in
1424 2353 1553 2389 Hispania
1570 2353 1665 2388 Galba,
1679 2354 1728 2382 Vi-

102 2395 211 2430 τήλλιος
228 2396 256 2421 ὲν
269 2395 510 2431 Γερμανίᾳ,”Οθων
523 2395 569 2421 ἐπὶ
587 2395 710 2431 Ῥώμης·
721 2396 835 2428 ἕκαστος
845 2397 894 2423 αὺ-

944 2398 1036 2426 teIIius
1053 2399 1081 2425 in
1095 2397 1249 2433 Germania,
1263 2398 1334 2426 Otho
1355 2398 1459 2427 Romae.
1485 2400 1516 2427 IIi
1535 2401 1635 2436 singuli
1655 2409 1730 2430 seor-

102 2443 158 2469 τῶν
180 2442 232 2477 ἰδία
245 2441 329 2477 ὲπέὸη
347 2444 380 2478 τῇ
396 2442 479 2478 ἀρχῇ.

945 2453 1005 2472 sum
1023 2445 1166 2480 imperium
1182 2446 1367 2480 arripuerunt.

139 2487 246 2518 mea;
260 2486 432 2514 ἐϐασίλευσεν
448 2488 535 2523 μῆνας
551 2487 583 2520 ζ’,
595 2488 641 2515 καὶ
653 2488 682 2515 ὲν
699 2489 769 2524 μέσῃ
779 2490 811 2525 τῇ
826 2489 894 2516 Ῥω-

979 2491 1064 2518 Galba
1088 2499 1182 2519 mense
1208 2492 1314 2527 imperii
1337 2493 1453 2528 septimo
1476 2493 1504 2521 in
1524 2494 1614 2521 medio
1638 2493 1732 2523 Romae

105 2535 195 2570 μαίων
211 2535 297 2570 ἀγορᾷ
310 2534 359 2570 τὴν
374 2533 493 2570 κεφαλὴν
508 2534 663 2570 ἀπετμήθη.

548 2534 663 2570 ετμήθη.
944 2538 1004 2565 I'oro
1018 2538 1106 2573 capite
1131 2542 1273 2567 truncatus
1289 2543 1339 2567 est.

142 2580 232 2607 Ὄθων
266 2579 426 2616 βασιλεύσας
455 2580 540 2616 μῆνας
572 2583 619 2613 ς’,
647 2580 743 2607 ἑαυτὸν
769 2580 894 2617 διεχειρί-

981 2585 1051 2612 Otho
1068 2593 1162 2613 mense
1185 2586 1292 2622 imperii
1319 2593 1397 2615 sexto
1412 2588 1470 2623 ipse
1492 2587 1546 2615 sibi
1569 2595 1667 2616 manus
1692 2593 1732 2615 at-

102 2634 182 2653 οατο.

943 2631 1014 2658 tulit.

142 2693 180 2763 ξι)
199 2693 247 2721 Dic
262 2694 392 2721 Cassiano.
944 2705 1009 2724 num
1027 2698 1244 2734 supplementum
1257 2707 1289 2726 ex
1303 2699 1388 2727 Idalio
1411 2701 1526 2735 sumpsi,
1539 2708 1619 2735 quem
1633 2703 1731 2728 aucto-

153 2728 179 2761 i)
194 2728 223 2763 In
238 2731 332 2757 codice
347 2729 421 2760 Vat..
434 2738 462 2763 p.
483 2729 534 2757 I72
547 2730 574 2763 b,
595 2730 628 2757 ad
646 2738 721 2758 oram
736 2730 893 2758 inferiorem
944 2740 1001 2759 rem
1017 2741 1078 2760 cum
1095 2738 1170 2761 textu
1188 2734 1312 2761 Chronici
1340 2736 1490 2763 paschalis.
1526 2735 1641 2763 idcooue
1666 2743 1729 2763 cum

153 2728 223 2770 ῇῌιι
238 2729 421 2770 codice_Vat..
434 2738 462 2765 p.
483 2729 534 2757 I72
547 2730 628 2770 bna-ll
646 2738 721 2758 oram
736 2730 893 2770 inferiorem
944 2740 1001 2770 gem
1017 2728 1087 2770 eum.
1095 2738 1170 2761 textu
1188 2734 1312 2761 Chronici
1340 2728 1490 2767 paschalis‘.
1519 2728 1641 2770 'id'eoque
1666 2743 1729 2763 cum

105 2764 257 2806 Scribitur:
282 2764 448 2792 desideratur
464 2766 602 2801 quaternio
619 2767 684 2799 (non
707 2773 761 2793 una
780 2767 891 2806 pagina,
945 2767 1075 2806 Eusebio,
1089 2769 1167 2806 v_alde
1183 2764 1352 2806 conspirare,
1367 2764 1535 2806 exploratum
1551 2764 1602 2798 est:

107 2805 135 2839 ιιι
148 2799 194 2826 alii
211 2800 349 2839 dixerunt)
364 2806 388 2828 et
402 2799 504 2839 ειιῃιέο
522 2809 558 2839 13
578 2810 707 2839 annorum
724 2799 890 2839 consulatus.
981 2804 1018 2839 ('5)
1034 2803 1081 2831 llic
1093 2804 1225 2832 Caesonio.

105 2832 174 2875 Illuc
189 2835 271 2875 etiam
289 2832 371 2875 patet.
389 2836 510 2875 codicem
532 2836 691 2875 Vaticanum
708 2845 769 2864 esse
788 2837 891 2864 fontem
981 2832 1021 2871 (4)
1038 2839 1183 2866 Ridiculus
1197 2848 1284 2868 error.
1301 2839 1440 2875 Siquidem
1452 2840 1523 2868 Nero
1538 2849 1610 2869 anno
1627 2840 1730 2869 ﬂorida.-

107 2870 216 2907 unicum
238 2869 362 2907 Chronict‘
380 2871 597 2907 pasqhah‘s,quia
611 2876 637 2899 et
651 2871 894 2907 Monacenseiapo-
944 2869 1032 2902 aetatis
1047 2882 1122 2901 xxxii
1142 2875 1260 2902 violenta
1282 2869 1370 2903 morie
1395 2876 1471 2903 obiit.
1501 2877 1553 2906 Sed
1576 2877 1629 2905 alia
1644 2878 1731 2906 multa

106 2905 238 2940 grapbum
252 2913 314 2933 cum
329 2906 495 2934 editionibus
519 2905 595 2942 moue
621 2907 688 2935 hiat.
715 2907 801 2936 Porro
817 2905 886 2935 Laiti-
945 2910 1136 2946 hujuscemodi
1151 2911 1249 2938 menda
1267 2919 1321 2939 non
1339 2911 1484 2945 corrigam.
