4014 6236
241 368 334 424 SOI
1493 358 1989 417 GIIRONICORUM
2054 358 2184 415 LIB.
2218 357 2258 414 I.
3368 355 3471 414 501

235 488 296 541 ιΔ
316 527 328 540 .
398 501 459 538 π.
487 483 725 556 Σεϐήρου
756 484 816 536 τὸ
842 483 886 552 β’
918 484 1011 538 καὶ
1043 482 1414 556 Πομπηϊανοῢ.
1691 546 1693 548 η

1368 482 1414 537 5,
1691 546 1693 548 η
1829 487 1880 544 Α
1903 478 2042 535 XIV.
2072 478 2273 535 Severo
2299 493 2336 532 ιι
2369 484 2424 533 et
2451 475 2782 548 Pompeiano
2810 491 2953 535 coss.

233 578 312 630 tE'
341 578 436 630 ὑπ.
471 575 675 628 Γάλλου
704 575 798 628 καὶ
829 573 1097 629 Φλάκκου.

1906 570 2022 625 XV.
2050 570 2202 626 Gallo
2232 578 2284 624 et
2307 566 2500 622 Flacco
2526 583 2669 624 coss.

233 667 324 734 lC,"
355 666 450 717 ὑπ.
497 663 749 735 Ὀρφῐτου
778 663 837 717 τὸ
865 669 913 732 γ’
947 665 1040 716 καὶ
1081 664 1326 732 Ῥούφου.

1183 664 1326 732 ὄφου.
1911 660 2052 718 XVI.
2077 660 2249 716 Orﬁto
2279 675 2340 714 ιιι
2381 671 2435 717 et
2467 658 2610 714 Rufo
2625 675 2768 716 coss.

751 775 894 830 ΣΛΘ¹
933 778 1016 830 ΟΛ
1025 778 1304 833 ΥΜΠΙΑΣ.
2327 780 2336 821 ⁴

2327 771 2634 829 CCXXXIX
2684 769 3047 827 OLYMPIAS.

226 869 328 927 iZ'.
361 871 454 926 ὑπ.
491 869 823 933 Πουλλίωνος
855 869 948 923 καὶ
985 871 1214 943 Ἀπρου.

1188 890 1214 924 ι.
1910 864 2074 919 XVII.
2102 864 2345 921 Pollione
2373 872 2428 920 et
2456 863 2602 933 Apro
2627 877 2773 918 coss.

227 967 335 1020 IH'.
369 965 464 1018 ὑπ.
500 962 747 1034 Κομόὸου
779 961 873 1015 καὶ
912 963 1248 1017 Κυϊντίλλου.

1908 958 2094 1013 XVIII.
2123 956 2419 1014 Commodo
2441 963 2494 1012 et
2523 954 2783 1022 Quintillo
2806 969 2948 1010 coss.

220 1055 322 1112 18’.
356 1057 451 1110 ὑπ.
502 1055 752 1127 Ὀρφίτου
782 1037 843 1107 τὸ
863 1053 902 1108 δ’
932 1056 1023 1124 καὶ
1065 1055 1289 1126 Ῥούφου
1313 1057 1373 1110 τὸ
1406 1057 1464 1129 β’.

1256 1075 1289 1109 υ
1313 1057 1373 1110 τὸ
1406 1057 1464 1129 β’.
1908 1050 2053 1106 XIX.
2083 1048 2252 1105 Orﬁto
2283 1065 2337 1103 1v
2379 1057 2433 1104 et
2458 1048 2601 1104 Rufo
2629 1063 2670 1101 ιι
2698 1062 2841 1102 coss.

291 1149 627 1213 Ἀντωνῖνος,
677 1147 705 1198 ὁ
746 1146 838 1200 καὶ
884 1147 1111 1218 Οὐῆρος,
1161 1151 1391 1220 νοσήσας
1435 1151 1700 1204 ἀπέθανεν
1746 1151 1804 1205 ἐν

1978 1143 2314 1206 Antoninus,
2344 1143 2437 1212 qui
2467 1149 2520 1196 et
2563 1139 2738 1199 Verus
2768 1140 2949 1196 dictus
2980 1144 3084 1205 est,
3119 1138 3316 1194 morbo
3344 1153 3475 1194 con-

215 1241 587 1304 Παννωνίαις,
640 1241 746 1312 πρὸ
795 1240 936 1294 ὀκτὼ
967 1241 1241 1296 καλανδῶν
1296 1243 1610 1316 ἁπριλλίων,
1636 1243 1800 1318 ἄρξας

1907 1237 2148 1294 ﬂictatus
2188 1237 2243 1292 in
2273 1236 2571 1292 Pannoniis
2603 1235 2758 1303 obiit,
2784 1251 2885 1291 VIII
2926 1223 3046 1288 Kal.
3080 1231 3315 1306 Apriles,
3351 1248 3476 1288 cum

215 1333 318 1402 ἔτη
357 1330 439 1384 ιϐ’.

1908 1331 2232 1400 imperasset
2260 1330 2420 1385 annis
2460 1346 2572 1383 ιιι.

303 1425 588 1496 Ῥωμαίων
621 1424 680 1478 ιε’
709 1423 1050 1479 ἐϐασίλευσεν
1083 1425 1326 1495 Κόμοδος
1355 1425 1450 1497 ἔτη
1485 1425 1570 1480 ιϐ’.

1977 1421 2345 1477 Romanorum
2379 1422 2507 1492 imp.
2526 1419 2956 1477 XVCommodus
2983 1434 3071 1474 an.
3099 1433 3196 1474 ιιι.

213 1517 300 1570 Λ’.
337 1519 432 1571 ὑπ.
465 1519 706 1589 Κομὸδου
736 1517 1041 1587 Αὐγούστου
1070 1518 1132 1571 τὸ
1165 1517 1210 1589 β’
1242 1519 1336 1573 καὶ
1361 1520 1556 1591 Βήρου.

1464 1536 1556 1572 mu.
1909 1514 1952 1571 ι.
1984 1515 2283 1572 Commodo
2309 1517 2559 1595 Augusto
2582 1531 2619 1569 ιι
2647 1522 2700 1569 et
2739 1511 2878 1568 Vero
2904 1505 3049 1571 coss.

734 1626 844 1682 2M'
878 1629 1253 1702 ΟΛΥΜΠΙΑΣ.

2403 1627 2584 1684 CCXL
2615 1605 2983 1683 OLYMPIAS.

212 1721 297 1777 Β.
343 1723 436 1776 ὑπ.
474 1722 803 1794 Πραίσεντος
836 1722 929 1774 καὶ
960 1720 1270 1792 Γορδιανοῦ.

1259 1763 1270 1776 .
1909 1715 1975 1773 II.
1998 1717 2273 1774 Praesente
2301 1727 2354 1774 et
2394 1717 2673 1772 Gordiano
2697 1731 2842 1772 coss.

211 1813 294 1867 Γ.
332 1815 430 1868 ὑπ.
460 1814 705 1885 Κομόδου
734 1811 1038 1882 Αὐγούστου
1073 1813 1135 1865 τὸ
1165 1812 1214 1882 γ’
1247 1813 1340 1867 ml
1368 1814 1544 1886 Βήρου
1573 1799 1634 1869 τὸ
1666 1797 1732 1884 βδ.

1504 1832 1544 1866 μυ
1573 1799 1634 1869 τὸ
1666 1797 1732 1884 βδ.
1837 1846 1881 1903 Β
1909 1811 1998 1869 ιιι.
2031 1811 2331 1868 Commodo
2361 1811 2508 1903 Aug;
2531 1827 2590 1865 ιιι
2623 1818 2677 1865 et
2705 1794 2848 1865 Vero
2876 1825 2912 1864 ιι
2948 1823 3089 1864 coss.

209 1905 293 1960 A'.
328 1907 424 1960 ὑπ.
460 1906 807 1977 Μαμερτίνου
837 1906 930 1959 καὶ
971 1904 1197 1975 Ῥούφου
1225 1905 1283 1958 τὸ
1311 1905 1380 1974 Υ.

1311 1905 1380 1974 γ.
1838 1901 1867 1903 θ
1909 1904 1998 1959 IV.
2036 1903 2361 1959 Mamertino
2387 1912 2440 1958 et
2470 1901 2613 1958 IIqu
2645 1918 2706 1956 ιιι
2737 1917 2883 1957 coss.

206 1997 294 2052 E’.
331 1999 426 2053 ὑπ.
467 1999 714 2070 Κομόδου
744 1998 1048 2069 Αὐγούστου
1083 1995 1145 2052 τὸ
1173 1997 1214 2052 δ’
1241 2000 1336 2053 καὶ
1364 1999 1696 2072 Βικτορίνου.

1673 2026 1696 2055 ι.
1908 1996 1976 2051 V.
2007 1996 2305 2053 Commodo
2344 1980 2592 2066 Augusto
2623 2011 2674 2048 iv
2707 2003 2762 2049 et
2794 1993 3078 2049 Victorino
3113 2007 3258 2049 coss.

734 2111 890 2168 ΣΜᾹ⁹
922 2113 1294 2168 ΟΛΥΜΠΙΑΣ.
2121 2111 2124 2120 ’

2121 2111 2124 2120 ’
2375 2105 2579 2163 CCXLI
2613 2105 2804 2162 OLYII
2813 2107 2981 2164 PIAS.

207 2197 316 2273 ς’.
350 2205 444 2258 ὑπ.
476 2205 796 2279 Μαρκέλλου
829 2208 924 2262 καὶ
950 2205 1221 2262 Αῑλιανοῦ.

1907 2197 1998 2254 Vl.
2030 2197 2289 2254 Marcello
2321 2204 2376 2253 et
2407 2196 2628 2252 Eliano
2665 2211 2810 2254 coss.

209 2295 296 2350 Z'.
335 2297 430 2351 ὑπ.
460 2297 743 2369 Ματέρνου
773 2299 869 2373 καὶ
901 2295 1170 2369 Βραδοῦα.
1384 2365 1386 2367 μ

1384 2365 1386 2367 φ
1909 2289 2022 2346 VII.
2055 2289 2302 2346 Materno
2336 2298 2391 2345 et
2417 2289 2631 2373 Bradua
2662 2304 2805 2346 coss.

209 2381 301 2440 H'.
345 2385 438 2438 ὑπ.
475 2385 722 2457 Κομόδου
773 2370 1085 2455 Αὐγούστου
1133 2384 1194 2440 τὸ
1226 2384 1268 2438 ε’
1306 2387 1400 2440 καὶ
1445 2386 1794 2460 Γλαϐρίωνος.

1579 2387 1803 2460 ῑρίωνος.
1909 2382 2045 2439 VIII.
2075 2381 2373 2438 Commodo
2405 2370 2542 2452 Aug.
2576 2373 2610 2436 θ
2635 2389 2690 2437 et
2717 2380 2988 2437 Gabrione
3021 2395 3164 2438 coss.

205 2477 256 2530 Θ
277 2515 293 2531 .
335 2476 429 2530 ὑπ.
465 2478 768 2548 Κρισπίνου
807 2477 902 2534 καὶ
934 2477 1206 2532 Αἰλιανοῦ.

1193 2517 1206 2532 .
1907 2475 1999 2531 IX.
2025 2474 2278 2547 Crispino
2309 2483 2362 2530 et
2381 2475 2600 2530 Eliano
2627 2490 2771 2532 coss.

739 2593 893 2650 ΣΜΒ¹
925 2594 1300 2650 ΟΛΥΜΠΙΑΣ.
1852 2648 1856 2653 .

1852 2648 1856 2653 _
2386 2585 2616 2644 CCXLII
2643 2585 3017 2642 OLYMPIAS.

206 2684 270 2738 Γ.
312 2685 410 2740 ὑπ.
441 2687 773 2740 Φουσκιανοῦ
809 2688 901 2741 καὶ
939 2687 1181 2741 Σιλανοῦ.

1180 2733 1181 2736 η
1910 2682 1980 2740 Χ.
2021 2682 2292 2739 Fusciano
2319 2689 2374 2736 et
2400 2679 2588 2735 Silano
2619 2696 2765 2736 coss.

205 2777 319 2831 IA'.
357 2779 453 2834 ὑπ.
488 2779 730 2851 Κομόδου
771 2780 1080 2851 Αὐγούστου
1111 2782 1172 2836 τὸ
1203 2782 1254 2850 ς’
1287 2785 1379 2837 καὶ
1425 2785 1790 2857 Σεπτιμιανοῦ.

1612 2786 1804 2846 ιιανοῦ,
1910 2776 2001 2832 XI.
2035 2774 2334 2833 Commodo
2357 2772 2495 2845 Aug.
2530 2787 2584 2828 vr
2613 2781 2667 2828 et
2689 2772 3025 2858 Septimiano
3054 2787 3197 2829 coss.

202 2868 329 2950 18'.
356 2871 452 2924 ὑπ.
490 2872 735 2943 Κομόδου
778 2873 1085 2943 Αὐγούστου
1129 2875 1190 2930 τὺ
1223 2874 1264 2940 ζ’
1313 2877 1408 2930 καὶ
1453 2879 1787 2951 Περτίνακος

1624 2897 1806 2946 νακος,
1911 2868 2028 2924 III.
2053 2866 2353 2940 Commodo
2376 2865 2516 2936 Aug.
2551 2881 2622 2918 vn
2655 2856 2708 2917 et
2741 2856 3027 2920 Pertinace
3060 2879 3209 2921 coss.

287 2964 532 3035 Κόμοδος
561 2965 820 3035 αἰφνίδιον
856 2967 1202 3042 ἐτελεύτησεν
1228 2970 1551 3040 ἀποπνιγεὶς
1577 2974 1636 3026 ἐν
1665 2973 1811 3046 οἰκίᾳ

1981 2959 2314 3017 Commodus
2335 2963 2558 3028 repente
2583 2957 2789 3011 interiit
2822 2955 3119 3012 sulTocatus
3149 2957 3203 3010 in
3233 2955 3352 3012 aede
3374 2953 3482 3012 Ve.

203 3055 511 3110 Βεστιανοῦ
570 3058 864 3127 συγγενοῦς
931 3061 1095 3115 αὐτοῦ
1150 3062 1244 3117 καὶ
1311 3064 1660 3137 Ἀτταλιανῆς
1710 3066 1788 3137 τῆ‹

1913 3054 2080 3112 stiani
2109 3052 2286 3108 aIIinis
2315 3051 2399 3106 sui
2419 3058 2472 3106 et
2493 3049 2781 3104 Attaliana:
2798 3048 3010 3105 feminae
3037 3050 3343 3106 consularis
3369 3048 3479 3104 Βο-

207 3150 526 3232 ὑπατίσσης
553 3153 612 3204 ἐν
654 3149 840 3226 Ῥώμῃ
891 3153 998 3226 πρὸ
1028 3152 1074 3207 α’
1121 3155 1394 3210 καλανδῶν
1457 3136 1792 3231 ἰανουαρίιιον1

1913 3161 2044 3212 maa,
2099 3144 2274 3218 pridie
2329 3142 2556 3199 Kalend.
2593 3136 2918 3208 Ianuarias,
2973 3156 3100 3196 cum
3149 3141 3467 3213 imperasset

204 3240 390 3312 ἄρξας
430 3241 524 3313 ἔτη
560 3241 647 3298 ιϐ’.

614 3241 647 3298 '.
1838 3239 1875 3250 “’
1910 3239 2068 3294 annis
2095 3253 2199 3296 ιιι.

298 3333 584 3405 Ῥωμαίων
635 3332 708 3401 ις’
747 3315 1091 3393 ἐϐασίλευσεν
1128 3341 1353 3406 Λούκιος
1390 3341 1655 3416 Περτίναξ
1699 3344 1802 3416 μῆ-

1978 3329 2350 3386 Romanorum
2377 3327 2782 3399 imperat.XVl,
2820 3323 3022 3380 Lucius
3040 3315 3292 3379 Pertinax
3324 3336 3477 3377 men-

206 3443 316 3489 νας
351 3425 417 3496 β’.

1909 3421 2062 3478 sibus
2086 3439 2145 3478 ιι.

285 3507 577 3590 Περτίναξ,
627 3521 656 3574 ὁ
695 3523 789 3576 καλ⁸
821 3523 1068 3589 Λούκιος,
1110 3527 1322 3599 ἐσφάγη
1355 3529 1458 3582 ὑπὸ
1490 3528 1596 3582 τῶν
1641 3545 1804 3600 στρα-

1979 3513 2260 3580 Pertinax,
2292 3514 2386 3584 qui
2419 3521 2473 3569 et
2492 3497 2695 3568 Lucius
2720 3510 2920 3574 dictus,
2956 3524 2987 3564 a
3017 3508 3285 3564 militibus
3308 3508 3476 3564 inter--

206 3611 447 3674 τιωτῶν,
478 3613 552 3676 ὡς
581 3614 857 3686 ἐξέρχεται
882 3605 989 3671 ἀπὸ
1015 3615 1107 3671 τοῦ
1140 3617 1400 3673 παλατίου
1420 3623 1498 3684 εἰς
1524 3620 1616 3673 τὸν
1643 3621 1791 3692 Μάρ-

1909 3607 2086 3663 fectus
2120 3617 2223 3673 est,
2243 3607 2371 3662 dum
2390 3622 2455 3662 ex
2480 3604 2679 3676 palatio
2703 3603 2758 3658 in
2787 3617 3040 3674 campum
3069 3601 3322 3658 Martium
3350 3616 3476 3672 pro-

201 3723 332 3762 -ςιον
358 3705 436 3761 ὢν
460 3707 594 3764 ἐτῶν
621 3705 685 3766 ο’.

1909 3700 2191 3769 ﬁciscitur,
2227 3715 2355 3754 ann.
2382 3707 2544 3756 natus
2573 3715 2699 3756 ιιι.

301 3805 588 3874 Ῥωμαίων
629 3804 694 3870 ιζ’
723 3805 1069 3862 ἐϐασίλευσεν
1104 3809 1275 3873 Δίδιος
1315 3808 1618 3872 Ἰουλιανὸς,
1652 3809 1681 3862 ὁ
1711 3807 1802 3862 καὶ

1982 3797 2350 3853 Romanorum
2383 3797 2634 3868 imperat.
2667 3791 2827 3857 XVII,
2859 3790 3050 3848 Didius
3082 3789 3352 3873 Julianus,
3379 3789 3475 3862 qui

211 3896 451 3961 Σίλϐιος,
485 3897 660 3969 μῆνας
692 3896 755 3963 ζ’.

1907 3899 1961 3947 et
1995 3890 2198 3946 Silvius
2229 3891 2304 3962 (1)
2340 3890 2540 3956 dictus,
2572 3887 2852 3944 mensibus
2888 3900 2983 3942 vit.

211 3987 296 4043 A'.
334 3989 428 4042 ὑπ.
464 3988 707 4042 Φλάκκου
738 3991 832 4043 καὶ
863 3990 1098 4060 Κλάρου.

1018 4008 1098 4044 ου.
1908 3984 1948 4039 I.
1980 3982 2174 4039 Flacco
2196 3990 2250 4039 et
2278 3981 2438 4039 Claro
2457 3996 2603 4037 coss.

291 4078 407 4132 Καὶ
449 4072 600 4143 οὗτος
648 4081 676 4132 ὁ
702 4079 873 4144 Δίδιος
915 4082 1128 4152 ἐσφάγη
1178 4081 1283 4136 ὑπὸ
1336 4080 1798 4154 κουϐικουλαρίου,

1980 4074 2240 4132 Similiter
2266 4083 2321 4131 et
2363 4075 2450 4129 hic
2486 4072 2675 4129 Didius
2715 4088 2746 4126 a
2777 4067 3134 4152 cubiculario,
3182 4082 3280 4138 per
3304 4065 3475 4123 comi-

210 4175 299 4237 εἰς
331 4173 431 4244 τὴν
461 4171 642 4244 πηγὴν
669 4171 763 4225 τοῦ
797 4173 1076 4238 παλατίου,
1124 4173 1342 4246 Ῥώμης
1373 4174 1500 4240 ἔσω,
1530 4175 1606 4239 ὡς
1631 4191 1795 4248 προσ-

1909 4177 2025 4224 ιιιιιι
2078 4167 2308 4224 insidias
2367 4163 2687 4221 interfectus
2743 4162 2828 4220 est
2875 4160 2943 4217 ad
2996 4160 3201 4217 fontem
3255 4156 3469 4226 Palatii,

213 4265 335 4336 ἔχει
367 4267 478 4328 τοῖς
513 4250 740 4336 ἰχθύσιν,
773 4265 839 4318 ἐκ
886 4264 1153 4337 consul};
1198 4266 1304 4319 τῶν
1351 4266 1466 4337 μετ’
1508 4266 1691 4334 αὐτοῦ,
1725 4265 1798 4320 ὢν

1744 4265 1801 4320 ὒν
1907 4259 2113 4327 Romae,
2140 4260 2268 4316 dum
2298 4257 2542 4329 piscibus
2565 4256 2816 4325 intendit,
2847 4270 3019 4311 annos
3050 4259 3214 4310 natus
3241 4268 3329 4309 ιι.

217 4357 361 4411 ὲτῶν
388 4356 449 4423 ξ’.
3069 4424 3072 4428 ’

303 4451 589 4521 Ῥωμαίων
623 4447 687 4521 ιη’
720 4447 1064 4503 ἐϐασίλευσεν
1109 4449 1334 4512 Λούκιος
1378 4449 1667 4519 Σεπτίμιος
1703 4449 1801 4502 Σε-

1977 4445 2347 4501 Romanorum
2371 4443 2669 4515 imperator
2696 4428 2882 4508 XVIII,
2927 4437 3130 4497 Lucius
3178 4434 3471 4510 Septimius

217 4545 425 4616 ϐἦρος,
481 4543 589 4596 άπὸ
663 4544 762 4615 τῆς
831 4543 1133 4614 συγκλήτου
1196 4540 1411 4614 Ῥώμης
1476 4540 1800 4612 ψηφισθεὶς,

1708 4543 1766 4606 ;ὶς
1785 4582 1800 4608 ,
1836 4554 1880 4610 ι)
1911 4535 2146 4593 Severus
2168 4552 2200 4592 a
2225 4535 2474 4591 Romano
2505 4544 2699 4591 senatu
2733 4537 2959 4600 electus,
2991 4532 3150 4589 annis
3179 4547 3293 4586 ιιι.

217 4637 316 4709 ἔτη
345 4634 428 4690 ιϐ’.

739 4749 887 4804 ΣΜΙν
919 4750 1294 4804 ΟΛΥΜΠΙΑΣ.

2360 4735 2610 4793 CCXLIII
2643 4733 3012 4792 OLYMPIAS.

212 4837 298 4897 Ν.
341 4843 433 4896 ὑπ.
467 4842 704 4915 Σεϐήρου
735 4840 1041 4910 Αὐγούστου
1075 4841 1168 4894 καὶ
1199 4839 1444 4896 Σαϐίνου.

1361 4858 1444 4896 ου.
1905 4829 1946 4884 1.
1984 4827 2185 4886 Severo
2206 4828 2452 4903 Augusto
2492 4837 2546 4885 et
2578 4829 2779 4884 Sabino
2801 4844 2946 4885 coss.

219 4935 294 4988 B’.
333 4935 428 4989 ὑπ.
462 4933 759 5005 Τερτύλλου
787 4934 880 4986 καὶ
911 4933 1244 5004 Κλήμεντος.

1219 4949 1244 4993 ς,
1904 4918 1970 4975 II.
2005 4919 2248 4976 Tertullo
2271 4929 2326 4976 et
2355 4919 2631 4977 Clemente
2659 4935 2804 4976 coss.

215 5027 294 5082 Γ.
328 5028 423 5081 ὑπ.
454 5027 680 5098 Δέξτρου
711 5026 804 5079 καὶ⁹
832 5025 1094 5097 Πρίσκου.

1903 5009 1994 5069 III.
2025 5010 2226 5068 Dextro
2250 5021 2303 5066 et
2325 5012 2514 5069 Prisco
2537 5027 2679 5068 coss.

217 5118 296 5175 A'.
331 5120 426 5174 ὑπ.
468 5120 776 5190 Λατεράνου
807 5118 900 5172 καὶ
935 5118 1238 5187 Ῥουφίνου.

1195 5137 1238 5172 ,Α
1903 5099 1995 5160 IV.
2026 5103 2294 5160 Laterano
2326 5113 2379 5161 et
2414 5105 2609 5161 Rutilio
2637 5122 2780 5162 coss.

737 5231 890 5287 ΣΜΔ¹
922 5234 1294 5288 ΟΛΥΜΙΙΙΑΣ.

2357 5219 2606 5275 CCXLIV
2643 5214 3009 5276 OLYMI’IAS.

219 5346 296 5401 E'.
332 5348 428 5402 ὑπ.
464 5347 781 5420 Σατορνίνου
813 5347 908 5401 καὶ
933 5348 1158 5402 Γάλλου.

1909 5334 1969 5390 V.
2007 5335 2304 5392 Saturnino
2332 5344 2386 5391 et
2412 5335 2565 5391 Gallo
2598 5351 2744 5392 coss.

220 5437 316 5507 ς’.
349 5440 444 5493 ὑπ.
494 5439 822 5495 Ἀνουλλίνου
851 5439 946 5493 καὶ
969 5440 1299 5511 Φρόντωνος.

1251 5448 1299 5506 ς,
1905 5423 1993 5482 VI.
2018 5426 2274 5481 Anullino
2305 5433 2358 5480 et
2389 5424 2660 5480 Frontone
2690 5441 2836 5480 coss.

220 5530 293 5585 Z'.
329 5533 426 5586 ὑπ.
462 5531 698 5603 Σεϐήρου
729 5533 1037 5599 Αὐγούστου
1067 5531 1128 5585 τὸ
1157 5531 1200 5603 β’
1235 5535 1330 5588 καὶ
1364 5533 1691 5606 Βικτορίνου,

1567 5533 1691 5597 ίνου,
1904 5517 2017 5573 VII.
2048 5517 2249 5574 Severo
2267 5517 2515 5589 Augusto
2542 5533 2578 5570 ιι
2617 5524 2670 5572 et
2701 5515 2980 5572 Victorino
3005 5531 3152 5574 coss.

220 5622 302 5679 H'.
338 5626 434 5680 ὑπ.
468 5623 756 5678 Μωκιανοῦ
790 5625 883 5679 καὶ
905 5625 1190 5681 Φαϐιανοῦ.

1903 5613 2044 5672 VIII.
2071 5611 2320 5669 Muciano
2352 5618 2406 5667 et
2436 5609 2688 5684 .Fabiauo
2718 5625 2862 5666 coss.

298 5835 376 5900 (ι)
393 5837 500 5894 ’ῡῖο
530 5835 766 5893 Salvius.
