3928 6220
504 400 608 454 3δῦ
1184 395 1451 450 ECSEBII
1483 394 1961 452 CIESARIENSIS
1999 395 2150 454 OPP.
2188 395 2390 452 PARS.
2432 393 2471 446 l.
2512 423 2583 432 —
2619 391 3006 448 HISTORICA.
3641 384 3742 443 301

952 515 1180 571 CCXLV
1212 514 1576 572 OLYMPIAS.
2087 523 2135 581 Α

2087 523 2135 581 A
2649 568 2656 575 ,
2694 509 2849 566 ΣΜΕ¹
2882 507 3251 564 ΟΛΥΜΠΙΑΣ.

501 603 592 663 IX.
615 606 820 662 Severo
850 605 1092 677 Augusto
1128 622 1187 660 ιιι
1218 617 1271 662 et
1299 605 1573 661 Antonino
1606 620 1752 663 coss.

2159 608 2235 665 9'.
2277 609 2372 664 61:.
2407 606 2643 680 Σεϐήρου
2671 604 2978 674 Αὐγούστου
3011 603 3072 656 τὸ
3103 601 3150 671 γ’
3175 602 3266 656 καὶ
3307 599 3647 654 Ἀντωνίνου.

499 700 570 756 X.
606 700 888 754 Plautiano
915 708 966 754 et
995 698 1129 754 Geta
1159 714 1303 756 coss.

2160 700 2215 756 I'.
2253 703 2347 756 61:.
2387 698 2719 754 Πλαυτιανοῦ
2753 698 2845 750 καὶ
2873 696 3027 752 Γέτα.

501 784 592 845 λι.
627 791 850 846 Chilone
870 797 923 846 et
954 789 1160 846 Libone
1181 806 1325 847 coss.

2160 791 2260 847 IA'.
2297 793 2391 847 61:.
2427 792 2663 854 Χίλωνος
2689 790 2783 843 καὶ
2809 789 3063 852 Λίϐωνος.

500 876 612 935 ΧΠ.
640 882 914 938 Antonino
947 899 983 938 ιι
1013 889 1067 938 et
1091 881 1294 938 Libone
1312 887 1357 936 ἰι
1378 896 1520 938 coss.

2159 887 2258 940 IB'.
2291 887 2384 939 61:.
2428 885 2736 939 Ἀντωνίνου
2769 881 2830 936 τὸ
2863 880 2905 953 β’
2932 882 3025 935 καὶ
3057 880 3192 934 Γέτα
3226 879 3286 933 τδ

955 992 1204 1050 CCXLVI
1233 993 1601 1051 οιγΜΡιΑδ.

2651 993 2821 1062 mc,"
2854 993 3224 1048 οΑΥΜιιιΑΣ.

498 1083 634 1139 XIII.
660 1085 857 1142 Albino
882 1093 936 1142 et
957 1085 1251 1143 Emiliauo
1281 1103 1424 1144 coss.

2160 1088 2255 1140 ΙΓ.
2297 1087 2392 1141 ὑπ.
2425 1087 2662 1140 Ἀλϐίνου
2697 1086 2789 1140 καὶ
2818 1084 3154 1156 Αἰμιλιανοῦ.

499 1175 638 1233 XIV.
663 1177 810 1248 Apro
839 1185 892 1232 et
923 1177 1156 1233 Maximo
1187 1195 1331 1236 coss.

2156 1178 2253 1232 IA’.
2287 1177 2380 1231 61:.
2404 1179 2610 1250 ’Ἀπρου
2639 1179 2732 1231 καὶ
2760 1175 3029 1244 Μαξίμου.

497 1267 615 1324 XV.
651 1269 925 1325 Antonino
953 1286 1010 1325 ιιι
1035 1277 1088 1326 et
1121 1268 1251 1326 Geta
1281 1287 1338 1326 ιιι
1362 1286 1507 1326 coss;

2159 1270 2255 1323 IE'.
2289 1271 2383 1324 61:.
2426 1269 2732 1323 Ἀντωνίνου
2767 1267 2827 1320 τὸ
2857 1266 2906 1336 γ’
2935 1267 3028 1320 καὶ
3054 1265 3190 1320 Γὲτα
3216 1265 3279 1320 τὸ
3305 1264 3373 1334 Υ.

496 1361 642 1417 XVI.
678 1361 1005 1434 Pompeiano
1030 1371 1083 1417 et
1107 1363 1233 1418 Atto
1263 1378 1408 1418 coss.

2158 1361 2272 1428 IC’.
2310 1362 2405 1418 61:.
2441 1359 2790 1432 Πομπηῖανοῦ
2816 1359 2909 1411 καὶ
2939 1357 3154 1411 Ἀττου.

936 1475 1208 1532 CCXLVII
1243 1475 1607 1531 OLYMPIAS.

2652 1474 2805 1530 ΣΜΖ’
2839 1473 3213 1529 ΟΛΥΜΠΙΑΣ.

496 1565 660 1620 XVII.
693 1565 950 1623 Faustino
977 1578 1029 1624 et
1054 1567 1248 1622 Ruﬁno
1279 1583 1425 1624 coss.

2157 1569 2255 1624 IZ'.
2290 1569 2383 1622 61:.
2413 1567 2707 1621 Φαυπίνου
2739 1567 2832 1621 καὶ¹
2868 1565 3166 1635 Ῥουφίνου.

495 1655 687 1711 XVIII.
716 1657 982 1713 Geutiano
1011 1664 1065 1712 et
1092 1657 1262 1713 Basso
1283 1671 1428 1714 coss.

2159 1661 2264 1716 IH'.
2307 1661 2399 1714 61:.
2431 1659 2713 1714 Γεντιανοῦ
2739 1660 2833 1712 καὶ
2865 1659 3097 1712 Βάσσου.

503 1747 639 1804 XIX.
669 1749 816 1820 Apro
841 1766 878 1805 ιι
906 1758 958 1806 et
989 1747 1136 1819 Apro
1164 1764 1308 1806 coss.

2157 1753 2258 1807 10'.
2295 1753 2389 1806 61:.
2429 1753 2636 1824 Ἀπρου
2663 1751 2723 1802 τὸ
2759 1749 2805 1820 β’
2834 1751 2925 1804 καὶ
2966 1751 3197 1820 Ἀπρου.

569 1840 665 1897 His
695 1857 840 1898 coss.
877 1842 1012 1897 obiit
1046 1841 1278 1898 Severus
1307 1843 1363 1896 in
1397 1842 1516 1898 solo
1543 1840 1848 1908 barbarico,
1881 1849 2054 1897 annos
2086 1870 2120 1925 Β

2227 1845 2444 1908 Τούτοις
2485 1846 2597 1907 τοῖς
2630 1843 2853 1906 ὑπάτοις
2901 1841 3246 1912 ἐτελεύτησεν
3289 1837 3521 1913 Σεϐῆρος
3559 1841 3644 1906 είς
3675 1839 3743 1896 τὸ

495 1941 661 1988 natus
691 1949 815 1987 ιιν.
1389 1983 1392 1987 .

1389 1983 1392 1987 .
2159 1933 2505 2008 βαρϐαρικὸν,
2541 1935 2615 1988 ὢν
2647 1934 2782 1987 ἐτῶν
2812 1933 2901 2000 ’ξεῖ

569 2025 934 2081 Romanorum
971 2025 1267 2096 imperator
1287 2023 1430 2091 XIX,
1460 2024 1766 2081 Antoninus
1806 2022 2059 2084 Caracal-

2237 2028 2522 2100 Ῥωμαίων
2548 2026 2612 2082 ιϐ’
2636 2028 2975 2084 ἐϐασίλευσεν
3015 2028 3322 2094 Ἀντωνῖνος
3349 2028 3739 2100 Καράκαλλος,

494 2119 604 2182 lus,
631 2119 813 2174 Severi
841 2119 1167 2183 IiIius,annis
1188 2134 1284 2173 vn.

1226 2134 1284 2173 ιι.
2159 2119 2270 2184 υἱὸς
2294 2121 2553 2192 Σεϐήρου,
2584 2120 2676 2192 ἐτη
2713 2121 2775 2185 ζ’.

493 2212 536 2266 l.
567 2211 840 2266 Antonino
867 2211 1112 2283 Augusto
1140 2228 1194 2265 IV
1221 2220 1273 2265 et
1300 2209 1497 2265 Albino
1525 2223 1670 2265 coss.

2158 2215 2234 2264 A'.
2266 2213 2358 2265 ὑπ.
2406 2212 2716 2266 Ἀντωνίνου
2749 2211 3058 2280 Αὐγούστου
3088 2213 3148 2266 τὸ
3179 2213 3221 2264 δ’
3254 2215 3344 2266 καὶ
3395 2211 3661 2267 Ἀλϐίνου.

925 2324 1222 2380 CCXLVIII
1247 2322 1612 2380 OLYMPIAS.

2645 2325 2806 2378 ΣΜΗ¹
2858 2322 3231 2379 ΟΛΥΜΠῙΑΣ.

493 2417 557 2471 lI.
593 2417 819 2474 Messala
842 2425 896 2473 et
931 2417 1134 2473 Sabino
1164 2433 1306 2473 coss.
1384 2441 1404 2457 ο

2159 2418 2232 2472 B'.
2268 2419 2362 2471 61:.
2396 2417 2656 2472 Μεσσαλᾶ
2687 2417 2781 2471 καὶ
2812 2416 3057 2472 Σαϐίνου.

492 2507 580 2562 Ill.
620 2508 848 2564 Lentulo
874 2516 928 2565 et
956 2509 1178 2566 Cereale
1201 2525 1347 2566 coss.

2157 2511 2230 2563 I".
2266 2510 2362 2563 61:.
2398 2509 2688 2563 Λεντούλοιι
2722 2508 2818 2563 καὶ
2849 2509 3161 2582 Κερεαλίου.

491 2599 581 2656 IV.
623 2600 823 2656 Sabino
847 2614 888 2654 ιι
913 2611 967 2658 et
993 2603 1227 2657 Auulino
1252 2617 1394 2658 coss.

2156 2603 2228 2652 A'.
2261 2601 2354 2653 61:.
2389 2599 2613 2654 Σαϐίνου
2643 2601 2704 2654 τὸ
2732 2601 2774 2672 β’
2812 2603 2906 2655 καὶ
2945 2601 3291 2656 Ἀνουλλίνου.

493 2693 559 2746 V.
594 2693 868 2751 Pracsente
896 2703 950 2750 et
980 2694 1259 2750 Extricato
1289 2692 1434 2751 coss.

2269 2690 2592 2762 Πραίσεντος
2621 2692 2714 2746 καὶ
2753 2692 3117 2765 Ἐξτρικάτου.

947 2807 1199 2865 CCXLIX
1246 2808 1616 2865 OLYMPIAS.

2643 2806 2795 2860 ΣΜΘ¹
2854 2807 3227 2861 ΟΛΥΜῘΙΙΑΣ.

495 2897 586 2955 Vl.
616 2903 893 2957 Antonino
931 2901 1177 2972 Augusto
1205 2919 1237 2958 ν
1267 2910 1320 2956 (ιι
1350 2901 1596 2956 Advento
1617 2917 1764 2958 coss.

2183 2900 2246 2964 Γ.
2276 2899 2372 2952 ὑπ.
2414 2900 2726 2955 Ἀντωνίνου
2761 2900 3066 2967 Αὐγούστου
3102 2901 3162 2954 τὸ
3189 2908 3230 2953 ε’
3268 2902 3361 2955 καὶ
3399 2900 3734 2968 Ἀδούεντος.

492 2992 605 3046 VII.
638 2993 911 3047 Antonino
933 2992 1174 3074 Augusto
1204 3009 1257 3048 v.1
1289 3001 1342 3047 et
1373 2991 1665 3048 Sacerdote
1693 3008 1836 3048 coss.

2180 2988 2228 3045 ε’.
2261 2992 2353 3044 ὑπ.
2394 2990 2699 3046 Ἀντωνίνου
2732 2993 3038 3061 Αὐγούστου
3067 2992 3128 3046 τὸ
3161 2998 3214 3057 ς’
3247 2993 3338 3047 καὶ
3370 2993 3731 3064 Σακερδότου.

564 3085 659 3140 llis
684 3099 828 3140 coss.
843 3084 1148 3139 Antoninus
1170 3083 1483 3140 Caracallus
1504 3085 1631 3139 dum
1649 3095 1836 3139 contra
1863 3083 2056 3140 Persas

2239 3076 2359 3139 Ἐπὶ
2384 3085 2585 3140 τούτων
2622 3085 2729 3140 τῶν
2758 3086 2979 3141 ὑπάτων
3018 3087 3329 3151 Ἀντωνῖνος
3367 3087 3742 3158 Καράκαλλος

492 3179 878 3250 proﬁciscitur,
910 3179 1053 3234 inter
1099 3177 1356 3233 Edessam
1391 3185 1445 3234 et
1466 3177 1664 3234 Carras
1703 3178 2043 3246 interﬁcitur,

2184 3179 2298 3232 εατά
2325 3177 2548 3250 Περσῶν
2577 3177 2821 3232 ἀπελθὼν
2849 3180 2941 3232 καὶ
2965 3178 3248 3234 ἀναλαϐὼν
3272 3178 3370 3250 τὴν
3406 3179 3735 3250 Ὀσροηνὴν,

493 3288 669 3328 annos
705 3277 866 3326 natus
896 3287 984 3326 ιιι.
2089 3268 2124 3277 “
2162 3268 2444 3340 συμϐαλὼν
2470 3272 2549 3333 είς
2585 3269 2676 3323 τὸν
2702 3269 2932 3341 πόλεμον
2971 3272 3215 3342 ἐσφάγη,
3265 3271 3428 3342 μέσον
3468 3270 3744 3341 Ἐδέσσης

2159 3363 2252 3415 καὶ
2289 3361 2542 3433 Καρῤὦν,
2571 3361 2648 3415 ὣν
2675 3362 2808 3415 ἐτῶν
2842 3361 2882 3427 ξ’
2910 3362 3006 3433 (1).

565 3450 932 3506 Romanorum
961 3451 1090 3520 imp.
1121 3442 1240 3513 XX,
1261 3446 1530 3503 Macrinus
1550 3462 1637 3502 an.
1672 3464 1709 3502 ι.

2241 3445 2522 3524 Ῥωμαίων
2561 3460 2606 3506 κ’
2636 3453 2978 3508 ἐϐασίλευσεν
3005 3455 3281 3526 Μακρῖνος
3306 3455 3422 3517 ἐτος
3454 3460 3523 3506 α’.

493 3541 536 3598 l.
574 3542 850 3596 Antonino
885 3550 939 3596 et
969 3540 1295 3594 Comazonte
1319 3555 1462 3594 coss.

2157 3547 2235 3599 A'.
2269 3547 2361 3598 61:.
2409 3545 2717 3598 Ἀντωνίνου
2757 3546 2849 3599 καὶ
2880 3545 3256 3617 κωμάζοντος.

567 3633 842 3688 Macrinus
886 3632 1206 3688 interfectus
1236 3639 1321 3687 est
1361 3630 1704 3697 Archelaide,
1756 3646 1928 3686 annos
1961 3645 2058 3686 na-

2012 3646 2058 3685 ι-
2226 3639 2500 3710 Μακρῖνος
2525 3638 2733 3709 ἐσφάγη
2761 3638 2816 3691 ἐν
2858 3636 3176 3709 Ἀρχελαΐδι,
3205 3637 3278 3690 ὢν
3302 3637 3438 3691 ἐτῶν
3465 3637 3563 3691 νϐ’.

494 3737 584 3784 tus
610 3742 706 3782 LII.

566 3817 932 3872 Romanorum
961 3817 1255 3890 imperator
1289 3813 1429 3881 XXI,
1464 3815 1773 3871 Antoninus
1801 3814 2053 3888 Helioga-

2236 3809 2519 3888 Ῥωμαίων
2554 3822 2636 3868 καθ
2670 3814 3015 3868 ἐϐασίλευσεν
3052 3815 3359 3879 Ἀντωνῖνος
3396 3814 3703 3884 Ἠλιογάϐα
3723 3845 3736 3858 -

495 3912 672 3975 balus,
702 3910 861 3967 annis
889 3925 962 3964 ιν.

2157 3908 2245 3973 λος
2275 3908 2368 3979 ἔτη
2396 3909 2456 3962 δ’.
3105 3896 3117 3909 ί

493 4004 535 4059 ι.
564 4003 732 4060 Grato
763 4012 818 4059 et
853 4001 1080 4059 Seleuco
1117 4017 1261 4059 coss.

2156 4005 2232 4056 A'.
2263 4003 2356 4055 61:.
2390 4001 2594 4073 Γράτου
2627 4003 2718 4056 καὶ
2747 4002 3027 4057 Σελεύκου.

1020 4117 1151 4174 CCL
1181 4110 1548 4174 OLYMPIAS.

2677 4117 2777 4169 ΣΝ¹
2820 4117 3191 4170 ΟΛΥΜΠΙΑΣ.

490 4210 558 4267 II.
590 4210 865 4268 Antonino
893 4211 1139 4280 Augusto
1159 4226 1194 4264 ιι
1219 4218 1273 4265 et
1297 4208 1602 4264 Alexandro
1628 4222 1774 4264 coss.

2191 4209 2231 4262 ι’.
2271 4208 2364 4262 ὑπ.
2410 4209 2720 4263 Ἀντωνίνου
2777 4208 3083 4278 Αὐγούστου
3138 4208 3198 4262 τὸ
3243 4207 3285 4278 β’
3324 4208 3417 4261 καὶ
3472 4205 3742 4274 Ἀλεξάν-

2225 4299 2373 4372 δρου.

491 4389 582 4445 III.
622 4390 856 4447 Maximo
880 4399 934 4445 et
968 4387 1187 4444 Eliano
1218 4401 1363 4441 coss.

2155 4392 2229 4452 1".
2267 4394 2358 4446 61:.
2389 4393 2638 4464 Μαξίμου
2671 4394 2762 4446 καὶ
2791 4392 3061 4447 Αίλιανοῦ.

491 4481 583 4538 1V.
606 4481 862 4537 Flaviano
899 4489 953 4536 ct
982 4479 1236 4550 Crispino
1257 4494 1400 4534 coss.

2156 4486 2228 4539 A'.
2260 4486 2353 4537 ὑπ.
2385 4483 2677 4538 Φλαϐιανοῦ
2715 4485 2808 4537 καὶ
2838 4484 3155 4554 Κρισπίνου.

565 4575 662 4631 llis
697 4575 1014 4632 consulibus
1053 4572 1361 4628 Antoninus
1426 4573 1806 4644 Heliogabalus
1864 4571 2052 4643 Augtr-
2084 4565 2116 4620 Ι]

2240 4575 2363 4628 Ἐπὶ
2424 4575 2624 4630 τούτων
2682 4576 2788 4629 τῶν
2855 4574 3073 4630 ὑπάτων
3133 4576 3344 4646 ἐσφάγη
3412 4577 3744 4638 Ἀντωνῖνος

494 4676 614 4724 stus
633 4667 816 4724 Romae
847 4683 878 4723 a
904 4673 1135 4740 cognato
1161 4681 1262 4722 suo
1279 4665 1600 4723 interfectus
1631 4673 1735 4732 est,
1757 4681 1929 4721 annos
1951 4681 2045 4720 na«

2188 4667 2548 4737 Ηλιογάϐαλος
2589 4665 2893 4737 Αὔγουστος
2935 4669 2992 4722 ἐν
3036 4667 3221 4740 Ῥώμῃ
3253 4668 3356 4721 ὑπὸ
3395 4667 3522 4721 ἰδίου
3552 4669 3739 4723 αὑτοῦ

494 4770 582 4815 HIS
604 4775 790 4813 ιιιινι.

2156 4761 2466 4828 συγγενοῦς,
2497 4759 2571 4813 ὢν
2595 4760 2729 4813 ἐτῶν
2753 4759 2857 4824 λς’.

565 4849 936 4905 Romanorum
955 4852 1248 4922 imperator
1265 4845 1426 4917 XXII,
1441 4851 1743 4908 Alexander
1766 4851 2056 4906 Mammaea:

2237 4853 2516 4920 Ῥωμαίων
2546 4853 2630 4908 κδ’
2662 4852 3004 4907 ἐϐασίλευσεν
3044 4851 3384 4922 Ἀλέξανδρος
3408 4852 3747 4922 Μαμμαίας

495 4945 660 5006 Illius.
692 4940 851 4996 annis
883 4958 998 4996 ml.
2004 4997 2015 5008 ο

825 4957 851 4996 s
883 4958 998 4996 xm.
2004 4997 2015 5008 ,
2155 4943 2248 5015 ἐτη
2285 4949 2369 5012 ιγ’.

493 5034 540 5091 ι.
563 5033 835 5091 Fusciano
865 5040 918 5087 et
943 5033 1146 5090 Dextro
1171 5049 1316 5090 coss.

2154 5037 2230 5088 A’.
2267 5037 2359 5090 61:.
2393 5037 2718 5091 Φουσκιανσῦ
2753 5038 2847 5091 καὶ
2876 5035 3123 5107 Δέξτρου.

1000 5147 1150 5204 CCLI
1181 5147 1267 5205 OL
1277 5147 1480 5202 YMPIA
1489 5147 1547 5202 S.

2609 5174 2621 5182 ι
2645 5151 2791 5204 ENA’
2853 5151 3221 5204 ΟΛΥΜΠΙΑΣ.

488 5232 555 5288 II.
588 5229 894 5287 Alexandro
917 5245 956 5284 ιι
986 5238 1041 5283 et
1077 5231 1328 5288 Marcello
1356 5249 1500 5288 coss.

2154 5240 2227 5292 B'.
2265 5237 2358 5294 61:.
2399 5241 2738 5314 Ἀλεξάνδρου
2766 5242 2829 5295 τὸ
2860 5242 2903 5313 β’
2930 5243 3024 5296 καὶ
3050 5242 3386 5314 Μαρκέλλου.

487 5324 576 5380 III.
604 5323 798 5378 Albino
825 5331 878 5378 et
907 5321 1211 5378 Maximo‘u
1241 5339 1384 5380 coss.

2154 5331 2227 5384 I".
2263 5331 2355 5385 61:.
2407 5330 2646 5387 Ἀλϐίνου
2671 5334 2765 5388 καὶ
2793 5334 3044 5406 Μαξίμου
3075 5333 3138 5388 τὸ

492 5416 584 5470 IV.
621 5414 862 5471 Modesto
890 5422 944 5472 et
974 5413 1153 5469 Probo
1181 5429 1326 5472 coss.

2153 5425 2224 5475 A'.
2257 5424 2351 5478 ὑπ.
2383 5423 2651 5478 Μοδέστου
2678 5427 2772 5478 καὶ
2803 5425 3031 5498 Πρύϐου.

493 5507 558 5562 V.
582 5505 886 5562 Alexandro
909 5522 963 5560 ιιι
993 5514 1048 5562 et
1075 5503 1245 5562 Ilione
1271 5521 1414 5563 coss.

2153 5514 2228 5568 E'.
2261 5514 2351 5567 ὑπ’
2397 5515 2737 5588 Ἀλεξάνδρου
2763 5517 2827 5571 τὸ
2851 5525 2900 5586 γ’
2932 5519 3025 5571 καὶ
3045 5517 3262 5582 Δίωνος.

909 5620 1086 5678 CCLll
1121 5619 1486 5678 OLYMPIAS.

2645 5630 2730 5682 ΣΝ
2735 5629 2788 5681 B'
2849 5630 3222 5686 ΟΛΥΜΠΙΑΣ.

499 5715 584 5771 γι.
614 5714 858 5786 Agricola
888 5723 942 5769 et
973 5713 1250 5772 Clemente
1281 5728 1427 5770 coss.

2157 5722 2223 5787 Cf’
2253 5719 2344 5774 ὑπ.
2389 5722 2679 5793 Ἀγρεκόλα
2711 5724 2801 5777 καὶ
2837 5723 3165 5795 Κλήμεντος.

496 5832 572 5894 (ι)
600 5829 711 5884 ιιιιο
739 5843 826 5882 an.
864 5841 1011 5883 mu.
