4014 6236
233 359 347 417 305

233 475 314 529 Z'.
348 474 442 528 ὑπ.
482 476 831 548 Πομπηῖανοῦ
867 481 957 534 καὶ
989 478 1376 554 Πελεγμιανοῦ.

232 567 318 620 Η’.
358 567 454 620 ὑπ.
491 567 748 623 Λούππου
785 572 876 624 καὶ
899 572 1148 644 Μαξίμου
1173 575 1232 629 τὸ
1262 582 1330 644 γ’.

231 659 309 712 Θ.
339 660 435 713 ὑπ.
469 660 720 732 Μαξίμου
751 663 812 715 τὸ
836 663 877 716 δ’
905 665 996 717 κοι)⁸
1029 667 1324 738 Πατερνοῦ.

729 774 870 826 ΣΝΓ⁹
913 775 1288 830 ΟΛΥΜΠΙΑΣ.

231 863 290 915 l'.
334 862 428 915 ὑπ.
465 860 715 934 Μαξίμου
749 865 810 918 τὸ
833 871 874 918 ε’
902 867 996 918 καὶ
1032 865 1326 936 Οὑρϐανοῦ.

231 957 333 1008 IA’.
367 957 462 1010 ὑπ.
493 958 630 1027 Σεϐή
642 975 733 1028 ρου
760 959 856 1012 καὶ
879 960 1197 1014 Κυντιανοῦ.

231 1041 330 1094 IB'.
362 1043 456 1094 ὑπ.
484 1042 735 1114 Μαξίμου
763 1047 824 1099 τὸ
849 1053 910 1111 ς’·
934 1047 1029 1100 καὶ
1068 1048 1412 1121 Ἀφρικανοῦ.

225 1132 328 1186 II".
367 1133 463 1186 ὑπ.
495 1133 775 1205 Περπέτου
805 1137 897 1190 καὶ
924 1139 1242 1211 Κορνηλίου.

309 1225 434 1278 Ἐπὶ
456 1225 564 1280 τῶν
617 1228 986 1300 προκειμένων
1031 1231 1250 1284 ὑπάτων
1303 1233 1517 1303 ἐσφάγη
1561 1233 1666 1286 ὑπὸ
1706 1234 1808 1288 τοῦ·

226 1315 463 1388 στρατοῦ
510 1317 849 1389 Ἀλέξανδρος
888 1318 1212 1389 Αὑγουστος,
1254 1322 1328 1386 ὡς
1370 1311 1516 1376 ἐστιν
1563 1325 1668 1378 ὑπὸ
1709 1325 1802 1378 τὸν

225 1408 558 1461 παπυλεῶνα
605 1409 768 1462 αὑτοῦ
824 1412 880 1463 ὲν
921 1412 1295 1482 Μογοντιακῷ,
1327 1412 1401 1466 ὢν
1439 1414 1572 1468 ἐτῶν
1599 1414 1670 1468 λ’·
1702 1416 1801 1486 τὴν

223 1499 285 1553 δὲ
315 1499 523 1571 μητέρα
547 1499 1059 1571 αὑτοῦΜαμμαίαν,
1089 1497 1253 1558 οὖσαν
1287 1504 1402 1574 μετ’
1431 1505 1615 1570 αὑτοῦ,
1648 1506 1800 1559 ἐπνι-

226 1590 329 1657 ξαν
359 1592 416 1643 ἐν
442 1591 652 1663 σχοινίῳ
677 1595 758 1658 εἰς
780 1593 868 1648 τὸν
904 1594 1231 1648 παπυλεῶνα
1263 1595 1388 1650 ἔσω.

312 1683 594 1752 Ῥωμαίων
633 1690 717 1752 κγ’
753 1684 1098 1740 ἐϐασίλευσεν
1143 1687 1468 1760 Μαξιμῖνος,
1498 1689 1800 1758 Αὔγουστος

221 1772 609 1845 ἀναγορευθεὶς
637 1775 745 1829 ἀπὸ
776 1776 1026 1848 στρατοῦ,
1063 1777 1156 1850 ἔτη
1190 1786 1258 1848 γ’.

717 1890 856 1944 ΣΝΔ¹
907 1891 1116 1945 ὈΑΥΜ
1124 1894 1193 1946 ΠΙ
1204 1893 1306 1946 ΑΣ.

221 1980 302 2032 Α’.
342 1977 436 2032 ὑπ.
468 1979 758 2032 Οὑλπικίου
786 1982 843 2033 ὲν
874 1981 1192 2036 Ποντιανοῦ.

223 2070 301 2124 B'.
338 2071 434 2126 ὑπ.
463 2069 743 2142 Γορδιανοῦ
773 2073 866 2125 καὶ
902 2073 1147 2143 Ἀϐιολά.

221 2163 298 2216 Γν.
335 2163 428 2216 ὑπ.
474 2162 712 2217 Ἀλϐίνου
744 2165 837 2218 καὶ
870 2165 1218 2220 Οὑενοὺστου.

309 2254 433 2309 Ἐπὶ
456 2255 656 2311 τούτων
675 2256 782 2310 τῶν
806 2258 1026 2312 ὑπάτων
1058 2258 1373 2322 ἐπελθόντες
1396 2261 1444 2313 οἱ
1475 2259 1800 2332 στρατιῶται

222 2348 460 2419 ἔσφαξαν
501 2349 799 2421 Μαξιμῖνον
850 2350 1153 2420 Αὔγουστον
1197 2354 1276 2416 είς
1320 2353 1627 2424 Ἀκυλήῖαν,
1672 2353 1799 2406 ὄντα

219 2441 360 2495 ἐτῶν
394 2439 481 2505 ξε⁹.
529 2443 643 2495 Καὶ·
684 2441 1026 2498 ἐϐασίλευσεν
1081 2444 1339 2508 Βαλϐῖνος
1385 2445 1556 2516 μῆνας
1595 2452 1666 2513 γ’,
1707 2447 1800 2498 καὶ

221 2536 463 2606 ἐσφάγησ
511 2536 606 2589 καὶ
651 2535 993 2589 ἐϐασίλευσεν
1033 2537 1300 2601 Πούπλιος
1346 2537 1555 2610 ἡμέρας
1583 2537 1796 2602 ἑκατὸν,

221 2629 320 2679 καὶ
351 2628 585 2698 ἐσφάγη.

296 2721 582 2791 Ῥωμαίων
616 2721 692 2786 κδ’
721 2721 1066 2779 ἐϐασίλευσεν
1082 2721 1366 2794 Γορδιανὸς
1396 2722 1590 2793 σενιιὶορ
1611 2721 1704 2793 ἔτη
1723 2730 1797 2788 ς’.

221 2909 303 2960 Α¹.
328 2907 423 2960 ὑπ.
465 2903 752 2976 Γορδιανοῦ
785 2903 1095 2972 Αὐγούστου
1125 2903 1188 2956 τὸ
1225 2901 1267 2973 β’
1299 2903 1394 2958 καὶ
1424 2899 1794 2982 Πομπηῖανοῦ.

724 3017 869 3070 ΣΝΕ⁹
923 3017 1295 3072 ΟΛΥΜΠΙΑΣ.

224 3110 299 3163 B'.
325 3109 422 3161 ὑπ.
471 3105 712 3161 Ἀττικοῦ
741 3108 834 3162 καὶ
855 3106 1278 3180 Πραιτεξτάτου.

227 3203 298 3254 1⁷³.
336 3201 431 3254 ὑπ.
468 3199 799 3270 Αὑρηλιανοῦ
834 3200 928 3254 καὶ
954 3199 1208 3254 Πάππου.

227 3298 301 3347 Δ’.
330 3293 429 3347 ὑπ.
459 3291 789 3364 Περεγρίνου
818 3292 910 3345 καὶ
936 3290 1268 3361 Αἰμιλιανοῦ.

227 3379 299 3435 ε’.
337 3379 434 3434 ὑπ.
463 3378 728 3433 Φιλίππου
763 3380 857 3432 καὶ
893 3376 1182 3439 Τατιοινοῦ.

645 3540 658 3550 ,
714 3486 877 3556 ΣΝς¹
917 3489 1292 3542 ΟΛΥΜΠΙΑΣ.

233 3583 324 3648 ς’.
362 3579 455 3636 ὑπ.
490 3582 819 3654 Πραίσεντος
851 3582 945 3633 καὶ
984 3579 1245 3635 Ἀλϐίνου.

311 3674 438 3727 Ἐπὶ
466 3673 671 3727 τούτων
714 3674 823 3727 τῶν
861 3673 1083 3730 ὑπάτων
1107 3673 1246 3745 νόσῳ
1271 3673 1487 3746 βληθεὶς
1516 3674 1802 3746 Γορδιανὸς

227 3782 284 3817 σε
301 3764 429 3838 ιιὼρ
452 3764 697 3835 τελευτᾷ,
725 3764 800 3817 ὢν
826 3765 961 3818 ὲτῶν
997 3764 1091 3819 00'.

309 3857 596 3928 Ῥωμαίων
626 3864 704 3910 κε’
735 3856 1043 3911 ἐϐασίλευσε
1066 3859 1326 3924 Φίλιππος
1352 3859 1378 3912 ὁ
1415 3861 1652 3931 ίουνίωρ,
1689 3860 1803 3930 ἅμα

226 3951 478 4021 Φιλίππῳ
505 3949 582 4020 τῷ
605 3949 705 4020 υἱῷ
727 3949 918 4015 αὑτοῦ,
950 3953 1044 4024 ἐτη
1070 3961 1143 4018 ς’.

226 4044 306 4096 Α’.
342 4041 436 4093 ὑπ.
481 4039 744 4094 Φιλίππου
761 4041 1070 4110 Αὐγούστου
1102 4042 1164 4095 τὸ
1213 4040 1255 4112 β’
1289 4042 1382 4102 καὶ
1414 4041 1679 4095 Φιλίππου
1709 4040 1803 4094 τοῦ

299 4133 419 4186 υἱοῦ
450 4131 633 4187 αὑτοῦ.

229 4225 302 4278 B'.
342 4225 435 4278 ὑπ.
466 4224 730 4278 Φιλίππου
757 4225 1066 4295 Αὑγοὺσπου
1097 4225 1156 4279 τὸ
1193 4233 1242 4294 γ’
1289 4227 1382 4281 καὶ
1421 4226 1686 4280 Φιλίππου
1709 4225 1804 4288 τοῦ

298 4316 417 4372 υἱοῦ
446 4317 609 4372 αὑτοῦ
636 4318 697 4370 τὸ
728 4317 792 4387 β’.

229 4411 301 4463 Ρ,
338 4409 432 4462 ὑπ.
457 4408 768 4480 Αἰμιλιανοῦ
795 4408 856 4462 τὸ
884 4409 928 4480 β’
949 4411 1044 4464 καὶ
1088 4411 1381 4465 Ἀκυλίνου.

731 4524 818 4576 ΣΝ
823 4525 874 4577 Ζ¹
916 4523 1292 4577 ΟΛΥΜΠΙΑΣ.

227 4621 302 4672 Δ’.
335 4617 435 4671 ὑπ.
464 4615 652 4670 Δεκίου
681 4617 774 4670 καὶ
819 4614 1141 4686 Γρατιανοῦ.

229 4713 307 4766 Ε’.
338 4710 435 4764 ὑπ.
467 4707 674 4762 Γάλλου
708 4708 801 4762 καὶ
834 4707 1212 4762 Βολουσιανοῦ.

230 4805 325 4871 ς’.
347 4804 442 4856 ὑπ.
483 4800 834 4855 Βολουσιανοῦ
867 4801 927 4853 τὸ
955 4800 998 4871 β’
1019 4801 1114 4857 καὶ
1142 4799 1398 4870 Μαξίμου

339 4895 598 4959 Φίλιππος
629 4897 656 4948 ὁ
687 4895 901 4966 ἰουνίωρ
948 4892 1173 4956 πολλοὺς
1213 4890 1504 4962 συμϐαλὼν
1543 4889 1811 4960 πολέμους

231 4987 476 5056 εὐτυχῶς
525 4985 813 5058 ἐπραξεν·.
844 4985 938 5038 καὶ
992 4985 1067 5049 ὡς
1119 4984 1345 5055 πολεμεῖ
1395 4987 1506 5047 τοῖς
1549 4983 1807 5053 Γήπεσιν,

231 5078 586 5150 ὲκονδύλησεν
615 5081 644 5131 ὁ
692 5080 856 5140 ἵππος
879 5076 1066 5141 αὑτοῦ,
1099 5078 1192 5132 καὶ
1217 5074 1508 5147 συμπεσὼν
1530 5071 1678 5143 αὑτῷ
1708 5089 1812 5144 μηι

236 5169 532 5242 ρόκλαστος
571 5170 816 5238 ἐγένετοο
850 5169 947 5223 καί⁴
975 5166 1142 5222 ἐλθὼν
1185 5169 1244 5221 ἐν
1274 5168 1340 5238 τῇ
1379 5163 1585 5237 Ῥώμη,
1620 5164 1679 5231 ἐξ
1712 5165 1814 5217 αὑ-

231 5259 330 5313 τοῦ
363 5261 457 5314 τοῦ
488 5261 796 5333 κλάσματος
820 5261 1063 5332 τελευτᾷ,
1094 5260 1169 5315 ὣν
1189 5258 1324 5313 ὲτῶν
1353 5263 1453 5328 με’.

355 5352 636 5424 Ῥωμαίων
665 5359 757 5418 κς³
786 5351 1133 5407 ἐϐασίλευσεν
1165 5351 1351 5412 Δέκιος
1378 5348 1495 5412 ἔτος
1526 5354 1596 5402 α’.

233 5446 317 5500 A’.
351 5442 445 5496 ὑπ.
470 5441 658 5497 Δεκίου
694 5443 973 5515 Καίσαρος
993 5443 1088 5497 καὶ
1119 5441 1304 5496 Δεκίου
1336 5438 1451 5493 υἱοῦ
1479 5437 1662 5493 αὑτοῦ.

357 5534 616 5600 Ἐξελθὼν
646 5534 705 5587 δὲ
748 5535 777 5586 ὁ
805 5534 968 5597 αὑτὸς
1019 5533 1207 5597 Δέκιος
1257 5534 1338 5597 εἰς
1389 5532 1624 5603 πόλεμον
1670 5529 1826 5594 κατὰ,

235 5631 523 5705 Φράγκων,
565 5629 642 5692 ὡς
677 5629 994 5700 ἀπέρχεται,
1025 5629 1236 5699 ἐσφάγη
1263 5628 1400 5700 μετὰ
1422 5627 1515 5681 τοῦ
1549 5626 1666 5681 υἱοῦ
1703 5625 1811 5679 ὑπό

237 5741 382 5786 τινος
403 5722 512 5776 τῶν
535 5721 780 5793 ἐξάρχων
811 5723 868 5774 ὲν
904 5720 1164 5794 Ἀϐὑρτῳ,
1194 5719 1266 5774 ὢν
1292 5719 1423 5773 ἐτῶν
1462 5719 1524 5785 ξ’.

319 5861 395 5931 (1)
421 5861 531 5917 Imo
562 5861 855 5916 Feliciano.

1494 368 1994 432 CHRONICORUM
2033 375 2161 435 LIB.
2195 379 2237 438 1.

1834 495 1881 562 Δ
1919 498 2027 554 VII.
2062 498 2388 569 Pompeiano
2417 505 2471 554 et
2504 498 2848 570 Pelegmiano
2879 499 2956 571 (1)
2990 514 3135 556 coss.

3361 390 3466 450 506

1922 588 2057 644 VIII.
2090 590 2242 660 Lupo
2271 597 2323 644 et
2348 590 2581 647 Maximo
2613 608 2668 646 Ill
2705 608 2850 650 coss.

1919 681 2006 738 IX.
2037 681 2272 744 Maximo
2299 702 2352 741 iv
2381 694 2434 741 et
2469 684 2703 743 Paterno
2732 702 2876 744 coss.

2331 795 2546 852 GCLlIlv
2559 795 2930 857 OLYMPIAS.

1918 886 1983 941 Χ.
2022 888 2252 945 Maximo
2279 907 2311 945 v
2345 900 2398 945 et
2421 889 2640 952 Urbano
2669 907 2814 949 coss.

1916 983 2006 1038 XI.
2041 983 2243 1039 Severo
2265 993 2319 1040 et
2353 985 2646 1051 Quintiano
2676 1001 2821 1042 coss.

1916 1075 2032 1131 XII.
2063 1075 2297 1130 Maximo
2323 1093 2375 1130 vt
2407 1083 2460 1132 et
2491 1077 2750 1131 Africano
2782 1092 2928 1133 coss.

1918 1167 2057 1220 XIII.
2097 1167 2365 1236 Perpetuo
2392 1179 2446 1223 et
2471 1169 2722 1222 Cornelio
2759 1184 2901 1224 coss.

1979 1247 2259 1305 Praedictis
2285 1264 2430 1306 coss.
2459 1248 2764 1306 Alexander
2784 1249 3102 1306 interfectus
3121 1249 3306 1306 estaab
3323 1264 3477 1306 exer-

1907 1341 2040 1404 citu,
2071 1355 2195 1394 cum
2224 1351 2369 1396 esset
2395 1342 2451 1396 in
2476 1356 2577 1396 suo
2607 1341 2980 1406 tabernaculo,
3003 1341 3349 1412 Mogontiaci,
3379 1356 3477 1396 ana

1908 1447 2010 1487 nos
2044 1441 2158 1486 tum
2190 1439 2350 1487 natus
2376 1449 2514 1500 xxx;
2545 1433 2773 1503 ejusque
2803 1440 2976 1487 mater
3020 1431 3318 1495 Mammaza,
3353 1449 3476 1502 qua:

1908 1539 2030 1580 cum
2069 1524 2178 1578 ﬁlio
2209 1531 2348 1589 erat,
2375 1523 2515 1577 intra
2543 1523 2718 1594 ipsum
2751 1521 3159 1579 tabernaculum
3180 1524 3372 1594 laqueo
3392 1531 3478 1580 est

1909 1615 2190 1671 suliocata.

1977 1705 2348 1762 Romanorum
2372 1708 2668 1776 imperator
2687 1702 2874 1767 XXIII,
2892 1704 3216 1761 Maximinus
3233 1704 3370 1775 Aug.
3406 1705 3475 1760 ab

1910 1799 2154 1854 exercitu
2174 1798 2545 1864 renuntiatus,
2576 1797 2736 1852 annis
2767 1812 2843 1851 ιιι.

2381 1907 2588 1968 CCLIV.
2638 1907 3006 1971 OLYMPIAS.

1920 1998 1960 2055 I.
1997 1996 2217 2067 Ulpicio
2242 2002 2296 2052 et
2321 1993 2590 2048 Pontiano
2619 2009 2763 2049 coss.

1915 2089 1984 2145 11.
2013 2088 2289 2145 Gordiano
2311 2094 2365 2142 et
2386 2085 2573 2139 Aviola
2598 2100 2741 2140 coss.

1917 2179 2006 2234 ill.
2033 2179 2232 2232 Albino
2264 2184 2318 2231 et
2352 2175 2594 2229 Venusto
2625 2191 2766 2229 coss.

1968 2271 2066 2328 His
2092 2287 2236 2328 coss.
2262 2271 2532 2326 irruentes
2561 2269 2762 2325 milites
2797 2267 3143 2323 Maximinum
3172 2268 3474 2342 Augustum

1897 2369 2158 2441 Aquileia
2183 2367 2597 2431 interfecerunt,
2615 2381 2738 2421 cum
2766 2381 2968 2420 annum
3003 2373 3185 2435 ageret
3212 2365 3345 2420 ην.
3368 2365 3470 2420 Cui

1899 2465 2167 2520 successit
2195 2462 2491 2528 Balbinus;
2521 2475 2628 2531 quo
2656 2461 2876 2516 tertium
2910 2467 3033 2530 post
3064 2475 3303 2515 mensem
3361 2477 3468 2515 cae-.-

1899 2575 1983 2624 so,
2018 2554 2305 2626 imperium
2347 2553 2576 2623 adeptus
2598 2557 2681 2608 est
2709 2552 2955 2618 Publius,
2986 2553 3075 2623 qui
3098 2561 3222 2624 post
3253 2564 3474 2614 centum

1901 2647 2017 2702 dies
2046 2646 2250 2716 pariter
2280 2651 2363 2700 est
2387 2643 2765 2712 interemptus.

1972 2737 2342 2792 Romanorum
2362 2729 2638 2800 imperavit
2657 2732 3142 2791 XXIYGordianus
3162 2736 3363 2801 senior,
3384 2753 3498 2790 an--

1899 2846 1987 2884 1118
2023 2846 2096 2884 γι.

1907 2911 1949 2966 I.
1983 2911 2257 2968 Gordiano
2288 2912 2534 2983 Augusto
2556 2931 2588 2969 ιι
2617 2925 2670 2970 et
2700 2916 3027 2988 Pompeiano
3059 2937 3204 2978 coss.

2325 3002 2502 3059 CCLV
2538 3005 2910 3064 ()LYMPIAS.

1907 3092 1972 3148 II.
2000 3091 2181 3150 Attico
2211 3102 2268 3148 et
2294 3093 2594 3151 Praetexato
2633 3113 2779 3153 coss.

1824 3191 1868 3247 ο
1902 3184 1989 3240 111.
2021 3186 2316 3240 Aureliano
2351 3194 2406 3241 et
2436 3186 2619 3258 Pappo
2655 3205 2803 3245 coss.

1899 3276 1990 3334 I-V.
2025 3277 2318 3350 Peregrino
2352 3289 2406 3334 et
2441 3278 2737 3346 Emiliano
2766 3297 2910 3338 coss.

1903 3372 1970 3428 ν.
2004 3372 2253 3445 Philippo
2283 3382 2338 3432 et
2363 3372 2591 3428 Tatiano
2622 3389 2765 3430 coss.

2317 3485 2516 3542 CCLVI
2551 3486 2921 3544 ‘OLYMPIAS.

1899 3577 1983 3632 VI.
2021 3578 2290 3633 Pmsenle
2319 3590 2369 3633 et
2390 3580 2586 3634 Albino
2618 3596 2767 3637 coss.

1973 3677 2068 3732 llis
2095 3691 2241 3731 coss.
2259 3673 2569 3731 Gordianus
2593 3672 2776 3733 senior
2790 3685 2854 3726 ex
2877 3670 3066 3734 morbo
3095 3668 3350 3733 decessit,
3379 3685 3473 3731 an.

1902 3786 2065 3825 ιτωιιχ
2103 3775 2285 3822 natus.

1973 3860 2340 3915 Romanorum
2401 3857 2698 3928 imperator
2735 3852 2880 3909 XXV
2925 3853 3208 3924 Philippus
3255 3853 3464 3923 junior,

1903 3970 2012 4009 una
2037 3967 2161 4010 cum
2186 3951 2297 4006 lilio
2326 3949 2573 4022 Philippo
2596 3988 2612 4015 ,
2647 3946 2805 4002 annis
2835 3962 2910 4001 vi.

1915 4049 1955 4112 l.
1990 4048 2238 4121 Philippo
2265 4049 2510 4119 Augusto
2542 4064 2605 4114 ιι,
2633 4057 2687 4104 et
2715 4046 2965 4118 Philippo
2999 4047 3109 4102 ﬁlio
3137 4045 3258 4117 ejus
3285 4059 3456 4111 coss.,

1914 4230 1978 4287 Il.
2013 4230 2260 4302 Philippo
2301 4229 2546 4300 Augusto
2596 4246 2655 4286 ιιι
2701 4238 2755 4285 et
2802 4228 3050 4299 Philippo
3099 4227 3371 4298 lilioejus
3407 4239 3505 4294 Il,~

1915 4340 2330 4477 Illfogmiliano
2354 4431 2393 4469 ιι
2417 4426 2470 4470 et
2501 4414 2759 4484 Aquilino
2785 4428 2927 4467 coss.

2379 4504 2604 4565 CCLVII
2642 4500 3012 4559 OLYMPIAS.

1915 4597 2009 4653 Π.
2043 4597 2204 4654 Decio
2235 4605 2287 4652 et
2320 4595 2576 4653 Gratiano
2605 4609 2747 4651 coss.

1919 4692 1985 4749 ν.
2014 4693 2166 4751 Gallo
2194 4698 2250 4746 et
2281 4689 2577 4745 Volusiano
2613 4701 2758 4741 coss.

1918 4784 2005 4840 Vl.
2038 4783 2336 4839 Volusiano
2366 4799 2401 4838 ιι
2441 4790 2494 4835 et
2519 4779 2756 4836 Maxi'mo
2782 4791 2928 4830 coss.

1987 4877 2266 4947 Philippus
2305 4873 2489 4944 junior
2524 4871 2690 4926 multa
2722 4868 2859 4922 bella
2904 4861 3129 4919 feliciter
3153 4860 3395 4916 coniecit.
3435 4857 3510 4915 Is.

1918 4971 2046 5024 dum
2103 4975 2291 5023 contra
2349 4963 2580 5034 Gepidas
2633 4961 2946 5032 prmliatur,
2999 4971 3138 5025 equo
3194 4952 3515 5022 cespitante.

1921 5068 2129 5131 lapsus,
2159 5058 2335 5114 femur
2355 5057 2630 5120 contrivit,
2658 5051 2995 5120 Romamque
3027 5061 3300 5112 reversus,
3329 5058 3393 5100 ex
3423 5055 3494 5096 eo

1921 5155 2141 5209 vulnere
2168 5150 2418 5214 moritur,
2451 5163 2575 5203 cum
2598 5153 2745 5203 esset
2773 5157 3040 5201 annorum
3073 5154 3191 5194 xw.

1989 5339 2358 5394 Romanorum
2389 5333 2520 5403 imp.
2555 5347 2706 5396 xxvi,
2737 5327 2932 5384 Decius
2953 5341 3043 5380 an.
3072 5339 3112 5379 ι.

1914 5431 1956 5487 1.
1992 5431 2154 5485 Decio
2181 5429 2390 5483 Caesare
2418 5435 2472 5480 et
2497 5424 2659 5479 Decio
2688 5424 2797 5476 ﬁlio
2826 5421 2943 5489 ejus
2968 5431 3114 5472 coss.

1977 5530 2094 5600 Ipse
2125 5541 2256 5583 vero
2288 5524 2506 5590 Decius,
2545 5524 2673 5580 dum
2713 5520 2940 5578 Francis
2996 5519 3196 5574 bellum
3225 5517 3500 5576 illaturus.

1910 5622 2290 5696 proﬁciscitur,
2317 5621 2384 5674 ab
2413 5634 2522 5674 uno
2545 5633 2612 5673 ex
2643 5617 2956 5688 proceribus
2977 5628 3101 5671 cum
3129 5612 3239 5671 lilio
3267 5608 3471 5670 occidis

1911 5727 1998 5779 tur
2023 5716 2232 5788 Abyrti,
2265 5729 2437 5770 annos
2465 5720 2626 5768 natus
2660 5723 2750 5766 LX.
