4014 6236
185 327 224 381 5
235 329 250 380 Ι
261 327 298 381 3
1422 329 1768 388 CHRONICO

1842 332 1917 388 JM
1956 332 2084 390 LIB.
2126 333 2192 389 II.
3323 343 3427 398 5η

800 688 1653 875 EUSEBII
1757 684 2821 884 PAMPHILI

511 1009 1656 1162 CHRONICORUM
1730 1010 2203 1140 LIBER
2295 1011 3107 1146 SECUNDUS

873 1253 935 1315 S.
975 1249 1468 1329 HIERONYMO
1512 1249 2020 1312 INTERPRETE
2060 1250 2163 1310 ET
2206 1248 2734 1318 AMPLIATORE

1135 1413 1253 1500 {Ad
1282 1413 1536 1478 codices
1567 1411 1908 1494 vaticanos
1943 1429 2150 1492 nuper
2182 1419 2465 1478 exactus.

340 1720 651 1787 SANCTI
670 1718 1158 1784 HIERONYMI
1188 1715 1641 1778 PREFATIO
1669 1717 1769 1780 IN
1793 1714 2124 1788 LIBRUM
2146 1716 2220 1777 ΙΙ
2250 1715 2868 1782 CHRONICORUM
2889 1717 3240 1782 EUSEBII

334 1887 680 1944 HIEBONYIUS
717 1883 1016 1940 Vlacea'rio
1037 1897 1110 1940 ar
1145 1881 1384 1939 GALIENO
1422 1897 1535 1938 suns
1570 1896 1834 1940 SALUTEM.

246 2024 301 2079 i.
325 2022 495 2080 Vetus
514 2024 617 2080 iste
645 2023 973 2079 disertorum
996 2038 1117 2080 mos
1144 2023 1267 2088 fuit,
1296 2031 1358 2077 ut
1379 2021 1672 2079 exercendi
1700 2021 1899 2094 ingenii
1929 2035 2094 2077 causa
2115 2021 2332 2076 Graecos
2359 2021 2530 2078 libros
2552 2021 2747 2080 Latino
2769 2037 3021 2080 sermone
3045 2023 3415 2089 absolverent,

161 2125 251 2182 et,
281 2117 428 2188 quod
453 2117 576 2188 plus
605 2118 660 2172 in
695 2134 753 2174 se
786 2117 1117 2175 diﬁicnltatis
1155 2119 1336 2184 habet,
1354 2125 1604 2189 poemata
1628 2117 1918 2173 illustrium
1953 2118 2215 2182 virorum,
2248 2118 2434 2174 addita
2462 2119 2622 2174 metri
2653 2099 3000 2188 necessitate,
3028 2118 3412 2176 transferrent.

164 2209 336 2268 Unde
367 2220 423 2267 et
452 2220 642 2270 noster
672 2211 882 2269 Tullius
906 2211 1150 2270 Platonis
1171 2213 1412 2284 integros
1439 2212 1608 2268 libros
1640 2211 1707 2266 ad
1739 2212 1962 2267 verbum
1994 2212 2383 2282 interpretatus
2412 2219 2498 2268 est
2530 2230 2544 2267 :
2576 2219 2779 2268 etcum
2807 2212 3033 2267 Aratum
3062 2213 3175 2282 jam
3214 2211 3415 2268 Roma-

159 2323 308 2362 num
339 2308 668 2382 hexametris
691 2310 940 2366 versibus
968 2309 1248 2376 edidisset,
1303 2310 1360 2364 in
1397 2308 1772 2380 Xenophontis
1813 2306 2165 2363 (Economico
2195 2308 2325 2363 lusit
2361 2325 2375 2362 :
2420 2307 2476 2361 in
2523 2321 2632 2378 quo
2682 2322 2843 2377 opere
2875 2307 2950 2361 ita
3002 2321 3144 2378 saepe
3189 2321 3416 2363 aureum

160 2395 312 2450 illud
338 2396 538 2454 ﬂumen
565 2397 885 2468 eloquentiae
905 2397 1232 2468 quibusdam
1264 2396 1475 2453 scabris
1507 2406 1562 2453 et
1590 2396 1916 2452 turbulentis
1937 2396 2185 2458 obicibus
2216 2395 2544 2464 retardatur,
2561 2404 2622 2452 ut
2648 2397 2742 2469 qui
2768 2397 3119 2467 interpretata
3141 2398 3429 2467 nesciunt,-

157 2502 206 2541 a
230 2487 496 2544 Cicerone
527 2489 671 2548 dicta
700 2505 812 2544 non
831 2488 1075 2545 credant.
1109 2488 1333 2546 Diﬁicile
1357 2496 1442 2546 est
1463 2491 1609 2545 enim
1643 2489 1850 2546 alienas
1875 2489 2046 2546 lineas
2076 2492 2451 2560 insequentem
2475 2506 2584 2547 non
2613 2490 2816 2546 alicubi
2841 2490 3132 2548 excedere:
3157 2491 3411 2556 arduum,

159 2589 236 2642 ut
264 2597 388 2652 qua
418 2583 474 2637 in
522 2582 695 2638 aliena
723 2583 905 2654 lingua
933 2583 1252 2639 benedicta
1286 2592 1435 2650 sunt,
1489 2583 1738 2640 eumdem
1764 2584 2014 2639 decorem
2068 2584 2125 2638 in
2149 2585 2508 2641 translatione
2536 2595 2884 2646 conservent.
2923 2585 3296 2657 Signiﬁcatum
3332 2597 3419 2643 est

156 2677 383 2748 aliquid
433 2677 596 2735 unius
636 2678 788 2735 verbi
819 2679 1179 2749 proprietate;
1209 2693 1320 2733 non
1349 2678 1522 2734 habeo
1548 2693 1728 2734 meum
1758 2694 1868 2748 quo
1898 2678 1954 2732 id
1997 2676 2216 2734 elferam
2242 2695 2258 2746 ;
2307 2686 2361 2735 et
2415 2677 2544 2734 dum
2591 2695 2779 2750 quacro
2807 2679 3034 2749 implere
3065 2682 3412 2746 sententiam,

157 2772 336 2843 longo
355 2771 561 2826 ambitu
580 2771 682 2826 'vix
710 2769 890 2828 brevis
916 2771 1017 2826 via:
1042 2771 1214 2844 spatia
1242 2785 1582 2828 consumma.
1600 2769 1879 2826 Accedunt
1899 2770 2316 2843 hyperbatorum
2337 2770 2640 2838 anfractus,
2662 2771 3134 2831 dissimilitudines
3163 2790 3414 2842 casuum,

155 2867 410 2926 varietas
443 2866 737 2938 ﬁgurarum
771 2885 786 2921 :
838 2867 1016 2938 ipsum
1048 2874 1323 2937 postremo
1361 2881 1540 2932 suum,
1572 2876 1646 2933 et,
1700 2874 1760 2921 ut
1792 2867 1867 2921 ita
1897 2867 2098 2934 dicam,
2129 2869 2481 2924 vernaculum
2524 2867 2721 2939 linguas
2763 2883 2952 2937 genus.
2988 2869 3045 2924 Si
3093 2869 3160 2924 ad
3193 2872 3414 2927 verbum

158 2956 521 3028 interpretor,
544 2958 780 3023 absurde
808 2970 1030 3014 resonat
1062 2979 1076 3014 :
1113 2959 1161 3015 si
1184 2960 1255 3015 ob
1283 2959 1668 3016 necessitatem
1701 2958 1906 3030 aliquid
1943 2958 2002 3015 in
2027 2959 2218 3016 ordine
2236 2960 2320 3016 vel
2359 2960 2416 3015 in
2447 2973 2698 3024 sermone
2728 2967 3029 3028 mutavere,
3057 2963 3124 3018 ab
3152 2963 3416 3035 interpre-

157 3054 243 3108 tis
279 3051 508 3108 videbor
537 3052 714 3107 oﬂicio
736 3054 1050 3112 recessisse.

241 3147 296 3202 2.
329 3145 539 3218 Itaque,
563 3147 637 3202 mi
671 3146 927 3203 Vincenti
955 3149 1300 3214 charissime,
1323 3156 1376 3205 et
1400 3155 1461 3204 tu
1484 3148 1708 3204 Galiene
1735 3163 1863 3220 pars
1887 3148 2080 3205 animae
2108 3164 2260 3212 meae,
2279 3148 2528 3215 obsecro,
2563 3157 2622 3203 ut
2654 3148 2918 3221 quidquid
2944 3150 3045 3205 hoc
3071 3151 3414 3206 tumultuarii

175 3245 355 3314 operis
388 3253 493 3310 est,
545 3245 867 3310 amicorum,
897 3261 1006 3300 non
1035 3244 1282 3315 judicum
1317 3245 1500 3299 animo
1528 3245 1782 3316 relegatis
1817 3265 1829 3299 :
1865 3245 2166 3314 praesertim
2198 3260 2324 3300 cum
2355 3251 2410 3300 et
2452 3244 2701 3310 notario,
2741 3251 2800 3299 ut
2840 3245 3012 3308 scitis,
3069 3245 3411 3302 velocissime

169 3337 518 3402 dictaverim,
548 3343 601 3392 et
633 3335 1000 3392 diﬁicultatem
1033 3335 1111 3391 rei
1143 3334 1307 3390 etiam
1341 3333 1650 3390 divinorum
1689 3333 2027 3390 voluminum
2085 3332 2449 3389 instrumenta
2499 3341 2790 3400 testentur,
2843 3351 2963 3405 quae
3015 3351 3044 3390 a
3103 3333 3243 3391 LXX
3323 3335 3412 3392 In-

164 3435 507 3506 terpretibus
537 3434 703 3500 edita,
737 3449 848 3488 non
878 3431 1128 3489 eumdem
1157 3445 1407 3500 saporem
1442 3430 1499 3485 in
1550 3428 1739 3485 Graeco
1787 3443 2038 3486 sermone
2093 3428 2430 3485 custodiunt.
2467 3427 2831 3499 Quamobrem
2883 3430 3112 3500 Aquila,
3146 3441 3200 3487 et
3254 3430 3414 3504 Symo

163 3527 425 3591 machus,
449 3534 502 3582 et
539 3523 1106 3595 TheodotiO'incitati,
1141 3522 1416 3579 diversum
1450 3537 1586 3595 pene
1616 3537 1753 3591 opus
1789 3520 1848 3576 in
1878 3519 2064 3578 eodem
2089 3536 2254 3591 opere
2286 3519 2644 3592 prodiderunt
2677 3538 2690 3574 :
2724 3520 2830 3575 alio
2857 3520 3062 3576 nitente
3089 3523 3313 3577 verbum
3342 3524 3410 3579 de

164 3623 338 3680 verbo
369 3621 695 3691 exprimere,
726 3619 834 3674 alio
859 3633 1078 3674 sensum
1111 3616 1290 3686 potius
1326 3615 1500 3684 sequi,
1531 3615 1690 3670 tertio
1725 3628 1832 3668 non
1866 3613 2099 3668 multum
2139 3628 2170 3667 a
2203 3612 2482 3669 veteribus
2522 3612 2852 3684 discrepare.
2889 3612 3089 3679 Quinta
3123 3625 3322 3681 autem,
3354 3630 3410 3676 et

163 3721 348 3776 sexta,
368 3719 421 3765 et
457 3708 683 3781 septima
704 3707 893 3771 editio,
925 3706 1052 3762 licet
1077 3705 1277 3776 quibus
1305 3711 1631 3772 censeantur
1667 3704 2004 3768 auctoribus,
2027 3704 2331 3776 ignoretur,
2367 3711 2549 3759 tamen
2592 3705 2667 3780 ita
2699 3705 3030 3775 probabilem
3057 3707 3141 3763 sui
3179 3709 3409 3765 diversi-

164 3816 336 3863 tatem
364 3810 570 3869 tenent,
598 3809 657 3856 ut
691 3801 1068 3856 auctoritatem
1104 3801 1224 3856 sine
1255 3799 1570 3866 nominibus
1597 3800 1917 3855 meruerint.
1935 3797 2066 3854 Inde
2098 3799 2236 3856 adeo
2263 3801 2432 3864 venit,
2453 3808 2510 3855 ut
2537 3813 2709 3856 sacrae
2733 3800 2924 3856 litterae
2952 3801 3134 3857 minus
3157 3811 3405 3873 compta,

164 3906 223 3954 et
243 3898 384 3952 dure
410 3902 665 3952 sonantes
696 3894 1010 3961 videantur;
1036 3893 1181 3964 quod
1217 3893 1309 3949 isti
1340 3892 1590 3949 homines
1617 3893 1998 3964 interpretatas
2023 3908 2116 3948 eas
2148 3892 2215 3948 de
2247 3891 2472 3948 Hebraeo
2503 3892 2830 3959 nescientes,
2866 3892 2996 3949 dum
3042 3895 3405 3965 superﬁciem,

164 4003 281 4046 non
336 3986 628 4041 medullam
657 3984 973 4055 inspiciunt,
1009 3992 1135 4039 ante
1171 3984 1328 4054 quasi
1353 3990 1557 4039 vestem
1595 3983 1860 4039 orationis
1893 3984 2169 4039 sordidam
2198 3984 2644 4053 perhorrescunt,
2686 4001 2844 4056 quam
2888 3987 3174 4056 pulchrum
3207 3988 3407 4044 intrin-

167 4096 334 4138 secus
359 4094 541 4135 rerum
575 4093 772 4149 corpus
803 4077 1100 4132 inveniant.
1130 4075 1372 4147 Denique
1399 4075 1528 4147 quid
1557 4075 1822 4143 Psalterio
1851 4075 2126 4140 canorius,
2161 4075 2308 4146 quod
2339 4077 2393 4131 in
2428 4093 2633 4132 morem
2682 4079 2855 4136 nostri
2875 4077 3085 4144 Flacci,
3135 4087 3188 4134 et
3231 4079 3400 4136 Graeci

167 4176 418 4240 Pindari,
452 4190 597 4229 nunc
640 4174 822 4228 iambo
853 4172 1045 4238 currit,
1095 4187 1240 4226 nunc
1267 4157 1488 4242 Alcaico
1530 4177 1809 4241 personat,
1860 4186 2008 4225 nunc
2040 4169 2312 4241 Sapphico
2361 4179 2554 4236 tumet,
2585 4189 2733 4228 nunc
2759 4173 3032 4242 semipede
3069 4173 3408 4244 ingreditur?

170 4253 313 4337 Quid
339 4266 742 4322 Deuteronomii
767 4274 821 4320 et
852 4262 1002 4318 Isaiae
1022 4262 1237 4318 cantico
1257 4263 1577 4333 pulchrius?
1606 4262 1746 4331 Quid
1788 4262 2079 4318 Salomone
2117 4262 2376 4334 gravius?
2397 4261 2538 4328 Quid
2573 4264 2868 4334 perfectius
2896 4263 3036 4320 Job?
3061 4265 3191 4332 Quae
3221 4266 3404 4322 omnia

169 4359 503 4418 hexametris
534 4365 587 4412 et
617 4355 970 4428 pentametris
1006 4354 1271 4418 versibus,
1299 4361 1358 4407 ut
1383 4353 1652 4425 Iosephus
1685 4362 1739 4410 et
1771 4353 2034 4424 Origenes
2088 4356 2355 4420 scribunt,
2403 4357 2544 4426 apud
2598 4373 2728 4413 suos
2760 4359 3058 4428 composita
3083 4360 3401 4416 decurrunt.

170 4454 298 4508 Haec
329 4466 455 4508 eum
487 4450 668 4506 Graece
700 4449 949 4519 legimus,
983 4445 1128 4499 aliud
1157 4443 1414 4515 quiddam
1435 4455 1652 4514 sonant,
1683 4459 1808 4500 cum
1841 4445 2051 4510 Latine,
2083 4446 2300 4516 penitus
2327 4462 2434 4502 non
2458 4447 2753 4502 cohaerent.
2787 4446 2944 4516 Quod
2975 4451 3020 4503 si
3060 4450 3148 4504 cui
3181 4466 3290 4504 non
3321 4450 3403 4505 vi-

170 4549 329 4604 detur
349 4544 554 4619 linguai:
583 4545 811 4619 gratiam
861 4541 1311 4613 interpretatione
1337 4541 1558 4605 mutari,
1589 4540 1882 4597 Homerum
1917 4541 1984 4595 ad
2031 4542 2259 4596 verbum
2305 4541 2576 4616 exprimat
2623 4542 2677 4597 in
2711 4542 2984 4598 Latinum.
3014 4541 3143 4598 Plus
3195 4544 3401 4614 aliquid

170 4643 370 4704 dicam,
401 4640 649 4696 eumdem
682 4639 736 4693 in
773 4651 870 4692 sua
887 4637 1082 4708 'lingua
1107 4649 1283 4706 prosae
1307 4635 1489 4692 verbis
1522 4636 1932 4707 interpretetur,
1963 4635 2165 4704 videbit
2188 4634 2435 4691 ordinem
2457 4635 2784 4702 ridiculum,
2821 4643 2874 4690 et
2901 4642 3116 4706 poetam
3143 4635 3402 4707 eloquen-

169 4735 446 4806 tissimum
475 4735 568 4788 vix
602 4734 928 4803 loquentem.
3393 4739 3396 4742 ’

239 4833 296 4887 5.
332 4830 602 4896 (horsum
636 4825 775 4883 ista?
808 4823 1066 4882 Videlicet
1099 4831 1158 4876 ut
1187 4838 1295 4878 non
1329 4823 1482 4878 vobis
1535 4823 1734 4877 mirum
1773 4821 2040 4890 videatur,
2089 4821 2136 4878 si
2181 4821 2383 4888 alicubi
2434 4820 2780 4887 oﬂendimus,
2819 4821 2865 4876 si
2895 4821 3048 4876 tarda
3080 4822 3255 4880 oratio
3305 4831 3400 4878 aut

169 4924 594 4985 consonantibus
629 4928 932 4991 asperatur,
958 4921 1053 4972 aut
1081 4916 1360 4972 vocalibus
1391 4915 1574 4970 hiulca
1605 4915 1688 4970 vel
1717 4914 1892 4971 divisa
1927 4913 2005 4980 ﬁt,
2039 4923 2133 4968 aut
2161 4928 2341 4969 rerum
2383 4913 2624 4986 ipsarum
2671 4913 2934 4968 brevitate
2982 4914 3396 4982 constringitur,

171 5035 298 5083 cum
325 5002 676 5073 eruditissimi
709 5011 955 5068 homines
985 5011 1042 5066 in
1070 5010 1259 5066 eodem
1287 5025 1451 5080 opere
1480 5009 1813 5076 sudaverint,
1876 5017 1930 5064 et
1953 5008 2019 5063 ad
2041 5023 2383 5064 communem
2414 5007 2811 5072 difﬁcultatem,
2851 5023 3014 5079 quam
3047 5009 3102 5064 in
3126 5011 3274 5065 omni
3313 5010 3399 5065 in-

171 5109 558 5182 terpretatione
583 5105 790 5160 causali
828 5119 1039 5169 sumus,
1075 5101 1180 5159 hoc
1204 5101 1362 5158 nobis
1385 5102 1664 5172 proprium
1699 5101 1954 5166 accedat,
1989 5099 2131 5171 quod
2165 5100 2396 5161 historia
2444 5100 2726 5170 multiplex
2764 5109 2880 5176 est,
2929 5101 3136 5158 habens
3166 5102 3395 5158 barbara

169 5205 414 5270 nomina,
437 5218 528 5259 res
557 5199 860 5270 incognitas
879 5197 1105 5263 Latinis,
1138 5211 1395 5250 numeros
1419 5195 1842 5258 inextricabiles,
1870 5193 2111 5264 virgulas
2143 5191 2305 5254 rebus
2333 5192 2540 5263 pariter
2581 5208 2645 5247 ac
2675 5194 2920 5249 numeris
2962 5195 3299 5262 intertextas,
3333 5204 3397 5253 ut

169 5313 310 5369 pene
336 5289 606 5350 diﬁicilius
633 5293 704 5357 sit
745 5290 956 5362 legendi
984 5289 1232 5364 ordinem
1260 5287 1474 5344 discere
1515 5301 1678 5358 quam
1710 5287 1778 5340 ad
1827 5285 2078 5341 lectionis
2110 5285 2358 5340 notitiam
2390 5284 2693 5353 pervenire.
2751 5283 2823 5340 Ut
2869 5293 3050 5344 autem
3103 5287 3395 5346 manifesto

167 5397 530 5464 cognoscatur
551 5385 771 5450 indicio,
796 5383 864 5438 ad
898 5397 1058 5455 quem
1078 5395 1364 5437 numerum
1384 5379 1614 5435 historia
1645 5392 1873 5450 quaeque
1904 5378 2188 5448 pertineat,
2229 5377 2327 5431 has
2360 5376 2734 5438 distinctiones
2759 5378 2966 5447 positas
3001 5378 3168 5433 lector
3200 5380 3394 5436 adver-

169 5494 266 5548 tat,
299 5493 358 5538 ut
388 5483 434 5537 si
464 5481 529 5535 ad
559 5480 791 5550 primum
827 5487 1112 5532 numerum
1132 5472 1283 5544 regni
1316 5472 1569 5542 primitus
1593 5472 1798 5527 enotati
1819 5470 2045 5528 historia
2069 5468 2357 5541 referenda
2378 5476 2482 5532 est,
2519 5468 2748 5539 primam
2777 5469 3012 5526 litteram
3039 5471 3093 5524 in
3134 5474 3396 5546 explana-

170 5575 317 5631 tione
351 5574 589 5629 historia:
619 5569 1008 5640 contempletur
1041 5584 1057 5622 :
1083 5573 1136 5622 et
1165 5563 1431 5634 siquidem
1460 5579 1580 5619 eam
1600 5580 1667 5620 ex
1699 5563 1868 5618 minio
1913 5562 2127 5626 viderit,
2153 5561 2230 5616 illi
2262 5559 2492 5631 tempori
2535 5561 2911 5632 applicandam
2942 5562 3025 5617 vel
3055 5579 3200 5620 anno
3231 5555 3394 5634 sciat,

169 5681 328 5736 quem
355 5662 687 5735 suggesserit
708 5675 965 5716 numerus
993 5658 1242 5716 similiter
1278 5659 1466 5713 eodem
1488 5657 1657 5715 minio
1687 5657 1970 5729 ﬁguratus.
2003 5656 2061 5711 Si
2098 5671 2228 5712 vero
2253 5672 2535 5711 numerum
2582 5671 2691 5711 non
2724 5671 2862 5728 puro
2882 5655 3072 5723 minio,
3103 5657 3198 5715 sed
3229 5661 3394 5717 misto

170 5759 327 5832 nigro
359 5763 606 5816 notatum
639 5764 761 5812 esse
783 5752 1100 5832 perviderit,
1129 5752 1380 5808 secundae
1403 5751 1558 5817 lineae
1583 5765 1809 5806 numero
1839 5749 2064 5807 debetur
2086 5749 2407 5806 bistoria.bi
2431 5756 2610 5806 autem
2640 5750 2804 5806 tertio
2831 5764 3182 5809 numerorum
3211 5750 3392 5808 ordini
