3928 6220
610 369 724 439 ’325

617 496 889 552 Abraham
928 493 1051 551 Nini
1094 502 1251 551 aetate
1281 493 1617 567 generatum,
1646 495 1801 566 juxta
1833 509 1957 550 eum
1995 501 2173 550 tamen
2205 500 2250 556 Α

612 596 923 647 numerum,
945 597 1105 650 (ptem
1137 586 1547 640 contmetiorem
1580 587 1814 643 editione
1834 591 2045 660 vulgata
2068 605 2178 645 ser-

611 684 704 724 mo
738 671 936 740 praebet
970 669 1241 729 Hebraeus.
1275 675 1464 729 Verum
1498 669 1960 750 incUrioSitateu)
1985 695 2173 736 neces-

605 777 723 832 ses;
749 774 800 818 et
823 779 945 819 cum
968 762 1207 819 divinam
1231 767 1566 836 Scripturam
1587 768 1868 837 diligenter
1885 771 2166 835 evolveris,

604 865 636 912 a‘
671 856 946 911 nativitate
970 854 1198 911 Abrahae
1222 869 1392 926 usque
1416 857 1482 912 ad
1510 858 1677 914 totius
1703 860 1851 915 orbis
1881 860 2163 927 diluvium,

611 950 855 1006 invenies
885 955 1182 1004 retrorsum
1201 962 1374 1004 annos
1403 945 1697 1003 nccccmt.
1721 948 1850 1005 ltem'
1883 966 1914 1005 a
1945 950 2168 1018 diluvio,
2207 1014 2212 1020 ρ

608 1047 783 1112 usque
807 1033 876 1094 ad
912 1039 1081 1095 Adam
1106 1055 1379 1107 uuccntt,
1413 1041 1468 1094 in
1500 1041 1699 1111 quibus
1730 1045 1747 1064 ‘
1771 1041 1918 1096 nulla
1957 1043 2171 1112 penitus

608 1148 709 1188 nec
736 1131 944 1197 Graeca,
976 1147 1075 1186 nec
1101 1133 1348 1198 barbara,
1375 1141 1448 1197 et,
1473 1140 1531 1186 ut
1562 1133 1753 1203 loquar
1781 1131 1836 1187 in
1860 1148 2167 1202 commune,

611 1225 833 1296 gentilis
869 1223 1140 1278 invenitur
1164 1223 1413 1278 historia.

679 1312 731 1368 6.
769 1313 1130 1380 Quamobrem
1174 1329 1412 1383 praesens
1443 1313 1761 1384 opusculum
1792 1313 1860 1367 ab
1896 1308 2168 1370 Abraham

607 1415 661 1462 et
681 1395 822 1460 Nino
843 1420 1015 1475 usque
1041 1406 1109 1460 ad
1129 1416 1368 1460 nostram
1396 1412 1606 1460 aztatem
1637 1401 1893 1459 inferiora
1928 1409 2167 1474 tempora

604 1492 993 1567 persequetur:
1027 1503 1081 1551 et
1110 1495 1291 1550 statim
1322 1495 1378 1549 in
1410 1495 1675 1564 principio
1715 1495 1798 1550 sui
1820 1493 2166 1550 Hebraeorum

603 1588 896 1651 Abraham,
933 1587 1278 1660 Assyriorum
1311 1587 1512 1642 Ninum
1557 1596 1609 1644 et
1649 1587 1990 1643 Semiramim
2037 1601 2167 1659 pro-

602 1691 801 1752 ponet:
850 1681 980 1752 quia
1016 1683 1056 1703 “
1083 1679 1259 1751 neque
1299 1680 1634 1736 Athenarum
1677 1680 1855 1734 adhuc
1885 1675 2041 1744 urbs,
2073 1696 2168 1735 ne-

603 1790 708 1847 que
735 1775 1055 1846 Argivorum
1090 1789 1313 1845 regnum
1359 1788 1557 1828 nomen
1585 1781 1897 1844 acceperat,
1925 1773 2057 1827 solis
2083 1769 2165 1826 Si-

600 1866 814 1938 cyoniis
835 1866 889 1920 in
906 1863 1111 1920 Graecia
1133 1865 1484 1930 ﬂorentibus;
1511 1863 1654 1935 apud
1676 1879 1815 1934 quos
1831 1863 2168 1934 temporibus
2201 1848 2242 1902 Β

597 1949 831 2013 Abrahae.
881 1965 935 2012 et
964 1956 1087 2011 Nini
1129 1953 1400 2028 Europem
1444 1955 1743 2011 secundum
1783 1971 2043 2025 regnasse
2093 1955 2164 2012 fe-

595 2058 745 2105 runt.
778 2047 933 2115 Quod
957 2063 1055 2102 cur
1083 2048 1245 2102 etiam
1281 2051 1383 2102 nos
1414 2058 1688 2116 putemus,
1715 2062 1781 2101 ex
1810 2047 2163 2116 sequentibus

595 2140 1074 2198 demonstrabitur.
1095 2138 1151 2194 Si
1180 2137 1322 2195 enim
1334 2139 1620 2209 diligenter
1641 2153 1928 2193 enumeres
1954 2138 2022 2192 ab
2038 2139 2164 2192 ulti-

594 2248 682 2288 ma
696 2239 851 2286 aetate
869 2229 990 2284 Nini
1012 2235 1183 2301 usque
1214 2231 1281 2284 ad
1306 2225 1482 2298 Troja:
1499 2228 1890 2299 captivitatem,
1917 2230 2161 2285 invenies

594 2336 1115 2378 annosncccxxxtv.
1150 2315 1280 2375 item
1306 2321 1363 2374 in
1400 2317 1634 2390 Sicyone
1656 2319 1723 2373 ab
1753 2334 1898 2374 anno
1934 2336 2045 2374 xm
2076 2336 2162 2376 re-

592 2405 674 2485 gis
698 2411 929 2484 Europis
965 2428 1135 2483 usque
1170 2411 1239 2466 ad
1266 2412 1640 2483 supradictum
1681 2419 1915 2482 tempus,
1939 2413 2160 2468 eosdem

590 2521 765 2562 annos
793 2505 1036 2560 invenies
1065 2519 1382 2561 ncccxxxrv.
1420 2497 1577 2574 Apud
1601 2503 1856 2560 Hebraeos
1883 2521 2100 2577 quoque
2127 2522 2160 2562 a

589 2595 876 2675 nativitate
906 2597 1138 2652 Abrahae
1170 2595 1343 2666 usQue
1385 2597 1453 2651 ad
1481 2595 1704 2653 Labdo'n
1736 2605 1790 2652 et
1820 2597 2159 2668 Samsonju-

588 2678 736 2747 dices
764 2687 1135 2757 Hebraéorum,
1167 2689 1258 2760 qui
1287 2688 1539 2758 Trojanis
1582 2681 1919 2760 temporibus
1959 2691 2158 2760 populo

587 2783 941 2856 praefuerunt.
960 2797 1114 2852 aeque
1143 2783 1462 2852 'supputabis
1484 2793 1657 2836 annos
1673 2794 1990 2837 ncccxxxrv.
2025 2781 2154 2836 item

588 2874 730 2946 'apud
766 2873 1050 2946 Egyptios
1084 2876 1153 2929 ab
1174 2879 1330 2930 astate
1363 2875 1486 2929 Nini
1530 2883 1584 2930 et
1618 2873 2012 2941 Semiramidis,
2047 2891 2156 2947 quo

587 2971 833 3037 tempore
861 2973 1013 3021 sexta
1046 2966 1256 3019 deeima
1281 2966 1393 3035 jam
1424 2967 1674 3038 dynastia
1710 2965 1924 3022 Thehaei
1984 2949 2156 3038 Egy-

586 3058 716 3133 ptiis
745 3058 1102 3128 imperabant,
1135 3073 1306 3127 usque
1331 3057 1399 3112 ad
1434 3059 1747 3113 vicesimam
1765 3060 2069 3130 dynastiam
2102 3069 2155 3114 et

586 3167 766 3222 regem
797 3149 1011 3220 Egypti
1041 3147 1304 3211 Thuorin,
1329 3148 1420 3217 qui
1451 3148 1518 3202 ab
1546 3142 1780 3203 Homero
1801 3149 2035 3220 Polybus
2059 3165 2153 3204 vo-

585 3253 762 3312 catur,
823 3244 925 3299 sub
949 3257 1056 3312 quo
1109 3243 1270 3296 etiam
1301 3241 1464 3311 Troja
1497 3249 1650 3311 capta
1684 3250 1786 3306 est,
1823 3243 2151 3311 colliguntur
2179 3230 2219 3287 (Σ

585 3333 885 3405 supradicti
916 3333 1044 3387 anni
1075 3341 1393 3387 ncccxxxrv.
1423 3331 1591 3400 igitur
1618 3338 2015 3400 consequenter
2045 3348 2154 3387 uno

585 3424 885 3495 eodemque
913 3433 1156 3494 tempore
1184 3423 1239 3478 in
1284 3423 1450 3477 libelli
1491 3422 1667 3477 fronte
1697 3424 1950 3492 ponimus
1980 3424 2155 3478 Abra-

586 3514 734 3580 ham,
779 3514 998 3577 Ninum,
1033 3514 1398 3579 Semiramim,
1443 3513 1734 3584 Europem,
1774 3514 2154 3587 Egyptiorum

585 3600 868 3662 Thebaeos.
903 3605 968 3659 Et
1002 3605 1112 3661 hrec
1140 3605 1356 3677 quidem
1390 3608 1464 3662 ita
1509 3611 1568 3663 Se
1609 3608 1831 3673 habere,
1863 3617 1922 3663 ut
1949 3610 2157 3680 praalati

585 3713 798 3762 sumus,
831 3695 1101 3769 posterior
1129 3706 1308 3754 textus
1329 3707 1583 3769 exponet.

658 3789 707 3842 7.
741 3789 894 3844 Nunc
945 3790 1077 3845 illud
1117 3792 1172 3850 in
1201 3806 1329 3846 cura
1359 3799 1462 3856 est,
1501 3799 1559 3846 ut
1588 3792 1750 3848 etiam
1800 3791 2147 3848 Hebraeorum

585 3890 760 3936 annos
789 3881 843 3936 in
872 3872 1104 3952 quatuor
1141 3892 1384 3953 tempora
1407 3882 1732 3938 dividamus.
1766 3882 1847 3937 Ab
1875 3884 2149 3939 Abraham

588 3987 762 4042 usque
787 3972 854 4027 ad
883 3971 1136 4044 Moysen;
1170 3989 1200 4028 a
1230 3973 1412 4045 Moyse
1441 3988 1614 4043 usque
1658 3973 1724 4028 ad
1757 3975 1985 4044 primam
2020 3977 2151 4030 aedi—

585 4056 894 4121 ﬁcationem
951 4066 1172 4137 templi;
1237 4081 1266 4121 a
1319 4067 1495 4137 prima
1544 4066 1902 4123 aediﬁcatione
1965 4070 2148 4140 tcmpii

581 4221 640 4308 δὲ
665 4220 772 4308 (in?
799 4220 1261 4308 tagionkwgéwoi
1287 4222 1439 4308 ἔξους
1463 4221 1564 4292 τῆς
1589 4222 1873 4308 ιςέκροπος
1887 4223 2161 4308 fast-latet;

2268 4221 2583 4308 a‘dvroeéew
2612 4229 2800 4301 χρόνον
2833 4230 3332 4308 ἀπᾳριθμορμενοςλ,
3366 4240 3458 4292 ἐπὶ
3489 4242 3651 4295 Νῖνον
3679 4245 3868 4308 ἥξεις

584 4289 675 4343 τὸν
695 4290 1022 4390 λἈο-εύριον,
1063 4291 1120 4344 ὃν
1152 4292 1363 4363 πρῶτόν
1409 4289 1572 4361 φασὶν
1613 4289 1829 4363 ἀπάσης
1852 4289 1950 4363 τῆς
1996 4295 2196 4360 Ἀσίας,
2233 4297 2366 4368 πλὴν
2405 4289 3065 4372 Ἰνδῶν,”ἑςεκρατηκέίιαι’·
3097 4289 3237 4360 (hoc:

584 4373 688 4390 υ-.
749 4379 934 4390 --....-..
1228 4388 1232 4390 .
3820 4371 3837 4390 ι

583 4361 726 4414 κατὰ
749 4361 955 4414 τοῦὲον.
1034 4402 1048 4416 .

1245 378 1512 443 unseen
1552 370 2029 436 cassamstrs
2065 375 2216 434 ore.
2254 368 2436 432 PARS
2469 374 2512 429 ι.
2552 389 2618 415 —-
2659 373 3045 430 msromca.
3070 352 3100 366 ‘

3739 373 3843 428 3‘21

2277 506 2451 562 usque
2474 491 2540 545 ad
2566 490 2857 546 secundam
2880 486 3330 544 instaurationem
3362 487 3510 558 ejus;
3538 489 3605 544 ab
3633 490 3846 545 instau-

2277 584 2491 638 ratione
2517 581 2636 651 ejus
2665 595 2840 651 usque
2871 581 2938 635 ad
2968 581 3258 636 adventum
3288 580 3523 637 Domini.
3561 581 3606 634 A
3640 585 3842 637 nativi-

2273 682 2386 729 tate
2429 674 2629 744 quippe
2660 673 2890 727 Abrahae
2920 686 3090 743 usque
3113 673 3180 728 ad
3215 672 3452 745 Moysem
3481 683 3533 730 et
3560 691 3844 745 egressum

2274 765 2490 820 lsraeiis
2539 780 2604 820 ex
2651 763 2904 836 Egypto,
2951 765 3338 835 computantur
3387 768 3513 820 anni
3561 782 3628 820 bv
3676 767 3845 837 (2).A

2274 856 2457 928 Moyse
2474 865 2652 911 autem
2697 871 2870 927 usque
2900 856 2968 910 ad
2996 855 3339 912 Salomonem
3367 866 3422 912 et
3460 859 3693 928 primam
3715 859 3848 913 aedi-

2274 951 2578 1004 ficationem
2627 951 2833 1019 templi,
2893 949 3019 1003 anni
3063 950 3488 1020 ccccr.xx1x(3),
3537 952 3846 1006 secundum

2273 1043 2533 1096 minorem
2565 1049 2743 1097 tamen
2777 1057 3084 1108 numerum,
3116 1057 3275 1111 quem
3303 1042 3497 1096 tertius
3529 1039 3847 1111 Regnorum

2271 1133 2408 1187 liber
2428 1137 2688 1188 continet.
2723 1132 2856 1188 Nam
2897 1134 3052 1204 juxta
3082 1134 3334 1187 volumen
3361 1130 3612 1187 Judicum
3641 1148 3851 1202 suppu-

2271 1233 2455 1280 tantur
2483 1227 2610 1279 anni
2629 1242 2692 1280 nc
2797 1225 2893 1297 (4).
2920 1225 2962 1278 Α
2982 1225 3272 1279 Salomone
3296 1239 3424 1279 vero
3448 1240 3619 1294 usque
3649 1223 3720 1278 ad
3753 1225 3846 1278 in-

2272 1323 2660 1380 staurationem
2699 1325 2900 1394 templi,
2938 1338 3058 1394 quae
3093 1323 3192 1376 sub
3216 1321 3379 1376 Dario
3403 1321 3694 1377 Persarum
3718 1337 3850 1386 rege

2270 1417 2412 1472 facta
2449 1423 2551 1478 est,
2587 1416 2914 1485 colliguntur
2963 1415 3088 1468 anni
3123 1429 3236 1468 om
3261 1413 3355 1484 (5).
3409 1411 3580 1466 Porro
3614 1427 3646 1466 a
3678 1410 3848 1466 Dario

2269 1513 2443 1582 usque
2477 1511 2542 1565 ad
2563 1511 3001 1579 praedicationem
3020 1510 3231 1564 Domini
3260 1510 3434 1564 nostri
3464 1509 3589 1564 Jesu
3608 1509 3846 1572 Christi,

2269 1612 2320 1661 et
2347 1619 2516 1674 usque
2545 1604 2608 1657 ad
2641 1603 2891 1672 quintum
2923 1601 3192 1656 decimum
3225 1617 3425 1655 annum
3452 1599 3657 1656 Tiberii
3689 1603 3848 1672 prin-

2268 1697 2406 1766 cipis
2438 1695 2828 1758 Romanorum,
2873 1693 3158 1763 explentur
3199 1695 3327 1747 anni
3357 1708 3559 1748 nvam
3591 1693 3690 1763 (6).
3728 1695 3848 1747 ita-

2269 1792 2374 1855 qiie
2409 1785 2568 1840 simul
2625 1783 2757 1836 [lunt
2806 1783 2873 1837 ab
2915 1782 3185 1837 Abraham
3243 1798 3417 1854 usque
3470 1783 3537 1837 ad
3583 1784 3844 1854 quintum

2269 1878 2540 1933 decimum
2576 1877 2778 1930 Tiberii
2811 1891 3036 1934 annum.
3067 1876 3197 1930 anni
3229 1891 3452 1931 uuxuv.

2340 1969 2392 2021 8.
2429 1967 2735 2022 Similitera
2762 1967 2902 2021 Nino
2925 1975 2979 2022 et
3010 1965 3366 2022 Semiramide
3396 1983 3568 2038 usque
3592 1967 3662 2023 ad
3691 1968 3850 2041 Moy-

2271 2077 2382 2118 sem
2410 2069 2463 2116 et
2491 2060 2804 2130 Cecropem,
2825 2061 2952 2114 anni
2975 2073 3061 2114 nv.
3088 2061 3134 2113 A
3158 2059 3396 2131 Cecrope
3420 2077 3593 2132 usque
3619 2062 3690 2116 ad
3711 2078 3852 2133 cap-

2269 2154 2534 2208 tivitatem
2575 2152 2771 2223 Trojae,
2821 2153 2947 2207 anni
3003 2161 3232 2207 cccxxtx
3278 2151 3377 2224 (7).
3427 2153 3475 2206 A
3524 2154 3854 2224 captivitate

2268 2244 2444 2315 Trojae
2456 2260 2629 2315 usque
2643 2245 2708 2298 ad
2737 2246 2964 2315 primam
2980 2245 3365 2316 Olympiadem,
3385 2246 3512 2300 anni
3527 2251 3712 2302 ceccvt
3738 2249 3852 2318 (8).

2267 2336 2310 2391 A
2344 2337 2517 2406 prima
2556 2337 2860 2408 olympiade
2896 2353 3066 2408 usque
3110 2337 3178 2391 ad
3219 2339 3518 2394 secundum
3548 2339 3696 2395 Darii
3744 2357 3854 2397 an-

2268 2441 2398 2479 num
2433 2433 2486 2480 et
2534 2425 2987 2480 instaurationem
3021 2426 3226 2496 templi,
3270 2429 3397 2483 anni
3433 2435 3606 2484 ccnvi.
3662 2431 3701 2484 Α
3757 2449 3852 2489 se-

2265 2515 2445 2570 cundo
2471 2514 2614 2571 Darii
2649 2531 2793 2571 anno
2825 2517 2878 2571 et
2915 2518 3312 2575 instauratione
3353 2521 3538 2590 templi
3563 2539 3742 2593 usque
3780 2525 3852 2578 ad

2265 2611 2514 2680 quintum
2573 2610 2842 2665 decimum
2889 2625 3092 2665 annum
3141 2610 3344 2668 Tiberii
3398 2614 3664 2681 Caesaris,
3708 2620 3858 2672 anni

2263 2716 2467 2754 DXLVII!
2521 2699 2618 2770 (9).
2672 2699 2835 2754 Fiunt
2871 2701 3034 2757 simul
3080 2716 3112 2754 a
3161 2700 3301 2760 Nino
3346 2711 3400 2758 et
3452 2705 3852 2772 Semiramiae,

2265 2807 2437 2862 usque
2469 2791 2534 2844 ad
2584 2791 2832 2860 quintum
2866 2792 3134 2846 decimum
3183 2792 3388 2848 Tiberii
3431 2809 3658 2860 annum,
3706 2799 3855 2852 anni

2262 2899 2484 2949 uuxuv,
2506 2898 2643 2953 quos
2676 2891 2729 2937 et
2755 2883 2824 2938 ab
2841 2883 3113 2937 Abraham
3134 2896 3307 2953 usque
3341 2885 3408 2939 ad
3438 2865 3720 2940 Tiberium
3749 2903 3855 2943 os-

2262 2974 2536 3029 tendimus
2560 2979 2896 3043 supputatos.
2922 2975 2965 3025 A
2981 2972 3181 3029 Tiberii
3207 2982 3387 3029 autem
3413 2975 3603 3045 quinto
3618 2975 3852 3032 decimo

2264 3079 2436 3133 usque
2460 3065 2527 3118 ad
2553 3064 2898 3118 Constantini
2931 3065 3154 3119 victoris
3179 3067 3395 3136 augusti
3412 3067 3719 3120 viCennalia
3747 3085 3857 3123 nu-

2264 3162 2543 3208 merantur
2556 3155 2681 3207 anni
2698 3169 2790 3206 ccc
2813 3153 3134 3224 (lO).ltaque
3160 3155 3295 3209 fiunt
3311 3171 3498 3211 omnes
3514 3157 3644 3211 anni
3661 3157 3856 3213 histo-

2254 3245 2348 3298 ria:
2367 3245 2525 3302 istius
2548 3261 2844 3302 MMCCCXLW
2863 3249 2910 3319 (l
2926 3249 2998 3321 l).
3023 3249 3090 3302 Et
3106 3265 3174 3304 ne
3202 3251 3393 3322 longus
3415 3253 3554 3308 forte
3569 3254 3710 3308 ordo
3731 3272 3819 3310 nu
3835 3286 3857 3298 -

2255 3350 2527 3389 mererum
2555 3338 2759 3406 aliquid
2792 3341 3119 3397 turbationis
3146 3342 3385 3410 aﬂ‘crret,
3412 3359 3631 3399 omnem
3659 3361 3860 3402 anuo-

2254 3441 2374 3478 rutn
2434 3426 2741 3494 congeriem
2787 3429 2842 3481 in
2901 3430 3134 3504 decadas
3184 3433 3518 3501 cazcitiimus,
3573 3451 3722 3504 quas
3779 3456 3861 3494 ex

2255 3519 2592 3589 singularum
2625 3519 2863 3589 gentium
2901 3523 3148 3580 historiis
3181 3536 3576 3598 congregantes
3613 3531 3727 3585 sibi
3768 3533 3861 3589 fe-

2255 3611 2429 3665 cimus
2458 3610 2687 3665 invicem
2720 3627 2842 3667 csse
2867 3616 3195 3680 contrarias,
3228 3626 3287 3671 ut
3320 3618 3495 3674 facilis
3521 3621 3862 3691 praebeatur

2261 3703 2520 3771 inventio,
2565 3705 2721 3773 cujus
2748 3704 2917 3761 Gnaei
2954 3716 3112 3764 tetate
3151 3711 3232 3765 vel
3271 3711 3510 3777 barbari,
3551 3717 3863 3786 prophetae

2258 3805 2312 3851 et
2333 3812 2487 3868 reges
2506 3800 2560 3852 et
2583 3797 2893 3855 sacerdotes
2907 3799 3595 3878 fuerintliebra‘orumUQ)
3627 3829 3640 3863 :
3675 3812 3863 3867 item-

2258 3903 2362 3957 que
2409 3887 2546 3943 faiso
2584 3888 2920 3944 diversarum
2957 3893 3196 3962 gentium
3237 3895 3428 3950 crediti
3463 3898 3571 3964 dii;
3605 3902 3704 3969 qui
3744 3903 3863 3958 he-

2255 3995 2410 4045 roes;
2439 3996 2577 4050 quae,
2611 3981 2826 4048 quando
2851 3983 2982 4038 urbs
3006 3987 3254 4052 condita;
3289 3989 3381 4057 qui
3416 3989 3482 4043 de
3516 3991 3862 4052 illustribus

2255 4071 2387 4126 viris
2435 4071 2765 4142 pl‘tilOSOphi,
2823 4082 3013 4144 poetae,
3066 4079 3358 4149 principes,
3420 4083 3866 4158 scriptoresque

3705 4281 3797 4315 ,ξς
3810 4281 3866 4313 ιδ

979 4401 1418 4508 οριδὲνῖξῖτὶσημον
1441 4432 1666 4508 mea;
1689 4416 2132 4508 iaropeitatnap’
2172 4435 2393 4508 Ἕλλησι
2435 4479 2448 4492 ,
2528 4480 2542 4492 ,
2621 4479 2634 4493 ,

653 4502 937 4580 (“)LO‘l'mgt
960 4501 1078 4580 τόιςξ.
1125 4501 1415 4580 Ἀθηγαίων
1451 4502 1572 4580 opta
1617 4503 1714 4580 τὴγ
1747 4501 1899 4560 πόλιν
1945 4501 2161 4580 obtecti)

2268 4501 2622 4580 προσηγορίαν.
2653 4510 2739 4564 Ex
2775 4511 2994 4570 Eusebio

581 4571 695 4627 loco
715 4571 845 4654 dicit
877 4571 1133 4654 Eusebius
1162 4571 1361 4654 sel'hwc
1385 4571 1643 4627 evidenter
1665 4571 2100 4633 demonstravisse
2127 4571 2161 4630 ὲῖ

2269 4571 2320 4642 ἲς
2353 4571 2662 4650 πόὺήθεῖσιν
2699 4584 2828 4654 ἡμῖν

583 4659 616 4696 a
646 4659 700 4696 se
731 4644 989 4698 chronicis
1025 4642 1331 4697 canonibus.

3026 4515 3204 4599 Ρζωρ.
3239 4536 3314 4599 ευἶ
3347 4537 3398 4584 x,
3501 4521 3578 4599 (et
3607 4526 3699 4599 l2)
3737 4547 3870 4599 quo

2871 4592 3138 4656 χρονικοῖς
3185 4591 3392 4656 κανόσι,
3439 4591 3863 4656 ἱηέίαὸονὰιίί

582 4713 984 4838 Πξ“ὲἝσται
1016 4716 1044 4768 ὁ
1071 4715 1178 4777 πᾶς
1206 4713 1305 4784 τῆς
1333 4711 1511 4777 ἐξόδου
1547 4715 1732 4788 χρόνος
1762 4719 1854 4771 ἐπὶ
1887 4718 1984 4789 τὴν
2029 4720 2121 4774 τοῦ

2268 4719 2294 4773 ὖ
2328 4722 2669 4794 κατασκευὴν
2713 4725 2846 4778 ἐτῶν
2864 4724 2910 4795 χ’
2943 4727 3085 4781 κατὰ
3130 4730 3406 4809 Εὐσέϐιον.
3462 4733 3766 4804 Syncellus
3800 4759 3872 4810 p.

651 4963 730 5036 (i)
762 4962 1106 5041 Scaiigeruet
1151 4967 1366 5026 codices
1424 4972 1632 5041 aliquot
1690 4973 1743 5026 in
1799 4977 2141 5040 curiositate;
2174 4984 2218 5037 ι)

651 4984 730 5036 μ)
762 4984 1003 5091 Scaliger
1049 4984 1106 5024 et
1151 4984 1366 5026 coutces
1424 4984 1632 5041 aliquot
1690 4989 1743 5026 in
1799 4984 2141 5040 curiositate;

581 5050 702 5161 gntae
729 5050 860 5091 sane
930 5039 1087 5097 acilis
1128 5048 1182 5096 et
1229 5041 1483 5110 ambigua
1533 5043 1818 5112 scripturae
1867 5047 2142 5102 aberratio

578 5121 682 5162 est.

650 5175 727 5246 (2)
755 5175 874 5246 Lib.
905 5190 942 5240 ι,
980 5177 1069 5242 16.
1094 5179 1178 5243 19,
1213 5179 1304 5237 eo.

675 5247 728 5321 ᾖ)
754 5245 878 5321 _L_i_b.
907 5262 945 5309 ι,
977 5248 1066 5321 16,
1097 5249 1168 5321 εἴ
1195 5266 1347 5321 seqq.
1388 5249 1706 5308 scribuntur
1735 5268 1962 5312 cntxxx.

676 5316 727 5384 4)
751 5316 871 5373 Lib.
903 5333 942 5384 ι,
977 5318 1064 5382 l6,
1093 5319 1165 5373 25
1197 5329 1250 5375 el
1273 5316 1369 5375 '27.

651 5385 733 5450 (5)
763 5385 881 5441 Lib.
902 5404 943 5452 ι,
973 5387 1060 5453 18,
1094 5390 1150 5453 ι,
1179 5393 1491 5448 scribuntur
1511 5408 1608 5448 nn.
1642 5425 1647 5433 ι

651 5454 728 5527 (ρ)
756 5455 873 5527 [.11).
901 5457 1055 5523 1,18,
1086 5459 1140 5514 9.
1773 5505 1776 5507 Α

651 5524 729 5593 (7⁷»
759 5524 1030 5584 Pontacus
1049 5530 1299 5586 emendat
1313 5531 1682 5588 cccuvaed
1703 5534 1900 5590 habent
1915 5543 2138 5594 cccxmx

578 5597 1051 5677 passimeodices,
1081 5614 1182 5677 nec
1212 5616 1323 5657 non
1357 5604 1608 5673 princeps
1636 5605 1822 5676 editio,
1857 5617 1911 5664 et
1936 5608 2139 5665 Veneta

578 5665 710 5740 anni
740 5665 899 5740 ῥᾴδι’),
931 5678 985 5724 et
1015 5669 1278 5740 Scaliger.

650 5735 728 5878 ξδ’
754 5735 872 5819 Lib.
910 5754 948 5801 ι,
989 5755 1105 5811 cap.
1135 5735 1224 5810 3-1,
1249 5741 1564 5800 scribuntur
1593 5759 1755 5804 cnvn.

676 5803 729 5878 9)
761 5805 880 5864 Lib.
912 5824 950 5878 ι,
983 5809 1071 5877 18,
1099 5808 1154 5867 9.

676 5803 729 5878 9)
761 5805 880 5864 Lib.
912 5824 950 5878 ι,
983 5803 1072 5877 18;
1099 5808 1156 5899 9.

2320 4977 2544 5052 (i0)7lta
2575 4976 2840 5038 Eusebius
2890 4981 3068 5052 priore
3106 4981 3266 5046 libro,
3312 4998 3431 5052 cap.
3473 4984 3559 5047 l8,
3610 4987 3667 5049 9,
3707 5008 3880 5052 auge

2251 5051 2414 5105 verba
2446 5051 3187 5126 huctransl‘erendal’uerunt
3208 5070 3305 5122 pro
3335 5051 3824 5126 lligronymiaxiis
3855 5084 3872 5117 :

2252 5121 2525 5202 usquead
2565 5133 2811 5191 quartum
2849 5124 3116 5202 decimum
3144 5121 3341 5202 annum
3401 5121 3672 5202 Valentis,
3724 5150 3877 5202 Aqua

2252 5191 2470 5264 interiit,
2501 5203 2845 5247 numerantur
2876 5194 3001 5246 anni
3044 5194 3210 5249 coitu.
3256 5192 3507 5264 Oportuit
3535 5197 3687 5251 enim
3723 5191 3879 5258 Eu-

2250 5261 2391 5336 sebii
2437 5270 2642 5336 textum
2678 5264 2947 5336 illibatum
3003 5265 3280 5330 exhibere,
3307 5261 3444 5335 'quia
3485 5274 3883 5336 prooemium.

2246 5333 2467 5387 nomine
2497 5333 2616 5400 ejus
2651 5334 2914 5387 tituiatur.

2318 5403 2430 5472 (11)
2460 5399 2820 5477 Hieronymus
2845 5403 3035 5458 scribit
3065 5419 3081 5456 :
3112 5405 3288 5477 itaque
3317 5408 3621 5477 ﬁuntistim
3659 5411 3880 5470 histo-

2247 5471 2344 5526 ria.-
2373 5471 2675 5551 nxcccxev.
2711 5471 2816 5551 Sed
2851 5487 2952 5551 nos
2985 5471 3226 5551 spatium
3271 5471 3656 5551 subtraximus
3677 5491 3880 5551 quod

2247 5551 2332 5618 est
2369 5543 2512 5618 inter
2548 5542 3228 5618 vicennalia_Constantini
3266 5550 3581 5618 obitumque
3620 5542 3886 5613 Va'len;

2247 5613 2340 5676 tis,
2374 5628 2443 5690 ne
2470 5611 2765 5690 Eusebium
2789 5614 2960 5690 _aliter
2987 5615 3318 5684 loquentem,
3353 5628 3407 5674 et
3437 5611 3666 5690 quidem
3695 5611 3884 5686 cus};

2247 5682 2689 5752 anachrouismo,
2713 5682 3117 5741 induceremus.

2315 5752 2429 5826 (1‘2)
2457 5753 2658 5810 Confer
2686 5754 3009 5827 prommium
3040 5755 3165 5812 libri
3191 5772 3231 5822 ι,
3259 5756 3308 5813 1.
