3928 6220
577 333 684 388 3L7

650 443 736 500 15.
770 443 1081 498 Antoninus
1132 440 1259 496 Pius
1304 456 1427 495 cum
1463 440 1589 495 ﬁliis
1620 437 1840 493 Aurelio
1889 444 1944 494 et
1984 435 2153 492 Lucio
2179 450 2258 506 Α.-

578 536 734 591 annis
758 549 893 599 χχιι,
919 533 1197 588 mensibus
1233 548 1313 586 ιιι.

650 627 736 682 14.
769 625 839 683 Μ.
874 625 1206 687 Antoninus,
1243 622 1337 693 qui
1374 629 1429 677 et
1477 619 1675 686 Verus,
1706 627 1759 676 et
1806 618 1867 674 L.
1893 618 2177 674 Aurelius.

579 719 909 778 Commodus
940 717 1099 773 annis
1119 733 1230 780 xix,
1266 729 1456 770 mense
1484 730 1522 780 ι..

649 814 735 869 15.
766 810 1099 867 Commodus
1131 809 1287 864 annis
1310 822 1430 862 xm.

649 902 739 958 16.
770 901 993 957 Helvius
1039 898 1296 953 Pertinax
1325 897 1606 954 mensibus
1630 913 1707 952 vr.

650 993 736 1047 17.
766 991 1001 1048 Severus
1034 991 1192 1045 anuis
1223 1004 1407 1046 xvm..

650 1083 737 1139 18.
764 1083 1071 1138 Antoninus
1101 1080 1381 1135 Caracalla
1398 1081 1575 1135 anuis
1600 1096 1701 1134 vn;

651 1176 737 1230 19.
781 1176 1056 1230 Macrinus
1077 1189 1221 1229 anno
1253 1188 1291 1227 ι.

648 1265 739 1320 20.
771 1264 841 1320 Μ.
872 1263 1126 1320 Aurelius
1152 1262 1465 1319 Antoninus
1497 1277 1586 1318 an.
1626 1279 1698 1316 Iv.

647 1357 712 1411 21
753 1353 1068 1409 'Alexander
1096 1351 1389 1407 Mammaea:
1435 1352 1579 1407 ﬁlius
1604 1350 1763 1407 annis
1793 1365 1925 1404 xm;

649 1445 739 1501 22.
774 1444 1105 1499 Maximinus
1128 1444 1286 1497 annis
1312 1459 1392 1497 ιιι.

650 1538 743 1594 25.
771 1537 1078 1591 Gordianus
1101 1534 1259 1590 annis
1289 1549 1367 1589 vr.

653 1630 746 1684 24.
780 1627 1065 1698 Philippus
1093 1626 1250 1681 annis
1278 1641 1374 1681 vn.

650 1719 741 1774 25.
768 1720 962 1775 Decius
996 1733 1205 1781 annon,
1240 1715 1522 1772 mensibus
1552 1731 1635 1770 ιιι.

650 1810 739 1866 26.
775 1774 962 1864 Gallus
995 1815 1049 1864 et
1087 1774 1415 1864 Volusianus
1445 1808 1603 1861 annis
1634 1821 1691 1859 ιι.
2066 1774 2074 1783 ’
2180 1809 2239 1869 Βι

651 1901 742 1956 27.
781 1898 1103 1956 Valerianus
1134 1906 1188 1954 et
1221 1897 1500 1955 Gallienus
1530 1911 1620 1951 an.
1654 1913 1742 1950 xv.

649 1990 742 2043 28.
765 1988 1028 2044 Claudius
1050 2003 1192 2044 anno
1222 2004 1262 2053 ι,
1290 1988 1567 2044 mensibus
1603 2002 1678 2041 ιι.

649 2080 741 2135 29.
767 2081 1093 2136 Aurelianus
1124 2079 1282 2135 annis
1320 2095 1376 2143 v,
1411 2093 1585 2133 mens.
1618 2093 1695 2131 Vl.

649 2172 736 2227 30.
774 2170 999 2227 Tacitus
1032 2171 1312 2227 mensibus
1335 2185 1409 2224 vi.

653 2265 742 2318 31.
777 2263 1180 2319 Probusannis
1203 2280 1279 2329 γι,
1306 2261 1538 2318 mensib.
1570 2277 1644 2315 ιν.

651 2353 742 2407 52.
781 2354 956 2409 Carus
1012 2369 1136 2407 cum
1204 2354 1327 2408 ﬁliis
1358 2352 1557 2407 Carino
1596 2357 1651 2407 et
1696 2349 2187 2407 Numeriano-ans-

582 2444 668 2499 nis
707 2459 770 2497 ιι.

656 2537 754 2592 ⁵55.
784 2535 1155 2591 Diocletianus
1189 2535 1346 2592 annis
1380 2552 1469 2589 xx.

649 2627 738 2683 54.
770 2628 1018 2683 Galerius
1036 2629 1196 2685 annis
1214 2643 1275 2682 ιι.

654 2720 743 2775 55.
768 2719 1279 2776 Constantinusvan.
1312 2736 1441 2786 xxx,
1470 2736 1613 2777 men.
1641 2738 1693 2778 ιι.

1255 320 1520 379 EUSEBII
1561 317 2033 378 CESARIENSIS
2066 316 2215 374 OPP.
2258 314 2439 371 PARS
2480 314 2628 371 l..—
2667 309 3052 368 HISTORICA.

3700 307 3799 361 διε

2335 427 2646 496 Ἀνῖτωνῖνος
2671 429 3050 500 ὁ’ὲπικληθε“ις
3083 426 3323 498 Εὐσεϐὴς
3363 426 3459 479 σὺν
3490 426 3602 487 τοῖς
3629 426 3783 477 παις).

2246 525 2500 596 Αὐρηλιῳ
2535 523 2628 577 καὶ
2650 521 2862 591 Δουκίῳ
2895 520 2989 590 ἔτη
3019 524 3124 587 κγ’.

2318 619 2541 689 Μάρκος
2582 617 2890 676 Ἀντωνῖνος
2920 615 2949 667 ὁ
2985 613 3078 665 καὶ
3107 610 3335 681 Οὺῆρος,
3366 607 3592 670 Λούκιός
3617 624 3673 659 τε
3707 606 3807 660 Αὐ-

2255 707 2436 779 ρήλιος
2477 709 2506 761 ὁ
2538 706 2630 760 κα).
2662 703 2906 776 Κόμοδος
2939 700 3144 771 ἔτηιθκ

2318 799 2559 870 Κόμοδος
2586 797 2680 867 ἔτη
2711 801 2796 864 ιτ.

2330 890 2569 954 Ἐλούῖος
2603 885 2869 959 Περτίναξ
2906 884 3076 956 μῆνας
3107 890 3176 948 ς’.
3208 928 3211 931 ,

2323 981 2559 1052 ἃϐἦρος
2590 980 2682 1050 ἔτη
2709 998 2762 1050 ιη
2784 1019 2797 1032 .

2336 1074 2651 1136 Ἀντωνῖνος
2677 1074 2705 1125 ὁ
2735 1069 3042 1139 ἐπικληθεὶς
3074 1065 3426 1139 Καράκαλλος
3461 1065 3555 1137 ἔτη
3584 1065 3649 1129 ζ’.

2319 1167 2597 1236 Μακρῖνος
2620 1164 2735 1227 ἔτος
2765 1170 2830 1215 α’.

2337 1260 2650 1321 Ἀντωνῖνος
2673 1256 2935 1327 Αὐρήλιος
2963 1255 3054 1327 ἔτη
3084 1252 3146 1307 δ’.

2338 1346 2686 1419 Ἀλέξανδρος
2719 1347 2748 1399 ὁ
2779 1345 3082 1416 Μαμμαίας
3110 1341 3222 1405 υἱὸς
3254 1340 3345 1411 ἔτη
3375 1347 3461 1409 ty’.

2322 1438 2623 1508 Μαξιμῖνος
2650 1436 2741 1508 ἔτη
2765 1444 2830 1506 γ’.

2323 1529 2608 1600 Γορδιανὸς
2635 1529 2726 1599 ἔτη
2759 1535 2810 1593 ς’
2820 1570 2831 1582 .

2320 1620 2581 1684 Φίλιππος
2606 1619 2698 1687 ἐτη
2725 1618 2790 1683 ζ’.

2324 1714 2511 1776 Δέκιος
2544 1712 2637 1783 ἔτη
2671 1711 2733 1781 β’.

2325 1805 2525 1868 Γάλλος
2559 1806 2651 1857 καὶ
2680 1804 3026 1867 Βολουσιανδς
3051 1803 3145 1874 ἔτη
3176 1802 3244 1873 νβ’.

2327 1895 2689 1966 Οὐαλεριανὸς
2714 1896 2806 1947 καὶ
2832 1892 3118 1964 Γαλλιηνὸς
3148 1892 3239 1963 ἔτη
3274 1896 3365 1945 ιε’.¹

2327 1985 2591 2048 Κλαύδιος
2616 1985 2735 2048 ἔτος
2768 1990 2835 2039 α’.

2327 2078 2657 2150 Αὑρηλιανδς
2686 2077 2780 2147 ἐτη
2808 2084 2878 2142 ς’.

2331 2172 2561 2234 Τάκιτος
2597 2170 2768 2240 μῆνας
2798 2176 2873 2234 ς’.

2328 2262 2537 2334 Πρόδος
2570 2262 2664 2331 ἐτη
2697 2268 2770 2328 ς’,
2807 2260 2981 2333 μῆνας
3012 2261 3073 2314 δ’.

2326 2354 2508 2425 Κύρος
2560 2353 2655 2407 σὺν
2700 2356 2809 2417 τοῖς
2855 2352 3012 2405 παισὶ
3062 2350 3282 2425 Καρίνῳ
3323 2352 3417 2405 καὶ
3463 2351 3828 2425 Νουμεριανῷ

2259 2447 2351 2519 ἔτη
2389 2439 2459 2510 β’.

2329 2538 2709 2609 Διοκλητιανὸς
2735 2536 2828 2608 ἐτη
2857 2544 2926 2591 κ’.

2326 2630 2584 2701 Γαλέριος
2617 2628 2709 2700 ἐτη
2749 2628 2813 2699 β’.

2325 2720 2734 2783 Κωνσταντίνος
2776 2719 2869 2791 ἔτη
2904 2718 2968 2785 λ’,
3008 2716 3180 2789 μῆνας
3211 2724 3258 2773 ι’.

1539 2838 1981 2899 ROMANORUM
2019 2841 2523 2898 IMPERATORUM
2563 2839 2859 2897 MORTES.

624 2937 816 3015 :Caius
850 2953 1033 3010 Caesar
1060 2956 1283 3011 occisus
1312 2963 1396 3011 est
1429 2956 1485 3010 in
1522 2958 1725 3028 palatio
1762 2957 1857 3029 (1).

653 3046 935 3117 Augustus
964 3054 1213 3102 mortuus
1242 3055 1327 3103 est
1353 3045 1501 3103 Nola:
1528 3049 1625 3119 (2).

654 3136 907 3192 Tiberius
934 3146 1179 3193 mortuus
1204 3146 1287 3194 est
1329 3139 1519 3195 Miseni
1556 3141 1631 3213 (3)

655 3228 821 3285 Caius
858 3228 1103 3300 Caligula
1143 3230 1468 3289 interfectus
1495 3240 1578 3288 est
1603 3234 1656 3287 in
1712 3233 1931 3304 palatio.

655 3320 812 3377 Titus
841 3322 1103 3378 Claudius
1135 3323 1216 3395 (4)
1271 3334 1522 3380 mortuus
1555 3333 1639 3380 est
1669 3326 1722 3380 in
1754 3326 1954 3394 palatio

654 3412 797 3467 Nero
827 3414 962 3485 fugit
994 3430 1158 3486 seque
1189 3417 1373 3484 viyurn
1399 3418 1669 3488 sepelivit.

658 3503 826 3559 Galba
854 3506 1072 3562 occisus
1093 3515 1176 3562 est
1206 3507 1411 3563 Romae.

660 3594 802 3651 0.1m
836 3611 893 3650 se
926 3598 1101 3667 ipsum
1135 3599 1429 3654 interemit.

660 3687 916 3743 Vitellius
944 3692 1162 3746 occisus
1203 3700 1287 3746 est
1316 3693 1369 3745 in
1400 3692 1621 3761 palatio.

660 3777 1027 3848 Vespasianus
1054 3781 1189 3834 obiit
1224 3783 1277 3835 in
1302 3783 1476 3837 hortis
1510 3783 1881 3839 Sallustianis.

660 3869 815 3925 Titus
842 3870 976 3924 obiit
1003 3871 1056 3924 in
1086 3872 1309 3941 palatio.

662 3960 1003 4017 Domitianus
1044 3962 1262 4017 occisus
1286 3971 1391 4019 est.

662 4051 834 4107 Nerva
860 4053 995 4108 obiit
1034 4054 1088 4107 in
1113 4054 1287 4110 hortis
1321 4056 1693 4112 Sallustianis.

661 4142 929 4212 Traianus
957 4145 1091 4199 obiit
1130 4146 1409 4203 Selinunte
1449 4148 1553 4217 (5).

662 4235 935 4290 Adrianus
963 4237 1098 4290 obiit
1128 4237 1368 4308 hydrope
1411 4239 1764 4309 dysenterico.

671 4326 984 4381 Antoninus
1033 4326 1159 4381 Pius
1194 4328 1329 4383 obiit
1361 4328 1531 4384 Lorii.

672 4417 840 4473 Verus
880 4418 1015 4472 obiit
1047 4418 1235 4474 Altini.

672 4573 748 4642 (1)
793 4572 976 4645 Codex
1030 4573 1176 4628 Arm.
1213 4573 1472 4629 mendose
1516 4572 1690 4628 Νοιω.
1728 4573 2060 4645 Scripsimus
2108 4580 2159 4633 in

599 4645 824 4718 palatio,
858 4644 938 4718 uti
979 4645 1196 4718 cratuin
1235 4654 1492 4718 sequente
1508 4660 1725 4718 _versu,_
1745 4644 2056 4718 quanquam
2094 4648 2158 4706 C.

596 4713 782 4784 Caesar
811 4716 866 4769 in
901 4713 1141 4784 Pompeii
1174 4715 1324 4769 curia
1358 4713 1674 4771 interfectus
1706 4713 1826 4771 fuit.

667 4783 743 4854 (2)
778 4784 955 4839 Codex
991 4783 1144 4841 Arm.
1189 4786 1446 4840 mendose
1495 4785 1548 4839 in
1589 4786 1807 4855 palatio.
1863 4785 2024 4845 Vides
2075 4789 2159 4844 ni-

598 4855 796 4908 mirum
829 4870 1143 4923 perversum
1172 4855 1440 4923 ordinem.

671 4924 769 4998 (5)Δ
801 4922 1001 4998 Deinde
1056 4924 1173 4979 Caii
1217 4922 1475 4998 Caligula:
1518 4941 1665 4983 mors
1704 4928 2152 4998 praetermittitur.

603 4993 986 5064 Supplevimus
1016 5006 1193 5050 autem
1227 5013 1291 5048 ex
1317 4993 1441 5050 cod.
1480 5006 1588 5051 vat.

690 5063 742 5134 4)
776 5063 963 5118 Scribe
993 5064 1222 5120 Tiberius
1256 5065 1531 5120 Claudius.

669 5068 746 5203 E5)
779 5133 932 5202 Apud
953 5131 1241 5189 Eusebium
1287 5136 1394 5190 dici
1425 5152 1531 5191 mor

692 5131 746 5203 5)
779 5133 932 5202 Apud
953 5131 1241 5189 Eusebium
1287 5136 1394 5190 dici
1425 5143 1697 5191 mortuum
1727 5136 1998 5194 Selinunte
2023 5138 2155 5194 Tra-

594 5203 991 5275 janum._tcstis
1028 5211 1111 5275 est
1146 5204 1430 5273 Syncellus
1463 5223 1515 5275 ιι.
1548 5207 1677 5261 548.
1709 5207 1774 5262 Α.

672 5274 747 5343 (6)
794 5272 1025 5349 Videtur
1052 5272 1355 5349 dicendum
1398 5272 1781 5349 strangulatus
1806 5288 1921 5349 est;
1959 5294 2152 5349 quam-

512 5378 525 5396 .
598 5341 853 5468 guatnct
896 5341 1025 5396 illud
1072 5342 1303 5402 fortasse
1332 5346 1460 5401 ferri
1508 5341 1706 5417 potest.
1742 5347 1874 5403 Vide
1906 5341 2152 5419 Lampri-

638 5429 746 5468 ιιιιιι
779 5430 832 5467 ιιι
878 5409 1184 5464 Commodo.

638 5414 746 5468 ium
779 5415 832 5467 in
878 5409 1184 5464 Commodo.

625 5493 631 5501 '
669 5483 747 5552 (7)
780 5483 835 5538 In
866 5483 1158 5554 canonead
1185 5499 1274 5538 an.
1306 5484 1468 5539 2208.
1493 5486 1693 5540 dicitur
1739 5488 1792 5541 in
1812 5487 2012 5554 palatio
2057 5487 2151 5541 Ve-

598 5553 833 5627 s_tiliani_._
880 5553 1035 5627 Apud
1066 5553 1294 5627 Petrum
1342 5556 1855 5627 Dlesensernrepist.
1910 5556 2043 5614 207,
2095 5560 2148 5612 in

597 5623 754 5676 domo
794 5623 1015 5679 Vcscali.
1052 5625 1299 5693 Catalog.
1348 5625 1508 5680 Vind.
1540 5628 1595 5680 in
1642 5623 1795 5681 domo
1842 5626 2144 5681 Vicu'liana.

665 5694 742 5763 (8)
785 5694 856 5748 De
880 5695 1138 5749 vocabulo
1154 5696 1476 5750 Armeniaco
1498 5712 1645 5752 susse
1672 5696 1909 5752 diximus
1933 5696 2147 5753 col.2l0

597 5764 727 5820 ιι.4.
760 5763 1099 5835 Cmteroquin
1136 5767 1276 5822 idem
1321 5766 1644 5822 vocabulum
1690 5767 1957 5839 signiﬁcat
1983 5768 2142 5823 c1iam

2324 2956 2543 3011 Marcus
2571 2955 2880 3010 Antoninus
2907 2954 3044 3010 obiit
3078 2956 3131 3009 in
3160 2954 3463 3011 Pannonia.

2322 3047 2656 3111 Commodus
2697 3045 2942 3115 sepultus
2979 3052 3064 3102 est
3104 3045 3179 3116 (6)
3210 3046 3266 3100 in
3287 3044 3489 3101 Vitellii
3522 3045 3699 3101 domo
3728 3048 3825 3118 (η.

2182 3122 2224 3181 C
2330 3138 2585 3193 Pertinax
2616 3137 2834 3192 occisus
2866 3144 2951 3193 est
2983 3137 3038 3191 in
3068 3139 3290 3208 palatio.

2327 3227 2578 3283 Julianus
2607 3228 2823 3284 occisus
2856 3234 2940 3283 est
2964 3228 3019 3283 in
3043 3228 3267 3283 Palatio.

2331 3316 2562 3377 Severus
2586 3329 2832 3377 mortuus
2864 3327 2949 3377 est
2983 3320 3231 3375 Eboraci.

2328 3414 2636 3469 Antoninus
2693 3414 2988 3470 Bassianus
3022 3413 3097 3484 (8)
3133 3414 3276 3468 inter
3321 3411 3518 3469 Carras
3556 3422 3611 3468 et
3661 3413 3837 3470 Edes-

2261 3520 2378 3560 sam
2418 3503 2767 3575 (interfectus
2793 3505 2919 3574 est).

2327 3596 2602 3652 Macrinus
2624 3597 2839 3652 occisus
2873 3603 2957 3651 est
2986 3597 3041 3651 in
3083 3610 3207 3652 arce
3238 3596 3403 3651 Laida
3431 3596 3527 3668 (9).
3565 3596 3717 3669 (10).

2328 3692 2639 3746 Antoninus
2678 3689 3058 3761 Heliogabalus
3093 3689 3414 3746 interfectus
3450 3698 3534 3746 est
3564 3688 3786 3746 Romae.

2337 3786 2645 3840 Alexander
2674 3785 2889 3840 occisus
2920 3795 3004 3839 est
3031 3782 3353 3854 Moguntiaci
3386 3782 3515 3855 (Η).

2330 3876 2657 3932 Maximinus
2682 3877 2896 3932 occisus
2925 3884 3009 3932 est
3037 3876 3316 3946 Aquileiae.

2328 3969 2637 4024 Gordianus
2670 3984 2729 4024 se
2760 3970 2934 4038 ipsum
2969 3968 3257 4023 suﬁ'ucavit
3288 3970 3341 4023 in
3376 3967 3583 4024 Africa.

2328 4061 2603 4133 Pupienus
2623 4067 2677 4115 ct
2707 4059 2968 4114 Balbinus
3010 4060 3181 4116 occisi
3210 4070 3332 4115 sunt
3363 4059 3539 4116 Roma:
3571 4061 3719 4133 (12).

2330 4150 2637 4205 Gordianus
2665 4151 2898 4206 excessit
2928 4149 2984 4202 in
3018 4150 3498 4207 ﬁnibusPartbite.

2332 4242 2449 4298 Duo
2467 4242 2720 4313 Philippi.
2764 4240 2957 4299 Seuior
2985 4245 3204 4299 occisus
3243 4253 3325 4299 est
3350 4242 3597 4310 Veronae,
3636 4247 3837 4315 junior

2259 4336 2443 4391 Romae
2470 4337 2523 4390 in
2552 4338 2750 4392 castris
2781 4336 3067 4406 przetoriis.

2337 4429 2529 4485 Decius
2566 4430 2783 4484 occisus
2808 4436 2891 4484 est
2914 4429 2967 4483 in
3000 4428 3254 4499 praetorio
3276 4427 3518 4499 Abrypti.

2264 4585 2611 4641 maculosum.
2668 4582 2872 4637 Revera
2926 4582 3433 4639 Commodus'ccrle
3464 4581 3670 4636 dicitur
3710 4602 3838 4639 ma-

2264 4656 2474 4709 culosus
2516 4656 2583 4709 ab
2602 4654 2847 4708 Ausonio
2876 4654 2928 4707 in
2959 4650 3278 4708 Cwsaribus.

2333 4726 2408 4797 (9)
2436 4726 2513 4797 Ita
2548 4724 2670 4781 cod.
2696 4721 3168 4797 Vindobonensisl
3190 4737 3366 4797 neque
3390 4721 3844 4797 ablu_di_t_Arme-

2259 4791 2409 4851 nius.
2455 4793 2665 4864 Reapse
2710 4794 3007 4864 quominus
3042 4791 3289 4864 scribam
3330 4791 3668 4864 Archelaide.
3732 4796 3842 4848 ob.

2258 4874 2367 4920 stat
2391 4862 2745 4935 Capitolinus
2763 4864 2854 4934 qui
2888 4872 3073 4935 narrat
3107 4862 3401 4935 Macrinum
3433 4862 3719 4935 'occisum
3780 4866 3836 4917 in

2258 4938 2379 4991 vico
2403 4932 2637 5007 quodam
2670 4932 2968 5007 Bitliyniae;
3003 4933 3285 4988 Archelais
3319 4942 3498 4986 autem
3533 4933 3601 4987 ad
3631 4932 3841 5006 Bithy-

2257 5008 2403 5061 niam
2426 5006 2546 5060 non
2572 5006 2829 5074 pertinet.

2326 5078 2436 5145 (10)
2465 5069 2684 5130 Graicus
2714 5082 2895 5145 textus
2918 5071 3030 5128 fere
3058 5072 3409 5129 invenitur‘in
3433 5071 3491 5126 S.
3515 5069 3835 5143 Nicepliori

2261 5144 2498 5217 Epitorue
2521 5144 2981 5217 chronpgraphica.

2326 5216 2437 5286 (11)
2477 5214 2553 5270 lta
2583 5223 2636 5270 et
2667 5210 2948 5286 Sincellus
2980 5229 3033 5284 p.
3057 5211 3185 5286 359,
3218 5211 3281 5266 A.
3315 5210 3499 5267 Codex
3527 5210 3683 5267 Arm.
3725 5212 3836 5265 ha-

2255 5288 2343 5343 bet
2372 5286 2666 5355 Mogenaci.

2324 5358 2435 5428 (12)
2465 5351 2690 5428 Codicis
2716 5354 2864 5410 Arm.
2904 5355 3099 5428 pagina
3144 5356 3223 5408 sic
3251 5351 3451 5428 desinit
3492 5368 3552 5406 oc
3618 5395 3667 5428 .5
3710 5392 3729 5405 .
3816 5391 3831 5405 .

2252 5420 2485 5497 abrupta
2536 5425 2744 5496 reliqua
2792 5420 3237 5497 vocabulitparte.
3270 5423 3598 5497 Caeterorum
3624 5420 3834 5497 Caesa-

2251 5512 2369 5550 rum
2391 5491 2608 5551 'morles
2626 5491 2702 5551 ex
2730 5496 2984 5565 catalogo
3007 5491 3413 5565 Vi’ndoboneusi
3443 5491 3834 5565 sumpsimus,

2252 5568 2343 5637 qui
2399 5576 2482 5622 est
2534 5566 2681 5636 apud
2730 5558 3466 5637 RoncaliumineChrenicis
3501 5558 3679 5625 ιιῘΧ,
3727 5566 3834 5630 qui

2251 5634 2383 5692 sane
2409 5634 2690 5706 catalogus
2725 5651 2848 5690 cum
2870 5634 3175 5706 Armeniaci
3210 5636 3415 5690 codicis
3436 5640 3588 5705 parte
3614 5647 3806 5703 super

2253 5709 2379 5763 stite
2411 5704 2689 5777 conspirat
2719 5707 2771 5761 in
2803 5704 3069 5776 plurimis.
