4014 6236
155 330 270 385 35'5
1391 329 1735 388 CHRONICO

1799 330 1883 386 [SM
1926 331 2036 386 LIB
2095 329 2157 386 11.
3280 344 3384 398 331

179 512 381 527 “.-

1269 638 1426 679 BEBR.
1535 637 1716 678 ASSYR.
1804 636 2006 678 διανοίη.
2076 636 2281 681 EGYPT.

1225 762 1470 818 Abraha-
1523 761 1737 818 Zameis
1838 762 1969 832 Apis
2142 776 2255 817 xvi.

1285 849 1408 888 mus
2064 832 2315 899 dynastia

2080 901 2303 957 Tliehzei

1239 1005 1451 1100 ’”ἓῖ“”
1524 1005 1732 1098 ““ῙΞΓ“’
1802 1001 2014 1097 ’“ἓῇί”“
2086 1004 2293 1097 ’“ἆῐ““

1312 1116 1383 1170 65
1596 1114 1667 1168 13
1876 1114 1937 1167 21
1978 1104 1996 1125 ⁹
2157 1112 2227 1168 65

1311 1186 1380 1239 66
1591 1184 1663 1238 14
1872 1184 1944 1237 22
2156 1187 2225 1239 66

1311 1256 1382 1309 67
1593 1254 1663 1309 15
1872 1255 1944 1308 25
2154 1253 2222 1309 67

1312 1325 1381 1379 68
1593 1326 1615 1379 1
1628 1324 1661 1378 6
1876 1325 1946 1379 24
2156 1326 2227 1381 68

1308 1394 1377 1452 69
1592 1396 1658 1449 17
1873 1396 1946 1450 25
2157 1395 2224 1452 69

1914 1520 1946 1557 a
1979 1500 2329 1558 TlIELXION

1961 1575 2122 1630 anuis
2160 1590 2255 1630 ιιι.

1305 1678 1377 1733 70
1589 1678 1658 1734 18
1907 1680 1933 1733 1
2156 1680 2226 1735 70

1309 1748 1371 1803 71
1589 1751 1657 1803 19
1907 1750 1940 1804 2
2158 1752 2218 1805 71

1306 1819 1377 1873 72
1586 1820 1659 1875 20
1905 1821 1940 1874 5
2154 1821 2221 1875 72

1308 1892 1377 1945 75
1584 1892 1649 1945 21
1903 1892 1939 1944 4
2155 1892 2222 1944 75

1309 1963 1375 2017 74
1586 1963 1658 2016 22
1905 1962 1940 2016 5
2153 1962 2223 2016 74

1304 2034 1376 2089 75
1586 2033 1658 2088 25
1904 2032 1938 2086 6
2150 2032 2221 2088 75

1038 2192 1066 2245 b
1093 2205 1285 2247 HUIUS
1316 2203 1485 2245 ANNUS
1520 2201 1960 2243 REPBOIISSIONIS
1998 2203 2087 2243 οει
2122 2205 2191 2243 ΑΙ)
2222 2204 2490 2247 ΔΒΒΔΗΔΙ.

212 2337 489 2393 Abraham
518 2351 641 2393 cum
674 2352 816 2393 uxv
858 2342 1005 2393 esset
1050 2349 1317 2391 annorum
1358 2331 1544 2388 divino
1591 2331 1790 2402 dignus
1824 2331 2058 2388 habetur
2090 2333 2330 2405 alloquio
2358 2342 2413 2391 et
2449 2351 2513 2392 ea
2551 2336 2998 2408 repromissione,
3025 2356 3147 2411 quae
3166 2338 3232 2395 ad
3262 2354 3388 2398 eum

142 2428 285 2485 facta
318 2439 424 2486 est.
449 2430 492 2483 A
524 2446 666 2485 uxv
694 2443 837 2484 anno
864 2428 1093 2485 Abrahae
1114 2442 1288 2499 usque
1316 2425 1384 2481 ad
1422 2424 1646 2498 Moysen
1677 2434 1731 2482 et
1760 2440 2037 2497 egressum
2067 2428 2245 2500 gentis
2267 2426 2577 2486 Iudaeorum
2618 2447 2684 2487 ex
2716 2430 2971 2504 Egypto,
3025 2442 3390 2505 supputantur

138 2526 272 2581 anni
302 2542 581 2583 ccccxxx:
623 2542 855 2598 quorum
893 2527 1136 2583 meminit
1173 2524 1376 2580 Paulus
1409 2525 1484 2579 ita
1523 2524 1757 2579 dicens:
1805 2542 1823 2576 ι
1845 2521 2253 2581 Testamentum
2290 2527 2675 2584 conﬁrmatum
2705 2545 2736 2584 a
2767 2530 2876 2586 Deo
2910 2548 3033 2603 quae
3070 2539 3193 2604 post
3246 2547 3385 2603 qua-

138 2618 470 2691 dringentos
489 2630 543 2677 et
574 2621 795 2694 triginta
840 2636 1014 2678 annos
1068 2619 1208 2676 facta
1248 2626 1332 2676 est
1376 2624 1483 2684 lex,
1508 2633 1618 2672 non
1668 2617 1907 2672 inﬁrmat
1952 2617 2019 2673 ad
2060 2618 2445 2678 destruendam
2502 2626 2999 2696 repromissionem.
3041 2647 3060 2680 ι
3103 2626 3220 2698 Ipse
3250 2642 3388 2699 quo-

138 2729 249 2785 que
291 2716 348 2769 in
383 2714 571 2772 Exodo
599 2716 811 2790 Moyses
852 2717 939 2773 his
977 2729 1285 2787 congruens
1322 2713 1609 2785 loquitur:
1649 2730 1670 2765 ι
1715 2707 1994 2768 Habitatio
2034 2719 2213 2769 autem
2250 2715 2484 2771 ﬁliorum
2527 2716 2712 2787 Israel,
2757 2736 2862 2791 qua
2905 2721 3284 2778 habitaverunt
3330 2722 3387 2777 in

130 2809 376 2883 .Egypto
414 2830 434 2864 ι
468 2819 522 2866 et
558 2812 614 2868 in
651 2821 797 2869 terra
827 2812 1087 2867 Chanaan
1118 2810 1225 2883 ipsi
1255 2816 1309 2867 et
1332 2816 1513 2882 patres
1536 2822 1749 2875 eorum,
1779 2825 1799 2859 ι
1832 2808 2358 2883 anniQuaJriugenti
2380 2814 2619 2886 triginta.
2668 2835 2688 2868 ›

1300 2940 1366 2996 76
1575 2939 1646 2994 21
1896 2939 1927 2992 7
2166 2944 2234 3000 76

1292 3011 1360 3065 77
1572 3011 1642 3065 25
1891 3009 1926 3063 8
1999 3023 2003 3027 '
2163 3015 2230 3068 77

1296 3082 1366 3137 78
1577 3080 1648 3135 26
1901 3079 1936 3135 9
2151 3085 2222 3140 78

1298 3152 1369 3207 79
1577 3152 1650 3207 27
1862 3150 1931 3204 10
2154 3156 2221 3209 79

1298 3222 1369 3277 80
1578 3221 1650 3277 28
1863 3223 1890 3277 1
1906 3225 1921 3277 Ι
2151 3225 2221 3281 80

1297 3293 1361 3349 81
1578 3292 1650 3347 29
1864 3294 1931 3348 12
2151 3296 2216 3352 81

1299 3363 1370 3451 ἐξ
1579 3362 1649 3451 ἒ9
1866 3365 1933 3451 ἒξ
2149 3367 2220 3451 ἓὲ

1300 3434 1372 3489 85
1581 3434 1643 3488 51
1865 3435 1933 3488 14
2148 3438 2219 3493 85

212 3526 239 3563 c
267 3508 541 3591 _Decimus
585 3522 761 3562 annus
825 3504 1122 3576 repromis-
1866 3507 1935 3591 ξ
2150 3508 2220 3591 81

144 3581 335 3636 sionis.
891 3574 905 3576 “
1304 3574 1374 3629 85
1583 3575 1655 3629 55

891 3574 905 3576 “
1304 3574 1374 3629 85
1583 3575 1655 3629 55
1868 3576 1937 3631 16
2149 3579 2220 3633 85

210 3649 503 3720 Octoginta
551 3663 643 3704 sex
692 3660 961 3720 annorum
994 3654 1123 3720 erat
1304 3644 1375 3720 86
1585 3644 1656 3720 51
1870 3648 1939 3720 17
2147 3650 2219 3705 86

143 3715 415 3774 Αιιτθικιῖη
458 3734 582 3773 cum
623 3733 688 3773 ex
742 3718 939 3788 ancilla
977 3717 1125 3788 Agar
1303 3715 1371 3788 87
1585 3715 1657 3788 55
1870 3717 1938 3772 18
2147 3719 2216 3774 87

141 3793 323 3861 genuit
362 3790 659 3870 lsmaelem,
689 3802 719 3841 a
749 3803 859 3857 quo
882 3785 1125 3868 lsmaéli-
1303 3786 1373 3841 88
1585 3785 1656 3908 5t;
1870 3788 1939 3843 19
2050 3860 2057 3863 Α
2150 3792 2221 3845 88

144 3871 318 3908 tarum
351 3876 504 3908 gens-
536 3874 628 3908 nm
658 3865 845 3908 nostea
869 3858 1122 3908 Anarem.
1303 3856 1372 3908 89
1585 3856 1619 3908 5
1867 3858 1940 3908 20
2147 3861 2219 3908 89

144 3856 318 3914 tarum
351 3876 504 3928 gens,
536 3858 629 3927 qui
658 3856 846 3928 postea
869 3856 1122 3930 Agareni,
1303 3856 1372 3911 89
1585 3856 1656 3910 57

143 3931 332 3987 deinde
365 3930 622 3986 Saraceni
652 3928 807 3984 dicti.
1302 3926 1373 3983 90
1587 3926 1656 3981 58

658 3856 846 3928 postea
869 3856 1122 3930 Agareni,
1303 3856 1372 3911 89
1585 3856 1656 3910 57
1867 3858 1940 3913 20
2050 3860 2057 3863 Α
2147 3861 2219 3916 89

652 3928 807 3984 dicti.
1302 3926 1373 3983 90
1587 3926 1656 3981 58
1866 3930 1928 3983 21
2152 3930 2222 3987 90

1602 4039 1636 4093 d
1674 4039 1883 4096 ARIUS
1914 4043 2074 4101 annis
2100 4061 2237 4101 ιιι.

1297 4151 1361 4207 91
1619 4154 1643 4206 1
1865 4154 1938 4208 22
2147 4156 2214 4211 91

1295 4222 1365 4273 92
1617 4222 1652 4273 2
1866 4226 1937 4273 25
2148 4227 2214 4273 9‘2

1296 4363 1366 4417 94
1618 4363 1653 4416 4
1866 4364 1937 4419 25
2147 4367 2217 4423 94

213 4460 241 4496 c
264 4437 576 4495 Vicesimus
601 4452 778 4494 annus
824 4435 1121 4508 repromis-
1299 4431 1369 4508 95
1619 4434 1653 4508 5
1866 4436 1937 4508 26
2147 4437 2218 4492 95

143 4514 332 4569 sionis.
885 4501 905 4508 ’
1298 4501 1367 4559 96
1621 4504 1655 4558 6

885 4501 905 4508 “
1298 4501 1367 4559 96
1621 4504 1655 4558 6
1866 4506 1934 4559 27
2148 4507 2218 4563 96

206 4712 239 4748 a
263 4690 571 4747 Σικυωνίων
618 4689 659 4742 ε’
682 4686 1029 4742 ἐδασίλευσεν
1050 4682 1284 4751 Θελξίων
1305 4682 1397 4756 ἔτη
1429 4681 1698 4756 v6'.Sync,

1806 4688 2070 4759 τρακόσια
2090 4690 2401 4762 τριάκοντα.
2431 4689 2626 4747 Chron.
2668 4693 2847 4762 pascit.
2881 4709 2935 4764 ρ.
2969 4694 3156 4765 51-52,
3204 4696 3372 4770 Epist.

133 4804 186 4854 ρ.
226 4783 352 4845 102,
387 4782 450 4838 ο.

1809 4780 1879 4834 ad
1918 4779 2097 4837 Colat.
2134 4797 2217 4850 tu,
2252 4782 2355 4852 17;
2387 4782 2559 4839 Exod.
2593 4799 2690 4849 ιιι,
2722 4787 2813 4841 40.

206 4878 236 4930 b
264 4876 488 4948 Πρῶτον
529 4873 645 4939 ἔτος
682 4871 778 4944 τῆς
824 4869 919 4924 τοῦ
974 4867 1110 4923 Θεοῦ
1145 4867 1281 4939 πρὸς
1324 4867 1415 4921 τὸν
1457 4866 1705 4940 ’Δΰραὰμ
1880 4888 1908 4927 c
1934 4873 2167 4927 Δέκατον
2222 4873 2340 4940 ἔτος
2375 4876 2475 4948 τῆς
2526 4877 2887 4947 ἐπαγγελίας’
2922 4879 3107 4954 Τούτῳ
3153 4881 3231 4954 τῷ
3270 4882 3379 4937 ἔτει

135 4966 488 5039 ἐπαγγελίας.
527 4964 658 5020 Ἀπὸ
676 4962 758 5029 ος⁸
787 4962 939 5027 ἔτους
960 4959 1125 5013 αὐτοῦ
1165 4955 1413 5030 Ἀϐραὰμ
1436 4957 1529 5011 ἐπὶ
1551 4958 1705 5011 Μωῦ·
1810 4965 1904 5020 τοῦ
1946 4965 2195 5039 Ἀϐραὰμ
2246 4967 2432 5023 ἔτεκεν
2480 4969 2628 5041 αὐτῷ
2666 4970 2859 5043 .Ἀγὰρ
2897 4973 2930 5043 ἡ
2981 4973 3237 5044 παιδίσκη
3288 4975 3379 5028 τὸν

137 5063 305 5115 σέα...
352 5060 446 5113 καὶ
483 5056 581 5129 τὴν
611 5055 669 5123 ἐξ
717 5051 991 5123 Αἰγύπτου
1033 5049 1254 5123 πορείαν
1304 5046 1396 5101 τοῦ
1439 5048 1704 5120 Ἐϐραίων
1825 5060 2065 5133 Ἰσμαὴλ,
2096 5062 2187 5129 ἀφ’
2214 5055 2276 5115 οὗ
2301 5061 2362 5115 τὸ
2384 5061 2492 5117 τῶν
2533 5062 2885 5134 Ἰσμαηλιτῶν
2904 5064 3077 5133 γένος.
3110 5066 3172 5118 Οἱ
3204 5065 3259 5118 δὲ
3285 5067 3381 5118 αὑ-

133 5154 322 5218 ἔθνους
356 5151 449 5225 ἐτη
478 5149 732 5222 τυγχάνει
758 5146 855 5211 υλ’,
884 5140 958 5201 ὧν
992 5144 1263 5217 μέμνηται
1290 5139 1502 5205 Παῦλος
1535 5141 1707 5195 Γαλά-
1812 5155 1893 5209 τοί
1934 5158 2071 5209 εἰσιν
2109 5156 2417 5228 Ἀγαρηνοὶ,
2448 5157 2498 5209 οἱ
2550 5156 2645 5211 καὶ
2685 5157 2991 5230 Σαρακηνοὶ
3036 5158 3373 5231 καλούμενοι.

134 5262 257 5310 ταις
304 5243 655 5300 ἐπιστέλλωνε
699 5240 971 5313 Διαθήκην
1027 5233 1552 5309 προκεκηρυγμένην
1601 5233 1705 5287 ὑπὸ

924 5256 971 5311 1V
1027 5233 1552 5309 προκεκηρυγμένην
1601 5233 1705 5287 ὑπὸ
1814 5247 2010 5305 Chron.
2033 5247 2213 5317 pasch.
2241 5265 2294 5318 p.
2324 5248 2412 5312 52,
2445 5249 2509 5305 Β.

135 5341 231 5396 τοῦ
243 5338 420 5395 Θεοῦδ
447 5336 582 5411 μετὰ
603 5336 695 5409 ἔτη
710 5332 1035 5407 τετρακόσια
1047 5330 1141 5384 καὶ
1161 5327 1452 5400 τριάκοντα
1465 5324 1705 5395 γεγονὼς
1877 5342 1913 5395 d
1953 5341 2248 5413 Ἀσσυρίων
2284 5339 2326 5395 δ’
2364 5341 2707 5397 ἐϐασίλευσεν
2738 5343 2952 5415 ’Ἄρειος
2993 5341 3086 5415 ἐτη
3117 5339 3179 5395 λ’.
3214 5341 3374 5413 Sync.

135 5435 300 5506 νόμος
316 5434 415 5486 οὐκ
437 5432 651 5503 ἀκυροῖ,
672 5430 752 5492 είς
770 5427 831 5480 τὸ
859 5424 1201 5498 καταργῆσαι
1232 5420 1329 5493 τὴν
1350 5417 1700 5487 ἐπαγγελίαν.
1807 5450 1861 5504 ρ,
1896 5436 2018 5500 “)5,
2053 5435 2115 5490 Β,

136 5526 248 5581 Καὶ
272 5524 658 5596 Μωῦσῆςδὲέν
693 5519 884 5591 Έξάδφ
913 5516 1121 5589 συνᾴδει
1142 5514 1332 5583 λέγων·
1359 5511 1490 5566 Ἡδὲ
1515 5511 1705 5583 παροί⁴
1876 5548 1905 5586 e
1951 5530 2024 5583 Τὸ
2088 5527 2136 5584 κ’
2176 5529 2292 5594 ἔτος
2348 5530 2449 5600 τῆς
2515 5528 2865 5598 ἐπαγγελίας.
2936 5526 3132 5586 Chron.
3190 5528 3372 5600 pascit.

141 5635 300 5688 κησις
326 5616 433 5671 τῶν
472 5614 602 5672 υιῶν
646 5611 879 5683 Ἰσραὴλ,
908 5610 973 5681 ἢν
1001 5604 1334 5680 παρῴκησαν
1357 5605 1414 5657 ἐν
1446 5601 1702 5694 Αἰγύπτῳ
1808 5641 1860 5694 ρ.
1896 5624 1986 5689 δι’
2015 5624 2081 5680 Α,

144 5709 236 5765 καὶ
260 5710 318 5764 ἐν
345 5706 668 5783 γῇΧαναὰν,
686 5703 836 5761 αὐτοὶ
852 5704 946 5757 καὶ
964 5704 1012 5756 ot
1029 5697 1260 5770 πατέρες
1279 5695 1477 5761 αὐτῶν,
1497 5693 1591 5765 ἔτη
1612 5710 1702 5746 τε-
