3944 6214
171 349 279 404 521
1385 347 1881 408 CHRONICORUM
1912 353 2040 409 LIB.
2075 353 2139 409 ll.
3295 359 3401 414 5‘22

177 505 3388 533 mw

1682 903 1892 916 ..ι-ἠ..

1125 607 1314 647 OLYHP.
1387 608 1621 647 ABRAHA-
1681 610 1883 650 EGYPT.
2009 610 2124 649 ιω).
2292 611 2419 649 που.

1457 674 1558 718 “US
1675 734 1902 804 CleOpa-
1969 734 2171 805 Hyrca-
2213 735 2493 806 Augustus

1746 811 1830 858 tra
2007 821 2112 860 nus

248 939 526 997 Antonius
575 939 866 1013 adversum
908 942 1092 1013 Augu-
1123 901 1330 914 —_—
1401 903 1611 914 "——
1665 903 1892 966 θ’*
1965 904 2175 1001 Ἷῖιῖ
2208 906 2464 1000 εἶὲξᾷ
2516 946 2892 1004 AUGUSTUS
2939 947 3408 1013 OCTAVIANUS,

184 1013 637 1091 stth_C__;esarem
665 1012 866 1091 bellum
892 1012 1092 1068 movet.
2193 1017 2354 1091 annis
2383 1033 2492 1081 Lvt,
2528 1019 2818 1091 mensibus
2850 1035 2926 1083 vr,
2969 1035 2999 1073 a
3030 1035 3138 1090 quo
3168 1029 3221 1076 et
3251 1012 3410 1091 reges

262 1081 494 1159 Publius
536 1081 945 1159 mimographus
995 1099 1093 1138 na-
1471 1154 1589 1159 ____
1813 1155 1834 1159 _
2058 1155 2120 1159 Au
2190 1085 2560 1143 Romanorum
2591 1089 2824 1159 Augusti
2860 1081 3131 1159 appellati.

184 1150 1103 1248 £39."€§339_i‘39-n.'nccx.
1462 1154 1598 1210 *9“
1806 1155 1842 1212 ⁸
2052 1155 2123 1210 εδ
2372 1159 2397 1212 ί
2508 1150 2860 1248 "905'19‘9.
2888 1150 3177 1248 Furiam
3215 1164 3412 1248 sese”

174 1238 282 1277 tua:
323 1239 542 1278 scenam
584 1231 664 1278 te-
690 1223 776 1247 "’
848 1223 1103 1248 "Vw"
2508 1223 2781 1283 Herennio
2819 1229 3084 1300 Pompilio
3140 1233 3413 1288 occiditur

175 1304 294 1348 net.
2509 1313 2636 1354 wa
2661 1300 2838 1356 aetatis
2867 1316 2980 1355 suae
3004 1317 3170 1358 anno.

257 1430 290 1484 ὁ
320 1429 401 1485 Ab
421 1431 540 1484 loco
569 1431 894 1495 Antiocheni
927 1445 1024 1487 sua
1053 1438 1297 1502 tempora
1327 1441 1664 1506 computant.

252 1522 517 1579 Laberius
555 1527 844 1579 mimorum
877 1526 1114 1597 scriptor
1131 1525 1341 1583 decimo
1370 1543 1556 1584 mense
1579 1537 1702 1600 post
1740 1529 1930 1585 Caium
1955 1529 2224 1588 Caesarem
2255 1531 2491 1589 Puteolis
2523 1532 2770 1586 moritur

251 1618 532 1677 Ciceronis
552 1631 715 1692 caput
745 1635 868 1675 cum
903 1636 1066 1675 manu
1093 1620 1314 1678 dextera
1345 1639 1442 1694 pro
1473 1625 1670 1681 rostris
1701 1626 1940 1698 positum
1974 1646 1986 1680 :
2011 1626 2278 1698 juxtaque
2312 1634 2574 1683 coronata
2603 1612 2857 1695 Pompiiir
2877 1612 3069 1681 militis
3090 1626 3289 1697 imago,
3319 1626 3417 1697 qui

168 1727 309 1768 cum
333 1712 620 1768 occiderat.

253 1846 483 1922 Ovidius
539 1848 684 1906 Naso
734 1850 977 1907 nascitur
1027 1851 1084 1907 in
1443 1853 1582 1906 1975
1795 1853 1828 1908 9
2041 1851 2112 1905 26
2357 1852 2393 1905 2
2574 1851 2790 1905 Vibium
2832 1850 3123 1904 Maximum
3159 1852 3416 1922 designa-

171 1919 441 2017 Pelignis.
545 1998 560 2017 .
672 1991 706 2017 ,ι
799 1992 828 2017 Α
1004 1993 1017 2017 1
1185 1948 1320 2017 185
1450 1922 1585 1976 1976
1771 1924 1838 1977 10
2045 1923 2117 1976 27
2363 1923 2397 1976 5
2507 1919 3416 2017 tumquaestoremagpqvitdmni-

251 1974 466 2057 Cicero,
505 1998 563 2045 ut
594 1991 922 2063 quibusdam
967 1993 1084 2063 pla-
1185 1974 1320 2017 Ίδθ
1456 1974 1502 1976 ἡ
1535 1974 1575 1976 η
1776 1974 1793 1976 _
1815 1974 1827 1977 ⁷
2049 1974 2077 1976 _
2316 2016 2318 2018 τ
2373 1974 2387 1976 —
2511 1974 2616 2063 nus
2651 1974 2801 2063 s'uusi,
2835 1974 2996 2060 atque
3025 1974 3271 2045 abduxit:

176 2063 645 2132 cet1interlicitur
684 2062 736 2115 in
788 2061 1012 2118 Caietis.
2315 2071 2328 2082 ‘
2577 2061 2828 2116 Secunda
2884 2063 3126 2132 secessio
3180 2063 3411 2132 Augusti

253 2130 832 2204 Templalthodiorum
854 2132 1094 2204 depopu-
2492 2140 2547 2188 et
2581 2133 2804 2186 Antonii
2831 2131 3099 2187 consulis.

175 2201 332 2257 latus
361 2211 442 2257 est
471 2202 715 2258 Cassius.

263 2337 593 2392 Corniﬁcius
625 2345 782 2408 poeta
814 2353 845 2391 a
875 2336 1141 2394 militibus
1173 2337 1424 2394 desertus
1456 2338 1681 2405 interiit,
1703 2354 1843 2408 quos
1901 2353 2042 2408 saepe
2067 2337 2333 2409 fugientes
2357 2335 2598 2407 galeatos
2644 2335 2855 2406 lepores
2893 2336 3211 2407 appellarat.
3240 2335 3416 2408 Hujus

173 2445 340 2486 soror
369 2428 681 2490 Corniﬁcia,
720 2429 877 2499 cujus
907 2431 1144 2493 insignia
1179 2439 1394 2486 exstant
1424 2432 1835 2503 epigrammata.

252 2521 315 2577 C.
351 2519 628 2576 Falcidius
652 2521 905 2576 tribunus
928 2521 1102 2591 plebis
1143 2522 1315 2591 legem
1344 2523 1486 2587 tulit,
1517 2537 1585 2577 ne
1614 2523 1737 2592 quis
1768 2528 2094 2577 testamento
2125 2520 2247 2589 plus
2277 2519 2502 2590 legaret,
2535 2530 2696 2587 quam
2725 2524 2783 2570 ut
2807 2523 3000 2585 quarta
3036 2532 3164 2588 pars
3191 2517 3421 2572 [neredi-

171 2618 288 2672 bus
322 2626 651 2688 superesset,
687 2617 732 2672 si
763 2627 1001 2687 quatuor
1036 2625 1132 2671 aut
1164 2619 1344 2673 minus
1367 2626 1571 2673 essent.
1609 2617 1663 2672 Si
1691 2627 1869 2672 autem
1899 2617 2020 2686 plus
2064 2623 2318 2686 quatuor,
2346 2614 2606 2668 medietas
2632 2626 2698 2665 eo
2739 2620 2944 2677 tenore,
2975 2619 3034 2666 ut
3087 2613 3202 2669 sive
3233 2602 3420 2671 liberis

177 2714 304 2768 sive
337 2712 656 2783 propinquis
687 2721 840 2782 pater
870 2728 969 2768 sua
1007 2713 1232 2783 legaret,
1266 2714 1358 2766 illa
1401 2729 1527 2784 pars
1551 2729 1713 2784 quam
1739 2713 2012 2768 Falcidius
2059 2709 2364 2775 constituit,
2409 2708 2516 2763 nisi
2550 2715 2704 2777 pater
2743 2706 3107 2771 interdixerit,
3140 2714 3193 2762 et
3223 2708 3416 2778 legat-is

173 2805 516 2871 fruentibus,
548 2812 601 2860 et
638 2806 828 2860 iisdem
859 2806 1173 2862 carentibus
1205 2808 1487 2876 azqualiter
1518 2809 1830 2878 partiretur.

257 2899 479 2955 Curtius
508 2897 760 2954 Salassus
795 2896 898 2968 [αι.
929 2895 1248 2970 Thalassus]
1277 2900 1330 2954 in
1359 2901 1535 2954 insula
1564 2899 1741 2956 Arado
1771 2915 1893 2955 cum
1943 2905 2175 2969 quatuor
2211 2892 2532 2951 cohortibus
2582 2891 2739 2947 vivus
2772 2890 3093 2945 combustus
3125 2897 3229 2957 est,
3270 2888 3416 2960 quod

176 2993 393 3048 tributa
424 2994 642 3064 gravius
662 2992 919 3062 exigeret.

257 3089 301 3142 Ε
327 3089 550 3143 taberna
572 3087 849 3144 Meritoria
878 3096 1030 3142 trans
1063 3086 1302 3143 Tiberim
1334 3090 1512 3144 oleum
1538 3097 1680 3144 terra
1709 3088 1909 3158 erupit,
1946 3086 2216 3158 ﬁnxitque
2242 3093 2354 3140 tota
2393 3082 2480 3138 die
2512 3081 2629 3138 sine
2656 3079 3081 3146 intermissione,
3104 3077 3418 3151 signiﬁcans

178 3179 390 3235 Christi
423 3179 648 3247 gratiam
672 3192 736 3232 ex
768 3176 1020 3248 gentibus

257 3269 559 3324 Antonium
592 3275 810 3337 superat
836 3266 1136 3338 Augustus,
1160 3276 1213 3325 et
1241 3269 1641 3326 interveniente
1681 3279 1874 3326 senatu
1904 3285 2027 3325 cum
2080 3285 2144 3326 eo
2173 3270 2230 3324 in
2265 3268 2562 3324 amicitiam
2596 3265 2921 3339 regreditur.

252 3391 559 3447 fCornelius
625 3389 801 3459 Nepos
865 3389 1098 3459 scriptor
1447 3392 1586 3448 19⁵77
1764 3395 1824 3448 11
2043 3394 2113 3450 28
2363 3394 2397 3449 4

181 3463 483 3519 historicus
526 3461 707 3517 clarus
732 3459 984 3514 habetur.
1443 3465 1582 3518 1978
1762 3464 1828 3517 12
2041 3464 2111 3518 29
2363 3464 2396 3517 5

1448 3535 1586 3589 1979
1770 3535 1839 3587 15
2051 3534 2122 3588 '50
2368 3535 2401 3587 6

261 3671 623 3749 Furniipater
668 3680 722 3726 et
771 3669 911 3727 ﬁlius
960 3669 1092 3725 clari
1162 3629 1298 3700 ’186

1771 3605 1839 3658 u
2052 3605 2114 3659 st
2373 3601 2404 3657 7

1767 3675 1838 3749 15
2049 3675 2120 3749 ἐξ
2371 3674 2404 3749 ξ
2582 3740 2687 3749 _..
2789 3739 2799 3749 .
2947 3737 2976 3749 ..

189 3751 436 3798 oratores
474 3736 758 3796 'habentur
803 3759 814 3794 :
863 3754 1095 3809 quorum
1453 3745 1592 3799 1982
1770 3745 1838 3799 16
2049 3746 2117 3800 ’55
2368 3744 2401 3799 9
2581 3739 2874 3796 Sallustius
2927 3737 3067 3792 dicm
3094 3736 3252 3809 iobiit
3289 3753 3426 3807 qua-

189 3813 334 3892 ﬁlius
380 3812 681 3879 consularis
714 3819 839 3866 ante
881 3808 1101 3879 patrem
2504 3813 2756 3892 dri-ennio
2804 3817 2929 3862 ante
2985 3808 3268 3862 Actiacum
3310 3809 3423 3863 bel-

182 3885 437 3938 moritur.

260 3951 335 4006 Μ.
367 3951 563 4008 Bavius
581 3957 762 4020 poeta,
792 3967 950 4020 quem
974 3950 1095 4006 Vir-
1446 3954 1584 4010 1985

2041 3954 2110 4009 51
2331 3954 2400 4008 10
2508 3884 2742 4004 laudium
2787 3947 3088 4003 secim’dum
3143 3947 3420 4004 Romanos

177 4023 353 4092 gilius
412 4022 466 4076 in
515 4021 776 4075 Bucolicis
817 4029 1002 4090 notat,
1048 4023 1104 4077 in
2507 4035 2703 4076 cursus
2726 4020 2977 4073 inventus
3003 4025 3104 4070 est.

177 4091 536 4164 Cappadocia
565 4092 817 4146 moritur.

257 4284 289 4321 ο
313 4267 618 4337 Antigonus
639 4273 829 4320 contra
855 4262 1071 4318 Iudaeos
1099 4259 1368 4318 dimicans
1403 4263 1621 4318 tandem
1649 4264 1920 4318 occiditur
1950 4281 1961 4318 :
1998 4280 2027 4317 a
2069 4279 2176 4334 quo
2209 4277 2380 4334 usque
2409 4264 2462 4319 in
2499 4281 2740 4337 praesens
2763 4276 2977 4338 tempus
3010 4267 3424 4340 Hierosolymo-

177 4370 308 4415 rum
333 4375 561 4430 regnum
585 4359 920 4414 destructum
951 4366 1054 4413 est.
1081 4357 1359 4429 Siquidem
1387 4357 1627 4414 Herodes
1661 4368 1782 4429 post
1813 4377 1935 4415 eum
1975 4374 2004 4413 a
2043 4361 2304 4416 Romanis
2336 4364 2672 4419 constitutus
2703 4372 2786 4419 est
2821 4365 3070 4435 princeps
3099 4365 3422 4435 alienigena,

179 4467 240 4514 et
266 4457 402 4512 nihil
429 4456 652 4510 omnino
679 4454 747 4509 ad
778 4454 1018 4509 Judzeam
1044 4457 1342 4524 pertinens.

253 4546 546 4619 Hyrcanus
575 4554 762 4601 contra
784 4545 1014 4600 Parthos
1052 4561 1322 4616 pugnans,
1356 4545 1603 4613 captivus
1631 4545 1776 4615 apud
1807 4545 1927 4600 illos
1948 4547 2144 4602 ductus
2175 4555 2277 4601 est.
2308 4545 2560 4618 Hyrcano
2583 4549 2799 4618 captivo
2831 4548 2993 4610 iacto,
3025 4545 3267 4604 Herodes
3297 4548 3418 4603 An-

178 4639 374 4710 tipatri
405 4638 730 4694 Ascalonita;
757 4648 809 4692 et
855 4638 1046 4691 matris
1072 4636 1323 4707 Cypridis
1344 4639 1592 4692 Arabicae
1645 4639 1787 4692 tilius
1841 4654 1869 4690 a
1899 4637 2158 4694 Romanis
2188 4637 2499 4695 Judaeorum
2557 4642 2787 4710 suscipit
2824 4642 3186 4714 principatum
3219 4661 3232 4696 :
3263 4641 3422 4710 cujus

178 4744 432 4806 tempore
462 4735 662 4791 Christi
691 4734 973 4790 nativitate
1004 4735 1204 4797 vicina,
1245 4750 1468 4805 regnum
1492 4744 1545 4788 et
1591 4735 1959 4790 sacerdotium
1993 4735 2213 4799 Judzeae,
2257 4737 2401 4807 quod
2431 4737 2583 4807 prius
2615 4753 2708 4807 per
2732 4738 3108 4792 successiones
3143 4735 3418 4789 minorum

178 4828 498 4893 tenebatur,
533 4827 870 4884 destructum
905 4836 1006 4889 est,
1041 4826 1308 4896 completa
1343 4828 1647 4897 prophetia,
1681 4843 1799 4897 quae
1841 4829 1912 4881 ita
1964 4844 2057 4898 per
2101 4827 2338 4899 Moysem
2383 4829 2659 4899 loquitur:
2697 4827 2819 4882 Non
2844 4826 3049 4896 deﬁciet
3088 4827 3325 4894 princeps
3356 4840 3421 4878 ea:

176 4923 353 4987 Iuda,
381 4936 541 4994 neque
569 4923 677 4977 dux
704 4923 766 4978 de
796 4922 1080 4994 femoribus
1109 4924 1422 4991 ejus,donec
1445 4922 1614 4976 veniat
1639 4924 1723 4975 cui
1743 4924 2119 4991 repromissum
2135 4934 2231 4978 est.
2265 4922 2331 4976 Et
2361 4925 2471 4994 ipse
2501 4925 2599 4977 erit
2627 4923 2946 4996 exspectatio
2977 4923 3230 4992 gentium.
3265 4918 3420 4989 (Gen.

180 5034 339 5085 xm,
361 5017 474 5088 10.)
501 5018 556 5072 1η
575 5019 679 5073 hoc
705 5019 847 5073 enim
878 5018 998 5072 loco
1019 5016 1293 5082 Christus,
1318 5031 1477 5085 quem
1509 5013 1745 5069 Danielis
1769 5016 2038 5084 scriptura
2063 5014 2340 5083 prazfatur,
2360 5015 2568 5084 accepit
2602 5008 2928 5070 ﬁnem.Nam
2962 5029 3132 5083 usque
3158 5013 3223 5066 ad
3252 5011 3425 5067 Heroa

179 5110 306 5166 dem
344 5109 555 5175 cbristi,
591 5108 663 5163 id‘
682 5114 765 5162 est
793 5106 1124 5174 sacerdotes,
1157 5112 1313 5160 erant
1343 5119 1500 5175 reges
1519 5102 1830 5159 Judzeorum
1857 5119 1870 5156 :
1901 5104 1992 5174 qui
2020 5103 2286 5173 imperare
2309 5112 2587 5174 cceperant
2609 5119 2640 5157 a
2660 5104 2996 5175 sexagesima
3027 5104 3216 5165 quinta
3243 5103 3424 5173 olym-

251 5352 287 5388 α
347 5333 630 5404 Ῥωμαίων
680 5330 927 5403 δεύτερος
964 5329 1275 5382 ἐϐασίλευσε
1317 5327 1534 5399 Καῖσαρ
1575 5327 1744 5381 Σεϐα-
1854 5329 1946 5381 καὶ
1988 5325 2157 5380 πολλὰ
2183 5325 2679 5397 διαμαχησάμενος,
2711 5326 3030 5394 ἀναιρεῖται·
3070 5323 3163 5375 καὶ
3191 5321 3425 5378 ἐνταῦθα

179 5427 308 5490 στὺς
335 5424 655 5494 Αὓγουστος,
689 5426 718 5478 ὁ
748 5425 840 5476 καὶ
883 5423 1183 5486 Ὀκτάϐιος,
1210 5421 1302 5492 ἐτη
1327 5427 1433 5486 νς-’,
1465 5420 1640 5491 μῆνας
1669 5426 1741 5484 ς’.
1852 5419 2148 5490 καταλήγει
2171 5419 2232 5471 τὸ
2258 5419 2364 5472 τῶν
2403 5419 2669 5471 Ἰουδαίων
2699 5416 2984 5487 βασίλειον.
3026 5414 3288 5468 Ἐνταῦθα.
3314 5415 3371 5467 δὲ
3395 5417 3423 5468 ὁ

181 5520 385 5575 Chron.
426 5518 603 5586 pascit.
640 5535 693 5588 p.
735 5517 857 5580 189,
895 5515 959 5568 ι).
1732 5524 1734 5526 ⁷

1865 5506 2322 5578 προφητευόμενος
2357 5506 2505 5577 παρὰ
2534 5506 2612 5575 τῷ
2643 5504 2839 5575 Δανιὴλ
2867 5504 3097 5575 Χριστὸς
3125 5503 3422 5573 ἡγούμενος

253 5613 283 5663 b
317 5613 379 5664 Οἱ
433 5611 718 5680 Ἀντιοχεῖς
753 5609 900 5662 ἔνθεν
934 5607 1224 5679 ἀριθμοῦσι
1261 5605 1387 5669 τοὺς
1417 5604 1594 5659 αὐτῶν
1621 5603 1746 5674 χρό-
1849 5603 2000 5664 τέλος
2023 5602 2308 5672 λαμϐάνει’
2345 5601 2505 5672 μέχρι
2531 5600 2640 5670 γὰρ
2682 5598 2918 5670 Ἡρώδου
2954 5598 3163 5668 χριστοὶ
3189 5597 3422 5668 ἡγούμε-

181 5721 326 5768 νους.
360 5701 519 5773 Sync.
545 5717 595 5770 p.
623 5702 747 5766 505,
783 5700 844 5756 C.
1849 5714 1947 5752 νοι·
1978 5690 2121 5748 οὗτοι
2142 5695 2198 5748 δὲ
2218 5690 2357 5766 ἦσαν
2377 5695 2426 5746 οἱ
2454 5694 2747 5764 ἀρχιερεῖς,
2773 5693 2964 5753 οἵτινες
2992 5691 3422 5761 προεστήκεισαν

254 5814 280 5848 c
333 5796 649 5863 ’Awiyovog,
694 5796 760 5864 τῇ
818 5791 1080 5845 Ἰουδαίων
1127 5790 1368 5861 βασιλείᾳ
1411 5785 1738 5851 ἐπαναστὰς,
1848 5786 1938 5839 τοῦ
1975 5784 2236 5838 Ἰουδαίων
2276 5782 2478 5849 ἔθνους,
2523 5782 2814 5854 ἀρξάμενοι
2857 5781 2952 5850 μὲν
3000 5781 3107 5834 ἀπὸ
3145 5780 3242 5850 τῆς
3281 5775 3420 5831 κατὰ

511 5887 780 5946 Ρηιιοι.
815 5884 932 5944 Gn.
956 5883 1131 5944 XIX.
1833 5969 1849 5985 Α

3023 5875 3095 5934 17
