3892 6198
595 360 700 416 623

1247 359 1516 417 EUSEBII
1556 357 2033 417 CESARIENSIS
2069 357 2217 413 OPP.
2259 359 2438 414 PARS
2476 357 2516 416 l.
2553 388 2622 398 —
2661 359 3046 416 HISTOIlICA.
3644 371 3724 428 εει

592 608 774 680 piade,
807 615 862 664 et
895 608 964 664 ab
1005 609 1401 666 instauratione
1434 609 1619 678 templi
1655 610 1760 664 sub
1805 608 1990 674 Dario,
2023 623 2196 678 usque
2230 609 2299 664 ad
2349 607 2662 680 Hyrcanum
2707 617 2764 665 et
2804 608 3157 664 centesimam
3183 610 3532 678 octogesimam
3563 621 3728 668 sextam

590 703 972 776 Olympiadem,
998 706 1157 758 annis
1185 717 1524 758 ccccuxxm
1549 704 1604 758 in
1631 705 1811 760 medio
1838 703 2157 768 transactis,
2192 720 2332 776 quos
2365 704 2552 760 Daniel
2585 704 2856 776 signiﬁcat
2885 705 3075 761 dicens
3106 701 3201 756 :Et
3224 706 3346 758 scies
3373 713 3418 758 et
3442 705 3657 777 intelliges
3678 709 3728 762 ab

587 797 740 851 initio
769 799 1024 850 sermonis
1057 794 1402 865 respondendi
1421 804 1470 850 et
1497 794 1803 865 mdiﬁcandi
1831 795 2189 860 Hierusalem,
2222 813 2385 866 usque
2411 796 2480 850 ad
2509 795 2708 852 Christi
2735 797 3106 866 principatum,
3144 795 3457 852 hebdomadas
3485 810 3665 869 septem,
3692 812 3731 857 et

585 888 925 944 hebdomadw
961 889 1234 959 sexaginta
1261 888 1382 942 dua
1413 887 1577 960 (Dan.
1622 904 1699 954 Ix,
1753 889 1846 958 25)
1877 909 1890 945 :
1927 905 2048 961 qua:
2079 905 2204 944 uix
2259 889 2611 944 hebdomadas
2658 888 2866 944 facinnt
2901 904 3074 944 annos
3105 905 3458 946 ccccuxxni:
3489 891 3539 945 in
3577 892 3734 962 quibus

584 986 800 1052 christi,
836 985 887 1040 id
934 993 1018 1040 est
1052 984 1386 1051 sacerdotes,
1425 1000 1521 1055 per
1578 985 1892 1041 unctionem
1940 984 2273 1048 consecrati,
2313 992 2681 1057 regnaverunt
2727 999 2903 1054 usque
2951 983 3014 1038 ad
3049 983 3344 1054 Hyrcanum
3375 1001 3388 1036 :
3415 1000 3512 1055 quo
3542 994 3735 1041 extremo

583 1080 828 1134 omnium
861 1095 890 1133 a
920 1077 1138 1135 Parthis
1164 1089 1343 1150 capto,
1378 1079 1620 1136 Herodes
1649 1079 1920 1150 Antipatri
1971 1078 2116 1133 ﬁlius
2148 1077 2279 1132 nihil
2311 1078 2378 1132 ad
2410 1094 2469 1134 se
2501 1079 2859 1149 pertinentem
2901 1077 3140 1134 Iudaeam
3167 1078 3233 1132 ab
3275 1077 3500 1144 Augusto
3518 1082 3566 1130 et
3588 1084 3738 1132 senatu

584 1172 818 1244 accipit;
857 1171 1061 1242 ﬁliique
1084 1172 1206 1241 ejus
1232 1181 1352 1242 post
1380 1186 1504 1227 eum
1533 1178 1920 1243 regnaverunt,
1947 1186 2121 1235 usque
2152 1169 2220 1223 ad
2250 1170 2602 1226 novissimam
2633 1171 3134 1242 Hierosolymorum
3186 1169 3552 1238 captivitatem,
3574 1181 3740 1238 nequa-

582 1281 746 1340 guam
777 1281 842 1320 ex
878 1266 1231 1320 successione
1254 1265 1612 1320 sacerdotalis
1640 1264 1856 1336 generis
1890 1263 2239 1334 pontiﬁcibus
2261 1265 2600 1327 constitutis,
2635 1280 2811 1335 neque
2857 1264 3219 1336 perpetuitate
3245 1261 3362 1316 vitae
3399 1258 3659 1317 secundum
3679 1257 3738 1312 le-

579 1373 701 1429 gem
730 1355 901 1428 Moysi
936 1356 1307 1412 servientibus
1353 1355 1482 1410 Deo.
1515 1353 1792 1426 lgnobiles
1821 1369 1952 1410 vero
1997 1354 2244 1425 quidam,
2275 1362 2330 1409 et
2374 1355 2482 1409 alio
2526 1361 2772 1424 temporc
2796 1354 2911 1416 alii,
2956 1363 3010 1408 et
3041 1351 3286 1407 nonnulli
3327 1350 3478 1404 unius
3503 1349 3629 1411 anni,
3653 1349 3738 1404 sive

580 1433 795 1506 modico
816 1451 1070 1521 anlplius,
1100 1464 1128 1503 a
1163 1446 1429 1502 Romanis
1457 1449 1878 1520 imperatoribus
1899 1448 2264 1529 sacerdotium
2289 1449 2561 1504 emebant.
2603 1447 2734 1514 Quae
2759 1448 2942 1502 omnia
2973 1447 3138 1501 etiam
3173 1444 3356 1500 Daniel
3383 1442 3613 1515 prapheta
3633 1442 3738 1496 vati-

529 1583 558 1608 ,
579 1545 796 1598 cinatur
824 1543 894 1597 ita
922 1541 1113 1597 dicens
1141 1559 1153 1593 :
1191 1538 1258 1594 Et
1290 1551 1406 1609 post
1439 1539 1786 1595 hebdomades
1827 1556 1902 1594 vu
1932 1550 1983 1594 et
2019 1555 2155 1604 un,
2183 1541 2421 1595 interibit
2465 1540 2716 1604 chrisma,
2750 1548 2805 1594 et
2821 1538 3085 1608 judicium
3120 1553 3226 1591 non
3255 1538 3354 1592 erit
3381 1538 3434 1590 in
3457 1552 3509 1589 eo
3535 1550 3552 1588 :
3578 1543 3620 1588 et
3636 1545 3735 1588 tem-

575 1639 718 1707 plum
743 1645 792 1692 et
821 1646 1062 1691 sanctum
1087 1644 1382 1701 corrumpet
1407 1636 1629 1703 populus
1652 1633 1783 1687 duce
1813 1634 2045 1688 veniente
2068 1650 2086 1687 :
2115 1641 2167 1688 et
2207 1631 2472 1688 credentur
2493 1633 2547 1686 in
2591 1632 2912 1702 cataclysmo
2949 1630 3072 1684 belli
3112 1630 3260 1700 (ibid.
3289 1627 3395 1696 26).
3428 1625 3490 1681 Et
3519 1627 3567 1681 in
3587 1641 3734 1682 conse-

577 1731 872 1800 quentibus
902 1748 915 1784 :
953 1727 1021 1782 Et
1050 1742 1204 1796 super
1254 1727 1522 1796 templum,
1550 1729 1739 1798 inquit,
1767 1727 2096 1782 abominatio
2150 1726 2538 1782 desolationum
2566 1742 2584 1780 :
2626 1736 2676 1780 et
2709 1743 2870 1796 usque
2921 1725 2988 1778 ad
3028 1723 3514 1777 consummationem
3548 1719 3736 1789 temporis

574 1822 956 1878 consummatio
981 1819 1197 1873 dabitur
1223 1835 1379 1890 super
1409 1819 1790 1875 desolationem
1812 1817 1977 1889 (Ibid.
2007 1818 2120 1889 27).

1529 1993 1720 2034 OLYIP.
1797 1994 2032 2033 ABBAHA'
2089 1993 2292 2033 εοιρτ.
2416 1993 2530 2032 JUD.

1864 2064 1966 2105 I08

2685 1993 2815 2032 ιιοι.

2078 2118 2309 2189 Cleopa-
2351 2117 2596 2174 Herodes
2670 2118 2850 2187 Augu-

2153 2197 2238 2242 tra
2688 2200 2809 2243 stus

1529 2290 1589 2298 —
1595 2289 1733 2299 ——
1805 2287 2011 2298 --——
2085 2288 2225 2304 ...ιο-.-
2250 2288 2297 2298 ,-
2367 2287 2577 2299 --σ-

2668 2287 2858 2298 ——-—-

2137 2389 2169 2426 α
2196 2372 2237 2428 l.
2262 2371 2586 2428 HERODES
2616 2373 2942 2444 alienigena,
2973 2373 3264 2431 deﬁciente
3301 2389 3433 2444 pon-

643 2506 862 2593 Antonii
1031 2502 1106 2576 R,
1153 2503 1463 2576 cccxx,
1547 2530 1683 2598 187
1828 2506 1965 2562 isse

565 2608 622 2655 ει
647 2587 870 2671 Augusti
896 2597 1089 2657 lmdus.

2142 2513 2209 2568 18

2279 2444 2484 2568 ιὶιίοιιιη
2513 2445 2842 2568 principatu,
2877 2445 3036 2499 annis
3065 2460 3278 2499 xxxvii.

637 2724 668 2775 b
694 2719 935 2777 Herodes
972 2720 1274 2776 Ananelum
1301 2719 1592 2791 quemdam
1620 2724 1686 2775 de
1718 2717 1995 2789 Babylone
2018 2719 2254 2774 accitum
2286 2720 2589 2792 pontiﬁcem
2623 2722 2931 2778 Judasorum
2963 2725 3253 2780 constituit
3279 2741 3291 2776 :
3319 2732 3372 2778 et
3405 2730 3519 2795 post
3545 2720 3746 2792 exiguum

567 2817 851 2888 temporis,
884 2817 1256 2871 Aristobulum
1307 2813 1529 2870 fratrem
1573 2815 1764 2869 uxoris
1803 2831 1940 2880 suae,
1995 2823 2248 2886 nepotem
2297 2815 2558 2888 Hyrcani,
2597 2833 2971 2876 successorem
3000 2820 3051 2875 ei
3076 2819 3268 2876 dedit:
3304 2836 3410 2893 quo
3445 2828 3556 2892 post
3592 2829 3747 2870 annum

569 2908 884 2976 interfecto,
914 2925 1132 2964 rursum
1161 2907 1405 2962 Ananelo
1432 2905 1666 2962 reddidit
1691 2907 2082 2963 sacerdotium.

1836 3031 1858 3084 l
1872 3029 1977 3085 985

1836 3101 1974 3155 1986

640 3031 894 3088 Colonias
922 3029 1196 3085 deduxere
1228 3027 1478 3083 Romani.

635 3119 663 3155 c
689 3107 964 3172 Augustus
1003 3099 1353 3172 triumphavit
1381 3114 1476 3168 pe-

567 3171 787 3228 destris
813 3171 1130 3225 certaminis
1183 3171 1479 3239 triumpho.

2152 3030 2221 3086 19

2149 3101 2222 3156 20

2466 3033 2504 3087 2
2717 3034 2785 3088 12

2468 3103 2502 3158 5
2717 3106 2784 3170 15

635 3284 851 3340 Nicetes
869 3296 920 3342 et
942 3283 1186 3355 Hybreas
1217 3284 1313 3356 lal.
1347 3277 1616 3356 Tybrcas]
1662 3291 1715 3337 et
1740 3282 2090 3348 Theodorus,
2110 3292 2165 3340 et
2201 3283 2377 3342 Plutia
2407 3285 2734 3344 nobilissimi
2761 3290 2908 3347 artis
2933 3291 3232 3350 rhetorica:
3257 3293 3428 3351 Grmci
3456 3299 3758 3367 praeceptores

565 3379 852 3436 habentur.

563 3565 788 3634 Δαρεῖον
815 3558 1165 3624 ἀνανεώσεως
1194 3561 1287 3614 τοῦ
1333 3559 1499 3633 ἱεροῦ,
1535 3561 1676 3615 κατὰ
1706 3559 1803 3631 τὴν
1837 3559 2135 3633 ἑξηκοστὴν

563 3657 658 3710 καὶ
687 3654 941 3724 πέμπτην
985 3654 1337 3725 Ὀλυμπιάδα,
1359 3654 1617 3726 λήξαντες
1642 3654 1698 3708 δὲ
1723 3655 1815 3709 ἐπὶ
1847 3653 2130 3725 Ὑρκανὸν,

564 3751 660 3803 ἐπὶ
688 3751 785 3822 τῆς
815 3755 946 3820 ρπς¹
991 3747 1368 3820 Ὀλυμπιάδος·
1399 3749 1466 3801 τὰ
1493 3748 1548 3801 δὲ
1577 3747 1776 3819 μεταξὺ
1807 3747 2009 3801 τούτων
2041 3764 2134 3816 γεο

562 3845 750 3900 ν’έσθαι
796 3844 890 3913 ἐτη
940 3849 1085 3912 υπγ⁹,
1114 3843 1289 3897 ὁπόσα
1313 3843 1377 3914 δὴ
1476 3843 1566 3897 τοῦ
1601 3843 1798 3916 Δανιὴλ
1831 3842 2131 3916 προφητεία

565 3935 808 4000 θεσπίζει
843 3936 1094 4004 λέγουσα·
1128 3936 1237 3990 Καὶ
1279 3935 1481 4006 γνώσῃ
1531 3938 1626 3991 καὶ
1676 3937 1968 4003 συνήσεις
2011 3935 2130 3991 ἀπὸ

563 4027 778 4095 ἐξόδου
809 4031 994 4101 λόγου
1022 4029 1128 4084 τοῦ
1155 4029 1568 4100 ἀποκριθῆναι,
1617 4032 1715 4085 καὶ
1762 4031 1868 4086 τοῦ
1907 4031 2132 4085 οἰκοδο-

564 4121 753 4194 μῆσαι
796 4116 1202 4192 Ἰερουσαλὴμ,
1239 4122 1351 4189 ἕως
1384 4125 1639 4192 Χριστοῦ
1670 4125 2003 4194 ἡγουμένου
2040 4125 2130 4178 ἐϐ-

564 4213 818 4284 δομὰδες
849 4213 998 4268 ἑπτὰ
1045 4215 1142 4268 καὶ
1194 4211 1511 4284 ἐϐδομάδες
1539 4215 1644 4280 ξδ’.
1688 4210 1854 4269 Αῦται
1887 4218 1942 4270 αἱ
1977 4216 2130 4270 ἐννέα

564 4305 658 4358 καί
703 4300 965 4376 ἑξήκοντα
1008 4304 1296 4374 ἑϐδομὰδες
1342 4306 1719 4378 συμπληροῦσι
1762 4307 1948 4378 χρόνον
1995 4307 2129 4360 ἐτῶν

563 4402 710 4464 υπγ’·
743 4397 912 4449 όπόσα
938 4395 1030 4467 ἐτη
1063 4395 1319 4464 τυγχάνει
1365 4395 1468 4465 τῆς
1513 4396 1688 4468 ἀρχῆς
1733 4396 1841 4448 τῶν
1892 4395 2129 4467 χριστῶν

564 4487 898 4559 ἡγουμένων·
947 4482 1020 4542 ὧν
1067 4487 1372 4541 τελευταίου
1427 4487 1693 4559 Ὑρκανοῦ
1744 4488 1853 4541 ἀπὸ
1903 4487 2132 4558 Πάρθων

563 4578 906 4650 αἰχμαλώτου
943 4577 1254 4650 ληφθέντος,
1291 4579 1320 4631 ό
1362 4575 1605 4650 Ἡρώδης
1637 4577 1730 4631 τοῦ
1778 4578 2130 4648 Ἀντιπάτρου

567 4671 731 4742 μηδὲν
774 4674 1150 4744 προσήκουσαν
1196 4669 1342 4742 αὐτῷ
1386 4670 1485 4743 τὴν
1530 4670 1637 4725 τῶν
1687 4670 1952 4724 Ἰουδαίων
1980 4671 2132 4741 βασι-

561 4762 712 4818 λείαν
743 4765 846 4817 ὑπὸ
885 4765 1192 4836 Αὐγούστου
1235 4765 1328 4817 καὶ
1363 4763 1662 4834 συγκλήτου
1701 4764 1986 4835 Ῥωμαίων
2028 4783 2130 4818 πα-

565 4855 916 4928 ραλαμϐάνει·
967 4859 1201 4911 κᾶπειτα
1250 4858 1298 4910 οἱ
1348 4857 1538 4911 τούτου
1586 4856 1772 4920 παῖδες
1823 4857 1982 4929 μέχρι
2032 4859 2131 4929 τῆς

566 4949 804 5020 ὑστάτης
845 4948 1228 5022 Ἰεροσολύμων
1257 4950 1588 5020 πολιορκίας·
1620 4950 1718 5004 οὐκ
1749 4950 1828 5020 ἔτι
1860 4953 1906 5003 οἱ
1931 4953 1993 5028 sic
2019 4951 2133 5004 δια-ι

562 5042 723 5113 δοχῆς
748 5041 840 5094 τοῦ
871 5043 1139 5112 ἱερατικοῦ
1170 5043 1358 5112 γένους
1389 5043 1608 5114 ίερῶντο
1637 5041 1714 5114 τῷ
1738 5041 1875 5114 Θεῷ,
1909 5042 2028 5096 οὐδὲ
2047 5042 2132 5097 διὰ

567 5132 681 5201 βὲου
712 5131 853 5187 κατὰ
881 5133 972 5184 τὸν
1004 5135 1282 5199 Μωῦσέως
1314 5134 1496 5205 νόμον·
1536 5134 1738 5206 ἄσημοι
1770 5133 1827 5186 δέ
1859 5150 2002 5198 τινες
2034 5133 2128 5188 ἄλ-

565 5224 684 5276 λοτε
710 5224 874 5278 ἄλλοι·
901 5225 994 5277 καὶ
1013 5227 1064 5278 οἱ
1093 5227 1189 5296 μὲν
1210 5227 1491 5291 ἐνιαύσιοι,
1515 5229 1566 5280 οἱ
1581 5227 1636 5280 δὲ
1654 5227 1731 5280 ἔτι
1760 5227 1924 5297 ὀλίγῳ
1947 5225 2126 5290 πλέον,

566 5318 714 5388 παρὰ
743 5319 850 5370 τῶν
895 5319 1214 5388 Ῥωμαϊκῶν
1241 5320 1558 5392 ἡγουμένων
1595 5319 1694 5391 τὴν
1723 5318 2130 5391 ἀρχιερωσύνην

561 5408 871 5475 ιξωνοῦντο.

644 5499 888 5574 Ἡρώδης
934 5503 1288 5575 ’Δντιπάτρου
1331 5504 1424 5558 τοῦ
1469 5502 1865 5558 Ἀσκαλωνίτου
1901 5499 1994 5555 καὶ
2033 5519 2131 5573 μη-

560 5591 690 5663 τρὸς
714 5592 988 5664 Κύπριδος
1029 5595 1357 5668 ’Δραϐίσσης
1390 5595 1540 5649 οὐδὲν
1569 5596 1718 5666 αὐτῷ
1751 5595 2129 5666 προσήκουσαν

561 5681 661 5753 τὴν
696 5683 962 5738 Ἰουδαίων
993 5683 1268 5753 βασιλείαν
1300 5685 1406 5739 ὑπὸ
1435 5685 1720 5756 Ῥωμαίων
1747 5682 2127 5755 ἐγχειρίζεται,

565 5773 684 5826 καθ’
714 5774 772 5829 ὃν
803 5773 903 5844 τῆς
931 5771 1022 5827 τοῦ
1054 5773 1288 5842 Χριστοῦ
1318 5775 1619 5843 γεννήσεως
1646 5773 2064 5839 πλησιαζούσης,
2092 5776 2124 5844 ή

2241 3565 2306 3616 ὲκ
2332 3563 2594 3633 προγόνου
2625 3564 2861 3638 διαδοχή,
2901 3569 3289 3642 ἀρχιερωσύνη
3314 3590 3374 3625 τε
3405 3573 3494 3626 καὶ
3530 3569 3652 3643 ἀρχὴ
3678 3564 3763 3618 τῶν

2254 3655 2518 3708 Ἰουδαίων
2581 3657 2870 3728 κατελύθη,
2935 3661 3439 3736 συμπληρουμένης
3499 3663 3592 3735 τῆς
3645 3656 3765 3729 παρὰ

2239 3747 2440 3818 Μωῦτῇ
2481 3747 2741 3821 λεγούσης
2769 3754 3119 3825 προφητείας·
3157 3759 3287 3812 Οὐκ
3321 3757 3578 3826 ἐκλείψει
3605 3751 3762 3821 ἄρχων

2234 3837 2305 3902 ἐξ
2356 3839 2558 3902 Ἰούδα,
2606 3843 2704 3896 καὶ
2743 3843 2942 3915 ἄρχων
2971 3848 3040 3900 ἐκ
3075 3847 3199 3902 τῶν
3221 3850 3436 3920 μηρῶν
3461 3844 3646 3908 αὐτοῦ,
3677 3841 3760 3903 ἕως

2237 3928 2313 3984 ἂν
2334 3933 2480 4001 ἔλθῃ
2503 3925 2553 3999 ᾧ
2573 3935 2897 4002 ἀπόκειται,
2922 3939 3018 3992 καὶ
3039 3939 3229 4008 αὐτὸς
3249 3942 3578 4012 προσδοκία
3595 3932 3761 3992 ἐθνῶν·

2247 4025 2401 4096 Ἑξῆς
2429 4025 2484 4080 δὲ
2517 4027 2544 4080 δ
2578 4028 2772 4100 Δανιὴλ
2803 4032 3132 4103 προφητεύει
3157 4031 3361 4103 λέγων·
3395 4034 3501 4088 Kal
3527 4028 3658 4103 μετά
3677 4024 3762 4086 τὰς

2232 4115 2277 4178 ζ·
2309 4117 2406 4172 καὶ
2439 4118 2524 4183 εδ·
2552 4119 2880 4190 ἑϐδομάδας
2905 4123 3505 4195 έξολοθρευθήσεται,
3542 4123 3630 4177 και
3666 4116 3767 4188 xpl-

2232 4226 2358 4279 σμα
2383 4214 2492 4265 οὐκ
2512 4212 2684 4266 ἔσται
2706 4214 2774 4267 ἐν
2793 4214 2972 4281 αὐτῷ,
3002 4217 3102 4271 καὶ
3129 4219 3198 4273 τὸ
3233 4221 3400 4289 ἱερὸν
3431 4218 3527 4274 καὶ
3552 4215 3610 4270 τὸ
3630 4211 3764 4281 ἄτιον

2233 4301 2533 4372 διαφθερεῖ
2552 4305 2701 4372 λαὸς
2725 4307 3058 4377 ἡγουμένου
3103 4309 3465 4382 ἐρχομένου,
3507 4307 3596 4363 καί
3627 4298 3770 4363 κοπιί·

2233 4411 2441 4446 σονται
2468 4395 2540 4448 ἐν
2583 4397 2986 4468 κατακλυσμῷ
3030 4400 3326 4471 πολέμου·
3369 4403 3464 4457 καὶ
3503 4399 3619 4468 ἑξῆς
3644 4403 3768 4464 φησν

2233 4486 2343 4540 Καὶ
2371 4488 2468 4541 ἐπὶ
2516 4489 2582 4542 τὸ
2628 4491 2788 4559 ἱερὸν
2808 4490 3122 4564 βδέλυγμα
3160 4493 3287 4548 τῶν
3316 4492 3670 4564 ἐρημώσεων,
3695 4480 3772 4555 κιέλ

2233 4580 2339 4645 ἕως
2370 4583 2723 4649 συντελείας
2759 4583 2967 4652 καιροῦ
3006 4584 3335 4640 συντέλεια
3372 4581 3670 4648 δοθήσεται
3693 4569 3773 4626 ἐπὶ

2234 4672 2349 4741 τὴν
2369 4673 2689 4743 ἐρήμωσιν.
2715 4674 2874 4746 Sync.
2901 4691 2951 4745 ρ.
2981 4677 3104 4740 509,
3131 4677 3261 4732 510.

2306 4781 2340 4816 a
2368 4763 2489 4816 Τῶν
2536 4765 2685 4836 παρὰ
2745 4765 3017 4832 Ἰουδαίοις
3070 4768 3384 4841 ἀρχιερέων
3436 4760 3774 4820 ἐκλειπόντων,

2247 4855 2490 4930 Ἡρώδης
2537 4857 2830 4928 ἀλλόφυλος
2891 4858 3179 4928 βασιλεύει.
3245 4860 3454 4917 Chron.
3518 4855 3683 4928 paullo
3734 4861 3776 4915 Ρ·

2237 4950 2360 5016 189,
2397 4949 2465 5004 Α.

2306 5038 2339 5090 b‘
2385 5038 2644 5112 Ἡρώδης,
2692 5039 2975 5112 Ἀνάνηλόν
3010 5059 3128 5094 τινα
3169 5040 3664 5115 μεταπεμψάμενος
3695 5025 3780 5084 ἀπὸ

2235 5129 2568 5197 Βαϐυλῶνος,
2614 5131 2889 5186 ’ῐουδαίων
2930 5134 3190 5205 ἀρχιερέα
3234 5133 3552 5203 καθίστησι.
3590 5123 3707 5182 Μετ’
3729 5117 3778 5168 οὐ

2239 5224 2371 5278 πολὺ
2409 5223 2486 5287 δὲ,
2531 5222 2715 5277 τοῦτον
2755 5223 2984 5289 παύσας,
3027 5225 3442 5296 Ἀριστόϐουλον
3472 5223 3562 5277 τὸν
3590 5211 3779 5280 ἀδελφὸν

2235 5318 2334 5389 τῆς
2375 5315 2565 5370 ἑαυτοῦ
2611 5316 2886 5385 γυναικὸς,
2929 5310 3043 5370 υἱὸν
3083 5317 3210 5370 ὄντα
3263 5314 3562 5388 Ὑρκανοῦ,
3591 5308 3676 5364 ἐπὶ
3702 5302 3778 5370 τὴν

2235 5409 2398 5480 τιμὴν
2431 5409 2677 5480 προάγει.
2727 5410 3002 5463 Ἐνιαυτοῦ
3029 5410 3086 5462 δὲ
3109 5409 3524 5479 διαγενομένου,
3558 5389 3782 5462 «amni

2249 5498 2520 5570 Ἀνανήλῳ
2579 5495 2888 5566 ἀποδίδωσι,
2955 5500 3046 5553 τὸν
3117 5499 3538 5571 Ἀριστόϐουλον
3586 5485 3780 5548 avsum.

2238 5591 2384 5647 Idem
2416 5606 2470 5661 ρ.
2497 5593 2620 5656 190,
2652 5592 2715 5656 Β,
2743 5600 2795 5646 et
2821 5591 2978 5663 Sync.
3006 5608 3059 5660 ρ.
3091 5592 3213 5653 5H,
3254 5591 3308 5645 ο

2304 5700 2332 5738 c
2364 5683 2668 5753 Δύγουστος
2711 5685 2873 5749 πεζὸν
2908 5683 3275 5755 ἐθριάμϐευσε
3317 5680 3610 5755 θρίαμϐον.
3642 5671 3781 5742 Sy“.

2231 5790 2282 5843 ρ.
2313 5773 2436 5836 505,
2463 5773 2528 5827 D.
