3892 6198
350 252 459 311 εδδ
1054 243 1325 308 EUSEBII
1363 248 1844 309 CESARIENSIS
1882 249 2034 308 OPP.
2077 249 2259 305 PARS
2290 249 2332 306 Ι.
2366 278 2436 293 -
2472 245 2860 305 HISTORICA.

1413 503 1605 544 OLYIP.
1622 550 1627 555 ι
1697 503 1959 546 CHRISTUS
2056 505 2076 543 ι
2085 505 2176 545 UD.
2340 504 2470 546 λοι.

2031 572 2205 639 Héro-
2242 580 2493 650 Tiberius

2063 653 2160 709 des

1437 748 1644 764 α-ο-ἀ-σ
1715 753 1925 766 σ--ιι-

2069 793 2136 848 16
2349 792 2416 848 16

2069 794 2094 848 l
2349 793 2416 848 l6

418 904 450 940 a
478 885 640 943 Jesus
675 886 952 949 Christus,
1004 882 1176 942 Filius
1200 882 1318 953 Dei,
1350 885 1645 949 salutarem
1695 794 1911 945 cunigis
1940 793 2247 961 praediians
2277 886 2440 956 viam,
2465 884 2753 963 miracula,
2789 901 2910 957 qua:
2936 885 2991 941 in
3023 884 3330 958 Evangeliis
3369 885 3593 961 scripta

343 991 491 1048 sunt,
530 981 677 1037 facit.

1995 753 2207 765 ———

1785 1105 1848 1159 ’51
2071 1105 2137 1159 i7
2348 1104 2417 1158 17

409 1215 572 1271 Iesus
608 1214 884 1277 Christus,
919 1213 1091 1269 Filius
1119 1211 1238 1278 Dei,
1273 1213 1577 1285 discipulos
1625 1233 1758 1274 suos
1778 1196 1980 1287 divinis
2013 1219 2263 1280 imbuens
2292 1217 2671 1285 sacramentis,
2701 1225 2763 1273 ut
2782 1214 3054 1273 universis
3077 1213 3330 1287 gentibus
3358 1229 3597 1273 conver-

341 1309 551 1366 sionem
594 1308 663 1365 ad
682 1308 852 1365 Deum
880 1309 1154 1373 nuntient,
1185 1308 1433 1378 imperat.
3199 1331 3204 1334 -

1497 1491 1638 1569 203
1780 1466 1852 1591 ea
2059 1465 2130 1591 ιι
2338 1466 2410 1591 :3

411 1720 440 1773 b
479 1717 640 1774 Jesus
659 1717 912 1777 Christus
931 1715 1233 1773 secundum
1292 1717 1629 1790 pr0phetias,
1664 1731 1788 1789 qua!
1833 1716 1987 1772 deeo
2019 1715 2234 1774 fuerant
2264 1718 2593 1789 praelocutaa,
2625 1718 2693 1774 ad
2738 1720 3051 1797 passionem
3106 1720 3256 1777 venit
3301 1735 3446 1778 anno
3490 1720 3597 1781 Ti-V

337 1813 475 1869 berii
494 1829 630 1869 xvnt
662 1832 675 1868 :
703 1828 812 1883 quo
837 1822 941 1867 tem
954 1826 1086 1882 pore
1107 1812 1271 1866 etiam
1296 1812 1353 1867 in
1372 1812 1495 1869 aliis
1522 1812 1864 1867 ethnicorum
1888 1811 2301 1868 commentariis
2332 1812 2446 1868 hanc
2466 1813 2534 1868 ad
2563 1812 2788 1869 verbum
2818 1815 3024 1884 scripta
3060 1814 3367 1884 reperimus
3392 1833 3405 1869 :
3437 1812 3590 1870 Solis

339 1906 482 1960 fucta
515 1904 749 1961 defectio
782 1923 795 1959 :
832 1902 1089 1976 Bithynia
1121 1912 1431 1961 terrmmotu
1473 1919 1764 1967 concussa,
1797 1912 1851 1959 et
1879 1903 1935 1957 in
1989 1903 2126 1977 urbe
2152 1902 2365 1959 Nicaena
2397 1904 2542 1961 ardes
2576 1905 2824 1975 plurimae
2862 1915 3206 1961 corruerunt.
3240 1904 3371 1972 Quae
3397 1906 3590 1960 omnia

337 1998 424 2053 bis
457 2006 786 2069 congruunt,
819 2014 939 2069 quae
969 1998 1022 2053 in
1054 2000 1309 2070 passione
1349 1998 1564 2054 Domini
1617 1998 1954 2054 acciderunt.
1995 1996 2196 2053 Scribit
2217 2014 2347 2054 vero
2385 2015 2550 2070 super
2584 1999 2669 2056 his
2699 2009 2753 2056 et
2791 1998 3052 2071 Phlegon,
3088 1999 3182 2071 qui
3215 2000 3591 2072 olympiadum

335 2092 590 2163 egregius
611 2100 940 2161 supputator
969 2101 1072 2157 est,
1107 2092 1163 2146 in
1196 2094 1359 2147 tertio
1384 2091 1595 2147 decimo
1624 2091 1762 2145 libro
1790 2091 1863 2144 ita
1893 2091 2124 2147 dicens:
2150 2090 2356 2157 Quarto
2386 2100 2570 2147 autem
2609 2107 2755 2148 anno
2782 2107 2890 2149 ccn
2924 2092 3273 2165 Olympiadis,
3301 2105 3498 2162 magna
3529 2097 3594 2146 et

333 2186 611 2241 excellens
647 2186 786 2241 inter
815 2201 1028 2251 omnes,
1053 2202 1174 2258 qua}
1212 2196 1337 2242 ante
1376 2202 1496 2242 eam
1531 2186 1865 2252 acciderant,
1904 2185 2135 2242 defectio
2170 2187 2302 2243 solis
2335 2193 2421 2244 est
2460 2186 2602 2243 facta
2631 2206 2646 2243 :
2675 2186 2815 2252 dies,
2863 2187 2995 2242 hora
3020 2194 3195 2246 sexta.
3236 2187 3310 2241 ita
3351 2186 3404 2240 in
3438 2191 3592 2239 tene-

335 2277 555 2332 brosam
586 2286 799 2344 noctem
825 2291 1040 2343 versus,
1079 2284 1139 2339 ut
1181 2276 1351 2340 stella:
1381 2276 1434 2330 in
1468 2275 1607 2331 coelo
1650 2274 1783 2341 visa:
1830 2274 1945 2330 sint
1978 2295 1990 2331 :
2024 2282 2292 2347 terraeque
2331 2282 2515 2343 motus
2554 2276 2610 2331 in
2654 2274 2906 2350 Bithynia
2932 2273 3165 2330 Nicaenae
3207 2274 3361 2331 urbis
3384 2275 3591 2330 multas

336 2372 481 2427 aedes
511 2371 799 2432 subvertit.
832 2370 957 2426 llaec
982 2372 1328 2441 supradictus
1349 2371 1455 2427 vir.

406 2463 801 2535 Argumentum
841 2474 1020 2520 autem
1054 2466 1217 2536 huius
1245 2466 1342 2529 rei,
1378 2464 1523 2536 quod
1555 2464 1806 2521 Salvator
1839 2466 1946 2522 isto
1976 2480 2117 2521 anno
2161 2479 2359 2536 passus
2402 2464 2496 2527 sit.
2524 2463 2677 2520 affert
2713 2463 3064 2537 Evangelium
3094 2463 3359 2520 Joannis:
3392 2464 3447 2518 in
3476 2478 3594 2533 quo

337 2554 619 2622 scribitur,
648 2563 771 2625 post
800 2570 868 2609 xv
892 2569 1094 2609 annum
1120 2554 1323 2611 Tiberii
1367 2555 1603 2621 Caesaris
1632 2555 1811 2623 tribus~
1831 2555 1990 2611 annis
2018 2554 2308 2629 Dominum
2352 2555 2699 2624 praedicasse.
2747 2552 3022 2625 Iosephus
3050 2554 3237 2625 etiam,
3258 2554 3592 2611 vernaculus

333 2648 646 2708 Iudaeorum
696 2647 951 2718 scriptor,
981 2648 1129 2703 circa
1179 2648 1293 2703 hac
1345 2656 1589 2717 tempora
1637 2648 1726 2703 die
1773 2648 2127 2703 Pentecostes
2171 2646 2484 2702 sacerdotes
2512 2647 2749 2718 primum
2788 2645 3208 2701 commotionem
3246 2645 3492 2700 locorum
3530 2653 3595 2702 et

335 2740 602 2817 quosdam
660 2742 872 2798 sonitus
932 2744 1174 2819 sensisse
1217 2750 1450 2817 testatur
1477 2763 1489 2797 :
1516 2741 1712 2799 deinde
1766 2759 1834 2799 ex
1885 2744 2069 2799 abdito
2108 2740 2294 2812 templi
2335 2742 2677 2815 repentinam
2714 2741 2965 2813 erupisse
2988 2755 3179 2797 vocem
3234 2740 3535 2796 dicentium
3567 2754 3590 2796 :

338 2838 793 2909 Transmigremus
827 2840 993 2895 exitia
1028 2840 1258 2895 sedibus.
1289 2840 1491 2897 Scribit
1537 2849 1721 2896 autem
1756 2840 2107 2911 supradictus
2138 2841 2244 2909 vir,
2286 2840 2433 2912 quod
2471 2839 2660 2895 eodem
2701 2854 2844 2894 anno
2880 2837 3090 2893 Pilatus
3129 2851 3330 2907 praeses
3370 2842 3591 2892 secreto

332 2936 514 2991 noctis
538 2936 803 3007 inagzues
822 2935 1056 2992 Caesaris
1089 2936 1145 2991 in
1180 2936 1380 3008 templo
1402 2937 1656 2992 statuerit
1680 2954 1695 3004 ;
1726 2946 1780 2992 et
1808 2938 1925 2993 haec
1960 2939 2133 3007 prima
2175 2935 2460 2993 seditionis
2482 2943 2537 2992 et
2564 2934 2847 2991 turbarum
2875 2933 3078 2989 Judaeis
3093 2948 3258 2990 causa
3287 2930 3593 2989 exstiterit.

238 3044 247 3050 ν
333 3026 416 3082 Ex
453 3028 557 3082 hoc
581 3027 705 3084 loco
737 3028 1221 3100 considerandum,
1255 3037 1476 3101 quantae
1506 3031 1849 3088 calamitates
1874 3030 2130 3101 deinceps
2156 3027 2471 3085 Iudaeorum
2492 3037 2706 3101 gentem
2734 3025 3125 3099 oppresserint.

404 3202 433 3239 c
459 3184 725 3261 Ecclesiae
749 3183 1248 3261 Hierosolymorum
1276 3186 1389 3261 pr_i_-
1503 3176 1522 3195 ⁹
1777 3186 1845 3261 54

332 3271 456 3311 mus
497 3257 783 3327 episcopus
817 3258 885 3311 ab
940 3257 1204 3327 apostolis
1250 3257 1397 3311 ordi-

330 3334 496 3399 natus
523 3325 785 3399 iambus,
826 3327 920 3399 qui
951 3325 1004 3385 et
1047 3327 1265 3383 habitus
1303 3338 1393 3384 est

330 3394 502 3451 frater
530 3394 765 3452 Domini.

2054 3184 2127 3263 eo
2337 3183 2409 3239 ει)

407 3552 633 3617 Cassius
662 3553 916 3622 Severus,
966 3566 1154 3612 orator
1215 3555 1489 3629 egregius,
1546 3554 1641 3627 qui
1695 3553 2050 3622 Quintianum
2088 3555 2186 3628 [σι.
2216 3553 2634 3626 Quintilianum]
2686 3555 2817 3610 illud
2858 3554 3198 3625 proverbium
3226 3548 3304 3625 (1)
3353 3552 3597 3627 luserat,_

330 3663 439 3704 xxv
465 3649 649 3705 exsilii
681 3651 767 3706 sui
796 3666 939 3708 anno
970 3654 1025 3708 in
1056 3642 1271 3710 summa
1299 3653 1482 3725 inopia
1505 3653 1757 3720 moritur,
1779 3652 1869 3707 vix
1894 3667 2075 3723 panno
2103 3651 2338 3709 verenda
2367 3659 2672 3707 contectus.

402 3843 437 3881 ι
474 3827 680 3898 Ἰησοῦς
711 3831 741 3883 6
769 3832 1002 3902 Χριστὸς
1051 3834 1315 3907 κηρύσσει
1354 3834 1417 3888 τὸ
1449 3832 1780 3904 Εὐαγγέλιω
1810 3835 1907 3905 τῆς

333 3914 627 3986 βασιλείας.
657 3918 853 3976 Chron.
888 3923 1069 3992 pascit.
1097 3942 1150 3995 ρ.
1182 3925 1308 3989 210,
1342 3924 1412 3979 D.

401 4008 431 4061 ὁ
458 4010 662 4081 Ἰησοῦς
692 4014 720 4065 6
744 4014 976 4085 Χριστὸς
1002 4017 1030 4069 6
1048 4017 1175 4081 Υἱὸς
1187 4019 1281 4073 τοῦ
1307 4018 1443 4073 Θεοῦ
1475 4020 1503 4071 6
1534 4016 1909 4090 Κύριοςὴμῶν

330 4101 473 4160 κατά
486 4101 589 4165 τὰς.
611 4104 919 4172 περὶαύτοῦ
951 4109 1289 4179 προφητείας
1320 4110 1412 4162 ἐπὶ
1431 4108 1492 4162 τὸ
1520 4107 1693 4172 πάθος
1715 4107 1908 4179 προῄει

331 4195 484 4261 ἔτους
505 4197 573 4251 ιθ¹
596 4200 695 4270 τῆς
728 4200 979 4273 Τιϐερίου
1013 4201 1289 4272 βασιλείας
1308 4221 1321 4235 '
1352 4203 1473 4258 καθ’
1504 4203 1562 4258 ὃν
1594 4203 1784 4276 καιρὸν
1816 4203 1910 4256 καὶ

329 4290 387 4341 ἐν
429 4290 611 4355 ἄλλοις
666 4292 769 4365 μὲν
837 4293 1168 4364 Ἑλληνικοῖς
1220 4297 1603 4367 ὑπομνήμασιν
1676 4294 1909 4367 εὕρομεν

332 4382 689 4454 ἱστορούμενα
740 4383 882 4443 κατὰ
932 4383 1079 4452 λέξιν
1125 4385 1328 4441 ταῦτα·
1389 4387 1448 4440 '0
1488 4387 1638 4459 ἥλιος
1669 4386 1906 4454 ἐξέλιπε,

329 4471 550 4527 Βιθυνία
604 4474 846 4548 ἐσείσθη,
882 4477 1117 4541 Νικαίας
1160 4477 1229 4532 τὰ
1276 4477 1445 4532 πολλὰ
1472 4479 1694 4532 ἔπεσεν·
1734 4479 1771 4533 6
1815 4480 1908 4533 acati.

332 4564 546 4635 συνᾴδει
573 4569 685 4630 τοῖς
714 4568 844 4640 περὶ
866 4566 929 4622 τὸ
963 4567 1134 4632 πάθος
1171 4569 1265 4623 τοῦ
1300 4569 1549 4641 Σωτῆρος
1581 4569 1738 4640 ἡμῶν
1772 4587 1908 4642 συμ-

331 4655 611 4726 ϐεϐηκόσι.
642 4658 851 4731 Γράφει
888 4659 945 4714 δὲ
977 4662 1072 4713 καὶ
1100 4661 1315 4738 Φλέγων
1370 4664 1398 4715 6
1431 4661 1530 4726 τὰς
1569 4662 1908 4734 ὀλυμπιάδας

331 4748 624 4821 (συνάγων)
661 4752 789 4822 περὶ
833 4753 940 4806 τῶν
968 4754 1146 4807 αὐτῶν
1173 4756 1230 4807 ὲν
1260 4754 1336 4825 τῷ
1365 4761 1430 4824 ιγ’
1467 4757 1701 4827 ῥήμασιν
1725 4756 1907 4820 αὐτοῖς

327 4840 452 4893 τάδε
477 4857 490 4870 ’
523 4839 612 4911 Τῷ
648 4839 689 4893 δ’
714 4842 823 4896 ἔτει
842 4845 941 4916 τῆς
968 4845 1046 4898 σ6⁹
1095 4845 1452 4918 Ὀλυμπιάδος
1481 4848 1693 4917 ἐγένετο
1734 4849 1908 4903 ἔκλει-

326 4931 418 5001 ιξκις
448 4932 600 5002 ἡλίου
628 4934 857 5005 μεγίστη
915 4935 1023 4989 τῶν
1075 4940 1433 5006 ἐγνωσμένων
1480 4940 1742 5013 πρότερον
1763 4958 1776 4971 ·
1812 4941 1906 4994 καὶ⁹

328 5022 425 5088 νὺξ
453 5025 573 5098 ὥρα
601 5026 738 5099 ἕκτῃ
764 5027 864 5096 τῆς
886 5029 1097 5101 ἡμέρας
1124 5032 1361 5101 ἐγένετο,
1390 5033 1530 5086 ὥστε
1556 5034 1649 5088 καὶ
1669 5034 1905 5105 ἀστέρας

329 5117 388 5169 ὲν
412 5117 630 5190 οὐρανῷ
663 5118 927 5189 φανῆναι·
963 5116 1185 5197 σεισμός
1204 5142 1261 5178 τε
1289 5125 1461 5195 μέγας
1482 5126 1621 5179 κατά
1649 5125 1902 5181 Βιθυνίαν

327 5205 394 5259 τὰ
433 5207 605 5261 πολλά
653 5210 889 5276 Νικαίας
942 5215 1364 5287 κατεστρέψατο.
1398 5217 1508 5269 Καὶ
1537 5216 1708 5293 ταῦτα
1734 5219 1831 5289 μὲν
1874 5219 1902 5270 6

325 5293 584 5366 δηλωθεὶς
632 5298 790 5374 ἀνήρ.
837 5302 1147 5376 Τεκμήριον
1186 5306 1229 5359 δ’
1265 5307 1331 5361 ἂν
1366 5308 1573 5377 γένοιτο
1621 5309 1714 5362 τοῦ
1762 5309 1903 5384 κατὰ

324 5390 442 5444 τόδε
484 5390 546 5445 τὸ
589 5391 708 5458 ἔτος
758 5395 1086 5452 πεπονθέναι
1115 5396 1205 5451 τὸν
1241 5399 1466 5472 Σωτῆρα
1498 5401 1531 5471 ή
1561 5399 1654 5455 τοῦ
1692 5401 1901 5474 Κυρίου

2012 3830 2154 3886 κατά
2193 3832 2446 3903 Ἰωάννην
2473 3829 2803 3900 Εὑαγγελίου
2847 3828 3142 3902 μαρτυρία,
3176 3829 3296 3899 ἥτις
3342 3825 3481 3898 μετὰ
3523 3823 3590 3878 τδ

2013 3929 2074 3976 ιε’
2107 3922 2225 3986 ἔτος
2260 3911 2509 3994 Τιϐερίου
2541 3922 2725 3996 τριετῆ
2776 3921 2967 3993 χρόνον
2993 3922 3091 3990 τῆς
3121 3918 3468 3982 διδασκαλίας
3488 3918 3593 3979 αύο,

2008 4014 2104 4069 τοῦ
2129 4014 2470 4084 διαγενέσθαι
2504 4016 2787 4086 μαρτυρεῖ.
2825 4013 2985 4067 Κατά
3003 4014 3130 4076 τοὺς
3150 4011 3343 4075 αὐτοὺς
3369 4011 3429 4064 δὲ
3458 4009 3597 4082 χρὸ-,

2010 4124 2135 4170 νους
2169 4108 2264 4161 ml.
2299 4106 2600 4179 Ἰώσηππος
2655 4106 2856 4177 ἱστορεῖ
2899 4106 2957 4159 ἐν
2990 4105 3173 4176 ἡμέρᾳ
3204 4101 3589 4174 Πεντηκοστῆς

2010 4199 2275 4271 κινήσεως
2325 4200 2419 4253 καὶ
2473 4198 2679 4253 κτύπου
2725 4200 2890 4270 ἱερεῖς
2933 4196 3310 4252 ἀντιλαϐέσθαι
3342 4195 3579 4267 πρῶτον,

2009 4290 2199 4345 ἔπειτα
2225 4290 2407 4361 φωνῆς
2426 4289 2628 4361 ἀθρόας
2656 4289 2865 4344 ἔνδοθεν
2898 4289 3149 4353 ἀκοῦσαι,
3175 4287 3283 4342 ἀπὸ
3318 4286 3412 4340 τοῦ
3446 4288 3595 4347 ἐσωο,

2008 4385 2168 4438 τάτου
2198 4382 2341 4454 ἱεροῦ
2375 4383 2557 4447 αὐτοῖς
2576 4380 2836 4454 εἰπούσης
2856 4398 2870 4411 ·
2906 4380 3364 4450 Μεταϐαινωμεν
3376 4376 3591 4437 ἐντεῦ-Δ

2010 4480 2133 4532 θεν.
2158 4476 2267 4529 Καὶ
2294 4474 2422 4529 ἄλλο
2464 4475 2523 4529 δέ
2546 4493 2599 4529 τι
2633 4478 2661 4530 ὁ
2692 4474 2858 4538 αὐτὸς
2884 4472 3189 4545 ἀναγράφει
3241 4471 3537 4541 Ἰώσηππος
3558 4485 3573 4498 ’

2020 4571 2111 4635 Ὠς
2146 4570 2378 4626 Πιλάτου
2406 4570 2499 4625 τοῦ
2539 4571 2805 4641 ἡγεμόνος
2850 4567 2992 4622 κατά
3038 4566 3163 4639 τὸν⁸
3187 4566 3349 4620 αὐτὸν
3389 4563 3580 4635 χρόνον

2007 4662 2284 4735 Καίσαρος
2337 4664 2434 4727 τὰς
2480 4661 2696 4725 εἰκόνας
2746 4658 2962 4732 νύκτωρ
2996 4656 3170 4723 εἰς’τὸ
3202 4658 3367 4729 ἱερὸν,
3400 4659 3594 4727 ἇσπερ,

2007 4755 2108 4830 οὐκ
2138 4752 2205 4828 ἦν
2234 4756 2409 4829 θέμις,
2440 4752 2749 4818 ἀναθέντος,
2774 4754 3029 4825 μεγίστου
3072 4750 3300 4825 θορύϐου
3326 4749 3422 4803 καὶ
3450 4748 3584 4802 στά-

2009 4864 2146 4923 σεως
2174 4848 2342 4921 ἀρχὴν
2358 4843 3065 4918 ὲμ6ε6ληκὸτοςἾουδαίοις’
3098 4843 3248 4897 ἔνθεν
3263 4843 3582 4914 ἐπιστήσεις

2008 4943 2173 4996 πόσαι
2202 4942 2262 4994 τὸ
2301 4940 2566 4995 Ἰουδαίων
2590 4939 2741 5002 ἔθνος
2768 4936 3068 5005 διεδέξαντο
3097 4934 3388 5009 συμφοραί.
3422 4933 3591 5001 Eata

2010 5033 2125 5090 bius
2150 5032 2288 5100 apud
2306 5031 2465 5104 Sync.
2498 5047 2551 5102 p.
2578 5029 2837 5086 524-525.

2077 5234 2104 5272 c
2142 5216 2394 5279 Ἰάκωϐος
2419 5218 2449 5270 6
2476 5214 2797 5287 ἀδελφόθεος
2840 5213 3053 5286 πρῶτος
3093 5212 3387 5276 ἐπίσκοπος
3425 5210 3592 5282 Ἰεροε

2010 5310 2253 5383 σολύμων
2306 5309 2413 5383 ὑπὸ
2457 5306 2567 5381 τῷν
2639 5307 2951 5361 ἀποστόλων
3009 5304 3349 5359 καθίσταται.
3415 5301 3573 5374 Sync.

2008 5418 2061 5473 p.
2095 5401 2220 5468 528,
2254 5401 2321 5457 Β.

397 5546 473 5629 (1)
498 5547 574 5603 Ita
594 5548 757 5629 etiam
778 5551 938 5629 codd.
958 5550 1108 5618 Vat.;
1130 5550 1371 5629 Scaliger
1399 5563 1579 5629 autem
1600 5556 1895 5629 legendum,
1906 5558 2288 5629 suspicabatur
2309 5556 2692 5629 :Quintianum
2714 5548 3045 5629 prourbium;
3065 5551 3580 5629 intelligendamque

326 5618 508 5700 uillam
525 5621 888 5700 suburbanam
919 5624 1190 5700 in_prrzlia
1228 5618 1556 5700 Quintianis,
1574 5618 1745 5700 gat-itm
1792 5629 1844 5681 in
1879 5618 2028 5700 ludo:
2043 5630 2172 5684 alea:
2221 5618 2605 5700 ρενάῆξδεὶηιιιδ
2642 5618 2799 5698 ηεροδ
2847 5618 3066 5684 Cassius
3113 5618 3331 5683 Severus
3369 5618 3575 5695 luserit.

327 5692 492 5748 Certe
523 5690 611 5747 hic
645 5690 880 5750 Severus
904 5709 935 5749 a
964 5690 1178 5761 Tacito,
1211 5703 1267 5748 ut
1293 5697 1546 5752 observat

1643 5700 1831 5771 aliger,
1860 5698 2118 5757 maleﬁca
2152 5698 2273 5756 vita:
2304 5701 2467 5754 homo
2496 5699 2715 5755 dicitur.
