3944 6214
185 363 304 422 545

1294 623 1484 666 οιῐιιρ.
1539 625 1796 668 CHRISTUS
1879 626 1994 668 JUD.

1265 915 1473 931 -ι-Δι-

193 957 274 1026 n.
346 955 712 1030 DCCCXX.
1001 1014 1009 1022 .
1265 905 1473 1032 ’Ξῖἷ
1543 923 1692 1019 “'63

1418 365 1908 425 CHRONICORUM
1947 367 2073 424 LIB.
2114 367 2180 426 ll.

3302 371 3406 432 546

2148 627 2256 668 ROI

1837 755 2028 826 Agrip-
2135 753 2275 810 Nero

1893 841 1961 896 pa

2104 925 2311 937 ——_.

1900 965 1970 1019 24
2182 965 2250 1020 14

256 1152 320 1210 L.
351 1157 590 1214 Annaeus
625 1155 813 1224 Melas,
849 1154 1067 1213 Senecae
1098 1157 1266 1215 frater
1291 1167 1345 1216 et
1368 1157 1658 1225 Gallionis,
1689 1161 1831 1217 bona
1859 1162 2064 1220 Lucani
2095 1171 2290 1236 poetae,
2315 1166 2411 1221 filii
2441 1169 2551 1236 sui,
2582 1167 2842 1225 aNerone
2865 1179 3226 1240 promeretur.

259 1269 295 1306 α
325 1251 528 1306 Contra
561 1249 801 1318 Iudaeos,
834 1253 928 1323 qui
957 1252 1125 1308 Cestii
1156 1252 1300 1309 Flori
1331 1254 1616 1308 avaritiam
1648 1270 1758 1310 non
1805 1255 2041 1314 ferentes
2069 1260 2425 1328 rebellabant,
2452 1260 2822 1334 Vespasianus
2849 1263 3110 1335 magister
3143 1265 3350 1322 militiae
3375 1282 3406 1321 a

180 1341 402 1401 Nerone
426 1347 832 1415 transmittitur,
866 1351 965 1420 qui
987 1352 1246 1421 plurimas
1274 1351 1473 1408 Judaaae
1500 1354 1662 1410 urbes
1695 1352 1860 1423 capit.

257 1437 288 1489 ὁ
316 1436 533 1495 Flavius
549 1438 813 1511 Josephus
840 1443 1073 1512 scriptor
1101 1444 1418 1510 historicus,
1445 1445 1551 1500 dux
1584 1445 1709 1500 belli
1731 1443 2061 1515 Judaaorum,
2087 1462 2212 1504 cum
2244 1465 2276 1505 a
2295 1448 2555 1506 Romanis
2581 1450 2989 1507 interﬁciendus
3013 1460 3178 1519 esset,
3201 1453 3410 1527 VeSpa-

182 1529 345 1584 siano
376 1531 696 1601 przenuntiat
723 1533 790 1588 de
825 1541 998 1589 morte
1022 1533 1274 1602 Neronis,
1309 1543 1362 1590 et
1390 1536 1507 1604 ejus
1531 1536 1781 1606 imperio.

255 1640 288 1679 ο
315 1624 476 1692 Nero,
505 1641 624 1680 cum
656 1643 687 1681 a
728 1638 920 1684 senatu
941 1637 1273 1700 quaereretur
1301 1628 1367 1684 ad
1396 1643 1633 1699 poenam,
1659 1645 1691 1684 e
1755 1629 1955 1699 palatio
1985 1627 2217 1702 fugiens,
2250 1633 2318 1688 ad
2352 1640 2606 1704 quarthm
2640 1633 2802 1691 Urbis
2848 1635 3160 1690 milliarium
3191 1637 3248 1693 in
3277 1640 3408 1693 sub-

176 1717 400 1773 urbano
445 1718 621 1773 liberti
649 1720 905 1776 sui-inter
940 1722 1206 1776 Salariam
1249 1728 1301 1776 et
1335 1719 1723 1775 Nomentanam
1780 1721 1924 1776 viam
1958 1724 2308 1794 semetipsum
2339 1725 2633 1792 interficit,
2671 1741 2816 1780 anno
2848 1727 3025 1782 aetatis
3069 1744 3184 1784 suae
3226 1745 3404 1804 xxxv,

172 1816 347 1879 atque
376 1809 431 1864 in
465 1824 529 1863 eo
557 1811 736 1866 omnis
769 1810 999 1880 Augusti
1028 1809 1234 1864 familia
1257 1817 1636 1864 consummata
1666 1817 1769 1864 est.

251 1901 288 1955 ἀ
321 1901 451 1959 Post
481 1900 749 1958 Neronem
781 1901 948 1958 Galba
981 1903 1038 1957 in
1070 1901 1309 1966 Hiberia,
1336 1899 1587 1956 Vitellius
1612 1901 1668 1954 in
1706 1897 2017 1968 Germania,
2050 1900 2189 1958 Otho
2218 1903 2422 1973 Romae,
2459 1906 2746 1978 imperium
2770 1909 3135 1980 arripuerunt.

253 1994 472 2050 Marcus
503 1994 703 2051 Fabius
733 1994 1103 2061 Quintilianus
1130 1994 1357 2049 Romam
1389 2009 1420 2047 a
1451 1992 1616 2049 Galba
1647 1991 1984 2062 perducitur.

257 2103 285 2141 e
308 2084 680 2156 Vespasianus
708 2087 920 2142 duobus
953 2086 1154 2156 praeliis
1180 2094 1466 2157 superatos
1485 2084 1700 2140 Judaeos
1730 2085 1796 2139 ad
1820 2100 2008 2141 muros
2033 2087 2314 2158 compulit.

254 2177 425 2233 Galba
466 2179 696 2248 septimo
723 2194 910 2235 mense
942 2179 1151 2251 imperii
1191 2178 1276 2234 sui
1304 2178 1356 2231 in
1385 2176 1563 2232 medio
1588 2169 1847 2231 Romanae
1877 2177 2026 2232 urbis
2061 2177 2174 2234 foro
2210 2179 2390 2250 capite
2419 2187 2726 2238 truncatur.
2830 2226 2836 2233 .

255 2268 401 2326 Otho
431 2271 590 2325 tertio
623 2271 773 2341 regni
803 2271 886 2326 sui
918 2286 1104 2326 mense
1123 2269 1264 2340 apud
1297 2268 1605 2323 Vetriacum
1637 2267 1742 2339 [αι.
1769 2266 2113 2341 Bebriacum]
2145 2271 2364 2340 propria
2396 2287 2561 2327 manu
2593 2275 2871 2332 occubuit.

249 2361 520 2428 Vitellius,
551 2377 582 2416 a
619 2362 937 2433 Vespasiani
987 2363 1217 2430 ducibus
1266 2361 1503 2428 occisus,
1541 2361 1596 2415 in
1630 2359 1866 2416 Tiberim
1901 2362 2200 2431 projicitur,
2241 2373 2432 2421 octavo
2469 2375 2657 2425 mense
2709 2369 2919 2441 imperii
2943 2373 3050 2442 sui,
3073 2373 3125 2429 et
3149 2373 3238 2431 die
3272 2391 3404 2435 uno.

251 2455 445 2522 Galba,
472 2455 631 2524 Otho,
663 2456 932 2524 Vitellius,
969 2464 1330 2529 regnaverunt
1352 2471 1496 2511 anno
1524 2470 1653 2519 uno,
1677 2455 1956 2512 mensibus
1987 2470 2101 2513 sex.
2209 2474 2212 2476 ‘

249 2547 278 2617 f
308 2547 613 2606 Antiochiae
647 2550 922 2608 secundus
951 2549 1240 2622 episcopus
1263 2550 1549 2607 ordinatur
1573 2549 1832 2623 lgnatius.

1613 2981 1680 3036 70

1960 2748 1990 2800 g
2020 2729 2133 2785 γη.
2203 2706 2676 2790 νΕΞΡΑδΙᾹΝΟΞ
2710 2735 2868 2792 annis
2895 2751 2972 2802 rx,
3007 2739 3290 2796 mensibus
3322 2757 3401 2804 ιι,

2061 2821 2254 2878 diebus
2276 2839 2413 2880 nn.

1892 2981 1962 3037 25
2211 2985 2237 3038 1

246 3138 283 3192 It
313 3135 676 3206 Vespasianus
711 3136 854 3207 apud
877 3135 1122 3191 Judaeam
1157 3136 1451 3206 imperator
1479 3137 1548 3194 ab
1571 3137 1819 3195 exercitu
1852 3134 2176 3210 appellatus,
2200 3144 2255 3196 et
2299 3139 2499 3196 bellum
2541 3137 2665 3196 Tito
2696 3139 2807 3197 filio
2838 3143 3254 3212 commendans,
3284 3143 3399 3200 Bo-

176 3249 327 3292 nam
357 3251 452 3306 per
477 3233 859 3291 Alexandriam
891 3234 1278 3306 proﬁciscitur.

244 3389 574 3468 Capitolium
602 3355 785 3452 Romae
813 3397 1118 3452 incensum.
1553 3467 1556 3470 ἢ
1611 3396 1672 3452 71

1885 3395 1956 3451 26
2199 3399 2235 3452 2

249 3589 476 3663 iTitus,
509 3588 693 3651 Iudaea
734 3603 891 3665 capta
937 3603 989 3650 et
1030 3593 1418 3666 Hierosolymis
1449 3593 1758 3661 subversis,
1791 3607 1856 3649 nc
1889 3594 2057 3650 millia
2106 3595 2347 3649 virorum
2397 3593 2670 3650 interﬁcit.
2716 3585 2985 3664 Iosephus
3033 3603 3164 3649 vero
3215 3593 3409 3650 scribit.

172 3689 436 3744 undecies
465 3684 695 3744 centena
725 3688 892 3741 millia
924 3688 1064 3742 fame
1095 3694 1148 3741 et
1188 3685 1368 3757 gladio
1400 3686 1650 3756 periisse,
1682 3693 1736 3742 et
1766 3686 1871 3741 alia
1901 3696 2116 3744 centum
2145 3687 2313 3741 millia
2344 3689 2683 3757 captivorum
2717 3687 2933 3757 publice
2967 3686 3297 3742 venundata.
3335 3681 3408 3742 Ut

166 3789 358 3834 autem
393 3788 540 3833 tanta
567 3778 859 3834 multitudo
889 3777 1281 3848 Hierosolymis
1312 3778 1664 3846 reperiretur,
1694 3790 1919 3836 causam
1947 3793 2259 3850 azymorum
2289 3777 2462 3833 fuisse
2486 3779 2689 3834 refert:
2721 3779 2791 3833 ob
2819 3792 2940 3848 quae
2968 3793 3030 3833 ex
3064 3777 3212 3833 omni
3247 3784 3408 3848 gente

164 3870 346 3926 Judaei
372 3870 436 3924 ad
469 3869 724 3940 templum
747 3868 1101 3941 c0nﬂuentes,
1136 3868 1266 3924 urbe
1297 3869 1454 3939 quasi
1485 3884 1708 3927 carcere
1764 3880 1892 3927 sunt
1937 3870 2152 3925 reclusi.
2193 3868 2443 3940 Oportuit
2475 3869 2618 3925 enim
2648 3870 2703 3925 iu
2733 3869 2819 3925 his
2846 3870 3037 3926 diebus
3068 3868 3290 3925 Pascha:
3310 3884 3407 3926 eos

167 3967 434 4034 interfici,
457 3967 510 4021 in
535 3965 734 4038 quibus
770 3963 1104 4020 Salvatorem
1132 3964 1539 4020 cruciﬁxerant.

243 4185 278 4220 a
315 4165 551 4219 Ἰουδαῖοι
583 4162 864 4232 Ῥωμαίων
893 4159 1204 4231 ἀπέστησαν
1224 4162 1316 4214 ἐπὶ
1343 4161 1562 4216 Γεστίου
1589 4162 1732 4216 Φλώ-

167 4277 269 4335 ρου
301 4257 390 4310 διὰ
422 4253 728 4318 πλεονεξίαν
771 4250 932 4306 αὐτοῦ
967 4251 1230 4324 ἄμετροψ
1264 4256 1346 4324 ἐφ’
1379 4253 1470 4319 οὐς
1496 4258 1523 4309 ὁ
1544 4255 1732 4326 Νέρων

165 4348 578 4407 Οὐεσπασιανὸν
644 4342 1115 4415 στρατοπεδάρχην
1183 4346 1507 4418 ἐξέπεμψεν.
1584 4346 1731 4401 Idem

165 4462 222 4512 p.
250 4443 376 4505 556,
407 4439 474 4494 D.

243 4536 271 4587 b
309 4532 536 4596 Φλάϐιος
588 4531 894 4602 Ἰὠσηππος
941 4531 1320 4602 συγγραφεὺς,
1359 4521 1735 4599 στρατηγήσας

167 4625 315 4696 ὑπὲρ
349 4618 660 4686 Ἶουδαίων,
711 4622 805 4676 καὶ
839 4621 1045 4692 μέλλων
1075 4622 1153 4684 είς
1185 4620 1273 4672 τὸν
1308 4618 1538 4690 πόλεμον
1583 4620 1735 4672 ἀναι-

177 4713 387 4787 ρεῖσθαι
411 4752 430 4780 ,
478 4711 718 4776 θεσπίζει
762 4707 1149 4781 Οὐεσπασιανῷ
1189 4710 1316 4782 περὶ
1355 4713 1452 4781 τῆς
1488 4709 1737 4781 Νέρωνος

166 4809 466 4878 τελευτῆς,
499 4805 592 4859 καὶ
633 4805 732 4875 τῆς
772 4803 935 4859 αὐτοῦ
983 4797 1389 4856 Οὐεσπασιανοῦ
1443 4800 1733 4871 βασιλείας.

169 4900 368 4954 Chron.
399 4898 576 4967 pascit.
598 4914 652 4968 p.
677 4897 803 4960 250,
828 4895 897 4950 D.

167 5048 169 5051 ,
241 5008 272 5046 c
300 4991 492 5062 Νέρων
517 4987 704 5043 ἑαυτὸν
735 4987 963 5041 ἀνεῖλεν.
994 4985 1259 5042 Cedrenus
1287 4999 1342 5053 ρ,
1371 4983 1496 5049 2-15,
1528 4984 1594 5038 D.

243 5082 279 5134 d
312 5080 470 5135 Μετὰ
496 5081 746 5152 Νέρωνος
787 5077 996 5141 Γάλϐας
1039 5075 1386 5131 ἐϐασίλευσεν
1417 5075 1474 5127 ἐν
1509 5073 1734 5146 Ἰϐηρίᾳ,

171 5169 480 5232 Οὐιτέλλιος
503 5170 560 5222 ἐν
586 5167 884 5239 Γερμανίᾳ·
916 5167 1090 5221 Ὄθων
1121 5167 1211 5220 ἐπὶ
1238 5164 1484 5236 Ῥώμης*
1506 5154 1738 5228 ’ἕκαστος

173 5262 356 5317 αὐτῶν
391 5263 496 5333 ἰδίᾳ
536 5261 706 5332 ἐπέϐη
743 5262 810 5331 τῇ
850 5260 1011 5331 ἀρχῇ.
1059 5258 1254 5314 Chron.
1299 5257 1479 5328 pascit.
1517 5260 1573 5327 ρ.
1607 5257 1733 5326 245,

243 5445 708 5520 εγυύεσπασιανὸς
738 5445 856 5498 δυσὶ
899 5436 1153 5514 πολέμοις
1198 5444 1482 5509 Ἰουδαίους
1537 5444 1738 5517 τρεψάε

178 5555 340 5610 μενος
375 5537 712 5590 ἀπέκλεισεν.
751 5535 908 5606 Sync.
939 5550 989 5603 p.
1025 5533 1162 5599 540,
1203 5534 1269 5590 Β.
1298 5535 1510 5599 Γάλϐας
1552 5535 1736 5588 ἐϐασί-

172 5629 337 5683 λευσε
388 5630 561 5700 μῆνας
608 5629 673 5693 ζ’,
719 5629 811 5681 καὶ
857 5629 912 5680 ἐν
954 5626 1092 5698 μέσῃ
1123 5628 1188 5695 τῇ
1235 5625 1521 5698 Ῥωμαίων
1565 5628 1740 5698 ἀγορᾷ

173 5723 279 5793 τὴν
301 5719 540 5792 κεφαλὴν
567 5717 876 5788 ἀπετμήθη.
909 5715 1085 5768 Ὄθων
1112 5717 1430 5786 βασιλεύσας
1459 5719 1632 5789 μῆνας
1665 5725 1733 5786 γ’,

178 5813 535 5884 διεχειρίσατο
568 5812 774 5864 ἑαυτόν.
810 5807 984 5862 Chron
1034 5808 1207 5879 pascit.
1241 5827 1287 5878 p.
1319 5810 1444 5874 245,
1471 5809 1596 5877 246,
1623 5807 1687 5864 Α.

1907 4161 1934 4227 ί
1955 4160 2280 4231 Ἀντιοχείας
2303 4158 2597 4220 ἐπίσκοπος
2624 4156 2900 4225 Ἰγνάτιος.
2925 4156 3088 4228 Sync.
3111 4173 3164 4225 p.
3192 4159 3317 4224 542,
3337 4157 3404 4213 Β.

1907 4307 1937 4360 g
1979 4286 2261 4358 Ῥωμαίων
2297 4285 2341 4349 ζ’
2393 4283 2737 4337 ἐϐασίλευσεν
2770 4282 3174 4346 Οὐεσπασιανὸς
3216 4281 3309 4354 ἔτη
3339 4281 3404 4337 θ’.

1842 4381 2036 4435 Chron.
2066 4377 2245 4448 pascit.
2278 4392 2330 4446 p.
2359 4374 2486 4440 246,
2514 4373 2581 4428 Α.

1912 4501 1944 4554 Ιι
1970 4500 2376 4561 Οὐεσπασιανὸς
2401 4497 2774 4569 αὐτοκράτωρ,
2803 4495 3093 4566 στέψαντος
3118 4496 3280 4550 αὐτὸν
3310 4495 3409 4550 τοῦ

1843 4589 2094 4662 στρατοῦ,
2122 4588 2211 4641 τὸν
2235 4586 2379 4642 κατὰ
2420 4587 2684 4640 Ἰουδαίων
2713 4585 3024 4657 ἐγχειρίσας
3049 4584 3282 4654 πόλεμον
3314 4584 3411 4637 Τί-

1841 4701 1937 4752 τῳ,
1957 4681 2116 4744 αὐτὸς
2138 4680 2204 4733 δι’
2232 4677 2635 4749 Ἀλεξανδρείας
2651 4679 2730 4740 εἰς
2745 4677 2843 4747 τὴν
2872 4674 3156 4746 Ῥωμαίων
3182 4676 3412 4746 ἀφίκετο

1842 4775 2015 4828 πόλιν.
2049 4772 2197 4827 Idem
2226 4789 2278 4843 p.
2300 4771 2427 4835 246,
2457 4768 2597 4824 Αοϐ.

1912 4890 1930 4942 ἱ
1952 4887 2126 4950 Τῖτος,
2159 4885 2440 4949 Ἰουδαίους
2463 4883 2846 4954 πολιορκήσας,
2861 4880 3042 4934 καὶτὰ
3065 4880 3411 4952 Ἱεροσόλυμα

1843 4978 2220 5049 κατασκάψας,
2238 4980 2330 5032 καὶ
2356 4976 2620 5048 μυριάδας
2651 4973 2858 5046 ἀνδρῶν
2885 4972 3160 5042 ἐφόνευσε.
3186 4974 3323 5045 Φησὶ
3352 4971 3410 5026 δὲ

1843 5075 1935 5129 καὶ
1967 5071 2268 5143 Ἰώσηππος
2301 5070 2444 5142 λιμῷ
2477 5070 2571 5123 καίι
2606 5068 2848 5140 μαχαίρᾳ
2883 5067 3145 5138 μυριάδας
3184 5072 3250 5138 ρι’
3278 5067 3412 5119 ἀπο-

1843 5163 2064 5227 λέσθαι,
2122 5163 2214 5217 καὶ
2260 5161 2425 5226 ἄλλοις
2480 5164 2629 5233 τρεῖς
2688 5157 2952 5232 μυριάδας
3010 5156 3412 5228 διαπεπράσθαι

1843 5254 2227 5328 αἰχμαλώτων·
2269 5255 2439 5308 αἴτιον
2470 5253 2526 5306 δὲ
2553 5252 2613 5306 τὸ
2639 5251 2860 5306 τοσοῦτο
2894 5250 3097 5322 πλῆθος
3137 5249 3279 5303 κατὰ
3314 5248 3414 5321 τὴν

1844 5351 1996 5404 πόλιν
2046 5348 2307 5422 εὑρῆσθαί
2350 5365 2482 5419 φησι
2516 5347 2614 5418 τὴν
2644 5345 2739 5401 τοῦ
2780 5347 2970 5417 Πάσχα
3010 5345 3236 5416 ἑορτὴν,
3282 5345 3339 5398 ἐν

1845 5444 2043 5506 πάντες
2067 5443 2116 5494 οί
2159 5440 2254 5494 τοῦ
2299 5439 2484 5502 ἔθνους
2514 5437 2959 5509 πνεληλυθὸντες
2996 5435 3071 5499 ὡς
3114 5436 3173 5489 ἐν
3219 5436 3410 5507 εἱρκτῇ

1845 5533 2297 5602 συνεκλείσθησαν
2316 5547 2329 5560 ·
2366 5530 2473 5587 ἔδει
2500 5531 2606 5602 γὰρ
2632 5530 2758 5593 τοὺς
2789 5531 2847 5582 ἐν
2874 5528 3057 5600 ἡμέρᾳ
3099 5526 3192 5581 τοῦ
3221 5527 3412 5597 Πάσχα

1841 5626 1921 5698 τῷ
1966 5627 2174 5696 Σωτῆρι
2202 5622 2655 5685 ἐπιϐουλευκότας
2696 5621 2770 5693 μὴ
2804 5620 2992 5676 ἄλλοτε
3020 5619 3089 5673 τὰ
3136 5619 3407 5690 ἐπίχειρα,

1843 5711 1916 5772 ὧν
1946 5717 2270 5788 ἐτόλμησαν,
2313 5713 2523 5768 παθεῖν.
2557 5713 2812 5769 Eusebius
2851 5713 2988 5782 apud
3021 5713 3181 5784 Sync.
3205 5728 3257 5781 p.
3283 5711 3408 5776 542,

1846 5809 1910 5880 Α,
1940 5821 1987 5865 et
2018 5811 2156 5881 apud
2192 5808 2387 5867 Chron.
2415 5808 2595 5878 pascit.
2616 5824 2669 5877 ρ.
2693 5807 2823 5875 2ι7,
2858 5807 2992 5862 ΑπΒ.
3297 5803 3304 5809 ’
