3892 6198
530 355 630 410 551
1206 350 1476 409 EUSEBII
1515 350 1991 408 CESARIENSIS
2025 351 2175 407 OPP.
2218 349 2397 406 PARS
2434 352 2474 406 1.
2515 381 2586 392 —-
2626 350 3010 409 HISTORICA.
3647 359 3740 414 55":

1747 608 1940 649 omne.
2015 606 2274 650 cuuisrus
2302 613 2304 616 ν
2381 606 2508 648 non.
2665 609 2697 646 a
2729 590 3013 648 Secundus
3049 600 3172 662 post
3205 592 3470 650 Neronem
3499 592 3743 650 Domitia-

2585 678 2689 719 nus
2713 663 3056 719 Christianos
3085 664 3430 734 persequitur
3457 684 3470 718 :
3496 674 3549 720 et
3569 665 3664 722 sub
3681 681 3742 721 eo

2341 731 2528 787 Domi-
2578 734 2856 803 apostolus
2916 731 3154 790 Joannes
3215 731 3276 788 iri
3311 733 3558 789 Patmum
3605 736 3744 792 insu-

2343 804 2523 858 tianus
2576 803 2684 856 lam
2736 805 3006 876 relegatus
3059 805 3436 876 Apocalypsim
3483 806 3631 872 vidit,
3671 808 3744 861 uti

1748 905 1961 919 ....__._
2031 903 2239 918 ...—--
2314 902 2523 915 -—-——
2575 883 2763 928 narrat
2800 873 3054 930 Irenaaus.

1733 993 1957 1052 SECUN
1965 994 2052 1049 DA
2111 992 2565 1051 PERSECUTIO.

2097 1107 2166 1165 95
2383 1110 2448 1165 14
2556 1180 2568 1193 ο
2630 1113 2658 1193 ρ
2703 1111 3022 1195 Apollgnius
3073 1109 3322 1195 Tyaneus
3356 1121 3423 1195 et
3460 1111 3750 1186 Euphrates

2554 1180 2798 1253 insignes
2833 1180 3143 1253 philosopr
3173 1181 3463 1239 habentur.

597 1297 627 1336 ε
653 1276 993 1334 Domitianus
1023 1281 1139 1341 eos,
1179 1275 1271 1346 qui
1304 1275 1371 1330 de
1406 1282 1604 1346 gencr‘e
1639 1273 1804 1330 David
1851 1281 2028 1340 erant,
2066 1271 2301 1329 interﬁci
2347 1274 2625 1344 praecepit,
2662 1280 2724 1329 ut
2766 1275 2949 1331 nullus
2985 1273 3299 1336 Judaeorum
3333 1277 3486 1347 regni
3516 1277 3750 1349 reliquus

525 1377 684 1433 foret.

484 1520 492 1526 .
598 1470 794 1526 Scribit
856 1469 1102 1524 Bruttius
1153 1467 1422 1539 plurimos
1473 1461 1908 1523 Christianorum
1961 1467 2066 1524 sub
2118 1452 2426 1522 Domitiano
2463 1463 2659 1520 fecisse
2685 1464 3006 1537 martyrium
3037 1469 3052 1521 ξ
3086 1465 3229 1522 inter
3254 1481 3393 1538 quos
3432 1473 3484 1522 et
3520 1463 3750 1522 Flaviam

522 1567 851 1622 Domitillam
878 1563 1050 1619 Flavii
1087 1562 1382 1618 Clementis
1409 1564 1654 1619 consulis
1691 1580 1757 1619 ex
1791 1578 1980 1644 sorore
2009 1569 2245 1634 neptem,
2277 1558 2334 1616 in
2368 1559 2602 1615 insulam
2626 1557 2876 1616 Pontiam
2909 1551 3220 1633 reiegatam,
3252 1562 3379 1632 quia
3409 1576 3469 1618 se
3495 1560 3751 1617 Caristia-

522 1676 646 1715 nam
676 1675 799 1714 esse
835 1665 1028 1712 testata
1060 1657 1160 1712 est.

595 1756 710 1811 Hoc
741 1773 878 1810 anno
909 1756 1087 1808 beatus
1124 1754 1405 1824 Dionysius
1449 1760 1603 1823 atque
1649 1753 1901 1808 Nicasius
1949 1769 2067 1806 cum
2115 1753 2272 1806 sociis
2309 1754 2418 1808 suis
2463 1771 2554 1823 per
2581 1769 2828 1808 coronam
2858 1754 3100 1824 martyrii
3139 1764 3474 1823 pervenerunt
3509 1754 3576 1808 ad
3603 1754 3753 1811 Chri-

521 1866 682 1906 stum.

1348 1997 1351 2001 ,
2116 1939 2184 2010 96
2399 1941 2466 1994 15
2643 1944 2675 1992 d
2709 1940 2872 1995 Multa
2903 1937 3069 2010 signa
3087 1946 3251 2009 atque
3294 1945 3545 2010 portenta
3573 1939 3752 1996 Romae

590 2014 928 2069 Domitianus
977 2013 1192 2066 occiSus
1241 2013 1294 2066 in
1338 2011 1579 2077 Palatio,
1631 2027 1728 2081 per
1834 2015 1974 2082 219
2119 2008 2187 2064 97
2402 2013 2469 2064 16
2573 2018 2629 2064 et.
2659 2011 2712 2064 in
2739 2018 2851 2064 toto
2878 2009 3009 2064 orbe
3048 2008 3212 2064 facta.

520 2087 846 2154 vespillones
871 2085 1178 2154 ignobiliter
1203 2092 1539 2154 cxportatur,
1581 2097 1725 2136 anno

521 2147 696 2210 aetatis
727 2147 996 2225 xxxviiii.
1031 2153 1182 2225 xiv].
1256 2147 1290 2225 ί
1470 2222 1480 2225 _
1527 2147 1533 2149 ⁷
1669 2220 1681 2225 Α
2117 2221 2170 2225 η
2191 2167 2220 2204 ε
2257 2147 2324 2204 Χ.
2355 2147 2590 2225 NERVA
2619 2165 2763 2225 anno
2802 2166 2842 2214 ι,
2872 2151 3154 2225 men_s_i_bus_
3184 2167 3257 2225 Iv.

594 2225 622 2294 f
651 2220 1040 2295 Alexandrinae
1061 2220 1329 2295 Ecclesiae
1358 2222 1553 2295 tertius
1579 2220 1719 2295 ‘epi-
2109 2221 2179 2277 98
2428 2222 2454 2276 1
2635 2238 2666 2292 g
2693 2220 2884 2276 Justus
2912 2236 2942 2295 a_
2975 2220 3264 2295 Tiberiade
3285 2220 3594 2277 Judaeorum
3616 2221 3747 2276 scri-

520 2292 721 2364 scbpus
759 2293 974 2362 praefuit
1005 2292 1179 2348 Cerdo
1205 2292 1365 2346 annis
1398 2292 1672 2346 undecim.
2573 2298 2696 2362 ptor
2725 2292 3059 2361 agnoscitur.

588 2384 765 2439 Nerva
796 2385 987 2438 morbo
1022 2385 1161 2453 perit
1191 2389 1244 2437 in
1278 2385 1452 2439 hortis
1487 2384 1838 2440 Sallustianis
1871 2401 2015 2442 anno
2037 2387 2216 2442 aetatis
2250 2401 2420 2451 Lxxu,
2453 2401 2577 2440 cum
2598 2384 2712 2455 jam
2752 2383 3049 2455 Trajanum
3087 2385 3402 2456 adoptaSset
3434 2385 3486 2441 in
3528 2385 3720 2443 ﬁlium.

592 2475 867 2546 Traianus
897 2477 1206 2546 Agrippina:
1237 2476 1290 2530 in
1317 2475 1508 2532 Galliis
1539 2484 1836 2547 imperator
1865 2476 2063 2542 factus,
2096 2489 2258 2533 natus
2285 2478 2484 2534 Italicae
2511 2479 2567 2532 in
2599 2477 2875 2548 Hispania.

498 2566 502 2570 ’
589 2571 623 2623 Ii
665 2568 899 2627 Senatus
942 2571 1204 2636 decrevit,
1256 2577 1314 2624 ut
1347 2571 1530 2626 omnia
1576 2586 1696 2642 qua:
1748 2571 2088 2628 Domitianus
2121 2581 2408 2638 statuerat,
2468 2573 2524 2626 in
2564 2571 2777 2626 irritum
2807 2571 3157 2627 ducerentur.
3192 2571 3380 2640 Itaque
3408 2572 3587 2636 multi,
3618 2586 3756 2642 quos

520 2665 727 2736 injuste
776 2665 1029 2735 ejecerat,
1074 2665 1142 2720 de
1194 2665 1387 2721 exsilio
1435 2665 1662 2728 reversi,
1705 2667 1953 2720 nonnulli
1999 2668 2140 2722 Lona
2191 2667 2413 2738 propria
2465 2672 2797 2736 receperunt
2859 2664 3025 2718 Aiunt
3071 2671 3125 2718 et
3159 2665 3463 2734 apostolum
3491 2663 3755 2720 Joannem

518 2759 625 2815 hoc
662 2767 906 2828 tempore
933 2758 1127 2813 exsilio
1172 2757 1472 2814 resolutum
1503 2755 1775 2827 Ephesum
1808 2757 2026 2814 venisse
2053 2777 2066 2812 :
2091 2757 2146 2812 in
2174 2773 2283 2829 qua
2320 2758 2456 2813 urbe
2486 2760 2540 2813 et
2580 2757 2872 2828 hospitium
2901 2761 2954 2810 et
2992 2755 3198 2810 amicos
3226 2755 3631 2811 amantissimos
3671 2757 3758 2812 sui

519 2852 774 2908 habebat.

589 2945 620 2998 k
647 2943 911 2999 Joannem
941 2945 1266 3014 apostolum,
1298 2959 1470 3014 usque
1494 2942 1560 2997 ad
1591 2941 1728 2998 Tra-
2250 2947 2270 3000 i
2298 2944 2389 3002 ΧΙ.
2425 2941 2785 3000 TRAJANUS
2816 2941 2974 2998 annis
3008 2957 3122 3004 six,
3156 2941 3438 2998 mensibus
3471 2955 3547 2996 vi.

516 3015 630 3085 jani
680 3023 922 3086 tempora
969 3017 1203 3070 lreumus
1253 3018 1542 3086 episcopus
1603 3030 1724 3080 per-

519 3079 807 3140 'mansisse'
825 3086 1063 3140 scribit:
1290 3079 1375 3156 Β,
1419 3079 1711 3156 Ποσει,
2111 3086 2179 3141 99
2430 3085 2456 3156 1
2637 3084 2864 3140 Decreto
2928 3089 3149 3138 senatus
3204 3079 3377 3137 Nerva
3429 3082 3575 3137 inter
3628 3082 3761 3139 deos

517 3163 642 3227 post
673 3172 833 3226 quem
866 3156 1139 3210 auditores
1189 3225 1211 3227 _
1303 3155 1347 3227 ξ
1550 3155 1567 3156 ί
1602 3155 1615 3156 ί
2075 3157 2179 3213 100
2279 3205 2291 3222 ,
2424 3155 2460 3208 2
2565 3157 2791 3227 relatu_s.

519 3221 640 3297 ejus
668 3221 909 3295 insignes
941 3225 1400 3297 fueruntLPapias,
1424 3224 1729 3297 Hierapoli-
2280 3221 2285 3222 7
2649 3224 2668 3278 ι
2725 3224 2986 3278 Romanae
3056 3221 3312 3297 Ecclesiae
3385 3223 3763 3297 episcopatum

517 3293 682 3352 tanus
721 3293 1032 3366 episcopus,
1084 3307 1140 3367 et
1159 3293 1513 3367 Polycarpus,
1547 3293 1734 3367 Sinyr-
2138 3365 2144 3367 Α
2583 3303 2812 3366 quartus
2856 3293 3098 3363 Suscepit
3131 3293 3412 3348 Evaristus
3451 3295 3611 3347 annis
3658 3311 3765 3349 no-

520 3365 780 3434 naeus,et
821 3365 1512 3438 lgnatius,Anti6cbenus.
1649 3365 1659 3367 ⁷
1839 3371 1982 3440 220
2091 3365 2189 3422 101
2445 3367 2479 3420 5
2589 3365 2729 3422 vem.

2095 3507 2198 3561 102
2446 3506 2482 3561 4
2656 3524 2706 3559 m
2723 3505 2990 3577 Trajanus
3010 3503 3078 3558 de
3096 3501 3255 3558 Dacis
3271 3512 3325 3558 et
3343 3502 3562 3576 Scythis
3577 3505 3772 3559 trium-

2094 3578 2199 3632 105
2449 3577 2483 3630 5
2587 3578 2737 3632 nhat.

2165 3579 2199 3632 5
2449 3579 2483 3630 5
2587 3579 2737 3646 phat.

604 3690 638 3727 η
676 3670 968 3743 Traianus,
1022 3674 1167 3728 victo
1213 3689 1342 3745 rege
1386 3673 1660 3740 Decibalo,
1711 3673 1930 3728 Daciam
1984 3670 2110 3728 fecit
2156 3673 2491 3743 provinciam
2534 3689 2546 3724 :
2587 3669 2788 3735 Iberos,
2837 3667 3136 3732 Sarmatas,
3188 3667 3484 3732 Osroenos,
3529 3665 3764 3729 Arabas,

520 3769 922 3840 Besphoranos,
953 3769 1205 3835 Colchos,
1238 3771 1292 3824 in
1329 3769 1485 3826 (idem
1534 3770 1740 3840 accepit
1771 3789 1782 3824 :
1815 3769 2140 3835 Seleuciam,
2180 3768 2614 3840 Ctesiphontem,
2651 3765 2980 3835 Babylonem
3019 3762 3307 3832 occupavit
3362 3768 3419 3817 et
3471 3761 3671 3816 tenuit.
3709 3759 3773 3814 in

529 3861 671 3916 mari
697 3859 886 3917 Rubro
919 3862 1149 3918 classem
1181 3863 1438 3927 instituit,
1476 3871 1533 3916 ut
1561 3878 1657 3934 per
1687 3878 1808 3920 eam
1839 3861 2004 3918 India:
2031 3862 2166 3918 lines
2195 3870 2455 3921 vastaret.

592 4078 625 4114 a
657 4061 916 4132 Δεύτερος
949 4064 1086 4133 μετά
1112 4061 1203 4114 τὸν
1230 4059 1458 4132 Νέρωνα
1484 4059 1806 4131 Δομετιανὸς
1831 4061 2087 4131 Χριστια-
2255 4077 2286 4129 g
2331 4058 2559 4121 Ἰοῦστος
2585 4057 2842 4129 Τιϐερεὺς
2871 4054 3120 4124 Ἰουδαῖος
3151 4073 3498 4130 συγγραφεύς
3531 4056 3779 4127 ἐγνωρί-

520 4153 646 4216 νούς
671 4151 908 4217 ἐδίωξεν·
943 4156 1027 4206 ἐπ’
1059 4150 1223 4206 αὐτοῦ
1257 4153 1312 4206 δὲ
1339 4153 1433 4207 καὶ
1458 4155 1486 4206 6
1506 4152 1800 4215 ἀπόστολος
1837 4143 2088 4223 Ἰωάννης
2190 4151 2334 4215 ζετο.
2366 4151 2592 4218 Ibidem,
2625 4151 2691 4206 D.

521 4244 600 4306 είς
629 4241 847 4313 Πάτμον
876 4240 1174 4312 ὲξορίζεται
1212 4242 1309 4313 τὴν
1347 4245 1529 4313 νῆσον,
1561 4241 1684 4294 ἔνθα
1719 4240 1814 4312 τὴν
1861 4242 2091 4295 Ἀποκά-
2261 4244 2292 4296 h
2325 4244 2649 4316 Δομετιανοῦ
2678 4245 2733 4298 αἱ
2767 4244 2921 4314 τιμαὶ
2950 4243 3332 4317 καθῃρέθησαν
3361 4243 3463 4295 ὐπὸ
3496 4242 3596 4310 τῆς
3633 4257 3788 4310 συγ-

518 4331 677 4401 λυψιν
711 4333 1011 4403 ἑωρακέναι
1035 4331 1273 4400 λέγεται,
1296 4333 1370 4396 ὼς
1395 4333 1542 4404 δηλοί
1561 4334 1866 4404 Εἰρηναῖος.
1891 4331 2087 4388 Chron.
2189 4335 2408 4407 κλήτου·
2437 4334 2533 4388 καὶ
2558 4336 2606 4388 ot
2642 4334 2840 4398 ἀδίκως
2866 4334 3262 4398 ἀπελασθέντες
3285 4332 3603 4402 ἐπανῆλθοψ
3634 4331 3786 4385 ἔνιοι

518 4424 698 4493 pascit.
738 4439 789 4492 ρ.
812 4421 938 4487 2‘50,
971 4423 1032 4478 C.

2250 4427 2458 4481 εέλαϐον
2487 4428 2580 4480 καὶ
2605 4428 2702 4491 τὰς
2721 4427 2925 4490 οὐσίας.
2961 4426 3109 4481 Idem
3132 4444 3183 4497 p.
3213 4426 3339 4490 245,
3367 4425 3429 4482 C.
3460 4425 3620 4478 Κατὰ
3642 4425 3787 4478 τοῦ-

545 4583 554 4592 .
591 4515 621 4569 Ι)
667 4515 1019 4579 Ἀπολλώνιος
1049 4517 1078 4568 ὁ
1107 4516 1347 4579 Τυανεὺς
1381 4518 1473 4570 καὶ
1501 4518 1790 4590 Εὐφράτης
1817 4519 2090 4590 φιλόσοφοι
2188 4538 2280 4574 τον
2313 4519 2402 4574 τὸν
2435 4519 2622 4591 χρόνον
2647 4521 2677 4572 ὁ
2711 4518 2964 4588 βασιλεὺς
3000 4519 3247 4590 Νερούας
3281 4517 3652 4571 ἀνεκαλέσατο
3678 4517 3769 4569 τὸν

519 4606 787 4680 ἧκμσιιζονο
825 4605 975 4662 Ῑάεῖη
1005 4623 1058 4676 Ρ.
1091 4607 1214 4673 545,
1251 4605 1312 4662 C.
2189 4612 2481 4667 ἀπόστολον
2520 4612 2772 4684 Ἰωάννην
2792 4612 2898 4665 ἀπὸ
2920 4613 3146 4683 Πάτμου
3175 4612 3273 4683 τῆς
3295 4612 3484 4682 νήσου,
3509 4608 3606 4663 καὶ¹
3635 4604 3781 4680 ’ἦλθε

593 4715 622 4753 c
651 4699 976 4770 Δομετιανὸς
1016 4701 1144 4763 τοὺς
1181 4697 1290 4754 ἀπὸ
1331 4699 1520 4770 γένους
1563 4700 1725 4755 Δαυῒδ
1751 4702 2090 4776 ἀναιρεῖσθαι

1976 4702 2090 4757 σθαι
2190 4705 2350 4760 πάλιν
2376 4707 2454 4769 είς
2484 4705 2735 4774 Ἔφεσον.
2771 4704 2964 4758 Chron.
2990 4703 3170 4773 pascit.
3202 4718 3254 4771 p.
3285 4702 3411 4768 251,
3446 4701 3513 4758 Β.

523 4791 873 4864 προσέταξεν,
909 4792 995 4846 ἵνα
1035 4793 1108 4863 μή
1149 4807 1231 4856 τις
1273 4793 1537 4848 Ἰουδαίων
1579 4795 1856 4866 βασιλικοῦ
1902 4797 2092 4865 γένους
2266 4799 2284 4852 i
2321 4796 2604 4869 Ῥωμαίων
2637 4802 2702 4850 ια’
2735 4796 3048 4850 ἐϐασίλευσε
3074 4793 3340 4866 Τραϊανὸς
3361 4794 3454 4865 ἐτη
3483 4793 3570 4848 ιϐ’.
3602 4791 3791 4864 Sync.

523 4882 841 4955 ἀπολειφθῇ.
878 4883 1068 4937 Πολλοὶ
1092 4883 1148 4937 δὲ
1177 4886 1515 4957 Χριστιανῶν
1540 4889 1922 4962 ἐμαρτύρησαν
1952 4888 2092 4944 κατὰ
2189 4905 2242 4960 p.
2275 4889 2400 4956 546,
2427 4889 2496 4943 D.

522 4975 864 5046 Δομετιανὸν,
905 4977 979 5040 ὡς
1005 4979 1033 5030 ὁ
1055 4976 1306 5049 Βρέττιος
1338 4980 1558 5052 ἱστορεῖ,
1586 4983 1642 5034 ὲν
1673 4975 1754 5046 οἷς
1774 4982 1870 5035 καὶ
1890 4981 2098 5036 Φλαυῖα
2260 4979 2290 5034 Ic
2333 4979 2582 5051 Ἰωάννην
2622 4979 2917 5032 ἀπόστολον
2962 4978 3248 5050 Εἰρηναῖος
3287 4976 3381 5030 καὶ
3424 4975 3577 5030 ἄλλοι
3628 4975 3790 5028 ἱστο-

523 5066 838 5138 Δομετίλλα,
887 5067 1149 5140 ὲξαδέλφη
1189 5069 1504 5141 Κλήμεντος
1543 5072 1774 5127 Φλαυτου
1800 5073 2089 5139 ὑπατικοῦ,
2195 5070 2345 5143 ροῦσι
2369 5072 2715 5143 παραμεῖναι
2744 5070 2820 5141 τῷ
2855 5070 2954 5142 βίῳ
2979 5070 3082 5133 ἕως
3106 5069 3212 5122 τῶν
3237 5068 3444 5139 χρόνων
3469 5066 3791 5138 Τραϊανοῦ

523 5157 598 5222 ὼς
629 5156 928 5228 Χριστιανὴ
957 5159 1037 5224 εις
1061 5161 1222 5234 νῆσον
1249 5161 1478 5216 Ποντίαν
1517 5164 1895 5233 φυγαδεύεται.
1946 5164 2093 5220 Idem
2195 5162 2313 5235 μεθ’
2335 5163 2394 5217 ὃν
2406 5162 2685 5225 Παππίας,
2714 5161 3082 5235 Ἱεραπολίτης
3097 5160 3191 5213 καὶ
3210 5160 3567 5230 Πολύκαρπος
3588 5157 3792 5229 Σμύρ

523 5263 578 5316 Ρ.
605 5250 733 5314 544,
759 5249 828 5304 Α.
2191 5273 2289 5327 νης
2316 5257 2609 5319 ἐπίσκοπος
2639 5256 2900 5311 ἀκουσταὶ
2927 5255 3090 5310 αὐτοῦ
3127 5254 3506 5328 ὲγνωρίζοντο.
3538 5254 3708 5308 Idem
3736 5270 3799 5322 p.

595 5340 630 5393 d
676 5341 762 5396 Ἐν
801 5341 987 5416 Ῥώμῃ
1013 5341 1324 5418 θεοσημεῖαι
1353 5347 1543 5402 πολλαὶ
1571 5351 1662 5404 καὶ
1689 5349 1808 5405 καθ’
1834 5351 1960 5422 ὅλης
1984 5349 2085 5420 τῆς
2192 5348 2316 5416 547,
2347 5348 2408 5404 σε

523 5433 844 5507 οἰκουμένης
869 5437 1145 5506 γεγόνασι.
1171 5439 1394 5496 Ibidem.
2263 5440 2281 5492 ι
2327 5441 2610 5511 Ῥωμαίων
2647 5440 2943 5506 ἐπίσκοπος
2989 5441 3292 5513 Εὐάρεστος
3339 5440 3435 5512 ἐτη
3488 5439 3558 5493 0'.
3607 5437 3805 5509 Sync.

596 5541 623 5577 c
667 5525 945 5598 Ῥωμαίων
1009 5527 1261 5600 βασιλεὺς
1324 5537 1353 5584 ι’
1404 5533 1648 5604 Νερούας
1735 5529 2085 5586 ἐϐασίλευσεν
2190 5546 2241 5603 ρ.
2277 5533 2497 5597 544,Α.

525 5615 639 5680 ἔτος
672 5618 749 5673 ἓν.
779 5619 926 5675 Idem
951 5637 1002 5692 ρ.
1030 5621 1153 5689 546,
1180 5621 1237 5677 C.
2260 5643 2312 5681 m
2341 5624 2605 5698 Τραϊανὸς
2637 5627 2817 5692 Δάκας
2845 5628 2938 5682 καὶ
2970 5629 3182 5694 Σκύθας
3211 5627 3445 5694 ὑπέταξε
3484 5627 3585 5681 καὶ
3631 5625 3810 5697 ἐθρι-

593 5709 620 5778 Ῑ
665 5709 1064 5785 Ἀλεξανδρείας
1108 5715 1402 5782 ἐπίσκοπος
1446 5719 1666 5791 Κέρδων
1698 5719 1790 5792 ἔτη
1839 5726 1888 5774 ι’.
1937 5718 2086 5776 Idem

1203 5731 1402 5782 σκοπος
1446 5719 1666 5791 Κέρδων
1698 5719 1790 5792 ἔτη
1839 5726 1888 5774 ι’.
1937 5718 2086 5776 Idem
2195 5719 2481 5790 ἁμϐευσεν.
2514 5717 2736 5774 Ibidem.

523 5818 577 5872 ρ.
608 5800 730 5870 547,
757 5801 823 5857 Β.
2267 5811 2578 5882 ηΤραῖανὸς
2602 5813 3104 5884 ὲπαρχίανκὲποίησε
3134 5816 3230 5881 τὴν
3260 5814 3483 5869 Δακίαν.
3510 5810 3712 5877 Ιίμίά..
3732 5813 3808 5871 Δ.
