4008 6204
483 165 616 247 ἐιη
1136 243 1140 246 ,
1191 187 1459 247 EUSEBII
1495 190 1967 250 casnmnnsns
2003 193 2151 250 ora.
2184 193 2362 250 rans
2395 196 2536 250 1.-
2578 195 2967 256 lllS’l‘ORlCA.
3629 189 3738 247 ses

524 349 3714 382 ——————______._________________

1758 456 1947 496 OLYIP.
2007 456 2266 500 ειιιιιετυς
2338 460 2467 500 1101.

2329 560 2494 615 Βενθε-

2362 647 2456 686 HIS

1745 725 1956 739 ——_
2025 729 2095 740 --
2103 729 2234 740 ...ιυ-
2305 731 2506 741 --ι--ο

2261 812 2294 848 a
2325 794 2489 850 XVII.
2525 795 2840 851 SEVERUS
2868 798 3025 853 annis
3048 813 3160 853 xIx.

585 871 615 950 _b
663 873 1506 950 Narcissus__llierosolymorum
1561 899 1702 935 xxxv
2094 887 2198 940 195
2409 890 2434 941 1

513 947 807 1017 episcopus
851 955 904 1002 et
939 945 1272 1017 Theophilus
1319 949 1704 1014 Caesariensis,

513 1014 828 1090 Polycrates
862 1014 1109 1090 quoque,
1144 1028 1201 1090 et
1231 1019 1446 1074 Asiana:
1483 1023 1706 1090 provino

513 1084 893 1156 cim’episcopi
922 1084 1164 1157 insignes
1191 1084 1486 1144 habentur.

585 1175 818 1232 Severus
847 1178 1125 1247 provincia
1157 1178 1519 1249 Tripolitana,
1552 1182 1751 1251 oppido
1780 1181 1934 1253 Lepti
1974 1184 2124 1241 solus
2151 1200 2219 1242 ex
2258 1170 2465 1252 Africa,
2491 1197 2664 1258 usque
2691 1188 2746 1242 in
2774 1196 3094 1259 praesentem
3119 1187 3286 1254 diem,
3320 1187 3597 1244 Romanus
3626 1190 3742 1243 im-

514 1281 732 1338 perator
764 1271 865 1326 fuit
891 1288 904 1323 :
937 1283 993 1327 et
1021 1273 1075 1327 in
1117 1274 1380 1331 honorem
1409 1274 1733 1341 Pertinacis,
1763 1293 1923 1348 quem
1943 1277 2198 1336 Julianus
2218 1282 2514 1346 occiderat,
2535 1281 2877 1339 Pertinacem
2910 1299 2969 1340 se
2998 1284 3372 1354 coguominari
3395 1284 3580 1355 jussit.
3607 1283 3742 1339 Ideo

513 1371 695 1418 autem
726 1363 813 1417 hic
837 1364 948 1419 duo
974 1366 1102 1419 anni
1133 1367 1297 1436 positi
1330 1374 1479 1434 sunt,
1505 1368 1634 1438 quia
1665 1370 1946 1439 superiore
1973 1385 2118 1426 anno
2142 1389 2236 1428 sex
2267 1389 2482 1429 menses
2507 1375 2750 1446 regnavit
2781 1374 3032 1432 Severus.

581 1522 866 1604 Iudaicum
905 1541 958 1604 _e_t
1003 1528 1384 1584 Samariticum
1435 1527 1534 1600 [αι.
1563 1528 1694 1584 Sar-
1767 1535 1912 1604 21,1,
2394 1463 2429 1589 Ξ

513 1595 804 1668 maticum]
837 1598 1037 1653 bellum
1066 1606 1266 1652 ortum.

587 1685 896 1753 Quaestione
927 1699 1046 1744 orta
1076 1691 1132 1744 in
1180 1689 1307 1744 Asia
1341 1688 1482 1745 inter
1501 1692 1810 1762 episcopos,
1852 1707 1922 1748 an
1963 1693 2264 1749 secundum
2308 1695 2482 1767 legem
2510 1695 2704 1768 5Moysi
2744 1697 3152 1766 quartodecimo
3187 1699 3274 1755 die
3301 1701 3503 1756 mensis
3524 1699 3744 1756 Pascha

514 1781 916 1835 observandum
950 1791 1114 1848 esset,
1151 1783 1336 1840 Victor
1371 1785 1630 1846 Romanae
1674 1793 1827 1850 urbis
1857 1795 2145 1865 episcopus
2177 1804 2229 1850 et
2275 1793 2564 1850 Narcissus
2606 1793 3104 1865 Hierosolymorum
3127 1834 3141 1858 ,
3171 1794 3481 1866 Polycrates
3516 1811 3737 1865 quoque

511 1874 889 1943 Ephesiorum,
923 1884 976 1930 et
1017 1873 1250 1933 lrenams
1300 1877 1714 1952 Lugdunensis,
1762 1893 1817 1942 et
1855 1887 2162 1959 Bacchylus
2207 1887 2635 1951 Corinthiorum,
2676 1886 3005 1956 plurimique
3049 1885 3414 1943 Ecclesiarum
3459 1894 3743 1958 pastores,

513 1967 644 2037 quid
675 1969 756 2023 eis
787 1969 1068 2037 probabile
1094 1969 1271 2024 visum
1300 1969 1486 2038 fuerit,
1523 1975 1720 2032 litteris
1749 1979 2071 2035 ediderunt:
2102 1994 2334 2048 quarum
2361 1977 2620 2032 memoria
2648 1979 2717 2032 ad
2748 1993 2849 2032 nos
2883 1992 3056 2047 usque
3080 1979 3277 2048 perdur
3303 1981 3376 2051 aj.

1355 2105 1440 2172 ιι.
1486 2105 1679 2173 CML.
2106 2070 2209 2194 {33
2419 2070 2456 2193 ἒ

585 2198 786 2252 Severo
808 2199 1133 2268 imperante,
1163 2203 1410 2260 Thermas
1444 2205 1691 2261 Severia-

513 2283 596 2342 na!
625 2267 1126 2342 apudAntiochiam
1156 2281 1210 2325 et
1227 2271 1413 2342 Roma:
1438 2277 1614 2342 iactat,
1637 2286 1692 2332 et
2104 2278 2211 2334 200
2420 2281 2456 2334 6

515 2337 885 2406 Septizonium
911 2341 1284 2397 exstructum.’

581 2513 608 2549 c
640 2498 872 2556 Severus
899 2499 1133 2562 Parthos
1183 2515 1236 2562 et
1270 2505 1582 2562 Adiabenos
1604 2507 1916 2576 superavit:
1942 2505 2149 2561 Arabas
2178 2521 2397 2576 quoque
2445 2507 2734 2565 interiores
2765 2508 2839 2564 ita
2882 2509 3114 2574 cecidit,
3147 2517 3206 2564 ut
3237 2509 3510 2582 regionem
3539 2526 3745 2567 eorum

511 2589 810 2650 Romanam
840 2598 1173 2667 provinciam
1207 2597 1412 2654 fecerit.
1443 2597 1524 2653 Ob
1545 2614 1667 2670 qua:
1697 2596 2004 2660 Parthicus,
2027 2596 2317 2663 Arabicus,
2348 2597 2733 2665 Adiabenicus,
2763 2601 3176 2672 cognominatus
3207 2609 3312 2656 est.

580 2683 614 2735 ά
647 2682 1091 2759 Romgequartus
1124 2689 1372 2744 decimus
1409 2689 1695 2759 episc0pa-
1769 2690 1909 2757 21,5
2080 2687 2177 2759 201
2397 2688 2428 2741 7
2610 2707 2639 2744 e
2663 2689 3051 2746 Persecutionc
3081 2690 3134 2746 in
3179 2689 3520 2746 Christianos
3556 2689 3742 2756 facta,

509 2761 624 2807 tum
655 2755 892 2826 suscipit
910 2757 1251 2830 Zepliyrinus
1279 2755 1626 2814 annis'xvm'.
1774 2755 1807 2757 ’⁷
1844 2755 1851 2757 “
1877 2755 1893 2757 ⁷
2079 2757 2185 2832 202
2397 2759 2430 2832 8
2538 2759 2805 2832 Leonides
2839 2759 3092 2832 Origenis
3124 2767 3276 2829 pater
3304 2762 3544 2832 gloriosa
3575 2755 3738 2816 mar?

2079 2827 2184 2882 203
2395 2829 2428 2884 9
2537 2831 2663 2902 tyrii
2686 2837 2859 2886 morte
2884 2827 3183 2887 translatus
3213 2827 3318 2887 est.

1737 2921 1994 2990 QUINTA
2031 2922 2486 2980 PERSECUTIO.

585 3010 890 3068 Alexander
915 3013 986 3067 ob
1008 3014 1408 3071 confessionem
1427 3011 1697 3068 Dominici
1995 3029 2005 3044 ·
2081 3014 2188 3069 204
2368 3016 2435 3070 10
2612 3018 2864 3074 Clemens
2891 3018 3060 3073 multa
3089 3028 3144 3075 et
3167 3019 3320 3074 varia
3347 3018 3680 3074 conscribit.

513 3081 765 3154 nominis
787 3083 1017 3154 insignis
1051 3085 1278 3140 habetur
1304 3085 1400 3154 (1).

577 3149 607 3218 f
633 3149 922 3208 Musianus
936 3161 1138 3210 nostra:
1168 3149 1526 3225 philosophia:
1558 3154 1697 3209 scri-
1775 3183 1816 3225 ι)
1831 3180 1917 3225 [ιη
2081 3153 2190 3225 205
2365 3157 2425 3210 11

577 3180 592 3218 1
633 3180 912 3235 muniatur:
936 3180 1138 3210 Πυδιῖἇῖ
1169 3180 1526 3225 υυιιυδυμιιιω
1558 3180 1697 3209 δυΙΊ’
2084 3180 2190 3209 Ζυῧ
2365 3180 2425 3210 ’11
3432 3229 3443 3239 1

510 3226 638 3289 βίον
666 3231 1002 3293 aSnoscitur.
2080 3224 2188 3279 206
2365 3226 2433 3280 12
2545 3305 2555 3310 Δ
2611 3227 3252 3310 Οιηξβοηςιεᾉῂχςιηᾶιίίε
3276 3298 3286 3310 .
3299 3228 3497 3310 studiis
3517 3228 3740 3310 ,ει-ιιᾶί-

2541 3305 2652 3364 tus,
2667 3298 2866 3354 divinis
2887 3306 3032 3355 totus
3049 3298 3316 3354 incumbit
3331 3298 3740 3355 voluminibus.

581 3402 638 3457 In
680 3403 782 3459 hoc
823 3420 966 3460 anno
1008 3405 1292 3474 jubilazum
1328 3420 1358 3462 a
1395 3404 1698 3476 majoribus
1736 3403 2048 3460 invenimus
2075 3403 2446 3472 observatum,
2478 3407 2532 3461 id
2558 3416 2643 3463 est
2681 3423 2755 3461 xu
2787 3405 2886 3478 [αι.
2912 3406 3037 3478 xm]
3068 3421 3210 3462 anno
3256 3405 3441 3462 Severi
3494 3415 3550 3460 et
3578 3420 3738 3462 cem

511 3495 863 3552 Antiochenaa
886 3499 1054 3554 urbis.

2083 3588 2192 3642 207
2367 3589 2436 3643 13

579 3717 611 3769 g
642 3697 833 3754 Clodio
875 3700 1092 3766 Albino,
1132 3704 1225 3773 qui
1265 3718 1326 3759 se
1364 3703 1420 3757 in
1455 3700 1630 3758 Gallia
1661 3699 1931 3756 Caesarem
1964 3706 2184 3766 iecerat,
2217 3701 2359 3770 apud
2384 3700 2708 3771 Lugdunum
2732 3699 3042 3765 interfecto,
3071 3699 3305 3755 Severus
3345 3702 3398 3755 in
3434 3699 3739 3760 Britannos

479 3789 710 3844 bellum
748 3790 1032 3856 transfert,
1067 3793 1194 3858 ubi,
1239 3802 1298 3848 ut
1342 3801 1592 3863 receptas
1635 3791 1950 3862 provincias
1982 3791 2051 3846 ab
2084 3791 2399 3871 incursione
2443 3793 2725 3847 barbarica
2775 3791 2978 3847 faceret
3026 3777 3361 3854 securiores,
3397 3793 3598 3847 vallum
3634 3811 3736 3865 per

506 3897 653 3940 cxxu
691 3883 785 3954 [aL
812 3883 1018 3956 cxxxn]
1052 3885 1220 3940 millia
1244 3900 1506 3955 passuum
1538 3901 1568 3940 a
1598 3886 1738 3940 mari
1763 3883 1830 3938 ad
1861 3898 2012 3938 mare
2049 3883 2322 3953 perduxit.
2348 3882 2627 3939 Pictorum
2655 3883 2853 3938 cecidit
2884 3884 3074 3954 ingens
3099 3885 3408 3938 multitudo.

579 3973 947 4049 Tertullianus
991 3975 1166 4049 Afer,
1193 3977 1532 4032 centurionis
1570 3959 1696 4046 pro-
1761 3981 1902 4049 247
2081 3975 2162 4049 201

850 3992 947 4049 nus
991 3975 1166 4049 Afer,
1193 3977 1532 4032 centurionis
1570 3959 1696 4046 pro-
1761 3981 1902 4049 247
2081 3975 2186 4049 ξοδ
2363 3975 2433 4049 ﬂ

478 4045 814 4100 .consularis
843 4046 1005 4110 ﬁlius,
1022 4047 1265 4100 omnium
1297 4084 1348 4110 η
1419 4043 1654 4110 run},
1763 4043 1801 4049 ”
1825 4043 1853 4048 “
1874 4043 1886 4047 ⁷
2083 4043 2188 4098 209
2365 4045 2434 4098 15

505 4084 1265 4170 ῑεῖἑῖὲἑῖεἶιῖῧιὲἰ’ὲὲῗνίιῖ’ὀὶἱέ’ἕὲῗ
1297 4084 1375 4153 R-
1418 4084 1688 4155 CMLX.
2081 4084 2187 4168 Ξιὸ
2365 4084 2433 4169 ἕξ

506 4183 768 4240 lebratur.
2074 4185 2089 4238 ε

2074 4184 2170 4238 211
2365 4185 2433 4238 17

576 4255 609 4307 It
639 4254 873 4310 Severus
895 4255 1124 4308 moritur
1146 4254 1376 4309 Eboraci
1401 4255 1454 4307 in
1477 4254 1692 4308 Britan-
2077 4255 2184 4308 212
2362 4255 2430 4308 18
2621 4254 2895 4311 Severinus
2933 4255 3176 4311 Ebroicis
3215 4257 3274 4311 in
3293 4255 3575 4310 Britannia
3609 4275 3717 4313 mo

505 4323 618 4378 nia.
2548 4325 2701 4378 ritur.

573 4421 705 4475 Geta
739 4419 923 4477 Severi
955 4420 1099 4478 filius
1126 4436 1250 4475 cum
1290 4418 1550 4474 Bassiano
1591 4416 1756 4472 fratre
1789 4434 2080 4476 successor
2117 4419 2362 4486 relictus,
2390 4426 2444 4475 et
2486 4428 2609 4490 post
2635 4419 2807 4476 hostis
2835 4421 3085 4490 publicus
3109 4419 3404 4490 judicatus,
3426 4419 3745 4476 confestim

502 4513 688 4585 periit.

570 4711 604 4746 a
667 4693 948 4765 Ῥωμαίων
1001 4692 1450 4754 ἑπτακαιδέκατος
1525 4692 1769 4762 βασιλεὺς
1822 4691 2060 4763 Σευῆρος
2229 4690 2264 4742 d
2312 4690 2527 4760 Ῥώμης
2569 4692 2627 4744 ιδ’
2678 4691 2972 4755 ἐπίσκοπος
3020 4692 3311 4762 Ζεφυρῖνος
3340 4689 3433 4761 ἔτη
3485 4689 3746 4750 δώδεκα.

497 4785 591 4858 ἐτη
618 4786 699 4839 ιϐ’.
727 4785 882 4857 Sync.
905 4803 956 4855 p.
983 4786 1108 4847 556,
1139 4784 1204 4839 Α.

2161 4780 2353 4837 Euseb.
2385 4783 2522 4852 apud
2560 4782 2719 4854 Sync.
2752 4798 2806 4849 p.
2841 4784 2965 4848 355,
3002 4781 3063 4838 ε.

513 4871 516 4874 ’
568 4881 597 4933 b
615 4879 949 4950 Καισαρείας
981 4881 1039 4933 ὲν
1079 4877 1407 4952 Παλαιστίνῃ
1445 4879 1735 4950 καθηγεῖτο
1769 4877 2052 4946 Θεόφιλοςο
2228 4894 2255 4930 e
2275 4877 2544 4948 Λεωνίδης
2567 4875 2866 4948 Ὠριγένους
2894 4874 3073 4946 πατὴρ
3095 4873 3750 4946 ὲμαρτύρησε,διωγμοῦ

496 4975 589 5027 καὶ
617 4972 924 5043 Νάρκισσος
960 4971 1060 5042 τῆς
1090 4974 1148 5025 ὲν
1186 4971 1576 5043 Ἱεροσολύμοις
1609 4970 1931 5041 Ἑκκλησίας
1957 4970 2055 5040 τὴν
2158 4969 2437 5038 γεγονότος
2466 4971 2523 5022 ὲν
2557 4968 2946 5039 Ἀλεξανδρείᾳ.
2979 4965 3195 5034 Ibidem,
3227 4984 3279 5036 p.
3307 4968 3432 5032 555,
3463 4968 3525 5022 Β.

493 5063 830 5134 λειτουργίαν
861 5058 992 5133 εἶχε.
1018 5062 1278 5134 Κορίνθου
1310 5063 1366 5116 δὲ
1389 5064 1481 5133 τῆς
1505 5062 1625 5116 καθ’
1661 5062 1882 5116 Ἐλλάδα
1912 5061 2054 5114 Βάκ-
2230 5065 2250 5131 Ι
2296 5060 2599 5123 Μουσιανὸς
2642 5055 3087 5128 ὲκκλησιαστικὺς
3140 5058 3486 5128 συγγραφεὺς
3546 5058 3746 5124 ἐγνω-

493 5153 702 5224 χυλλος,
738 5155 832 5208 καὶ
865 5153 965 5224 τῆς
994 5154 1052 5207 ὲν
1103 5154 1309 5224 Ἐφέσῳ
1351 5154 1637 5222 παροικίας
1685 5153 2053 5224 Πολυκράτης.
2161 5152 2356 5220 ρίζετο.
2394 5151 2617 5205 Ibidem.
3750 5175 3760 5181 -

496 5242 752 5298 Eusebius
777 5241 917 5299 Hist.
943 5243 1068 5300 θεοί.
1098 5245 1161 5309 V,
1195 5246 1284 5298 22.

2226 5262 2256 5315 g
2275 5246 2509 5316 Σευῆρος
2532 5244 2610 5307 είς
2623 5241 2837 5312 Ῥώμην
2853 5240 3020 5295 ἐλθὼν
3053 5240 3288 5294 ’Δλόἴνον
3308 5240 3744 5312 τυραννήσαντα

567 5355 594 5391 c
620 5337 856 5410 Σευῆρος
891 5337 1236 5408 ’Λδιαὸηνοὺς
1271 5339 1362 5391 καὶ
1391 5337 1634 5408 ’Ἄραϐας
1665 5337 2056 5407 συμμαχήσειν·
2160 5336 2297 5388 κατὰ
2325 5333 2665 5401 Δουγδούνων
2695 5333 2845 5386 πόλιν
2867 5333 3064 5386 ἀνεῖλε.
3089 5332 3261 5396 Idem,
3290 5350 3342 5401 p.
3373 5331 3497 5394 556,
3524 5331 3586 5384 Β.

494 5445 593 5492 τας
628 5429 706 5500 τῷ
736 5431 930 5500 Νίγερι
957 5428 1349 5494 καθυπέταξεν.
1385 5429 1541 5500 Sync.
1575 5444 1630 5493 p.
1659 5427 1782 5493 356,
1815 5428 1878 5480 Α.
2231 5427 2263 5477 Ιι
2297 5427 2529 5494 Σευῆρος
2556 5427 2634 5487 εἰς
2667 5423 2990 5496 Βρεττανίαν
3017 5423 3186 5477 ἐλθὼν
3219 5423 3458 5496 τελευτᾷ.
3486 5421 3741 5478 Ibidem-

569 5547 644 5618 (1)
685 5548 974 5671 ῢιρχειιιὲἷῑ
1004 5550 1262 5622 martyris
1288 5549 1388 5606 sub
1428 5549 1704 5604 Antonino
1738 5548 1865 5618 imp.
1904 5556 2078 5603 exstat
2108 5545 2318 5617 insigne
2354 5544 2685 5613 epitaphium
2715 5543 2768 5598 in
2801 5543 3115 5599 collecﬁone
3152 5559 3179 5596 a
3221 5558 3306 5600 me
3337 5542 3476 5599 edita
3511 5539 3742 5610 Script.

569 5629 591 5671 ἷ.
621 5630 656 5671 ι.
737 5661 748 5671 .
780 5636 828 5671 n.
857 5638 887 5671 ei)
968 5663 978 5671 .

497 5628 591 5673 υει.
621 5630 656 5672 1.
691 5628 748 5684 γ,
779 5636 828 5686 [ι.
856 5628 978 5671 561.
