3940 6208
105 257 244 312 573
1431 261 1661 318 CIIRON

1836 260 1930 317 ΠΜ
1969 260 2099 319 LIB.
2133 259 2198 317 ιι.
3280 258 3387 316 574

128 404 3365 437 *ᾕ-ι--ιι--Ψ--ιι--υ-ῄ

1379 516 1571 557 οωιδιι).
1621 517 1880 557 CHRISTUS
1967 517 2094 556 ROII.

1936 639 2145 712 Philip-

2012 727 2115 781 pus

1376 815 1513 825 ——
1520 814 1592 825 -ο
1659 813 1862 824 --ῂσ
1938 810 2144 822 -υιο--σι

1692 853 1795 907 248
2044 850 2079 903 2

1099 1054 1182 1122 Β.
1236 1053 1328 1121 Μ.
1399 1056 1538 1120 2-37
1617 1155 1619 1157 ί
1683 1097 1788 1152 2,9
2036 1097 2070 1152 δ

206 1184 599 1257 Regnantibus
637 1185 901 1261 Philippis
934 1190 1254 1248 millesimus
1290 1190 1548 1246 Romanae
1601 1193 1756 1248 urbis
1783 1193 2030 1263 expletus
2073 1200 2159 1248 est
2203 1207 2417 1247 annus:
2457 1191 2528 1246 ob
2573 1207 2735 1263 quam
2777 1191 3176 1247 solemnitatem
3223 1191 3392 1246 inuu-

131 1278 444 1335 merabiles
473 1280 660 1337 bestiae
698 1283 755 1337 in
793 1283 941 1337 circo
974 1298 1170 1357 magno
1196 1283 1494 1344 interfectae
1529 1305 1543 1342 :
1575 1284 1796 1356 ludique
1841 1286 1898 1341 in
1940 1300 2133 1357 campo
2173 1284 2365 1339 Martio
2399 1285 2696 1341 theatrales
2730 1283 2905 1340 tribus
2937 1283 3131 1340 diebus
3166 1299 3231 1338 ac
3262 1298 3373 1340 no-

129 1369 333 1426 ctibus
361 1374 556 1442 populo
581 1377 936 1447 pervigilante
966 1376 1247 1434 celebrati.

208 1463 514 1547 Theatrum
544 1467 787 1541 Pompeii
816 1471 1120 1537 incensum,
1153 1482 1206 1528 et
1234 1472 1334 1529 He—
1684 1475 1796 1531 250
2039 1477 2076 1531 4
2205 1545 2240 1547 g7
2275 1475 2554 1547 Philippus
2580 1477 2766 1547 urbem
2807 1470 3187 1544 cognominem
3217 1472 3300 1527 sui
3327 1471 3385 1526 in

128 1538 476 1607 catostylon.
681 1538 696 1541 ἡ
2202 1538 2435 1600 Thracia
2456 1538 2788 1602 construxit.

1687 1619 1784 1675 ‘25l
2041 1617 2075 1671 5
2273 1635 2304 1669 α
2342 1616 2719 1672 Alexandrinae
2765 1613 3020 1669 Ecclesiae
3068 1611 3263 1666 tertius
3289 1612 3384 1665 de-

1687 1689 1794 1746 252
2037 1687 2072 1741 6
2200 1688 2374 1742 cimus
2397 1689 2766 1756 episcopatum
2791 1683 2962 1756 ten_uit
2984 1682 3271 1756 Dionysius
3294 1696 3386 1756 an:

2199 1758 2286 1812 nis
2331 1751 2484 1812 ινιῐι.
2528 1751 2628 1812 Hic
2658 1762 2835 1810 autem
2863 1751 3154 1824 Dionysius
3191 1753 3276 1824 vi_r
3297 1751 3385 1824 sui

2197 1827 2459 1896 temporis
2481 1826 2961 1897 eloquentissimus
2982 1821 3190 1879 summa
3212 1821 3384 1894 gloria
3492 1832 3500 1840 °

2198 1897 2403 1952 ﬂoruit.

138 2119 150 2130 .
215 2047 258 2130 ὁ.
294 2049 576 2130 Philippus
631 2051 815 2108 senior
857 2053 1104 2120 Verona,
1162 2052 1346 2110 Romae
1416 2060 1557 2128 258
1698 2055 1806 2109 255
2055 2054 2086 2108 7

134 2123 332 2188 iunior
359 2123 648 2176 occiditur.

211 2189 247 2240 ά
267 2188 464 2246 Decius
489 2207 520 2246 e
546 2191 824 2246 Pannonia
845 2191 1198 2248 inferioribus
1224 2193 1342 2248 Dal-

135 2261 327 2314 matiis
378 2273 537 2336 natus
587 2261 716 2336 fuit;
761 2262 852 2336 qui
882 2279 1014 2336 cum
1066 2262 1342 2336 Philippos
1625 2283 1652 2319 c
1689 2262 1852 2319 XXV.
1880 2262 2130 2318 DECIUS
2161 2277 2305 2317 anno
2339 2278 2378 2327 ι,
2413 2261 2692 2318 mensibus
2736 2277 2820 2316 ul.

136 2337 352 2398 patrem
377 2339 430 2384 et
455 2331 621 2385 filium
649 2331 1032 2391 interfecisset.
1057 2333 1125 2386 ob
1153 2331 1336 2388 odium

135 2413 355 2464 eorum,
418 2403 850 2474 persecutionem
900 2403 954 2456 in
1017 2403 1355 2460 Christianos
1703 2405 1810 2460 254
2055 2405 2081 2459 1
2260 2404 2449 2474 Romae
2468 2404 2920 2474 amphitheatrum
2951 2403 3255 2458 incensum.

136 2477 364 2545 ιιιοιτρι,Δ
382 2470 487 2540 qua
508 2471 772 2545 diaconus
801 2470 1125 2529 Laurentius
1152 2476 1339 2530 Romae
2242 2473 2511 2530 Jubelaeus
2536 2470 2691 2545 juxta
2722 2475 2959 2545 majores
2991 2479 3232 2529 nostros.

138 2541 460 2602 martyrium
491 2543 664 2598 duxit.

1371 2660 1666 2717 SEPTIMA
1704 2658 2154 2720 PERSECUTlO.

213 2812 484 2868 Antonius
512 2817 813 2872 monachus
851 2818 906 2872 in
942 2817 1181 2892 Egypto
1219 2819 1486 2874 nascitur.

213 2923 242 2959 e
273 2905 528 2963 Romanis
555 2907 812 2967 Ecclesia:
829 2912 1205 2984 episcopatum
1246 2924 1368 2985 post
1411 2912 1635 2968 Fabiani
1666 2911 1957 2983 gloriosam
2005 2919 2236 2966 mortem
2276 2909 2572 2965 vicesimus
2617 2905 2847 2976 suscipit
2879 2903 3186 2969 Cornelius,
3217 2920 3380 2976 quem

144 2996 321 3051 tenuit
346 2997 504 3054 annis
549 3000 745 3070 tribus,
775 3003 968 3061 diebus
1023 3007 1217 3074 tribus,
1254 3006 1348 3077 qui
1391 3014 1444 3060 et
1481 3006 1596 3076 ipse
1640 3006 1905 3078 martyrio
1952 3011 2248 3061 coronatus
2293 3009 2400 3060 est.
2433 3000 2664 3057 Exstant
2721 2999 2790 3054 ad
2823 3014 2948 3055 eum
2979 2997 3232 3070 Cypriani
3255 3007 3381 3053 octo

146 3087 402 3157 epistola).

215 3185 562 3258 [Cyprianus
593 3187 831 3258 primum
858 3189 1066 3257 rhetor,
1108 3190 1299 3246 deinde
1326 3191 1630 3262 presbyter,
1663 3190 1731 3247 ad
1757 3199 2060 3246 extremum
2104 3188 2580 3259 Carthaginiensis
2609 3186 2900 3258 episcopus
2933 3184 3190 3255 martyrio
3222 3199 3378 3240 coro-

151 3287 327 3336 Βθῑυΐ.

211 3371 474 3432 Pestilens
507 3377 728 3434 morbus
767 3379 968 3432 multas
1000 3376 1166 3432 totius
1208 3379 1360 3434 orbis
1391 3379 1702 3450 provincias
1739 3377 2046 3448 occupavit,
2081 3379 2427 3451 maximeque
2468 3373 2854 3432 Alexandriam
2887 3379 2941 3427 et
2968 3369 3284 3442 Egyptum,
3317 3377 3375 3423 ut

149 3467 334 3522 scribit
364 3467 677 3542 Dionysius,
702 3479 757 3528 et
782 3472 1037 3543 Cypriani
1058 3473 1135 3528 De
1165 3475 1495 3530 mortalitate
1527 3475 1682 3531 testis
1707 3483 1793 3530 est
1825 3474 1982 3530 liber.

210 3575 241 3628 g
267 3561 575 3617 Alexandro
610 3563 1109 3636 Hierosolymorum
1153 3566 1413 3636 episcopo
1468 3567 1611 3637 apud
1651 3567 1956 3623 Caesaream
1991 3565 2294 3622 Palaestina:
2339 3566 2409 3623 ob
2461 3562 2781 3635 martyrium
2833 3557 3137 3622 interfecto,
3169 3563 3226 3612 et
3267 3556 3375 3610 An.

149 3653 356 3712 tiochiae
385 3655 608 3729 Babyla,
635 3658 965 3716 Mazabanus
992 3667 1046 3715 et
1078 3658 1278 3718 Fabius
1309 3662 1548 3733 episcopi
1572 3663 1997 3719 constituuntur.

244 3746 494 3823 hDecius
527 3765 675 3823 eum
725 3751 836 3805 tilio
880 3751 938 3806 in
988 3751 1177 3808 Abrito
1233 3751 1332 3823 [αι.
1741 3785 1744 3790 -

143 3818 393 3892 Δφτυιὶο]
425 3821 715 3879 occiditur.
1234 3816 1244 3823 ’
1734 3826 1755 3879 i
1793 3823 1981 3893 XXVI.
2010 3823 2304 3892 GALLUS,
2336 3832 2390 3880 et
2420 3817 2884 3886 VOLUSIANUS,
2916 3816 3056 3872 Galli
3087 3816 3253 3880 ﬁlius,
3279 3830 3362 3869 an-

1823 3897 1907 3951 nis
1935 3910 1995 3961 ll,
2028 3895 2311 3951 mensibus
2341 3909 2414 3948 iv.

1683 3986 1789 4042 255
2037 3988 2061 4040 l
2246 3987 2276 4039 k
2301 3983 2565 4055 Origenes
2594 3982 2847 4038 moritur.

219 4138 517 4197 (Romana:
547 4139 800 4198 Ecclesia:
855 4145 1227 4215 episcopatum
1268 4153 1416 4204 tenet
1445 4149 1738 4204 vicesimus
1777 4149 1987 4219 primus
2025 4147 2229 4204 Lucius
2277 4145 2438 4201 annis
2473 4145 2672 4208 tribus,
2722 4141 3004 4199 mensibus
3047 4140 3222 4196 tribus
3273 4139 3370 4212 [αι.

145 4227 343 4284 Lucius
366 4229 643 4284 mensibus
691 4230 862 4303 octo].
892 4230 1022 4288 Post
1047 4249 1210 4304 quem
1255 4236 1549 4293 vicesimus
1579 4238 1855 4295 secundus
1890 4238 2202 4310 Stephanus
2230 4234 2390 4293 annis
2419 4242 2672 4306 quatuor.
2707 4235 2937 4290 Exstant
2963 4231 3032 4287 ad
3084 4241 3374 4306 utrumque

145 4325 392 4397 Cypriani
423 4327 688 4397 epistolae.

215 4498 247 4534 α
291 4480 681 4552 Ἀλεξανδρείας
709 4481 821 4553 (ιγ)
865 4483 1162 4549 ἐπίσκοπος
1200 4486 1488 4552 Διονύσιος.
1541 4489 1699 4560 Sync.
1836 4491 1864 4561 Ῑ
1881 4490 2191 4563 Κυπριανὸς
2205 4490 2520 4561 διαπρέπων
2543 4489 2720 4561 ἔργοις
2737 4487 2831 4542 καὶ
2845 4486 3022 4557 λόγοις
3044 4486 3369 4550 θεοσεϐείας,

147 4589 198 4642 p.
228 4572 346 4636 565,
371 4572 432 4628 C.
1801 4584 1829 4635 ὁ
1863 4582 2034 4652 μέγας
2069 4582 2429 4655 Καρθαγένης
2474 4580 2788 4643 ἐπίσκοπος,
2831 4577 2909 4649 τῷ
2941 4577 3081 4650 ὑπὲρ
3132 4578 3370 4650 Χριστοῦ

216 4665 244 4718 b
295 4665 551 4729 Φίλιππος
597 4666 836 4739 ἀνῃρέθη
890 4667 1006 4738 ἅμα
1051 4668 1129 4740 τῷ
1177 4668 1291 4739 υἱῷ.
1339 4668 1600 4726 Cedrenus
1644 4687 1698 4739 p.

1422 4669 1600 4726 frenas
1644 4687 1698 4739 ρ.
1805 4669 2090 4740 μαρτυρίῳ,
2114 4669 2436 4724 τελειοῦται.
2471 4667 2643 4733 Idem,
2677 4683 2728 4736 ρ.
2758 4666 2882 4735 565,
2914 4667 2978 4723 Α.

148 4757 268 4819 257,
303 4756 362 4811 C.
1869 4775 1902 4828 g
1943 4757 2269 4830 Ἀντιοχείας
2301 4760 2368 4812 ιϐ’
2404 4759 2704 4821 ἐπίσκοπος
2729 4757 3000 4822 Βαϐυλᾶς,
3049 4753 3205 4830 (εἶτα)
3231 4759 3369 4812 Φλα-

213 4866 240 4902 c
265 4850 542 4919 Ῥωμαίων
559 4849 676 4922 (κε’)
707 4851 1018 4908 ἐϐασίλευσε
1044 4854 1229 4916 Δέκιος
1269 4851 1385 4917 ἔτος
1405 4851 1474 4907 α’.
1500 4852 1694 4910 Chron.

1811 4850 2007 4914 ϐιανός.
2055 4850 2280 4916 Ibidem,
2310 4859 2364 4907 et
2389 4852 2513 4917 585,
2549 4850 2611 4907 C.
2653 4845 3034 4922 Ἰεροσολύμων
3072 4850 3367 4918 ἐπίσκοπος

148 4941 314 5009 pascit.
343 4959 394 5011 p.
426 4942 549 5008 271,
580 4945 644 5000 Α.

1799 4939 2153 5014 Μαζαϐἀνης.
2182 4943 2404 5011 Ibidem,
2425 4953 2473 4998 et
2501 4960 2553 5012 ρ.
2589 4942 2713 5007 585,
2746 4939 2807 4997 C.

211 5033 245 5084 ά
279 5000 457 5098 Δέκιος
483 5000 743 5090 Φίλιππον
769 5035 972 5090 ἀνεῖλεν
997 5036 1112 5107 ἅμα
1151 5039 1261 5100 τοῖς
1284 5039 1462 5103 παισὶ,
1493 5039 1584 5092 καί
1614 5039 1699 5092 διὰ
1869 5000 2357 5106 ΙινΔέκιοςνέσφάγη
2557 5034 2649 5088 τοῦ
2675 5000 2789 5088 υἱοῦ
2819 5033 2983 5088 αὐτοῦ
3005 5035 3062 5087 ἐν
3102 5032 3362 5106 Ἀϐύρτῳ.
3393 5000 3399 5024 ι

148 5126 203 5179 τὸ
248 5126 373 5196 πρὸς
403 5127 663 5182 Φίλιππον
712 5127 884 5198 ἔχθος,
931 5130 1124 5202 πικρὸν
1164 5130 1349 5202 ἤγειρε
1381 5131 1522 5185 κατὰ
1566 5133 1700 5201 Χρι-

1009 5130 1124 5202 ιρὸν
1164 5130 1349 5202 ἤγειρε
1381 5131 1522 5185 κατὰ
1566 5133 1700 5201 Χρι-
1800 5125 1992 5183 Chron.
2034 5127 2216 5198 pasch.
2250 5143 2302 5196 p.
2336 5127 2464 5193 272,
2499 5126 2565 5180 Α.

146 5217 363 5270 στιανῶν
404 5219 661 5292 διωγμὸν,
704 5223 760 5274 ἐν
790 5216 835 5290 ᾧ
868 5222 1130 5286 Φαϐιανὺς
1157 5223 1251 5277 ἐπὶ
1288 5224 1386 5294 τῆς
1429 5223 1644 5295 Ῥώμης
1669 5223 1699 5275 ὁ
1865 5222 1886 5273 i
1925 5219 2208 5290 Ῥωμαίων
2227 5217 2317 5284 κς⁹
2356 5218 2670 5273 ἐϐασίλευσε
2703 5217 2900 5284 Γάλλος
2926 5218 3019 5272 καὶ
3051 5217 3368 5271 Βολλουσια-

146 5308 337 5377 ταύτης
365 5311 656 5377 ἐπίσκοπος
680 5314 770 5367 τὸν
812 5315 1139 5388 μαρτυρικὺν
1169 5316 1463 5388 ἀνεδήσατο
1501 5317 1697 5385 στέφα-
1797 5311 1885 5374 νὸς
1915 5309 2031 5373 ἔτος
2063 5309 2142 5373 ἓν,
2175 5310 2346 5380 μῆνας
2365 5307 2426 5362 δό
2455 5307 2509 5362 Ν
2513 5310 2676 5378 ἰεεριιο
2709 5324 2761 5377 Ρο
2801 5309 2925 5372 401,
2951 5307 3013 5363 C-

146 5414 249 5458 νον,
283 5397 520 5464 Βαϐυλᾶς
579 5419 640 5455 τε
680 5404 817 5458 κατὰ
858 5402 953 5474 τὴν
994 5405 1311 5475 Ἀντιόχειαν
1361 5406 1693 5470 ἐπισκοπῶν,
1867 5405 1896 5456 It
1934 5402 2089 5456 Κατὰ
2118 5402 2207 5455 τὸν
2236 5401 2434 5454 Γάλλου
2476 5401 2665 5473 χρόνον
2695 5400 2841 5468 λέγει
2878 5398 3125 5453 τεθνάναι
3158 5401 3247 5452 τὸν
3280 5399 3362 5452 ’0-

147 5488 236 5540 καὶ
276 5489 650 5564 Ἱεροσολύμων
697 5492 1056 5569 Ἀλέξανδρος.
1088 5494 1246 5566 Sync.
1272 5513 1326 5566 p.
1359 5498 1483 5565 565,
1505 5498 1574 5554 Α.

1286 5513 1326 5553 ο.
1359 5498 1483 5565 565,
1505 5498 1574 5554 Α.
1798 5495 2017 5569 ριγένην
2042 5494 2318 5558 Εὐσέϐιος.
2348 5493 2508 5564 Sync.
2539 5510 2591 5563 p.
2624 5493 2749 5558 5'77,
2776 5494 2842 5546 Α.

211 5596 237 5633 e
274 5578 506 5655 Ῥώμης
537 5587 829 5650 ἐπίσκοπος
858 5586 948 5660 (κ’)
987 5590 1280 5661 Κορνήλιος
1329 5590 1421 5660 ἔτη
1463 5590 1528 5659 γ’.
1583 5590 1691 5645 lbi—
1866 5589 1885 5642 ί
1925 5587 2207 5657 Ῥωμαίων
2233 5587 2360 5658 (κα’)
2410 5586 2703 5648 ἐπίσκοπος
2737 5585 2962 5650 Λούκιος
3005 5585 3099 5657 ἐτη
3140 5584 3203 5656 β’.
3233 5583 3358 5640 Σιτί-

147 5669 274 5739 dem,
305 5672 365 5728 Β.

1795 5697 1961 5750 φανος
1985 5679 2080 5750 ἔτη
2113 5677 2176 5749 β’.
2219 5677 2391 5746 Idem,
2419 5695 2472 5748 p.
2504 5677 2758 5732 575-581.
