3940 6208
586 321 684 382 691
712 380 728 396 ⁸
1358 312 1627 371 EUSEBH
1665 307 2142 370 CESARIENSIS
2180 309 2330 366 OPP.
2371 306 2554 363 PARS
2591 306 2630 360 ι.
2660 337 2727 347 —-
2757 300 3148 362 HISTOBICA.
3649 308 3714 363 53!

593 463 3698 492 MM

1839 571 2032 612 οιτιρ.
2107 568 2369 611 CHRISTUS
2446 569 2572 609 ΒΟ..

2357 693 2628 771 Constan-

2446 770 2558 815 tius

2385 858 2596 873 #—

1822 867 2563 996 335:2???

665 1071 872 1128 Bellum
902 1069 1182 1128 Persicum
1217 1082 1546 1130 nocturnum
1574 1069 1717 1142 apud
1751 1067 2039 1141 Singaram
2060 1110 2075 1134 ,
2109 1069 2163 1124 in
2207 1083 2315 1138 quo
2341 1066 2486 1121 haud
2530 1063 2750 1119 dubiam
2785 1062 3074 1116 victoriam
3112 1057 3338 1113 militum
3373 1056 3620 1113 stoliditate
3643 1073 3724 1126 par-

596 1169 856 1224 didimus.
887 1166 1074 1240 Neque
1103 1183 1232 1224 vero
1258 1169 1427 1223 ullum
1453 1167 1777 1224 Constantio
1807 1179 1874 1220 ex
1907 1180 2104 1227 novem
2145 1159 2484 1234 gravissimis
2515 1158 2714 1230 praeliis
2749 1163 2940 1211 contra
2977 1153 3178 1209 Persas
3213 1151 3420 1224 gravius
3450 1151 3614 1206 bellum
3647 1152 3724 1207 iuit.

597 1258 755 1324 Nam,
787 1268 840 1315 ut
871 1261 976 1316 alia
1009 1262 1283 1326 omittam,
1315 1260 1492 1318 Nisibi
1523 1261 1773 1326 obsessa,
1810 1257 2059 1313 Bizahdae
2087 1265 2138 1313 et
2171 1255 2362 1310 Amida
2397 1259 2568 1324 capta:
2597 1260 2742 1306 sunt.

665 1351 1126 1424 Quadragesimus
1166 1354 1434 1410 Maximus
1461 1361 1585 1424 post
1632 1354 1927 1409 Macariuni
1985 1351 2482 1423 Hierosolymorum
2535 1347 2828 1417 episcopus
2877 1344 3134 1398 moritur.
3185 1339 3314 1395 Post
3337 1355 3482 1410 quem
3516 1337 3725 1394 Ecclesiam

2103 866 2314 878 ——

597 1444 788 1499 Ariani
819 1444 1121 1500 invadunt:
1155 1445 1206 1500 id
1231 1455 1316 1501 est
1343 1445 1604 1518 Cyrillus,
1644 1443 1970 1516 Eutycbius,
2006 1459 2228 1498 rursum
2263 1440 2521 1513 Cyrillus,
2555 1436 2810 1502 lrenazus,
2854 1437 3018 1492 tertio
3042 1434 3298 1507 Cyrillus,
3331 1431 3564 1493 Hilarius,
3595 1439 3727 1501 quarto

595 1540 872 1610 Cyrillus;
917 1555 1148 1610 quorum
1200 1540 1458 1612 Cyrillus,
1512 1555 1638 1594 cum
1670 1555 1699 1593 a
1733 1538 1968 1592 Maximo
2018 1537 2213 1593 fuisset
2243 1537 2525 1607 presbyter
2565 1532 2872 1595 ordinatus,
2920 1539 2975 1586 et
3009 1539 3134 1602 post
3165 1535 3390 1584 mortem
3426 1525 3529 1594 ejus
3553 1525 3611 1577 ita
3631 1523 3664 1576 ei
3685 1523 3727 1574 ab

596 1630 1102 1702 Acacio,episc0po
1129 1630 1474 1698 Cmsariensi,
1535 1641 1590 1688 et
1621 1633 1834 1688 cu-teris
1867 1631 2142 1702 episcopis
2196 1631 2416 1686 Arianis
2461 1629 2812 1700 episcopatus
2855 1624 3288 1696 promitteretur,
3338 1619 3381 1675 si
3423 1618 3725 1673 ordinationem

601 1715 818 1774 Maximi
869 1720 1232 1792 repudiasset,
1291 1720 1558 1778 diaconus
1616 1723 1672 1777 in
1722 1723 1954 1779 ecclesia
2003 1723 2407 1778 administravit
2454 1740 2467 1776 :
2517 1721 2588 1775 ob
2635 1733 2798 1789 quam
2857 1717 3196 1788 impietatem
3254 1712 3519 1771 sacerdotii
3559 1710 3726 1766 mercede

598 1821 881 1883 pensatus.
910 1812 1242 1881 Heraclium,
1274 1830 1436 1884 quem
1482 1815 1726 1871 moriens
1768 1814 2036 1871 Maximus
2081 1813 2137 1869 in
2181 1831 2340 1871 suum
2373 1814 2553 1869 locum
2585 1811 2967 1875 substituerat,
3011 1809 3170 1864 varia
3202 1807 3386 1863 fraude
3406 1804 3664 1867 sollicitans,
3687 1799 3727 1855 de

601 1891 858 1977 episcopo
881 1905 936 1961 in
961 1905 1336 1978 presbyterum
1369 1906 1698 1978 regradavit.

2159 1999 2264 2053 5554
2477 1997 2544 2053 15

674 2111 938 2168 Romanae
969 2111 1226 2167 Ecclesiae
1259 2111 1573 2167 tricesimus
1603 2119 1834 2186 quartus
1876 2111 2163 2165 ordinatur
2196 2111 2485 2182 episcopus
2523 2111 2788 2167 Liberius.
2812 2111 2932 2177 Quo
2963 2113 3018 2166 in
3066 2109 3316 2166 exsilium
3355 2107 3421 2162 ob
3465 2105 3593 2160 fidem
3615 2114 3727 2168 truso,

597 2222 788 2261 omnes
817 2205 1001 2260 clerici
1026 2205 1347 2274 juraverunt
1389 2202 1533 2274 quod
1566 2203 1775 2257 nullum
1807 2202 1974 2257 alium
2007 2204 2367 2272 susciperent.
2403 2202 2601 2260 Verum
2649 2220 2776 2259 cum
2820 2202 2970 2259 Felix
3001 2205 3074 2259 ab
3092 2202 3309 2257 Arionis
3337 2199 3510 2254 fuisset
3544 2200 3585 2252 in
3607 2211 3724 2251 sacer-

602 2296 812 2351 dotium
841 2296 1193 2358 substitutus,
1237 2296 1458 2366 plurimi
1491 2296 1876 2366 pejeraverunt
1907 2314 1922 2351 :
1966 2305 2020 2351 et
2056 2305 2179 2367 post
2209 2312 2411 2351 annum
2448 2312 2573 2352 cum
2605 2295 2786 2354 Felice
2817 2297 2974 2367 ejecti
3013 2305 3183 2364 sunt;
3227 2295 3350 2365 quia
3394 2291 3602 2346 Liberius
3625 2289 3728 2342 tzdio

607 2391 783 2446 victus
809 2391 1010 2455 exsilii,
1039 2400 1094 2446 et
1123 2392 1178 2446 in
1199 2391 1452 2447 haeretica
1480 2393 1750 2463 pravitate
1777 2392 2156 2461 subscribens,
2187 2392 2416 2449 Romam
2447 2394 2607 2466 quasi
2631 2395 2805 2450 victor
2827 2395 3152 2450 intraverat.

670 2483 854 2558 Romae
888 2485 1130 2558 populus,
1152 2485 1416 2558 adversus
1456 2487 1794 2557 Magnentia-

2700 2489 3020 2545 Vetranioni
3055 2488 3197 2558 apud
3233 2486 3466 2542 Naissum
3490 2499 3515 2537 a
3534 2480 3720 2537 Cbnstano

601 2557 1032 2680 nosdjt'ebellans
1084 2557 1154 2612 ab
1201 2554 1490 2614 Heraclida
1544 2554 1796 2614 senatore
2630 2562 2709 2617 tio
2750 2562 2958 2634 regiqu
2991 2554 3208 2632 insigne
3228 2559 3528 2614 detractum.

605 2643 702 2681 DI'O
746 2644 757 2680 I
790 2642 873 2681 ur.

605 2643 873 2697 prouitur.

674 2717 986 2791 Magnentio
1011 2721 1154 2792 apud
1178 2722 1634 2793 Augustodunum
1673 2720 1970 2792 arripiente
2020 2721 2329 2793 imperium,
2379 2723 2652 2780 Constans
2699 2723 2842 2778 haud
2872 2724 3036 2794 longe
3073 2723 3142 2778 ab
3174 2719 3444 2790 Hispania,
3476 2727 3592 2769 anno
3613 2707 3726 2765 atatis

600 2828 713 2867 sum
743 2813 1045 2879 tricesimo,
1079 2817 1294 2887 imperii
1330 2816 1414 2872 sui
1444 2817 1608 2872 tertio
1630 2816 1866 2881 decimo,
1913 2815 1966 2870 in
1994 2818 2238 2881 castello,
2265 2819 2351 2873 cui
2397 2832 2592 2871 nomen
2623 2825 2706 2872 est
2752 2816 2972 2881 Helene,
3016 2815 3360 2871 interficitur.
3402 2809 3550 2876 Quam
3578 2802 3631 2857 ob
3655 2813 3725 2854 rem

600 2904 815 2960 turbata
841 2921 896 2960 re
926 2905 1164 2977 publica,
1196 2904 1454 2960 Vetranio
1487 2905 1702 2969 Mursae,
1725 2906 2058 2978 Nepotianus
2094 2909 2279 2964 Romae
2313 2907 2666 2977 imperatores
2697 2907 2846 2962 facti.

670 2998 958 3069 Nepotiani
988 3007 1154 3070 caput
1186 3001 1295 3070 pilo
1325 3016 1422 3072 per
1447 2999 1647 3058 Urbem
1683 3001 2086 3070 circumlatum,
2150 3003 2444 3073 multaeque
2499 3002 2925 3073 proscriptiones
2963 3000 3235 3056 nobilium
3268 3005 3321 3054 et
3349 2992 3507 3050 caedes
3531 2988 3660 3043 facta.

2229 3121 2257 3148 Β

2229 3121 2257 3148 μ

670 3184 929 3258 Nonnulli
960 3187 1222 3243 nobilium
1246 3187 1551 3244 Antiochia:
1579 3203 1610 3243 a
1641 3187 1797 3244 Gallo
2728 3187 2910 3244 Gallus
2931 3189 3241 3245 Constantii
3276 3179 3513 3258 patruelis
3525 3175 3659 3230 Caesar
3680 3167 3726 3220 it-

601 3257 892 3314 interfccti.
2636 3267 2778 3315 ctus.

671 3369 1014 3442 Magnentius
1041 3370 1237 3429 Mursaa
1259 3374 1473 3430 victus:
1505 3374 1560 3428 in
1590 3389 1699 3445 quo
1730 3375 1914 3445 praelia
1951 3373 2209 3430 Romana:
2238 3375 2382 3430 vires
2413 3372 2787 3430 conciderunt.

669 3461 856 3520 Gallus
903 3461 1144 3530 Judmos,
1195 3465 1288 3536 qui
1343 3465 1644 3523 interfectis
1698 3483 1795 3537 per
1845 3477 2059 3523 noctem
2130 3468 2399 3522 militibus
2450 3482 2599 3520 arma
2646 3466 2712 3520 ad
2759 3465 3133 3520 rebellandum
3172 3465 3484 3520 invaserant,
3523 3448 3726 3537 ορῐπθεξίιο

600 3557 760 3612 caesis
785 3546 972 3612 multis
1002 3556 1284 3612 hominum
1317 3557 1583 3627 millibus,
1633 3573 1806 3642 usque
1836 3559 1903 3614 ad
1935 3560 2209 3614 innoxiam
2249 3567 2460 3616 atatem
2497 3575 2511 3611 :
2552 3567 2606 3614 et
2638 3558 2887 3614 civitates
2916 3572 3109 3614 eorum
3142 3556 3522 3611 Diocazsaream,
3545 3536 3722 3595 Tiberia—

600 3653 747 3715 dem,
795 3659 849 3708 et
878 3649 1199 3724 Diospolim,
1234 3653 1580 3726 plurimaque
1611 3655 1810 3727 oppida
1845 3655 1958 3728 igni
1990 3655 2233 3711 tradidit.

1902 3778 2046 3848 284
2188 3773 2292 3848 ἓὸἶ
2507 3771 2573 3848 19

673 3838 990 3898 Gennadius
1006 3838 1803 3912 Foroiuliensisoratorkmna:
1903 3807 2046 3848 Ἀθη
2719 3838 3013 3894 Minervius
3056 3832 3453 3912 Bltrtlrigalcnsis
3495 3824 3639 3880 rhetor
3659 3807 3726 3862 Ro-

602 3910 838 3980 insignis
866 3912 1115 3980 habetur.
1151 3910 1160 3912 ⁷
2642 3927 2744 3966 ma:
2772 3911 3161 3966 florentissime
3185 3911 3356 3964 docet.

670 3969 1012 4072 Magnentius
1041 4002 1288 4076 Lugduni
1321 4004 1377 4061 in
1407 4007 1609 4078 palatio
1643 4007 1866 4077 propria
1897 4020 1956 4061 se
1983 4019 2148 4059 manu
2183 4000 2443 4058 interficit
2475 4018 2488 4054 :
2526 4010 2579 4058 et
2618 3999 2912 4060 Deccutius
2953 3999 3124 4056 frater
3143 3999 3287 4069 ejus,
3320 4002 3465 4065 quem
3489 3981 3545 4038 ad
3571 3969 3726 4032 “tend”

603 4093 805 4149 Gallias
831 4094 1104 4152 Caesarem
1141 4096 1386 4164 miserat,
1419 4098 1562 4170 apud
1600 4096 1847 4154 Senonas
1880 4098 2076 4171 laqueo
2105 4095 2272 4151 vitam
2303 4095 2503 4166 explet.

1461 4215 1544 4286 Β.
1592 4216 1807 4290 mox.
2201 4211 2305 4266 359
2522 4209 2587 4266 ιε
2657 4189 3725 4298 ,μοεξιὲιξξίξξςεαπεριιῐς.ί¹ἓεξ¹,³ηςῖςξὶἴὲῗξ²3ιῐ

2657 4281 2734 4333 ίίο
2791 4281 3061 4350 Paulle“.
3119 4279 3209 4335 cui
3260 4277 3312 4331 in
3361 4268 3654 4350 sttspi'ciottettl

678 4346 938 4403 Silvanus
980 4347 1036 4402 in
1083 4346 1256 4403 Gallia
1302 4364 1394 4404 res
1436 4366 1608 4406 novas
1652 4353 1814 4407 moli-
2654 4314 3619 4417 iliisa'Iii"ii.B'6iei£"§ei{émflaua
3651 4314 3720 4390 [θίο

604 4428 694 4474 tus
725 4417 988 4475 vicesimo
1027 4428 1220 4473 octavo
1253 4418 1342 4475 die
1366 4421 1673 4476 exstinctus
1700 4433 1807 4480 est.
2653 4419 2900 4493 Histone]
2925 4420 3216 4476 occiditur.

678 4535 994 4591 Victorinus
1026 4534 1212 4591 rhetor
1235 4543 1289 4591 et
1324 4534 1565 4593 Donatus
1594 4537 1986 4607 grammaticus
2021 4547 2324 4609 praeceptor
2361 4551 2517 4592 meus
2548 4533 2734 4591 Romae
2766 4535 3009 4606 insignes
3043 4532 3342 4591 habentur:
3365 4541 3393 4581 e
3417 4517 3580 4593 quibus
3597 4505 3721 4560 Ἶίειο·

601 4627 756 4682 rinus
788 4625 952 4681 etiam
979 4632 1214 4680 statuam
1244 4624 1299 4679 in
1339 4624 1458 4679 foro
1486 4624 1708 4695 Trajani
1740 4625 1840 4700 [al.
1871 4624 2143 4698 Romano]
2181 4625 2399 4679 meruit.

673 4735 1032 4807 Alcimus_et
1085 4733 1407 4807 Delphidius
1452 4735 1701 4790 rhetores
1741 4695 1808 4790 in
2125 4695 2140 4698 ⁷
2200 4735 2306 4790 360
2520 4735 2587 4790 l9
2732 4733 2996 4790 Paulinus
3013 4743 3066 4807 et
3087 4733 3372 4807 Rhodanus
3400 4695 3722 4807 seligunt?"

599 4807 898 4877 Aquitania
913 4799 1318 4877 florentissime
1347 4805 1569 4863 docent.
2653 4807 2808 4876 scopi
2836 4807 2890 4860 in
2914 4806 3167 4862 exsilium
3183 4806 3251 4860 ob
3280 4800 3427 4856 fidem
3449 4799 3576 4845 ll’llSl.

601 4951 634 5006 α
668 4875 870 4934 Petrus
897 4875 1331 4948 Caesaraugustae
1357 4885 1545 4932 orator
1575 4877 1808 4949 insignis

635 4958 783 5006 ocet.

676 5068 941 5132 Donatus,
977 5081 1008 5121 a
1039 5082 1149 5138 quo
1177 5083 1341 5140 supra
1368 5065 1702 5123 Donatianos
1733 5067 1842 5122 dici
1878 5068 1932 5121 in
1958 5065 2142 5121 Africa
2175 5063 2602 5122 memoravimus
2623 5102 2639 5128 ,
2692 5061 3024 5133 Carthagine
3069 5062 3302 5133 pellitur.
3342 5045 3542 5119 Quidam
3563 5032 3720 5090 πείθω·

607 5180 699 5223 res
724 5162 847 5232 ejus
873 5163 1039 5216 etiam
1071 5159 1382 5217 Montenses
1417 5171 1636 5225 vocant,
1675 5176 1744 5216 eo
1773 5161 1919 5230 quod
1945 5161 2233 5216 ecclesiam
2265 5158 2450 5215 Romae
2481 5157 2716 5228 primum
2750 5157 2805 5210 in
2837 5163 3020 5209 monte
3047 5154 3244 5210 habere
3273 5142 3539 5232 eruperunt.
3572 5221 3612 5232 ,Δ
3647 5201 3698 5232 ﬂ:

675 5253 941 5310 Eusebius
1001 5250 1363 5308 Vercellensis
1393 5252 1702 5324 episcopus,
1738 5262 1793 5308 et
1815 5251 2053 5317 Lucifer,
2087 5267 2150 5306 ac
2187 5251 2480 5324 Dionysius
2523 5248 2869 5310 Caralitanus,
2903 5254 2956 5301 et
2979 5227 3620 5342 Mcdiolancnsis‘EclclfnS:
3635 5218 3717 5342 ἓξ

606 5347 779 5417 scopi,
833 5345 1154 5404 Pancratius
1179 5361 1397 5416 quoque
1426 5305 1725 5402 rRomanus
1768 5345 2072 5416 presbyter,
2108 5351 2162 5398 et
2195 5305 2411 5399 Hilarus
2457 5344 2724 5396 diaconus
2765 5339 3098 5395 distantibus
3127 5341 3264 5394 inter
3291 5347 3345 5391 se
3370 5327 3430 5383 ab
3452 5305 3670 5375 Ariamsf‘

603 5442 926 5498 Constantio
954 5443 1284 5497 damnantur
1307 5440 1537 5496 exsiliis.

673 5560 922 5617 Julianus
969 5559 1139 5617 frater
1171 5558 1310 5614 Galli
1356 5557 1645 5615 Mediolani
1685 5558 1797 5613 ϐεε-
2195 5626 2223 5628 _

2509 5625 2562 5628 ,Α
2717 5549 3030 5628 βίιιῖῐηῑιιιιας
3057 5549 3329 5628 Multas:
3363 5523 3637 5628 εεέἶῗξῗᾶἷ⁰⁵
3658 5499 3692 5553 δ’

607 5603 1129 5702 ςε;“ἐ;ῐι;ξῐῑθιζί’“
1176 5603 1310 5614 "'"
1692 5603 1772 5613 ’”
1900 5630 2039 5701 285

2194 5625 2294 5681 '56!
2503 5625 2574 5679 20
2652 5603 2845 5702 διαὶ-ᾖμειί
2870 5603 3087 5702 antonii
3115 5603 3595 5702 insigngs‘lfyfﬂi";
3621 5637 3710 5700 mg.

606 5669 1190 5774 ’ᾟίῖἆῗίῖδίὲἒιυβάειοιὶ
1226 5701 1502 5758 Timothei
1528 5701 1797 5756 Constan-
1901 5669 2039 5754 ξῦν
2195 5669 2294 5681 vn
2507 5669 2570 5679 η
3295 5669 3595 5738 Βοωειηυείη

604 5763 847 5846 uopolim
873 5763 1120 5829 invectae.
2643 5763 2774 5818 lium
2801 5765 3050 5816 mittitur.
