4008 6204
271 341 379 396 593
1496 349 1990 407 CHRONICORUM
2026 349 2154 405 LIB.
2198 350 2263 403 ll.
3391 352 3495 411 5N

1506 614 1695 655 OIJIP.
1747 614 2007 656 CHRISTUS
2080 616 2221 656 30...

2023 784 2294 866 Constan-

2087 865 2200 909 IIIIS

2063 953 2272 965 ——_

336 1025 612 1082 Antonius
642 1028 942 1086 monachus
991 1031 1294 1087 centesimo
1322 1033 1512 1103 quinto
1545 1047 1689 1088 anno
1719 1034 1892 1090 aetatis
1940 1033 1997 1088 in
2041 1049 2233 1090 eremo
2273 1033 2522 1097 moritur.
2557 1035 2750 1089 solitus
2802 1035 2986 1091 multis
3019 1035 3086 1090 ad
3137 1050 3196 1091 se
3234 1035 3501 1092 venienti-

271 1121 371 1177 bus
401 1121 469 1176 de
504 1119 677 1176 Paulo
701 1122 932 1193 quodam
966 1122 1198 1180 Thebaso
1237 1127 1384 1181 mirae
1435 1127 1780 1183 beatitudinis
1835 1129 1954 1183 viro
2006 1127 2208 1183 referre
2248 1129 2564 1197 complura:
2599 1126 2757 1197 cujus
2789 1142 2888 1183 nos
2914 1129 3116 1183 exitum
3136 1129 3284 1187 brevi
3315 1130 3504 1187 libello

272 1211 654 1282 explicuimus.

339 1301 579 1358 Hilarius
637 1303 922 1374 episcopus
961 1302 1315 1361 Pictaviensis
1373 1305 1606 1362 factione
1661 1306 1938 1363 Saturnini
1994 1308 2324 1365 Arelatensis
2356 1309 2616 1380 episcopi,
2647 1311 3084 1381 reliquorumque
3125 1312 3218 1382 qui
3261 1325 3386 1367 cum
3426 1329 3502 1369 eo

272 1401 446 1461 erant,
475 1395 828 1460 Arianorum,
856 1406 980 1452 ante
1003 1399 1298 1452 triennium
1331 1401 1387 1453 in
1423 1397 1709 1471 Phrygiam
1739 1401 1927 1472 pulsus
1957 1402 2126 1457 libros
2154 1401 2221 1456 de
2249 1409 2436 1458 nostra
2459 1402 2717 1473 religione
2745 1401 3038 1472 componit.

342 1483 600 1540 Saraceni
649 1488 704 1541 in
745 1489 1134 1544 monasterium
1173 1489 1313 1544 beati
1341 1488 1559 1546 Antonii
1585 1492 1856 1549 irruentes
1889 1492 2232 1548 Sarmatham
2259 1489 2607 1549 interficiunt.

338 1575 544 1648 Magnae
579 1577 1005 1633 Alamannorum
1039 1579 1206 1650 copize
1235 1579 1382 1650 apud
1405 1580 1822 1653 Argentoratum
1855 1581 1952 1656 [αι.
1977 1583 2375 1655 Argentarium,
2399 1584 2541 1653 infra
2569 1583 3257 1658 Argentariam],oppidum
3289 1584 3498 1640 (ἰδυῖα-η

273 1686 412 1738 rum,
443 1687 472 1725 a
509 1671 724 1729 Caesare
741 1671 957 1730 Iuliano
981 1689 1272 1745 oppressae.

346 1825 644 1906 Evanthius
697 1825 1100 1906 eruditissimus
1146 1830 1464 1906 grammati-
1811 1830 1916 1886 362
2123 1832 2195 1889 2f
2391 1832 2716 1888 Constantio
2750 1831 2988 1906 ‘Bomam
3037 1835 3310 1906 ingresso,
3363 1849 3487 1892 ossa

271 1912 470 1979 eorum.
499 1895 972 1979 Constantinopoli
1008 1895 1168 1979 ’(‘liem—
1202 1899 1334 1953 obiit
1363 1918 1376 1952 :
1407 1899 1464 1956 in
2295 1905 2521 1979 Andreae
2548 1903 2823 1979 apostolih
2847 1911 2901 1960 et
2925 1895 3124 1979 Lucae"
3144 1895 3489 1979 evangelista

275 1967 426 2049 ctrjus
457 1966 637 2021 locum
676 1983 743 2022 ex
779 1966 962 2023 Africa
1003 1968 1266 2024 Chrestus
1301 1984 1462 2025 assu-
2298 1989 2328 2026 a
2361 1966 2972 2043 Constantinopolitanis
3002 1976 3139 2031 miro
3163 1966 3344 2034 favore
3368 1991 3490 2033 sus-

275 2046 453 2091 mltur.
2294 2053 2471 2114 cepta.
3410 2101 3412 2108 ,

337 2129 596 2185 Paulinus
650 2128 996 2186 Trevirorum
1041 2132 1329 2203 episcOpus
1362 2133 1415 2187 in
1444 2130 1674 2205 Phrygia
1717 2133 1815 2206 [αι.
1852 2133 2067 2208 Pythia]
2095 2139 2354 2194 exsulans
2399 2139 2646 2194 moritur.

339 2220 653 2276 Nicomedia
679 2228 837 2277 terrae
862 2229 1011 2276 motu
1045 2220 1289 2276 funditus
1315 2237 1525 2287 eversa,
1560 2223 1752 2278 vicinis
1782 2223 2011 2280 urbibus
2042 2241 2107 2281 ex
2139 2234 2292 2295 parte
2321 2228 2577 2282 versatis.

1800 2314 1906 2371 565
2119 2315 2192 2370 2‘2

338 2425 587 2499 Synoiius
622 2427 764 2497 apud
802 2428 1104 2482 Ariminum
1146 2437 1203 2483 et
1244 2425 1543 2483 Seleuciam
1573 2425 1795 2483 Isauria:
1838 2427 2026 2485 facta:
2074 2431 2128 2485 in
2174 2446 2279 2500 qua
2313 2430 2540 2501 antiqua
2584 2427 2806 2488 Patrum
2843 2431 2996 2499 lides,
3026 2433 3214 2490 decem
3258 2433 3490 2506 primum

278 2521 592 2588 legatorum,
621 2519 816 2574 dehinc
846 2519 1087 2573 omnium
1119 2519 1421 2590 proditione
1450 2517 1704 2574 damnata
1729 2527 1832 2576 est.

337 2609 598 2686 Hilarius,
640 2627 763 2666 cum
814 2610 956 2686 apud
1005 2610 1463 2686 Constantinopoo
1813 2612 1918 2667 564
2127 2613 2199 2669 25
2301 2684 2332 2686 η
2375 2613 2681 2686 Honoratus
2703 2631 2768 2669 ex
2798 2617 3052 2684 praefecto
3084 2619 3338 2686 praetorio
3364 2617 3492 2672 Gal-

277 2681 361 2732 Iim
393 2681 730 2757 librt_|m__pro
761 2683 1160 2757 se_Constanlio
1190 2681 1466 2753 porreiis-
2299 2684 2740 2757 liarumprimus
2786 2681 3256 2757 Constantinopoli
3298 2687 3491 2757 praefe-

278 2759 372 2804 set.
399 2751 464 2804 ad
496 2751 703 2805 Gallias
729 2751 907 2806 rediit.
1191 2751 1206 2753 ⁷
2289 2762 2411 2808 ctus
2445 2751 2562 2807 urbi
2595 2754 2790 2810 factus.

342 2819 692 2877 Macedonius
713 2821 1182 2892 Constantinopoli
1222 2822 1470 2893 pellitur.
2367 2822 2681 2904 Gratianus.
2716 2825 2807 2894 qui
2842 2839 2990 2880 nunc
3043 2825 3340 2896 imperator
3381 2832 3486 2888 est,

2292 2905 2560 2949 nascitur.

338 3005 540 3063 Omnes
571 3025 708 3078 pene
733 3017 845 3064 toto
868 3010 998 3066 orbe
1022 3008 1277 3066 Ecclesia:
1303 3011 1404 3066 sub
1422 3010 1636 3066 nomine
1667 3012 1818 3082 pacis
1837 3019 1891 3066 et
1919 3011 2061 3085 regis
2082 3011 2408 3067 Arianorum
2437 3010 2714 3066 consortio
2738 3011 3071 3081 polluuntur.

305 3096 704 3186 .Conls‘lantiuls
749 3099 1284 3186 hlapsocrenisinter
1327 3102 1459 3156 Cili-
1525 3117 1666 3186 286
1811 3101 1916 3158 365
2130 3103 2199 3156 24
2317 3103 2838 3186 "constantinopoli
2869 3103 3102 3158 maxima
3146 3099 3376 3158 ecclesia
3402 3102 3489 3158 de-

272 3169 406 3241 eiam
454 3169 964 3241 Cappadociamque
1004 3172 1269 3238 moritur,
1316 3187 1461 3227 anno
1527 3169 1664 3186 ’νυ
2302 3173 2536 3228 dicatur.

271 3240 435 3294 etatis
457 3237 694 3313 ιη’[αι.
719 3237 890 3313 ιι.ιι].⁷
1256 3237 1259 3238 ν

2370 3243 2544 3314 Gallia
2567 3259 2662 3312 per
2688 3242 2952 3314 Hilarium
2999 3241 3359 3314 Ariminensis
3385 3240 3485 3314 [αι.

2290 3311 2528 3385 Arianae]
2561 3311 2800 3384 perfidiae
2823 3313 2978 3368 dolos
3005 3312 3244 3368 damnat.

333 3444 584 3502 Meletius
623 3445 884 3502 Sebastiae
915 3447 1291 3502 Armeniorum
1326 3448 1610 3518 episcopus
1643 3447 1712 3502 ab
1745 3446 1946 3503 Acacio
1997 3461 2052 3508 et
2087 3449 2318 3523 Georgio
2371 3447 2643 3518 episcopis
2681 3446 2897 3502 Arianis
2935 3443 3280 3501 Antiochiam
3311 3454 3491 3502 trans-

270 3541 472 3593 (ertur:
517 3545 574 3593 et
618 3546 740 3608 post
779 3555 888 3593 non
930 3539 1134 3612 grande
1180 3542 1439 3611 temporis
1483 3541 1845 3608 intervallum,
1893 3556 2019 3597 cum
2047 3541 2415 3614 presbyteros,
2464 3542 2557 3612 qui
2596 3541 2664 3596 ab
2704 3539 2948 3595 Eudoxio
2995 3548 3340 3596 antecessore
3389 3555 3488 3595 suo

268 3629 496 3702 depositi
529 3631 767 3695 fuerant,
798 3633 1155 3703 suscepisset,
1184 3634 1360 3688 exsilii
1385 3634 1746 3703 justissimam
1774 3649 1998 3691 causam
2037 3635 2216 3691 subita
2246 3633 2369 3690 lidei
2404 3633 2771 3689 demutatione
2799 3631 3016 3686 delusit.

345 3787 592 3861 Georgio
628 3805 722 3861 per
768 3788 1319 3861 seditionemﬂpopuli
1367 3790 1453 3844 in-
2020 3787 2309 3844 XXXVIII.
2341 3758 2847 3843 JULlANUSlanno
2873 3802 3001 3852 uno,
3034 3787 3314 3842 mensibus
3342 3793 3484 3842 octo.

270 3872 446 3919 censo,
466 3860 559 3928 qui
581 3859 643 3914 in
670 3864 841 3913 locum
861 3859 1139 3913 Athanasii
1186 3861 1254 3914 ab
1297 3860 1453 3913 Aria-

271 3928 351 3981 nis
401 3929 581 3983 fuerat
631 3929 936 3992 ordinatus,
973 3929 1304 3984 Athanasius
1334 3928 1453 3984 Ale-
1801 3929 1904 3984 566
2153 3931 2178 3983 I

273 3997 542 4054 undi-iam
580 4003 891 4056 revertitur.

334 4114 549 4174 Iuliano
605 4119 672 4172 ad
722 4119 990 4174 idolorum
1031 4119 1235 4173 cultum
1279 4134 1563 4184 converso,
1613 4117 1810 4173 blanda
1850 4117 2156 4188 persecutio
2205 4116 2305 4170 fuit
2356 4114 2585 4170 illiciens
2630 4116 2824 4187 magis,
2878 4131 3040 4186 quam
3087 4114 3369 4185 impellens
3421 4111 3486 4166 ad

278 4211 680 4266 sacriﬁcandum
716 4231 730 4266 :
768 4212 822 4266 in
861 4225 968 4282 qua
1002 4211 1155 4265 multi
1191 4227 1255 4266 ex
1287 4213 1493 4268 nostris
1519 4212 1796 4266 voluntate
1821 4212 2039 4281 propria
2072 4214 2416 4265 corruerunt.

340 4305 600 4362 Eusebius
623 4315 678 4362 et
706 4306 921 4363 Lucifer
939 4307 1006 4362 de
1032 4308 1226 4363 exsilio
1253 4317 1598 4364 revertuntur
1625 4329 1637 4363 :
1665 4324 1695 4364 e
1727 4309 1925 4379 quibus
1954 4306 2170 4362 Lucifer
2222 4309 2410 4366 ascitis
2454 4308 2669 4364 duobus
2730 4306 3140 4365 confessoribus
3183 4304 3486 4367 Paulinum,

280 4395 543 4455 Eustachii
577 4401 817 4470 episc0pi
869 4400 1267 4472 presbyterum.
1291 4402 1384 4472 qui
1437 4417 1495 4457 sc
1533 4416 1808 4472 nunquam
1836 4400 2211 4456 haereticorum
2238 4402 2622 4457 communione
2650 4399 2937 4471 polluerat,
2969 4399 3025 4453 in
3051 4405 3202 4468 parte
3224 4395 3488 4450 catholica

284 4489 566 4546 Antiochia:
595 4494 911 4563 episcopum
947 4491 1096 4546 facit.
2157 4505 2160 4508 ’

1809 4583 1914 4638 367
2157 4583 2192 4636 2
2366 4582 2694 4637 )Emilianus
2729 4583 2799 4637 ob
2829 4595 3045 4635 ararum
3078 4577 3486 4634 subversionem
3549 4592 3560 4602 '

2295 4653 2579 4709 Dorostori
2611 4668 2642 4706 a
2670 4651 2878 4706 vicario
2899 4650 3225 4711 incenditur.

345 4769 702 4831 Prohasresius
761 4773 1003 4846 sophista
1055 4775 1422 4839 Atheniensis,
1455 4776 1570 4846 lege
1612 4775 1757 4838 data,
1797 4791 1865 4830 ne
1896 4773 2189 4829 Christiani
2240 4773 2543 4827 liberalium
2594 4771 2789 4824 artium
2840 4768 3094 4824 doctores
3121 4771 3326 4828 essent,
3361 4776 3488 4818 cum

282 4867 377 4920 sibi
405 4870 710 4938 specialiter
730 4865 981 4923 Julianus
1012 4866 1351 4929 concederet,
1383 4876 1441 4921 ut
1479 4867 1818 4923 Christianos
1841 4866 2082 4929 doceret,
2116 4865 2358 4920 scholam
2388 4870 2580 4934 sponte
2606 4858 2866 4916 deseruit.

345 4954 576 5014 Ecclesia
625 4956 928 5011 Antiochia:
983 4955 1190 5018 clausa,
1233 4963 1304 5010 et
1357 4955 1678 5025 gravissima
1719 4954 2051 5010 imminentis
2111 4952 2513 5024 persecutionis
2571 4951 2810 5022 procella
2855 4948 2946 5006 Dei
2979 4949 3260 5004 voluntate
3311 4946 3489 5016 sopita

277 5057 375 5104 est.
418 5049 548 5105 Nam
589 5047 841 5105 Julianus
880 5048 935 5103 in
981 5049 1173 5104 Persas
1203 5047 1478 5118 profectus
1522 5056 1767 5103 nostrum
1798 5055 1919 5118 post
1957 5047 2238 5101 victoriam
2268 5046 2380 5103 diis
2417 5047 2739 5117 sanguinem
2770 5046 3033 5098 voverat!
3067 5039 3160 5096 ubi
3189 5053 3219 5093 a
3252 5037 3488 5111 quodam

280 5143 518 5201 simulato
568 5144 793 5216 perfuga
848 5145 912 5197 ad
946 5142 1156 5198 deserta
1201 5143 1515 5215 perductus,
1550 5157 1672 5197 cum
1709 5142 1850 5198 fame
1891 5151 1946 5199 et
1989 5143 2086 5197 siti.
2127 5142 2385 5214 Apostata
2418 5141 2745 5214 perdidisset
2765 5138 3088 5203 exercitum,
3121 5143 3175 5191 et
3211 5134 3490 5190 inconsul-

281 5236 382 5292 tius
425 5255 453 5294 a
505 5253 730 5294 suorum
762 5245 971 5293 erraret
1019 5237 1347 5308 agminibus,
1399 5238 1468 5293 ab
1499 5237 1659 5292 obvio
1705 5235 1844 5292 forte
1889 5236 2129 5291 hostium
2169 5235 2350 5306 equite
2389 5241 2550 5289 conto
2592 5232 2685 5287 ilia
2745 5229 3027 5301 perfossus
3083 5227 3310 5292 interiit,
3342 5241 3488 5282 anno

279 5331 438 5386 :etatis
489 5345 618 5386 xxxt
672 5329 772 5403 [αι.
833 5327 1030 5400 xxxn].
1089 5327 1219 5382 Post
1273 5343 1432 5398 quem
1483 5328 1732 5399 sequenti
1783 5328 1883 5383 die
1933 5325 2194 5383 Jovianus
2242 5340 2308 5380 ex
2351 5323 2663 5394 primicerio
2707 5321 3132 5378 domesticorum
3193 5319 3490 5391 imperator

281 5417 438 5474 factus
487 5429 593 5476 est.

1860 5509 2100 5565 XXXIX.
2141 5505 2476 5565 IOVIANUS
2502 5507 2782 5563 mensibus
2809 5513 2952 5561 octo.

342 5605 591 5662 Iovianus
620 5621 802 5660 rerum
831 5603 1169 5678 necessitate
1203 5603 1454 5671 compul-
1489 5619 1496 5624 ·
1801 5669 1899 5678 -μ
2158 5671 2170 5678 _
2366 5667 2399 5678 _
2444 5667 2456 5678 _
2612 5676 2618 5678 _
2747 5663 2797 5678 _,

276 5690 365 5732 sus
402 5677 609 5749 Nisibin
655 5685 710 5749 et
767 5690 1013 5749 magnam
1061 5663 1457 5749 MeSOpotainue
1800 5669 1904 5725 368
2152 5671 2173 5724 l
2360 5667 2684 5749 Sugrogatus
2743 5663 3080 5749 Marcellinus
3137 5679 3481 5735 archiepisco-

279 5757 473 5815 partem
505 5747 698 5815 Sapori
731 5734 1169 5816 regi‘Persarum
1205 5734 1446 5796 tradidit.
2291 5755 2386 5808 pus
2429 5734 2852 5808 Rothomagensis
2895 5734 2972 5791 Vl
2979 5735 3025 5790 1.
3311 5734 3317 5735 ⁷
3533 5755 3537 5760 ·
