3940 6208
235 331 344 387 597
1475 334 1977 411 CHRONICORUM
2016 337 2146 396 LIB.
2187 339 2250 395 ll.
3379 351 3486 403 598

275 464 3467 494 ,Ἢ

235 558 451 606 urbano
496 549 607 604 filio
645 549 930 616 derelicto,
975 550 1407 626 Hierosolymam
1449 555 1767 628 navigavnt:
1807 556 1895 612 ubi
1921 564 2073 612 tanto
2115 557 2376 611 virtutum
2419 556 2798 628 praecipueque
2847 556 3172 616 humilitatis
3217 560 3485 619 miracqu

234 642 361 709 fuit,
391 652 447 698 ut
475 640 690 699 Theclze
709 659 911 700 nomen
939 645 1232 717 acciperet.

1481 753 1672 793 0LTIP.
1722 753 1984 795 CHRISTUS
2075 753 2204 794 BOI.

2031 832 2283 915 Valenti-

2048 920 2250 959 manus

2013 982 2068 1032 et
2091 973 2296 1030 Valens

1829 1117 1934 1172 578
2115 1115 2182 1170 10

304 1180 680 1262 Aquileienses
739 1183 963 1250 clerici,
1013 1183 1171 1255 quasi
1215 1184 1421 1242 chorus
1828 1187 1932 1242 379
2113 1185 2176 1239 11
2374 1185 2524 1242 Multi
2553 1187 2946 1262 monachorum
2975 1188 3163 1246 Nitriae
3186 1207 3283 1262 per
3310 1192 3482 1248 tribu-

231 1254 517 1310 beatorum
555 1254 847 1309 habentur.
905 1270 997 1346 Β.
1041 1269 1412 1351 MCXXX.
2301 1273 2403 1313 nos
2431 1267 2483 1313 et
2511 1259 2712 1315 milites
2734 1260 2879 1316 caesi.

308 1392 680 1470 Valenstlege
715 1395 960 1470 data,__ut
991 1395 1252 1470 monachi
1273 1395 1419 1449 mili-
2367 1398 2507 1464 Quia
2537 1399 2807 1470 superiori
2854 1415 2998 1455 anno
3043 1397 3307 1456 Sarmatae
3338 1400 3483 1456 Pan-

231 1474 435 1536 tarent,
465 1465 714 1536 nolentes
761 1463 1000 1536 fustibus
1042 1467 1210 1536 jussit
1240 1467 1418 1521 inter-
2298 1463 2492 1526 nonias
2561 1463 2946 1536 vastaverunt,
3003 1470 3166 1526 iidem
3221 1475 3481 1530 consules

232 1537 325 1589 tici
352 1535 444 1608 [aL
475 1535 726 1590 fluctibus
749 1535 978 1608 necari].
1048 1535 1051 1536 ⁷
2300 1555 2672 1610 permansere.

310 1627 439 1683 Post
465 1627 718 1683 Auxentii
747 1645 924 1685 seram
958 1637 1210 1694 mortem,
1250 1626 1541 1685 Mediolani
1568 1629 1860 1688 Ambrosio
1889 1631 2148 1704 episcopo
2180 1634 2505 1699 constituto,
2539 1650 2629 1690 om
2645 1635 2732 1691 nis
2777 1635 2846 1690 ad
2891 1633 3052 1691 fidem
3089 1644 3292 1691 rectam
3325 1637 3479 1693 italia

227 1719 586 1775 convertitur.

303 1809 617 1866 Thcodulus
651 1807 981 1865 miserabilis
1009 1807 1317 1880 presbyter,
1352 1811 1482 1867 dum
1517 1811 1788 1870 adversus
1832 1816 2230 1874 conscientiam
2266 1820 2470 1877 furoris
2527 1821 2613 1878 sui
2656 1821 2928 1878 sacriﬁcia
2959 1820 3069 1878 Deo
3089 1821 3287 1879 oﬂ'erre
3309 1824 3474 1880 aude-

222 1915 335 1970 ret,
369 1907 423 1961 in
460 1905 653 1962 mediis
689 1904 949 1976 precibus
983 1904 1225 1958 eliditur.

303 1997 735 2064 Valentinianus,
768 1997 946 2053 subita
974 1995 1255 2067 sanguinis
1281 1995 1586 2086 eruptione,
1625 1997 1770 2068 quod
1797 1997 1982 2056 Graece
2010 2001 2277 2071 apoplexis
2294 2013 2536 2069 vocatur,
2561 2005 2858 2079 Brigitione
2886 2013 3135 2069 moritur.
3160 2013 3288 2072 Post
3312 2031 3474 2086 quem

221 2088 525 2146 Gratianus
568 2099 849 2159 assumpto
883 2089 939 2143 in
984 2089 1269 2159 imperium
1295 2085 1670 2144 Valentiniano
1707 2089 1891 2157 fratre,
1928 2107 2050 2146 cum
2079 2101 2276 2164 patruo
2305 2094 2530 2153 Valente
2559 2109 2770 2171 regnat.
3280 2113 3290 2124 '

301 2185 671 2255 Apollinarius
717 2182 1074 2240 Laodicensis
1107 2183 1407 2253 jactatione
1464 2183 1666 2254 ingenii
1715 2186 1982 2255 quosdam
2035 2203 2250 2244 errores
2292 2186 2647 2260 pertinaciter
2697 2210 3041 2265 asseverans,
3081 2198 3333 2256 haeresim
3387 2201 3474 2256 sui

222 2278 468 2334 nominis
497 2277 809 2341 suscitavit,
851 2291 1015 2346 quam
1050 2275 1317 2330 Damasus
1349 2275 1537 2330 habito
1570 2275 1754 2332 Romae
1785 2279 2022 2335 concilio
2053 2280 2352 2340 damnavit.
2407 2312 2411 2315 ι

300 2366 643 2422 Theodosius
680 2364 973 2420 Theodosii
1023 2371 1211 2435 postea
1243 2365 1591 2435 imperatoris
1609 2373 1780 2435 pater,
1805 2377 1858 2423 et
1891 2368 2112 2439 plurimi
2149 2374 2414 2429 nobilium
2445 2377 2636 2432 occisi.

300 2462 570 2520 Photinus
619 2463 673 2518 in
704 2461 914 2516 Galatia
948 2462 1211 2524 moritur,
1245 2475 1276 2514 a
1319 2477 1430 2531 quo
1462 2459 1914 2517 Photinianorum
1961 2465 2158 2538 dogma
2197 2466 2620 2542 Judaicum(l):
2668 2475 2762 2545 qui
2811 2477 2981 2532 multa
3027 2478 3378 2537 continentia
3421 2494 3475 2539 ει

220 2561 431 2632 ingenii
465 2560 607 2614 bona
641 2574 750 2613 uno
779 2557 1049 2628 superbire
1090 2556 1233 2610 malo
1263 2555 1501 2626 perdidit
1529 2554 1629 2628 [αι.
1657 2558 2035 2633 decoloravit].

299 2653 723 2739 Ala'l'mtwﬁ't'!
760 2647 1436 2739 ετίξϋὶίὲξΕἰὶἐὲῗτηῗιέἕὲἱὲ
1763 2649 1928 2721 -δθο
2109 2652 2176 2707 ¹²
2354 2656 2592 2739 Basilius
2621 2661 2979 2739 Caesariensis
3007 2665 3296 2737 episcopus
3331 2667 3471 2739 Carr

221 2723 372 2794 apud
415 2722 786 2796 Argentariam
830 2716 1089 2796 oppidum
1135 2716 1434 2772 Galliarum
1763 2716 1766 2721 ’
2281 2727 2525 2796 padocia:
2545 2730 2729 2786 clarus
2754 2731 3005 2787 habetur.

221 2790 297 2850 ab
329 2790 570 2850 exercitu
596 2790 844 2846 Gratiani
869 2798 1066 2845 strata.

296 2889 644 2946 Florentinus
666 2897 720 2945 et
749 2887 1000 2944 Bonosus
1049 2885 1150 2960 [aL
1188 2884 1484 2959 Bosonius]
1516 2893 1570 2941 et
1608 2886 1839 2946 Rufinus
1876 2889 2120 2963 insignes
2147 2893 2402 2948 monachi
2445 2895 2756 2954 habentur:
2809 2913 2840 2954 e
2867 2899 3070 2971 quibus
3123 2898 3468 2958 Florentinus

223 2997 341 3041 tam
373 2985 686 3042 misericors
715 2984 769 3038 in
805 2991 1028 3055 egentes
1055 2980 1177 3042 fuit,
1211 2987 1272 3034 ut
1305 2981 1464 3052 vulgo
1492 2989 1647 3050 pater
1679 2998 1980 3055 pauperum
2015 2996 2244 3044 vocatus
2279 2987 2370 3044 sit.

302 3079 586 3160 Superatis
627 3077 682 3130 in
706 3074 1102 3158 congressione
1142 3060 1423 3138 Romanis,
1493 3111 1637 3183 290
1815 3076 1915 3130 581
2100 3077 2169 3132 15

302 3152 388 3183 ..ιη
425 3149 724 3183 της-,ιιιιιιηι-
748 3163 802 3183 ιη
839 3144 1150 3183 Τιιι-ειριειιη-

225 3144 402 3207 Gothi
424 3149 724 3203 funduntur
748 3147 804 3200 in
827 3144 1154 3199 Thraciam.

296 3241 444 3297 Gens
474 3240 753 3295 Hunorum
794 3237 1004 3293 Gothos
1047 3241 1266 3290 vastat:
1315 3236 1408 3306 qui
1463 3250 1494 3289 a
1544 3234 1809 3295 Romanis
1853 3241 1972 3298 sine
2013 3256 2292 3300 armorum
2336 3245 2677 3316 depositione
2726 3250 3002 3321 suscepti,
3059 3264 3154 3320 per
3187 3248 3468 3303 avaritiam

225 3339 451 3396 Maximi
482 3339 637 3394 ducis
667 3336 735 3392 ad
766 3333 1138 3391 rebellandum
1169 3330 1312 3387 fame
1339 3333 1516 3388 coacti
1539 3344 1687 3389 sunt.

1823 3430 1930 3486 582
2109 3433 2175 3487 14
2353 3433 2553 3492 Valens
2575 3438 2648 3510 Ade
2670 3438 2955 3510 Antiochia
2976 3437 3126 3510 exire
3154 3441 3469 3510 compulsus

2284 3521 2406 3560 sera
2440 3508 2761 3577 pcenitentia
2796 3517 3018 3564 nostros
3049 3508 3116 3565 de
3141 3508 3351 3568 exsiliis
3381 3526 3470 3567 re-

2282 3586 2460 3631 vocat.

300 3668 673 3742 Lacrymabile
705 3667 904 3724 bellum
948 3667 1005 3721 in
1031 3662 1266 3720 Thracia
1294 3684 1306 3720 :
1343 3667 1401 3720 in
1430 3679 1560 3735 quo,
1605 3665 1892 3722 deserente
1919 3667 2169 3738 equitum
2199 3669 2476 3738 praesidio,
2509 3668 2768 3725 Romanae
2799 3669 3039 3742 legiones
3071 3685 3102 3726 a
3133 3670 3326 3747 Gothis
3349 3675 3468 3729 cin-

221 3777 330 3821 ctae
370 3782 540 3838 usque
571 3765 639 3820 ad
670 3765 1100 3821 internecionem
1140 3777 1294 3818 caesae
1329 3770 1476 3818 sunt.
1509 3763 1627 3831 Ipse
1657 3763 1953 3834 imperator
1974 3761 2196 3828 Valens,
2221 3780 2345 3819 eum
2379 3767 2574 3836 sagitta
2614 3766 2836 3822 saucius
2869 3766 3097 3837 fugeret,
3132 3775 3186 3822 et
3213 3768 3284 3822 ob
3315 3766 3470 3832 dolo-

221 3873 343 3913 rem
373 3859 596 3912 nimium
628 3873 768 3928 saepe
789 3871 932 3928 equo
965 3856 1256 3920 laberetur,
1287 3854 1354 3909 ad
1379 3854 1666 3924 cujusdam
1696 3856 1838 3912 villae
1866 3871 2050 3913 casam
2089 3857 2406 3930 deportatus
2429 3868 2534 3918 est.
2562 3859 2683 3926 Quo
2709 3861 3162 3931 persequentibus
3195 3862 3464 3926 barbaris,

216 3966 284 4010 et
311 3955 531 4012 incensa
557 3954 740 4016 domo,
776 3952 1056 4024 sepultura
1082 3965 1300 4022 quoque
1329 3954 1526 4006 caruit.

300 4045 383 4100 Ab
411 4044 557 4102 Urbe
582 4045 822 4106 condita,
858 4060 1030 4115 usque
1067 4043 1136 4098 ad
1178 4053 1480 4100 extremum
1510 4043 1672 4112 hujus
1703 4041 1884 4111 operis
1917 4057 2143 4105 annum,
2173 4041 2310 4096 fiunt
2338 4044 2466 4096 anni
2492 4058 2693 4098 ucxxxt
2725 4044 2829 4100 hoc
2862 4047 3064 4103 modo:
3099 4047 3214 4104 Sub
3249 4049 3466 4120 regibus

219 4139 356 4193 anni
381 4153 514 4193 ccxx.
539 4156 554 4204 ;
591 4139 694 4193 sub
724 4138 1042 4192 consulibus
1068 4139 1195 4191 anui
1223 4151 1453 4203 anxiv;
1480 4136 1582 4191 sub
1612 4135 1871 4204 Augustis
1892 4142 1946 4188 et
1977 4133 2284 4190 Caesaribus
2308 4135 2435 4188 anni
2477 4149 2717 4190 cnxxvu.

297 4231 639 4301 Colliguntur
669 4247 861 4288 omnes
895 4233 1022 4286 anni
1054 4248 1229 4302 usque
1264 4233 1318 4286 in
1349 4233 1695 4286 consulatum
1722 4227 1968 4285 Valentis
2000 4232 2202 4291 sexies.
2227 4240 2282 4286 et
2312 4230 2675 4286 Valentiniani
2704 4230 2948 4288 lunioris
2981 4234 3177 4289 iterum
3208 4234 3458 4306 Augusti,

217 4342 256 4382 a
280 4329 472 4398 quinto
504 4327 714 4382 decimo
738 4326 940 4383 Tiberii
972 4343 1116 4382 anno
1146 4336 1199 4382 et
1221 4328 1609 4397 praedicatione
1638 4325 1851 4380 Domini
1886 4323 2016 4382 Jesu
2046 4324 2251 4381 Christi
2289 4328 2416 4380 anni
2446 4340 2616 4382 eccm.

295 4425 338 4477 A
370 4422 609 4479 secundo
629 4439 773 4479 anno
791 4422 937 4479 Darii
963 4424 1107 4494 regis
1128 4423 1435 4488 Persarum,
1453 4439 1560 4493 quo
1577 4432 1821 4492 tempore
1837 4422 2095 4491 templum
2115 4419 2514 4492 Hierosolymis
2537 4422 2897 4476 instauratum
2919 4428 3022 4485 est,
3039 4423 3165 4475 anni
3183 4435 3460 4476 accersis.

289 4515 377 4570 Ab
407 4515 712 4587 Olympiade
742 4517 935 4587 prima,
977 4532 1082 4587 qua
1107 4523 1266 4571 aetate
1296 4516 1442 4586 apud
1464 4515 1722 4570 Hebraeos
1747 4515 1914 4569 Isaias
1946 4514 2321 4585 prophetabat,
2350 4515 2477 4570 anni
2510 4529 2690 4570 sicut.

294 4608 340 4660 A
369 4604 658 4664 Salomone
683 4617 737 4663 et
767 4609 937 4676 prima
964 4607 1325 4662 wdiﬁcatione
1355 4607 1564 4677 templi,
1595 4607 1722 4660 anni
1759 4620 2006 4662 uccccxr.

289 4702 340 4755 A
367 4701 679 4773 captivitate
698 4699 896 4768 Trojze,
930 4713 1039 4768 quo
1070 4706 1316 4768 tempore
1355 4694 1589 4750 Samson
1621 4696 1763 4764 apud
1792 4693 2046 4751 Hebraeos
2073 4707 2212 4763 erat,
2253 4697 2382 4750 anni
2409 4711 2596 4752 sum.

293 4797 339 4847 A
368 4793 550 4866 Moyse
576 4803 630 4849 et
656 4794 898 4864 Cecrope
925 4791 1101 4862 primo
1125 4804 1251 4858 rege
1275 4788 1486 4849 Atticze,
1520 4787 1648 4839 anni
1678 4801 1915 4840 uocccxc
1947 4785 2043 4856 ιαι.
2069 4801 2394 4854 nncccxcui;
2429 4791 2501 4842 al.
2528 4789 2846 4863 uuccccxc].

297 4887 385 4943 Ab
411 4888 685 4942 Abraham
712 4895 766 4942 et
793 4900 959 4956 regno
987 4881 1112 4937 Nini
1145 4891 1201 4936 et
1235 4878 1633 4943 Semiramidis,
1672 4881 1802 4934 anni
1829 4893 2132 4933 uneccxcv.

296 4978 556 5032 Continet
581 4975 756 5030 omnis
783 4989 960 5028 canon
990 4973 1058 5025 ab
1087 4969 1364 5026 Abraham
1402 4984 1576 5039 usque
1607 4966 1673 5020 ad
1705 4975 1919 5037 tempus
1948 4969 2380 5039 suprascriptum
2407 4985 2581 5026 annos
2618 4984 2915 5026 uncccxcv.

291 5074 334 5126 A
365 5070 570 5126 diluvio
602 5084 768 5138 usque
794 5067 860 5120 ad
887 5064 1162 5120 Abraham
1193 5072 1559 5134 supputantur
1589 5065 1718 5118 anni
1744 5079 1986 5119 ncccxcu
2021 5063 2119 5137 [αι.
2145 5066 2466 5138 accccxw].

293 5167 362 5222 Et
395 5168 464 5223 ab
489 5167 663 5222 Adam
698 5179 870 5234 usque
891 5165 958 5218 ad
984 5162 1270 5225 diluvium,
1296 5162 1424 5215 anni
1453 5175 1729 5216 Iuccxul.

294 5263 458 5320 Fiunt
493 5264 560 5317 ab
600 5261 875 5315 Abraham
917 5274 1092 5328 usque
1123 5258 1190 5313 ad
1237 5257 1484 5328 quintum
1520 5258 1789 5312 decimum
1834 5255 2076 5314 Valentis
2119 5272 2341 5323 annum,
2383 5256 2438 5312 id
2465 5266 2754 5328 estusque
2799 5267 2922 5329 post
2953 5261 3294 5316 consulatum
3345 5261 3466 5334 ejus

221 5361 423 5425 sexies,
447 5368 501 5415 et
530 5357 896 5412 Valentiniani
928 5355 1124 5408 iterum
1148 5353 1411 5426 Augusti,
1445 5368 1635 5408 omnes
1665 5352 1792 5405 anni
1819 5367 2055 5406 vunxxu
2085 5350 2182 5425 [αι.
2212 5355 2534 5426 ιἰιηιχχικἸ.

441 5471 570 5514 BUC
613 5467 816 5521 USQUE
878 5465 1292 5509 HIERONYMUS
1330 5463 1694 5508 PRESBYTER
1731 5463 1997 5507 ORDINEI

1731 5463 2020 5507 ORDINEM
2062 5464 2572 5508 PBECEDENTIUM
2615 5465 2898 5510 DIGESSIT
2936 5465 3272 5510 Διςωηυκ.

296 5585 373 5656 (ι)
405 5583 593 5656 Recte
621 5580 906 5656 Indaicurn
939 5595 1036 5650 pro
1081 5579 1376 5656 inductnm.
1409 5577 1544 5632 Nam
1587 5577 1956 5656 judaiaautem
2005 5575 2297 5648 Photinum
2345 5578 2720 5656 ecclesiastica
2765 5588 2952 5656 narrat
2991 5579 3240 5656 historia.
3271 5576 3463 5656 Porro

218 5647 538 5726 sequentem
565 5653 633 5708 de
662 5651 878 5726 Photiui
913 5647 1168 5726 superbia
1195 5651 1482 5726 pericopen
1517 5649 1921 5726 stulti_al_iqno_t
1955 5662 2314 5726 amanuenses
2346 5649 2759 5726 a.d_proximam
2790 5647 2848 5703 S.
2874 5649 3070 5726 _Basilii
3107 5647 3285 5726 magni
3319 5653 3460 5726 peri-

216 5717 412 5798 copem
444 5725 874 5798 transtulerunt;
899 5717 1330 5798 qnod__i_nenilurn
1365 5736 1472 5798 non
1503 5717 1970 5798 agnovi_t_in:Adn.
2003 5717 2265 5798 Scaliger,
2293 5719 2394 5798 sed
2413 5718 2712 5798 P_ont_acum
2741 5736 2850 5775 non
2871 5720 3026 5794 fugit,
3049 5717 3458 5778 codicese'tiam

219 5789 472 5854 \‘a'ticani
498 5801 824 5868 coarguunt,
856 5789 1193 5850 et’Basilium
1216 5791 1623 5847 sanctissimum
1652 5790 1718 5847 ab
1740 5791 1927 5862 iniqua
1952 5789 2333 5848 criminatione
2365 5789 2680 5847 defendunt.
