  <div class='ocr_page' id='page_1' title='image "/cluster/home/n/w/nwhite01/storage/ocr_20150623/19/hvd.32044073501199/305.png"; bbox 0 0 4008 6204; ppageno 0'>
   <div class='ocr_carea' id='block_1_1' title="bbox 461 308 3705 351">
    <p class='ocr_par' dir='ltr' id='par_1_1' title="bbox 461 308 3705 351">
     <span class='ocr_line' id='line_1_1' title="bbox 461 308 3705 351; baseline 0.002 -5"><span class='ocrx_word' id='word_1_1' title='bbox 461 308 3705 351; x_wconf 56' lang='lat' dir='ltr'><em>W</em></span> 
     </span>
    </p>
   </div>
   <div class='ocr_carea' id='block_1_2' title="bbox 1328 416 2838 543">
    <p class='ocr_par' dir='ltr' id='par_1_2' title="bbox 1328 416 2838 543">
     <span class='ocr_line' id='line_1_2' title="bbox 1328 416 2838 543; baseline 0.007 -17"><span class='ocrx_word' id='word_1_2' title='bbox 1328 466 1767 531; x_wconf 77' lang='lat' dir='ltr'><strong>APPENDIX</strong></span> <span class='ocrx_word' id='word_1_3' title='bbox 1801 469 1916 528; x_wconf 81' lang='lat' dir='ltr'><strong>AD</strong></span> <span class='ocrx_word' id='word_1_4' title='bbox 1956 469 2304 532; x_wconf 82' lang='lat' dir='ltr'><strong>EUSEBH</strong></span> <span class='ocrx_word' id='word_1_5' title='bbox 2341 416 2838 543; x_wconf 41' lang='lat' dir='ltr'><strong>C‘HRONICQN</strong></span> 
     </span>
    </p>
   </div>
   <div class='ocr_carea' id='block_1_3' title="bbox 562 657 3554 1035">
    <p class='ocr_par' dir='ltr' id='par_1_3' title="bbox 562 657 3554 1035">
     <span class='ocr_line' id='line_1_3' title="bbox 562 657 3554 1035; baseline 0.003 -12"><span class='ocrx_word' id='word_1_6' title='bbox 603 794 1402 1026; x_wconf 73' lang='lat' dir='ltr'><strong>suum</strong></span> <span class='ocrx_word' id='word_1_7' title='bbox 1567 657 2651 1033; x_wconf 62' lang='lat' dir='ltr'><strong>nam</strong></span> <span class='ocrx_word' id='word_1_8' title='bbox 2797 803 3554 1035; x_wconf 78' lang='lat' dir='ltr'><strong>iNlliNSlS</strong></span> 
     </span>
    </p>
   </div>
   <div class='ocr_carea' id='block_1_4' title="bbox 1631 1168 2529 1297">
    <p class='ocr_par' dir='ltr' id='par_1_4' title="bbox 1631 1168 2529 1297">
     <span class='ocr_line' id='line_1_4' title="bbox 1631 1168 2529 1297; baseline 0.007 -6"><span class='ocrx_word' id='word_1_9' title='bbox 1631 1168 2529 1297; x_wconf 81' lang='lat' dir='ltr'><strong>TEMPORUM.</strong></span> 
     </span>
    </p>
   </div>
   <div class='ocr_carea' id='block_1_5' title="bbox 876 1423 3281 1559">
    <p class='ocr_par' dir='ltr' id='par_1_5' title="bbox 876 1423 3281 1559">
     <span class='ocr_line' id='line_1_5' title="bbox 876 1423 3281 1559; baseline 0.003 -21"><span class='ocrx_word' id='word_1_10' title='bbox 876 1423 1336 1559; x_wconf 84' lang='lat' dir='ltr'><strong>USQUE</strong></span> <span class='ocrx_word' id='word_1_11' title='bbox 1410 1424 1604 1538; x_wconf 92' lang='lat' dir='ltr'><strong>AD</strong></span> <span class='ocrx_word' id='word_1_12' title='bbox 1676 1425 2764 1544; x_wconf 51' lang='lat' dir='ltr'><strong>SUAMKETATEM</strong></span> <span class='ocrx_word' id='word_1_13' title='bbox 2847 1431 3281 1546; x_wconf 80' lang='lat' dir='ltr'><strong>RATIO</strong></span> 
     </span>
    </p>
   </div>
   <div class='ocr_carea' id='block_1_6' title="bbox 1500 1659 2651 1699">
    <p class='ocr_par' dir='ltr' id='par_1_6' title="bbox 1500 1659 2651 1699">
     <span class='ocr_line' id='line_1_6' title="bbox 1500 1659 2651 1699; baseline 0.003 -4"><span class='ocrx_word' id='word_1_14' title='bbox 1500 1660 1529 1695; x_wconf 75' lang='grc' dir='ltr'>ι</span> <span class='ocrx_word' id='word_1_15' title='bbox 1561 1659 1712 1696; x_wconf 66' lang='grc'><strong>1-11818</strong></span> <span class='ocrx_word' id='word_1_16' title='bbox 1744 1659 2090 1697; x_wconf 74' lang='grc' dir='ltr'><strong>ιιετοιιιοοιιυιι</strong></span> <span class='ocrx_word' id='word_1_17' title='bbox 2121 1661 2364 1698; x_wconf 67' lang='grc' dir='ltr'><strong>δωυιιτυι</strong></span> <span class='ocrx_word' id='word_1_18' title='bbox 2398 1661 2651 1699; x_wconf 75' lang='grc' dir='ltr'><strong>οοιιεση.</strong></span> 
     </span>
    </p>
   </div>
   <div class='ocr_carea' id='block_1_7' title="bbox 691 1809 3461 1864">
    <p class='ocr_par' dir='ltr' id='par_1_7' title="bbox 691 1809 3461 1864">
     <span class='ocr_line' id='line_1_7' title="bbox 691 1809 3461 1864; baseline 0.002 -10"><span class='ocrx_word' id='word_1_19' title='bbox 691 1811 848 1854; x_wconf 66' lang='grc' dir='ltr'><strong>οιυε</strong></span> <span class='ocrx_word' id='word_1_20' title='bbox 891 1809 977 1851; x_wconf 73' lang='grc' dir='ltr'><strong>ιιι</strong></span> <span class='ocrx_word' id='word_1_21' title='bbox 1024 1810 1320 1854; x_wconf 69' lang='lat' dir='ltr'><strong>HAICANIS</strong></span> <span class='ocrx_word' id='word_1_22' title='bbox 1377 1810 1656 1864; x_wconf 74' lang='lat' dir='ltr'><strong>QUINQUE</strong></span> <span class='ocrx_word' id='word_1_23' title='bbox 1709 1809 2036 1856; x_wconf 70' lang='lat' dir='ltr'><strong>CODICIRUS</strong></span> <span class='ocrx_word' id='word_1_24' title='bbox 2070 1813 2151 1856; x_wconf 70' lang='grc' dir='ltr'><strong>ΑΒ</strong></span> <span class='ocrx_word' id='word_1_25' title='bbox 2180 1812 2425 1857; x_wconf 74' lang='lat' dir='ltr'><strong>JOANNB</strong></span> <span class='ocrx_word' id='word_1_26' title='bbox 2474 1813 2767 1859; x_wconf 73' lang='lat' dir='ltr'><strong>ZOHRABO</strong></span> <span class='ocrx_word' id='word_1_27' title='bbox 2829 1814 3117 1858; x_wconf 69' lang='lat' dir='ltr'><strong>DOCTORB</strong></span> <span class='ocrx_word' id='word_1_28' title='bbox 3171 1815 3461 1859; x_wconf 73' lang='lat' dir='ltr'><strong>ARMENIO</strong></span> 
     </span>
    </p>
   </div>
   <div class='ocr_carea' id='block_1_8' title="bbox 939 1888 3227 1944">
    <p class='ocr_par' dir='ltr' id='par_1_8' title="bbox 939 1888 3227 1944">
     <span class='ocr_line' id='line_1_8' title="bbox 939 1888 3227 1944; baseline 0.003 -14"><span class='ocrx_word' id='word_1_29' title='bbox 939 1888 1321 1933; x_wconf 64' lang='lat' dir='ltr'><strong>DILIGENTER</strong></span> <span class='ocrx_word' id='word_1_30' title='bbox 1388 1890 1790 1934; x_wconf 70' lang='lat' dir='ltr'><strong>EXSCBII‘TUM</strong></span> <span class='ocrx_word' id='word_1_31' title='bbox 1843 1890 2049 1944; x_wconf 76' lang='lat' dir='ltr'><strong>ATQUE</strong></span> <span class='ocrx_word' id='word_1_32' title='bbox 2113 1892 2508 1936; x_wconf 70' lang='lat' dir='ltr'><strong>EMENDATUM</strong></span> <span class='ocrx_word' id='word_1_33' title='bbox 2560 1893 2839 1937; x_wconf 69' lang='lat' dir='ltr'><strong>JOANNES</strong></span> <span class='ocrx_word' id='word_1_34' title='bbox 2893 1893 3227 1939; x_wconf 61' lang='lat' dir='ltr'><strong>lOﬂRABCﬁ</strong></span> 
     </span>
    </p>
   </div>
   <div class='ocr_carea' id='block_1_9' title="bbox 1240 1969 2902 2017">
    <p class='ocr_par' dir='ltr' id='par_1_9' title="bbox 1240 1969 2902 2017">
     <span class='ocr_line' id='line_1_9' title="bbox 1240 1969 2902 2017; baseline 0.004 -7"><span class='ocrx_word' id='word_1_35' title='bbox 1240 1969 1319 2011; x_wconf 65' lang='grc' dir='ltr'><strong>ΒΤ</strong></span> <span class='ocrx_word' id='word_1_36' title='bbox 1372 1969 1653 2012; x_wconf 65' lang='grc' dir='ltr'><strong>ιαθειυε</strong></span> <span class='ocrx_word' id='word_1_37' title='bbox 1725 1970 1922 2013; x_wconf 70' lang='grc' dir='ltr'>ιιΑωε</span> <span class='ocrx_word' id='word_1_38' title='bbox 1982 1971 2231 2015; x_wconf 71' lang='lat' dir='ltr'><strong>PRIMUM</strong></span> <span class='ocrx_word' id='word_1_39' title='bbox 2284 1971 2663 2015; x_wconf 76' lang='lat' dir='ltr'><strong>CONJUNCTIS</strong></span> <span class='ocrx_word' id='word_1_40' title='bbox 2721 1972 2902 2017; x_wconf 72' lang='grc' dir='ltr'><strong>ευιιιε</strong></span> 
     </span>
    </p>
   </div>
   <div class='ocr_carea' id='block_1_10' title="bbox 1443 2047 2714 2104">
    <p class='ocr_par' dir='ltr' id='par_1_10' title="bbox 1443 2047 2714 2104">
     <span class='ocr_line' id='line_1_10' title="bbox 1443 2047 2714 2104; baseline 0.002 -13"><span class='ocrx_word' id='word_1_41' title='bbox 1443 2047 1824 2092; x_wconf 65' lang='grc' dir='ltr'><strong>ιιτικιτλτε</strong></span> <span class='ocrx_word' id='word_1_42' title='bbox 1880 2048 2189 2093; x_wconf 70' lang='lat' dir='ltr'><strong>DONATUM</strong></span> <span class='ocrx_word' id='word_1_43' title='bbox 2248 2050 2560 2104; x_wconf 72' lang='lat' dir='ltr'><strong>NOTISQUE</strong></span> <span class='ocrx_word' id='word_1_44' title='bbox 2615 2050 2714 2093; x_wconf 80' lang='lat' dir='ltr'><strong>IL-</strong></span> 
     </span>
    </p>
   </div>
   <div class='ocr_carea' id='block_1_11' title="bbox 1664 2106 2493 2174">
    <p class='ocr_par' dir='ltr' id='par_1_11' title="bbox 1664 2106 2493 2174">
     <span class='ocr_line' id='line_1_11' title="bbox 1664 2106 2493 2174; baseline 0.004 -5"><span class='ocrx_word' id='word_1_45' title='bbox 1664 2106 2042 2171; x_wconf 69' lang='lat' dir='ltr'><strong>Lcsrtlt&#39;ruu</strong></span> <span class='ocrx_word' id='word_1_46' title='bbox 2103 2129 2493 2174; x_wconf 77' lang='lat' dir='ltr'><strong>EDIDEBUNT.</strong></span> 
     </span>
    </p>
   </div>
   <div class='ocr_carea' id='block_1_12' title="bbox 1517 2264 2549 2337">
    <p class='ocr_par' dir='ltr' id='par_1_12' title="bbox 1517 2264 2549 2337">
     <span class='ocr_line' id='line_1_12' title="bbox 1517 2264 2549 2337; baseline 0 -15"><span class='ocrx_word' id='word_1_47' title='bbox 1517 2264 1524 2270; x_wconf 68' lang='grc'><em>’</em></span> <span class='ocrx_word' id='word_1_48' title='bbox 1601 2273 1903 2336; x_wconf 75' lang='lat' dir='ltr'><strong>(Iediolani,</strong></span> <span class='ocrx_word' id='word_1_49' title='bbox 1925 2270 2072 2336; x_wconf 82' lang='lat' dir='ltr'><strong>regiis</strong></span> <span class='ocrx_word' id='word_1_50' title='bbox 2099 2275 2245 2337; x_wconf 78' lang='lat' dir='ltr'><strong>typis,</strong></span> <span class='ocrx_word' id='word_1_51' title='bbox 2263 2287 2549 2324; x_wconf 71' lang='lat' dir='ltr'><strong>uncccxvnt.</strong></span> 
     </span>
    </p>
   </div>
   <div class='ocr_carea' id='block_1_13' title="bbox 1299 2577 2826 2689">
    <p class='ocr_par' dir='ltr' id='par_1_13' title="bbox 1299 2577 2826 2689">
     <span class='ocr_line' id='line_1_13' title="bbox 1299 2577 2826 2689; baseline -0.003 -16"><span class='ocrx_word' id='word_1_52' title='bbox 1299 2584 1447 2673; x_wconf 87' lang='lat' dir='ltr'><strong>DE</strong></span> <span class='ocrx_word' id='word_1_53' title='bbox 1519 2583 1738 2671; x_wconf 87' lang='lat' dir='ltr'><strong>SAM</strong></span> <span class='ocrx_word' id='word_1_54' title='bbox 1763 2581 2062 2689; x_wconf 84' lang='lat' dir='ltr'><strong>UELE</strong></span> <span class='ocrx_word' id='word_1_55' title='bbox 2159 2577 2826 2671; x_wconf 69' lang='lat' dir='ltr'><strong>PREFATIO.</strong></span> 
     </span>
    </p>
   </div>
   <div class='ocr_carea' id='block_1_14' title="bbox 2047 2782 2108 2793">
    <p class='ocr_par' dir='ltr' id='par_1_14' title="bbox 2047 2782 2108 2793">
     <span class='ocr_line' id='line_1_14' title="bbox 2047 2782 2108 2793; baseline -0.016 0"><span class='ocrx_word' id='word_1_56' title='bbox 2047 2782 2108 2793; x_wconf 62' lang='lat' dir='ltr'><strong>P—</strong></span> 
     </span>
    </p>
   </div>
   <div class='ocr_carea' id='block_1_15' title="bbox 523 2884 3713 2960">
    <p class='ocr_par' dir='ltr' id='par_1_15' title="bbox 523 2884 3713 2960">
     <span class='ocr_line' id='line_1_15' title="bbox 523 2884 3713 2960; baseline 0 -17"><span class='ocrx_word' id='word_1_57' title='bbox 523 2888 565 2943; x_wconf 78' lang='grc' dir='ltr'><strong>Ι.</strong></span> <span class='ocrx_word' id='word_1_58' title='bbox 598 2888 859 2945; x_wconf 74' lang='lat' dir='ltr'><strong>Ssmueﬁs</strong></span> <span class='ocrx_word' id='word_1_59' title='bbox 885 2892 1233 2945; x_wconf 70' lang='lat' dir='ltr'><strong>summarium</strong></span> <span class='ocrx_word' id='word_1_60' title='bbox 1263 2890 1531 2946; x_wconf 84' lang='lat' dir='ltr'><strong>commode</strong></span> <span class='ocrx_word' id='word_1_61' title='bbox 1559 2905 1677 2942; x_wconf 84' lang='lat' dir='ltr'><strong>cum</strong></span> <span class='ocrx_word' id='word_1_62' title='bbox 1712 2887 1938 2943; x_wconf 77' lang='lat' dir='ltr'><strong>Eusebio</strong></span> <span class='ocrx_word' id='word_1_63' title='bbox 1974 2891 2416 2960; x_wconf 78' lang='lat' dir='ltr'><strong>conjungitur.-—</strong></span> <span class='ocrx_word' id='word_1_64' title='bbox 2448 2884 2745 2957; x_wconf 85' lang='lat' dir='ltr'><strong>Postquam</strong></span> <span class='ocrx_word' id='word_1_65' title='bbox 2787 2885 3074 2941; x_wconf 76' lang='lat' dir='ltr'><strong>Eusebiant&#39;</strong></span> <span class='ocrx_word' id='word_1_66' title='bbox 3105 2884 3351 2942; x_wconf 80' lang='lat' dir='ltr'><strong>Chronici</strong></span> <span class='ocrx_word' id='word_1_67' title='bbox 3388 2891 3537 2946; x_wconf 74' lang='lat' dir='ltr'><strong>curis</strong></span> <span class='ocrx_word' id='word_1_68' title='bbox 3576 2891 3713 2946; x_wconf 80' lang='lat' dir='ltr'><strong>cdt-</strong></span> 
     </span>
    </p>
   </div>
   <div class='ocr_carea' id='block_1_16' title="bbox 460 2977 3707 3052">
    <p class='ocr_par' dir='ltr' id='par_1_16' title="bbox 460 2977 3707 3052">
     <span class='ocr_line' id='line_1_16' title="bbox 460 2977 3707 3052; baseline 0.001 -17"><span class='ocrx_word' id='word_1_69' title='bbox 460 2982 737 3052; x_wconf 84' lang='lat' dir='ltr'><strong>tionisque</strong></span> <span class='ocrx_word' id='word_1_70' title='bbox 780 2982 964 3038; x_wconf 87' lang='lat' dir='ltr'><strong>labore</strong></span> <span class='ocrx_word' id='word_1_71' title='bbox 996 2981 1212 3037; x_wconf 97' lang='lat' dir='ltr'><strong>tandem</strong></span> <span class='ocrx_word' id='word_1_72' title='bbox 1244 2982 1536 3052; x_wconf 85' lang='lat' dir='ltr'><strong>aliquando</strong></span> <span class='ocrx_word' id='word_1_73' title='bbox 1564 2980 1813 3036; x_wconf 87' lang='lat' dir='ltr'><strong>defuncti</strong></span> <span class='ocrx_word' id='word_1_74' title='bbox 1841 2979 2068 3044; x_wconf 86' lang='lat' dir='ltr'><strong>fuimus,</strong></span> <span class='ocrx_word' id='word_1_75' title='bbox 2101 2998 2163 3037; x_wconf 90' lang='lat' dir='ltr'><strong>ea</strong></span> <span class='ocrx_word' id='word_1_76' title='bbox 2196 2980 2375 3036; x_wconf 89' lang='lat' dir='ltr'><strong>statim</strong></span> <span class='ocrx_word' id='word_1_77' title='bbox 2407 2979 2664 3050; x_wconf 70' lang='lat' dir='ltr'><strong>cogitatio</strong></span> <span class='ocrx_word' id='word_1_78' title='bbox 2695 2994 2801 3034; x_wconf 86' lang='lat' dir='ltr'><strong>nos</strong></span> <span class='ocrx_word' id='word_1_79' title='bbox 2822 2977 3010 3044; x_wconf 90' lang='lat' dir='ltr'><strong>subiit,</strong></span> <span class='ocrx_word' id='word_1_80' title='bbox 3052 2980 3383 3035; x_wconf 80' lang='lat' dir='ltr'><strong>solitatimne</strong></span> <span class='ocrx_word' id='word_1_81' title='bbox 3409 2982 3707 3037; x_wconf 82' lang='lat' dir='ltr'><strong>mallemus</strong></span> 
     </span>
    </p>
   </div>
   <div class='ocr_carea' id='block_1_17' title="bbox 453 3068 3708 3143">
    <p class='ocr_par' dir='ltr' id='par_1_17' title="bbox 453 3068 3708 3143">
     <span class='ocr_line' id='line_1_17' title="bbox 453 3068 3708 3143; baseline -0 -16"><span class='ocrx_word' id='word_1_82' title='bbox 453 3070 588 3129; x_wconf 82' lang='lat' dir='ltr'><strong>istos</strong></span> <span class='ocrx_word' id='word_1_83' title='bbox 634 3073 886 3130; x_wconf 82' lang='lat' dir='ltr'><strong>Canones</strong></span> <span class='ocrx_word' id='word_1_84' title='bbox 936 3073 995 3129; x_wconf 88' lang='lat' dir='ltr'><strong>in</strong></span> <span class='ocrx_word' id='word_1_85' title='bbox 1048 3074 1224 3129; x_wconf 84' lang='lat' dir='ltr'><strong>lucem</strong></span> <span class='ocrx_word' id='word_1_86' title='bbox 1259 3074 1527 3138; x_wconf 87' lang='lat' dir='ltr'><strong>emittere,</strong></span> <span class='ocrx_word' id='word_1_87' title='bbox 1562 3088 1632 3127; x_wconf 84' lang='lat' dir='ltr'><strong>an</strong></span> <span class='ocrx_word' id='word_1_88' title='bbox 1662 3081 1724 3127; x_wconf 92' lang='lat' dir='ltr'><strong>ut</strong></span> <span class='ocrx_word' id='word_1_89' title='bbox 1752 3073 1909 3127; x_wconf 86' lang='lat' dir='ltr'><strong>multi</strong></span> <span class='ocrx_word' id='word_1_90' title='bbox 1956 3071 2150 3140; x_wconf 77' lang='lat' dir='ltr'><strong>Graeci,</strong></span> <span class='ocrx_word' id='word_1_91' title='bbox 2188 3081 2246 3126; x_wconf 91' lang='lat' dir='ltr'><strong>ut</strong></span> <span class='ocrx_word' id='word_1_92' title='bbox 2275 3072 2417 3142; x_wconf 82' lang='lat' dir='ltr'><strong>Syri,</strong></span> <span class='ocrx_word' id='word_1_93' title='bbox 2472 3079 2531 3125; x_wconf 89' lang='lat' dir='ltr'><strong>ut</strong></span> <span class='ocrx_word' id='word_1_94' title='bbox 2554 3068 2730 3125; x_wconf 85' lang='lat' dir='ltr'><strong>Latini</strong></span> <span class='ocrx_word' id='word_1_95' title='bbox 2804 3070 2965 3141; x_wconf 88' lang='lat' dir='ltr'><strong>(quos</strong></span> <span class='ocrx_word' id='word_1_96' title='bbox 2993 3071 3135 3125; x_wconf 89' lang='lat' dir='ltr'><strong>inter</strong></span> <span class='ocrx_word' id='word_1_97' title='bbox 3168 3072 3420 3143; x_wconf 86' lang='lat' dir='ltr'><strong>princeps</strong></span> <span class='ocrx_word' id='word_1_98' title='bbox 3471 3070 3708 3137; x_wconf 66' lang='lat' dir='ltr'><strong>Eusebii</strong></span> 
     </span>
    </p>
   </div>
   <div class='ocr_carea' id='block_1_18' title="bbox 451 3159 3704 3239">
    <p class='ocr_par' dir='ltr' id='par_1_18' title="bbox 451 3159 3704 3239">
     <span class='ocr_line' id='line_1_18' title="bbox 451 3159 3704 3239; baseline -0 -21"><span class='ocrx_word' id='word_1_99' title='bbox 451 3165 720 3236; x_wconf 72' lang='lat' dir='ltr'><strong>interpres</strong></span> <span class='ocrx_word' id='word_1_100' title='bbox 762 3163 824 3220; x_wconf 90' lang='lat' dir='ltr'><strong>D.</strong></span> <span class='ocrx_word' id='word_1_101' title='bbox 861 3162 1229 3236; x_wconf 82' lang='lat' dir='ltr'><strong>Hieronymus</strong></span> <span class='ocrx_word' id='word_1_102' title='bbox 1274 3164 1592 3239; x_wconf 86' lang='lat' dir='ltr'><strong>primusque</strong></span> <span class='ocrx_word' id='word_1_103' title='bbox 1620 3162 1795 3218; x_wconf 91' lang='lat' dir='ltr'><strong>editor</strong></span> <span class='ocrx_word' id='word_1_104' title='bbox 1819 3161 2234 3218; x_wconf 79' lang='lat' dir='ltr'><strong>Mediolanensis</strong></span> <span class='ocrx_word' id='word_1_105' title='bbox 2273 3161 2659 3234; x_wconf 72' lang='lat' dir='ltr'><strong>Monabritius),</strong></span> <span class='ocrx_word' id='word_1_106' title='bbox 2691 3159 3058 3216; x_wconf 80' lang='lat' dir='ltr'><strong>Eusebianum</strong></span> <span class='ocrx_word' id='word_1_107' title='bbox 3104 3175 3244 3231; x_wconf 90' lang='lat' dir='ltr'><strong>opus</strong></span> <span class='ocrx_word' id='word_1_108' title='bbox 3274 3172 3704 3220; x_wconf 86' lang='lat' dir='ltr'><strong>consecutorum</strong></span> 
     </span>
    </p>
   </div>
   <div class='ocr_carea' id='block_1_19' title="bbox 451 3255 3705 3331">
    <p class='ocr_par' dir='ltr' id='par_1_19' title="bbox 451 3255 3705 3331">
     <span class='ocr_line' id='line_1_19' title="bbox 451 3255 3705 3331; baseline 0 -16"><span class='ocrx_word' id='word_1_109' title='bbox 451 3275 757 3331; x_wconf 60' lang='lat' dir='ltr'><strong>temporum</strong></span> <span class='ocrx_word' id='word_1_110' title='bbox 817 3257 983 3330; x_wconf 83' lang='lat' dir='ltr'><strong>gestis</strong></span> <span class='ocrx_word' id='word_1_111' title='bbox 1006 3258 1455 3325; x_wconf 73' lang='lat' dir='ltr'><strong>emiiulaverunt;</strong></span> <span class='ocrx_word' id='word_1_112' title='bbox 1486 3273 1588 3313; x_wconf 91' lang='lat' dir='ltr'><strong>nos</strong></span> <span class='ocrx_word' id='word_1_113' title='bbox 1621 3271 1835 3328; x_wconf 88' lang='lat' dir='ltr'><strong>quoque</strong></span> <span class='ocrx_word' id='word_1_114' title='bbox 1855 3257 1982 3311; x_wconf 89' lang='lat' dir='ltr'><strong>item</strong></span> <span class='ocrx_word' id='word_1_115' title='bbox 2007 3255 2309 3311; x_wconf 90' lang='lat' dir='ltr'><strong>editionem.</strong></span> <span class='ocrx_word' id='word_1_116' title='bbox 2326 3263 2571 3310; x_wconf 89' lang='lat' dir='ltr'><strong>nostram</strong></span> <span class='ocrx_word' id='word_1_117' title='bbox 2595 3255 2894 3325; x_wconf 83' lang='lat' dir='ltr'><strong>posteriore</strong></span> <span class='ocrx_word' id='word_1_118' title='bbox 2917 3256 3099 3327; x_wconf 88' lang='lat' dir='ltr'><strong>aliqua</strong></span> <span class='ocrx_word' id='word_1_119' title='bbox 3135 3258 3366 3314; x_wconf 85' lang='lat' dir='ltr'><strong>historia</strong></span> <span class='ocrx_word' id='word_1_120' title='bbox 3406 3262 3705 3316; x_wconf 80' lang='lat' dir='ltr'><strong>continua-</strong></span> 
     </span>
    </p>
   </div>
   <div class='ocr_carea' id='block_1_20' title="bbox 450 3348 3690 3423">
    <p class='ocr_par' dir='ltr' id='par_1_20' title="bbox 450 3348 3690 3423">
     <span class='ocr_line' id='line_1_20' title="bbox 450 3348 3690 3423; baseline 0 -16"><span class='ocrx_word' id='word_1_121' title='bbox 450 3351 941 3423; x_wconf 73' lang='lat' dir='ltr'><strong>remus.Equidem</strong></span> <span class='ocrx_word' id='word_1_122' title='bbox 970 3352 1064 3408; x_wconf 89' lang='lat' dir='ltr'><strong>ubi</strong></span> <span class='ocrx_word' id='word_1_123' title='bbox 1092 3352 1160 3407; x_wconf 91' lang='lat' dir='ltr'><strong>de</strong></span> <span class='ocrx_word' id='word_1_124' title='bbox 1182 3350 1577 3423; x_wconf 88' lang='lat' dir='ltr'><strong>prosequendis</strong></span> <span class='ocrx_word' id='word_1_125' title='bbox 1599 3349 1932 3406; x_wconf 84' lang='lat' dir='ltr'><strong>Canonibus</strong></span> <span class='ocrx_word' id='word_1_126' title='bbox 1951 3352 2221 3407; x_wconf 85' lang='lat' dir='ltr'><strong>sententia</strong></span> <span class='ocrx_word' id='word_1_127' title='bbox 2259 3350 2485 3421; x_wconf 86' lang='lat' dir='ltr'><strong>placuit,</strong></span> <span class='ocrx_word' id='word_1_128' title='bbox 2516 3348 2654 3404; x_wconf 87' lang='lat' dir='ltr'><strong>nihil</strong></span> <span class='ocrx_word' id='word_1_129' title='bbox 2687 3350 3050 3420; x_wconf 83' lang='lat' dir='ltr'><strong>opportunius</strong></span> <span class='ocrx_word' id='word_1_130' title='bbox 3091 3349 3194 3405; x_wconf 85' lang='lat' dir='ltr'><strong>fuit</strong></span> <span class='ocrx_word' id='word_1_131' title='bbox 3228 3349 3479 3408; x_wconf 90' lang='lat' dir='ltr'><strong>Samuele</strong></span> <span class='ocrx_word' id='word_1_132' title='bbox 3513 3352 3690 3407; x_wconf 88' lang='lat' dir='ltr'><strong>chro-</strong></span> 
     </span>
    </p>
   </div>
   <div class='ocr_carea' id='block_1_21' title="bbox 451 3444 3693 3517">
    <p class='ocr_par' dir='ltr' id='par_1_21' title="bbox 451 3444 3693 3517">
     <span class='ocr_line' id='line_1_21' title="bbox 451 3444 3693 3517; baseline 0.001 -17"><span class='ocrx_word' id='word_1_133' title='bbox 451 3444 734 3517; x_wconf 77' lang='lat' dir='ltr'><strong>nographo</strong></span> <span class='ocrx_word' id='word_1_134' title='bbox 768 3447 1046 3513; x_wconf 79' lang='lat' dir='ltr'><strong>Armenio,</strong></span> <span class='ocrx_word' id='word_1_135' title='bbox 1086 3446 1246 3516; x_wconf 86' lang='lat' dir='ltr'><strong>cujus</strong></span> <span class='ocrx_word' id='word_1_136' title='bbox 1276 3446 1457 3502; x_wconf 89' lang='lat' dir='ltr'><strong>omnis</strong></span> <span class='ocrx_word' id='word_1_137' title='bbox 1486 3446 1755 3503; x_wconf 89' lang='lat' dir='ltr'><strong>industria</strong></span> <span class='ocrx_word' id='word_1_138' title='bbox 1779 3462 1834 3501; x_wconf 84' lang='lat' dir='ltr'><strong>tn</strong></span> <span class='ocrx_word' id='word_1_139' title='bbox 1862 3462 1929 3502; x_wconf 91' lang='lat' dir='ltr'><strong>eo</strong></span> <span class='ocrx_word' id='word_1_140' title='bbox 1964 3447 2382 3517; x_wconf 79' lang='lat' dir='ltr'><strong>diligentissime</strong></span> <span class='ocrx_word' id='word_1_141' title='bbox 2408 3454 2623 3501; x_wconf 85' lang='lat' dir='ltr'><strong>versata</strong></span> <span class='ocrx_word' id='word_1_142' title='bbox 2649 3453 2755 3508; x_wconf 87' lang='lat' dir='ltr'><strong>est,</strong></span> <span class='ocrx_word' id='word_1_143' title='bbox 2798 3452 2858 3499; x_wconf 88' lang='lat' dir='ltr'><strong>ut</strong></span> <span class='ocrx_word' id='word_1_144' title='bbox 2885 3444 3028 3515; x_wconf 86' lang='lat' dir='ltr'><strong>apud</strong></span> <span class='ocrx_word' id='word_1_145' title='bbox 3055 3447 3284 3517; x_wconf 77' lang='lat' dir='ltr'><strong>gentiles</strong></span> <span class='ocrx_word' id='word_1_146' title='bbox 3311 3464 3440 3504; x_wconf 88' lang='lat' dir='ltr'><strong>suos</strong></span> <span class='ocrx_word' id='word_1_147' title='bbox 3468 3447 3693 3504; x_wconf 85' lang='lat' dir='ltr'><strong>Eusebii</strong></span> 
     </span>
    </p>
   </div>
   <div class='ocr_carea' id='block_1_22' title="bbox 450 3537 3697 3611">
    <p class='ocr_par' dir='ltr' id='par_1_22' title="bbox 450 3537 3697 3611">
     <span class='ocr_line' id='line_1_22' title="bbox 450 3537 3697 3611; baseline 0 -16"><span class='ocrx_word' id='word_1_148' title='bbox 450 3538 556 3595; x_wconf 85' lang='lat' dir='ltr'><strong>sibi</strong></span> <span class='ocrx_word' id='word_1_149' title='bbox 586 3554 873 3609; x_wconf 85' lang='lat' dir='ltr'><strong>personam</strong></span> <span class='ocrx_word' id='word_1_150' title='bbox 896 3554 1194 3611; x_wconf 81' lang='lat' dir='ltr'><strong>vocemque</strong></span> <span class='ocrx_word' id='word_1_151' title='bbox 1214 3546 1545 3609; x_wconf 82' lang='lat' dir='ltr'><strong>capesseret.</strong></span> <span class='ocrx_word' id='word_1_152' title='bbox 1569 3537 1702 3593; x_wconf 84' lang='lat' dir='ltr'><strong>Nam</strong></span> <span class='ocrx_word' id='word_1_153' title='bbox 1732 3555 1858 3594; x_wconf 89' lang='lat' dir='ltr'><strong>cum</strong></span> <span class='ocrx_word' id='word_1_154' title='bbox 1887 3540 2145 3595; x_wconf 85' lang='lat' dir='ltr'><strong>universo</strong></span> <span class='ocrx_word' id='word_1_155' title='bbox 2175 3537 2592 3609; x_wconf 86' lang='lat' dir='ltr'><strong>opereEusebii,</strong></span> <span class='ocrx_word' id='word_1_156' title='bbox 2619 3537 2810 3592; x_wconf 91' lang='lat' dir='ltr'><strong>latiore</strong></span> <span class='ocrx_word' id='word_1_157' title='bbox 2841 3538 3098 3592; x_wconf 90' lang='lat' dir='ltr'><strong>nimirum</strong></span> <span class='ocrx_word' id='word_1_158' title='bbox 3123 3540 3349 3594; x_wconf 85' lang='lat' dir='ltr'><strong>historia</strong></span> <span class='ocrx_word' id='word_1_159' title='bbox 3376 3555 3441 3596; x_wconf 90' lang='lat' dir='ltr'><strong>ac</strong></span> <span class='ocrx_word' id='word_1_160' title='bbox 3463 3542 3697 3597; x_wconf 81' lang='lat' dir='ltr'><strong>linearis</strong></span> 
     </span>
    </p>
   </div>
   <div class='ocr_carea' id='block_1_23' title="bbox 450 3625 3696 3702">
    <p class='ocr_par' dir='ltr' id='par_1_23' title="bbox 450 3625 3696 3702">
     <span class='ocr_line' id='line_1_23' title="bbox 450 3625 3696 3702; baseline 0.002 -18"><span class='ocrx_word' id='word_1_161' title='bbox 450 3629 943 3702; x_wconf 66' lang='lat' dir='ltr'><strong>canonisepitomc</strong></span> <span class='ocrx_word' id='word_1_162' title='bbox 971 3636 1216 3685; x_wconf 80' lang='lat' dir='ltr'><strong>uteretur</strong></span> <span class='ocrx_word' id='word_1_163' title='bbox 1247 3627 1491 3693; x_wconf 82' lang='lat' dir='ltr'><strong>Samuel,</strong></span> <span class='ocrx_word' id='word_1_164' title='bbox 1519 3628 1662 3684; x_wconf 88' lang='lat' dir='ltr'><strong>haud</strong></span> <span class='ocrx_word' id='word_1_165' title='bbox 1688 3629 1804 3700; x_wconf 90' lang='lat' dir='ltr'><strong>ipse</strong></span> <span class='ocrx_word' id='word_1_166' title='bbox 1827 3629 2117 3686; x_wconf 88' lang='lat' dir='ltr'><strong>consilium</strong></span> <span class='ocrx_word' id='word_1_167' title='bbox 2144 3631 2309 3699; x_wconf 86' lang='lat' dir='ltr'><strong>cepit,</strong></span> <span class='ocrx_word' id='word_1_168' title='bbox 2329 3628 2475 3699; x_wconf 76' lang='lat' dir='ltr'><strong>quod</strong></span> <span class='ocrx_word' id='word_1_169' title='bbox 2497 3628 2625 3684; x_wconf 86' lang='lat' dir='ltr'><strong>olim</strong></span> <span class='ocrx_word' id='word_1_170' title='bbox 2646 3625 2824 3683; x_wconf 85' lang='lat' dir='ltr'><strong>Latini</strong></span> <span class='ocrx_word' id='word_1_171' title='bbox 2854 3627 3118 3696; x_wconf 86' lang='lat' dir='ltr'><strong>fecerunt,</strong></span> <span class='ocrx_word' id='word_1_172' title='bbox 3138 3638 3309 3685; x_wconf 89' lang='lat' dir='ltr'><strong>totum</strong></span> <span class='ocrx_word' id='word_1_173' title='bbox 3336 3631 3464 3686; x_wconf 91' lang='lat' dir='ltr'><strong>illud</strong></span> <span class='ocrx_word' id='word_1_174' title='bbox 3490 3632 3696 3702; x_wconf 81' lang='lat' dir='ltr'><strong>prioris</strong></span> 
     </span>
    </p>
   </div>
   <div class='ocr_carea' id='block_1_24' title="bbox 452 3720 3696 3796">
    <p class='ocr_par' dir='ltr' id='par_1_24' title="bbox 452 3720 3696 3796">
     <span class='ocr_line' id='line_1_24' title="bbox 452 3720 3696 3796; baseline 0.002 -21"><span class='ocrx_word' id='word_1_175' title='bbox 452 3720 583 3776; x_wconf 82' lang='lat' dir='ltr'><strong>libri</strong></span> <span class='ocrx_word' id='word_1_176' title='bbox 612 3723 861 3778; x_wconf 82' lang='lat' dir='ltr'><strong>volumen</strong></span> <span class='ocrx_word' id='word_1_177' title='bbox 882 3723 1061 3779; x_wconf 86' lang='lat' dir='ltr'><strong>securi</strong></span> <span class='ocrx_word' id='word_1_178' title='bbox 1090 3720 1332 3779; x_wconf 85' lang='lat' dir='ltr'><strong>Tenedia</strong></span> <span class='ocrx_word' id='word_1_179' title='bbox 1355 3724 1657 3791; x_wconf 87' lang='lat' dir='ltr'><strong>resecandi;</strong></span> <span class='ocrx_word' id='word_1_180' title='bbox 1682 3739 1895 3788; x_wconf 86' lang='lat' dir='ltr'><strong>verum,</strong></span> <span class='ocrx_word' id='word_1_181' title='bbox 1918 3725 2135 3780; x_wconf 83' lang='lat' dir='ltr'><strong>mitiore.</strong></span> <span class='ocrx_word' id='word_1_182' title='bbox 2159 3733 2447 3779; x_wconf 88' lang='lat' dir='ltr'><strong>contentus</strong></span> <span class='ocrx_word' id='word_1_183' title='bbox 2465 3725 2753 3789; x_wconf 85' lang='lat' dir='ltr'><strong>sententia,</strong></span> <span class='ocrx_word' id='word_1_184' title='bbox 2771 3726 3006 3794; x_wconf 88' lang='lat' dir='ltr'><strong>priorem</strong></span> <span class='ocrx_word' id='word_1_185' title='bbox 3030 3725 3245 3796; x_wconf 89' lang='lat' dir='ltr'><strong>quidem</strong></span> <span class='ocrx_word' id='word_1_186' title='bbox 3273 3726 3470 3782; x_wconf 90' lang='lat' dir='ltr'><strong>librum</strong></span> <span class='ocrx_word' id='word_1_187' title='bbox 3495 3736 3572 3782; x_wconf 90' lang='lat' dir='ltr'><strong>tot</strong></span> <span class='ocrx_word' id='word_1_188' title='bbox 3591 3743 3696 3782; x_wconf 91' lang='lat' dir='ltr'><strong>au-</strong></span> 
     </span>
    </p>
   </div>
   <div class='ocr_carea' id='block_1_25' title="bbox 450 3816 3687 3888">
    <p class='ocr_par' dir='ltr' id='par_1_25' title="bbox 450 3816 3687 3888">
     <span class='ocr_line' id='line_1_25' title="bbox 450 3816 3687 3888; baseline 0.002 -17"><span class='ocrx_word' id='word_1_189' title='bbox 450 3824 661 3873; x_wconf 80' lang='lat' dir='ltr'><strong>ctorum</strong></span> <span class='ocrx_word' id='word_1_190' title='bbox 705 3818 992 3874; x_wconf 86' lang='lat' dir='ltr'><strong>sententiis</strong></span> <span class='ocrx_word' id='word_1_191' title='bbox 1019 3817 1426 3874; x_wconf 86' lang='lat' dir='ltr'><strong>redundantem</strong></span> <span class='ocrx_word' id='word_1_192' title='bbox 1473 3833 1538 3874; x_wconf 89' lang='lat' dir='ltr'><strong>ac</strong></span> <span class='ocrx_word' id='word_1_193' title='bbox 1573 3818 1806 3883; x_wconf 85' lang='lat' dir='ltr'><strong>varium,</strong></span> <span class='ocrx_word' id='word_1_194' title='bbox 1829 3819 1966 3875; x_wconf 81' lang='lat' dir='ltr'><strong>satis</strong></span> <span class='ocrx_word' id='word_1_195' title='bbox 1991 3817 2141 3873; x_wconf 89' lang='lat' dir='ltr'><strong>brevi</strong></span> <span class='ocrx_word' id='word_1_196' title='bbox 2166 3817 2491 3888; x_wconf 87' lang='lat' dir='ltr'><strong>compendio</strong></span> <span class='ocrx_word' id='word_1_197' title='bbox 2541 3816 2849 3885; x_wconf 84' lang='lat' dir='ltr'><strong>conclusit;</strong></span> <span class='ocrx_word' id='word_1_198' title='bbox 2881 3819 3234 3887; x_wconf 83' lang='lat' dir='ltr'><strong>posteriorem</strong></span> <span class='ocrx_word' id='word_1_199' title='bbox 3260 3828 3440 3875; x_wconf 89' lang='lat' dir='ltr'><strong>autem</strong></span> <span class='ocrx_word' id='word_1_200' title='bbox 3473 3822 3539 3875; x_wconf 90' lang='lat' dir='ltr'><strong>ad</strong></span> <span class='ocrx_word' id='word_1_201' title='bbox 3600 3824 3687 3877; x_wconf 90' lang='lat' dir='ltr'><strong>sui</strong></span> 
     </span>
    </p>
   </div>
   <div class='ocr_carea' id='block_1_26' title="bbox 449 3909 3692 3984">
    <p class='ocr_par' dir='ltr' id='par_1_26' title="bbox 449 3909 3692 3984">
     <span class='ocr_line' id='line_1_26' title="bbox 449 3909 3692 3984; baseline 0.001 -19"><span class='ocrx_word' id='word_1_202' title='bbox 449 3912 715 3982; x_wconf 80' lang='lat' dir='ltr'><strong>temporis</strong></span> <span class='ocrx_word' id='word_1_203' title='bbox 759 3928 918 3967; x_wconf 76' lang='lat' dir='ltr'><strong>usum</strong></span> <span class='ocrx_word' id='word_1_204' title='bbox 954 3914 1116 3983; x_wconf 88' lang='lat' dir='ltr'><strong>paulo</strong></span> <span class='ocrx_word' id='word_1_205' title='bbox 1145 3912 1326 3983; x_wconf 87' lang='lat' dir='ltr'><strong>aptius</strong></span> <span class='ocrx_word' id='word_1_206' title='bbox 1364 3909 1814 3977; x_wconf 82' lang='lat' dir='ltr'><strong>accommodavit,</strong></span> <span class='ocrx_word' id='word_1_207' title='bbox 1850 3910 2033 3965; x_wconf 85' lang='lat' dir='ltr'><strong>addita</strong></span> <span class='ocrx_word' id='word_1_208' title='bbox 2069 3909 2272 3965; x_wconf 84' lang='lat' dir='ltr'><strong>Christi</strong></span> <span class='ocrx_word' id='word_1_209' title='bbox 2304 3923 2439 3972; x_wconf 71' lang='lat' dir='ltr'><strong>aera,</strong></span> <span class='ocrx_word' id='word_1_210' title='bbox 2470 3912 2742 3979; x_wconf 88' lang='lat' dir='ltr'><strong>rebusque</strong></span> <span class='ocrx_word' id='word_1_211' title='bbox 2768 3910 2954 3965; x_wconf 88' lang='lat' dir='ltr'><strong>multis</strong></span> <span class='ocrx_word' id='word_1_212' title='bbox 2983 3924 3120 3980; x_wconf 88' lang='lat' dir='ltr'><strong>quas</strong></span> <span class='ocrx_word' id='word_1_213' title='bbox 3146 3910 3413 3968; x_wconf 85' lang='lat' dir='ltr'><strong>Eusebius</strong></span> <span class='ocrx_word' id='word_1_214' title='bbox 3437 3914 3692 3984; x_wconf 75' lang='lat' dir='ltr'><strong>neglexe-</strong></span> 
     </span>
    </p>
   </div>
   <div class='ocr_carea' id='block_1_27' title="bbox 447 4001 3686 4078">
    <p class='ocr_par' dir='ltr' id='par_1_27' title="bbox 447 4001 3686 4078">
     <span class='ocr_line' id='line_1_27' title="bbox 447 4001 3686 4078; baseline -0.001 -17"><span class='ocrx_word' id='word_1_215' title='bbox 447 4015 580 4061; x_wconf 86' lang='lat' dir='ltr'><strong>rat:</strong></span> <span class='ocrx_word' id='word_1_216' title='bbox 629 4014 745 4061; x_wconf 86' lang='lat' dir='ltr'><strong>tum</strong></span> <span class='ocrx_word' id='word_1_217' title='bbox 802 4006 948 4078; x_wconf 89' lang='lat' dir='ltr'><strong>quod</strong></span> <span class='ocrx_word' id='word_1_218' title='bbox 1002 4007 1236 4065; x_wconf 80' lang='lat' dir='ltr'><strong>instituti</strong></span> <span class='ocrx_word' id='word_1_219' title='bbox 1291 4013 1460 4076; x_wconf 89' lang='lat' dir='ltr'><strong>caput</strong></span> <span class='ocrx_word' id='word_1_220' title='bbox 1484 4013 1623 4071; x_wconf 90' lang='lat' dir='ltr'><strong>erat,</strong></span> <span class='ocrx_word' id='word_1_221' title='bbox 1656 4004 1792 4061; x_wconf 87' lang='lat' dir='ltr'><strong>adeo</strong></span> <span class='ocrx_word' id='word_1_222' title='bbox 1841 4012 2143 4075; x_wconf 89' lang='lat' dir='ltr'><strong>temporum</strong></span> <span class='ocrx_word' id='word_1_223' title='bbox 2184 4002 2541 4074; x_wconf 82' lang='lat' dir='ltr'><strong>digestionem</strong></span> <span class='ocrx_word' id='word_1_224' title='bbox 2602 4001 2877 4072; x_wconf 77' lang='lat' dir='ltr'><strong>produxit,</strong></span> <span class='ocrx_word' id='word_1_225' title='bbox 2926 4010 2983 4057; x_wconf 91' lang='lat' dir='ltr'><strong>ut</strong></span> <span class='ocrx_word' id='word_1_226' title='bbox 3034 4004 3103 4060; x_wconf 88' lang='lat' dir='ltr'><strong>ab</strong></span> <span class='ocrx_word' id='word_1_227' title='bbox 3140 4019 3284 4060; x_wconf 88' lang='lat' dir='ltr'><strong>anno</strong></span> <span class='ocrx_word' id='word_1_228' title='bbox 3339 4005 3686 4063; x_wconf 85' lang='lat' dir='ltr'><strong>Constantini</strong></span> 
     </span>
    </p>
   </div>
   <div class='ocr_carea' id='block_1_28' title="bbox 449 4094 3687 4169">
    <p class='ocr_par' dir='ltr' id='par_1_28' title="bbox 449 4094 3687 4169">
     <span class='ocr_line' id='line_1_28' title="bbox 449 4094 3687 4169; baseline 0.001 -17"><span class='ocrx_word' id='word_1_229' title='bbox 449 4097 625 4169; x_wconf 76' lang='lat' dir='ltr'><strong>Magni</strong></span> <span class='ocrx_word' id='word_1_230' title='bbox 653 4097 1030 4169; x_wconf 49' lang='lat' dir='ltr'><strong>vicesimo;(in</strong></span> <span class='ocrx_word' id='word_1_231' title='bbox 1054 4112 1163 4167; x_wconf 87' lang='lat' dir='ltr'><strong>quo</strong></span> <span class='ocrx_word' id='word_1_232' title='bbox 1204 4096 1364 4152; x_wconf 87' lang='lat' dir='ltr'><strong>linem</strong></span> <span class='ocrx_word' id='word_1_233' title='bbox 1389 4095 1516 4152; x_wconf 84' lang='lat' dir='ltr'><strong>fecit</strong></span> <span class='ocrx_word' id='word_1_234' title='bbox 1546 4095 1836 4166; x_wconf 83' lang='lat' dir='ltr'><strong>Eusebius)</strong></span> <span class='ocrx_word' id='word_1_235' title='bbox 1887 4094 1952 4150; x_wconf 91' lang='lat' dir='ltr'><strong>ad</strong></span> <span class='ocrx_word' id='word_1_236' title='bbox 1986 4096 2238 4165; x_wconf 85' lang='lat' dir='ltr'><strong>quintum</strong></span> <span class='ocrx_word' id='word_1_237' title='bbox 2297 4109 2471 4164; x_wconf 90' lang='lat' dir='ltr'><strong>usque</strong></span> <span class='ocrx_word' id='word_1_238' title='bbox 2499 4104 2554 4149; x_wconf 86' lang='lat' dir='ltr'><strong>et</strong></span> <span class='ocrx_word' id='word_1_239' title='bbox 2578 4095 3046 4166; x_wconf 77' lang='lat' dir='ltr'><strong>quadragesimum</strong></span> <span class='ocrx_word' id='word_1_240' title='bbox 3108 4096 3373 4154; x_wconf 84' lang='lat' dir='ltr'><strong>Manuelis</strong></span> <span class='ocrx_word' id='word_1_241' title='bbox 3423 4100 3687 4156; x_wconf 84' lang='lat' dir='ltr'><strong>Comueni</strong></span> 
     </span>
    </p>
   </div>
   <div class='ocr_carea' id='block_1_29' title="bbox 447 4184 3685 4261">
    <p class='ocr_par' dir='ltr' id='par_1_29' title="bbox 447 4184 3685 4261">
     <span class='ocr_line' id='line_1_29' title="bbox 447 4184 3685 4261; baseline 0.002 -20"><span class='ocrx_word' id='word_1_242' title='bbox 447 4187 783 4253; x_wconf 81' lang='lat' dir='ltr'><strong>decurrerit;</strong></span> <span class='ocrx_word' id='word_1_243' title='bbox 833 4186 978 4256; x_wconf 81' lang='lat' dir='ltr'><strong>quod</strong></span> <span class='ocrx_word' id='word_1_244' title='bbox 1045 4186 1244 4256; x_wconf 79' lang='lat' dir='ltr'><strong>ingens</strong></span> <span class='ocrx_word' id='word_1_245' title='bbox 1291 4185 1720 4241; x_wconf 81' lang='lat' dir='ltr'><strong>additamentum</strong></span> <span class='ocrx_word' id='word_1_246' title='bbox 1772 4200 1861 4240; x_wconf 88' lang='lat' dir='ltr'><strong>res</strong></span> <span class='ocrx_word' id='word_1_247' title='bbox 1902 4199 2170 4239; x_wconf 90' lang='lat' dir='ltr'><strong>annorum</strong></span> <span class='ocrx_word' id='word_1_248' title='bbox 2231 4184 2664 4254; x_wconf 79' lang='lat' dir='ltr'><strong>octingentorum</strong></span> <span class='ocrx_word' id='word_1_249' title='bbox 2729 4196 2783 4241; x_wconf 91' lang='lat' dir='ltr'><strong>et</strong></span> <span class='ocrx_word' id='word_1_250' title='bbox 2838 4188 3231 4259; x_wconf 79' lang='lat' dir='ltr'><strong>quinquaginta</strong></span> <span class='ocrx_word' id='word_1_251' title='bbox 3280 4193 3685 4261; x_wconf 86' lang='lat' dir='ltr'><strong>complectitur.</strong></span> 
     </span>
    </p>
   </div>
   <div class='ocr_carea' id='block_1_30' title="bbox 447 4275 3687 4351">
    <p class='ocr_par' dir='ltr' id='par_1_30' title="bbox 447 4275 3687 4351">
     <span class='ocr_line' id='line_1_30' title="bbox 447 4275 3687 4351; baseline 0.004 -16"><span class='ocrx_word' id='word_1_252' title='bbox 447 4282 793 4351; x_wconf 72' lang='lat' dir='ltr'><strong>Quanquam,</strong></span> <span class='ocrx_word' id='word_1_253' title='bbox 829 4286 888 4332; x_wconf 92' lang='lat' dir='ltr'><strong>ut</strong></span> <span class='ocrx_word' id='word_1_254' title='bbox 909 4292 1033 4332; x_wconf 84' lang='lat' dir='ltr'><strong>vere</strong></span> <span class='ocrx_word' id='word_1_255' title='bbox 1052 4277 1323 4340; x_wconf 79' lang='lat' dir='ltr'><strong>dicamus,</strong></span> <span class='ocrx_word' id='word_1_256' title='bbox 1351 4277 1405 4332; x_wconf 94' lang='lat' dir='ltr'><strong>id</strong></span> <span class='ocrx_word' id='word_1_257' title='bbox 1428 4278 1699 4346; x_wconf 63' lang='lat' dir='ltr'><strong>praecipue</strong></span> <span class='ocrx_word' id='word_1_258' title='bbox 1726 4278 1997 4348; x_wconf 77' lang='lat' dir='ltr'><strong>spectavit</strong></span> <span class='ocrx_word' id='word_1_259' title='bbox 2019 4275 2239 4333; x_wconf 86' lang='lat' dir='ltr'><strong>Samuel</strong></span> <span class='ocrx_word' id='word_1_260' title='bbox 2270 4291 2573 4348; x_wconf 81' lang='lat' dir='ltr'><strong>magnoque</strong></span> <span class='ocrx_word' id='word_1_261' title='bbox 2606 4279 2789 4333; x_wconf 91' lang='lat' dir='ltr'><strong>studio</strong></span> <span class='ocrx_word' id='word_1_262' title='bbox 2824 4281 3070 4349; x_wconf 86' lang='lat' dir='ltr'><strong>perfecit,</strong></span> <span class='ocrx_word' id='word_1_263' title='bbox 3103 4290 3165 4337; x_wconf 89' lang='lat' dir='ltr'><strong>ut</strong></span> <span class='ocrx_word' id='word_1_264' title='bbox 3197 4301 3288 4341; x_wconf 89' lang='lat' dir='ltr'><strong>res</strong></span> <span class='ocrx_word' id='word_1_265' title='bbox 3329 4286 3687 4347; x_wconf 79' lang='lat' dir='ltr'><strong>Armeniacas</strong></span> 
     </span>
    </p>
   </div>
   <div class='ocr_carea' id='block_1_31' title="bbox 442 4367 3681 4448">
    <p class='ocr_par' dir='ltr' id='par_1_31' title="bbox 442 4367 3681 4448">
     <span class='ocr_line' id='line_1_31' title="bbox 442 4367 3681 4448; baseline 0.003 -20"><span class='ocrx_word' id='word_1_266' title='bbox 442 4390 678 4448; x_wconf 85' lang='lat' dir='ltr'><strong>quarum</strong></span> <span class='ocrx_word' id='word_1_267' title='bbox 706 4372 915 4428; x_wconf 79' lang='lat' dir='ltr'><strong>nullum</strong></span> <span class='ocrx_word' id='word_1_268' title='bbox 942 4368 1239 4441; x_wconf 54' lang='lat' dir='ltr'><strong>,vestigium</strong></span> <span class='ocrx_word' id='word_1_269' title='bbox 1279 4368 1424 4438; x_wconf 91' lang='lat' dir='ltr'><strong>apud</strong></span> <span class='ocrx_word' id='word_1_270' title='bbox 1458 4367 1751 4424; x_wconf 88' lang='lat' dir='ltr'><strong>Eusebium</strong></span> <span class='ocrx_word' id='word_1_271' title='bbox 1796 4367 1982 4423; x_wconf 82' lang='lat' dir='ltr'><strong>videre</strong></span> <span class='ocrx_word' id='word_1_272' title='bbox 2036 4376 2141 4429; x_wconf 87' lang='lat' dir='ltr'><strong>est,</strong></span> <span class='ocrx_word' id='word_1_273' title='bbox 2172 4385 2204 4424; x_wconf 91' lang='lat' dir='ltr'><strong>e</strong></span> <span class='ocrx_word' id='word_1_274' title='bbox 2242 4384 2457 4423; x_wconf 87' lang='lat' dir='ltr'><strong>summo</strong></span> <span class='ocrx_word' id='word_1_275' title='bbox 2511 4371 2689 4441; x_wconf 88' lang='lat' dir='ltr'><strong>gentis</strong></span> <span class='ocrx_word' id='word_1_276' title='bbox 2739 4371 3003 4428; x_wconf 90' lang='lat' dir='ltr'><strong>historico</strong></span> <span class='ocrx_word' id='word_1_277' title='bbox 3047 4373 3382 4433; x_wconf 89' lang='lat' dir='ltr'><strong>Choreneusi</strong></span> <span class='ocrx_word' id='word_1_278' title='bbox 3423 4378 3568 4436; x_wconf 78' lang='lat' dir='ltr'><strong>Mose</strong></span> <span class='ocrx_word' id='word_1_279' title='bbox 3622 4383 3681 4438; x_wconf 89' lang='lat' dir='ltr'><strong>in</strong></span> 
     </span>
    </p>
   </div>
   <div class='ocr_carea' id='block_1_32' title="bbox 444 4460 3681 4539">
    <p class='ocr_par' dir='ltr' id='par_1_32' title="bbox 444 4460 3681 4539">
     <span class='ocr_line' id='line_1_32' title="bbox 444 4460 3681 4539; baseline 0.002 -15"><span class='ocrx_word' id='word_1_280' title='bbox 444 4482 606 4525; x_wconf 86' lang='lat' dir='ltr'><strong>suam</strong></span> <span class='ocrx_word' id='word_1_281' title='bbox 627 4465 1057 4521; x_wconf 88' lang='lat' dir='ltr'><strong>iucubrationem</strong></span> <span class='ocrx_word' id='word_1_282' title='bbox 1086 4460 1408 4517; x_wconf 82' lang='lat' dir='ltr'><strong>transferret</strong></span> <span class='ocrx_word' id='word_1_283' title='bbox 1431 4461 1566 4528; x_wconf 63' lang='grc' dir='ltr'><strong>μιϋί</strong></span> <span class='ocrx_word' id='word_1_284' title='bbox 1593 4476 1723 4517; x_wconf 80' lang='lat' dir='ltr'><strong>vero</strong></span> <span class='ocrx_word' id='word_1_285' title='bbox 1739 4461 1832 4517; x_wconf 88' lang='lat' dir='ltr'><strong>hic</strong></span> <span class='ocrx_word' id='word_1_286' title='bbox 1862 4461 2027 4516; x_wconf 85' lang='lat' dir='ltr'><strong>etiam</strong></span> <span class='ocrx_word' id='word_1_287' title='bbox 2058 4462 2335 4527; x_wconf 86' lang='lat' dir='ltr'><strong>deficeret,</strong></span> <span class='ocrx_word' id='word_1_288' title='bbox 2357 4464 2666 4534; x_wconf 85' lang='lat' dir='ltr'><strong>complures</strong></span> <span class='ocrx_word' id='word_1_289' title='bbox 2685 4466 2822 4523; x_wconf 89' lang='lat' dir='ltr'><strong>alios</strong></span> <span class='ocrx_word' id='word_1_290' title='bbox 2856 4477 2911 4523; x_wconf 86' lang='lat' dir='ltr'><strong>et</strong></span> <span class='ocrx_word' id='word_1_291' title='bbox 2930 4484 3124 4539; x_wconf 80' lang='lat' dir='ltr'><strong>graves</strong></span> <span class='ocrx_word' id='word_1_292' title='bbox 3142 4470 3516 4528; x_wconf 79' lang='lat' dir='ltr'><strong>Armeniorum</strong></span> <span class='ocrx_word' id='word_1_293' title='bbox 3540 4476 3681 4531; x_wconf 89' lang='lat' dir='ltr'><strong>seri-</strong></span> 
     </span>
    </p>
   </div>
   <div class='ocr_carea' id='block_1_33' title="bbox 444 4557 3677 4636">
    <p class='ocr_par' dir='ltr' id='par_1_33' title="bbox 444 4557 3677 4636">
     <span class='ocr_line' id='line_1_33' title="bbox 444 4557 3677 4636; baseline 0.002 -16"><span class='ocrx_word' id='word_1_294' title='bbox 444 4573 630 4636; x_wconf 85' lang='lat' dir='ltr'><strong>ptores</strong></span> <span class='ocrx_word' id='word_1_295' title='bbox 651 4569 1007 4633; x_wconf 68' lang='lat' dir='ltr'><strong>excerperet;</strong></span> <span class='ocrx_word' id='word_1_296' title='bbox 1039 4557 1107 4614; x_wconf 84' lang='lat' dir='ltr'><strong>ad</strong></span> <span class='ocrx_word' id='word_1_297' title='bbox 1136 4565 1438 4614; x_wconf 76' lang='lat' dir='ltr'><strong>extremum</strong></span> <span class='ocrx_word' id='word_1_298' title='bbox 1469 4573 1591 4629; x_wconf 58' lang='lat' dir='ltr'><strong>quae</strong></span> <span class='ocrx_word' id='word_1_299' title='bbox 1613 4557 1731 4628; x_wconf 88' lang='lat' dir='ltr'><strong>ipse</strong></span> <span class='ocrx_word' id='word_1_300' title='bbox 1763 4557 1997 4622; x_wconf 82' lang='lat' dir='ltr'><strong>viderat,</strong></span> <span class='ocrx_word' id='word_1_301' title='bbox 2020 4558 2466 4630; x_wconf 71' lang='lat' dir='ltr'><strong>chronographit&#39;e</strong></span> <span class='ocrx_word' id='word_1_302' title='bbox 2513 4564 2895 4621; x_wconf 89' lang='lat' dir='ltr'><strong>committeret.</strong></span> <span class='ocrx_word' id='word_1_303' title='bbox 2926 4565 3046 4622; x_wconf 86' lang='lat' dir='ltr'><strong>Non</strong></span> <span class='ocrx_word' id='word_1_304' title='bbox 3101 4583 3211 4623; x_wconf 90' lang='lat' dir='ltr'><strong>uno</strong></span> <span class='ocrx_word' id='word_1_305' title='bbox 3244 4576 3422 4625; x_wconf 90' lang='lat' dir='ltr'><strong>autem</strong></span> <span class='ocrx_word' id='word_1_306' title='bbox 3453 4571 3677 4627; x_wconf 88' lang='lat' dir='ltr'><strong>nomine</strong></span> 
     </span>
    </p>
   </div>
   <div class='ocr_carea' id='block_1_34' title="bbox 446 4648 3685 4728">
    <p class='ocr_par' dir='ltr' id='par_1_34' title="bbox 446 4648 3685 4728">
     <span class='ocr_line' id='line_1_34' title="bbox 446 4648 3685 4728; baseline 0.002 -17"><span class='ocrx_word' id='word_1_307' title='bbox 446 4657 767 4714; x_wconf 72' lang='lat' dir='ltr'><strong>Eusebianre</strong></span> <span class='ocrx_word' id='word_1_308' title='bbox 784 4656 1011 4713; x_wconf 83' lang='lat' dir='ltr'><strong>editioni</strong></span> <span class='ocrx_word' id='word_1_309' title='bbox 1045 4652 1264 4726; x_wconf 81' lang='lat' dir='ltr'><strong>prodest</strong></span> <span class='ocrx_word' id='word_1_310' title='bbox 1286 4648 1555 4708; x_wconf 85' lang='lat' dir='ltr'><strong>Samuelis</strong></span> <span class='ocrx_word' id='word_1_311' title='bbox 1584 4651 1924 4721; x_wconf 83' lang='lat' dir='ltr'><strong>conjunctio.</strong></span> <span class='ocrx_word' id='word_1_312' title='bbox 1952 4649 2196 4723; x_wconf 71' lang='lat' dir='ltr'><strong>Namque</strong></span> <span class='ocrx_word' id='word_1_313' title='bbox 2229 4654 2283 4708; x_wconf 92' lang='lat' dir='ltr'><strong>in</strong></span> <span class='ocrx_word' id='word_1_314' title='bbox 2321 4657 2511 4727; x_wconf 89' lang='lat' dir='ltr'><strong>primis</strong></span> <span class='ocrx_word' id='word_1_315' title='bbox 2538 4657 2707 4728; x_wconf 85' lang='lat' dir='ltr'><strong>priori</strong></span> <span class='ocrx_word' id='word_1_316' title='bbox 2741 4659 3020 4714; x_wconf 82' lang='lat' dir='ltr'><strong>Canonum</strong></span> <span class='ocrx_word' id='word_1_317' title='bbox 3046 4660 3479 4719; x_wconf 88' lang='lat' dir='ltr'><strong>Eusebianorum</strong></span> <span class='ocrx_word' id='word_1_318' title='bbox 3509 4665 3685 4720; x_wconf 87' lang='lat' dir='ltr'><strong>histo-</strong></span> 
     </span>
    </p>
   </div>
   <div class='ocr_carea' id='block_1_35' title="bbox 444 4742 3681 4827">
    <p class='ocr_par' dir='ltr' id='par_1_35' title="bbox 444 4742 3681 4827">
     <span class='ocr_line' id='line_1_35' title="bbox 444 4742 3681 4827; baseline 0.002 -20"><span class='ocrx_word' id='word_1_319' title='bbox 444 4752 541 4808; x_wconf 68' lang='lat' dir='ltr'><strong>ria:</strong></span> <span class='ocrx_word' id='word_1_320' title='bbox 570 4750 755 4822; x_wconf 83' lang='lat' dir='ltr'><strong>(quam</strong></span> <span class='ocrx_word' id='word_1_321' title='bbox 787 4764 962 4820; x_wconf 84' lang='lat' dir='ltr'><strong>prope</strong></span> <span class='ocrx_word' id='word_1_322' title='bbox 1007 4747 1170 4803; x_wconf 84' lang='lat' dir='ltr'><strong>stulte</strong></span> <span class='ocrx_word' id='word_1_323' title='bbox 1196 4745 1416 4817; x_wconf 88' lang='lat' dir='ltr'><strong>quidam</strong></span> <span class='ocrx_word' id='word_1_324' title='bbox 1447 4742 1626 4800; x_wconf 84' lang='lat' dir='ltr'><strong>critici</strong></span> <span class='ocrx_word' id='word_1_325' title='bbox 1676 4743 1790 4814; x_wconf 88' lang='lat' dir='ltr'><strong>jam</strong></span> <span class='ocrx_word' id='word_1_326' title='bbox 1821 4743 2067 4800; x_wconf 85' lang='lat' dir='ltr'><strong>lictitiam</strong></span> <span class='ocrx_word' id='word_1_327' title='bbox 2103 4747 2417 4819; x_wconf 88' lang='lat' dir='ltr'><strong>nullamque</strong></span> <span class='ocrx_word' id='word_1_328' title='bbox 2447 4765 2568 4804; x_wconf 82' lang='lat' dir='ltr'><strong>esse</strong></span> <span class='ocrx_word' id='word_1_329' title='bbox 2589 4749 2871 4823; x_wconf 87' lang='lat' dir='ltr'><strong>putabant)</strong></span> <span class='ocrx_word' id='word_1_330' title='bbox 2902 4754 3270 4809; x_wconf 90' lang='lat' dir='ltr'><strong>testimonium</strong></span> <span class='ocrx_word' id='word_1_331' title='bbox 3296 4758 3681 4827; x_wconf 83' lang='lat' dir='ltr'><strong>gravissimum</strong></span> 
     </span>
    </p>
   </div>
   <div class='ocr_carea' id='block_1_36' title="bbox 446 4835 3684 4913">
    <p class='ocr_par' dir='ltr' id='par_1_36' title="bbox 446 4835 3684 4913">
     <span class='ocr_line' id='line_1_36' title="bbox 446 4835 3684 4913; baseline 0.002 -15"><span class='ocrx_word' id='word_1_332' title='bbox 446 4841 841 4910; x_wconf 82' lang='lat' dir='ltr'><strong>tndubiumque</strong></span> <span class='ocrx_word' id='word_1_333' title='bbox 866 4839 1055 4911; x_wconf 88' lang='lat' dir='ltr'><strong>adjicit</strong></span> <span class='ocrx_word' id='word_1_334' title='bbox 1097 4836 1339 4903; x_wconf 80' lang='lat' dir='ltr'><strong>Samuel,</strong></span> <span class='ocrx_word' id='word_1_335' title='bbox 1360 4837 1489 4892; x_wconf 91' lang='lat' dir='ltr'><strong>dum</strong></span> <span class='ocrx_word' id='word_1_336' title='bbox 1528 4842 1586 4891; x_wconf 88' lang='lat' dir='ltr'><strong>et</strong></span> <span class='ocrx_word' id='word_1_337' title='bbox 1605 4835 1727 4905; x_wconf 86' lang='lat' dir='ltr'><strong>ejus</strong></span> <span class='ocrx_word' id='word_1_338' title='bbox 1754 4838 2080 4909; x_wconf 73' lang='lat' dir='ltr'><strong>pmmmium</strong></span> <span class='ocrx_word' id='word_1_339' title='bbox 2119 4850 2288 4909; x_wconf 87' lang='lat' dir='ltr'><strong>prope</strong></span> <span class='ocrx_word' id='word_1_340' title='bbox 2317 4840 2386 4895; x_wconf 85' lang='lat' dir='ltr'><strong>ad</strong></span> <span class='ocrx_word' id='word_1_341' title='bbox 2409 4841 2640 4897; x_wconf 85' lang='lat' dir='ltr'><strong>litteram</strong></span> <span class='ocrx_word' id='word_1_342' title='bbox 2672 4844 2946 4913; x_wconf 77' lang='lat' dir='ltr'><strong>exprimit,</strong></span> <span class='ocrx_word' id='word_1_343' title='bbox 2964 4852 3018 4901; x_wconf 89' lang='lat' dir='ltr'><strong>et</strong></span> <span class='ocrx_word' id='word_1_344' title='bbox 3050 4860 3139 4900; x_wconf 89' lang='lat' dir='ltr'><strong>res</strong></span> <span class='ocrx_word' id='word_1_345' title='bbox 3159 4845 3482 4905; x_wconf 88' lang='lat' dir='ltr'><strong>Chaldaicas</strong></span> <span class='ocrx_word' id='word_1_346' title='bbox 3537 4867 3601 4905; x_wconf 86' lang='lat' dir='ltr'><strong>se</strong></span> <span class='ocrx_word' id='word_1_347' title='bbox 3626 4853 3684 4909; x_wconf 93' lang='lat' dir='ltr'><strong>in</strong></span> 
     </span>
    </p>
   </div>
   <div class='ocr_carea' id='block_1_37' title="bbox 445 4927 3689 5011">
    <p class='ocr_par' dir='ltr' id='par_1_37' title="bbox 445 4927 3689 5011">
     <span class='ocr_line' id='line_1_37' title="bbox 445 4927 3689 5011; baseline 0.003 -23"><span class='ocrx_word' id='word_1_348' title='bbox 445 4932 705 5003; x_wconf 61' lang='lat' dir='ltr'><strong>pradicto</strong></span> <span class='ocrx_word' id='word_1_349' title='bbox 726 4931 864 4987; x_wconf 85' lang='lat' dir='ltr'><strong>libro</strong></span> <span class='ocrx_word' id='word_1_350' title='bbox 885 4932 1083 5002; x_wconf 83' lang='lat' dir='ltr'><strong>legisse</strong></span> <span class='ocrx_word' id='word_1_351' title='bbox 1112 4936 1527 4994; x_wconf 79' lang='lat' dir='ltr'><strong>commemorat,</strong></span> <span class='ocrx_word' id='word_1_352' title='bbox 1552 4935 1607 4983; x_wconf 92' lang='lat' dir='ltr'><strong>et</strong></span> <span class='ocrx_word' id='word_1_353' title='bbox 1634 4927 1779 4983; x_wconf 89' lang='lat' dir='ltr'><strong>unde</strong></span> <span class='ocrx_word' id='word_1_354' title='bbox 1801 4928 2068 4986; x_wconf 88' lang='lat' dir='ltr'><strong>Eusebius</strong></span> <span class='ocrx_word' id='word_1_355' title='bbox 2088 4928 2415 4986; x_wconf 83' lang='lat' dir='ltr'><strong>Hebraicam</strong></span> <span class='ocrx_word' id='word_1_356' title='bbox 2441 4933 2845 5005; x_wconf 86' lang='lat' dir='ltr'><strong>chronologiam</strong></span> <span class='ocrx_word' id='word_1_357' title='bbox 2888 4937 2959 4991; x_wconf 83' lang='lat' dir='ltr'><strong>sit</strong></span> <span class='ocrx_word' id='word_1_358' title='bbox 2990 4952 3220 4994; x_wconf 78' lang='lat' dir='ltr'><strong>exorsus</strong></span> <span class='ocrx_word' id='word_1_359' title='bbox 3250 4939 3430 5005; x_wconf 86' lang='lat' dir='ltr'><strong>docet,</strong></span> <span class='ocrx_word' id='word_1_360' title='bbox 3456 4949 3509 4996; x_wconf 94' lang='lat' dir='ltr'><strong>et</strong></span> <span class='ocrx_word' id='word_1_361' title='bbox 3535 4944 3689 5011; x_wconf 86' lang='lat' dir='ltr'><strong>ejus-</strong></span> 
     </span>
    </p>
   </div>
   <div class='ocr_carea' id='block_1_38' title="bbox 445 5019 3689 5104">
    <p class='ocr_par' dir='ltr' id='par_1_38' title="bbox 445 5019 3689 5104">
     <span class='ocr_line' id='line_1_38' title="bbox 445 5019 3689 5104; baseline 0.002 -26"><span class='ocrx_word' id='word_1_362' title='bbox 445 5025 570 5080; x_wconf 82' lang='lat' dir='ltr'><strong>dem</strong></span> <span class='ocrx_word' id='word_1_363' title='bbox 600 5024 842 5078; x_wconf 88' lang='lat' dir='ltr'><strong>imitator</strong></span> <span class='ocrx_word' id='word_1_364' title='bbox 868 5022 994 5083; x_wconf 76' lang='grc' dir='ltr'><strong>τοὺς</strong></span> <span class='ocrx_word' id='word_1_365' title='bbox 1031 5019 1172 5073; x_wconf 78' lang='lat' dir='ltr'><strong>LXX</strong></span> <span class='ocrx_word' id='word_1_366' title='bbox 1196 5019 1496 5075; x_wconf 80' lang='lat' dir='ltr'><strong>Bibliorum</strong></span> <span class='ocrx_word' id='word_1_367' title='bbox 1525 5020 1850 5090; x_wconf 87' lang='lat' dir='ltr'><strong>interpretes</strong></span> <span class='ocrx_word' id='word_1_368' title='bbox 1872 5023 2102 5090; x_wconf 85' lang='lat' dir='ltr'><strong>pressim</strong></span> <span class='ocrx_word' id='word_1_369' title='bbox 2134 5024 2441 5093; x_wconf 88' lang='lat' dir='ltr'><strong>sequendos</strong></span> <span class='ocrx_word' id='word_1_370' title='bbox 2463 5025 2756 5092; x_wconf 75' lang='lat' dir='ltr'><strong>existimat,</strong></span> <span class='ocrx_word' id='word_1_371' title='bbox 2785 5034 2840 5082; x_wconf 92' lang='lat' dir='ltr'><strong>et</strong></span> <span class='ocrx_word' id='word_1_372' title='bbox 2875 5028 3001 5084; x_wconf 88' lang='lat' dir='ltr'><strong>illas</strong></span> <span class='ocrx_word' id='word_1_373' title='bbox 3023 5030 3212 5101; x_wconf 80' lang='lat' dir='ltr'><strong>viginti</strong></span> <span class='ocrx_word' id='word_1_374' title='bbox 3240 5036 3585 5104; x_wconf 66' lang='lat' dir='ltr'><strong>geneafogias</strong></span> <span class='ocrx_word' id='word_1_375' title='bbox 3617 5039 3689 5094; x_wconf 74' lang='lat' dir='ltr'><strong>ab</strong></span> 
     </span>
    </p>
   </div>
   <div class='ocr_carea' id='block_1_39' title="bbox 445 5114 3688 5199">
    <p class='ocr_par' dir='ltr' id='par_1_39' title="bbox 445 5114 3688 5199">
     <span class='ocr_line' id='line_1_39' title="bbox 445 5114 3688 5199; baseline 0.002 -23"><span class='ocrx_word' id='word_1_376' title='bbox 445 5118 635 5176; x_wconf 77' lang='lat' dir='ltr'><strong>eodem</strong></span> <span class='ocrx_word' id='word_1_377' title='bbox 667 5114 903 5171; x_wconf 81' lang='lat' dir='ltr'><strong>Eusebio</strong></span> <span class='ocrx_word' id='word_1_378' title='bbox 927 5121 1206 5168; x_wconf 85' lang='lat' dir='ltr'><strong>mutuatur</strong></span> <span class='ocrx_word' id='word_1_379' title='bbox 1245 5132 1260 5169; x_wconf 90' lang='lat'><strong>:</strong></span> <span class='ocrx_word' id='word_1_380' title='bbox 1302 5129 1613 5185; x_wconf 84' lang='lat' dir='ltr'><strong>quanquam</strong></span> <span class='ocrx_word' id='word_1_381' title='bbox 1649 5115 1767 5184; x_wconf 88' lang='lat' dir='ltr'><strong>ipse</strong></span> <span class='ocrx_word' id='word_1_382' title='bbox 1795 5114 2013 5169; x_wconf 86' lang='lat' dir='ltr'><strong>demum</strong></span> <span class='ocrx_word' id='word_1_383' title='bbox 2062 5115 2495 5183; x_wconf 87' lang='lat' dir='ltr'><strong>patriarcharum</strong></span> <span class='ocrx_word' id='word_1_384' title='bbox 2545 5133 2742 5175; x_wconf 76' lang='lat' dir='ltr'><strong>uxores</strong></span> <span class='ocrx_word' id='word_1_385' title='bbox 2789 5129 2980 5190; x_wconf 85' lang='lat' dir='ltr'><strong>sponte</strong></span> <span class='ocrx_word' id='word_1_386' title='bbox 3021 5125 3212 5179; x_wconf 88' lang='lat' dir='ltr'><strong>inserit</strong></span> <span class='ocrx_word' id='word_1_387' title='bbox 3252 5143 3319 5180; x_wconf 78' lang='lat' dir='ltr'><strong>ex</strong></span> <span class='ocrx_word' id='word_1_388' title='bbox 3362 5128 3542 5199; x_wconf 89' lang='lat' dir='ltr'><strong>aliquo</strong></span> <span class='ocrx_word' id='word_1_389' title='bbox 3573 5130 3688 5184; x_wconf 80' lang='lat' dir='ltr'><strong>for-</strong></span> 
     </span>
    </p>
   </div>
   <div class='ocr_carea' id='block_1_40' title="bbox 446 5206 3687 5288">
    <p class='ocr_par' dir='ltr' id='par_1_40' title="bbox 446 5206 3687 5288">
     <span class='ocr_line' id='line_1_40' title="bbox 446 5206 3687 5288; baseline 0.003 -18"><span class='ocrx_word' id='word_1_390' title='bbox 446 5228 594 5272; x_wconf 86' lang='lat' dir='ltr'><strong>tasse</strong></span> <span class='ocrx_word' id='word_1_391' title='bbox 647 5210 860 5268; x_wconf 78' lang='lat' dir='ltr'><strong>Veteris</strong></span> <span class='ocrx_word' id='word_1_392' title='bbox 911 5206 1247 5265; x_wconf 75' lang='lat' dir='ltr'><strong>Testamenti</strong></span> <span class='ocrx_word' id='word_1_393' title='bbox 1297 5210 1775 5280; x_wconf 84' lang='lat' dir='ltr'><strong>pseudepigrapho</strong></span> <span class='ocrx_word' id='word_1_394' title='bbox 1801 5209 1966 5277; x_wconf 85' lang='lat' dir='ltr'><strong>libro,</strong></span> <span class='ocrx_word' id='word_1_395' title='bbox 2018 5208 2236 5264; x_wconf 81' lang='lat' dir='ltr'><strong>erudita</strong></span> <span class='ocrx_word' id='word_1_396' title='bbox 2265 5213 2585 5269; x_wconf 85' lang='lat' dir='ltr'><strong>curiositate</strong></span> <span class='ocrx_word' id='word_1_397' title='bbox 2625 5215 2862 5271; x_wconf 88' lang='lat' dir='ltr'><strong>delectas</strong></span> <span class='ocrx_word' id='word_1_398' title='bbox 2904 5215 3002 5288; x_wconf 91' lang='lat' dir='ltr'><strong>(a).</strong></span> <span class='ocrx_word' id='word_1_399' title='bbox 3050 5217 3193 5285; x_wconf 86' lang='lat' dir='ltr'><strong>Quid</strong></span> <span class='ocrx_word' id='word_1_400' title='bbox 3225 5223 3452 5277; x_wconf 82' lang='lat' dir='ltr'><strong>autem?</strong></span> <span class='ocrx_word' id='word_1_401' title='bbox 3502 5239 3687 5280; x_wconf 80' lang='lat' dir='ltr'><strong>nonne</strong></span> 
     </span>
    </p>
   </div>
   <div class='ocr_carea' id='block_1_41' title="bbox 447 5301 3688 5383">
    <p class='ocr_par' dir='ltr' id='par_1_41' title="bbox 447 5301 3688 5383">
     <span class='ocr_line' id='line_1_41' title="bbox 447 5301 3688 5383; baseline 0.004 -23"><span class='ocrx_word' id='word_1_402' title='bbox 447 5305 667 5362; x_wconf 75' lang='lat' dir='ltr'><strong>Samuel</strong></span> <span class='ocrx_word' id='word_1_403' title='bbox 699 5302 987 5359; x_wconf 75' lang='lat' dir='ltr'><strong>emendare</strong></span> <span class='ocrx_word' id='word_1_404' title='bbox 1020 5301 1312 5357; x_wconf 82' lang='lat' dir='ltr'><strong>Eusebium</strong></span> <span class='ocrx_word' id='word_1_405' title='bbox 1349 5302 1722 5367; x_wconf 83' lang='lat' dir='ltr'><strong>videtur,cum</strong></span> <span class='ocrx_word' id='word_1_406' title='bbox 1747 5301 2046 5357; x_wconf 88' lang='lat' dir='ltr'><strong>Cainanum</strong></span> <span class='ocrx_word' id='word_1_407' title='bbox 2078 5301 2257 5374; x_wconf 85' lang='lat' dir='ltr'><strong>(cujus</strong></span> <span class='ocrx_word' id='word_1_408' title='bbox 2289 5302 2554 5360; x_wconf 86' lang='lat' dir='ltr'><strong>Eusebius</strong></span> <span class='ocrx_word' id='word_1_409' title='bbox 2583 5308 2770 5364; x_wconf 91' lang='lat' dir='ltr'><strong>omissi</strong></span> <span class='ocrx_word' id='word_1_410' title='bbox 2800 5324 2967 5365; x_wconf 89' lang='lat' dir='ltr'><strong>causa</strong></span> <span class='ocrx_word' id='word_1_411' title='bbox 2983 5319 3062 5366; x_wconf 89' lang='lat' dir='ltr'><strong>tot</strong></span> <span class='ocrx_word' id='word_1_412' title='bbox 3083 5313 3313 5383; x_wconf 85' lang='lat' dir='ltr'><strong>Syncelli</strong></span> <span class='ocrx_word' id='word_1_413' title='bbox 3340 5317 3688 5373; x_wconf 83' lang='lat' dir='ltr'><strong>criminatio-</strong></span> 
     </span>
    </p>
   </div>
   <div class='ocr_carea' id='block_1_42' title="bbox 446 5394 3684 5480">
    <p class='ocr_par' dir='ltr' id='par_1_42' title="bbox 446 5394 3684 5480">
     <span class='ocr_line' id='line_1_42' title="bbox 446 5394 3684 5480; baseline 0.002 -24"><span class='ocrx_word' id='word_1_414' title='bbox 446 5401 607 5456; x_wconf 78' lang='lat' dir='ltr'><strong>nibus</strong></span> <span class='ocrx_word' id='word_1_415' title='bbox 627 5396 820 5471; x_wconf 82' lang='lat' dir='ltr'><strong>patuit)</strong></span> <span class='ocrx_word' id='word_1_416' title='bbox 840 5397 895 5452; x_wconf 91' lang='lat' dir='ltr'><strong>in</strong></span> <span class='ocrx_word' id='word_1_417' title='bbox 915 5395 1346 5468; x_wconf 83' lang='lat' dir='ltr'><strong>patriarcharum</strong></span> <span class='ocrx_word' id='word_1_418' title='bbox 1366 5395 1557 5451; x_wconf 83' lang='lat' dir='ltr'><strong>ordine</strong></span> <span class='ocrx_word' id='word_1_419' title='bbox 1582 5395 1959 5453; x_wconf 85' lang='lat' dir='ltr'><strong>collocandum</strong></span> <span class='ocrx_word' id='word_1_420' title='bbox 1981 5394 2357 5454; x_wconf 80' lang='lat' dir='ltr'><strong>demonstrati</strong></span> <span class='ocrx_word' id='word_1_421' title='bbox 2398 5396 2591 5455; x_wconf 79' lang='lat' dir='ltr'><strong>Nonne</strong></span> <span class='ocrx_word' id='word_1_422' title='bbox 2628 5402 2847 5458; x_wconf 86' lang='lat' dir='ltr'><strong>nomina</strong></span> <span class='ocrx_word' id='word_1_423' title='bbox 2872 5403 2988 5460; x_wconf 77' lang='lat' dir='ltr'><strong>sive</strong></span> <span class='ocrx_word' id='word_1_424' title='bbox 3010 5406 3236 5477; x_wconf 34' lang='lat' dir='ltr'><strong>propria.</strong></span> <span class='ocrx_word' id='word_1_425' title='bbox 3275 5407 3392 5465; x_wconf 83' lang='lat' dir='ltr'><strong>sive</strong></span> <span class='ocrx_word' id='word_1_426' title='bbox 3426 5410 3645 5480; x_wconf 81' lang='lat' dir='ltr'><strong>gentilia</strong></span> <span class='ocrx_word' id='word_1_427' title='bbox 3662 5441 3684 5471; x_wconf 82' lang='grc'><strong>.</strong></span> 
     </span>
    </p>
   </div>
   <div class='ocr_carea' id='block_1_43' title="bbox 516 5551 2584 5627">
    <p class='ocr_par' dir='ltr' id='par_1_43' title="bbox 516 5551 2584 5627">
     <span class='ocr_line' id='line_1_43' title="bbox 516 5551 2584 5627; baseline 0.001 -19"><span class='ocrx_word' id='word_1_428' title='bbox 516 5554 596 5627; x_wconf 86' lang='lat' dir='ltr'><strong>(a)</strong></span> <span class='ocrx_word' id='word_1_429' title='bbox 622 5553 842 5627; x_wconf 78' lang='lat' dir='ltr'><strong>Legesis</strong></span> <span class='ocrx_word' id='word_1_430' title='bbox 877 5551 1148 5610; x_wconf 83' lang='lat' dir='ltr'><strong>Samuelis</strong></span> <span class='ocrx_word' id='word_1_431' title='bbox 1176 5551 1463 5624; x_wconf 85' lang='lat' dir='ltr'><strong>prologum</strong></span> <span class='ocrx_word' id='word_1_432' title='bbox 1507 5560 1563 5609; x_wconf 90' lang='lat' dir='ltr'><strong>et</strong></span> <span class='ocrx_word' id='word_1_433' title='bbox 1610 5552 1812 5622; x_wconf 83' lang='lat' dir='ltr'><strong>prioris</strong></span> <span class='ocrx_word' id='word_1_434' title='bbox 1840 5552 2011 5624; x_wconf 86' lang='lat' dir='ltr'><strong>partis</strong></span> <span class='ocrx_word' id='word_1_435' title='bbox 2048 5552 2223 5624; x_wconf 86' lang='lat' dir='ltr'><strong>prima</strong></span> <span class='ocrx_word' id='word_1_436' title='bbox 2258 5554 2434 5627; x_wconf 85' lang='lat' dir='ltr'><strong>capita</strong></span> <span class='ocrx_word' id='word_1_437' title='bbox 2458 5554 2584 5611; x_wconf 66' lang='lat' dir='ltr'><strong>duo;</strong></span> 
     </span>
    </p>
   </div>
  </div>
