3940 6208
124 310 246 368 601
1322 311 1645 369 SAMUELE

1836 314 1952 372 KNS!
1989 315 2380 374 PBEFATIO.
3281 327 3392 383 603

121 440 336 480 nonne
353 438 617 479 annorum
639 432 817 492 notas,
834 439 1017 480 nonne
1032 426 1137 480 alia
1151 427 1431 498 complura
1447 444 1567 499 qua
1582 429 1638 483 in
1652 427 1871 485 Eusebii
1889 429 2172 486 codicibus
2209 431 2392 487 luxata
2432 434 2674 498 luerunt,
2706 441 2855 491 recte
2884 433 3102 493 Samuel
3117 439 3390 498 interdum

119 516 474 573 constituit?
508 515 752 588 Denique
805 517 873 571 ad
901 516 1119 574 Eusebii
1151 521 1339 575 crisim
1362 520 1489 591 quid
1513 536 1623 576 non
1678 520 1768 576 hic
1809 520 2056 577 conferat
2107 531 2318 588 auctor,
2366 524 2460 594 qui
2508 523 2671 579 modo
2711 523 3002 581 Eusebium
3045 527 3113 583 ab
3153 545 3213 586 se
3253 547 3391 602 pene

115 612 387 665 exscrihi
415 609 701 666 conﬁrmat
735 611 809 683 (a)
836 630 851 680 ;
885 612 1045 703 modo
1075 614 1248 670 eidem
1275 615 1349 669 ita
1379 631 1438 671 se
1461 615 1706 671 innixum
1738 615 1961 682 fatetur,
1999 625 2077 686 ut,
2111 632 2176 674 eo
2205 618 2495 684 subducto,
2548 620 2684 675 nihil
2724 621 2964 678 scribere
2978 623 3152 693 possit
3180 623 3291 698 (b)?

203 723 282 781 ll.
324 724 588 782 Samuelis
610 734 813 798 patria,
844 730 1035 784 notitia
1065 732 1232 800 operis
1262 742 1313 787 et
1358 731 1642 789 Hrecenas.
1672 764 1739 776 ——
1774 732 1883 789 Sed
1913 734 2233 805 priusquam
2265 734 2333 792 de
2361 736 2648 808 multiplici
2677 736 2945 795 Samuelis
2972 741 3202 797 utilitate
3240 742 3391 797 dica-

122 834 297 881 mus.
329 835 510 890 opera
533 823 768 892 pretium
808 832 890 880 est
921 823 990 879 de
1018 824 1139 896 ipso
1187 826 1404 882 homine
1457 838 1513 882 et
1560 828 1629 882 de
1680 827 1982 890 codicibus.
2048 828 2194 885 unde
2239 844 2377 899 opus
2424 831 2784 901 protrahitur,
2838 847 3052 888 summa
3097 849 3225 889 cum
3265 835 3390 891 bre-

117 920 311 968 vitate
341 915 633 971 disserere.
688 915 981 982 Samuelis,
1028 917 1294 987 dignitate
1326 919 1650 991 presbyteri,
1704 920 1883 990 patria
1917 919 2023 974 fuit
2049 919 2210 989 Ania,
2242 921 2514 979 Armenia
2557 923 2690 979 urbs
2742 923 2807 979 ad
2838 924 3040 980 flumen
3089 927 3389 985 Achurium

130 1008 283 1071 sita,
324 1006 383 1061 in
414 1022 480 1064 ea
517 1010 814 1079 provincia
838 1009 1108 1065 Araratia
1138 1011 1357 1081 regione
1385 1026 1545 1079 quam
1570 1009 1861 1081 geographi
1885 1008 2077 1065 dicunt
2117 1009 2406 1069 Siraciam.
2451 1011 2577 1068 Hae
2627 1012 2765 1067 Ania
2786 1028 2912 1068 cum
2941 1029 3087 1069 nono
3116 1015 3388 1073 Christia-

116 1115 219 1156 nas
249 1114 378 1157 ara
407 1103 610 1158 saculo
631 1118 739 1158 non
768 1103 982 1158 modica
1015 1103 1347 1159 incrementa
1370 1103 1691 1173 accepisset,
1723 1110 2012 1174 propterea
2042 1103 2188 1174 quod
2221 1103 2567 1175 Bagratuniis
2597 1105 2936 1177 principibus
2968 1108 3171 1177 regiam
3204 1108 3390 1165 sedem

131 1200 441 1273 praberet,
463 1200 681 1255 decimo
706 1199 923 1269 quidem
950 1198 1347 1270 undecimoque
1375 1200 1574 1255 saculo
1595 1213 1704 1255 tam
1738 1200 1993 1273 frequens
2012 1212 2234 1272 tamque
2251 1201 2533 1271 splendida
2589 1201 2786 1267 evasit,
2823 1210 2884 1256 ut
2934 1203 3128 1259 domos
3165 1212 3389 1260 centum

127 1298 319 1361 inille,
349 1296 547 1367 templa
577 1303 758 1351 autem
778 1295 900 1365 plus
919 1295 1066 1350 mille
1090 1295 1347 1351 habuisse
1370 1294 1580 1350 feratur
1606 1294 1697 1366 (ε).
1728 1295 1898 1352 Porro
1928 1296 2046 1353 hac
2067 1297 2203 1353 urbs
2219 1297 2507 1367 diligenter
2526 1294 2861 1351 secernenda
2888 1302 2971 1352 est
2998 1297 3067 1352 ab
3090 1297 3231 1352 Anio
3259 1311 3390 1369 pro-

116 1389 361 1453 vincia,
392 1404 511 1460 qua
524 1388 727 1443 dicitur
751 1388 860 1443 alta
882 1387 1161 1457 Armenia,
1204 1389 1429 1445 castello
1455 1388 1601 1460 quod
1632 1388 1810 1446 Moses
1840 1390 2207 1447 Chorenensis
2238 1398 2624 1446 commemorat
2644 1389 2746 1461 (d).
2775 1389 2888 1461 Age
2918 1406 3049 1447 vero
3081 1393 3253 1463 ipsius
3286 1390 3391 1451 Sa.

117 1482 342 1539 muelis
368 1481 766 1553 chronographi
793 1480 1123 1536 mentionem
1155 1479 1362 1536 faciunt
1387 1482 1623 1553 primum
1646 1482 1865 1553 quidem
1916 1483 2162 1539 Armenii
2213 1484 2510 1555 scriptores
2552 1483 2816 1555 Cyriacus
2853 1482 3251 1555 Ganzaghenus
3284 1503 3389 1546 sa-

120 1580 249 1634 culi
309 1594 409 1633 xnt
465 1578 661 1645 homo;
731 1576 927 1632 iterum
982 1583 1241 1647 sequente
1298 1579 1501 1634 saculo
1561 1579 1643 1633 vir
1691 1580 1941 1635 eruditus
1988 1577 2279 1635 Vardanus
2322 1577 2839 1645 Barzerberdensis;
2894 1586 3124 1650 uterque
3172 1580 3228 1635 in
3270 1583 3388 1640 suis

124 1671 403 1728 Haicanis
423 1671 703 1726 historiis:
732 1670 967 1740 denique
1012 1680 1284 1739 postrema
1317 1677 1476 1726 atate
1507 1669 1795 1740 Serposius
1828 1673 1882 1725 iu
1912 1670 2249 1727 Armeniaca
2276 1670 2517 1726 historia
2548 1674 2892 1743 compendio,
2921 1675 3084 1746 quod,
3120 1678 3389 1748 scriptore

129 1779 279 1820 usus
306 1778 578 1835 anonymo
609 1761 806 1829 amico,
841 1761 1104 1830 impensis
1124 1760 1494 1831 subsidiisque
1521 1761 1774 1817 maximis
1804 1761 2111 1825 adornavit,
2144 1760 2419 1816 Samuelis
2464 1762 2757 1820 chronicos
2812 1779 3054 1821 canones
3082 1766 3233 1835 justo
3262 1767 3383 1838 qui-

125 1860 262 1913 dem
308 1859 513 1919 rarius.
544 1857 641 1914 sed
685 1866 868 1912 tamen
896 1856 1184 1927 aliquoties
1223 1856 1532 1926 compellat.
1575 1854 1844 1913 Praterea
1868 1855 2136 1912 Gallicani
2165 1855 2373 1926 aliquot
2421 1855 2665 1926 perdocti
2700 1858 2951 1915 homines
2981 1858 3189 1914 codicis
3234 1859 3387 1914 Pari-

127 1948 272 2002 siaci
305 1948 497 2003 notitia
528 1949 636 2013 usi,
670 1962 770 2003 nec
799 1948 1040 2019 segniter
1078 1962 1180 2003 nec
1212 1946 1583 2018 perfunctorie
1613 1945 1921 2004 Samuelem
1966 1956 2217 2004 nostrum
2264 1949 2664 2004 commendant.
2720 1949 2937 2007 Primus
2986 1952 3039 2007 in
3098 1952 3184 2008 bis
3215 1951 3385 2016 Yille-

132 2040 336 2112 froyus
391 2037 663 2096 Samuelis
716 2038 1028 2094 Chronieon
1072 2038 1485 2110 diligentissime
1528 2041 1907 2105 contrectavit,
1959 2050 2122 2111 atque
2159 2041 2343 2111 operis
2388 2042 2632 2098 universi
2680 2043 2948 2099 rationem
3010 2045 3263 2115 exposuit
3291 2045 3382 2119 (e).

143 2135 290 2189 Exin
341 2132 622 2206 Villefroyi
676 2133 894 2190 schedis
928 2134 1232 2189 instructus
1282 2131 1539 2189 Freretus
1576 2132 1848 2191 Samuelis
1884 2135 2294 2207 chronologiam
2337 2151 2462 2191 cum
2512 2136 2691 2193 fructu
2750 2140 3035 2210 ursurpavit
3087 2140 3144 2195 in
3172 2141 3383 2197 disser-

134 2232 352 2285 tatione
381 2229 457 2284 De
508 2247 647 2285 anno
703 2230 1013 2284 Armeniaca
1057 2228 1144 2301 (Ι).
1194 2228 1299 2285 Sed
1347 2231 1491 2285 enim
1542 2246 1704 2286 nemo
1749 2229 2061 2286 afﬂuentius
2114 2232 2508 2288 laudabiliusve
2566 2231 2930 2291 Samuelianis
2984 2234 3160 2305 copiis
3217 2242 3389 2292 semet

143 2328 460 2390 exornavit,
497 2342 662 2396 quam
688 2326 1021 2383 novissimus
1049 2325 1468 2404 Sammartinius
1492 2324 1589 2397 (g),
1618 2326 1703 2380 vir
1743 2328 2085 2383 orientalium
2136 2326 2443 2385 studiorum
2481 2336 2666 2383 nostra
2712 2337 2869 2385 atate
2900 2328 3383 2400 prudentissimus,

129 2422 227 2492 qui
261 2421 331 2476 de
365 2420 636 2475 Armenia
676 2419 902 2475 historia
942 2425 998 2475 et
1042 2417 1370 2490 geographia
1422 2434 1576 2490 aeque
1610 2419 1749 2475 bene
1789 2419 1872 2475 vel
1921 2420 2086 2475 etiam
2151 2420 2430 2490 copiosius
2472 2420 2771 2476 meriturus
2818 2428 2924 2487 est,
2965 2435 3127 2491 quam
3163 2421 3255 2478 ille
3291 2422 3386 2477 diu

129 2515 511 2573 memorabilis
558 2514 971 2571 Sancticrucius
1024 2514 1093 2569 de
1144 2514 1438 2570 Alexandri
1497 2516 1667 2586 gestis
1721 2524 1886 2585 atque
1941 2515 2326 2587 scriptoribus.
2366 2514 2485 2571 Jam
2530 2532 2597 2572 ex
2648 2517 2767 2587 ipso
2813 2520 2997 2573 statim
3062 2520 3288 2590 prologo
3330 2525 3387 2574 et

132 2626 265 2666 mox
328 2626 361 2667 e
420 2612 620 2681 prioris
668 2611 841 2682 partis
884 2610 1244 2665 conclusione
1291 2610 1695 2680 cognoscimus,
1753 2608 2057 2667 Samuelem
2113 2610 2439 2681 patriarcha
2488 2609 2736 2681 Gregorii
2783 2614 3038 2681 precibus
3099 2621 3384 2669 exoratum

132 2706 281 2760 hanc
330 2707 685 2761 summariam
731 2715 1037 2774 temporum
1063 2704 1447 2758 tractationem
1483 2705 1810 2775 scripsisse:
1847 2703 1944 2760 sed
1992 2710 2078 2759 est
2123 2703 2417 2760 obscurum
2450 2703 2519 2757 ad
2559 2718 2719 2772 quem
2763 2701 3082 2772 Gregorium
3114 2703 3386 2762 Samuelis

130 2803 301 2854 verba
332 2799 657 2870 pertineant.
693 2796 945 2853 Profecto
978 2796 1227 2853 nonnulli
1267 2798 1509 2868 cogitant
1533 2799 1601 2854 de
1625 2798 1890 2867 Gregorio
1919 2798 2033 2862 illo,
2069 2797 2162 2868 qui
2199 2812 2344 2853 anno
2370 2795 2576 2853 Christi
2611 2795 2752 2850 1116
2792 2796 3000 2851 electus
3028 2805 3112 2852 est
3142 2796 3384 2868 vixitque

134 2894 191 2947 in
239 2893 556 2962 pontificatu
583 2905 757 2945 annos
799 2905 929 2954 un;
973 2904 1074 2944 nos
1123 2896 1307 2943 tamen
1342 2887 1633 2944 Samuelis.
1661 2890 1859 2944 librum
1889 2887 2153 2959 Gregorio
2203 2889 2386 2959 potius
2414 2888 2621 2958 juniori
2651 2888 2893 2943 oblatum
2943 2904 3253 2951 censemus,
3287 2890 3379 2960 qui

132 2988 292 3043 Nersi
330 2987 566 3042 Claiensi
597 2986 865 3043 successit
895 2998 1040 3037 anno
1064 2981 1202 3037 H76
1232 3000 1247 3037 :
1281 2981 1440 3052 cujus
1482 2983 1560 3037 rei
1592 2984 1860 3053 permulta
1907 2983 2105 3038 indicia
2145 2991 2296 3045 sunt,
2327 2967 2422 3038 sed
2457 2982 2586 3037 illud
2620 2983 2780 3053 longe
2818 2982 3204 3047 certissimum,
3236 2984 3382 3058 quod

131 3080 396 3135 nimirum
432 3077 649 3132 Samuel
688 3082 885 3145 quarto
933 3071 1181 3141 Gregorii
1206 3071 1465 3141 iunioris,
1504 3088 1601 3129 seu
1646 3072 1871 3145 Degha,
1921 3088 2065 3128 anno
2106 3072 2515 3145 chronologiam
2556 3087 2585 3127 a
2614 3088 2675 3129 se
2716 3073 3035 3129 adornatam
3083 3076 3378 3142 concludit,

130 3178 215 3233 uti
251 3191 376 3230 mox
430 3172 712 3230 evidenter
766 3168 1106 3224 docebimus.

206 3289 295 3344 lll.
330 3286 661 3345 Samueliaui
690 3285 970 3339 summarii
1003 3282 1231 3338 codices.
1266 3314 1337 3323 —
1369 3284 1766 3337 Chronieorum
1804 3282 2075 3339 Samuelis
2103 3299 2376 3340 canonum
2403 3285 2621 3340 codices
2668 3285 2811 3340 haud
2863 3284 3232 3356 infrequentes
3285 3302 3381 3343 oc-

131 3391 366 3442 currunt
398 3400 412 3435 :
440 3395 565 3434 nam
607 3384 803 3450 prater
847 3377 1181 3445 complures,
1230 3374 1325 3444 qui
1371 3374 1423 3427 in
1455 3376 1833 3428 Armeniorum
1866 3375 2211 3430 bibliothecis
2267 3375 2615 3441 delitescunt,
2646 3374 2981 3431 Parisiaeum
3028 3392 3202 3448 nuper
3229 3393 3381 3433 com-

129 3472 595 3536 memoravimus.
642 3467 829 3540 Neque
871 3476 1049 3521 tamen
1096 3465 1316 3520 Samuel
1374 3468 1457 3521 vel
1499 3467 1773 3535 Europanis
1815 3467 1903 3523 vel
1936 3466 2306 3523 Orientalibus
2337 3468 2479 3539 tvpis
2528 3477 2653 3523 ante
2704 3468 2807 3523 hnc
2842 3476 3077 3540 tempus,
3114 3480 3377 3541 quantum

133 3577 364 3638 scimus,
416 3570 714 3638 impressus
752 3571 858 3619 est.
920 3560 1037 3615 Jam
1074 3562 1128 3614 in
1159 3569 1307 3615 tanto
1338 3561 1585 3615 codicum
1645 3578 1873 3617 numero
1907 3563 1997 3617 vix
2039 3563 2184 3617 ullus
2212 3570 2315 3628 est,
2373 3565 2429 3618 in
2483 3579 2592 3634 quo
2639 3562 2909 3620 Samuelis
2957 3568 3207 3623 Canones
3239 3571 3381 3626 ultra

135 3665 385 3722 auctoris
431 3662 746 3720 terminum,
779 3669 973 3723 nempe
1002 3652 1146 3706 ultra
1175 3650 1381 3707 Christi
1424 3666 1623 3705 annum
1692 3652 1848 3714 1179.
1901 3668 1932 3706 a
1981 3653 2382 3709 recentioribus
2414 3653 2843 3728 chronographis
2877 3659 2961 3714 vel
2990 3663 3152 3714 etiam
3183 3664 3381 3719 scribis

136 3758 364 3833 produci
401 3771 510 3810 non
545 3754 797 3816 soleant;
848 3762 956 3819 quo
1006 3730 1203 3817 genere
1234 3743 1586 3799 additameuti
1627 3761 1695 3801 ne
1728 3747 1898 3800 codex
1937 3747 2154 3816 quidem
2188 3744 2497 3802 Parisiacus
2550 3756 2742 3816 caret;
2803 3750 3053 3822 idemque
3096 3753 3146 3808 in
3176 3752 3383 3811 Gratis

137 3856 302 3910 etiam
344 3866 407 3906 ac
434 3848 643 3903 Latinis
674 3845 1212 3899 aliorutnauctorum
1240 3837 1515 3892 chronicis
1537 3837 1776 3892 solemne
1807 3839 2293 3909 pervulgatumque
2340 3847 2442 3893 est.
2494 3840 2734 3909 Denique
2783 3856 2891 3895 non
2951 3843 3126 3898 solum
3169 3853 3384 3916 protra—

139 3956 266 4001 ctus
296 3952 379 3999 est
410 3940 651 4005 Samuel,
682 3952 869 3991 verum
900 3936 1062 3989 etiam
1096 3933 1259 3988 alieni
1297 3933 1461 4003 panni
1500 3932 1715 3987 laciniis
1737 3934 2068 4003 quandoque
2111 3935 2457 3998 intertextus,
2501 3949 2607 4003 qua
2644 3934 2711 3990 de
2743 3951 2802 3990 re
2825 3944 2967 3990 nota
2990 3948 3191 3993 nostra
3216 3940 3383 3995 lecto-

139 4052 232 4093 res
291 4032 581 4089 identidem
635 4026 1025 4082 admonebunt.
1086 4023 1244 4078 Nunc
1290 4022 1710 4078 Mediolanensis
1760 4022 2029 4080 Samuelis
2084 4024 2250 4079 editio
2302 4040 2333 4079 e
2381 4027 2622 4095 quinque
2674 4028 2922 4083 codicum
2973 4031 3264 4087 collatione
3319 4049 3384 4099 ac

140 4105 489 4179 varietatibus
544 4119 777 4174 conflata
828 4128 935 4172 est.
984 4114 1243 4184 Princeps
1308 4113 1579 4168 Samuelis
1629 4116 1938 4185 exemplar,
1986 4116 2132 4187 quod
2179 4114 2343 4169 veluti
2408 4115 2825 4173 fundamentum
2864 4121 3127 4177 editionis
3182 4134 3385 4180 nostra

145 4219 443 4293 posuimus,
486 4214 634 4270 circa
694 4225 1039 4266 annumara
1097 4208 1437 4262 Armeniaca
1474 4206 1579 4262 636
1626 4208 1857 4279 (Christi
1910 4209 1980 4264 ad
2039 4209 2310 4267 Samuelis
2365 4215 2807 4282 supputationem
2864 4216 3044 4290 1209)
3100 4232 3383 4277 exaratum

143 4320 335 4376 fuerat,
389 4311 615 4381 ideoque
661 4305 940 4360 tricesimo
992 4303 1105 4358 fere
1159 4293 1281 4373 poét
1330 4300 1581 4357 Chronici
1625 4304 1784 4358 linem
1836 4319 1982 4358 anno
2023 4304 2335 4369 confectum
2385 4308 2758 4375 cognoscitur.
2810 4307 3056 4380 Namque
3114 4311 3383 4370 Samuelis

147 4407 569 4464 lucubrationem
614 4415 804 4456 revera
849 4412 994 4451 anno
1036 4397 1174 4452 H79
1243 4396 1557 4467 explieitam
1617 4411 1773 4460 esse,
1836 4395 2124 4452 manifesto
2182 4398 2340 4453 docet
2411 4398 2658 4455 Chronici
2715 4402 2887 4459 codex
2950 4404 3107 4470 alter,
3164 4406 3217 4460 in
3275 4422 3384 4478 quo

147 4503 267 4557 licet
311 4513 447 4569 opus
490 4496 659 4549 multo
726 4491 957 4545 ulterius
1015 4490 1386 4558 protrahatur,
1429 4489 1688 4560 pradicto
1726 4499 1904 4543 tamen
1952 4505 2096 4545 anno
2140 4490 2277 4545 1169
2311 4491 2581 4561 ejusmodi
2628 4493 2928 4549 admonitio
2975 4498 3380 4566 perscribitur:

150 4593 279 4649 lleic
330 4592 543 4660 explirit
592 4586 807 4658 facundi
845 4584 1110 4640 Samuelis
1161 4585 1510 4654 compositio,
1552 4584 1643 4655 qui
1699 4600 1828 4637 sane
1882 4582 2203 4638 vehementer
2265 4586 2468 4639 curarit
2522 4594 2579 4639 ut
2629 4586 3049 4642 emendatissime
3112 4590 3381 4649 scriberet.

145 4686 350 4755 Appulit
405 4692 579 4737 autem
611 4697 773 4750 usque
816 4681 884 4734 ad
940 4698 1093 4736 suam
1148 4682 1360 4736 omnino
1405 4690 1652 4745 wtawm;
1703 4697 1821 4734 cum
1870 4680 2109 4735 historici
2160 4682 2395 4753 ofﬁcium
2438 4684 2507 4737 sit
2529 4683 2593 4738 tle
2629 4688 2908 4753 prateritis
2937 4687 3383 4761 prasentibusque

147 4781 426 4842 disserere;
467 4779 606 4832 ultra
654 4793 880 4831 vero-ea
923 4791 1038 4846 qua:
1084 4776 1138 4829 in
1180 4777 1286 4829 vita
1340 4776 1588 4846 cujusque
1636 4785 1947 4841 versantur,
1988 4779 2230 4849 progredi
2277 4795 2380 4832 non
2437 4778 2611 4835 liceat.
2682 4780 2991 4849 Quanquam
3051 4782 3212 4851 igitur
3265 4798 3383 4852 pos:

148 4874 275 4926 hunc
314 4872 483 4925 locum
537 4872 703 4941 pergit
757 4870 928 4923 adhuc
985 4868 1204 4922 linearis
1256 4868 1694 4922 Armeniacarum
1749 4884 1922 4921 rerum
1975 4869 2239 4935 historia,
2303 4871 2642 4925 nihilominus
2685 4871 2956 4938 complura
3006 4873 3195 4927 menda
3249 4877 3381 4931 satis

148 4973 426 5036 coarguunt
456 4965 617 5018 alium
660 4979 770 5018 esse
816 4961 999 5032 scripti
1052 4970 1357 5025 auctorem,
1390 4978 1513 5015 nam
1563 4969 1756 5030 prwter
1785 4958 1988 5014 Christi
2032 4979 2251 5033 terraque
2308 4962 2676 5018 Armeniorum
2724 4980 2923 5028 annos,
2980 4964 3058 5018 nil
3110 4980 3384 5035 propemo-

149 5058 267 5110 dum
315 5065 449 5111 recte
499 5071 553 5110 se
595 5050 769 5108 habet?
800 5053 988 5125 Neque
1027 5061 1209 5108 tamen
1277 5053 1504 5108 reticere
1534 5052 1680 5116 licet,
1734 5054 1991 5123 princeps
2015 5054 2147 5107 illud
2199 5056 2473 5125 exemplar
2504 5055 2649 5126 putri
2705 5055 2816 5110 situ
2849 5056 2991 5111 haud
3031 5072 3159 5111 raro
3210 5057 3387 5113 fuisse

149 5153 457 5215 currllplum
496 5147 876 5217 nonnullisque
925 5138 1134 5206 chartis
1202 5149 1474 5206 mutilum.
1531 5145 1586 5202 id
1649 5163 1780 5201 vero
1832 5147 2091 5201 datnnum
2136 5157 2442 5219 reparatum
2500 5158 2586 5204 est
2651 5148 2871 5205 invento
2923 5151 3031 5204 alio
3083 5149 3381 5221 Byzantina

152 5238 204 5291 in
254 5237 383 5293 urbe
437 5237 733 5307 exemplari
795 5237 910 5310 (Ιι),
958 5244 1104 5315 quod
1163 5257 1309 5298 anno
1366 5239 1585 5312 quidem
1640 5252 1765 5293 ara
1828 5237 2165 5293 Armeniaca
2218 5237 2356 5293 1552
2410 5237 2656 5310 (Christi
2705 5241 2891 5314 1535)
2944 5242 3206 5313 scriptum
3240 5239 3382 5297 eluc-

194 5450 292 5550 .(22
325 5448 472 5550 ἕως.
496 5465 537 5511 t,
565 5464 687 5550 ξτες.
714 5448 766 5512 7,
803 5447 894 5503 22.
1816 5443 1953 5550 c4m
1986 5442 2264 5500 Memoires
2290 5445 2355 5501 de
2404 5446 2608 5503 l‘Acad.
2638 5447 2728 5503 des
2758 5450 2945 5516 inscr.,
2977 5455 3017 5502 t.
3050 5447 3190 5515 XIX,
3227 5466 3282 5521 p.
3309 5449 3382 5506 85

220 5518 291 5585 (bl
326 5518 533 5590 Prolag.
570 5519 679 5590 δὲ).

222 5588 289 5659 (c)
323 5587 462 5661 Lege
498 5593 705 5645 lexucon
738 5587 1013 5661 Armenia
1042 5586 1465 5661 geographicum
1500 5585 1704 5641 editum

1824 5530 1957 5656 mila)
1983 5585 2261 5661 Memoires
2281 5587 2593 5659 historiques
2612 5596 2663 5643 et
2691 5588 3096 5661 ge‘ographrques
3115 5606 3211 5644 sur
3237 5590 3380 5645 l’Ar-

154 5657 573 5721 Venetiisfanno
603 5661 760 5716 1769.
785 5658 941 5723 Nunc
968 5659 1107 5713 Ania
1145 5657 1312 5729 pagus
1336 5670 1436 5713 est.
1813 5660 2021 5729 ménie._
2040 5669 2077 5711 t.
2107 5657 2147 5721 Ι,
2188 5661 2411 5727 passim.

206 5731 294 5803 .(d)
323 5730 475 5803 Hist.
501 5746 561 5803 tt,
597 5731 681 5803 lt.
850 5800 860 5803 _
1006 5797 1085 5803 ___
1207 5727 1234 5803 ξ
1816 5795 1839 5803 _
1884 5729 1957 5803 (ές)
1979 5727 2156 5803 _Hujus
2184 5730 2510 5799 exemplaris
2533 5730 2900 5803 apographum
2929 5745 2958 5785 a
2980 5746 3038 5789 se
3070 5729 3379 5789 confectum

228 5737 272 5799 [α
323 5737 464 5785 Hist.
501 5746 561 5791 It,
597 5737 681 5783 H.
1884 5737 1957 5796 (It)
1984 5737 2156 5794 Hujus
2184 5737 2510 5799 exemplaris

228 5737 294 5873 (ιζ
326 5801 480 5871 Apud
505 5797 1251 5867 Montfauconium,Biblioth.
1295 5817 1421 5855 mss.
1457 5816 1509 5872 p.
1548 5798 1701 5855 l0‘36.
1811 5795 1858 5851 J.
1901 5796 2182 5854 Zoili-aleis
2215 5810 2520 5856 conservat.
