3940 6208
607 293 718 379 eos
1631 321 1970 377 APPENDIX
2010 322 2100 376 AD
2139 322 2409 381 EUSEBII
2449 321 2867 380 cunomcou.
3669 330 3731 387 ωδ

603 448 716 505 rat,
757 440 830 494 ita
863 448 1043 495 tamen
1083 448 1144 495 ut
1174 441 1317 496 idem
1341 441 1408 496 ab
1439 441 1822 511 antiquissimo
1851 443 2095 496 omnium
2143 442 2333 498 codice
2365 435 2642 514 sumptum
2673 443 2946 498 diceretur
2970 481 2984 506 ,
3033 452 3229 506 nempe
3270 437 3335 491 ah
3381 442 3638 512 apographo
3677 462 3735 501 an-

610 536 703 590 nis
735 535 1022 591 duodecim
1055 546 1177 607 post
1215 537 1494 592 conditum
1529 553 1666 608 opus
1707 537 1978 593 confecto.
2013 535 2156 592 Sane
2217 539 2268 593 id
2317 538 2672 611 Byzantinum
2709 535 2982 606 exemplar
3037 547 3360 603 magnopere
3395 533 3532 589 nobis
3554 536 3733 604 placebat,

604 628 836 697 ejusque
857 644 958 697 ope
988 643 1129 698 saepe
1185 645 1380 698 pravas
1428 629 1873 700 interpolationes
1927 631 2300 701 cognovimus.
2336 649 2455 702 quae
2507 633 2575 687 ah
2632 632 2873 686 auctoris
2933 625 3150 702 ingenio
3210 624 3524 680 vehementer
3561 627 3736 686 abhorre-

606 716 758 772 bant.
790 716 1062 773 llactenus
1089 720 1191 772 tria
1220 719 1764 774 commemoravimus
1799 717 2066 772 Samuelis
2099 721 2427 791 exemplaria
2453 738 2466 785 ;
2504 721 2778 791 princeps,
2813 719 2865 772 id
2891 728 2974 774 est
2997 720 3449 790 antiquissimum,
3475 723 3652 776 alterum
3671 742 3736 794 quo

607 826 892 866 monemur
916 811 982 865 de
1012 813 1160 881 justo
1185 813 1424 866 auctoris
1455 812 1712 874 confinio,
1744 813 1964 866 tertium
1995 812 2372 881 Byzantinum.
2399 812 2492 868 llis
2511 813 2729 866 demum
2760 811 2863 865 alia
2889 813 2999 866 duo
3022 819 3390 875 accesserunt,
3408 827 3604 880 quorum
3627 831 3736 868 unum

609 920 708 959 nec
728 906 880 961 valde
909 908 1189 976 antiquum
1218 913 1271 960 et
1297 921 1460 976 porro
1486 905 1890 974 imperfectum;
1925 909 2153 961 alterum
2172 907 2629 973 recentissimum,
2657 906 2819 976 idque
2848 905 2901 958 in
2933 920 3138 959 annum
3158 904 3294 958 1698
3313 903 3562 965 desinens,
3581 913 3737 958 temera-

608 997 708 1051 riis
750 999 998 1052 videlicet
1025 997 1434 1052 accessionibus
1477 1007 1639 1067 atque
1669 998 2179 1068 interpolationibus
2225 1005 2462 1052 scatens.
2500 996 2690 1066 Opcris
2721 997 2956 1065 denique
2991 996 3188 1048 titulus
3223 994 3277 1047 in
3306 992 3738 1062 codicibusscriptus

608 1095 657 1148 is
715 1092 823 1148 fere
859 1103 941 1148 est
974 1110 1130 1163 quem
1168 1095 1220 1147 in
1257 1093 1430 1147 fronte
1487 1093 1744 1148 editionis
1800 1095 2078 1162 posuimus
2116 1111 2130 1148 :
2166 1092 2429 1148 Samuelis
2473 1092 2760 1163 presbyteri
2805 1092 3049 1145 Aniensis
3086 1100 3374 1157 temporum
3410 1089 3737 1158 usquedum

607 1195 814 1240 (etatem
843 1186 981 1238 ratio
1007 1202 1032 1238 ε
1057 1185 1204 1238 libris
1228 1185 1595 1237 historicorum
1627 1185 1928 1236 summatim
1956 1183 2196 1237 collecta.

680 1273 768 1329 IV.
795 1275 899 1341 Qui
921 1277 991 1328 sit
1023 1274 1350 1329 Samuetiani
1373 1275 1650 1327 summarii
1679 1274 1989 1342 fructus.—
2015 1271 2119 1326 Sed
2155 1271 2366 1342 rogabit
2391 1271 2584 1340 aliquis
2609 1257 2714 1341 qua
2735 1268 3043 1324 communis
3069 1267 3323 1322 utilitatis
3353 1282 3442 1337 spe
3482 1281 3623 1335 quove
3657 1282 3738 1335 pru-

609 1369 756 1425 denti
785 1385 918 1424 cons
943 1371 1014 1423 lio
1057 1369 1372 1424 Armenium
1410 1370 1881 1440 chronographum
1914 1368 1982 1423 ad
2016 1368 2402 1437 Europaeorum
2434 1368 2614 1422 studia
2651 1365 3031 1437 perferendum
3081 1363 3375 1417 curemus?
3423 1376 3617 1430 namque
3655 1361 3735 1415 illud

603 1460 906 1531 justissime
947 1461 1148 1516 dicitur
1180 1480 1191 1514 :
1237 1461 1382 1515 Nova
1409 1470 1462 1516 et
1493 1462 1642 1515 utilia
1671 1464 1763 1532 qui
1789 1469 1994 1523 narrat,
2013 1470 2289 1515 auctorem
2308 1461 2454 1514 hunc
2479 1460 2756 1530 perhibeto
2787 1461 3011 1513 bonum.
3037 1456 3152 1511 Nos
3175 1469 3305 1509 sane
3333 1452 3557 1514 fatemur,
3585 1453 3734 1522 priorem

611 1552 880 1608 Samuelis
910 1562 1116 1623 partem
1169 1569 1357 1624 parum
1390 1554 1738 1608 emolumenti
1777 1555 1794 1623 (
1821 1565 2016 1624 praeter
2071 1551 2287 1606 Eusebii
2323 1550 2827 1623 confirmationem)
2859 1551 3051 1605 afferre
3090 1569 3103 1604 :
3137 1562 3228 1601 res
3253 1545 3395 1600 enim
3442 1542 3674 1598 liehraicas
3700 1553 3732 1598 et

609 1643 942 1712 reliquorum
975 1644 1126 1698 orbis
1155 1643 1282 1695 olim
1317 1645 1522 1713 cogniti
1562 1644 1887 1714 populorum
1941 1644 2014 1696 ita
2061 1641 2299 1696 Samueli
2361 1640 2625 1698 Eusebius
2657 1643 2988 1712 suppeditat,
3037 1652 3100 1699 ut
3161 1646 3265 1700 hoc
3302 1644 3614 1700 summarium
3649 1643 3731 1696 nihil

609 1735 720 1791 fere
785 1738 977 1791 habeat
1029 1746 1223 1806 printer
1266 1737 1483 1793 Eusebii
1540 1740 1882 1808 aliorumque
1927 1738 2469 1808 chronograpliorum
2532 1738 2746 1792 brevem
2775 1740 3064 1808 quamdam
3095 1741 3502 1810 repetitionem;
3540 1737 3732 1790 historiam

609 1845 771 1898 porro
819 1830 1196 1884 Armeniacam
1253 1847 1425 1900 usque
1467 1832 1534 1885 ad
1578 1831 1857 1887 Christum
1916 1831 1983 1886 de
2015 1830 2238 1902 Virgine
2287 1832 2524 1900 genitum
2577 1831 2803 1886 totidem
2858 1848 3000 1902 szepe
3035 1833 3222 1887 verbis
3262 1847 3292 1885 e
3337 1831 3470 1887 Mose
3497 1829 3733 1884 Chorenensi

609 1922 857 1979 videmus
935 1925 1210 1978 arcessiri.
1269 1925 1454 1996 Neque
1513 1935 1691 1981 tamen
1745 1935 1829 1981 est
1884 1941 1984 1980 cur
2036 1930 2324 1998 quisquam
2379 1934 2665 1995 propterea
2716 1925 3024 1980 Samuelem
3081 1925 3444 1998 spernendum
3497 1930 3636 1992 putet,
3668 1920 3731 1973 nisi

608 2018 748 2072 idem
785 2027 861 2071 tot
910 2015 1133 2072 Latinos
1165 2025 1220 2072 et
1237 2024 1245 2068 '.
1273 2016 1492 2072 Graecos
1531 2019 1977 2090 chronographos
2036 2035 2189 2089 asque
2282 2019 2507 2090 pedibus
2537 2019 2730 2078 trahat,
2776 2024 2866 2089 qui
2908 2021 3156 2092 plerique
3197 2037 3384 2078 omnes
3420 2036 3529 2074 cum
3571 2019 3625 2073 ab
3657 2018 3735 2070 orbe

605 2112 828 2165 condito
877 2112 1179 2174 ordiantur,
1233 2113 1542 2167 necessaria
1586 2115 1794 2168 ratione
1840 2113 1897 2167 fit
1934 2123 1992 2168 ut
2044 2114 2288 2170 eamdem
2318 2116 2590 2169 crambem
2642 2117 2930 2170 videantur
2975 2133 3295 2188 recoquere.
3369 2116 3640 2184 Quanquam
3678 2126 3737 2165 nos

607 2221 696 2259 res
748 2204 1100 2258 Armeniacas
1141 2208 1434 2261 multorum
1488 2208 1552 2260 ad
1584 2224 1743 2263 aures
1795 2225 1940 2263 nunc
1969 2211 2199 2280 primum
2232 2221 2588 2280 perventurus
2623 2227 2930 2280 speramus,
2973 2213 3412 2284 quandoquidem
3451 2211 3588 2278 hujus
3628 2207 3737 2278 gentis

605 2311 695 2353 res
737 2295 974 2348 nondum
1028 2298 1160 2351 satis
1201 2297 1252 2350 in
1305 2298 1548 2367 populari
1589 2299 1708 2352 luce
1772 2310 2080 2361 versantur,
2122 2311 2341 2370 propter
2384 2316 2572 2355 eorum
2605 2302 2954 2370 paucitatem,
3008 2303 3102 2372 qui
3151 2303 3220 2356 ad
3252 2303 3347 2356 bas
3397 2299 3654 2354 scribendas
3686 2311 3740 2372 ac;

603 2396 908 2444 cesserunt.
969 2389 1074 2444 Sed
1128 2390 1253 2443 licet
1287 2390 1430 2458 quod
1480 2390 1712 2459 quisque
1743 2391 1884 2444 volet
1967 2368 2266 2457 existimet,
2340 2393 2394 2446 in
2445 2368 2634 2448 nostra
2705 2393 2924 2463 quidem
2996 2368 3238 2450 editione
3306 2404 3543 2464 quantum
3596 2368 3736 2442 Eusebii

603 2482 813 2552 primus
854 2483 988 2537 liber
1024 2483 1262 2539 secundo
1317 2485 1576 2554 dignitate
1607 2495 1846 2556 prarstat,
1881 2487 2213 2542 tantumdem
2247 2486 2516 2541 Samuelis
2571 2503 2695 2556 pars
2747 2487 3020 2556 posterior
3047 2490 3285 2558 prierem
3337 2482 3631 2555 iucunditate
3669 2477 3740 2530 lni-

604 2585 804 2648 ctuqne
856 2590 1096 2650 superat.
1134 2580 1499 2636 Romanorum
1535 2594 1587 2637 et
1643 2583 1952 2638 Griecorum
1996 2585 2350 2654 imperatores
2398 2593 2614 2639 centum
2646 2586 2960 2639 scribuntur
3007 2585 3150 2653 apud
3181 2581 3474 2638 Samuelem
3501 2577 3557 2630 ab
3578 2577 3740 2643 Augusto

605 2666 672 2720 ad
730 2668 1029 2726 Manuelem
1085 2673 1442 2728 Comnenum.
1488 2673 1779 2729 Persarum
1839 2691 2053 2745 quoque
2100 2692 2256 2745 reges
2304 2676 2536 2746 primum
2567 2675 2865 2737 Arsacidas,
2907 2690 3028 2728 mox
3076 2674 3358 2730 Sasanidze
3397 2676 3505 2742 post
3543 2665 3742 2720 Christum.

605 2775 778 2830 usque
813 2763 877 2817 ad
915 2763 1276 2820 Mahumettun
1315 2767 1435 2835 plus
1465 2768 1686 2837 triginta
1737 2776 2072 2822 narrantur:
2124 2769 2216 2838 qui
2287 2779 2574 2839 postquam
2625 2769 2816 2824 fatales
2860 2769 3038 2824 exitus
3093 2769 3419 2825 habuerunt,
3459 2767 3624 2818 exortae
3657 2761 3740 2809 sunt

605 2848 1000 2907 Saracenorum
1036 2855 1341 2909 Autirarum
1384 2855 1720 2926 tyrannides,
1775 2873 2005 2924 quarum
2050 2857 2242 2926 ingens
2274 2857 2484 2926 imperii
2540 2858 2710 2912 moles
2736 2859 2931 2926 partim
2959 2857 3183 2927 quidem
3216 2851 3545 2910 internecivis
3578 2845 3677 2900 odiis
3698 2855 3734 2892 ac

603 2941 1061 3006 dissensionibus,
1089 2945 1281 3012 partim
1314 2962 1442 2999 vero
1467 2946 1788 3016 Scytharum
1816 2949 2048 3003 adventu
2074 2958 2195 3018 post
2227 2965 2399 3004 annos
2431 2950 2826 3020 quinquaginta
2855 2951 3074 3005 circiter
3102 2966 3271 3020 supra
3290 2936 3736 3002 ducentosdebililalﬂ

604 3051 667 3090 ac
725 3037 988 3105 dissipata
1035 3046 1137 3092 est.
1201 3037 1483 3094 Prmdiclis
1540 3041 1806 3110 interjccti
1851 3041 2070 3096 fuerunt
2126 3044 2501 3097 Armeniorum
2559 3045 2802 3115 dynastis
2849 3044 2989 3098 miro
3034 3044 3167 3098 ludo
3221 3043 3443 3098 fortuna:
3487 3029 3737 3106 jactati,Ar-

603 3127 804 3184 sacidze
837 3130 1092 3183 nimirum
1136 3146 1311 3200 reges,
1349 3130 1656 3186 Mamicunii
1689 3133 1979 3202 principes,
2013 3129 2236 3195 Guunii,
2272 3132 2580 3196 Rhcstunii,
2634 3133 2941 3200 Arzerunii,
2975 3133 3314 3204 Bagratunii,
3354 3137 3527 3201 praeter
3557 3122 3735 3179 Persicos

607 3221 914 3284 Arabicos,
973 3219 1178 3283 Iberos,
1230 3222 1556 3292 Graecosque
1589 3225 1892 3292 pra-tectos.
1951 3222 2103 3278 Adde
2141 3225 2522 3278 Armeniorum
2559 3225 2899 3294 patriarchas
2963 3241 3247 3296 nunquam
3302 3221 3618 3278 intermissos.
3647 3211 3738 3266 Adde

608 3313 810 3368 Christi
857 3330 1021 3369 teram
1079 3330 1108 3368 a
1162 3315 1562 3384 vulgariisatis
1608 3317 2020 3370 dissentientem
2049 3357 2064 3382 ,
2111 3333 2216 3387 qua
2276 3319 2330 3371 in
2375 3333 2432 3372 re
2483 3316 2753 3373 Samuelis
2814 3318 3208 3388 chronologia,
3261 3323 3471 3389 propter
3516 3304 3738 3363 reteremd

601 3407 978 3478 gravissimam
1034 3421 1372 3460 summormn
1430 3409 1745 3462 criticorum
1801 3408 1869 3463 de
1927 3423 2033 3462 aera
2082 3410 2289 3480 vulgari
2340 3413 2859 3474 controversiamta
2891 3411 2946 3482 ).
2984 3411 3128 3464 haud
3191 3410 3341 3464 ﬂocci
3395 3399 3606 3460 facienda
3658 3400 3727 3446 εει·

603 3496 756 3550 Adde
792 3512 954 3553 teram
994 3496 1395 3559 Armeniacam,
1434 3513 1540 3552 non
1573 3507 1628 3552 ut
1657 3499 1818 3566 vulgo
1846 3498 2087 3552 Armenii
2119 3507 2434 3569 supputaut,
2466 3499 2671 3553 Christi
2705 3515 2848 3555 anno
2890 3501 3016 3565 551,
3047 3501 3145 3556 sed
3181 3517 3325 3555 anno
3363 3497 3459 3550 555
3500 3489 3734 3545 inslilum'

607 3586 754 3655 quod
819 3588 1104 3642 verissime
1157 3604 1186 3641 a
1219 3586 1470 3642 Samuele
1524 3589 1635 3642 dici
1691 3589 2016 3660 jampridem
2067 3590 2394 3662 Villel‘royus
2457 3607 2522 3646 ex
2568 3605 2711 3647 anno
2772 3589 3278 3663 Hierosolymorum
3315 3579 3646 3643 aChristianis
3677 3586 3738 3626 ta-

609 3689 823 3748 ptorum
850 3681 1320 3734 detnonstravisse
1343 3680 1556 3734 videtur
1589 3681 1682 3751 (ὁ).
1712 3680 1829 3735 Jani
1857 3682 1986 3752 ipsae
2022 3698 2108 3738 res
2131 3685 2382 3738 artatibus
2409 3699 2593 3754 regum
2635 3684 2969 3753 interposita:
2993 3695 3214 3754 quanta:
3235 3684 3443 3738 demum
3465 3665 3738 3732 suntioual“

602 3792 764 3848 quam
805 3775 1072 3828 Samuelis
1094 3790 1200 3828 non
1233 3783 1317 3828 est
1341 3774 1586 3841 historia,
1614 3776 1706 3829 sed
1739 3776 1914 3844 capita
1937 3775 2182 3845 quaedam
2210 3785 2264 3832 et
2297 3777 2537 3832 historiae
2565 3778 3015 3843 commentarius,
3046 3779 3290 3832 virorum
3327 3782 3495 3826 tamen
3525 3761 3732 3819 illustrium

605 3867 846 3922 facinora
898 3868 1178 3920 innumera
1241 3875 1760 3920 commemorantur.
1799 3866 1864 3919 Et
1913 3867 2131 3936 quidem
2175 3868 2454 3922 laatissima
2504 3877 2586 3923 est
2647 3869 2974 3922 illuminatio
3021 3866 3425 3926 Armeniorum,
3454 3855 3727 3943 quotempof°

603 3979 735 4034 gens
790 3961 880 4015 illa
937 3961 1189 4014 universa
1241 3960 1544 4014 incredibili
1601 3959 1782 4014 studio
1834 3967 1888 4013 et
1939 3975 2208 4016 consensu
2267 3960 2334 4014 ad
2377 3961 2652 4016 Christum
2688 3962 3014 4023 convolavit,
3067 3958 3331 4029 prodigiis
3379 3947 3592 4024 plurimis
3620 3949 3730 3992 nlaﬂ'

605 4056 814 4126 tuisque
859 4051 959 4108 SS.
1022 4051 1266 4113 Gregorii
1306 4062 1360 4106 et
1414 4050 1731 4122 Rhipsimize
1783 4053 2152 4121 comitumque
2196 4054 2491 4108 virtutibus
2553 4062 2660 4106 tota
2711 4053 2968 4106 Armenia
3015 4049 3380 4120 strepentibus
3436 4041 3517 4112 (ο).
3559 4034 3656 4088 Eii"

604 4146 925 4214 templorum
961 4142 1447 4210 cmnohiorumquc
1503 4142 1750 4205 aedilicia,
1790 4150 1870 4195 tot
1914 4143 2173 4214 martyria
2204 4142 2518 4208 fortissima,
2551 4149 2630 4198 tot
2654 4142 2918 4197 doctrinis
2955 4142 3344 4210 laboribusque
3371 4133 3636 4220 confirmata
3653 4117 3732 4220 te“:

604 4239 718 4310 gio.
767 4237 1090 4306 Quanquam
1145 4249 1274 4288 vero
1335 4243 1523 4304 postea
1586 4253 1685 4290 nec
1730 4237 1963 4291 haereses
2013 4253 2188 4306 neque
2255 4236 2551 4292 schismata
2603 4251 2779 4305 neque
2837 4236 3071 4305 partium
3115 4230 3415 4304 praisertim
3464 4215 3734 4310 furiosissin

603 4333 781 4390 studia
847 4331 1174 4392 defuerunt;
1233 4336 1414 4382 tamen
1461 4329 1610 4382 natio
1635 4331 2021 4384 Armeniorum
2055 4344 2334 4400 nunquam
2371 4346 2429 4384 se
2489 4345 2518 4382 a
2569 4329 2958 4384 communione
2991 4326 3240 4382 Romana
3294 4321 3514 4380 cunctim
3551 4305 3729 4377 Seium"

601 4427 740 4495 Quid
773 4422 1024 4476 Haicaua:
1060 4421 1377 4473 litteratura:
1425 4419 1861 4488 auspicatissima
1933 4421 2085 4474 initia
2137 4428 2190 4474 et
2246 4436 2565 4491 progressus
2599 4433 2769 4490 prope
2827 4418 3198 4482 admirabiles,
3229 4416 3330 4472 nisi
3386 4419 3490 4465 tam
3647 4404 3734 4462 PW’

601 4492 736 4579 cella
766 4523 1092 4578 litterarum,
1149 4515 1311 4568 turbo
1350 4530 1412 4568 ac
1465 4521 1762 4583 tempestas
1805 4515 2130 4572 eruditionis
2160 4517 2338 4571 omnis
2395 4516 2596 4569 bellum
2645 4514 2924 4569 Persicum
2958 4521 3012 4568 et
3061 4529 3186 4567 mox
3213 4509 3490 4566 Arabicum
3517 4500 3560 4552 in
3596 4492 3730 4544 Ατωο⁹

601 4619 745 4672 niam
782 4609 1144 4685 pervasisset?
1169 4608 1543 4663 Mahumetica:
1566 4612 1819 4678 potentiae
1843 4611 2175 4666 incunabula
2198 4621 2250 4668 et
2277 4613 2609 4666 incrementa
2634 4610 2968 4682 (quanquam
2991 4605 3349 4664 communiori
3377 4589 3725 4688 Saracenicorum

601 4723 904 4782 ίθιηβυτυῑη
954 4706 1199 4761 ¹¹ί⁵ί⁰¹³ίίί³
1232 4719 1421 4776 parum
1453 4721 1694 4761 consona
1719 4706 1736 4776 (
1765 4707 1837 4776 ά)
1865 4747 1879 4771 ,
1912 4706 2184 4763 Armenia:
2229 4707 2606 4778 lacrymabiles
2665 4707 3016 4768 vastationes,
3056 4703 3366 4758 Latinorum
3405 4698 3453 4751 in
3485 4684 3732 4782 Palestit-IT

598 4804 972 4875 expeditiones
1019 4805 1153 4858 satis
1208 4804 1370 4856 ubere
1407 4798 1547 4869 stylo
1606 4799 1964 4853 scribuntur:
2004 4816 2180 4870 neque
2213 4800 2376 4854 ullius
2431 4816 2568 4869 pene
2626 4799 2703 4854 rei
2766 4800 2998 4853 varietas
3037 4797 3402 4857 desideratur;
3455 4800 3546 4842 non

602 4894 897 4967 primordia
919 4905 970 4948 et
990 4895 1142 4948 excid
1170 4910 1219 4960 a,
1245 4909 1351 4948 non
1372 4891 1546 4947 cades
1573 4892 1890 4952 innumerae,
1924 4906 2031 4943 non
2056 4891 2373 4960 pestilentire
2398 4890 2698 4959 famesque,
2733 4905 2839 4944 non
2874 4891 3216 4952 scelera,non
3252 4883 3476 4941 fraudes,
3493 4885 3580 4929 non
3598 4860 3732 4967 si”:

599 4996 834 5059 gemata,
882 5001 989 5040 non
1044 4987 1278 5056 denique
1310 4987 1601 5040 multorum
1643 4985 1920 5038 hominum
1972 4983 2194 5049 litteris,
2249 4984 2633 5046 sanctimonia,
2672 4982 2866 5036 bellica
2915 4992 3031 5036 arte
3074 4978 3438 5050 praestantium
3465 4954 3728 5059 enunlcfai':

600 5085 776 5149 Atque
803 5080 916 5132 haec
950 5077 1130 5130 omnia
1171 5079 1315 5132 uotis
1341 5077 1612 5130 editorum
1640 5075 1890 5144 plurimis
1920 5084 1971 5128 et
2015 5075 2468 5143 castigationibus
2506 5074 2830 5130 illustranda
2860 5082 3022 5129 erant
3053 5082 3215 5144 atque
3252 5059 3530 5143 purganda.
3556 5048 3634 5104 ηί⁵¹
3663 5043 3728 5088 nos

601 5171 877 5227 festinatio
901 5168 1082 5238 operis
1111 5168 1178 5221 ab
1209 5167 1353 5220 omni
1383 5166 1494 5219 fere
1531 5163 1884 5232 exquisitiore
1913 5177 2044 5216 cura
2072 5173 2374 5218 avocasset.

671 5264 736 5324 ν.
779 5268 854 5322 De
891 5219 1156 5322 Strzmuetis
1193 5262 1504 5319 orthodoxia
1541 5219 1871 5330 conjectum.
1923 5289 1996 5300 —-
2043 5258 2199 5314 Nunc
2237 5260 2284 5315 si
2339 5261 2463 5314 licet
2500 5259 2568 5315 de
2606 5259 2877 5330 religiosis
2915 5274 3132 5329 quoque
3177 5251 3434 5314 Samuelis
3469 5219 3726 5308 dormtum

671 5443 748 5515 (a)
776 5441 982 5542 Vidensi
1011 5441 1143 5542 nihil
1177 5441 1343 5502 aliud,
1381 5449 1526 5495 certe
1564 5441 1734 5542 l'ibros
1774 5437 1988 5494 Henrici
2023 5435 2162 5492 San-
2266 5437 2622 5542 numlCh|risti
2787 5438 3178 5542 retr‘aligndum
3199 5445 3290 5542 (est
3334 5432 3352 5542 ξ
3373 5391 3725 5542 dilaturi“:

671 5515 866 5542 .........::
952 5531 1058 5542 λη..
1089 5514 1226 5542 κως-
1263 5529 1381 5542 ma...
1418 5528 1580 5542 ..νηοηι
1605 5511 1775 5542 "unum
2265 5523 2388 5542 mna
2442 5525 2484 5542 η,
2541 5523 2605 5542 un
2691 5508 2862 5542 ἰνὶοιὶ
2911 5507 2928 5542 ἶ
3033 5509 3165 5542 calin
3242 5520 3329 5542 ηιιρ
3411 5513 3431 5542 z

595 5501 867 5573 cle‘m'entii
899 5513 974 5566 De
998 5513 1226 5583 vulgaris
1260 5529 1381 5566 ιωηυ
1415 5511 1796 5564 emendatione.

777 5587 931 5655 Apud
949 5580 1684 5646 Montlauconium,Biblioth.
1712 5597 1862 5643 mss.,
1905 5595 1958 5648 p.
2002 5577 2151 5641 10l6,

2265 5508 2407 5561 muel
2441 5508 2506 5559 ad
2539 5523 2626 5561 an.
2662 5508 2863 5561 Christi
2896 5507 3000 5560 6t8
3033 5509 3168 5562 satis
3199 5501 3350 5560 docet
3373 5501 3431 5568 );
3461 5501 3552 5542 W'"

2261 5578 2780 5667 H‘F__‘?._P'f“’.""_'f“l"_e
2802 5577 3100 5667 ρεξείτεευιη
3147 5592 3233 5632 res
3275 5563 3605 5667 semini.
3629 5607 3721 5667 qua

671 5622 744 5648 νι,
777 5622 931 5655 ειγυυ
949 5622 1684 5646 μιυιιιιαυνυ...ν...,υυν..ιη-υ
1713 5622 1862 5643 πων-ν
1907 5622 1958 5648 γ’
2003 5622 2160 5641 -ν--ν
2265 5622 2390 5632 -·-ν--
2812 5622 3099 5632 ν·--··-·-···
3147 5622 3232 5632 ’νυ
3275 5622 3376 5646 υνν⁷
3485 5645 3494 5654 ,
3657 5622 3714 5654 ua:

598 5656 759 5713 ιρι-1,
2261 5649 2764 5720 tioribusAralnun
2802 5649 3042 5720 historiis
3071 5622 3714 5720 cognoscendatilﬂ'ﬁ’afau.

668 5687 759 5795 (lci.
779 5724 917 5796 Lege
947 5724 1012 5779 ad
1040 5722 1243 5796 Christi
1274 5737 1476 5796 annum
1502 5720 1632 5796 A395.
1799 5790 1811 5796 _
2264 5687 3580 5796 'Dt'iiilguperturbare
3603 5687 3666 5741 atq

667 5790 746 5868 (τι)
787 5790 1004 5852 Scilicet
1050 5803 1164 5848 tum
1215 5794 1414 5863 hegira':
1443 5792 1656 5846 initium
1705 5790 1874 5843 multo
1906 5797 2028 5844 ante
2061 5803 2159 5845 an-
2264 5791 2558 5850 obscurare
2589 5790 2820 5850 videtur.
