3940 6208
161 339 280 397 605
1199 344 1287 400 DE
1327 346 1650 402 SAMUELE
1681 346 1953 401 ANlENSl
1991 344 2376 399 PREFATIO.
3295 345 3398 401 606

168 464 454 534 judicium
496 465 844 538 interponere
873 506 888 531 ,
932 467 987 522 in
1028 468 1216 538 primis
1253 469 1552 524 notandum
1592 476 1711 541 est,
1750 468 2056 524 Orientales
2095 467 2380 522 ha’reticos
2418 463 2878 548 (Samosatenum
2919 476 3048 534 puta
3074 505 3088 528 ,
3147 464 3399 518 Macedo~

170 559 378 621 nium,
421 556 730 613 Nestorium
771 568 934 629 alque
969 559 1126 629 alios)
1153 575 1260 614 non
1297 560 1530 614 obscure
1569 559 1622 613 in
1659 559 1763 612 hoc
1802 557 2059 612 Chronico
2097 554 2468 610 condemnari.
2508 551 2628 606 Jam
2670 555 2740 608 ab
2780 560 2894 622 ipsa
2934 553 3401 608 Chalcedonensis

171 653 382 723 synodi
429 655 834 725 oppugnatione
872 661 926 709 et
959 668 989 707 a
1029 654 1258 708 crimine
1299 653 1765 724 MonOphysitico,
1795 653 1866 706 ob
1896 666 2017 722 quae
2057 650 2278 704 nomina
2317 648 2458 702 male
2489 646 2763 702 interdum
2792 641 3030 697 Armenii
3058 641 3400 707 audiverunt,

165 746 318 801 satis
360 744 579 801 Saumel
621 748 914 803 abhorrere
952 749 1187 803 videtur.
1232 750 1279 805 Is
1319 751 1522 820 quippe
1558 765 1700 803 anno
1739 749 1946 803 Christi
1987 747 2093 801 640
2133 745 2337 800 diserte
2376 745 2572 807 docet,
2617 743 2683 795 ab
2741 740 2914 794 Esdra
2955 738 3262 808 patriarcha
3301 737 3403 791 Ar-

171 839 489 891 meniorum
536 840 590 892 in
631 839 1098 894 Chalcedonensis
1122 841 1310 911 synodi
1333 841 1653 895 sententiam
1695 829 1921 909 pedibus
1964 839 2096 890 itum
2132 853 2292 902 esse;
2325 851 2446 890 cum
2489 843 2665 887 tamen
2703 846 2845 884 anno
2877 827 3082 882 Christi
3113 829 3218 882 527
3246 836 3407 884 caute

166 929 522 991 reticuisset,
570 931 934 998 patriarcham
964 932 1184 989 Nersem
1215 935 1665 990 Astarachensem
1689 976 1703 1000 ,
1741 935 2196 1005 Eutychianorum
2231 933 2510 986 fraudibus
2547 931 2979 985 circumventum
3009 924 3405 996 Persarumque

170 1026 353 1080 armis
389 1027 745 1081 conterritum
789 1029 908 1097 (ιι),
951 1031 1220 1099 praedicta:
1266 1032 1454 1103 synodi
1505 1047 1744 1086 canones
1792 1031 2126 1093 rescidisse,
2175 1044 2283 1098 quo
2342 1027 2561 1083 silentio
2602 1025 2819 1080 Samuel
2872 1025 3233 1078 calamitatem
3285 1023 3407 1092 ejus

167 1122 310 1178 facti
350 1127 594 1181 studiose
632 1142 690 1182 se
729 1134 912 1197 tegere
953 1126 1150 1180 innuit.
1191 1125 1407 1182 Rursus
1447 1142 1591 1180 anno
1627 1125 1833 1182 Christi
1875 1126 1979 1180 856
2020 1124 2300 1178 Zachariae
2341 1122 2665 1194 patriarchae
2697 1121 3098 1175 ecclesiasticas
3134 1121 3406 1174 constitu-

166 1220 354 1273 tiones
394 1218 612 1274 Samuel
664 1221 934 1275 collaudat
970 1237 982 1272 :
1026 1225 1173 1290 atqui
1213 1223 1552 1290 exploratum
1593 1229 1710 1280 est.
1770 1221 1838 1274 ab
1891 1220 1996 1275 hoc
2049 1219 2307 1291 pontifice
2363 1216 2859 1272 Cbalcedonensem
2904 1213 3097 1266 iterum
3141 1211 3406 1291 synodum

167 1307 350 1363 fuisse
387 1313 788 1382 comprobatam
825 1313 919 1384 (ὁ).
954 1314 1141 1381 Quid?
1178 1316 1545 1387 Eutychiauos
1578 1318 1738 1379 duos,
1764 1315 2029 1381 Joannem
2069 1316 2550 1369 Mairacomensem
2583 1319 2636 1365 et
2669 1309 2937 1378 Sergium,
2969 1323 3150 1362 nonne
3185 1285 3405 1361 Samuel

165 1411 371 1471 aperte
407 1414 724 1459 exsecratur
763 1407 878 1476 (c)?
930 1406 1147 1462 L'tinam
1197 1418 1248 1463 et
1297 1409 1532 1464 Zenonis
1573 1409 1863 1463 llenoticon
1921 1417 2089 1478 atque
2141 1406 2419 1461 Anastasii
2473 1405 2824 1474 prtedictique
2871 1402 3104 1457 Zenonis
3156 1401 3405 1472 dogmata

163 1492 338 1563 nigro
373 1509 522 1564 atque
559 1497 740 1566 lapillo
779 1500 1016 1569 signaret
1055 1499 1132 1571 (ά)
1165 1503 1177 1554 !
1232 1501 1347 1556 Nisi
1400 1503 1540 1557 forte
1594 1502 1862 1557 Samuelis
1905 1502 1958 1556 hi
2000 1503 2105 1555 loci
2147 1501 2457 1567 iuterpolati
2497 1507 2625 1554 sunt
2663 1499 2729 1551 ah
2767 1499 2834 1553 iis
2871 1499 3070 1568 quibus
3109 1495 3406 1553 Chalcedo-

176 1603 359 1644 nense
397 1592 682 1646 concilium
723 1594 1042 1663 displicuit;
1085 1596 1228 1665 quod
1268 1613 1438 1666 genus
1477 1595 1954 1665 interpolationum
1994 1595 2122 1648 alibi
2162 1609 2378 1663 quoque
2439 1594 2494 1646 in
2551 1591 2821 1647 Samuelis
2870 1592 3153 1646 codicibus
3203 1591 3403 1660 depre-

162 1679 486 1737 hendimus.
532 1682 633 1738 Sed
677 1684 943 1745 Samuelis
992 1693 1369 1746 orthodoxiam
1410 1694 1484 1746 nil
1523 1693 1891 1746 vehementius
1928 1691 2287 1751 commendat,
2313 1706 2472 1759 quam
2512 1689 2655 1757 quod
2697 1688 2742 1744 is
2773 1689 2825 1742 in
2857 1688 3048 1759 Deghze
3087 1689 3406 1758 patriarchae

164 1771 425 1824 clientela
481 1772 622 1832 fuit.
670 1776 829 1844 cujus
879 1779 1116 1836 hominis
1166 1783 1412 1836 doctrina
1465 1783 1731 1836 catholica
1787 1799 1852 1836 ex
1907 1781 2154 1850 ejusdem
2210 1781 2432 1850 scriptis
2484 1781 2756 1850 rebusque
2820 1782 2987 1852 gestis
3029 1782 3403 1851 cognoscitur.

166 1857 418 1930 Namque
456 1861 633 1934 Degha
673 1868 890 1937 scriptis
929 1869 1125 1924 litteris
1165 1870 1261 1941 (et
1298 1871 1514 1940 quidem
1555 1872 1717 1924 etiam
1761 1870 1827 1924 ad
1867 1869 2224 1924 C(elestiuum
2279 1869 2346 1922 lll
2396 1869 2632 1940 papam)
2687 1871 3167 1944 MonOphysiticatn
3200 1873 3405 1936 .labem

173 1953 486 2010 insectatus
524 1964 647 2022 est,
688 1968 875 2013 coacta
919 1973 1099 2016 autem
1141 1966 1350 2034 synodo
1388 1965 1533 2018 circa
1573 1980 1695 2018 eum
1739 1966 1913 2034 ipsum
1957 1981 2188 2028 annum,
2227 1981 2335 2034 quo
2376 1965 2669 2019 C/truuicon
2711 1963 2980 2020 Samuelis
3038 1965 3404 2051 concluditur,

177 2049 324 2106 duas
361 2054 680 2109 solemniter
721 2056 926 2112 Christi
967 2069 1191 2114 naturas
1229 2061 1298 2114 ab
1336 2060 1608 2114 Armeniis
1648 2060 2074 2130 pronuntiandas
2115 2059 2326 2113 curavit
2387 2059 2474 2128 te).
2533 2059 2775 2128 Denique
2813 2060 2952 2131 quod
2995 2060 3166 2113 sancti
3207 2049 3402 2112 nomen

167 2144 371 2201 Joauni
411 2147 661 2203 Ozniensi
703 2152 929 2222 largitur
969 2153 1190 2209 Samuel
1234 2155 1312 2225 (ί)
1346 2194 1361 2219 ,
1405 2156 1458 2208 in
1500 2156 1688 2225 primis
1723 2155 2004 2209 sciendum
2042 2163 2124 2209 est
2150 2194 2164 2218 ,
2204 2155 2616 2210 criminationes
2649 2156 2912 2209 adversus
2945 2155 3090 2208 hunc
3129 2154 3402 2207 hominem

172 2243 413 2298 inventis
451 2260 651 2313 nupera
696 2254 852 2300 astate
893 2245 1230 2300 documentis
1270 2261 1591 2315 magnopere
1646 2244 1813 2301 fuisse
1853 2245 2054 2300 fractas
2081 2286 2095 2309 ,
2139 2245 2500 2315 eumdemque
2539 2262 2568 2298 a
2610 2245 3046 2318 Monophysitica
3086 2246 3406 2316 suspicione

174 2333 465 2387 |iberatum
507 2335 709 2406 (g).-Et
747 2336 963 2406 quidem
1005 2337 1058 2390 iu
1101 2345 1336 2392 veterum
1393 2338 1610 2407 scriptis
1663 2338 1836 2393 sancti
1893 2354 2088 2392 nomen
2144 2337 2324 2393 civilis
2386 2339 2763 2393 tantummodo
2819 2340 3124 2408 privatique
3182 2336 3405 2394 honoris

171 2442 345 2483 causa
387 2429 655 2484 interdum
695 2431 990 2484 tribuitur:
1031 2429 1270 2485 Joannes
1303 2440 1480 2484 autem
1523 2430 1610 2484 hic
1647 2430 1934 2486 Oznieusis
2004 2431 2057 2483 in
2115 2444 2270 2483 sacra
2326 2429 2707 2484 Armeniorum
2765 2429 3089 2483 Kalendaria
3151 2430 3408 2497 pleraque

174 2539 290 2579 non
341 2533 423 2580 est
463 2528 685 2581 relatus.
729 2525 986 2581 Miramur
1021 2527 1148 2581 item
1191 2527 1517 2597 singularem
1561 2526 1828 2581 Samuelis
1882 2527 1935 2580 in
1992 2526 2240 2596 religiosa
2297 2525 2529 2580 historia
2580 2523 2868 2580 scribenda
2909 2521 3212 2589 tranquillit
3251 2530 3404 2586 tem,

172 2633 304 2670 cum
345 2624 523 2672 tamen
558 2617 750 2672 Oriens
786 2619 996 2688 magnis
1036 2617 1332 2672 factionum
1373 2616 1605 2672 flammis
1635 2619 1783 2671 oumi
1819 2626 2061 2688 tempore
2090 2619 2378 2673 exarserit.
2411 2620 2571 2674 Certe
2602 2617 2883 2687 permultis
2911 2614 3406 2670 controversiarum

179 2712 380 2766 harum
422 2714 786 2782 scriptoribus
825 2721 1036 2766 tantum
1077 2729 1219 2783 sape
1257 2713 1492 2767 furorem
1533 2712 1938 2767 dissensionum
1979 2721 2146 2767 aestus
2186 2713 2384 2781 objeeit
2410 2752 2424 2776 ,
2469 2721 2528 2766 ut
2565 2726 2751 2766 eorum
2802 2717 3009 2763 mentes
3059 2706 3201 2761 haud
3249 2704 3411 2761 \aidb

178 2800 362 2854 absint
402 2801 469 2854 ab
507 2803 760 2863 insania,
805 2800 1004 2856 nedum
1051 2800 1221 2854 facilis
1260 2800 1441 2856 aditus
1480 2802 1693 2855 veritati
1751 2803 2106 2871 relinquatur.
2157 2801 2320 2870 Atqui
2370 2817 2506 2870 opus
2553 2809 2636 2856 est
2677 2809 2734 2852 ut
2782 2799 3128 2854 Christianus
3176 2797 3406 2865 quisque.

179 2889 391 2943 lenitati
417 2930 432 2953 ,
473 2892 919 2954 mansuetudini,
959 2900 1324 2962 praetereaque
1356 2893 1582 2960 unitati,
1612 2893 1916 2947 concordia:
1948 2902 2000 2946 et
2037 2892 2352 2946 obedientiae
2385 2892 2636 2946 studeat:
2671 2889 2908 2960 alioquin
2947 2890 3230 2942 videamus
3257 2927 3271 2950 ,
3306 2881 3407 2954 per

179 2977 351 3032 Deum
391 2980 788 3034 iuunortaletn!
835 2995 991 3049 quem
1035 2980 1086 3032 in
1126 2980 1303 3033 locum
1347 2996 1436 3035 res
1475 2996 1661 3036 sacras
1702 2990 2056 3052 perventuras
2098 2989 2372 3050 putemus.
2418 2978 2521 3033 Sed
2561 2981 2682 3048 quis
2718 2981 2934 3035 demum
2997 2978 3262 3034 Samuelis
3311 2991 3403 3030 or-

182 3072 491 3128 thodoxiam
533 3089 640 3128 non
677 3090 744 3129 ex
778 3089 840 3128 ea
880 3069 1194 3127 narratione
1233 3079 1552 3138 auguretur,
1592 3087 1699 3140 qua
1740 3069 2059 3141 Gregorium
2095 3069 2464 3140 patriam-ham
2507 3069 2574 3123 lll
2613 3069 2926 3125 Armeuimn
2969 3087 2997 3125 a
3036 3069 3403 3124 Romanorum

181 3169 398 3237 regibus
447 3179 604 3240 atque
657 3167 1004 3240 pontificibus
1055 3179 1266 3218 smnmo
1316 3164 1524 3218 honore
1576 3165 1822 3219 affectum
1876 3165 2139 3234 gloriatur
2179 3165 2281 3234 (lt),
2344 3177 2578 3233 eumque
2617 3163 2684 3218 ad
2720 3161 3176 3236 Jerosolymorum
3219 3161 3404 3214 urbem

180 3260 487 3329 profectum
514 3301 527 3326 ,
565 3277 594 3314 a
633 3261 844 3314 Latinis
881 3263 951 3315 ibi
991 3262 1337 3316 versantibus
1375 3261 1738 3316 orthodoxum
1777 3278 1897 3316 esse
1931 3262 2236 3330 judicatum
2261 3303 2276 3328 ,
2319 3269 2372 3315 et
2411 3274 2624 3315 summo
2660 3261 2838 3314 studio
2864 3262 3116 3330 omnique
3144 3257 3406 3311 charitate

179 3350 480 3404 dilectum:
522 3367 628 3421 qua
668 3367 726 3405 re
764 3351 994 3405 mirifice
1031 3353 1333 3406 delectatus
1375 3349 1636 3416 Samuel,
1679 3353 1804 3406 hinc
1847 3353 1950 3407 sibi
1989 3353 2205 3408 demum
2245 3353 2585 3422 exploratum
2640 3353 2760 3416 ait,
2801 3360 3010 3421 gentem
3063 3363 3214 3404 suam
3266 3363 3407 3400 nun-

178 3458 345 3513 quam
385 3447 618 3515 supremi
659 3445 908 3499 Numiuis
945 3445 1114 3516 gratia
1148 3445 1462 3499 excidisse?
1497 3447 1616 3500 1am
1659 3446 1790 3500 illud
1830 3455 2045 3516 quanta:
2086 3449 2312 3517 justitia':
2363 3455 2468 3514 est,
2525 3445 2669 3517 quod
2723 3454 2908 3500 narrat
2955 3443 3269 3514 Gregorium
3310 3457 3406 3512 pa-

175 3541 476 3595 triarcham
515 3541 668 3596 valde
707 3540 1098 3611 improbavisse
1154 3539 1533 3593 Armeniorum
1586 3541 1792 3611 aliquot
1841 3541 2193 3596 defectionem
2253 3542 2321 3595 ab
2372 3542 2704 3595 heterodoxo
2758 3559 2919 3612 rege,
2977 3543 3067 3610 qui
3125 3549 3298 3593 tamen
3349 3545 3404 3593 et

179 3635 506 3689 Christianis
545 3636 716 3690 sacris
755 3635 858 3690 fide
911 3634 1144 3703 obligata
1184 3634 1435 3700 favebat,
1476 3644 1528 3689 et
1562 3635 1683 3704 jure
1723 3637 1988 3706 imperare
2044 3637 2326 3691 videbatur
2386 3636 2507 3706 (1')?
2544 3635 2860 3705 Quanquam
2900 3631 3025 3684 alibi
3066 3626 3406 3682 Saracenicae

182 3727 558 3796 superstitioni
586 3735 639 3781 et
669 3727 939 3797 tyrannidi
1001 3743 1097 3798 pro
1126 3728 1319 3782 merito
1350 3729 1623 3783 maledicit
1654 3728 1891 3786 Samuel.
1923 3732 2148 3798 Quantte
2178 3747 2372 3787 rursus
2403 3732 2734 3786 fortitudinis
2762 3739 2844 3785 est
2870 3771 2884 3794 ,
2924 3727 3064 3798 quod
3095 3725 3402 3780 Graecorum

183 3823 489 3892 principum
515 3861 531 3886 ,
601 3838 831 3892 quorum
873 3822 986 3892 ipse
1025 3823 1108 3877 vel
1144 3830 1302 3878 xtate
1341 3824 1424 3878 vel
1479 3841 1643 3894 prope
1694 3826 1748 3880 in
1798 3828 2000 3882 ditioue
2048 3829 2301 3891 vivebat,
2345 3809 2623 3898 perfidiam
2664 3828 2718 3881 in
2755 3824 2976 3879 Latinos
3015 3832 3175 3892 atque
3214 3819 3404 3888 impie-

185 3925 349 3969 tatem
387 3915 646 3971 advcrsus
683 3931 899 3970 causam
938 3913 1304 3969 Christianam
1345 3923 1453 3968 tam
1510 3925 1695 3986 aperte
1741 3919 2066 3971 condemnat
2115 3918 2255 3988 (j)?
2305 3917 2418 3972 Nisi
2459 3919 2630 3983 forte,
2671 3918 2814 3987 quod
2854 3920 2907 3970 in
2946 3929 3004 3968 re
3051 3911 3213 3966 simili
3267 3908 3404 3962 dixit

186 4007 543 4080 Hieronymus
583 4011 654 4078 (Ic)
683 4049 697 4071 ,
741 4011 900 4063 timor
937 4007 1027 4062 Dei
1069 4008 1345 4063 hominum
1386 4010 1630 4063 timorem
1669 4013 1906 4080 expellit.
1957 4011 2190 4066 Omnino
2231 4011 2446 4065 Samuel
2496 4009 2763 4079 ejusmodi
2813 4006 3046 4074 scriptor
3080 4008 3202 4065 est,
3242 4014 3403 4072 quem

180 4104 435 4172 genuisse
472 4102 711 4157 Armenii
751 4105 941 4158 merito
978 4105 1302 4175 glorientur,
1344 4104 1591 4177 Europei
1631 4117 1815 4163 autem
1853 4123 2000 4162 nunc
2039 4122 2374 4178 COgnoscere
2413 4107 2668 4178 gestiant.

252 4340 332 4424 (ej
371 4339 507 4410 Lege
543 4339 856 4410 Serposium
903 4342 1220 4410 Compendio
1271 4346 1501 4410 slorico,
1553 4356 1592 4402 t.
1655 4345 1736 4412 11,

1847 4417 1858 4424 ⁸
1915 4347 1988 4415 (ῃ)
2030 4344 2169 4414 Lege
2203 4343 2541 4422 Serposium,
2572 4352 2624 4424 .t.
2653 4340 2732 4424 11,ε
2764 4335 3192 4424 ρηιὲεόποῦρῖ
3221 4350 3398 4424 statim.

176 4427 236 4483 P-
261 4404 338 4484 δέ
369 4404 486 4484 ἓίιίῖο
644 4404 661 4410 ’
1034 4404 1043 4410 ’
1489 4404 1498 4410 ’
1721 4404 1732 4412 ’
1845 4404 2082 4484 itemque
2108 4404 2432 4469 vsermo'ucm
2485 4404 2656 4482 ipsius
2694 4404 2981 4467 O‘z'nieusis
3011 4415 3193 4461 contra
3227 4404 3403 4460 Hian-

252 4483 325 4550 (ὁ)
368 4481 582 4558 Set-pos.
613 4485 916 4558 Compend,
949 4495 988 4538 t.
1021 4486 1062 4539 ll
1085 4527 1101 4551 ,
1130 4504 1182 4558 p.
1213 4487 1282 4541 46
1308 4496 1361 4541 et
1391 4486 1510 4540 454.

523 4501 582 4539 DS.
613 4485 916 4558 Compend,
949 4495 988 4538 t.
1021 4486 1062 4539 ll
1085 4527 1101 4551 ,
1130 4504 1182 4558 p.
1213 4487 1282 4541 46
1308 4496 1361 4541 et
1391 4486 1510 4540 454.
1847 4497 1900 4539 ια
1933 4481 2079 4538 licus.

260 4557 331 4625 (ς)
373 4553 449 4625 ait
486 4570 574 4608 an.
608 4558 704 4610 (1h.
742 4557 865 4610 045.
1130 4553 1148 4558 '

1130 4553 1148 4558 ⁷
1916 4559 1993 4625 (In
2034 4554 2111 4607 Ad
2143 4571 2234 4612 an.
2267 4555 2367 4611 Ch.
2404 4555 2561 4625 11ιᾷ

258 4622 334 4695 td)
364 4622 451 4695 .Ad
487 4639 575 4675 an.
609 4627 707 4679 (.h.
741 4625 844 4677 495
875 4634 925 4677 et
955 4627 1075 4681 511.
1131 4694 1136 4695 ί

1005 4627 1075 4681 ι-ι.
1131 4694 1136 4695 ν
1919 4622 1990 4695 (ξ)
2033 4626 2110 4676 Αιι
2147 4642 2237 4678 au.
2270 4627 2370 4678 Cn.
2404 4623 2561 4678 n26.

253 4693 321 4767 (ς)
362 4689 496 4767 Lege
527 4696 842 4767 Serposium
875 4694 1185 4765 Compend.,
1219 4705 1259 4752 ι.
1294 4695 1371 4763 Il,
1401 4712 1453 4767 p.
1487 4697 1610 4752 4.56.
2035 4695 2110 4767 Ad
2145 4712 2232 4747 au.
2269 4697 2367 4767 Ch.
2404 4696 2619 4767 illudut

250 4761 329 4834 (ι’)
366 4761 451 4816 Ad
477 4781 564 4818 an.
601 4761 696 4819 Ch.
735 4766 852 4820 7l8.
1007 4761 1016 4765 ⁷
1172 4761 1177 4762 ⁷
1357 4761 1365 4763 “
1401 4761 1420 4767 ’
1920 4761 1990 4836 (Ir)
2034 4763 2256 4833 l’rwl'at.
2295 4765 2361 4819 ad
2397 4762 2606 4818 Eusebii
2637 4761 2830 4818 Chron.
2863 4763 2916 4816 in
2949 4763 3074 4820 tino.
