3940 6208
618 311 722 368 607
1675 323 2015 378 APPENDIX
2061 327 2149 380 AD
2190 329 2457 385 EUSEBII
2495 331 2908 392 CllRONlCON.
3684 352 3744 406 ωε

1381 543 3747 589 Μ

1647 718 2214 877 SAMUBLIS
2303 723 2844 882 ANIENSIS

1312 1008 2134 1128 SUMMARII
2268 1019 3200 1136 TEMPORUM

1849 1250 2136 1350 PARS
2209 1254 2618 1346 PRIOR.

1923 1617 2590 1715 PROLOGUS.

734 1929 747 1941 .
789 1886 924 1939 Cum
962 1894 1073 1940 tres
1118 1885 1171 1937 in
1214 1893 1397 1954 partes
1425 1887 1739 1941 universum
1768 1891 2032 1960 temporis
2063 1908 2190 1962 spa-
2217 1903 2262 1956 Λ
2292 1899 2346 1947 et
2380 1891 2664 1947 ministros
2693 1898 2745 1946 et
2781 1891 3035 1945 conscios
3067 1905 3285 1944 arcanae
3321 1891 3587 1944 voluntatis
3609 1905 3687 1944 sua
3708 1892 3751 1944 leo

622 1977 756 2029 tium
790 1974 954 2029 dividi
986 1976 1178 2038 soleat,
1215 1976 1268 2028 in
1295 1977 1629 2046 prmteritum
1658 1978 1930 2042 videlicet,
1966 1981 2018 2035 in
2052 1998 2191 2052 pra:-

624 2084 748 2122 scns
778 2075 940 2137 atque
989 2068 1042 2120 in
1077 2067 1338 2132 futurum,
1385 2069 1636 2123 humana:
1683 2079 1862 2125 tamen
1894 2073 2190 2129 voluntatis

623 2158 836 2214 affectio
866 2160 931 2213 ad
975 2161 1231 2228 prater-ili
1279 2161 1453 2230 magis
1494 2168 1657 2230 atque
1693 2161 1884 2226 futuri,
1922 2180 2086 2233 quam
2123 2167 2189 2220 ad

625 2254 905 2324 praesentis
951 2254 1319 2322 cognitionem
1362 2253 1490 2307 ferri
1541 2253 1773 2308 videtur.
1817 2255 1935 2310 Jam
1981 2257 2094 2312 fore
2132 2266 2190 2311 ut

626 2347 891 2402 homines.
928 2349 1042 2400 sive
1087 2346 1230 2400 sacri
1286 2347 1400 2401 sive
1432 2345 1668 2415 profani,
1715 2348 1802 2402 illa
1838 2351 2018 2418 potius
2062 2361 2194 2406 tem-

620 2456 750 2509 pora
777 2439 1134 2509 inquirerent,
1162 2437 1353 2492 divina:
1381 2455 1598 2509 quoque
1627 2438 1926 2511 Scriptura:
1955 2459 2054 2498 nos
2092 2444 2190 2498 do-

621 2541 765 2593 cent,
797 2530 1232 2601 quandoquidem
1265 2532 1349 2586 vel
1384 2531 1517 2602 ipsis
1549 2531 1910 2589 familiaribus
1941 2537 2058 2592 suis
2081 2537 2190 2592 aie-

622 2624 711 2678 bat
758 2623 845 2677 ille
881 2621 1141 2676 Viviticus
1169 2663 1184 2689 ,
1217 2641 1234 2672 ‹
1265 2621 1381 2677 Νοη
1410 2631 1494 2678 est
1540 2637 1779 2678 vestrum
1826 2642 1988 2682 nosse
2029 2628 2189 2685 horas

619 2725 675 2770 et
695 2714 771 2788 (l)
801 2724 1043 2784 tempora
1073 2731 1192 2785 qua:
1219 2714 1378 2770 Pater
1401 2717 1580 2786 posuit
1605 2698 1656 2770 in
1681 2733 1776 2772 sua
1809 2721 2132 2788 potestate‘.
2165 2741 2182 2772 ι

621 2808 777 2874 Quod
815 2808 1033 2862 effatum
1079 2823 1187 2862 non
1223 2807 1290 2862 de
1339 2823 1596 2877 supremo
1629 2795 1805 2864 solum
1839 2812 2186 2880 exterminio,

619 2901 713 2955 sed
748 2899 815 2955 de
850 2900 1186 2968 temporibus
1230 2901 1484 2955 omnibus
1531 2900 1741 2955 idcirco
1775 2903 2186 2971 prommtiatum

620 3008 781 3048 verax
823 2993 913 3046 ille
944 2991 1212 3046 Eusebius
1242 2991 1316 3044 ait
1343 2991 1442 3061 (2),
1472 3001 1529 3046 ut
1559 2992 1605 3048 si
1638 2994 1729 3064 qui
1765 3003 1893 3049 sunt
1926 2996 2191 3051 curiosio-

621 3103 708 3142 res
742 3095 904 3156 atque
952 3086 1134 3139 inania
1185 3093 1515 3147 scrutantes,
1569 3085 1603 3139 ii
1651 3088 1839 3156 paucis
1887 3087 1972 3143 his
2009 3091 2188 3143 verbis

619 3179 1044 3238 deterrerentur,
1081 3176 1373 3244 quominus
1415 3174 1724 3230 doctrinam
1778 3185 2084 3248 temporum
2130 3196 2190 3235 se

2293 1983 2387 2046 cit,
2430 1997 2721 2052 rerumque
2762 1980 3119 2036 ineffabilium
3173 1995 3390 2050 gnaros,
3431 1994 3620 2049 quarum
3657 1981 3748 2034 lucu-

2294 2077 2438 2130 lento
2469 2074 2756 2144 splendore
2795 2081 3060 2129 creatum:
3101 2074 3371 2128 universae
3408 2081 3624 2127 saturata:
3657 2080 3746 2126 sunt.

2293 2167 2552 2222 llomines
2591 2165 2755 2236 igitur
2785 2167 3028 2220 omnium
3079 2180 3264 2220 rerum
3314 2172 3518 2218 naturas
3550 2163 3748 2224 edoctide

2294 2257 2599 2328 praeteritis,
2639 2258 3000 2327 prmscntibus
3041 2265 3209 2327 atque
3243 2255 3434 2328 futuris
3466 2256 3658 2309 scribere
3687 2270 3745 2321 ag-

2292 2351 2466 2423 gressi
2504 2358 2653 2415 sunt,
2692 2358 2878 2421 utpote
2905 2351 2974 2405 ab
3007 2351 3157 2406 illius
3200 2327 3664 2416 veracis.discipulis
3689 2361 3750 2398 no-

2292 2443 2439 2498 tione
2470 2441 2716 2496 veritatis
2759 2443 2948 2495 imbuti
2975 2460 2988 2495 :
3016 2450 3133 2496 tum
3173 2441 3334 2495 etiam
3366 2438 3688 2494 disertissimus
3710 2443 3742 2488 et

2293 2535 2734 2605 sapientissimus
2779 2534 3008 2603 quisque
3040 2532 3112 2588 ad
3155 2530 3495 2588 elaborandas
3529 2528 3660 2600 gentis
3682 2540 3747 2580 sua

2291 2625 2753 2696 chronograpbias
2779 2625 3044 2679 incubuit.

2360 2719 2411 2774 5.
2456 2717 2605 2785 Quos
2644 2718 2785 2773 inter
2816 2719 3047 2788 (primos
3097 2720 3322 2790 inquam
3367 2717 3574 2786 itemque
3598 2708 3746 2766 novissi-

2292 2812 2429 2880 mos)
2463 2811 2857 2880 amplissimum
2891 2808 3182 2879 dignitatis
3213 2810 3384 2864 locum
3417 2809 3578 2862 beatus
3599 2802 3663 2856 ille
3682 2798 3745 2852 Eu-

2291 2904 2475 2958 sebius
2517 2903 2795 2957 obtinuit:
2840 2901 3038 2957 deinde
3072 2902 3330 2958 Socrates
3371 2893 3743 2966 historiographuiv

2291 2995 2491 3065 aliique
2521 2997 2854 3066 complures.
2890 2993 3105 3050 Nostra:
3135 3010 3298 3066 porro
3320 2993 3482 3066 gentis
3507 2990 3677 3060 primum
3692 2983 3746 3034 aio

2292 3087 2614 3141 historicmn
2653 3086 2821 3139 fuisse
2849 3087 3311 3157 Agathangelum,
3335 3084 3423 3156 qui
3453 3075 3740 3150 originesscﬁ-

2292 3179 2399 3248 psit
2445 3178 2864 3234 illuminationis
2902 3178 2978 3250 (4)
3027 3179 3406 3234 Armeniorum
3452 3179 3635 3227 curante
3666 3165 3740 3216 dim

623 3270 838 3340 assequi
885 3286 1044 3340 posse
1072 3276 1219 3324 certa
1264 3269 1492 3323 scientia
1529 3269 1886 3325 confiderent.
1938 3272 2189 3328 Profecto
2224 3252 2260 3306 n
2292 3270 2575 3341 Gregorio,
2611 3271 2768 3340 cujus
2800 3272 2962 3325 etiam
2996 3270 3316 3326 multimoda
3347 3264 3571 3339 patientia
3591 3254 3737 3313 mirabi-

620 3361 862 3413 divinum
901 3360 1003 3412 hoc
1032 3358 1487 3428 Dominicumque
1517 3360 1800 3414 oraculum
1831 3377 1895 3415 co
1919 3363 2189 3433 praecipue

626 3453 848 3507 nomine
870 3453 1075 3506 editum
1102 3460 1209 3514 est,
1243 3458 1301 3504 ut
1326 3468 1586 3506 vanarum
1610 3468 1789 3507 rerum
1815 3456 2189 3524 exploratores

622 3547 840 3598 incasso
867 3545 1050 3598 labore
1097 3541 1507 3613 supersedcant.
1541 3545 1671 3611 Qua:
1701 3545 1845 3600 enim
1873 3547 2089 3616 cognita
2137 3557 2191 3601 et

622 3635 964 3689 considerata
1001 3635 1254 3689 utilitatis
1301 3635 1508 3706 aliquid
1556 3636 1811 3700 afferunt,
1845 3653 1909 3691 ca
1957 3639 2074 3708 ipse
2112 3640 2188 3710 (ὖ)

621 3729 808 3780 docuit
842 3727 1126 3796 palamque
1161 3726 1286 3781 fecit
1329 3727 1384 3781 in
1416 3727 1750 3797 propheticis
1782 3728 1956 3794 libris,
1989 3729 2189 3797 quibus

623 3822 799 3873 omnia
849 3835 916 3874 cx
959 3819 1149 3874 ordine
1195 3821 1543 3876 continentur
1585 3837 1788 3890 usque.
1820 3822 1887 3875 ad
1944 3821 2186 3876 divinum

623 3909 860 3966 Verbum
914 3927 1036 3966 cum
1091 3923 1285 3966 natura
1344 3927 1543 3967 carnea
1593 3913 1968 3981 conjunctum,
2029 3922 2190 3984 capto

625 4005 780 4058 initio
813 4004 883 4059 ab
909 4004 1147 4059 oraculis
1178 4020 1271 4059 ore
1303 4003 1469 4059 Musis
1499 4004 1763 4059 divinitus
1795 4005 2080 4075 evulgatis.

689 4097 746 4151 2.
785 4095 904 4150 Jam
933 4112 999 4152 ex
1031 4096 1276 4165 plurimis
1319 4096 1439 4165 ejus
1475 4097 1549 4152 rei
1582 4098 1764 4152 causis
1800 4096 1937 4153 duas
1975 4106 2186 4152 tantum

623 4189 923 4258 praecipuas
977 4197 1165 4241 notare
1214 4187 1442 4242 sufliciat
1471 4209 1482 4242 :
1513 4190 1658 4260 quod
1706 4189 1938 4243 divinum
1991 4191 2189 4243 scilicet

633 4279 856 4336 Verbum
888 4281 940 4334 in
977 4280 1168 4350 primis
1211 4279 1443 4333 voluerit
1491 4297 1553 4336 os
1580 4297 1770 4336 eorum
1805 4283 2185 4351 comprimere,

621 4373 714 4443 qui
744 4384 1028 4428 creaturas
1056 4371 1324 4441 principio
1350 4381 1403 4425 et
1443 4371 1544 4426 fine
1565 4381 1817 4428 carentes
1848 4373 2030 4429 dicere
2069 4377 2188 4430 ausi

621 4474 780 4531 sunt;
819 4464 1012 4520 deinde
1041 4480 1258 4520 eversos
1309 4473 1533 4535 paterna
1584 4465 1896 4520 inmeditate.
1942 4467 2188 4522 homines

621 4575 718 4629 spe
774 4559 969 4614 laetitici
1026 4558 1290 4612 adventus
1343 4559 1424 4612 sui
1483 4572 1774 4614 recreare:
1812 4560 2188 4630 superioribus

620 4649 978 4703 continuatim
1016 4649 1230 4705 seculis
1276 4649 1633 4704 humanitatis
1675 4665 1704 4704 a
1745 4667 1804 4706 se
1845 4653 2188 4707 assumendae

2293 3363 2416 3417 liter
2453 3363 2726 3416 inclaruit.
2778 3362 3012 3418 Secutus
3051 3372 3139 3420 est
3175 3363 3347 3417 Moses
3377 3348 3740 3414 Chorcnensislti-

2293 3455 2492 3509 storica
2519 3455 2872 3509 veridicentia
2913 3457 3232 3524 przrnobilis
3263 3475 3275 3509 :
3303 3451 3486 3508 deinde
3509 3448 3688 3505 Elisazus,
3708 3446 3740 3491 et

2291 3543 2530 3599 Lazarus
2580 3553 2634 3599 ct
2677 3543 2932 3608 Faustus,
2988 3545 3082 3614 qui
3134 3552 3190 3599 ct
3238 3539 3510 3614 Byzantius
3534 3534 3608 3601 (5).
3640 3525 3742 3596 Pmlo

2290 3638 2570 3707 antiquior
2616 3637 2956 3691 historicus:
2985 3653 3087 3692 nec
3137 3653 3248 3692 non
3295 3630 3549 3688 Heraclius
3593 3617 3740 3675 θεοΝο

2289 3728 2545 3796 episcopo
2586 3727 2836 3782 laudatus
2861 3727 2960 3798 (6),
3003 3737 3118 3782 tum
3171 3737 3224 3782 et
3257 3723 3497 3780 Leontius
3533 3713 3738 3787 pre-ibim,

2289 3828 2340 3874 et
2369 3818 2661 3880 Sabuhius,
2689 3827 2742 3872 et
2777 3819 3031 3875 dominus
3059 3818 3322 3881 Joannes,
3349 3825 3398 3871 et
3421 3808 3658 3884 posteriore

2291 3926 2438 3963 mum
2465 3918 2623 3964 aetate
2657 3909 2970 3981 Stephanus
2994 3911 3210 3977 doctor,
3253 3911 3576 3980 cognomento
3597 3891 3736 3950 Asolni-

2291 4003 2447 4057 chius
2475 4004 2574 4074 (7).
2607 4002 2783 4074 Atque
2825 4003 2879 4057 bi
2910 4004 2976 4058 de
3023 4005 3190 4061 rebus
3219 3997 3548 4057 Armeniacis,
3582 3991 3736 4050 item‘l0°

2291 4095 2380 4149 alii
2443 4095 2662 4166 plurimi
2724 4095 2791 4150 de
2863 4097 3093 4168 singulis
3149 4097 3431 4169 gentibus,
3497 4079 3734 4175 narratione!

2291 4203 2418 4243 suas
2444 4197 2732 4243 texuerunt
2755 4189 3130 4243 tantummodo
3159 4168 3280 4261 post
3310 4185 3542 4242 Adamum
3567 4168 3734 4262 paradiso

2288 4282 2592 4344 emissum,
2657 4283 2766 4335 vita
2831 4281 2951 4352 ejus
3005 4299 3170 4353 quam
3244 4282 3296 4336 in
3347 4273 3569 4350 Paradiso
3621 4258 3734 4363 6.368“

2290 4373 2605 4446 omissa(8).
2644 4415 2658 4429 .
2695 4417 2709 4430 .
2747 4413 2762 4429 .
2795 4376 2872 4429 uti
2905 4375 3168 4431 Dominus
3198 4373 3388 4437 aiebat,
3418 4366 3538 4422 diem
3562 4358 3732 4446 nimiunn

2289 4474 2343 4522 el
2373 4467 2586 4524 horam.
2637 4483 2744 4536 qua
2787 4467 2859 4522 sit
2909 4467 3027 4537 ipse
3073 4476 3352 4528 venturus,
3380 4476 3407 4515 a
3454 4452 3625 4512 nemine
3653 4444 3734 4492 an“

2291 4560 2546 4629 cognosci
2571 4561 2591 4590 ¹
2628 4578 2641 4613 :
2673 4575 2794 4629 quae
2827 4560 2990 4614 verba
3025 4576 3148 4614 cum
3192 4560 3257 4613 ad
3287 4552 3489 4624 angelos
3525 4537 3732 4629 Filium‘llle

2291 4655 2468 4724 ipsmn
2510 4654 2777 4716 retulerit,
2822 4653 3296 4724 interrogationem
3329 4649 3458 4701 hanc
3486 4625 3730 4724 commovet:

621 4744 936 4812 mysterium
969 4744 1241 4813 parabolis
1267 4743 1678 4813 visionibusque
1700 4744 2064 4810 cmifirmans;
2090 4761 2189 4816 po-
2290 4747 2450 4817 Atqui
2503 4746 2550 4801 si
2601 4753 2719 4800 erat
2753 4746 2868 4816 ipse
2915 4758 3206 4810 venturus,
3237 4750 3454 4813 quonam
3492 4715 3732 4817 idem_l’“°i°

622 4844 825 4890 stremo
851 4843 1026 4890 autem
1053 4835 1446 4905 perfectissima
1478 4837 1705 4891 scientia
1736 4837 2034 4906 discipulos
2056 4853 2186 4895 suos

622 4925 893 4989 imbuens,
928 4939 1118 4982 sancto
1149 4927 1353 4997 Spiritu
1384 4927 1440 4982 in
1469 4929 1687 4985 eosdem
1733 4928 1981 4986 immisso
2009 4948 2022 4985 :
2048 4945 2186 5000 quos

693 5083 712 5116 ⁸
750 5084 869 5138 Act.
897 5096 934 5146 ι,
968 5080 1018 5136 7.
1094 5083 1114 5113 ³
1153 5081 1318 5138 Marc.
1344 5099 1463 5149 xm,
1490 5083 1577 5138 32.

693 5239 769 5308 (Ι)
811 5239 884 5292 Ita
920 5247 1007 5310 iet,
1040 5254 1144 5291 non
1181 5239 1276 5299 rel,
1312 5239 1512 5294 habent
1543 5239 1759 5294 Samuel
1800 5241 2038 5310 itemque
2073 5241 2183 5293 Eu-

625 5311 810 5382 sebius
841 5312 893 5364 in
917 5309 1207 5382 Prognmio,
1227 5326 1326 5382 nec
1360 5325 1464 5363 non
1494 5309 1817 5382 Armeniaca
1840 5315 1955 5382 ipsa
1987 5310 2177 5365 Biblia.

625 5383 694 5434 At
723 5379 906 5435 Graeca
942 5388 995 5436 et
1024 5379 1214 5433 Latina
1249 5380 1442 5444 Biblia,
1469 5381 1564 5434 vel.

694 5451 772 5521 ('2‘,
812 5452 868 5506 In
902 5453 1098 5522 prioris
1128 5453 1252 5507 libri
1283 5449 1573 5506 Prommio.

691 5523 768 5592 (')
812 5523 967 5578 Deus.

693 5525 770 5666 ill

621 5665 782 5733 vulgo
823 5665 1176 5722 Illuminator.

695 5735 772 5805 (5)
817 5735 1039 5791 Videtur
1071 5737 1358 5792 dicendum
1398 5735 1633 5792 Faustus
1668 5735 2016 5805 Byzantinus.

693 5803 772 5881 (6)
813 5805 1090 5864 Obscurus
1112 5808 1193 5863 vel
1210 5815 1500 5876 corruptus
1514 5803 1728 5862 videtur
1742 5806 1828 5861 hic
1854 5807 2004 5862 locus
2022 5804 2074 5860 in
2095 5803 2186 5860 Sa-

811 5594 946 5668 llinc
985 5596 1142 5652 divus
1181 5596 1500 5668 Gregorius,
1548 5596 1615 5652 de
1643 5610 1753 5666 quo
1792 5608 1940 5657 mox,
1986 5591 2184 5648 dicitur

2290 4839 2479 4893 horam
2513 4838 2820 4894 nesciebat?
2849 4836 2988 4908 Ergo
3032 4853 3102 4892 ne
3148 4847 3374 4892 maerore
3401 4831 3529 4897 ipsos
3561 4804 3731 4867 alliceret.

2290 4930 2344 4985 id
2378 4931 2446 4986 ab
2476 4947 2541 4986 co
2567 4931 2768 4987 dictum
2800 4932 3071 4988 existimo.

2287 5241 2480 5296 muelis
2507 5242 2810 5296 codicibus.
2843 5241 2997 5308 Quod
3024 5253 3200 5297 autem
3225 5237 3404 5295 merito
3422 5210 3723 5308 ιηξτειέξλξξξξξξ

2292 5279 2480 5296 """‘“°
2507 5279 2821 5323 υυυ¹ν¹ν¹¹δ⁸⁸
2845 5279 2996 5324 κζιυυ
3024 5279 3200 5324 ⁸)““δ¹¹
3227 5279 3320 5295 ¹⁸“’“
3338 5279 3402 5319 ’,⁷⁷
3423 5279 3449 5283 ’⁷
3466 5299 3475 5309 .
3617 5279 3723 5330 ωιηιο

2292 5311 2599 5382 Stephanus
2642 5312 2989 5367 Aselmcluus
3035 5329 3086 5366 ιη
3142 5328 3251 5368 sua:
3290 5287 3718 5382 Ili_stortt{£’£mm

2290 5350 2536 5436 eumdem
2566 5383 2711 5436 hunc
2735 5384 2912 5437 locum
2941 5383 3129 5439 eadem
3143 5350 3465 5438 aobscuritate
3485 5350 3718 5418 labantium

2289 5453 2526 5536 exp-ipe}:
2578 5523 2592 5536 .
2621 5524 2632 5535 .
2722 5521 2737 5536 Δ
2917 5525 2949 5536 ..
3033 5523 3048 5536 .
3074 5525 3084 5536 .
3124 5533 3136 5536 ,
3213 5523 3225 5535 .
3265 5523 3276 5533 .
3340 5509 3447 5536 421.:
3489 5481 3716 5536 annuendi!”

2361 5503 2550 5592 (ἡδο
2578 5523 2666 5578 bis
2712 5521 2984 5580 Armeniis
3033 5523 3309 5579 historicis
3337 5509 3448 5571 alibi
3487 5503 3632 5567 ἰοηυοη

2289 5593 2522 5647 videtur.
3460 5648 3469 5659 ι
3655 5608 3718 5674 ιω

2361 5664 2436 5695 1m
2479 5663 2587 5695 um.
2616 5664 2734 5695 ‘nnn
2775 5665 2828 5695 ς..
2863 5665 3230 5695 ...ωηυιηιςη-,ς
3260 5649 3496 5695 εαωιιριιε
3517 5640 3656 5695 exemp

2360 5664 2436 5733 (8)
2479 5663 2588 5718 Hoc
2616 5664 2735 5719 loco
2775 5665 2830 5720 in
2861 5665 3230 5723 emendatiore
3260 5648 3496 5719 Samuelis
3517 5649 3592 5696 exe

2293 5734 2538 5789 inuuilur
2570 5736 2779 5789 lacuna.
