3940 6208
114 319 340 376 609⁸

893 323 1238 380 SAMUELIS
1269 323 1592 380 ANIENSIS
1631 323 1971 382 SUMMARII
2007 329 2388 388 TEMPORUM
2425 331 2602 388 PARS
2638 333 2680 387 1.

3278 334 3385 388 ’610

205 442 267 495 Α.
313 440 424 513 Ego
468 457 598 497 vero
640 442 925 514 imperitiae
965 443 1304 514 inscitiaeque
1348 460 1482 500 mea:
1522 445 1711 500 imme-
1739 447 1788 504 Δ
1815 445 2264 516 deprehenditur.
2307 449 2478 506 Porro
2527 459 2705 506 autem
2754 450 2790 504 ii
2835 456 3084 504 sanctum
3125 447 3385 520 Spiritum

114 548 285 601 mor,
322 542 376 588 te
416 541 675 604 rogante,
717 549 751 588 ο
798 534 1156 591 sanctimonia
1194 536 1406 606 fulgens
1446 535 1708 608 Gregori,

120 625 330 680 studio
379 626 476 680 tibi
507 625 842 696 obsequendi
897 627 1162 698 impulsus
1209 644 1327 683 sum
1373 629 1440 682 ad
1483 643 1545 682 ea
1591 644 1713 698 qua:

119 719 236 774 tibi
280 727 440 774 erant
481 719 536 772 in
567 719 709 774 votis
755 720 1065 779 scribenda.
1099 721 1290 792 Agesis
1341 722 1507 792 igitur
1536 721 1712 777 sancti

123 812 386 882 Spiritus
408 826 511 882 ope
537 810 734 878 fretus,
757 827 823 867 ex
848 812 934 867 his
953 812 1221 868 historicis
1249 814 1484 868 breviter
1506 829 1714 870 sermo-

119 907 227 964 nis
273 907 374 961 mei
415 908 704 970 rationem,
742 916 901 977 prout
933 915 1025 962 tua
1055 907 1159 963 fert
1203 909 1495 972 sententia,
1525 909 1714 962 decer-

125 1015 305 1070 pam;
339 999 413 1053 ita
446 1008 627 1055 tamen
656 1008 715 1054 ut
748 1017 1018 1074 nusquam
1051 1015 1081 1054 a
1110 1001 1358 1056 veritatis
1387 1000 1524 1054 calle
1549 999 1715 1056 deﬁe-

123 1101 312 1146 ctam.
344 1091 409 1147 Et
438 1092 660 1163 quidem
689 1109 755 1149 ex
800 1102 910 1147 tam
943 1093 1146 1164 ingenti
1181 1107 1408 1148 numero
1441 1091 1550 1147 duo
1580 1093 1714 1146 mihi

128 1187 421 1258 praecipue
473 1185 648 1241 facem
700 1186 1032 1258 praeferent,
1093 1187 1360 1243 Eusebius
1413 1203 1477 1242 ac
1538 1186 1716 1243 Moses

124 1278 539 1334 Chorenensis.
568 1277 686 1332 Jam
716 1295 846 1334 vero
887 1281 1120 1350 primum
1158 1281 1374 1351 quidem
1415 1281 1483 1335 ab
1510 1280 1717 1335 Adamo

129 1372 442 1436 inchoans,
476 1371 724 1426 desinam
767 1372 822 1426 in
863 1371 1178 1426 Noachum:
1211 1374 1336 1428 hinc
1369 1373 1436 1428 ad
1479 1374 1720 1429 Abraha-

130 1479 302 1518 mum
327 1479 496 1534 usque
514 1479 746 1534 pergam.
776 1464 970 1519 Postea
1007 1464 1542 1536 chronograpborum
1568 1481 1719 1522 more

128 1558 344 1613 lineari
380 1559 584 1613 ratione
615 1567 850 1626 tempora
881 1557 948 1611 ad
978 1573 1078 1614 nos
1107 1574 1280 1630 usque
1305 1559 1569 1630 digeram.
1611 1559 1716 1614 De-

135 1651 322 1721 nique
353 1651 455 1705 hoc
485 1651 538 1704 in
569 1665 733 1720 Opere
767 1649 814 1704 si
845 1665 984 1704 vana
1030 1650 1295 1721 rejecero,
1331 1661 1384 1706 et
1412 1652 1718 1708 necessaria

131 1744 469 1814 complexus
511 1741 686 1809 fuero,
719 1758 832 1798 rem
879 1743 976 1798 tibi
1018 1759 1105 1799 me
1146 1753 1356 1814 gratam
1402 1759 1563 1813 spero
1596 1759 1719 1799 esse

136 1835 446 1888 facturum.

215 1926 273 1981 5.
314 1923 523 1980 Revera
560 1940 1026 1996 supervacaneum
1063 1926 1315 1983 ducimus
1353 1926 1496 1981 haud
1526 1927 1721 1997 proba-

145 2019 290 2074 biles
338 2018 717 2074 Chaldaeorum
765 2020 1022 2076 historias
1071 2029 1126 2075 et
1173 2021 1457 2075 barbarica
1501 2022 1720 2075 nornina

145 2111 384 2167 recitare
403 2131 416 2166 :
433 2113 630 2182 quibus
651 2113 697 2170 si
720 2112 843 2184 quis
864 2113 1146 2184 indigebit,
1171 2123 1369 2182 praesto
1398 2123 1481 2168 est
1507 2112 1720 2168 mirifici

145 2205 374 2260 Eusebii
415 2207 570 2268 liber,
605 2208 726 2262 sine
761 2221 868 2277 quo
895 2206 1264 2276 nosmetipsos
1305 2206 1448 2260 haud
1482 2207 1721 2262 scribere

145 2315 314 2367 posse
366 2298 634 2376 fatemura
665 2297 986 2370 Quanquam
1047 2314 1237 2366 reapse
1290 2297 1552 2368 quidquid
1601 2299 1721 2370 ejus

143 2391 367 2460 generis
402 2392 474 2445 ibi
507 2392 769 2462 scriptum
798 2401 904 2458 est,
936 2408 1111 2463 neque
1143 2393 1550 2464 opportunitate
1572 2402 1722 2449 caret

147 2499 329 2554 neque
379 2484 630 2540 utilitate.
692 2483 806 2540 Etsi
853 2485 996 2540 enim
1060 2486 1366 2556 peregrinis
1407 2487 1721 2542 nominibus

147 2577 366 2645 priscos
393 2574 581 2630 Patres
619 2575 892 2647 indigitat,
929 2592 1307 2648 annorumque
1338 2579 1578 2634 rationes
1621 2579 1724 2632 im-

147 2669 387 2723 maniter
427 2667 766 2723 exuberant:
796 2666 1014 2722 Patrum
1067 2677 1247 2724 tamen
1291 2684 1554 2723 numerus
1593 2684 1723 2724 con-

146 2761 298 2832 gruit
330 2775 452 2814 cum
481 2759 686 2817 divinis
714 2761 1002 2832 Scripturis
1028 2761 1126 2833 (9).
1158 2761 1280 2814 Alia
1307 2761 1531 2831 insuper
1555 2775 1721 2814 causa

151 2853 278 2916 fuit,
315 2855 664 2926 quamobrem
718 2872 782 2910 ea
817 2855 1154 2910 referrentur
1195 2871 1316 2924 quae
1367 2854 1437 2908 ab
1477 2854 1584 2908 illis
1610 2853 1721 2922 uti)

152 2945 313 3014 quasi
340 2946 738 3001 somniantibus
761 2947 1063 3015 excogitata
1107 2953 1237 2999 sunt
1264 2963 1276 2998 :
1307 2945 1432 3014 quia
1463 2944 1722 2998 nimirum

152 3036 444 3093 Chaldaeus
488 3036 589 3091 fuit
620 3037 983 3101 Abrahamus,
1021 3038 1248 3108 ejusque
1280 3038 1517 3107 majores
1559 3036 1724 3092 Chal-

1820 536 2015 594 ducem
2041 541 2244 596 habent
2268 543 2362 612 qui
2383 540 2735 612 Septuaginta
2757 537 2918 595 Viros
2942 547 3222 596 sectantur
3239 539 3382 613 (15):

1815 630 2016 701 quibus
2041 648 2146 688 nos
2183 649 2398 704 quoque
2433 634 2797 699 adhaerentes,
2829 648 2965 697 rem,
2999 646 3164 704 quam
3196 647 3387 688 sumus

1814 725 2081 796 aggressi,
2108 725 2482 796 expediamus.

2448 855 2677 913 CAPUT
2716 856 2756 911 1.

1818 991 2075 1057 Quantam
2114 993 2250 1046 ratio
2282 1001 2566 1062 temporum
2587 991 2726 1061 apud
2753 989 3097 1061 Septuaginta
3128 989 3392 1061 Interpre-

1919 1073 1992 1117 tes
2019 1061 2466 1132 perscribatur'ab
2495 1061 2700 1116 Adamo
2731 1079 2889 1133 usque
2911 1064 2976 1116 ad
3007 1063 3283 1116 diluvium.

1884 1199 1928 1253 l.
1969 1197 2192 1256 Priscus
2222 1201 2386 1255 homo
2421 1197 2664 1253 Adamus
2694 1203 2817 1266 post
2847 1196 3046 1250 exitum
3076 1209 3106 1250 e
3138 1193 3392 1265 paradiso

1818 1307 1963 1347 anno
2007 1295 2182 1348 :‘etatis
2221 1307 2397 1346 ccxxx
2439 1291 2624 1362 genuit
2669 1287 2892 1343 Sethum
2923 1303 2988 1342 ex
3020 1286 3126 1340 Era
3160 1289 3392 1357 conjuge

1817 1399 1918 1440 sua
1948 1404 1959 1439 :
1989 1385 2230 1456 vixitque
2255 1385 2432 1439 adhuc
2455 1384 2614 1438 annis
2635 1396 2730 1436 occ
2755 1395 2927 1450 usque
2954 1377 3020 1433 ad
3043 1394 3260 1433 cxxxvn
3282 1380 3390 1448 (H3)

1816 1489 2019 1528 annum
2066 1474 2368 1529 Malalielis.
2419 1473 2570 1528 Alios
2626 1487 2841 1542 quoque
2903 1470 3090 1540 genuit
3149 1469 3289 1525 ﬁlios
3339 1476 3394 1524 et

1819 1568 1982 1622 ﬁlias.
2017 1565 2163 1623 Obiit
2192 1566 2367 1621 relatis
2401 1581 2546 1619 anno
2577 1579 2870 1619 nccccxxx.

1892 1659 1955 1714 ll.
2003 1659 2204 1715 Setbus
2255 1675 2429 1714 annos
2467 1666 2629 1714 natus
2671 1672 2768 1711 ccv
2813 1654 2999 1725 genuit
3042 1652 3281 1708 Enosum
3326 1659 3394 1707 Cx

1822 1753 1989 1807 Alora
2049 1751 2189 1822 (17)
2251 1751 2483 1821 conjuge
2532 1766 2630 1806 sua
2686 1768 2699 1804 :
2756 1748 2999 1816 vixitque
3060 1746 3238 1800 adhuc
3296 1760 3394 1798 an-

1822 1847 1909 1900 nis
1969 1860 2142 1900 nccvn
2208 1859 2381 1912 usque
2433 1843 2500 1896 ad
2549 1859 2619 1897 xx
2667 1855 2868 1894 annum
2918 1838 3146 1892 Enochi.
3199 1836 3396 1893 Genuit

1820 1937 1962 1992 ﬁlios
1994 1946 2048 1992 et
2087 1937 2243 1992 ﬁlias.
2279 1935 2427 1991 Obiit
2455 1937 2630 1990 relatis
2664 1949 2806 1988 anno
2832 1946 3071 1987 occccxu
3106 1930 3235 2000 (18).

1895 2027 1984 2081 lli.
2027 2027 2242 2084 Enosus
2270 2044 2444 2082 annos
2469 2037 2632 2082 natus
2663 2041 2762 2080 cxc
2793 2026 2976 2096 genuit
3008 2023 3304 2078 Cainanum
3327 2038 3393 2076 ex

1821 2121 2012 2176 Nuena
2064 2122 2295 2192 conjuge
2333 2136 2430 2176 sua
2464 2138 2478 2176 :
2516 2120 2760 2189 vixitque
2805 2119 2981 2173 adhuc
3017 2117 3177 2172 annis
3226 2131 3395 2170 occxv

1821 2229 1996 2284 usque
2050 2213 2116 2266 ad
2169 2227 2264 2266 LIII
2319 2226 2520 2264 annum
2566 2211 2901 2264 Mathusalm.
2943 2207 3142 2264 Cenuit
3173 2207 3313 2263 ﬁlios
3341 2214 3395 2263 et

1825 2305 1990 2360 ﬁlias.
2026 2303 2172 2360 Obiit
2203 2304 2380 2358 :etatis
2410 2317 2553 2357 anno
2588 2317 2827 2356 occccv..

1895 2396 1987 2452 IV.
2028 2396 2304 2453 Cainauus
2342 2411 2517 2451 annos
2564 2402 2727 2450 natus
2757 2409 2894 2450 eux
2943 2394 3130 2465 genuit
3157 2392 3395 2448 Malalie-

1821 2492 1926 2547 lem
1984 2506 2050 2545 ex
2107 2489 2367 2545 Malaleda
2421 2488 2653 2559 conjuge
2703 2503 2802 2543 sua
2860 2503 2874 2540 :
2929 2487 3172 2557 vixitque
3221 2485 3395 2539 adhuc

1823 2583 1984 2637 annis
2034 2596 2204 2635 nccxt.
2277 2594 2450 2650 usque
2510 2580 2577 2632 ad
2639 2595 2800 2632 Lxxxt
2857 2593 3059 2631 annum
3120 2575 3370 2632 Lamch

1822 2675 2022 2731 Cenuit
2056 2675 2194 2729 ﬁlios
2221 2681 2273 2728 et
2308 2673 2463 2726 ﬁlias.
2491 2669 2638 2726 Obiit
2664 2672 2839 2726 relatis
2870 2687 3012 2724 anno
3043 2685 3262 2726 occccx.

1891 2763 1955 2820 γ.
1999 2763 2228 2818 Malaliel
2258 2778 2430 2818 annos
2460 2768 2621 2815 natus
2654 2775 2791 2814 cuv
2819 2760 3005 2831 genuit
3042 2758 3298 2813 Jaredum
3329 2774 3396 2814 ex

1824 2856 1958 2912 Dina
2001 2857 2234 2927 conjuge
2279 2871 2423 2910 sua:
2467 2855 2705 2925 vixitque
2757 2853 2934 2907 adhuc
2985 2851 3143 2906 annis
3189 2865 3397 2906 occxxx

1825 2965 1998 3021 usque
2054 2950 2121 3004 ad
2176 2963 2342 3004 vattt
2388 2961 2590 3002 annum
2643 2943 2868 3000 Noaehi.
2917 2941 3116 2998 Cenuit
3162 2943 3301 2997 ﬁlios
3345 2949 3400 2996 et

1824 3040 1984 3096 ﬁlias.
2017 3037 2163 3095 Obiit
2191 3040 2365 3095 :ntatis
2398 3053 2540 3092 anno
2574 3051 2828 3091 ncccxcv.

151 3131 283 3183 dam
327 3128 614 3199 indigenae,
674 3144 838 3198 quam
881 3145 994 3183 rem
1048 3129 1183 3183 liber
1223 3129 1498 3184 Ceneseos
1541 3138 1724 3200 aperte
1751 3155 1794 3213 ο
1899 3131 1987 3187 Vl.
2028 3129 2258 3186 Jaredus
2298 3146 2473 3186 annos
2519 3137 2682 3187 natus
2711 3146 2854 3186 CLxu
2898 3129 3084 3200 genuit
3117 3125 3396 3181 Enochum

158 3220 491 3290 prodit(H).
524 3219 637 3274 lino
688 3221 791 3275 illa:
842 3220 1193 3276 narrationes
1250 3223 1460 3275 nullum
1504 3222 1722 3276 veritati

154 3315 532 3371 testimonium
579 3330 686 3368 non
715 3315 1086 3385 suppeditant,
1121 3331 1314 3385 nempe
1349 3315 1492 3386 quod
1529 3317 1723 3370 attinet

153 3407 223 3462 ad
256 3407 545 3472 diluvium,
577 3407 644 3462 ad
677 3408 846 3463 turris
883 3408 1180 3478 opiﬁcium,
1218 3417 1379 3478 atque
1427 3409 1493 3462 ad
1527 3416 1722 3463 caetera

152 3516 278 3570 qua
307 3500 506 3562 ibidem
554 3509 982 3571 consequuntur.
1028 3499 1126 3564 Ea,
1165 3501 1399 3572 inquam,
1454 3501 1592 3554 ratio
1623 3499 1725 3554 fuit

158 3593 335 3648 beatis
363 3593 471 3646 illis
499 3591 755 3647 Patribus
787 3607 895 3650 cur.
928 3593 1041 3648 hate
1067 3592 1539 3647 commemoranda
1571 3603 1725 3662 puta—

158 3693 301 3740 rent.
324 3684 491 3740 Nobis
524 3695 704 3740 tamen
729 3701 854 3740 cum
882 3685 1111 3740 istorum
1148 3686 1552 3741 lucubrationes
1579 3688 1725 3740 solli-

159 3793 287 3832 cere
307 3777 613 3839 videantur,
642 3792 707 3832 ea
745 3778 971 3832 materia
1007 3777 1142 3832 satis
1167 3777 1292 3841 erit,
1322 3792 1442 3848 qua:
1471 3778 1723 3832 instituto

161 3877 352 3923 nostro
375 3869 653 3923 conducit.

231 3961 287 4016 6.
325 3959 441 4015 lam
471 3961 716 4031 ipsorum
751 3958 1146 4014 Chronicorum
1179 3959 1392 4013 initium
1420 3960 1490 4015 ab
1530 3961 1721 4015 Adami

163 4073 193 4110 e
225 4054 494 4126 perbeatis
530 4054 640 4108 illis
670 4053 890 4109 sedibus
921 4057 1069 4109 exitu
1107 4056 1353 4110 seniores
1395 4055 1471 4108 illi
1503 4056 1723 4124 sapien-

164 4146 360 4202 tissimi
411 4145 700 4217 petendum
749 4155 1081 4201 censuerunt
1106 4147 1239 4220 (12).
1287 4147 1548 4217 Quisquis
1598 4163 1725 4202 vero

165 4238 320 4292 aliter
371 4246 625 4306 nugatur,
675 4234 1089 4290 diuturnitatem
1138 4237 1258 4306 ejus
1308 4238 1578 4292 incolatus
1619 4237 1724 4292 sibi

166 4343 287 4384 esse
335 4330 671 4398 exploratam
719 4327 1015 4395 dictitans;
1047 4338 1138 4382 aut
1190 4329 1258 4384 de
1305 4331 1430 4384 caeli
1479 4337 1534 4386 et
1579 4337 1724 4384 terra

168 4421 385 4476 conditu
418 4419 708 4476 temeraria
737 4418 914 4475 eﬂutit
937 4421 1080 4492 (15);
1117 4421 1264 4488 huic,
1310 4417 1554 4492 inquam,
1595 4437 1727 4477 eave

1830 3240 1897 3280 ex
1946 3223 2188 3278 Baraeha
2242 3223 2352 3295 (19)
2410 3221 2643 3293 conjuge
2692 3237 2790 3276 sua
2852 3240 2865 3275 :
2927 3221 3168 3290 vixitque
3220 3218 3400 3272 adhuc

1831 3319 2012 3373 annis.
2058 3332 2191 3372 nccc
2262 3331 2434 3385 usque
2493 3315 2558 3369 ad
2625 3329 2829 3370 ccuxxx
2908 3328 3109 3366 annum
3170 3307 3396 3364 Noachi.
3449 3385 3456 3390 .

1831 3409 2032 3466 Genuit
2064 3411 2202 3465 ﬁlios
2241 3418 2296 3464 et
2333 3409 2490 3462 ﬁlias.
2530 3405 2676 3462 Obiit
2708 3406 2884 3460 astatis
2920 3421 3062 3458 anno
3103 3418 3394 3458 occcccxn.

1904 3503 2012 3556 ΠΙ.
2056 3502 2311 3556 Euochus
2359 3516 2532 3554 annos
2575 3505 2736 3552 natus
2779 3512 2918 3551 Cva
2959 3495 3144 3566 genuit
3187 3493 3400 3547 Mathuv

1832 3596 2001 3649 salam
2055 3609 2121 3648 ex
2168 3591 2403 3646 Jadnera
2453 3593 2684 3661 conjuge
2732 3605 2830 3644 sua
2873 3608 2885 3644 :
2935 3588 3176 3658 vixitque
3222 3587 3401 3641 adhuc

1832 3689 1990 3741 anuis
2030 3702 2092 3741 cc
2137 3705 2148 3740 :
2197 3700 2432 3755 cumque
2480 3683 2591 3739 Deo
2634 3683 2947 3754 placuisset,
2985 3682 3284 3736 translatus
3317 3688 3401 3736 est

1831 3795 1976 3834 anno
2057 3794 2226 3832 xxxtn
2288 3774 2565 3831 Lameehi.
2627 3775 2825 3830 Genuit
2904 3773 3040 3828 ﬁlios
3094 3782 3149 3828 et
3206 3773 3398 3838 ﬁlias;

1831 3873 2133 3927 translatus
2179 3879 2262 3927 est
2309 3871 2489 3926 aetatis
2537 3885 2679 3923 anno
2719 3884 2940 3923 ccccxv.
2965 3865 3047 3922 Ab
3076 3867 3278 3920 Adamo
3307 3882 3402 3920 us-

1830 3981 1936 4037 que
1967 3965 2034 4020 ad
2066 3965 2342 4020 Enocbum
2375 3963 2696 4018 translatum
2739 3960 3114 4034 generationes
3137 3976 3210 4013 vn
3245 3959 3401 4013 anni-

1830 4074 1936 4129 que
1970 4072 2356 4111 nccccnxxxvn
2395 4055 2720 4112 conflantur.

1904 4147 2036 4203 Vlll.
2069 4148 2374 4203 Mathusala
2403 4163 2577 4202 annos
2603 4157 2766 4200 natus
2792 4158 2971 4199 cum
2997 4141 3183 4214 genuit
3209 4141 3400 4197 Lame-

1832 4243 1993 4296 cbum
2045 4257 2111 4295 ex
2159 4239 2310 4294 Edna
2355 4241 2587 4310 conjuge
2628 4254 2725 4293 sua
2761 4257 2775 4292 :
2806 4237 3048 4306 vixitque
3081 4235 3258 4290 adhuc
3303 4251 3400 4290 an-

1836 4336 1923 4390 nis
1967 4349 2164 4390 ncccn.
2208 4333 2308 4389 ilic
2357 4334 2517 4390 annis
2557 4349 2646 4386 xiv
2686 4331 2798 4403 (90)
2855 4331 3060 4386 diluvio
3107 4330 3399 4401 superfuit,

1835 4427 1978 4498 quod
2029 4443 2096 4482 ex
2143 4426 2316 4497 ipsius
2366 4425 2490 4479 vitae
2539 4424 2715 4495 spatio
2763 4421 3130 4493 cognoscitur.
3180 4420 3235 4475 In
3281 4421 3402 4474 aliis

167 4512 568 4569 ﬁdemtribuas.
597 4509 842 4582 Namque
871 4512 940 4567 ab
972 4527 1038 4568 eo
1060 4519 1452 4586 tempore,quo
1476 4514 1566 4569 ille
1601 4529 1729 4570 sua-
1761 4519 1806 4576 D
1839 4523 2019 4571 tamen
2048 4516 2450 4587 exemplaribus
2483 4515 2687 4569 vixisse
2713 4513 2872 4567 annis
2908 4521 3183 4582 postquam
3212 4526 3401 4582 genae-

165 4605 386 4659 vissimo
417 4605 541 4660 vitae
568 4619 766 4674 genere
793 4605 995 4660 excidit
1034 4606 1126 4676 qui
1146 4606 1257 4675 (14)
1290 4606 1534 4664 Adamus
1567 4622 1730 4662 voea-

167 4710 257 4754 tus
286 4707 368 4754 est
397 4697 527 4771 (quo
560 4699 778 4754 nomine
819 4713 1010 4754 omnes
1030 4702 1269 4755 cunctim
1300 4701 1548 4756 homines
1571 4701 1733 4772 signi-

172 4794 441 4864 ﬁcantur),
480 4793 636 4860 inde,
681 4792 938 4862 inquam,
984 4799 1171 4847 nostra
1225 4800 1531 4864 temporum
1591 4793 1732 4848 ratio

167 4885 442 4940 exordium
487 4885 650 4956 cepit,
709 4899 775 4940 ea
813 4883 1068 4940 videlicet
1113 4899 1233 4955 quae
1274 4885 1328 4939 in
1379 4881 1731 4958 Septuaginta

177 4979 417 5033 virorum
456 4979 907 5050 interpretatione
952 4979 1039 5034 est
1066 4997 1080 5034 :
1107 4977 1251 5050 apud
1285 4977 1542 5037 Hebraeos
1585 4980 1730 5036 enim

170 5073 460 5130 discrimen
487 5072 678 5144 ingens
715 5072 772 5128 in
813 5080 1117 5145 temporum
1163 5074 1467 5144 praesertim
1503 5089 1732 5130 numero

241 5228 313 5300 (‘9)
351 5227 554 5283 Confer
580 5227 799 5284 Eusebii
831 5227 1025 5285 Chron.
1062 5225 1105 5294 1,
1138 5243 1200 5293 tl,
1229 5228 1283 5285 8.

233 5303 341 5370 (l0)
381 5300 668 5357 Chatdteis.

266 5369 348 5433 Η)
389 5370 588 5426 Euseb.
636 5369 834 5426 Chron.
867 5371 909 5437 1,
941 5385 1056 5440 va,
1085 5368 1141 5424 2.

265 5441 348 5506 19.)
389 5440 586 5496 Euseb.
619 5441 815 5495 Chron.
848 5441 890 5502 l,
919 5439 1030 5500 xt't,
1062 5439 1181 5495 5-6.

237 5510 346 5583 (15)
378 5510 684 5586 Hoe_paeto
713 5513 962 5586 videntur
987 5515 1567 5586 peccare_nominatim
1599 5512 1728 5586 Syn-

168 5580 432 5706 cel‘ludset
479 5580 759 5639 Cedrenus
808 5585 864 5638 in
911 5597 1140 5638 suorum
1190 5580 1572 5640 Chronicorum
1619 5580 1728 5656 pri-

168 5670 286 5706 mor
327 5669 414 5706 us.

168 5669 414 5710 moratis.

240 5725 349 5792 (Μ)
379 5723 561 5778 Codex
589 5741 690 5794 pro
717 5725 807 5794 qui
836 5723 998 5794 habet
1027 5731 1198 5790 atque.

239 5791 696 5867 (15)Conl‘eratur
718 5791 914 5852 Euseb.
953 5791 1147 5849 Chron.
1188 5794 1228 5860 l,
1258 5811 1366 5864 ut,
1403 5793 1434 5850 7
1460 5804 1512 5853 et
1534 5797 1617 5855 i7.

1837 4621 1922 4664 rat
1959 4611 2195 4665 traditur
2231 4624 2541 4664 nccsxxxn.
2571 4607 2771 4664 Genuit
2802 4607 2941 4662 filios
2967 4616 3022 4662 et
3057 4605 3216 4662 ﬁlias.
3256 4603 3401 4661 Obiit

1833 4705 2012 4760 artatis
2039 4719 2184 4759 anno
2206 4718 2516 4758 DCCCCLXIX.

1902 4791 1998 4849 IX.
2064 4792 2369 4850 Lameebus
2427 4808 2603 4849 annos
2658 4801 2823 4848 natus
2881 4805 3157 4847 CLXXXVIII
3214 4790 3400 4862 genuit

1834 4885 2119 4942 Noachum
2169 4902 2200 4942 e
2246 4885 2433 4942 Bedna
2480 4885 2712 4956 conjuge
2756 4899 2856 4940 sua
2888 4903 2902 4939 :
2932 4884 3178 4954 vixitque
3222 4882 3401 4937 adhuc

1835 4980 1996 5036 annis
2025 4995 2232 5037 nxxxv.
2259 4979 2412 5035 Patri
2450 4994 2551 5036 suo
2586 4978 2901 5034 Mathusalae
2929 4985 3288 5050 praemortuus
3315 4984 3403 5030 est

1837 5068 2176 5134 Lamechus,
2225 5078 2513 5140 postquam
2575 5069 2788 5124 vixerat
2862 5083 3036 5139 usque
3099 5067 3168 5123 ad
3221 5081 3400 5120 oxxxv

1907 5229 2018 5302 (i6)
2057 5230 2213 5284 Alius
2240 5229 2410 5302 codex
2444 5245 2604 5284 cxxx.

1901 5301 2126 5370 (17):“.
2157 5301 2304 5365 cod.,
2332 5303 2529 5354 Azora.

1933 5373 2126 5436 18).“.
2174 5373 2321 5435 eod.,
2351 5386 2612 5427 DCCCCLII.

1928 5444 2016 5512 i9)
2045 5443 2130 5495 Al.
2158 5443 2306 5507 cod.,
2350 5443 2614 5497 Bavacha.

1901 5509 2014 5585 (20)
2067 5513 2247 5568 Codex
2309 5529 2450 5568 unus
2488 5514 2902 5585 gnuis.omisso
2952 5525 3212 5585 numero,
3257 5509 3398 5585 alius

1829 5581 2092 5642 mendose
2123 5586 2274 5639 annis
2299 5600 2459 5638 Lxxx.
2488 5581 2687 5638 Verum
2730 5583 3042 5652 supputatio
3070 5581 3228 5652 docet
3257 5584 3396 5635 scri-

1830 5657 2069 5712 bendum
2116 5671 2226 5710 xiv.
2288 5652 2617 5711 Conferatur
2659 5650 2927 5711 Eusebius
2969 5653 3073 5709 col.
3125 5650 3225 5706 11.7
3269 5666 3395 5707 cum

1829 5743 1884 5781 lt.
1924 5728 1972 5781 1.
