4008 6204
213 289 305 348 615

204 505 316 554 nico
343 505 549 559 exstet,
584 505 943 566 praeterquam
974 498 1116 567 apud
1163 498 1433 553 eruditum
1467 499 1756 568 quemdam

204 590 638 662 Ingeniosumque
710 587 906 660 Syrum
997 590 1322 658 hominem;
1400 592 1758 647 nihilominus

205 684 349 756 plane
386 682 546 737 nobis
599 691 859 738 constare
909 682 1278 739 Mestraimum
1326 683 1575 740 eumdem
1637 699 1759 740 esse

202 779 346 842 atque
380 771 759 834 Mezraimum,
810 772 902 843 qtti
946 773 1163 843 quidem
1213 772 1479 844 ALgyptus
1524 775 1756 841 videtur,

202 866 269 915 uti
314 859 623 917 Nebrothus
681 862 840 917 Belus
887 872 990 918 est.
1040 884 1059 916 ι
1108 862 1226 918 Jam
1261 872 1313 920 et
1358 866 1550 918 harum
1593 867 1758 920 trium

200 954 417 1025 gentium
450 953 534 1008 sic
566 954 889 1009 laterculum
917 956 1134 1025 digerit.

289 1043 481 1100 Semus
561 1084 578 1098 .
659 1083 676 1099 .
750 1045 990 1102 Chamus
1038 1088 1051 1102 .
1130 1087 1143 1100 .
1226 1089 1238 1101 .
1313 1047 1593 1104 Jabethus.

284 1137 675 1208 Arphaxades.
750 1139 963 1196 Chusus
1038 1182 1054 1197 .
1131 1179 1149 1195 .
1230 1180 1245 1194 .
1323 1140 1608 1198 Gamerus.

279 1229 579 1284 Cainanus.
664 1270 680 1282 .
758 1228 1102 1286 Mestraimus
1142 1270 1155 1282 .
1235 1273 1250 1288 .
1330 1231 1514 1287 Thira.

287 1321 405 1374 Sala
464 1359 481 1374 .
563 1360 577 1374 .
662 1359 676 1374 .
752 1320 1062 1378 Nebrothus
1137 1363 1150 1376 .
1231 1367 1243 1378 .
1321 1323 1684 1394 Thorgomus.

288 1411 576 1467 Heberus.
661 1454 676 1468 .
754 1412 950 1468 Babius
1041 1454 1055 1468 .
1134 1454 1147 1468 .
1227 1456 1238 1470 .
1317 1415 1541 1471 Haicus.

290 1503 569 1561 Phaleeus.
659 1545 673 1558 .
751 1505 954 1560 Anebis
1042 1549 1054 1560 .
1134 1548 1147 1561 .
1227 1547 1239 1560 .
1315 1506 1669 1562 Armenacus.

290 1598 576 1668 Bagavus.
658 1639 673 1653 .
749 1597 978 1654 Arbelus
1039 1638 1053 1654 .
1132 1640 1145 1653 .
1226 1640 1240 1653 .
1312 1600 1549 1654 Armais.

292 1691 584 1747 Seruchus.
666 1732 680 1745 .
755 1690 1002 1746 Chazalus
1043 1731 1057 1745 .
1137 1731 1151 1744 .
1231 1731 1245 1744 .
1319 1692 1561 1746 Amasia.

290 1782 592 1840 Nachorus.
659 1823 674 1837 .
749 1782 980 1839 Arbelus
1039 1825 1053 1838 .
1132 1825 1146 1839 .
1223 1821 1243 1840 .
1317 1779 1596 1839 Gelanius.

287 1873 482 1930 Thara.
565 1914 581 1929 .
657 1917 670 1929 .
747 1874 960 1932 Ninus.
1039 1916 1051 1929 .
1129 1917 1143 1930 .
1222 1915 1236 1930 .
1312 1875 1532 1929 Harma.

293 1968 674 2023 Abrahamus.
747 1967 950 2039 Ninyas
1040 2009 1055 2023 .
1134 2008 1148 2021 .
1230 2009 1242 2020 .
1317 1967 1570 2023 Aramus.

247 2059 304 2112 ‘5.
355 2057 560 2114 Deinde
585 2058 732 2113 addit
772 2077 784 2114 :
837 2077 855 2109 ι
895 2058 951 2113 In
981 2058 1172 2114 Chami
1218 2059 1434 2130 quidem
1472 2075 1646 2128 usque
1693 2057 1762 2112 ad

199 2148 378 2202 Ninum
405 2149 668 2219 progenie
706 2164 900 2212 annos,
933 2150 1132 2220 quibus
1160 2151 1390 2220 quisque
1419 2150 1751 2220 procreavit,

199 2253 451 2308 nusquam
496 2254 790 2309 expressos
819 2239 1068 2310 reperiri,
1111 2241 1192 2295 vel
1235 2240 1302 2293 ad
1334 2255 1432 2295 nos
1466 2247 1615 2295 certe
1646 2255 1758 2294 non

195 2330 497 2400 pervenisse
530 2348 542 2383 :
579 2338 690 2383 tum
724 2337 778 2385 et
823 2331 891 2385 de
920 2330 1148 2386 Jabetho
1173 2340 1363 2387 nostro
1391 2332 1524 2386 satis
1551 2342 1759 2386 certum

196 2420 315 2473 nihil
360 2419 548 2486 tradi;
598 2420 954 2476 nihilominus
995 2426 1300 2489 expositum
1345 2422 1539 2476 harum
1591 2422 1759 2475 trium

197 2509 511 2565 familiarum
547 2528 716 2582 genus
745 2520 971 2568 eatenus
999 2516 1126 2568 esse
1166 2514 1532 2578 verissimum,
1572 2524 1761 2584 quate—

196 2617 287 2656 nus
331 2604 742 2672 procreationes
790 2603 1042 2659 undecim
1089 2614 1218 2660 sunt
1260 2620 1433 2674 usque
1477 2605 1542 2659 ad
1585 2605 1759 2658 Abra-

195 2693 441 2756 hamum,
515 2692 746 2765 Ninyam
811 2704 974 2764 atque
1014 2694 1292 2751 Aramum.
1358 2698 1547 2755 Armus
1615 2704 1759 2755 enim

193 2786 565 2841 duodecimum
608 2787 786 2841 locum
828 2789 1038 2843 obtinet
1061 2792 1444 2862 posteriorque
1467 2791 1606 2847 Nino
1627 2802 1708 2849 est
1740 2811 1752 2846 :

194 2876 434 2947 idemque
465 2878 662 2932 acerba
687 2885 845 2934 aetate
888 2891 1113 2935 mortem
1148 2883 1281 2936 obiit
1324 2898 1354 2935 a
1401 2882 1759 2941 Samiramide

191 2985 376 3026 exesus.
419 2989 443 3022 -ι
484 2969 560 3026 De
590 2970 674 3026 his
704 2980 887 3026 autem
924 2972 1066 3027 haud
1102 2983 1186 3028 est
1215 2990 1312 3028 cur
1342 2977 1627 3046 quisquam
1657 2975 1758 3030 du-

192 3062 504 3116 bitationem
555 3077 665 3132 prae
709 3079 769 3118 se
806 3062 961 3118 ferat.
995 3062 1204 3134 Quippe
1265 3066 1339 3119 ait
1384 3084 1396 3119 :
1457 3084 1474 3116 ι
1511 3066 1757 3120 Certiora

191 3169 412 3224 quaeque
443 3169 511 3209 ex
541 3155 709 3210 variis
736 3155 979 3210 historiis
1012 3171 1111 3224 pro
1143 3157 1285 3210 virili
1319 3164 1473 3228 parte
1513 3158 1760 3228 decerpsi

192 3261 310 3314 quae
339 3262 369 3300 a
415 3247 636 3302 nemine
675 3247 940 3316 prudente
964 3257 1336 3318 oppugnatum
1374 3249 1438 3303 iri
1471 3258 1621 3319 puto,
1656 3250 1762 3306 nisi

191 3335 351 3405 aliqui
396 3336 536 3390 forte
573 3336 814 3390 veritatis
843 3337 1254 3406 exstinguenda:
1278 3339 1573 3407 cupiditate
1612 3340 1762 3394 labo-

191 3437 342 3482 rant:
366 3427 459 3497 qui
491 3428 539 3483 si
557 3428 658 3498 qui
690 3439 838 3492 sunt,
869 3429 1046 3484 isthoc
1077 3429 1294 3500 quidem
1319 3447 1378 3486 se
1411 3440 1568 3501 pacto
1591 3447 1764 3502 quan-

191 3527 297 3572 tum
323 3519 458 3573 libet
488 3521 780 3574 oblectent.
815 3539 834 3572 ι

253 3610 308 3664 4.
360 3607 471 3663 Nos
509 3610 674 3680 igitur
713 3611 825 3680 jam
871 3611 996 3666 inde
1039 3626 1069 3665 a
1112 3612 1288 3669 tribus
1330 3612 1538 3669 Noachi
1578 3615 1763 3670 liberis

191 3715 364 3770 usque
431 3701 500 3755 ad
564 3701 734 3756 divini
789 3702 952 3759 Verbi
1009 3706 1394 3761 revelationem
1444 3708 1759 3780 singillatim

188 3795 433 3848 scribere
477 3793 786 3856 ordiamur,
829 3797 1062 3864 primum
1107 3798 1325 3868 quidem
1375 3796 1517 3852 Semi
1565 3814 1762 3869 propa-

186 3889 391 3957 ginem,
440 3884 636 3940 deinde
683 3883 900 3951 Chami,
938 3897 1215 3956 postremo
1262 3889 1484 3944 Iabethi.
1517 3891 1758 3955 Semum,

184 3976 394 4032 Noachi
438 3985 624 4031 natum
676 3980 996 4046 maximum,
1043 3988 1230 4049 gentes
1283 3991 1480 4036 exterae
1529 3981 1761 4037 Zernani

185 4070 413 4123 nomine
440 4069 722 4135 denotant,
759 4069 1028 4124 Chamum
1060 4070 1262 4135 Titani,
1309 4073 1589 4128 labethum
1623 4073 1762 4144 lapi-

184 4161 373 4216 tostis.
414 4159 595 4231 Neque
633 4161 718 4216 his
761 4162 960 4228 solum,
993 4179 1176 4218 verum
1209 4165 1371 4217 etiam
1411 4167 1635 4236 reliquis
1667 4182 1762 4237 pa-

183 4253 449 4308 triarcbis
473 4264 630 4325 capto
665 4254 821 4308 initio
852 4255 920 4308 ab
947 4255 1152 4311 Adamn
1180 4257 1484 4315 inconditas
1523 4262 1762 4330 appella-

185 4348 370 4401 tiones
409 4345 684 4416 aﬂingunt,
729 4353 893 4416 atque
938 4362 1204 4401 annorum
1247 4363 1533 4403 numerum
1569 4351 1762 4406 unius-

1005 286 1351 344 SAMUELIS
1392 287 1706 344 ANIENSIS
1747 287 2082 344 SUMMARII
2120 284 2505 344 TEMPOBUM
2544 285 2722 342 PARS
2757 285 2798 343 Ι.

205 404 475 474 exemplari
509 414 789 460 exaratum
821 417 1094 469 occurrat.
1123 422 1302 476 neque
1345 407 1398 460 in
1436 407 1546 462 ullo
1581 406 1756 462 Chrn-
1788 411 1835 470 Α

3326 266 3435 344 δη

1932 406 2018 461 VI.
2114 405 2340 462 .laredus
2404 447 2418 460 .
2501 446 2514 462 .
2585 447 2601 461 .
2678 405 2933 460 Davonus
2962 407 3103 463 saris
3127 424 3180 461 ι.

1930 497 2041 554 VII.
2114 498 2414 553 Enochus.
2495 541 2507 555 .
2589 539 2601 551 .
2679 497 3430 559 Evendoracltussarisxvm.

1932 591 2065 645 VIII.
2113 592 2416 646 Mathusala
2492 629 2508 646 .
2583 631 2600 649 .
2676 592 3062 662 Amempsinus
3095 593 3236 648 saris
3267 608 3321 648 x.

1929 681 2019 736 IX.
2105 681 2406 739 Lamechus
2482 723 2496 737 .
2577 721 2594 735 .
2671 681 2908 738 Otiartes
2939 683 3079 739 saris
3105 700 3221 739 rm.

1931 774 1997 828 X.
2102 776 2377 830 Noachus.
2482 814 2496 827 .
2584 815 2595 825 .
2681 774 2980 830 Xisuthrus
3008 776 3323 830 sarisxvm.

1936 863 2252 919 Universam
2311 866 2495 919 decem
2567 864 2759 918 horum
2805 882 2989 936 regum
3042 874 3250 920 atatem
3291 866 3433 922 saris

1861 965 2076 1010 centum
2110 957 2295 1027 viginti
2319 955 2604 1020 deﬁniunt,
2632 972 2750 1024 qua:
2772 965 2898 1010 sunt
2932 972 3196 1010 annorum
3231 958 3433 1027 myria-

1862 1047 1958 1103 des
2007 1057 2117 1104 tres
2153 1065 2320 1117 supra
2364 1048 2724 1118 quadraginta
2761 1059 3132 1118 praetereaque
3166 1047 3249 1104 bis
3285 1050 3434 1103 mille

1863 1142 2010 1195 anni.
2062 1141 2185 1196 Ηωο
2238 1141 2661 1211 historiographi
2701 1140 3099 1194 Chaldaeorum.
3151 1141 3262 1197 Nos
3304 1155 3434 1196 vero

1864 1231 2083 1287 incertis
2113 1232 2198 1287 his
2229 1231 2629 1302 praztermissis,
2654 1229 3030 1300 aggrediamur
3052 1230 3120 1285 ad
3142 1231 3432 1286 dicendum

1865 1337 1984 1391 quae
2015 1323 2184 1376 divini
2219 1322 2342 1377 libri
2375 1323 2476 1378 hoc
2509 1331 2664 1392 pacto
2694 1320 2936 1375 tradunt.

2468 1458 2695 1514 CAPUT
2728 1457 2816 1513 IV.

2285 1569 2528 1625 Gentium
2561 1571 2840 1625 divisiones
2867 1570 3004 1642 (97).
3103 1563 3109 1568 ’

1937 1685 1989 1738 1.
2024 1683 2184 1739 Semo
2210 1686 2472 1756 progeniti
2495 1696 2620 1742 sunt
2643 1687 2882 1757 quinque
2912 1685 3067 1740 liberi
3102 1705 3118 1739 :
3147 1682 3369 1740 Elamus
3397 1699 3432 1739 a

1865 1792 1972 1846 quo
1997 1777 2269 1845 Elamitaa;
2298 1779 2528 1846 Asurus,
2559 1795 2588 1832 a
2605 1795 2712 1851 quo
2731 1780 2939 1850 Assyrii
2965 1796 2978 1842 ;
3004 1778 3376 1849 Arpltaxades,
3400 1793 3433 1834 a

1863 1888 1971 1941 quo
1989 1870 2223 1926 Chaldaei
2246 1891 2260 1940 ;
2280 1871 2483 1936 Ludus,
2509 1889 2538 1926 a
2561 1889 2669 1943 quo
2687 1872 2817 1944 Lydi
2852 1873 2963 1944 (98)
2991 1891 3005 1938 ;
3034 1872 3270 1943 denique
3297 1873 3436 1926 Ara-

1864 1981 2006 2026 mus.
2033 1981 2063 2018 a
2097 1979 2205 2034 quo
2241 1966 2468 2020 Aramazi
2494 1967 2584 2036 qui
2610 1967 2770 2020 etiam
2800 1963 2919 2036 Syri
2951 1965 3278 2018 vocitantur.
3299 1965 3435 2016 Ara-

1865 2057 1936 2110 mi
1968 2056 2123 2109 liberi
2158 2065 2319 2111 sunt:
2347 2055 2479 2116 llus.
2503 2072 2532 2110 a
2565 2073 2672 2126 quo
2697 2055 2822 2126 Lagi
2846 2075 2859 2121 ;
2885 2054 3044 2118 Enul,
3073 2071 3103 2107 a
3137 2070 3244 2124 quo
3285 2052 3435 2106 Enu-

1863 2148 1960 2215 Iii;
1994 2148 2194 2214 (Iader,
2233 2164 2262 2201 a
2303 2163 2411 2217 quo
2447 2147 2753 2218 Gaspheni;
2785 2147 3095 2211 Mosochus,
3122 2163 3151 2200 a
3181 2162 3290 2216 quo
3324 2144 3435 2199 Mo-

1864 2242 2000 2298 seni.
2038 2240 2157 2295 Filii
2182 2242 2523 2306 Arphaxadis
2556 2239 2740 2304 :Sala,
2776 2241 2934 2310 cujus
2993 2241 3134 2294 (ilius
3169 2239 3434 2305 lleberus,

1863 2348 2026 2403 aquo
2056 2331 2267 2388 Hebraei
2307 2332 2441 2404 (9.9).
2479 2331 2598 2385 Filii
2648 2330 2842 2387 lIehcri
2877 2351 2890 2386 :
2936 2330 3225 2392 Phalecus,
3259 2344 3288 2382 a
3327 2344 3438 2400 quo

1862 2425 2029 2494 stirps
2080 2424 2376 2478 Abrahami
2450 2425 2829 2493 componitur;
2890 2422 3186 2486 Jectanus,
3240 2437 3269 2477 a
3327 2437 3438 2493 quo

1861 2517 2297 2572 creauturliberi
2331 2516 2633 2571 tredecim:
2682 2532 2914 2586 quorum
2975 2525 3107 2570 natu
3167 2515 3440 2569 maximus

1834 2606 2214 2676 _Elmodadus,
2251 2622 2280 2660 a
2321 2621 2428 2677 quo
2463 2605 2578 2660 Indi
2607 2624 2622 2672 ;
2653 2615 2766 2660 tum
2823 2606 3073 2668 Salecus,
3107 2621 3137 2658 a
3175 2621 3286 2674 quo
3334 2604 3438 2658 Ba-

1860 2699 2053 2752 ctriani
2079 2715 2092 2764 ;
2120 2697 2499 2761 Asarmothus,
2518 2712 2670 2766 aquo
2699 2695 2940 2760 Arabes;
2967 2695 3255 2756 .larechus,
3275 2712 3305 2748 a
3326 2710 3436 2765 quo

1858 2786 2122 2843 Jarachaei
2145 2807 2159 2855 ;
2181 2787 2539 2852 Zodoramus,
2583 2802 2614 2839 a
2655 2801 2762 2855 quo
2792 2786 3024 2840 Carmeli
3052 2802 3066 2850 ;
3099 2783 3246 2846 Ezel,
3269 2799 3297 2836 a
3325 2799 3434 2853 quo

1858 2880 2088 2947 Ariani;
2126 2880 2309 2943 Decla,
2340 2894 2507 2949 aquo
2536 2876 2822 2942 Gedrusii;
2858 2875 3044 2938 Gehal,
3073 2889 3103 2928 a
3145 2890 3258 2944 quo
3304 2872 3437 2944 Scy-

1860 2972 1995 3037 tha);
2030 2972 2297 3038 Abimeel,
2330 2987 2360 3025 a
2388 2985 2495 3042 quo
2527 2969 2798 3040 Ilyreani;
2834 2967 2995 3032 Saba,
3024 2982 3054 3019 a
3093 2980 3201 3036 quo
3230 2965 3439 3019 Arabes

1863 3065 2022 3133 primi
2074 3064 2224 3134 (50);
2271 3062 2464 3133 Uphir,
2495 3078 2523 3115 a
2570 3077 2679 3132 quo
2723 3059 2963 3124 Aramii;
2997 3057 3202 3119 levila,
3248 3072 3277 3110 a
3328 3069 3438 3123 quo

1865 3154 2374 3226 CymnOSOphistze;
2407 3154 2634 3218 Joabus,
2687 3168 2717 3206 a
2768 3168 2875 3222 quo
2911 3150 3118 3204 Aradii.
3152 3148 3215 3202 Ili
3250 3161 3439 3202 omnes

1863 3246 2089 3304 Jectano
2121 3248 2284 3318 geniti
2320 3255 2446 3302 sunt
2471 3247 2634 3301 fratre
2656 3244 2879 3299 Pltaleci
2910 3263 2922 3297 :
2957 3256 3258 3310 eorumque
3283 3240 3434 3294 inco-

1864 3340 2048 3393 latusa
2063 3338 2248 3392 Masiis
2267 3337 2378 3407 (51)
2406 3352 2574 3407 uSque
2593 3337 2719 3392 dum
2740 3336 2924 3391 venias
2941 3334 3006 3387 ad
3035 3334 3297 3404 Spheram
3324 3332 3438 3405 (39)

1864 3439 2102 3484 montem
2132 3431 2487 3488 orientalem.
2520 3430 2772 3500 pertinet.
2809 3426 2873 3479 Et
2903 3426 3119 3496 quidem
3145 3424 3274 3478 alibi
3298 3425 3441 3478 dici-

1865 3529 1953 3575 tur
1982 3523 2092 3592 (55)
2141 3523 2394 3576 universa
2443 3519 2587 3575 Semi
2626 3521 2840 3575 soboles
2888 3526 3122 3573 tractum
3159 3533 3376 3572 onmem
3407 3531 3440 3570 a

1863 3613 2166 3668 Bactrianae
2198 3613 2399 3669 ﬁnibus
2431 3614 2666 3668 incolere
2701 3611 3072 3665 Rhinocuram
3099 3611 3210 3683 (54)
3239 3626 3437 3682 usque,

1863 3720 1974 3775 quo
2005 3705 2126 3760 loco
2181 3704 2337 3778 Syria
2383 3706 2453 3760 ab
2490 3704 2726 3776 JEgypto
2757 3706 3084 3766 secernitur,
3122 3703 3361 3772 itemque
3405 3715 3439 3754 a

1863 3796 2054 3851 Rubro
2086 3799 2256 3866 mari;
2279 3808 2332 3852 et
2354 3799 2423 3852 ab
2443 3813 2542 3852 ora
2574 3797 2743 3850 maris
2767 3795 2911 3865 quod
2934 3805 3018 3851 est
3048 3787 3115 3848 ad
3145 3795 3435 3849 Arsinoem

1863 3895 2128 3952 Indicam.

1947 3990 2002 4045 9.
2035 3985 2226 4044 Chami
2255 3985 2406 4039 liberi
2437 3983 2676 4054 quinque
2704 4001 2716 4035 :
2743 3995 2975 4051 quorum
3004 3986 3133 4032 natu
3165 3975 3437 4030 maximus

1862 4083 2104 4144 Chusns,
2135 4095 2164 4132 a
2218 4092 2326 4147 quo
2376 4075 2564 4130 Chusii
2607 4093 2620 4128 :
2680 4082 2793 4126 tum
2845 4069 3212 4131 Mestraimus,
3258 4082 3288 4120 a
3326 4081 3435 4136 quo

1862 4171 2131 4245 Egyptii;
2178 4170 2424 4232 Pnudus,
2467 4183 2496 4220 a
2542 4182 2650 4238 quo
2679 4165 3054 4235 Troglodytze;
3093 4161 3436 4221 Chanaanes,

1862 4281 1894 4320 a
1926 4281 2036 4336 quo
2054 4264 2170 4318 Afri
2193 4272 2356 4333 atque
2381 4261 2692 4316 Plimnices.
2720 4257 2890 4312 Chusi
2917 4255 3072 4310 liberi
3091 4260 3247 4307 sunt:
3271 4249 3434 4313 Saba,

1864 4360 1959 4422 Ila,
2018 4357 2238 4421 Sabaat,
2286 4354 2512 4426 Ilegma,
2560 4350 2888 4408 Sabacatha.
2937 4347 3152 4402 Rursus
3205 4343 3427 4414 Regula:

183 4438 461 4506 cujusque
499 4435 783 4506 proferunt
827 4453 842 4490 :
883 4452 1074 4506 nempe
1102 4437 1183 4492 sie
1222 4455 1234 4490 :
1275 4457 1294 4490 ι
1328 4436 1368 4494 I.
1399 4439 1596 4495 Alorus
1621 4442 1761 4496 saris

1867 4449 2046 4514 liberi,
2085 4449 2229 4503 Saba
2272 4455 2326 4502 et
2360 4446 2692 4502 Judadanes.
2741 4442 2908 4496 Aiunt
2943 4445 3204 4508 przeterea
3237 4436 3435 4490 divina:

184 4532 376 4586 decem
417 4527 548 4599 (‘26).
584 4548 604 4581 )
639 4529 800 4598 (Saro
839 4537 1017 4584 autem
1062 4539 1144 4586 ter
1182 4531 1331 4587 mille
1375 4546 1438 4586 ac
1472 4543 1757 4589 sexcentos

184 4635 368 4676 annos
417 4631 700 4676 contentos
751 4621 924 4675 aiunt.
975 4619 1144 4676 Neres
1193 4623 1354 4677 etiam
1402 4613 1664 4694 quosdam
1705 4633 1760 4680 et

184 4726 353 4768 sosos
381 4709 681 4781 adjungunt
714 4726 728 4762 :
760 4724 952 4764 uerum
989 4712 1117 4764 anni
1151 4714 1397 4766 sexcenti
1436 4713 1756 4780 coniiciunt,

183 4815 382 4859 susum
408 4799 732 4872 sexaginta.)

245 4893 328 4948 ll.
455 4891 650 4950 Sethus
726 4935 739 4948 .
819 4933 835 4950 .
911 4933 926 4947 .

249 4983 351 5041 III.
455 4985 667 5042 Enosus
731 5029 745 5042 .
825 5029 838 5041 .
913 5031 926 5042 .
1004 4989 1250 5045 Almelon
1280 4991 1423 5046 saris
1451 5005 1570 5046 xut.

246 5076 350 5134 IV.
448 5078 741 5137 Cainanus.
823 5121 837 5134 .
907 5122 922 5136 .
1004 5082 1305 5136 Ammenon
1331 5083 1474 5138 saris
1504 5097 1602 5136 xu.

248 5173 328 5228 ν.
451 5173 678 5231 Malaliel
721 5214 738 5230 .
815 5214 828 5228 .
910 5217 924 5231 .
993 5175 1347 5247 Amegalarus
1368 5176 1508 5232 saris
1537 5191 1695 5232 xvm.

1002 4893 1268 4966 Alaparus
1295 4896 1434 4952 saris
1462 4912 1547 4952 ιιι.

252 5329 377 5402 (26)
419 5330 613 5402 Confer
646 5331 848 5388 Euseb.
872 5329 1071 5385 Chron.
1106 5330 1150 5390 I.
1181 5347 1218 5397 ι,
1248 5332 1304 5385 9.

252 5399 377 5470 (‘27)
430 5399 538 5455 Hac
563 5417 726 5470 super
759 5418 814 5456 re
863 5402 1183 5456 consulendi
1225 5409 1352 5456 sunt
1384 5401 1655 5456 Eusebius
1694 5401 1750 5456 in

186 5472 421 5527 exordio
451 5473 596 5534 libri,
623 5472 932 5543 Syncellus,
969 5487 1020 5542 p.
1057 5472 1244 5536 45-51,
1285 5474 1519 5542 itemque
1540 5472 1754 5543 ,Cedre—i

189 5560 313 5604 nus.
343 5543 440 5596 fol.
465 5543 646 5610 12-14,
671 5542 1008 5613 quibuscum
1033 5559 1140 5598 non
1169 5545 1286 5600 sine
1319 5544 1498 5599 fructu
1530 5542 1754 5599 Samuel

189 5613 619 5684 comparabitur.

255 5683 379 5750 (‘28)
404 5684 488 5736 Al.
512 5683 656 5750 θοὰ..
688 5683 840 5738 Lazi.

257 5749 378 5826 (9.9)
405 5752 486 5809 Al.
520 5749 664 5822 cod.,
683 5753 910 5832 ﬂagri.

1867 4538 2080 4598 litterae,
2110 4552 2140 4589 a
2179 4535 2366 4589 Chuso
2395 4532 2638 4602 genitum
2688 4543 2812 4583 esse
2851 4525 3168 4586 Nebrotum,
3201 4521 3294 4591 qui
3325 4520 3437 4590 pri-

1867 4643 1990 4682 mus
2022 4628 2076 4680 in
2108 4627 2239 4682 orbe
2277 4625 2428 4695 gigas
2461 4623 2646 4686 fuerit,
2674 4630 2836 4690 atque
2878 4618 3022 4672 hunc
3043 4615 3311 4686 gigantem
3341 4627 3436 4668 co-

1866 4732 1982 4771 ram
2016 4715 2247 4770 Domino
2274 4715 2384 4768 Deo
2412 4711 2690 4767 venationi
2728 4723 2948 4779 operam
2983 4705 3201 4761 dedisse
3234 4723 3248 4758 :
3275 4719 3435 4759 eum-

1871 4807 2102 4878 demque
2143 4806 2487 4876 auspicatum
2522 4817 2645 4858 esse
2686 4814 2912 4872 regnum
2956 4813 2986 4850 a
3035 4796 3330 4867 Babylone,
3364 4793 3434 4850 ab

1869 4899 2069 4962 Oredo,
2105 4900 2174 4954 ab
2198 4895 2438 4959 Acbade,
2481 4910 2512 4950 a
2549 4893 2790 4949 Chalane
2825 4892 2878 4944 in
2921 4889 3142 4959 regione
3183 4885 3432 4942 Senaiar.

1868 4991 2109 5046 Indidem
2145 5000 2393 5046 exortum
2417 5002 2541 5043 esse
2567 4986 2827 5049 Asurum,
2861 4997 2891 5036 a
2919 4997 3028 5052 quo
3060 4979 3252 5034 Ninive
3275 4979 3434 5033 item-

1868 5099 1975 5155 que
1995 5083 2220 5138 Roboda
2254 5082 2388 5136 urbs
2411 5079 2751 5135 condebatur
2773 5092 2897 5131 cum
2927 5074 3169 5129 Chalane
3193 5092 3207 5126 :
3240 5079 3354 5126 tum
3378 5075 3435 5124 et

1871 5177 2226 5240 Rascmanes,
2258 5176 2400 5230 inter
2451 5171 2700 5227 Ninivem
2743 5179 2798 5225 et
2833 5168 3153 5231 Chalanem,
3185 5178 3306 5236 quae
3349 5168 3434 5217 est

2080 5330 2242 5413 Sync.
2276 5339 2327 5413 et
2348 5324 2816 5413 Cedreti._Arl£1be3
2849 5323 3049 5413 [τηρεε.

1931 5389 2040 5470 (3!)
2080 5389 2244 5456 Biblia
2285 5401 2402 5454 Lat.
2430 5401 2641 5467 vulgata
2674 5395 2811 5450 Gen.
2849 5411 2905 5459 κ,
2940 5393 3028 5458 3t),
3047 5391 3110 5446 de
3127 5389 3324 5444 Massa.

1933 5473 2041 5545 ('59.)
2074 5473 2488 5545 Biblia‘vulgata
2524 5471 2745 5545 Sephqr.

1939 5535 2051 5611 {35)
2091 5543 2222 5597 Vide
2253 5535 2565 5612 Syncellum
2590 5535 2643 5592 et
2669 5535 3000 5612 Cedrenum.
3147 5608 3158 5612 _
3337 5599 3373 5612 Α

1936 5607 2377 5685 (54)-1ὶ1ιὶιιοςιὶτα
2430 5624 2625 5685 nomen
2669 5607 2822 5662 urbis
2858 5607 3095 5674 itemque
3143 5607 3431 5660 torrentis-

1863 5678 2136 5742 Interdum
2168 5683 2427 5739 scribitur
2451 5678 2820 5734 Rhinicomra.
