4008 6204
560 301 667 356 615

564 515 668 570 ter,
704 504 911 560 creavit
957 501 1270 566 Ludimum,
1296 518 1326 557 a
1358 518 1466 572 quo
1496 501 1670 573 Lydi;
1721 503 2060 569 Srncimum,
2101 523 2130 559 τι

563 612 672 670 quo
700 595 1040 666 Pamphylii;
1087 593 1364 657 Salbium,
1396 612 1426 648 a
1479 613 1587 666 quo
1630 596 1821 662 Libes;
1858 595 2137 667 Neplhali--

565 705 712 746 mum
742 696 794 744 et
827 687 1332 750 Patrosonimum,a
1361 703 1470 757 quo
1501 687 1726 756 Cretes;
1758 688 2133 750 Casliniinum,

567 799 596 837 a
629 797 737 853 quo
765 781 935 852 Lycii,
959 780 1102 834 unde
1131 786 1183 834 et
1219 795 1390 847 genus
1429 778 1829 836 Philistzeurum
1853 800 1866 846 ;
1894 781 2133 850 Captho-

571 877 788 938 rimum,
821 890 850 928 a
875 889 983 944 quo
1028 872 1177 926 Daci.
1215 871 1387 926 Porro
1418 872 1741 928 Clianaanes
1769 875 2002 943 primum
2037 889 2135 926 na—

571 981 751 1024 torum
794 965 1034 1036 suscepit
1078 963 1356 1026 Sidonem,
1397 981 1553 1036 aquo
1589 964 1820 1029 Sidonii,
1852 973 1904 1018 et
1933 964 2136 1027 Chetze,

569 1068 623 1114 et
655 1059 908 1120 Jebusaei,
941 1066 994 1110 et
1022 1055 1345 1119 Amorrhzei,
1381 1065 1435 1111 et
1464 1056 1755 1126 Gergeszei.
1787 1063 1843 1109 ct
1871 1054 2066 1118 Levzei,
2086 1063 2140 1109 et

569 1151 833 1213 Arvacaai,
860 1149 1003 1204 unde
1029 1147 1308 1218 Tripolitae
1337 1164 1554 1219 quoque
1583 1156 1636 1203 et
1665 1148 1920 1212 Aminaei;
1945 1147 2139 1202 deinde

568 1241 855 1306 Aradium,
887 1254 916 1292 a
948 1254 1056 1307 quo
1090 1238 1277 1292 Aradii
1304 1257 1317 1305 ;
1353 1239 1690 1302 Samrinum,
1725 1253 1755 1291 a
1801 1253 1908 1309 quo
1939 1237 2140 1292 Orthoo

572 1335 637 1388 sii
659 1351 672 1399 ;
696 1333 1007 1396 Amathum,
1044 1347 1073 1384 a
1108 1348 1215 1401 quo
1233 1332 1563 1386 Amathusii.
1590 1331 1727 1385 Hinc
1759 1331 2140 1400 proseminatae

573 1434 701 1481 sunt
743 1425 1173 1480 Chanameorum
1209 1433 1399 1495 gentes
1430 1424 1655 1478 omnino
1681 1439 1830 1476 xxxii
1864 1443 1876 1476 :
1908 1438 2140 1492 quarum

573 1519 708 1574 fines
737 1518 954 1572 fuerunt
981 1533 1010 1570 a
1041 1515 1242 1572 Sidone
1275 1532 1449 1588 usque
1472 1516 1601 1570 dum
1625 1515 1887 1570 Gcraram
1931 1517 2136 1577 venias.

571 1620 624 1666 et
653 1628 681 1664 a
715 1609 858 1665 Gaza
893 1625 1066 1680 usque
1094 1609 1222 1663 dum
1273 1607 1566 1662 Sodomam
1596 1615 1650 1662 et
1692 1607 2052 1662 Gomorrham
2088 1616 2142 1662 et

572 1705 828 1760 Ademam
854 1712 906 1758 et
926 1702 1238 1757 Seboimum
1270 1710 1324 1756 et
1356 1701 1550 1756 Lasam
1579 1701 1785 1756 venias.
1819 1699 1940 1754 Alio
1962 1709 2140 1752 tamen

1576 298 1908 354 APPENDIX
1946 299 2035 353 AD
2075 298 2341 353 EUSEBll
2382 297 2795 358 CHRONICON.

563 415 696 469 urbs
724 411 979 467 maxima.
1001 409 1119 465 Jam
1143 420 1198 466 et
1228 410 1595 477 Mestraimus,
1621 411 2002 483 Egyptiorum
2037 429 2132 485 pa-
2167 421 2212 475 Α

3701 302 3815 357 616

2866 412 3094 470 CAPUT
3118 412 3180 470 ν.

2801 503 2942 558 Semi
2971 505 3235 574 prosapia.

2312 593 2360 646 ι.
2396 593 2586 663 Agesis
2610 609 2738 664 ergo
2771 594 2896 648 inde
2933 595 3147 648 initium
3170 595 3382 665 capiam
3423 595 3517 650 ubi
3557 596 3814 654 ordinem

2238 687 2676 754 procreationum
2733 687 2959 757 abrupi,
3006 702 3233 757 qumque
3312 687 3614 758 interjecta:
3680 707 3818 747 sunt

2239 776 2582 829 narrationes
2639 775 2905 830 omittam.
2966 775 3042 830 lbi
3109 777 3317 831 scilicet
3375 778 3581 832 dictum
3640 788 3818 842 est,a

2237 866 2417 920 Thara
2447 881 2618 921 annos
2651 875 2778 920 nato
2808 882 2912 920 Lxx
2945 869 3156 938 genitos
3189 869 3364 924 fuisse
3410 871 3818 936 Ahrahamum,

2240 966 2293 1012 et
2318 957 2628 1013 Nachorum
2661 967 2716 1013 et
2753 958 3004 1014 Aranem.
3031 959 3203 1014 Porro
3225 961 3457 1024 Aranes,
3483 963 3668 1032 genito
3702 962 3821 1018 Lo-

2241 1051 2353 1112 tho,
2406 1049 2614 1120 parenti
2666 1066 2765 1104 suo
2811 1049 3002 1105 Tharre
3035 1063 3394 1122 prazmortuus
3421 1063 3505 1109 est
3556 1055 3612 1109 in
3643 1056 3819 1108 natali

2240 1148 2385 1195 terra
2444 1140 2716 1195 Chaldaea.
2769 1141 3148 1211 Adjunxerunt
3212 1152 3396 1197 autem
3458 1145 3562 1198 sibi
3609 1162 3819 1201 uxores

2242 1234 2584 1290 Abrahamus
2615 1243 2670 1288 et
2698 1233 3019 1301 Nachorus;
3056 1235 3246 1290 Saram
3280 1237 3653 1303 Abrahamus,
3681 1240 3819 1296 Mel-

2241 1326 2399 1379 cham
2429 1326 2605 1380 Arane
2627 1334 2805 1379 natam
2833 1325 3133 1382 Nachorus.
3171 1329 3439 1384 Caeterum
3479 1331 3614 1384 Sara
3647 1333 3819 1387 steri-

2243 1417 2311 1472 lis
2341 1418 2542 1472 nullam
2571 1433 2637 1472 ex
2671 1433 2730 1472 se
2762 1418 2968 1488 prolem
3007 1419 3224 1473 edebat.
3267 1419 3402 1474 Exin
3441 1419 3656 1476 Tharas
3685 1439 3816 1478 eum

2242 1511 2427 1566 liberis
2449 1511 2756 1565 Chaldmam
2792 1510 3056 1566 deserens
3090 1522 3149 1566 ut
3187 1513 3240 1567 in
3289 1513 3658 1571 Chananaaam
3711 1519 3817 1572 mi-

2241 1611 2444 1670 graret.
2496 1601 2741 1656 Charras
2795 1619 2969 1672 usque
3031 1605 3321 1672 processit,
3381 1605 3566 1676 ibique
3621 1608 3814 1662 sedem

2245 1696 2388 1760 lixit;
2423 1710 2654 1764 eumque
2695 1695 2867 1748 aetatis
2897 1710 3098 1749 annum
3125 1698 3558 1752 ducentesimum
3599 1708 3814 1769 ageret,

573 1799 692 1852 loco
725 1795 982 1849 dicuntur
1016 1791 1124 1862 (55)
1159 1793 1239 1846 hze
1273 1801 1463 1863 gentes
1498 1807 1530 1844 a
1574 1790 1941 1845 Rbinieorura
1969 1806 2140 1860 usque
2173 1769 2212 1822 Β
2241 1785 2463 1840 Charris
2484 1795 2690 1841 natura:
2718 1787 3006 1842 concessit.

571 1887 814 1941 Gadiron
839 1885 1109 1940 australes
1143 1884 1394 1955 regiones
1420 1884 1742 1939 incoluisse.

643 2023 696 2078 5.
739 2021 950 2076 Rursus
975 2036 1038 2076 ex
1065 2020 1253 2075 eodem
1278 2019 1552 2076 Geneseos
1581 2021 1740 2081 libro,
1761 2019 1976 2075 Jabelhi
2009 2021 2141 2074 libe-

572 2112 620 2166 ri
652 2131 664 2166 :
702 2110 986 2173 Gamerus,
1023 2126 1052 2163 a
1076 2126 1184 2180 quo
1205 2109 1408 2163 Camiri
1451 2110 1601 2180 (56);
1638 2109 1921 2180 Magogus,
1963 2125 1993 2162 a
2033 2125 2142 2180 quo

572 2205 738 2258 Celtae
765 2210 817 2254 et
845 2199 1078 2268 Galatae;
1107 2200 1261 2254 Mada
1287 2217 1316 2254 a
1350 2217 1458 2270 quo
1483 2201 1657 2266 Medi;
1691 2199 1952 2264 Javanus,
1979 2218 2007 2254 a
2036 2215 2143 2271 quo

577 2289 824 2344 llellcnes
882 2289 997 2359 (37)
1045 2299 1098 2343 et
1136 2288 1330 2354 Iones;
1365 2289 1509 2343 Elisa
1541 2297 1594 2344 et
1623 2289 1923 2355 Thobelus,
1965 2301 2004 2344 :‘r
2033 2307 2143 2361 quo

575 2381 854 2449 Thessali;
905 2381 1219 2446 Mosochus,
1247 2397 1277 2436 a
1315 2398 1425 2452 quo
1456 2382 1658 2455 Illyrii;
1696 2384 1916 2449 Thiras,
1968 2401 1996 2438 a
2032 2401 2142 2454 quo

574 2473 850 2540 Thraces;
882 2474 1223 2539 Cheteimus,
1259 2491 1289 2529 a
1313 2491 1421 2546 quo
1455 2475 1798 2532 Macedones.
1826 2476 2000 2531 Porro
2034 2477 2141 2532 Ga-

575 2567 712 2621 meri
740 2567 896 2622 liberi
927 2586 940 2621 :
981 2567 1356 2633 Aschanazus,
1392 2585 1423 2623 a
1461 2585 1571 2639 quo
1605 2568 1899 2637 Sarmatae;
1937 2570 2143 2641 Riphao

575 2658 687 2722 tha,
716 2673 745 2710 a
766 2674 874 2728 quo
905 2657 1241 2713 Sauromata:
1263 2659 1408 2730 (58);
1434 2658 1781 2730 Thorgomus
1807 2662 1941 2732 (39).
1979 2679 2007 2716 a
2033 2679 2142 2732 quo

577 2749 797 2804 llaicani
837 2751 970 2821 (40).
1015 2750 1240 2806 Javanis
1287 2760 1471 2806 autem
1516 2753 1715 2808 liberi;
1758 2753 1902 2808 Elisa
1941 2753 2073 2824 (il),
2111 2771 2142 2809 a

575 2857 684 2910 quo
707 2839 1018 2898 Sicilienses
1041 2851 1096 2898 et
1125 2843 1488 2900 Athenienses
1515 2862 1530 2911 ;
1567 2843 1817 2912 'lharsis,
1849 2861 1879 2898 a
1914 2862 2022 2916 quo
2045 2846 2138 2900 lli-

577 2931 693 2988 beri
738 2941 792 2986 et
822 2932 1130 3004 Tyrrheni;
1167 2933 1329 2999 Citis,
1372 2951 1402 2988 a
1448 2951 1557 3005 quo
1611 2935 1840 2990 Romani
1873 2946 1928 2992 et
1963 2937 2140 2994 Latini

575 3031 630 3077 et
657 3022 872 3078 Rhodii.
897 3023 976 3078 Ex
1012 3024 1097 3080 his
1137 3025 1318 3078 coloni
1356 3025 1573 3081 deducti
1604 3035 1734 3082 sunt
1767 3043 1864 3098 per
1894 3031 2138 3100 gentium

577 3119 785 3175 insulas
809 3120 862 3174 in
880 3136 1007 3176 suas
1027 3120 1228 3192 quique
1249 3122 1516 3192 regiones,
1542 3123 1724 3194 pepuli
1741 3125 1963 3179 omnino
1983 3127 2143 3196 quin-
2169 3131 2211 3185 C

576 3212 752 3266 decim
782 3251 796 3276 ,
827 3213 991 3283 hique
1019 3229 1049 3267 a
1080 3214 1250 3270 Medis
1282 3217 1348 3271 ad
1385 3214 1699 3285 Hesperiam
1735 3233 1909 3287 usque
1939 3220 2144 3288 pertin-

571 3313 728 3374 gunt,
753 3320 873 3374 qua:
910 3313 1057 3376 patet
1101 3306 1170 3360 ad
1212 3303 1490 3362 Oceanum
1523 3318 1577 3362 et
1623 3309 1897 3364 borealem
1931 3311 2142 3381 plagam

574 3406 902 3467 prospectat.
932 3397 1197 3470 Deinceps
1238 3409 1594 3455 recensentur
1635 3401 1820 3470 p0puli
1861 3416 1934 3463 LI,
1982 3402 2140 3456 item-

574 3506 682 3560 que
708 3506 894 3546 eorum
920 3491 1159 3547 ditiones
1183 3507 1282 3561 per
1312 3493 1684 3563 aquilonarem
1707 3500 1941 3548 tractum
1975 3509 2004 3548 a
2031 3493 2142 3549 Me-

574 3582 660 3636 dis
690 3596 862 3650 usque
883 3582 1144 3638 Gadiron.
1177 3582 1370 3638 Patent
1411 3583 1620 3638 scilicet
1665 3583 1734 3638 ab
1783 3599 1942 3640 amne
1977 3583 2142 3639 Pota-

576 3673 726 3728 mino
755 3673 868 3744 (4‘2)
903 3691 1077 3746 usque
1102 3674 1169 3728 ad
1197 3674 1512 3730 Mastusiam
1547 3675 1692 3746 quod
1723 3685 1807 3730 est
1845 3675 1981 3730 llion
2005 3675 2138 3751 (45).

644 3830 697 3884 4.
751 3828 857 3885 Sed
891 3829 1037 3885 enim
1072 3845 1173 3901 ego
1202 3840 1391 3901 gentes
1437 3830 1679 3901 smgulas
1720 3831 1886 3884 trium
1937 3828 2136 3885 Noachi

577 3919 807 3975 filiorum
841 3920 1100 3976 distincte
1131 3937 1215 3976 me
1236 3923 1614 3992 expositurum
1660 3922 1840 3990 recepi
1874 3935 2046 3989 usque
2074 3921 2138 3974 ad

573 4012 854 4068 Christum
883 4029 1007 4067 cum
1053 4013 1291 4070 humana
1323 4023 1518 4068 natura
1557 4014 1932 4083 conjunctum,
1969 4031 2140 4084 quan-

574 4119 738 4172 quam
779 4103 977 4157 divinze
1033 4103 1224 4158 litterae
1259 4104 1532 4159 Semiticze
1565 4114 1771 4158 tantum
1810 4103 2027 4160 familia:
2055 4121 2140 4160 se-

577 4195 711 4246 riem
744 4193 951 4260 scripto
974 4196 1286 4260 continent;
1317 4195 1384 4248 de
1414 4195 1619 4248 Chamo
1649 4201 1828 4250 autem
1863 4205 2025 4265 atque
2049 4193 2142 4248 Ja-

578 4280 759 4345 betho,
783 4289 978 4350 praeter
999 4282 1144 4336 dicta
1167 4299 1196 4337 a
1225 4299 1310 4337 me
1342 4284 1616 4354 superius,
1646 4285 1782 4339 nihil
1819 4294 2137 4340 memorant.

577 4370 717 4442 Ergo
748 4370 890 4426 Semi
921 4373 1146 4445 stirpem
1183 4389 1211 4428 a
1235 4375 1416 4445 primo
1471 4373 1762 4430 Abrahami
1812 4390 1955 4429 anno
1994 4391 2141 4431 nunc

2310 1877 2366 1932 2.
2403 1878 2559 1930 Anno
2602 1879 2774 1933 aetatis
2805 1881 3207 1951 septuagesimo
3235 1881 3427 1951 quinto
3457 1882 3816 1938 Abrahamus

2243 1968 2335 2024 Dei
2360 1972 2687 2026 revelatione
2707 1971 2903 2042 dignus
2926 1973 3144 2026 habitus
3167 1982 3250 2026 est
3271 2014 3285 2036 ,
3310 1985 3363 2028 et
3391 1975 3565 2030 solum
3593 1988 3816 2032 vertere

2239 2059 2451 2129 jussus.
2485 2060 2665 2127 Quare
2687 2063 2910 2117 Charris
2934 2063 3136 2118 relictis
3163 2063 3523 2120 Chananazam
3554 2068 3813 2123 incoluit.

2243 2152 2379 2206 Tum
2407 2170 2579 2209 annos
2607 2171 2701 2210 sex
2744 2170 2908 2224 supra
2947 2156 3223 2226 octoginta
3264 2156 3376 2224 jam
3424 2167 3589 2215 natus
3635 2162 3814 2216 [ilium

2242 2259 2306 2298 ex
2339 2245 2513 2314 Agare
2546 2243 2693 2299 Sara:
2723 2246 2917 2298 ancilla
2949 2247 3219 2314 suscepit,
3253 2248 3341 2300 cui
3382 2264 3580 2305 nomen
3611 2253 3820 2309 indidit

2243 2336 2488 2403 lsmaeli,
2520 2339 2663 2394 unde
2693 2337 3083 2394 lsmaelitarum
3115 2340 3265 2394 natio
3285 2349 3368 2396 est
3393 2359 3408 2408 ;
3432 2343 3816 2412 Agarenorum

2245 2430 2524 2496 videlicet,
2557 2433 2649 2501 qui
2681 2432 2845 2486 etiam
2879 2429 3136 2485 Saraceni
3186 2440 3240 2484 ct
3289 2430 3497 2503 Tagikii
3551 2437 3667 2507 (Η)
3722 2455 3820 2492 vo—

2244 2531 2458 2577 cantur.
2489 2521 2714 2593 Insuper
2743 2539 2886 2578 anno
2916 2533 3040 2578 ante
3083 2524 3443 2578 centesimum
3492 2525 3634 2582 Deus
3685 2545 3816 2583 cum

2247 2616 2339 2669 illo
2364 2611 2542 2671 {tedus
2570 2617 2671 2669 iuit
2700 2615 3168 2680 circumcisionis,
3198 2615 3427 2686 ideoque
3453 2618 3570 2689 ipse
3594 2623 3820 2675 cuncti-

2244 2725 2351 2778 que
2393 2709 2588 2764 domus
2632 2707 2752 2777 ejus
2800 2724 2979 2763 mares
3029 2709 3450 2766 circumcisione
3494 2712 3572 2765 uti
3623 2728 3815 2784 caepe—

2245 2809 2408 2854 runt:
2443 2808 2555 2852 tum
2586 2801 2746 2852 etiam
2775 2798 3117 2854 Abrahamus
3147 2815 3244 2870 pro
3271 2801 3542 2867 Abramo,
3573 2803 3819 2875 itemque

2247 2891 2408 2946 Sarra
2457 2908 2557 2962 pro
2608 2892 2742 2946 Sara
2793 2892 2923 2946 dicti
2963 2899 3111 2950 sunt.
3161 2890 3349 2962 quue
3389 2907 3534 2947 anno
3565 2895 3817 2950 nondum

2244 2987 2430 3054 elapso
2462 2984 2726 3039 Dominus
2758 2982 2900 3039 Deus
2934 2999 3058 3039 cum
3088 2985 3300 3055 angelis
3333 2984 3478 3054 apud
3513 2985 3816 3042 Mamhrem

2245 3077 2418 3132 eidem
2454 3092 2760 3147 apparens,
2807 3077 2950 3131 ultro
2997 3077 3200 3146 prolem
3248 3079 3452 3148 recepit
3495 3094 3552 3133 se
3583 3079 3632 3134 ei
3676 3095 3818 3134 con-

2248 3186 2554 3226 cessurum.
2585 3167 2768 3224 Primo
2799 3169 2943 3225 inter
2982 3171 3278 3242 prophetas
3319 3171 3636 3228 Abrahamo
3674 3177 3819 3230 divi-

2250 3247 2380 3318 num
2411 3261 2646 3318 Verbum
2682 3262 2916 3316 humana
2949 3264 3128 3333 specie
3161 3265 3551 3333 aspcctandum
3584 3281 3644 3320 se
3679 3283 3818 3336 prae-

2250 3355 2386 3409 bens
2427 3354 2770 3410 ethnicorum
2821 3355 3158 3410 vocationem
3202 3356 3602 3425 portendebat,
3648 3376 3817 3428 quam

2250 3462 2344 3516 per
2376 3447 2743 3517 evangelicam
2773 3447 2989 3502 demum
3017 3445 3189 3502 divini
3216 3445 3379 3503 Verbi
3412 3447 3726 3504 doctrinam
3765 3452 3816 3505 in

2250 3542 2407 3596 nobis
2437 3540 2613 3606 Deus,
2647 3540 2700 3594 id
2728 3550 2806 3595 est
2849 3541 2901 3595 in
2941 3542 3184 3613 gentium
3231 3543 3591 3600 universitate
3613 3585 3629 3610 ,
3673 3561 3818 3600 con-

2249 3634 2563 3688 summavit.

2318 3727 2370 3782 5.
2387 3724 2507 3780 Iam
2526 3740 2653 3780 vero
2673 3725 3030 3781 centesimum
3063 3740 3264 3780 annum
3289 3727 3468 3796 agenti
3495 3727 3814 3782 Abrahamo

2251 3832 2282 3872 e
2318 3815 2452 3871 Sara
2484 3817 2715 3885 conjuge
2752 3825 2914 3871 natus
2959 3825 3045 3872 est
3089 3817 3351 3872 lsaacus:
3396 3834 3508 3888 quo
3546 3830 3819 3875 nascente

2250 3906 2398 3962 Sarae
2440 3908 2614 3978 ipsius
2656 3908 3044 3978 nonagesimus
3085 3921 3261 3964 annus
3303 3910 3638 3964 vertebatur.
3687 3909 3816 3967 Hace

2248 4008 2427 4055 autem
2456 4015 2579 4053 cum
2604 3998 2751 4054 edito
2775 3999 2962 4054 lsaaco
2989 3999 3148 4055 annis
3174 4009 3376 4070 septem
3400 4007 3454 4053 et
3475 4000 3696 4070 triginta
3721 4017 3816 4056 su-

2249 4093 2542 4163 perfuisset
2570 4135 2585 4158 ,
2624 4094 2732 4148 vita
2765 4093 3004 4149 excessit
3056 4092 3188 4148 Post
3219 4094 3370 4148 Sara:
3395 4094 3604 4148 obitum
3632 4095 3820 4148 Abra-

2249 4188 2440 4240 hamus
2473 4185 2869 4240 Damascenum
2896 4186 3215 4240 [Eleazarum
3248 4185 3510 4240 famulum
3543 4187 3596 4241 in
3629 4186 3816 4242 Meso-

2248 4278 2542 4349 potamiam
2571 4278 2770 4349 legavit
2796 4317 2810 4342 ,
2849 4277 3267 4349 Rebeccamque
3302 4278 3561 4334 Balhuele
3589 4289 3780 4334 natam
3801 4321 3818 4343 ,

2248 4371 2452 4425 Labani
2500 4385 2779 4434 sororem,
2819 4369 3007 4424 lsaaco
3037 4371 3150 4424 tilio
3197 4386 3299 4426 suo
3344 4370 3720 4425 collocandam
3761 4373 3821 4427 in

574 4465 828 4518 exordiar
865 4483 878 4520 :
909 4465 1176 4522 hactenus
1207 4467 1352 4520 enim
1392 4467 1446 4520 in
1499 4466 1875 4537 superioribus
1921 4466 2138 4536 scripsi,
2177 4497 2218 4551 υ
2249 4464 2596 4518 matrimonio
2640 4463 2873 4519 curavit.
2925 4462 3062 4517 Exin
3111 4464 3228 4534 ipse
3275 4475 3485 4536 quoque
3531 4460 3820 4519 Caaturam

575 4552 725 4610 brevi
760 4556 888 4610 licet
915 4557 1076 4628 stylo,
1107 4557 1295 4611 multis
1321 4557 1702 4627 prmterinissis
1728 4577 1740 4610 :
1767 4572 1874 4627 quo
1896 4557 2143 4611 scriben-

573 4644 629 4699 di
657 4661 854 4718 genere
888 4649 942 4702 in
968 4649 1326 4718 sequentibus
1354 4650 1516 4703 etiam
1544 4656 1687 4713 utar,
1709 4663 1830 4719 qua:
1865 4647 1932 4703 de
1962 4650 2142 4704 since-

572 4739 652 4793 ris
680 4747 793 4792 tum
825 4740 1030 4796 exteris
1062 4749 1176 4794 tum
1209 4741 1412 4796 nostris
1434 4740 1714 4796 historicis
1740 4748 1902 4811 prout
1923 4755 2138 4811 aequum

574 4829 870 4892 videbitur,
905 4831 1262 4887 coacervabo.

795 5027 924 5108 Vide
955 5029 1264 5108 Syncelium
1295 5037 1348 5086 et
1377 5029 1704 5108 Cedrenurn.

646 5100 760 5222 (:56)
802 5097 1010 5169 Nempe
1042 5100 1401 5170 Cappadoces.
1447 5100 1583 5157 Vide
1628 5101 1824 5158 Euseb.
1863 5115 1987 5172 pag.
2037 5099 2132 5164 45,

648 5239 759 5312 (57)
810 5236 1231 5312 Nempeﬁm’ci.
1281 5241 1349 5295 Et
1389 5241 1606 5312 quidem
1637 5241 1880 5297 Armenii
1920 5239 2136 5296 Grazcos

577 5311 737 5376 vulgo
763 5309 980 5379 quidem
1014 5310 1175 5366 Ionas
1210 5309 1431 5378 dicunt;
1459 5329 1580 5366 cum
1613 5323 1790 5368 autem
1818 5314 2005 5365 volunt
2031 5313 2139 5367 ele-

576 5382 812 5454 garuius
827 5382 994 5454 loqui,
1035 5381 1313 5440 Hellenos:
1350 5399 1626 5454 nunquam
1654 5400 1782 5440 vero
1807 5381 2033 5436 ercos.

649 5449 758 5516 (58)
783 5451 866 5504 Al.
895 5449 1040 5517 i:0d.,
1067 5454 1420 5510 Soromachw.

646 5519 770 5596 (59)
792 5520 939 5596 llaici
971 5531 1123 5596 pater
1142 5522 1502 5596 Thorgomus,
1522 5540 1678 5595 quem
1704 5523 1950 5581 nominat
1971 5523 2134 5578 etiam

579 5589 825 5662 Ezechiel
860 5589 1030 5657 xxvii,
1065 5593 1150 5655 14,
1173 5605 1227 5648 et
1261 5589 1492 5662 xxxviii,
1521 5589 1573 5650 6.

575 5661 580 5667 ’
649 5660 758 5732 (id)
785 5659 958 5732 Vulgo
975 5665 1230 5718 Armenii.

650 5731 876 5802 («in-Al.
902 5731 1261 5804 eod.,_Eliaa.

574 5185 608 5223 n

2249 4556 2352 4611 sibi
2384 4572 2604 4610 uxorem
2636 4556 2916 4625 adjunxit,
2949 4554 3016 4609 de
3045 4570 3154 4624 qua
3188 4556 3384 4610 liberos
3413 4569 3506 4608 sex
3538 4556 3816 4624 suscepit.

2248 4649 2424 4720 Atque
2456 4650 2530 4703 ita
2559 4649 2869 4703 Abrahamo
2917 4647 3097 4702 tribus
3142 4663 3173 4702 e
3219 4647 3539 4720 conjugibus
3588 4647 3820 4705 soboles

2246 4741 2439 4794 oborta
2497 4747 2628 4805 est;
2687 4739 2863 4810 primo
2919 4736 3138 4809 quidem
3199 4755 3266 4792 ex
3325 4739 3501 4809 Agare
3553 4737 3816 4811 Egyptia

2245 4830 2437 4886 lsmael
2459 4869 2473 4893 ,
2505 4846 2534 4883 a
2564 4845 2674 4900 (μθ
2703 4845 2837 4898 gens
2866 4828 3263 4885 lsmaelitarum
3291 4849 3306 4894 ;
3334 4839 3447 4884 tum
3477 4845 3508 4884 e
3541 4829 3674 4884 Sara
3702 4831 3819 4886 lsao

2309 5028 2422 5096 (42)
2455 5027 2744 5100 Syncelius
2770 5036 2826 5100 et
2855 5028 3154 5092 Cedrcnns,
3186 5027 3376 5082 Tanai.

2306 5100 2418 5169 (45)
2453 5099 2528 5152 ita
2557 5100 2721 5152 etiam
2749 5099 3051 5169 Cedrenus,
3089 5101 3181 5155 fol.
3217 5100 3302 5163 M,
3329 5100 3434 5164 ἓως
3462 5100 3817 5164 Μαστουσίας

2237 5168 2333 5240 τῆς
2367 5170 2507 5222 κατὰ
2539 5170 2719 5240 Ἴλιον.
2765 5168 2964 5224 Verum
3013 5171 3299 5240 Syncellus
3335 5171 3514 5240 p7._50,
3549 5171 3653 5232 ἕως
3691 5171 3817 5224 Μα-

2243 5238 2495 5302 σιέουσὶας
2528 5239 2627 5308 τῆς
2666 5240 2808 5293 κατὰ
2837 5240 3008 5311 ἥλιον,
3039 5238 3202 5311 itaque
3249 5240 3318 5293 ad
3352 5238 3677 5295 Mastusiam
3708 5241 3815 5292 soli

2243 5313 2558 5379 oppositam.

2318 5381 2430 5448 (44)
2473 5382 2587 5433 Hoc
2630 5380 2846 5434 nomine
2888 5380 3133 5434 Armenii
3177 5381 3442 5434 barbaros
3471 5380 3686 5434 Arabia:
3713 5395 3814 5450 po-

2284 5454 2373 5504 ulo
2403 5451 2702 5519 antiquitus
2735 5452 3178 5519 imligitaveruut.
3225 5451 3299 5504 lla
3337 5453 3387 5504 in
3421 5451 3588 5505 Biblis
3620 5454 3810 5511 Arm.,

2269 5521 2283 5572 Ι
2322 5520 2707 5591 Machab._xn,
2748 5522 2832 5574 10.
2871 5521 2960 5576 Sic
2989 5525 3151 5575 etiam
3207 5525 3459 5591 sequiore
3497 5531 3656 5576 aztate
3685 5536 3811 5591 ap-

2241 5591 2513 5662 pellabant
2564 5588 2872 5662 Saracenos
2917 5593 3188 5645 Armeniae
3238 5588 3609 5662 oppressores.
3666 5588 3811 5656 Quin

2241 5659 2374 5714 adeo
2397 5659 2802 5741 (IUOS'BIII'OPAB'I
2836 5659 3533 5732 Turcaadicunt,'Armcnii
3564 5660 3812 5732 Tagikioa

2239 5746 2385 5785 nunc
2421 5739 2719 5786 nominant.
