4008 6204
235 310 335 365 617

978 307 1318 364 SAMUELIS
1355 307 1673 363 ANIENSIS
1715 306 2052 362 SUMMARII
2093 305 2478 361 TEMPORUM
2509 305 2691 362 PARS
2720 306 2762 360 I.

3361 316 3460 369 618

236 448 388 495 acus,
423 446 452 484 a
491 445 598 501 quo
629 445 760 501 geus
784 429 1092 484 Iudaeorum
1121 451 1132 486 :
1161 440 1497 502 postremum
1527 448 1558 486 e
1587 431 1791 487 Cetura
1817 433 1865 490 Α
1895 426 2060 480 tionis
2093 427 2234 479 intra
2264 441 2439 482 annos
2470 440 2618 480 xxvtt
2663 425 2946 495 perduxit,
2987 441 3238 498 annoque
3283 437 3462 489 aetatis

236 541 357 597 gens
386 523 714 578 Parthorum
739 524 978 584 exstitit.
1005 539 1236 592 quorum
1269 538 1490 593 germen
1519 532 1605 578 est
1626 523 1792 576 Arsa-

234 633 319 672 ces
350 617 440 671 ille
472 617 712 687 inclytus
739 615 1180 669 Pahlaviensium
1210 626 1263 670 et
1290 617 1679 671 Arsacidarum
1712 615 1794 668 fa-

233 708 495 762 miliarum
527 710 859 778 progenitor.
897 707 1066 778 Igitur
1091 709 1432 761 Abrahamus
1480 716 1604 778 post
1643 709 1794 778 geni-

235 810 339 852 tum
372 798 620 854 lsaacum
665 800 905 869 quinque
949 798 1125 852 adhuc
1155 799 1314 852 annis
1354 807 1408 851 et
1446 799 1790 868 septuaginta

233 891 499 962 peractis.
533 892 610 944 ita
643 900 703 944 ut
732 906 907 946 annos
946 891 1175 944 omnino
1217 896 1436 943 centum
1478 898 1532 944 et
1573 899 1791 958 septua-

231 985 368 1055 ginta
396 983 646 1053 quinque
675 984 936 1046 vixisset,
973 984 1084 1037 fato
1113 997 1214 1038 suo
1259 981 1482 1038 functus
1521 991 1627 1038 est.
1671 981 1788 1037 Iam

231 1073 440 1129 lsaacus
472 1075 815 1143 sexagesimo
860 1075 1035 1128 aetatis
1056 1089 1196 1127 anno
1233 1071 1467 1128 Esavum
1508 1073 1696 1142 genuit
1741 1083 1794 1128 et

229 1162 523 1228 Iacobum,
558 1175 845 1233 postquam
893 1164 1053 1218 annis
1103 1164 1294 1233 viginti
1344 1164 1400 1216 in
1445 1165 1792 1217 matrimonio

227 1272 346 1311 cum
376 1256 631 1312 Rebecca
667 1256 860 1310 fuerat.
894 1253 1150 1324 Idemque
1180 1255 1340 1310 annis
1383 1255 1562 1308 adhuc
1601 1255 1789 1325 viginti

231 1356 282 1402 et
308 1355 525 1402 centum
558 1354 837 1416 superstes
860 1347 1194 1414 octogesimo
1220 1352 1274 1400 et
1295 1347 1596 1402 centesimo
1620 1350 1790 1401 aetatis

235 1451 368 1490 anno
398 1435 668 1491 decessit.

298 1529 348 1582 4.
386 1526 596 1582 Iacobo
626 1526 720 1580 tilii
751 1525 1036 1581 duodecim
1064 1541 1186 1580 cum
1233 1527 1336 1582 filia
1379 1527 1546 1598 geniti
1592 1537 1720 1584 sunt
1762 1544 1792 1582 e

235 1620 438 1675 duabus
460 1620 667 1674 Labani
699 1620 910 1675 filiabus
929 1662 942 1683 ,
968 1619 1062 1673 Lia
1095 1621 1300 1676 scilicet
1331 1630 1492 1691 atque
1515 1621 1750 1677 Rachele
1773 1665 1788 1687 ,

238 1727 330 1767 nec
351 1727 459 1766 non
488 1729 557 1767 ex
583 1713 773 1766 harum
801 1713 1012 1766 ancill-is
1041 1712 1254 1768 duabus
1284 1713 1430 1768 Ralla
1460 1714 1783 1784 Zelphaque.

236 1799 550 1872 Quanquam
580 1818 710 1858 vero
738 1803 945 1872 primus
973 1804 1022 1858 ei
1055 1812 1214 1858 natus
1272 1805 1342 1858 sit
1401 1804 1592 1860 Ruben
1623 1822 1786 1875 quem

231 1909 372 1948 anno
400 1896 580 1949 aetatis
611 1896 800 1964 quinto
828 1903 882 1950 et
908 1897 1241 1966 octogesimo
1269 1897 1457 1966 genuit
1484 1936 1498 1959 ,
1552 1905 1666 1950 tum
1702 1897 1790 1951 Si-

236 2000 387 2040 meon
419 1994 577 2041 sex-to
605 1994 660 2041 et
688 1987 1020 2058 octogesimo
1048 2005 1062 2054 ;
1096 1986 1329 2042 Levinus
1355 1995 1533 2042 tamen
1566 1985 1799 2059 praefer-'

226 2086 318 2131 tur
343 2078 397 2133 in
422 2079 646 2142 ordine,
670 2095 828 2150 quem
850 2081 1026 2134 atatis
1056 2082 1288 2150 septimo
1333 2081 1442 2151 (45)
1473 2090 1526 2137 et
1569 2091 1790 2154 octoge-

234 2169 370 2220 simo
398 2182 543 2221 anno
575 2173 816 2233 creavit,
849 2170 916 2225 de
946 2169 1104 2239 cujus
1148 2171 1309 2225 etiam
1335 2187 1531 2242 genere
1563 2187 1790 2242 magnus

236 2260 320 2312 ille
363 2259 542 2313 Moses
568 2269 792 2314 exortus
820 2268 904 2314 est
941 2280 954 2313 :
991 2277 1111 2329 qua:
1153 2277 1241 2318 res
1289 2263 1361 2316 ita
1415 2263 1787 2318 describitur:

231 2348 466 2404 Iacobus
497 2365 671 2406 annos
703 2358 863 2406 natus
884 2369 1106 2407 Lxxxvtt
1129 2368 1158 2407 e
1177 2353 1272 2407 Lia
1295 2355 1527 2426 conjuge
1568 2354 1792 2421 suaLe-

229 2445 410 2497 vinum
441 2443 724 2515 suscepit;
755 2443 988 2500 Levinus
1018 2461 1190 2501 annos
1238 2455 1398 2501 natus
1441 2461 1567 2501 xLVI
1606 2447 1792 2517 genuit

232 2534 536 2588 Cahathum
564 2553 578 2600 ;
601 2535 879 2590 Cahathus
903 2553 1075 2593 annos
1099 2550 1260 2593 natus
1287 2555 1420 2593 thtt
1453 2540 1642 2609 genuit
1664 2539 1794 2593 Am-

229 2635 440 2676 ~ramum
467 2641 482 2687 ;
507 2623 794 2678 Amramus
821 2640 992 2680 annos
1019 2635 1179 2681 natus
1203 2643 1307 2681 Lxx
1335 2628 1524 2698 genuit
1550 2627 1752 2682 Mosem
1776 2647 1790 2692 ;

235 2714 408 2771 Moses
452 2732 625 2771 annos
658 2726 816 2771 natus
846 2733 983 2772 Lxxx
1019 2717 1254 2790 Egypto
1284 2721 1546 2790 populum
1580 2721 1790 2776 eduxit.

299 2810 351 2864 5.
393 2809 609 2865 Rursus
655 2811 951 2865 secundum
1005 2814 1295 2868 chronicos
1353 2813 1572 2869 Eusebii
1625 2831 1794 2870 cano-

231 2916 327 2956 nes
350 2901 463 2971 (ιθ)
490 2901 694 2957 Iacobo
723 2919 922 2956 annum
953 2904 1250 2958 secundum
1280 2913 1333 2960 et
1380 2907 1793 2976 nonagesimum

227 2997 408 3066 agenti
443 2997 512 3051 de
541 2995 776 3052 Rachele
804 3013 974 3052 uxore
1003 2997 1270 3067 Iosephus
1316 3007 1478 3054 natus
1513 3006 1632 3054 est:
1678 3007 1792 3054 tum

1896 520 2194 573 centesimo
2223 526 2276 574 et
2306 518 2520 572 decimo
2553 519 2707 573 obiit.

1968 610 2020 664 7.
2077 609 2266 665 Iesum
2316 611 2642 680 prmfectura
2689 609 2944 664 Iudicum
2994 612 3286 668 subsecuta
3337 624 3462 680 est;

1897 717 2130 771 quorum
2164 703 2372 772 primus
3237 704 3243 710 ’

1972 794 2012 846 I.
2066 792 2332 848 Godoniel
2365 794 2524 848 annis
2553 810 2620 848 η

1964 884 2029 938 ll.
2085 887 2304 941 Avodus
2335 887 2494 941 annis
2526 902 2688 940 Lxxx.

1966 976 2054 1030 III.
2112 977 2348 1032 Baracus
2381 988 2434 1033 et
2464 978 2674 1032 Debora
2706 977 2865 1032 annis
2896 995 2985 1034 ιι..

1967 1068 2056 1122 IV.
2089 1068 2443 1140 .Samegarus
2471 1081 2660 1139 postea
2686 1071 2780 1140 qui
2811 1071 3145 1142 alienigenas
3169 1082 3462 1130 sexcentos

1895 1159 2222 1215 trucidavit.

1965 1251 2030 1306 V.
2068 1251 2288 1309 Gedeon
2320 1255 2478 1310 annis
2510 1270 2600 1308 ιι.

1966 1342 2054 1397 VI.
2088 1345 2472 1400 Abimelechus
2501 1347 2659 1400 annis
2694 1362 2770 1399 ιιι.

1965 1434 2080 1488 VII.
2117 1435 2290 1491 Thola
2319 1442 2478 1492 annis
2508 1453 2664 1491 xxiii.

1966 1527 2096 1582 VIII.
2127 1527 2312 1584 Iairus
2345 1530 2503 1584 annis
2531 1545 2670 1582 xxtt.

1965 1619 2055 1672 IX.
2090 1619 2403 1689 Iephthmus
2432 1621 2595 1675 annis
2622 1637 2697 1675 vr.

1963 1711 2029 1765 Χ.
2070 1711 2316 1767 llesebon
2370 1713 2531 1767 annis
2579 1729 2679 1769 v11.
2728 1712 2980 1782 .(Baraco
3031 1715 3186 1771 liberi
3237 1723 3457 1788 septua-

1823 1771 1862 1825 B
1890 1805 2062 1874 ginta,
2105 1803 2372 1859 Heseboni
2401 1805 2622 1874 triginta
2648 1771 2866 1860 fuerunt
2897 1803 3161 1883 [4849]).
3190 1771 3459 1865 Heseboni

1892 1898 1949 1952 in
1981 1896 2332 1952 Hebraeorum
2361 1899 2657 1967 exemplari
2689 1900 2942 1954 subditur
2971 1900 3132 1956 Atllon
3158 1902 3324 1972 judex
3353 1919 3451 1956 an-

1891 1990 1976 2044 nis
2023 2005 2094 2053 x,
2139 2004 2299 2058 quem
2345 1998 2528 2043 tamen
2575 1988 2929 2061 Septuaginta
2975 1993 3303 2062 lnterpretes
3350 2012 3459 2048 non

1892 2078 2340 2151 agnoscunt(50).
2368 2079 2541 2148 Hujus
2571 2095 2717 2134 anno
2747 2083 2904 2137 tertio
2930 2082 3084 2137 Ilium
3110 2094 3328 2154 captum
3353 2094 3456 2141 est.

1961 2170 2052 2226 XI.
2091 2171 2310 2227 Labdon
2341 2174 2498 2227 annis
2527 2189 2644 2228 vm.
2676 2173 2850 2243 Hujus
2879 2175 3238 2246 quadraginta
3268 2177 3418 2232 liberi
3444 2220 3458 2239 .

1891 2265 2200 2335 horumque
2231 2264 2326 2318 filii
2357 2266 2583 2335 triginta
2631 2268 2685 2320 in
2725 2268 3064 2337 septuaginta
3081 2269 3279 2325 ‘asinis
3309 2272 3459 2342 equi-

1893 2359 2108 2412 tabant.

1963 2447 2075 2501 XII.
2121 2449 2384 2519 Sampson
2420 2452 2578 2507 annis
2607 2468 2698 2505 xx.

1968 2539 2105 2594 XIII.
2147 2540 2264 2594 Heli
2301 2544 2457 2595 annis
2493 2559 2578 2595 ιιι.
2616 2539 2816 2596 Verum
2861 2543 2916 2597 in
2970 2544 3323 2614 Septuaginta
3373 2541 3455 2596 In-

1893 2640 2192 2703 terpretum
2222 2635 2520 2703 exemplari
2553 2635 2866 2688 scribuntur
2898 2653 2967 2688 xx
3000 2637 3040 2686 ³.

1966 2724 2108 2780 XIV.
2155 2724 2374 2780 Samuel
2405 2734 2567 2794 atque
2599 2724 2728 2778 Saul
2759 2726 2916 2780 annis
2945 2741 3032 2780 XL.

1966 2817 2019 2871 8.
2057 2816 2199 2872 Sane
2230 2833 2354 2871 cum
2387 2817 2441 2870 in
2476 2817 2770 2871 evolvenda
2801 2816 2946 2872 Semi
2974 2820 3144 2889 stirpe
3164 2861 3178 2885 ,
3209 2836 3461 2890 procrea-

1897 2907 2106 2961 tionum
2142 2909 2336 2963 seriem
2377 2908 2523 2961 haud
2572 2909 2809 2962 alienam
2858 2910 2924 2963 ab
2968 2914 3279 2982 evangelica
3328 2913 3438 2966 Mat

1899 3001 2018 3055 thzei
2060 3001 2270 3054 ratione
2291 3040 2304 3063 ,
2338 3017 2511 3071 usque
2543 3001 2609 3055 ad
2639 3001 2935 3070 Iosephum
2967 3013 3020 3057 et
3064 3005 3288 3058 Mariam
3332 3023 3463 3060 cou-

233 3099 284 3142 et
322 3087 594 3158 Iosephus
617 3106 760 3144 anno
784 3090 958 3146 aetatis
979 3091 1189 3146 decimo
1217 3093 1446 3162 septimo
1473 3109 1502 3147 a
1535 3093 1795 3149 fratribus
1824 3112 1868 3172 ρ
1903 3098 2152 3145 texturas
2181 3106 2281 3144 nos
2310 3093 2760 3160 promiserimus;
2789 3109 2819 3146 e
2849 3089 3035 3147 Jacobi
3068 3096 3250 3149 liberis
3276 3108 3463 3164 optare

236 3182 486 3237 venditus
521 3186 797 3239 concessit
834 3183 886 3238 in
910 3184 1199 3256 Egyptum
1225 3204 1239 3251 ;
1266 3201 1496 3255 cumque
1518 3186 1592 3240 ibi
1617 3187 1796 3241 trede—

229 3275 338 3327 cim
370 3276 533 3330 annis
561 3277 614 3330 in
629 3278 905 3348 ergastulo
933 3279 1144 3341 fuisset,
1165 3295 1308 3334 anno
1326 3279 1500 3334 aetatis
1523 3279 1798 3334 tricesimo

231 3367 448 3438 Λεπρεῖ
482 3368 821 3425 dominatum
854 3372 1123 3436 obtinuit,
1156 3386 1265 3444 quo
1297 3387 1390 3441 per
1433 3387 1605 3426 annos
1645 3380 1798 3426 octo-

229 3459 382 3527 ginta
412 3460 763 3528 perfunctus,
809 3479 952 3518 anno
993 3464 1209 3519 demum
1245 3463 1545 3518 centesimo
1585 3463 1797 3517 decimo

230 3557 374 3612 diem
423 3575 735 3628 supremum
778 3563 928 3616 obiit.
975 3562 1152 3615 Primo
1179 3561 1510 3632 IEgvptiacze
1532 3559 1797 3616 ubertatis

230 3666 379 3706 anno
409 3669 590 3708 rerum
623 3654 968 3708 moderamen
997 3655 1060 3707 ad
1088 3654 1385 3723 Iosephuin
1411 3655 1644 3707 delatum
1673 3662 1756 3707 est
1781 3671 1791 3704 :

221 3758 380 3796 anno
421 3753 605 3798 autem
654 3753 847 3799 octavo
889 3747 1077 3800 sa’vire
1125 3747 1322 3800 ibidem
1379 3745 1547 3799 fames
1594 3745 1793 3814 carpit,

227 3835 394 3903 cujus
427 3835 752 3890 calamitatis
782 3851 924 3890 anno
953 3839 1123 3892 altero
1149 3836 1386 3892 Iacobus
1418 3837 1472 3890 in
1501 3835 1795 3907 Egyptum

226 3927 518 3981 descendit
567 3943 710 3982 anno
752 3931 927 3984 aetatis
971 3944 1149 3990 eux,
1199 3930 1473 3999 vitamque
1517 3929 1588 3982 ibi
1637 3929 1795 3982 annis

225 4021 418 4074 adhuc
449 4036 558 4074 xvn
590 4022 908 4091 productam
941 4037 1085 4075 anno
1114 4021 1328 4075 domum
1357 4037 1536 4076 chvu
1565 4021 1793 4080 clausit,

219 4128 348 4181 quo
383 4120 621 4182 tempore
661 4129 839 4169 rerum
880 4115 1186 4183 potiebatur
1217 4130 1359 4168 anno
1384 4117 1494 4183 jam
1533 4124 1687 4169 sexto
1718 4114 1796 4166 vi-

216 4203 548 4271 cesimoque
575 4202 843 4274 Iosephus
863 4245 877 4266 ,
913 4205 1004 4274 qui
1035 4213 1087 4259 et
1123 4206 1282 4260 annis
1314 4221 1400 4259 Liv
1432 4206 1721 4275 superfuit.

299 4295 363 4347 6.
399 4292 635 4365 Iosepho
661 4313 690 4351 e
716 4297 852 4352 vivis
877 4307 1080 4367 erepto,
1107 4299 1424 4352 servitutem
1457 4301 1550 4353 lilii
1579 4299 1794 4353 lsraelis

219 4387 544 4442 serviebant
577 4387 845 4459 [Egyptiis
874 4390 1030 4444 annis
1061 4405 1237 4443 chtv.
1286 4389 1447 4443 Fiunt
1486 4405 1614 4460 ergo
1645 4408 1674 4443 a
1702 4391 1795 4444 Ia-

1897 3180 2090 3235 Iudam
2120 3180 2514 3246 debueramus,
2549 3198 2578 3235 a
2625 3197 2735 3251 quo
2776 3185 3183 3253 procreationes
3229 3187 3462 3243 deduce-

1899 3290 2084 3328 remus
2112 3291 2126 3338 ;
2174 3275 2430 3342 quoniam
2461 3290 2526 3328 ex
2560 3275 2723 3342 hujus
2755 3277 2976 3330 surculo
3007 3275 3267 3334 Dominus
3304 3296 3463 3334 exor-

1900 3375 1988 3420 tus
2047 3374 2151 3421 est.
2200 3366 2588 3420 Verumtamen
2635 3381 2861 3421 necesse
2912 3368 3050 3430 fuit,
3101 3371 3152 3423 in
3204 3371 3366 3426 Mosis
3411 3381 3464 3424 et

1872 3463 2025 3518 Iesu
2061 3461 2506 3530 reliquorumque
2537 3461 2765 3530 gratiam
2788 3500 2802 3524 ,
2835 3462 2926 3529 qui
2959 3463 3161 3531 p0pulo
3191 3480 3364 3534 usque
3396 3472 3462 3518 ad

1902 3554 2160 3610 Davidem
2211 3553 2304 3621 jus
2361 3551 2765 3617 reddiderunt,
2824 3551 3088 3606 Levinum
3142 3556 3261 3610 loco
3312 3555 3466 3612 Iudae

1899 3661 2352 3702 commemorare.
2393 3643 2548 3699 Nunc
2583 3654 2761 3699 autem
2796 3645 2940 3700 unde
2969 3662 3066 3716 par
3100 3657 3183 3703 est
3221 3665 3331 3704 rem
3366 3651 3463 3704 de-

1900 3756 2009 3795 nuo
2041 3751 2371 3809 repetamus.

1968 3833 2022 3886 9.
2066 3834 2411 3887 Abrahamus
2463 3833 2648 3902 genuit
2699 3831 2982 3904 lsaacum;
3036 3835 3253 3890 lsaacus
3299 3835 3462 3891 Iaco-

1898 3925 2063 3988 bum;
2099 3924 2335 3978 Iacobus
2385 3939 2530 3976 anno
2568 3924 2743 3976 aetatis
2774 3939 3015 3976 Lxxxvttt
3055 3923 3249 3979 Iudam
3289 3943 3318 3981 e
3366 3927 3463 3982 Lia

1900 4033 2066 4071 uxore
2098 4017 2340 4085 suscepit
2370 4035 2383 4078 ;
2415 4015 2585 4068 Iudas
2619 4031 2793 4068 annos
2828 4022 2989 4069 natus
3027 4031 3192 4070 vam
3229 4015 3459 4069 Pharem

1898 4107 2121 4177 genuit;
2155 4104 2358 4158 Phares
2387 4114 2566 4157 autem
2599 4118 2743 4156 anno
2769 4104 2944 4156 aetatis
2988 4118 3116 4156 Lvm
3152 4103 3261 4173 (51)
3293 4102 3462 4154 Ezro-

1898 4207 2063 4252 nem;
2124 4190 2299 4243 Ezron
2351 4204 2496 4241 anno
2550 4189 2727 4242 aetatis
2777 4202 2909 4239 Lvm
2945 4187 3130 4256 genuit
3163 4187 3460 4250 Aramum;

1898 4285 2130 4339 Aramus
2175 4297 2318 4336 anno
2368 4281 2544 4335 aetatis
2592 4295 2735 4333 xt.vtt
2792 4279 2976 4347 genuit
3029 4279 3460 4343 Aminadabum;

1901 4374 2269 4429 Aminadabus
2324 4388 2468 4426 anno
2516 4373 2691 4426 aetatis
2740 4388 2844 4426 ην
2897 4372 3082 4441 genuit
3136 4368 3458 4423 Naasonem.

218 4479 363 4533 cobi
404 4479 667 4534 descensu
711 4483 836 4534 anni
880 4495 1037 4536 ccxv.
1070 4482 1228 4535 Anno
1267 4482 1550 4536 servitutis
1598 4489 1792 4551 quarto

1899 4466 2104 4529 Porro,
2163 4465 2338 4534 inquit
2374 4465 2524 4533 (5'2),
2596 4471 2711 4517 erat
2758 4464 3128 4516 Aminadabus
3179 4462 3462 4530 copiarum

222 4584 405 4638 supra
439 4571 830 4640 sexagesimum
859 4571 1032 4626 Moses
1056 4572 1230 4625 lucem
1259 4575 1501 4642 aspexit;
1530 4579 1620 4642 qui
1647 4582 1798 4626 octo-

221 4663 389 4732 ginta
413 4675 580 4716 annos
607 4663 884 4732 ingressus
904 4702 918 4723 ,
947 4678 1067 4718 cum
1102 4663 1267 4717 fratre
1289 4664 1499 4718 Aarone
1523 4671 1635 4717 tres
1668 4664 1793 4717 item

220 4762 282 4806 et
325 4755 592 4821 octoginta
641 4769 813 4809 annos
863 4763 1016 4816 nato,
1068 4757 1327 4824 populum
1383 4755 1620 4826 Egypto
1666 4755 1795 4808 sub-

220 4843 394 4897 duxit
423 4845 543 4896 :cui
590 4853 873 4913 postquam
907 4846 1066 4900 annis
1093 4846 1453 4918 quadraginta
1491 4849 1543 4900 in
1575 4848 1792 4901 deserto

221 4934 578 5005 prafuisset,
630 4951 772 4989 anno
812 4939 982 4991 aetatis
1030 4939 1291 4992 vicesimo
1336 4954 1498 5006 supra
1549 4941 1792 4994 centesi-

223 5042 389 5079 mum
430 5029 674 5081 moritur.
711 5027 839 5082 Post
871 5029 1068 5083 Mosem
1097 5029 1256 5083 Iesus
1288 5029 1420 5083 Navi
1449 5030 1624 5091 ﬁlius,
1677 5030 1797 5083 Ior-

221 5123 379 5171 dane
400 5121 738 5181 transmisso,
772 5124 1023 5190 populum
1052 5123 1160 5193 (47)
1187 5122 1241 5175 in
1266 5131 1465 5177 terram
1499 5125 1798 5177 annuntia-

305 5250 348 5278 ³⁹
377 5247 656 5316 Iudic.ttl,
689 5253 777 5305 5|.
853 5254 873 5282 ³
914 5252 928 5304 1
968 5252 1098 5323 Reg.
1148 5272 1228 5319 tv,
1268 5255 1352 5308 18.

310 5379 425 5446 (45)
465 5381 546 5434 ΑΙ.
578 5382 698 5434 cod.
724 5422 737 5444 ,
767 5396 931 5439 sexto.

307 5450 428 5516 (46)
468 5450 600 5506 Vide
632 5455 696 5504 ad
727 5469 814 5507 an.
847 5455 1136 5509 Abrahami
1170 5456 1294 5510 252.

302 5519 426 5595 (47)
451 5522 640 5595 findi].
662 5524 836 5583 Arum,
866 5542 950 5577 eos
981 5542 1078 5595 pro
1106 5527 1372 5594 populum.

301 5590 526 5660 (48-59)
564 5592 682 5645 Alio
715 5595 765 5646 in
807 5590 993 5650 codice
1047 5590 1387 5652 desideratur
1429 5598 1532 5650 hoc
1579 5612 1792 5651 comma
1848 5610 1851 5616 ‘

230 5662 552 5729 parenthesi
600 5664 861 5716 clausum.
1462 5695 1467 5699 ~

304 5732 426 5802 (50)
468 5730 540 5782 Ita
570 5736 727 5785 etiam
761 5734 1020 5789 Eusebius
1046 5737 1109 5790 ad
1139 5754 1228 5791 an.
1261 5738 1380 5789 832.
1416 5736 1612 5789 Verum
1648 5738 1789 5790 idem

233 5803 288 5855 in
349 5802 535 5872 priore
579 5803 712 5855 libro
763 5808 924 5859 semel
971 5808 1119 5875 ponit
1170 5810 1319 5872 (col.
1354 5808 1445 5860 liii
1478 5809 1493 5876 )
1527 5816 1578 5862 ct
1623 5809 1788 5862 semel

559 5899 825 5962 PATROL.
868 5905 983 5964 (in.
1019 5908 1191 5969 XIX.

1899 4557 2051 4613 Iudae
2083 4559 2215 4618 dux.
2251 4571 2360 4626 quo
2391 4564 2636 4624 tempore
2667 4553 2843 4607 Moses
2887 4552 3104 4607 Israelis
3147 4551 3460 4621 progeniem

1898 4668 1963 4705 ex
2023 4649 2256 4720 Egypto
2313 4648 2555 4701 deduxit.
2607 4645 2927 4700 Conﬂantur
2987 4642 3149 4714 igitur
3201 4659 3230 4696 a
3282 4645 3460 4712 primo

1900 4741 2193 4795 Abrahami
2228 4753 2370 4791 anno
2407 4751 2578 4805 usque
2611 4735 2676 4787 ad
2714 4733 3092 4803 migrationem
3125 4747 3187 4787 ex
3225 4729 3462 4800 Egypto

1899 4831 2306 4902 procreationes
2342 4845 2467 4891 vui,
2505 4828 2738 4895 annique
2773 4840 2882 4889 av;
2920 4823 2988 4875 ab
3030 4822 3236 4876 Adamo
3279 4830 3461 4874 autem

1901 4923 2305 4996 procreationes
2338 4936 2538 4981 xxviii,
2570 4917 2806 4984 annique
2839 4928 3246 4967 uuuncuxxtx.

1971 5017 2056 5070 10.
2095 5012 2311 5067 Naason
2346 5027 2518 5064 annos
2555 5019 2714 5062 natus
2749 5022 2873 5061 thv
2907 5007 3091 5076 genuit
3128 5005 3458 5060 Salmonem.

1900 5107 2169 5177 Eratque,
2205 5107 2281 5158 ait
2316 5103 2463 5174 (55),
2502 5101 2717 5156 Naason
2761 5100 3014 5170 princeps
3063 5097 3214 5152 Iudae
3256 5100 3462 5170 myria-

1898 5385 2102 5438 omittit
2149 5384 2298 5448 (col.
2339 5381 2476 5447 168)
2524 5379 2790 5432 Λειοηειη.
2843 5377 2996 5430 Nunc.
3051 5374 3458 5448 quidem_apttd

1901 5454 2036 5507 LXX
2097 5443 2285 5516 Viros,
2320 5469 2441 5516 cap.
2465 5443 2588 5512 xu,
2643 5453 2735 5507 ll.
2787 5465 2884 5502 nec
2932 5463 3038 5501 non
3071 5443 3228 5514 apud
3287 5443 3458 5499 Biblia

1901 5469 2036 5507 ωιλ
2102 5469 2285 5516 Viros,
2320 5469 2441 5574 cui.
2479 5469 2527 5504 XI

1896 5525 2046 5578 At'm.
2079 5525 2318 5578 occurrit
2399 5520 2534 5574 Ilon.

1971 5597 2082 5662 (51)
2122 5596 2203 5647 Al.
2238 5593 2386 5650 cotl..
2421 5608 2530 5645 ως.

1973 5655 2084 5733 (ῖίξῖ)
2123 5664 2274 5731 Apud
2337 5662 2663 5724 Eusebium,
2697 5678 2735 5724 ι,
2786 5660 2868 5722 l6,
2912 5659 3017 5722 29.,
3064 5655 3312 5712 Naasson
3353 5669 3458 5708 non

1899 5737 2284 5790 Aminadabus.

1974 5808 2084 5875 tas)
2127 5805 2354 5858 Ibidem.

3073 5893 3150 5951 20
