4008 6204
504 313 514 324 ³
557 355 658 404 ms

1570 351 1906 404 APPENDIX
1946 350 2036 404 AD
2076 349 2342 406 EUSEBII
2377 346 2795 406 CHRONICON.

3689 352 3802 405 6'20

556 471 684 523 dum
714 470 768 523 in
799 469 1048 538 deserto,
1080 470 1307 541 ejusque
1349 485 1506 526 soror
1529 470 1804 526 Elisabeth
1851 471 2112 527 Eleazaro
2141 477 2186 534 Α
2213 472 2352 526 haus
2369 471 2642 542 captivum
2673 469 2916 532 abduxit,
2937 481 3225 538 regemque
3251 467 3384 521 dixit
3400 467 3802 524 Eliachimum.

555 559 785 614 Aaronis
817 560 927 614 tilio
960 571 1124 631 nupta
1160 561 1296 627 fuit,
1329 577 1438 632 quo
1467 563 1723 632 conjugio
1770 575 1987 618 creatus
2033 570 2118 617 est

555 647 822 714 Phinees,
865 658 1028 721 atque
1072 653 1146 706 ita
1192 654 1414 723 contigit
1467 661 1525 706 ut
1566 652 1720 708 Iuda:
1772 671 1942 724 genus
1992 670 2115 709 cum

556 739 794 797 Levitico
824 742 1080 799 affinitate
1106 743 1446 815 jungeretur.
1485 743 1705 800 Salmon
1743 761 1917 802 annos
1953 755 2115 801 natus

557 851 696 888 xxxv
730 837 917 906 genuit
958 836 1218 892 Roosum.
1261 837 1518 908 Eratque,
1544 839 1643 900 ait,
1670 838 1892 892 Salmon
1937 839 2116 892 tribus

551 922 704 980 Iuda:
759 927 1039 997 princeps,
1092 942 1201 996 quo
1245 937 1488 998 tempore
1535 927 1695 984 Iesus
1742 944 1866 983 cum
1912 931 2114 999 populo

551 1013 840 1070 Iordanem
869 1017 1102 1086 trajecit.
1160 1018 1209 1074 Is
1264 1035 1488 1074 uxorem
1537 1021 1808 1090 copulavit
1851 1021 1956 1076 sibi
2008 1021 2118 1075 Ra-

550 1102 746 1157 haham
767 1143 782 1170 ,
817 1120 976 1175 quam
1024 1105 1182 1160 divus
1212 1109 1542 1178 evangelista
1565 1109 1694 1164 dicit
1728 1108 2040 1165 Rechabam
2069 1113 2112 1165 ⁵.

553 1199 697 1256 Idem
724 1201 1126 1258 Bethlehemum
1149 1206 1338 1260 urbem
1363 1206 1420 1261 in
1440 1205 1593 1262 Iuda:
1615 1208 1820 1264 ditione
1844 1209 2110 1264 fundavit.

625 1295 707 1350 II.
748 1294 956 1351 Boosus
1001 1312 1174 1353 annos
1220 1308 1380 1354 natus
1428 1315 1560 1355 cvm
1611 1302 1798 1373 genuit
1844 1302 2110 1358 Obedum.

550 1385 724 1442 Iiooso
754 1389 936 1458 nupsit
977 1387 1155 1443 Rutha
1215 1391 1462 1447 Moabitis
1505 1392 1724 1448 femina.
1773 1393 2112 1465 Epiphanius

550 1476 907 1532 Amanitidein
932 1479 1006 1531 ait
1029 1478 1262 1534 Rutham
1285 1521 1300 1546 ,
1327 1483 1536 1538 scilicet
1558 1485 1941 1540 Amonitidem.
1971 1484 2115 1542 Obe-

549 1570 650 1624 dus
677 1585 847 1624 annos
873 1579 1034 1626 natus
1061 1588 1112 1625 CI
1141 1575 1325 1643 genuit
1350 1573 1645 1641 Jessaeum;
1670 1575 1907 1633 Iessmus
1938 1593 2112 1634 annos

551 1671 706 1716 natus
757 1677 898 1718 cxxx
951 1665 1139 1735 genuit
1192 1664 1486 1733 Davidem;
1539 1667 1706 1721 David
1743 1684 1915 1724 annos
1949 1681 2114 1726 natus

550 1767 678 1807 ινιιι
715 1757 900 1822 genuit
956 1755 1322 1812 Solomonem.
1374 1757 1467 1813 Ille
1508 1761 1832 1816 tricenarius
1883 1778 2111 1833 regnum

2295 562 2478 617 XVIII.
2523 562 2852 617 Eliachimus
2879 603 2894 627 ,
2944 560 3195 629 idemque
3232 559 3582 627 Soachimus,
3626 563 3807 617 annis

2225 668 2322 708 xu.
2357 652 2530 721 Hujus
2564 666 2707 705 anno
2733 651 2948 705 decimo
2989 649 3230 704 Iudaeam
3279 649 3802 706 Nabuchodonoso-

2225 762 2320 800 rus
2351 745 2592 808 domuit.
2625 752 2677 799 et
2708 752 2829 813 post
2860 753 3136 812 acceptum
3184 742 3254 796 ab
3281 742 3578 798 Eliachimo
3608 745 3804 799 tribu-

2224 847 2336 891 tum
2373 838 2659 892 abscessit.

2293 925 2434 979 XIX.
2475 925 2823 990 Joachimus,
2858 925 3104 994 idemque
3141 923 3433 978 Iechonias
3455 963 3471 986 ,
3503 925 3802 980 mensibus

2225 1034 2307 1072 ιιι.
2345 1017 2618 1073 Reversus
2663 1017 3234 1070 Nabuchodonosorus
3271 1013 3611 1070 Ioachimum
3641 1033 3799 1088 quo-

2223 1127 2328 1180 que
2359 1111 2411 1164 in
2445 1111 2808 1180 captivitatem
2839 1108 3161 1178 deportavit.

2294 1202 2410 1256 XX.
2452 1202 2756 1256 Mathanias
2779 1241 2793 1264 ,
2833 1201 3081 1269 idemque
3114 1199 3444 1266 Sedechias,
3481 1202 3633 1256 annis
3662 1218 3746 1256 xt.

2293 1294 2623 1349 Duodecimo
2685 1294 2962 1350 Sedechia:
3015 1309 3159 1348 anno
3213 1293 3800 1352 Nabuchodonosorus

2221 1386 2506 1441 Chaldmus
2549 1387 2723 1455 captis
2756 1387 3146 1456 Hierosolymis
3192 1388 3451 1457 templum
3498 1393 3790 1444 cremavit.

2222 1481 2493 1536 Mauserat
2547 1481 2809 1549 templum
2857 1480 3015 1534 annis
3065 1494 3325 1535 cccchu.
3379 1479 3436 1535 In
3478 1482 3792 1553 quadrage-

2222 1576 2374 1629 simze
2413 1573 2655 1642 septima:
2692 1572 3014 1642 Olympiadis
3057 1587 3258 1626 annum
3301 1582 3555 1643 quartum
3591 1575 3793 1629 incidit

2221 1665 2556 1735 captivitatis
2605 1664 2850 1727 initium,
2887 1664 3184 1733 eademque
3231 1680 3403 1719 annos
3435 1668 3792 1736 septuaginta

2220 1759 2527 1828 occupavit.
2560 1755 2691 1810 Post
2717 1771 2924 1810 annum
2956 1755 3292 1825 captivitatis
3322 1757 3642 1812 vicesimum
3674 1756 3791 1810 Na-

551 1847 862 1915 auspicatus
887 1855 1002 1911 est,
1034 1847 1302 1919 annisque
1330 1866 1398 1903 χι.
1443 1852 1700 1917 retinuit,
1739 1854 1848 1907 vita
1901 1855 1966 1908 ad
2019 1869 2102 1909 se-
2143 1845 2185 1897 Β
2214 1851 2707 1907 buchodonosorus
2736 1867 2766 1906 e
2799 1850 2907 1904 vita
2938 1850 3208 1920 migravit.

551 1941 940 2011 ptnagesimum
976 1956 1175 1995 annum
1201 1949 1494 2012 protracta.
1527 1942 1781 1998 Solomon
1817 1959 1987 1999 annos
2010 1962 2110 2000 na-

549 2041 633 2085 tus
673 2049 783 2086 χχιι
817 2033 928 2104 (54)
957 2036 1140 2105 genuit
1173 2033 1534 2090 Roboamum.
1579 2035 1723 2091 Idem
1773 2045 1970 2107 quarto
2024 2054 2111 2093 re-

549 2125 638 2195 gni
673 2126 756 2180 sui
791 2141 934 2180 anno
966 2127 1149 2198 templi
1183 2127 1467 2182 aedificium
1515 2129 1802 2184 excitabat.
1847 2130 1864 2199 (
1885 2129 1930 2182 A
1966 2129 2112 2185 Mose

549 2232 966 2290 egressuquegex
999 2219 1234 2290 {Egypto
1261 2235 1435 2290 usque
1465 2221 1532 2275 ad
1576 2219 1923 2276 Solomonem
1966 2229 2109 2277 tem-

549 2310 728 2378 plique
779 2286 1050 2379 opificium
1101 2313 1464 2366 conficiuntur
1511 2313 1637 2367 anni
1687 2311 1978 2370 CCCCLxxx.
2030 2313 2112 2370 Ab

549 2402 751 2456 Adamo
799 2402 978 2458 autem
1036 2405 1417 2476 uitIMCthx.)
1471 2403 1616 2460 Idem
1673 2406 1976 2463 duodennis
2024 2424 2111 2463 re-

548 2511 708 2565 gnum
741 2495 967 2565 adeptus
1010 2505 1094 2552 est
1143 2496 1292 2569 (55),
1345 2498 1489 2569 quod
1539 2514 1606 2551 xt.
1661 2501 1820 2556 annis
1875 2499 2106 2567 insedit,

547 2587 731 2643 vivens
759 2589 914 2643 annis
945 2603 1036 2644 tu.

616 2702 700 2755 I2.
742 2700 870 2757 Post
926 2701 1269 2760 Solomonem
1321 2704 1535 2763 Israelis
1587 2723 1812 2778 regnum
1863 2707 2110 2764 bifariam

543 2795 777 2850 divisum
811 2805 912 2852 est.
981 2795 1240 2853 Samaria:
1283 2799 1468 2855 decem
1509 2800 1765 2857 tribubus
1823 2802 2108 2874 imperavit

547 2885 900 2943 Ieroboamus
933 2887 1125 2944 Nabati
1167 2890 1338 2956 filius,
1375 2893 1529 2962 isque
1572 2909 1666 2948 rex
1713 2893 1926 2949 Israelis
1960 2897 2110 2950 voci-

545 2986 690 3036 tatus
720 2987 821 3035 est.
856 2978 1206 3052 Ierosolymis
1235 2990 1415 3037 autem
1458 2983 1744 3053 imperavit
1789 2984 2105 3041 Roboamus

546 3070 855 3127 Solomonis
889 3073 1032 3129 filius
1053 3113 1068 3138 ,
1101 3073 1254 3143 isque
1285 3090 1379 3128 rex
1411 3074 1565 3130 Iudae
1596 3076 1897 3147 appellatus
1929 3089 2032 3133 est.

613 3162 652 3217 l.
698 3163 1007 3220 Roboamus
1034 3177 1221 3237 regnat
1244 3165 1600 3239 Icrosolymis
1627 3170 1786 3225 annis
1815 3186 1946 3225 xvu.

613 3253 680 3310 ιι.
720 3257 886 3313 Abias
918 3258 1075 3313 annis
1111 3275 1191 3313 ιιι.

611 3346 700 3404 III.
739 3348 849 3403 Asa
881 3348 992 3420 (56)
1023 3352 1182 3405 annis
1211 3365 1319 3406 xu.

613 3441 701 3495 IV.
741 3441 1068 3514 Iosaphatus
1101 3445 1258 3498 annis
1293 3461 1397 3500 xxv
1439 3446 1572 3518 (57).

617 3531 680 3585 V.
720 3532 973 3590 Ioramus
1008 3535 1166 3591 annis
1204 3550 1322 3590 \‘III.

614 3623 702 3678 VI.
745 3625 1009 3683 Ochosias
1045 3643 1188 3682 anno
1223 3645 1260 3682 ι.

613 3717 724 3772 VII.
765 3717 988 3774 Godolia
1017 3730 1189 3775 mater
1219 3721 1337 3791 ejus
1366 3725 1524 3778 annis
1558 3739 1654 3778 vn.

616 3806 749 3862 VIII.
788 3806 984 3865 Ioasus
1017 3813 1176 3867 annis
1206 3828 1296 3867 xt..
1329 3811 1462 3869 Tres
1498 3815 1664 3869 hosce
1694 3830 1880 3886 reges,
1911 3830 2105 3886 nempe

543 3895 835 3955 Ochosiam
886 3916 1008 3955 cum
1061 3901 1287 3957 Godolia
1340 3914 1543 3970 matre,
1591 3903 1814 3961 Ioasum
1853 3915 1905 3962 et
1939 3906 2104 3960 Ama-

542 3989 676 4044 siam
697 4030 712 4055 ,
741 3991 944 4048 idcirco
973 3994 1025 4048 in
1053 4010 1210 4050 suam
1239 3999 1604 4067 genealogiam
1631 3999 1964 4068 evangelista
1994 4014 2102 4052 non

542 4084 756 4147 intulit,
787 4085 930 4154 quod
962 4086 1052 4141 illa
1087 4087 1227 4150 ﬁlia,
1260 4088 1316 4142 hi
1349 4100 1570 4160 nepotes
1607 4089 1812 4145 Acbabi
1847 4089 2097 4145 fuissent.

611 4173 701 4230 ΙΧ.
741 4174 987 4230 Amesias
1019 4178 1176 4233 annis
1205 4194 1353 4233 χχιχ.

609 4268 676 4323 Χ.
719 4268 975 4333 Azarias,
1028 4269 1276 4339 idemque
1321 4271 1522 4336 Ozias,
1578 4275 1736 4328 annis
1789 4288 1884 4327 LII.
1940 4273 2098 4326 Anno

539 4357 682 4414 Ozia:
711 4358 1126 4429 quadragesimo
1157 4375 1302 4414 nono
1330 4363 1504 4430 prima
1536 4365 1807 4434 Olympias
1838 4371 1956 4417 acta
1989 4371 2094 4418 est.

609 4452 702 4508 XI.
743 4451 1059 4508 Ioathamus
1089 4453 1246 4508 annis
1277 4469 1390 4508 xvi.

2285 1939 2372 1994 15.
2413 1938 2662 1995 Iamvero
2691 1940 2745 1994 in
2772 1939 3006 1992 Matthzei
3037 1938 3347 2009 genealogia
3368 1938 3661 1994 Iechonias
3687 1955 3788 2009 ge-

2216 2033 2333 2087 nuit
2365 2032 2712 2088 Salathielem
2761 2047 2905 2086 anno
2931 2032 3104 2086 :ctatis
3135 2048 3220 2085 LVI
3277 2050 3289 2084 :
3339 2033 3427 2086 hic
3470 2031 3788 2088 Zorobabe-

2215 2125 2318 2179 lem
2361 2141 2505 2180 anno
2559 2141 2643 2179 LVI
2675 2142 2688 2191 ;
2742 2125 2832 2179 bic
2855 2123 3126 2178 Abiudum
3171 2139 3314 2178 anno
3341 2140 3442 2178 χιι·
3471 2141 3486 2189 ;
3518 2124 3606 2178 hic
3636 2123 3787 2177 Elia-

2214 2216 2450 2270 chimum
2483 2231 2626 2270 anno
2655 2232 2755 2281 Lx;
2793 2215 2879 2269 hic
2895 2216 3121 2270 Azorem
3145 2231 3286 2269 anno
3315 2231 3514 2280 xxxix;
3554 2216 3642 2270 hic
3681 2215 3788 2270 Sa-

2213 2307 2446 2361 dochum
2485 2323 2629 2362 anno
2660 2323 2808 2363 xxxi.
2835 2307 3016 2362 Primo
3047 2306 3281 2361 Sadochi
3307 2323 3450 2362 anno
3476 2308 3786 2362 Alexander

2215 2398 2437 2454 l-Iacedo
2477 2399 2753 2453 inclaruit.
2786 2399 2836 2453 Is
2863 2398 3084 2452 Achiam
3107 2413 3249 2452 anno
3276 2399 3452 2452 a-tatis
3476 2413 3659 2460 xxxiv;
3684 2397 3781 2451 hic

2213 2489 2464 2544 Eliudum
2505 2503 2649 2542 anno
2698 2504 2834 2549 xxx;
2863 2488 2951 2542 hic
2977 2486 3280 2540 Eliazarum
3337 2502 3480 2540 anno
3502 2501 3607 2539 Lm
3634 2505 3652 2551 -,
3684 2487 3784 2540 hic

2213 2580 2520 2634 Mathanem
2569 2592 2710 2632 anno
2759 2593 3006 2642 xxxviii;
3049 2575 3137 2629 hic
3169 2575 3428 2629 Iacobum
3469 2590 3611 2629 anno
3667 2591 3782 2640 Lx;

2213 2668 2301 2723 hic
2340 2667 2636 2738 Iosephum
2699 2681 2842 2720 anno
2880 2681 3060 2720 Lxxvt.
3129 2663 3289 2719 Iesus
3332 2663 3588 2720 Christus
3631 2667 3782 2736 apud

2211 2761 2362 2816 Iudae
2395 2760 2800 2814 Bethlehemum
2845 2757 3108 2812 nascitur.
3165 2755 3387 2810 Summa
3436 2760 3700 2826 temporis
3750 2774 3783 2814 τι

2213 2853 2399 2924 templi
2446 2852 2792 2921 reparatione
2844 2850 2910 2903 ad
2959 2849 3162 2905 Christi
3217 2849 3417 2902 natalia
3469 2851 3596 2903 anni
3649 2864 3782 2906 sunt

2211 2962 2378 3001 nxvul
2405 2965 2418 3012 ;
2451 2961 2480 2998 a
2505 2944 2798 3000 Solomone
2822 2944 3107 3014 primoque
3135 2943 3318 3012 templi
3347 2942 3576 2997 aedificio
3604 2958 3783 3012 usque

2211 3040 2276 3094 ad
2305 3039 2602 3094 secundum
2653 3037 2781 3090 anni
2828 3052 2983 3101 nxu;
3015 3036 3083 3089 ab
3110 3035 3258 3090 exitu
3309 3034 3376 3087 ad
3425 3033 3775 3089 Solomonem

2213 3133 2337 3186 anni
2367 3146 2635 3186 ccccuxx
2671 3146 2686 3194 ;
2718 3129 2785 3182 ab
2813 3129 3127 3183 Abrahamo
3154 3130 3219 3181 ad
3248 3127 3451 3182 exitum
3490 3127 3623 3181 anni
3667 3143 3774 3190 nv;

2213 3241 2242 3278 a
2272 3223 2476 3278 diluvio
2504 3222 2570 3276 ad
2603 3221 2971 3276 Abrahamum
3015 3219 3141 3273 anni
3168 3234 3439 3273 nccccxut
3470 3237 3483 3283 ;
3533 3219 3600 3272 ab
3631 3219 3780 3272 Ada-

2211 3332 2304 3370 mo
2358 3316 2424 3369 ad
2452 3315 2713 3370 diluvium
2759 3313 2884 3367 anni
2931 3328 3184 3366 nucchu
3223 3332 3234 3365 :
3276 3327 3488 3365 summa
3538 3311 3777 3382 denique

2213 3409 2472 3479 temporis
2506 3408 2574 3462 ab
2603 3406 2810 3460 Adamo
2855 3404 2923 3458 ad
2965 3404 3168 3459 Christi
3217 3404 3417 3457 natalia
3467 3402 3595 3456 anni
3646 3414 3778 3458 sunt

2212 3514 2762 3561 ιιιιιιιιιιοιχχχχγιιι,
2820 3504 2981 3568 prout
3038 3495 3391 3566 Septuaginta
3445 3494 3778 3565 Interpretes

2211 3593 2425 3648 docent.

2283 3708 2368 3760 14.
2408 3705 2537 3760 Post
2565 3705 2768 3760 obitum
2803 3703 3112 3759 Solomonis
3135 3744 3150 3767 ,
3187 3712 3244 3757 ut
3273 3704 3386 3772 jam
3417 3703 3627 3760 dictum
3652 3719 3773 3768 est,

2210 3799 2490 3854 Roboamo
2538 3812 2761 3868 regnum
2818 3811 3052 3856 exorso,
3103 3797 3210 3849 imo
3261 3797 3438 3865 primo
3490 3801 3774 3868 regnantis

2210 3880 2392 3952 anno',
2427 3887 2686 3941 Samaria:
2714 3887 2899 3942 decem
2933 3885 3182 3940 tribubus
3213 3885 3480 3956 imperare
3510 3890 3679 3959 coapit

2280 3981 2322 4034 I.
2363 3979 2718 4035 Jeroboamus
2749 3977 2940 4031 Nabati
2973 3978 3114 4032 ﬁlius
3146 3981 3303 4032 annis
3334 3994 3470 4035 xm.

2277 4073 2396 4127 Iam
2431 4073 2508 4126 uti
2544 4071 2763 4125 Davidis
2811 4079 2966 4125 mtate
3009 4071 3466 4141 prophetaverant
3511 4071 3768 4136 Gaddus,

2206 4162 2515 4228 Nathancs,
2568 4163 2859 4234 Asaphus;
2908 4180 3206 4234 rursusque
3255 4165 3563 4221 Solomonis
3611 4173 3773 4220 aetate

2211 4259 2522 4322 Sadochus,
2555 4256 2759 4310 Achias
2791 4255 3050 4312 Silonites
3089 4267 3142 4310 et
3188 4256 3446 4324 Sameas;
3491 4257 3565 4310 ita
3603 4259 3773 4313 etiam

2204 4349 2515 4407 Jeroboami
2601 4347 2805 4416 filiique
2861 4347 2980 4416 ejus
3030 4346 3221 4402 Nabati
3276 4356 3431 4402 aetate
3482 4348 3768 4404 vaticinati

2208 4448 2334 4497 sunt
2379 4439 2612 4503 Achias,
2659 4436 2918 4501 Sameas,
2967 4447 3080 4492 tum
3129 4446 3184 4493 et
3226 4440 3312 4494 ille
3342 4440 3430 4509 qui
3475 4439 3541 4493 ad
3588 4439 3769 4508 ipsam

609 4544 722 4600 XII.
765 4545 1014 4601 Acbazus
1042 4545 1200 4600 annis
1228 4561 1340 4600 xvi-
1369 4545 1667 4602 Undecimo
1695 4549 1898 4604 Achazi
1948 4564 2093 4604 anno

2225 4537 2462 4591 Samaria:
2491 4549 2638 4588 aram
2670 4533 2714 4596 ⁸,
2749 4546 2849 4586 nec
2882 4546 2989 4585 non
3021 4529 3220 4585 Ioasus
3242 4572 3255 4593 ,
3290 4541 3340 4586 et
3365 4529 3475 4586 Ioel
3496 4572 3512 4596 ,
3541 4540 3592 4588 et
3621 4533 3773 4588 Aza-

536 4636 701 4691 lsrael
732 4636 786 4689 in
817 4637 1132 4691 servitutem
1166 4650 1196 4690 a
1228 4634 1608 4693 Salmauasaro
1637 4639 1889 4695 redactus
1917 4652 2022 4696 est.

607 4725 741 4783 XIII.
781 4727 1040 4783 Ezechias
1079 4728 1235 4784 annis
1267 4746 1416 4785 xxix.
1449 4728 1602 4785 Nono
1655 4730 1900 4787 Ezechiae
1951 4749 2094 4788 anno

538 4817 763 4872 Romam
793 4819 1036 4876 condidit
1072 4819 1335 4876 Romulus
1355 4863 1370 4887 ,
1401 4823 1492 4892 qui
1523 4831 1637 4877 erat
1683 4826 1748 4876 al.
1780 4825 2090 4880 Abrahamo

537 4924 714 4964 annus
748 4924 1053 4965 uccaxxxm
1086 4913 1218 4984 (58).

607 4999 744 5055 XIV.
788 5001 1065 5059 Manasses
1093 5005 1253 5061 annis
1282 5022 1372 5069 μ’.

573 5089 721 5156 ,ΧΥ
766 5089 1001 5145 Amosus
1031 5094 1188 5146 annis
1225 5110 1331 5148 χιι.

604 5180 742 5234 XVI.
785 5179 958 5236 Josias
988 5186 1146 5238 anuis
1176 5202 1333 5239 xxxi.

605 5270 769 5325 XVII.
808 5272 1109 5331 Ioachasus
1143 5278 1420 5332 mensibus
1465 5293 1545 5331 ιιι.
1588 5274 1914 5333 Ioachasum
1959 5275 2094 5332 Nec-

601 5425 626 5460 ⁸
663 5425 848 5483 Matth.
894 5447 932 5492 ι,
976 5429 1027 5483 5.
1106 5432 1124 5461 ⁵
1166 5432 1235 5485 IlI
1263 5433 1396 5503 Reg.
1432 5447 1546 5496 χιιι,
1592 5432 1641 5484 I.

607 5581 717 5652 (ὄλ)
757 5585 840 5638 Al.
871 5586 1026 5647 cod.,
1057 5601 1153 5639 xu.

605 5655 716 5727 (55)
756 5655 832 5708 Ita
862 5656 936 5730 ait
964 5665 1017 5711 et
1046 5656 1371 5726 Eupolemus
1392 5659 1530 5728 apud
1556 5659 1846 5716 Eusebium
1865 5703 1878 5730 ,
1904 5659 2084 5729 Prwp.

535 5725 714 5793 evang.
748 5741 799 5778 ιχ
821 5764 834 5787 ,
865 5725 952 5778 50.
1131 5725 1139 5726 “

610 5799 720 5871 (56)
757 5797 842 5852 Al.
875 5794 997 5851 cod.
1017 5834 1031 5859 ,
1062 5795 1321 5865 Amp/tus.

2205 4633 2315 4686 rias
2345 4629 2592 4697 idemque
2617 4623 2804 4679 Addus
2824 4663 2838 4688 ,
2873 4632 3035 4692 atque
3062 4622 3321 4678 Anauias.

2274 4721 2337 4776 II.
2381 4720 2616 4774 Nabatus
2651 4717 2808 4772 annis
2839 4732 2897 4769 ιι.

2275 4813 2362 4867 Ill.
2404 4811 2560 4880 Bajas
2593 4809 2702 4881 (51)
2737 4808 2894 4862 annis
2927 4824 3075 4862 xxiv.

2274 4904 2362 4958 IV.
2404 4903 2498 4956 Ela
2531 4903 2688 4956 armis
2720 4918 2778 4956 ιι.

2273 4998 2337 5054 V.
2380 4997 2596 5052 Zambri
2627 4997 2908 5052 mensibus
2935 5012 3031 5050 vu.

2271 5089 2360 5144 VI.
2402 5089 2554 5144 Amri
2589 5090 2747 5144 annis
2777 5106 2875 5144 xu.

2271 5180 2381 5236 VII.
2426 5183 2714 5236 Achaabus
2749 5183 2906 5238 annis
2938 5199 3074 5237 xxn.

2271 5274 2384 5329 Sub
2416 5276 2515 5328 hoc
2544 5275 2818 5344 prophetae
2847 5277 3064 5332 fuerunt
3093 5275 3326 5343 Abdias,
3362 5274 3506 5333 Elias
3526 5317 3540 5341 ,
3571 5276 3734 5332 Iesus
3761 5317 3775 5339 ,

2273 5585 2382 5650 (57)
2421 5584 2504 5638 Al.
2536 5583 2656 5639 cod.
2680 5624 2695 5648 ,
2727 5601 2897 5640 xtvn.

2272 5655 2381 5724 (58)
2422 5653 2618 5724 Maenia
2646 5657 2952 5724 templaque
2978 5657 3163 5714 Roma:
3188 5659 3290 5716 hoc
3309 5675 3452 5715 anno
3478 5675 3508 5715 a
3531 5659 3770 5719 Romulo

2201 5723 2461 5784 LudifiCata
2490 5723 2654 5778 tradit
2680 5723 2963 5780 Eusebius.

2274 5796 2385 5870 (59)
2423 5794 2655 5863 Euseb.,
2690 5796 2917 5852 Baasus.
