  <div class='ocr_page' id='page_1' title='image "/cluster/home/n/w/nwhite01/storage/ocr_20150623/19/hvd.32044073501199/316.png"; bbox 0 0 3940 6208; ppageno 0'>
   <div class='ocr_carea' id='block_1_1' title="bbox 229 351 341 406">
    <p class='ocr_par' dir='ltr' id='par_1_1' title="bbox 229 351 341 406">
     <span class='ocr_line' id='line_1_1' title="bbox 229 351 341 406; baseline 0.018 -2"><span class='ocrx_word' id='word_1_1' title='bbox 229 351 341 406; x_wconf 71' lang='grc'><strong>621</strong></span> 
     </span>
    </p>
   </div>
   <div class='ocr_carea' id='block_1_2' title="bbox 983 321 2748 433">
    <p class='ocr_par' dir='ltr' id='par_1_2' title="bbox 983 321 2748 433">
     <span class='ocr_line' id='line_1_2' title="bbox 983 321 2748 433; baseline 0.012 -23"><span class='ocrx_word' id='word_1_2' title='bbox 983 321 1322 413; x_wconf 63' lang='grc' dir='ltr'><strong>8ΑΜυέι18</strong></span> <span class='ocrx_word' id='word_1_3' title='bbox 1359 359 1674 416; x_wconf 74' lang='lat' dir='ltr'><strong>ANIENSIS</strong></span> <span class='ocrx_word' id='word_1_4' title='bbox 1709 363 2046 422; x_wconf 77' lang='lat' dir='ltr'><strong>SUMMARII</strong></span> <span class='ocrx_word' id='word_1_5' title='bbox 2087 368 2465 428; x_wconf 65' lang='lat' dir='ltr'><strong>TEMPORUSI</strong></span> <span class='ocrx_word' id='word_1_6' title='bbox 2499 374 2676 430; x_wconf 81' lang='lat' dir='ltr'><strong>PARS</strong></span> <span class='ocrx_word' id='word_1_7' title='bbox 2711 378 2748 433; x_wconf 93' lang='lat' dir='ltr'><strong>I.</strong></span> 
     </span>
    </p>
   </div>
   <div class='ocr_carea' id='block_1_3' title="bbox 3357 393 3461 448">
    <p class='ocr_par' dir='ltr' id='par_1_3' title="bbox 3357 393 3461 448">
     <span class='ocr_line' id='line_1_3' title="bbox 3357 393 3461 448; baseline 0.067 -6"><span class='ocrx_word' id='word_1_8' title='bbox 3357 393 3461 448; x_wconf 72' lang='lat'><strong>622</strong></span> 
     </span>
    </p>
   </div>
   <div class='ocr_carea' id='block_1_4' title="bbox 230 463 3461 575">
    <p class='ocr_par' dir='ltr' id='par_1_4' title="bbox 230 463 3461 575">
     <span class='ocr_line' id='line_1_4' title="bbox 230 463 3461 575; baseline 0.015 -58"><span class='ocrx_word' id='word_1_9' title='bbox 230 463 429 533; x_wconf 86' lang='lat' dir='ltr'><strong>Oziel,</strong></span> <span class='ocrx_word' id='word_1_10' title='bbox 477 465 704 525; x_wconf 81' lang='lat' dir='ltr'><strong>Michael</strong></span> <span class='ocrx_word' id='word_1_11' title='bbox 737 488 751 537; x_wconf 93' lang='lat'><strong>;</strong></span> <span class='ocrx_word' id='word_1_12' title='bbox 793 471 918 527; x_wconf 89' lang='lat' dir='ltr'><strong>falsi</strong></span> <span class='ocrx_word' id='word_1_13' title='bbox 963 484 1138 530; x_wconf 85' lang='lat' dir='ltr'><strong>autem</strong></span> <span class='ocrx_word' id='word_1_14' title='bbox 1192 478 1464 547; x_wconf 83' lang='lat' dir='ltr'><strong>propheta:</strong></span> <span class='ocrx_word' id='word_1_15' title='bbox 1508 480 1800 538; x_wconf 87' lang='lat' dir='ltr'><strong>Sedechias</strong></span> <span class='ocrx_word' id='word_1_16' title='bbox 1828 487 1876 544; x_wconf 77' lang='grc' dir='ltr'>Α</span> <span class='ocrx_word' id='word_1_17' title='bbox 1901 484 2160 543; x_wconf 82' lang='lat' dir='ltr'><strong>dimissos</strong></span> <span class='ocrx_word' id='word_1_18' title='bbox 2189 488 2429 556; x_wconf 67' lang='lat' dir='ltr'><strong>Iudaeos,</strong></span> <span class='ocrx_word' id='word_1_19' title='bbox 2459 495 2690 562; x_wconf 70' lang='lat' dir='ltr'><strong>praeside</strong></span> <span class='ocrx_word' id='word_1_20' title='bbox 2724 493 3055 556; x_wconf 87' lang='lat' dir='ltr'><strong>Zorobabele</strong></span> <span class='ocrx_word' id='word_1_21' title='bbox 3082 504 3172 571; x_wconf 87' lang='lat' dir='ltr'><strong>qui</strong></span> <span class='ocrx_word' id='word_1_22' title='bbox 3203 508 3461 575; x_wconf 90' lang='lat' dir='ltr'><strong>templum</strong></span> 
     </span>
    </p>
   </div>
   <div class='ocr_carea' id='block_1_5' title="bbox 230 557 662 626">
    <p class='ocr_par' dir='ltr' id='par_1_5' title="bbox 230 557 662 626">
     <span class='ocr_line' id='line_1_5' title="bbox 230 557 662 626; baseline 0.019 -18"><span class='ocrx_word' id='word_1_23' title='bbox 230 565 409 626; x_wconf 87' lang='lat' dir='ltr'><strong>atque</strong></span> <span class='ocrx_word' id='word_1_24' title='bbox 438 557 662 616; x_wconf 81' lang='lat' dir='ltr'><strong>Eliezer.</strong></span> 
     </span>
    </p>
   </div>
   <div class='ocr_carea' id='block_1_6' title="bbox 313 645 1039 709">
    <p class='ocr_par' dir='ltr' id='par_1_6' title="bbox 313 645 1039 709">
     <span class='ocr_line' id='line_1_6' title="bbox 313 645 1039 709; baseline 0.011 -8"><span class='ocrx_word' id='word_1_25' title='bbox 313 645 449 701; x_wconf 79' lang='lat' dir='ltr'><strong>VIII.</strong></span> <span class='ocrx_word' id='word_1_26' title='bbox 489 648 751 706; x_wconf 89' lang='lat' dir='ltr'><strong>chosias</strong></span> <span class='ocrx_word' id='word_1_27' title='bbox 778 655 944 709; x_wconf 89' lang='lat' dir='ltr'><strong>annis</strong></span> <span class='ocrx_word' id='word_1_28' title='bbox 980 671 1039 709; x_wconf 92' lang='grc' dir='ltr'>ιι.</span> 
     </span>
    </p>
   </div>
   <div class='ocr_carea' id='block_1_7' title="bbox 318 735 1801 821">
    <p class='ocr_par' dir='ltr' id='par_1_7' title="bbox 318 735 1801 821">
     <span class='ocr_line' id='line_1_7' title="bbox 318 735 1801 821; baseline 0.015 -33"><span class='ocrx_word' id='word_1_29' title='bbox 318 735 413 790; x_wconf 81' lang='lat' dir='ltr'><strong>IX.</strong></span> <span class='ocrx_word' id='word_1_30' title='bbox 452 737 702 796; x_wconf 86' lang='lat' dir='ltr'><strong>Joramus</strong></span> <span class='ocrx_word' id='word_1_31' title='bbox 760 745 918 800; x_wconf 91' lang='lat' dir='ltr'><strong>annis</strong></span> <span class='ocrx_word' id='word_1_32' title='bbox 979 762 1078 802; x_wconf 72' lang='grc' dir='ltr'>ιιι.</span> <span class='ocrx_word' id='word_1_33' title='bbox 1144 746 1338 804; x_wconf 89' lang='lat' dir='ltr'><strong>lterum</strong></span> <span class='ocrx_word' id='word_1_34' title='bbox 1404 753 1801 821; x_wconf 86' lang='lat' dir='ltr'><strong>prophetabant</strong></span> 
     </span>
    </p>
   </div>
   <div class='ocr_carea' id='block_1_8' title="bbox 224 825 1800 905">
    <p class='ocr_par' dir='ltr' id='par_1_8' title="bbox 224 825 1800 905">
     <span class='ocr_line' id='line_1_8' title="bbox 224 825 1800 905; baseline 0.013 -25"><span class='ocrx_word' id='word_1_35' title='bbox 224 825 388 882; x_wconf 85' lang='lat' dir='ltr'><strong>Elias</strong></span> <span class='ocrx_word' id='word_1_36' title='bbox 419 837 472 883; x_wconf 92' lang='lat' dir='ltr'><strong>et</strong></span> <span class='ocrx_word' id='word_1_37' title='bbox 505 831 747 889; x_wconf 75' lang='lat' dir='ltr'><strong>Eliszeus.</strong></span> <span class='ocrx_word' id='word_1_38' title='bbox 784 833 1022 905; x_wconf 91' lang='lat' dir='ltr'><strong>Septimo</strong></span> <span class='ocrx_word' id='word_1_39' title='bbox 1064 837 1266 894; x_wconf 90' lang='lat' dir='ltr'><strong>Jorami</strong></span> <span class='ocrx_word' id='word_1_40' title='bbox 1319 857 1464 896; x_wconf 86' lang='lat' dir='ltr'><strong>anno</strong></span> <span class='ocrx_word' id='word_1_41' title='bbox 1513 845 1657 901; x_wconf 86' lang='lat' dir='ltr'><strong>Elias</strong></span> <span class='ocrx_word' id='word_1_42' title='bbox 1712 864 1800 901; x_wconf 59' lang='lat' dir='ltr'><strong>sn»</strong></span> 
     </span>
    </p>
   </div>
   <div class='ocr_carea' id='block_1_9' title="bbox 226 922 623 990">
    <p class='ocr_par' dir='ltr' id='par_1_9' title="bbox 226 922 623 990">
     <span class='ocr_line' id='line_1_9' title="bbox 226 922 623 990; baseline 0.008 -17"><span class='ocrx_word' id='word_1_43' title='bbox 226 922 485 990; x_wconf 87' lang='lat' dir='ltr'><strong>perlatus</strong></span> <span class='ocrx_word' id='word_1_44' title='bbox 519 931 623 979; x_wconf 93' lang='lat' dir='ltr'><strong>est.</strong></span> 
     </span>
    </p>
   </div>
   <div class='ocr_carea' id='block_1_10' title="bbox 304 1010 927 1072">
    <p class='ocr_par' dir='ltr' id='par_1_10' title="bbox 304 1010 927 1072">
     <span class='ocr_line' id='line_1_10' title="bbox 304 1010 927 1072; baseline 0.011 -8"><span class='ocrx_word' id='word_1_45' title='bbox 304 1010 374 1065; x_wconf 83' lang='lat' dir='ltr'><strong>X.</strong></span> <span class='ocrx_word' id='word_1_46' title='bbox 416 1011 518 1067; x_wconf 92' lang='lat' dir='ltr'><strong>Jeu</strong></span> <span class='ocrx_word' id='word_1_47' title='bbox 546 1015 704 1069; x_wconf 87' lang='lat' dir='ltr'><strong>annis</strong></span> <span class='ocrx_word' id='word_1_48' title='bbox 733 1032 927 1072; x_wconf 84' lang='lat' dir='ltr'><strong>xxvut.</strong></span> 
     </span>
    </p>
   </div>
   <div class='ocr_carea' id='block_1_11' title="bbox 305 1100 1793 1192">
    <p class='ocr_par' dir='ltr' id='par_1_11' title="bbox 305 1100 1793 1192">
     <span class='ocr_line' id='line_1_11' title="bbox 305 1100 1793 1192; baseline 0.017 -38"><span class='ocrx_word' id='word_1_49' title='bbox 305 1100 482 1157; x_wconf 76' lang='lat' dir='ltr'><strong>Minas</strong></span> <span class='ocrx_word' id='word_1_50' title='bbox 505 1144 520 1166; x_wconf 87' lang='lat'><strong>,</strong></span> <span class='ocrx_word' id='word_1_51' title='bbox 554 1121 690 1175; x_wconf 87' lang='lat' dir='ltr'><strong>quas</strong></span> <span class='ocrx_word' id='word_1_52' title='bbox 721 1105 813 1162; x_wconf 89' lang='lat' dir='ltr'><strong>Dei</strong></span> <span class='ocrx_word' id='word_1_53' title='bbox 879 1108 1026 1164; x_wconf 84' lang='lat' dir='ltr'><strong>furor</strong></span> <span class='ocrx_word' id='word_1_54' title='bbox 1053 1113 1105 1166; x_wconf 92' lang='lat' dir='ltr'><strong>in</strong></span> <span class='ocrx_word' id='word_1_55' title='bbox 1147 1114 1424 1171; x_wconf 81' lang='lat' dir='ltr'><strong>Achabum</strong></span> <span class='ocrx_word' id='word_1_56' title='bbox 1465 1136 1793 1192; x_wconf 82' lang='lat' dir='ltr'><strong>uxoremque</strong></span> 
     </span>
    </p>
   </div>
   <div class='ocr_carea' id='block_1_12' title="bbox 211 1192 1791 1270">
    <p class='ocr_par' dir='ltr' id='par_1_12' title="bbox 211 1192 1791 1270">
     <span class='ocr_line' id='line_1_12' title="bbox 211 1192 1791 1270; baseline 0.016 -25"><span class='ocrx_word' id='word_1_57' title='bbox 211 1192 354 1261; x_wconf 72' lang='lat' dir='ltr'><strong>ejus</strong></span> <span class='ocrx_word' id='word_1_58' title='bbox 397 1192 700 1252; x_wconf 79' lang='lat' dir='ltr'><strong>Jezabelem</strong></span> <span class='ocrx_word' id='word_1_59' title='bbox 751 1201 1084 1267; x_wconf 74' lang='lat' dir='ltr'><strong>intenderat,</strong></span> <span class='ocrx_word' id='word_1_60' title='bbox 1133 1205 1233 1260; x_wconf 85' lang='lat' dir='ltr'><strong>Jeu</strong></span> <span class='ocrx_word' id='word_1_61' title='bbox 1285 1208 1352 1262; x_wconf 93' lang='lat' dir='ltr'><strong>ad</strong></span> <span class='ocrx_word' id='word_1_62' title='bbox 1399 1226 1511 1266; x_wconf 90' lang='lat' dir='ltr'><strong>rem</strong></span> <span class='ocrx_word' id='word_1_63' title='bbox 1563 1218 1791 1270; x_wconf 78' lang='lat' dir='ltr'><strong>contulit</strong></span> 
     </span>
    </p>
   </div>
   <div class='ocr_carea' id='block_1_13' title="bbox 221 1286 1791 1364">
    <p class='ocr_par' dir='ltr' id='par_1_13' title="bbox 221 1286 1791 1364">
     <span class='ocr_line' id='line_1_13' title="bbox 221 1286 1791 1364; baseline 0.015 -25"><span class='ocrx_word' id='word_1_64' title='bbox 221 1286 388 1341; x_wconf 55' lang='lat' dir='ltr'><strong>caesis</strong></span> <span class='ocrx_word' id='word_1_65' title='bbox 415 1291 755 1360; x_wconf 78' lang='lat' dir='ltr'><strong>septuaginta</strong></span> <span class='ocrx_word' id='word_1_66' title='bbox 790 1293 991 1349; x_wconf 88' lang='lat' dir='ltr'><strong>Achabi</strong></span> <span class='ocrx_word' id='word_1_67' title='bbox 1028 1297 1244 1364; x_wconf 89' lang='lat' dir='ltr'><strong>liberis,</strong></span> <span class='ocrx_word' id='word_1_68' title='bbox 1274 1316 1373 1355; x_wconf 90' lang='lat' dir='ltr'><strong>nec</strong></span> <span class='ocrx_word' id='word_1_69' title='bbox 1403 1319 1509 1359; x_wconf 91' lang='lat' dir='ltr'><strong>non</strong></span> <span class='ocrx_word' id='word_1_70' title='bbox 1543 1303 1791 1364; x_wconf 82' lang='lat' dir='ltr'><strong>Jezabele</strong></span> 
     </span>
    </p>
   </div>
   <div class='ocr_carea' id='block_1_14' title="bbox 221 1376 1784 1468">
    <p class='ocr_par' dir='ltr' id='par_1_14' title="bbox 221 1376 1784 1468">
     <span class='ocr_line' id='line_1_14' title="bbox 221 1376 1784 1468; baseline 0.017 -36"><span class='ocrx_word' id='word_1_71' title='bbox 221 1376 480 1446; x_wconf 86' lang='lat' dir='ltr'><strong>Sidonia,</strong></span> <span class='ocrx_word' id='word_1_72' title='bbox 503 1389 557 1436; x_wconf 89' lang='lat' dir='ltr'><strong>et</strong></span> <span class='ocrx_word' id='word_1_73' title='bbox 577 1385 984 1458; x_wconf 80' lang='lat' dir='ltr'><strong>quadringentis</strong></span> <span class='ocrx_word' id='word_1_74' title='bbox 1003 1393 1319 1447; x_wconf 90' lang='lat' dir='ltr'><strong>exsecrandi</strong></span> <span class='ocrx_word' id='word_1_75' title='bbox 1340 1394 1465 1450; x_wconf 92' lang='lat' dir='ltr'><strong>idoli</strong></span> <span class='ocrx_word' id='word_1_76' title='bbox 1491 1401 1784 1468; x_wconf 85' lang='lat' dir='ltr'><strong>prophetis.</strong></span> 
     </span>
    </p>
   </div>
   <div class='ocr_carea' id='block_1_15' title="bbox 215 1468 1782 1554">
    <p class='ocr_par' dir='ltr' id='par_1_15' title="bbox 215 1468 1782 1554">
     <span class='ocr_line' id='line_1_15' title="bbox 215 1468 1782 1554; baseline 0.017 -31"><span class='ocrx_word' id='word_1_77' title='bbox 215 1468 336 1526; x_wconf 83' lang='lat' dir='ltr'><strong>Per</strong></span> <span class='ocrx_word' id='word_1_78' title='bbox 365 1472 418 1527; x_wconf 93' lang='lat' dir='ltr'><strong>id</strong></span> <span class='ocrx_word' id='word_1_79' title='bbox 450 1483 658 1544; x_wconf 82' lang='lat' dir='ltr'><strong>tempus</strong></span> <span class='ocrx_word' id='word_1_80' title='bbox 691 1479 831 1546; x_wconf 92' lang='lat' dir='ltr'><strong>apud</strong></span> <span class='ocrx_word' id='word_1_81' title='bbox 865 1481 1114 1536; x_wconf 90' lang='lat' dir='ltr'><strong>Israelem</strong></span> <span class='ocrx_word' id='word_1_82' title='bbox 1148 1487 1506 1554; x_wconf 88' lang='lat' dir='ltr'><strong>prophetabat</strong></span> <span class='ocrx_word' id='word_1_83' title='bbox 1534 1492 1782 1551; x_wconf 78' lang='lat' dir='ltr'><strong>Azarias.</strong></span> 
     </span>
    </p>
   </div>
   <div class='ocr_carea' id='block_1_16' title="bbox 300 1562 1784 1646">
    <p class='ocr_par' dir='ltr' id='par_1_16' title="bbox 300 1562 1784 1646">
     <span class='ocr_line' id='line_1_16' title="bbox 300 1562 1784 1646; baseline 0.018 -31"><span class='ocrx_word' id='word_1_84' title='bbox 300 1562 394 1619; x_wconf 86' lang='lat' dir='ltr'><strong>XI.</strong></span> <span class='ocrx_word' id='word_1_85' title='bbox 435 1563 734 1623; x_wconf 87' lang='lat' dir='ltr'><strong>Joachazus</strong></span> <span class='ocrx_word' id='word_1_86' title='bbox 764 1570 923 1625; x_wconf 89' lang='lat' dir='ltr'><strong>annis</strong></span> <span class='ocrx_word' id='word_1_87' title='bbox 953 1587 1084 1627; x_wconf 83' lang='lat' dir='ltr'><strong>xvn.</strong></span> <span class='ocrx_word' id='word_1_88' title='bbox 1118 1573 1292 1646; x_wconf 87' lang='lat' dir='ltr'><strong>Hujus</strong></span> <span class='ocrx_word' id='word_1_89' title='bbox 1319 1588 1477 1635; x_wconf 59' lang='lat' dir='ltr'><strong>aetate</strong></span> <span class='ocrx_word' id='word_1_90' title='bbox 1509 1597 1601 1637; x_wconf 87' lang='lat' dir='ltr'><strong>rex</strong></span> <span class='ocrx_word' id='word_1_91' title='bbox 1628 1583 1784 1641; x_wconf 56' lang='lat' dir='ltr'><strong>Juda;</strong></span> 
     </span>
    </p>
   </div>
   <div class='ocr_carea' id='block_1_17' title="bbox 214 1652 1782 1733">
    <p class='ocr_par' dir='ltr' id='par_1_17' title="bbox 214 1652 1782 1733">
     <span class='ocr_line' id='line_1_17' title="bbox 214 1652 1782 1733; baseline 0.018 -27"><span class='ocrx_word' id='word_1_92' title='bbox 214 1652 425 1711; x_wconf 76' lang='lat' dir='ltr'><strong>Joasus</strong></span> <span class='ocrx_word' id='word_1_93' title='bbox 451 1657 696 1712; x_wconf 85' lang='lat' dir='ltr'><strong>Azariam</strong></span> <span class='ocrx_word' id='word_1_94' title='bbox 747 1661 1048 1730; x_wconf 90' lang='lat' dir='ltr'><strong>interfecit,</strong></span> <span class='ocrx_word' id='word_1_95' title='bbox 1075 1674 1189 1722; x_wconf 89' lang='lat' dir='ltr'><strong>tum</strong></span> <span class='ocrx_word' id='word_1_96' title='bbox 1217 1679 1270 1724; x_wconf 91' lang='lat' dir='ltr'><strong>et</strong></span> <span class='ocrx_word' id='word_1_97' title='bbox 1300 1669 1523 1729; x_wconf 67' lang='lat' dir='ltr'><strong>Elisaaus</strong></span> <span class='ocrx_word' id='word_1_98' title='bbox 1553 1676 1662 1730; x_wconf 89' lang='lat' dir='ltr'><strong>vita</strong></span> <span class='ocrx_word' id='word_1_99' title='bbox 1689 1693 1782 1733; x_wconf 83' lang='lat' dir='ltr'><strong>ex-</strong></span> 
     </span>
    </p>
   </div>
   <div class='ocr_carea' id='block_1_18' title="bbox 209 1747 417 1801">
    <p class='ocr_par' dir='ltr' id='par_1_18' title="bbox 209 1747 417 1801">
     <span class='ocr_line' id='line_1_18' title="bbox 209 1747 417 1801; baseline 0.005 -1"><span class='ocrx_word' id='word_1_100' title='bbox 209 1747 417 1801; x_wconf 84' lang='lat' dir='ltr'><strong>cessit.</strong></span> 
     </span>
    </p>
   </div>
   <div class='ocr_carea' id='block_1_19' title="bbox 296 1836 947 1900">
    <p class='ocr_par' dir='ltr' id='par_1_19' title="bbox 296 1836 947 1900">
     <span class='ocr_line' id='line_1_19' title="bbox 296 1836 947 1900; baseline 0.017 -11"><span class='ocrx_word' id='word_1_101' title='bbox 296 1836 410 1893; x_wconf 84' lang='lat' dir='ltr'><strong>XII.</strong></span> <span class='ocrx_word' id='word_1_102' title='bbox 432 1839 628 1898; x_wconf 81' lang='lat' dir='ltr'><strong>Joasas</strong></span> <span class='ocrx_word' id='word_1_103' title='bbox 645 1844 804 1899; x_wconf 88' lang='lat' dir='ltr'><strong>annis</strong></span> <span class='ocrx_word' id='word_1_104' title='bbox 835 1861 947 1900; x_wconf 76' lang='lat' dir='ltr'><strong>xvr.</strong></span> 
     </span>
    </p>
   </div>
   <div class='ocr_carea' id='block_1_20' title="bbox 294 1927 1776 2013">
    <p class='ocr_par' dir='ltr' id='par_1_20' title="bbox 294 1927 1776 2013">
     <span class='ocr_line' id='line_1_20' title="bbox 294 1927 1776 2013; baseline 0.016 -31"><span class='ocrx_word' id='word_1_105' title='bbox 294 1927 432 1983; x_wconf 86' lang='lat' dir='ltr'><strong>XIII.</strong></span> <span class='ocrx_word' id='word_1_106' title='bbox 458 1931 854 1992; x_wconf 88' lang='lat' dir='ltr'><strong>Hieroboamus</strong></span> <span class='ocrx_word' id='word_1_107' title='bbox 895 1939 1052 1994; x_wconf 90' lang='lat' dir='ltr'><strong>annis</strong></span> <span class='ocrx_word' id='word_1_108' title='bbox 1085 1955 1192 1996; x_wconf 78' lang='lat' dir='ltr'><strong>xu.</strong></span> <span class='ocrx_word' id='word_1_109' title='bbox 1241 1940 1416 2013; x_wconf 84' lang='lat' dir='ltr'><strong>Hujus</strong></span> <span class='ocrx_word' id='word_1_110' title='bbox 1446 1956 1607 2004; x_wconf 68' lang='lat' dir='ltr'><strong>aetate</strong></span> <span class='ocrx_word' id='word_1_111' title='bbox 1633 1951 1776 2005; x_wconf 75' lang='lat' dir='ltr'><strong>vati-</strong></span> 
     </span>
    </p>
   </div>
   <div class='ocr_carea' id='block_1_21' title="bbox 202 2021 1529 2094">
    <p class='ocr_par' dir='ltr' id='par_1_21' title="bbox 202 2021 1529 2094">
     <span class='ocr_line' id='line_1_21' title="bbox 202 2021 1529 2094; baseline 0.015 -21"><span class='ocrx_word' id='word_1_112' title='bbox 202 2021 387 2075; x_wconf 82' lang='lat' dir='ltr'><strong>-cinati</strong></span> <span class='ocrx_word' id='word_1_113' title='bbox 424 2034 550 2078; x_wconf 88' lang='lat' dir='ltr'><strong>sunt</strong></span> <span class='ocrx_word' id='word_1_114' title='bbox 579 2023 1044 2094; x_wconf 82' lang='lat' dir='ltr'><strong>0seas,Amosus,</strong></span> <span class='ocrx_word' id='word_1_115' title='bbox 1083 2030 1247 2089; x_wconf 78' lang='lat' dir='ltr'><strong>Isaias</strong></span> <span class='ocrx_word' id='word_1_116' title='bbox 1271 2043 1322 2091; x_wconf 91' lang='lat' dir='ltr'><strong>et</strong></span> <span class='ocrx_word' id='word_1_117' title='bbox 1343 2035 1529 2093; x_wconf 90' lang='lat' dir='ltr'><strong>Jonas.</strong></span> 
     </span>
    </p>
   </div>
   <div class='ocr_carea' id='block_1_22' title="bbox 290 2112 1161 2178">
    <p class='ocr_par' dir='ltr' id='par_1_22' title="bbox 290 2112 1161 2178">
     <span class='ocr_line' id='line_1_22' title="bbox 290 2112 1161 2178; baseline 0.013 -12"><span class='ocrx_word' id='word_1_118' title='bbox 290 2112 431 2170; x_wconf 83' lang='lat' dir='ltr'><strong>XIV.</strong></span> <span class='ocrx_word' id='word_1_119' title='bbox 458 2113 750 2174; x_wconf 78' lang='lat' dir='ltr'><strong>Zacharias</strong></span> <span class='ocrx_word' id='word_1_120' title='bbox 783 2122 1062 2178; x_wconf 84' lang='lat' dir='ltr'><strong>mensibus</strong></span> <span class='ocrx_word' id='word_1_121' title='bbox 1091 2140 1161 2178; x_wconf 76' lang='lat' dir='ltr'><strong>vr.</strong></span> 
     </span>
    </p>
   </div>
   <div class='ocr_carea' id='block_1_23' title="bbox 291 2205 1082 2271">
    <p class='ocr_par' dir='ltr' id='par_1_23' title="bbox 291 2205 1082 2271">
     <span class='ocr_line' id='line_1_23' title="bbox 291 2205 1082 2271; baseline 0.015 -12"><span class='ocrx_word' id='word_1_122' title='bbox 291 2205 407 2263; x_wconf 85' lang='lat' dir='ltr'><strong>XV.</strong></span> <span class='ocrx_word' id='word_1_123' title='bbox 442 2206 714 2265; x_wconf 88' lang='lat' dir='ltr'><strong>Sellumns</strong></span> <span class='ocrx_word' id='word_1_124' title='bbox 743 2210 936 2268; x_wconf 89' lang='lat' dir='ltr'><strong>diebus</strong></span> <span class='ocrx_word' id='word_1_125' title='bbox 955 2230 1082 2271; x_wconf 66' lang='lat' dir='ltr'><strong>xxv.</strong></span> 
     </span>
    </p>
   </div>
   <div class='ocr_carea' id='block_1_24' title="bbox 288 2297 1057 2362">
    <p class='ocr_par' dir='ltr' id='par_1_24' title="bbox 288 2297 1057 2362">
     <span class='ocr_line' id='line_1_24' title="bbox 288 2297 1057 2362; baseline 0.016 -12"><span class='ocrx_word' id='word_1_126' title='bbox 288 2297 429 2352; x_wconf 85' lang='lat' dir='ltr'><strong>XVI.</strong></span> <span class='ocrx_word' id='word_1_127' title='bbox 462 2299 778 2359; x_wconf 80' lang='lat' dir='ltr'><strong>Manaemus</strong></span> <span class='ocrx_word' id='word_1_128' title='bbox 813 2305 973 2361; x_wconf 89' lang='lat' dir='ltr'><strong>annis</strong></span> <span class='ocrx_word' id='word_1_129' title='bbox 1003 2323 1057 2362; x_wconf 88' lang='lat' dir='ltr'><strong>x.</strong></span> 
     </span>
    </p>
   </div>
   <div class='ocr_carea' id='block_1_25' title="bbox 291 2390 1770 2480">
    <p class='ocr_par' dir='ltr' id='par_1_25' title="bbox 291 2390 1770 2480">
     <span class='ocr_line' id='line_1_25' title="bbox 291 2390 1770 2480; baseline 0.016 -37"><span class='ocrx_word' id='word_1_130' title='bbox 291 2390 448 2449; x_wconf 78' lang='lat' dir='ltr'><strong>XVII.</strong></span> <span class='ocrx_word' id='word_1_131' title='bbox 489 2392 728 2450; x_wconf 90' lang='lat' dir='ltr'><strong>Phaceas</strong></span> <span class='ocrx_word' id='word_1_132' title='bbox 750 2398 906 2452; x_wconf 87' lang='lat' dir='ltr'><strong>annis</strong></span> <span class='ocrx_word' id='word_1_133' title='bbox 940 2415 994 2454; x_wconf 87' lang='lat' dir='ltr'><strong>x.</strong></span> <span class='ocrx_word' id='word_1_134' title='bbox 1026 2399 1178 2457; x_wconf 79' lang='lat' dir='ltr'><strong>Nono</strong></span> <span class='ocrx_word' id='word_1_135' title='bbox 1209 2402 1372 2474; x_wconf 89' lang='lat' dir='ltr'><strong>hujus</strong></span> <span class='ocrx_word' id='word_1_136' title='bbox 1422 2422 1566 2463; x_wconf 89' lang='lat' dir='ltr'><strong>anno</strong></span> <span class='ocrx_word' id='word_1_137' title='bbox 1595 2410 1770 2480; x_wconf 82' lang='lat' dir='ltr'><strong>prima</strong></span> 
     </span>
    </p>
   </div>
   <div class='ocr_carea' id='block_1_26' title="bbox 203 2483 764 2554">
    <p class='ocr_par' dir='ltr' id='par_1_26' title="bbox 203 2483 764 2554">
     <span class='ocr_line' id='line_1_26' title="bbox 203 2483 764 2554; baseline 0.014 -18"><span class='ocrx_word' id='word_1_138' title='bbox 203 2483 481 2554; x_wconf 76' lang='lat' dir='ltr'><strong>olympias</strong></span> <span class='ocrx_word' id='word_1_139' title='bbox 513 2495 633 2540; x_wconf 88' lang='lat' dir='ltr'><strong>acta</strong></span> <span class='ocrx_word' id='word_1_140' title='bbox 660 2497 764 2544; x_wconf 91' lang='lat' dir='ltr'><strong>est.</strong></span> 
     </span>
    </p>
   </div>
   <div class='ocr_carea' id='block_1_27' title="bbox 284 2574 1058 2640">
    <p class='ocr_par' dir='ltr' id='par_1_27' title="bbox 284 2574 1058 2640">
     <span class='ocr_line' id='line_1_27' title="bbox 284 2574 1058 2640; baseline 0.014 -12"><span class='ocrx_word' id='word_1_141' title='bbox 284 2574 469 2634; x_wconf 80' lang='lat' dir='ltr'><strong>XVIII.</strong></span> <span class='ocrx_word' id='word_1_142' title='bbox 497 2577 741 2635; x_wconf 72' lang='lat' dir='ltr'><strong>‘Phaceas</strong></span> <span class='ocrx_word' id='word_1_143' title='bbox 779 2583 937 2640; x_wconf 91' lang='lat' dir='ltr'><strong>annis</strong></span> <span class='ocrx_word' id='word_1_144' title='bbox 966 2600 1058 2640; x_wconf 85' lang='lat' dir='ltr'><strong>xx.</strong></span> 
     </span>
    </p>
   </div>
   <div class='ocr_carea' id='block_1_28' title="bbox 282 2665 1082 2748">
    <p class='ocr_par' dir='ltr' id='par_1_28' title="bbox 282 2665 1082 2748">
     <span class='ocr_line' id='line_1_28' title="bbox 282 2665 1082 2748; baseline 0.019 -30"><span class='ocrx_word' id='word_1_145' title='bbox 282 2665 424 2724; x_wconf 88' lang='lat' dir='ltr'><strong>XIX.</strong></span> <span class='ocrx_word' id='word_1_146' title='bbox 447 2668 616 2726; x_wconf 89' lang='lat' dir='ltr'><strong>Oseas</strong></span> <span class='ocrx_word' id='word_1_147' title='bbox 646 2671 805 2729; x_wconf 89' lang='lat' dir='ltr'><strong>annis</strong></span> <span class='ocrx_word' id='word_1_148' title='bbox 836 2689 914 2730; x_wconf 76' lang='grc' dir='ltr'>ιι.</span> <span class='ocrx_word' id='word_1_149' title='bbox 1079 2743 1082 2748; x_wconf 91' lang='lat'><strong>_</strong></span> 
     </span>
    </p>
   </div>
   <div class='ocr_carea' id='block_1_29' title="bbox 283 2755 1766 2846">
    <p class='ocr_par' dir='ltr' id='par_1_29' title="bbox 283 2755 1766 2846">
     <span class='ocr_line' id='line_1_29' title="bbox 283 2755 1766 2846; baseline 0.011 -32"><span class='ocrx_word' id='word_1_150' title='bbox 283 2755 421 2815; x_wconf 82' lang='lat' dir='ltr'><strong>Osca</strong></span> <span class='ocrx_word' id='word_1_151' title='bbox 450 2773 728 2833; x_wconf 79' lang='lat' dir='ltr'><strong>regnante,</strong></span> <span class='ocrx_word' id='word_1_152' title='bbox 753 2765 938 2822; x_wconf 86' lang='lat' dir='ltr'><strong>decem</strong></span> <span class='ocrx_word' id='word_1_153' title='bbox 970 2769 1144 2825; x_wconf 89' lang='lat' dir='ltr'><strong>tribus</strong></span> <span class='ocrx_word' id='word_1_154' title='bbox 1172 2771 1420 2826; x_wconf 83' lang='lat' dir='ltr'><strong>servituti</strong></span> <span class='ocrx_word' id='word_1_155' title='bbox 1447 2773 1766 2846; x_wconf 70' lang='lat' dir='ltr'><strong>mancipata</strong></span> 
     </span>
    </p>
   </div>
   <div class='ocr_carea' id='block_1_30' title="bbox 198 2849 1767 2930">
    <p class='ocr_par' dir='ltr' id='par_1_30' title="bbox 198 2849 1767 2930">
     <span class='ocr_line' id='line_1_30' title="bbox 198 2849 1767 2930; baseline 0.01 -26"><span class='ocrx_word' id='word_1_156' title='bbox 198 2858 396 2904; x_wconf 79' lang='lat' dir='ltr'><strong>&#39;sunta</strong></span> <span class='ocrx_word' id='word_1_157' title='bbox 427 2849 829 2922; x_wconf 85' lang='lat' dir='ltr'><strong>Salmanasaro,</strong></span> <span class='ocrx_word' id='word_1_158' title='bbox 879 2857 1226 2930; x_wconf 89' lang='lat' dir='ltr'><strong>deletumque</strong></span> <span class='ocrx_word' id='word_1_159' title='bbox 1270 2860 1626 2918; x_wconf 89' lang='lat' dir='ltr'><strong>lsraeliticum</strong></span> <span class='ocrx_word' id='word_1_160' title='bbox 1671 2866 1767 2920; x_wconf 83' lang='lat' dir='ltr'><strong>Sa-</strong></span> 
     </span>
    </p>
   </div>
   <div class='ocr_carea' id='block_1_31' title="bbox 209 2945 1759 3025">
    <p class='ocr_par' dir='ltr' id='par_1_31' title="bbox 209 2945 1759 3025">
     <span class='ocr_line' id='line_1_31' title="bbox 209 2945 1759 3025; baseline 0.011 -28"><span class='ocrx_word' id='word_1_161' title='bbox 209 2945 395 3000; x_wconf 67' lang='lat' dir='ltr'><strong>mariaa</strong></span> <span class='ocrx_word' id='word_1_162' title='bbox 414 2961 658 3018; x_wconf 92' lang='lat' dir='ltr'><strong>regnum,</strong></span> <span class='ocrx_word' id='word_1_163' title='bbox 684 2966 828 3005; x_wconf 90' lang='lat' dir='ltr'><strong>anno</strong></span> <span class='ocrx_word' id='word_1_164' title='bbox 877 2953 1079 3008; x_wconf 71' lang='lat' dir='ltr'><strong>Achati</strong></span> <span class='ocrx_word' id='word_1_165' title='bbox 1104 2955 1425 3025; x_wconf 87' lang='lat' dir='ltr'><strong>imperantis</strong></span> <span class='ocrx_word' id='word_1_166' title='bbox 1449 2958 1759 3024; x_wconf 89' lang='lat' dir='ltr'><strong>undecimo,</strong></span> 
     </span>
    </p>
   </div>
   <div class='ocr_carea' id='block_1_32' title="bbox 209 3041 1762 3107">
    <p class='ocr_par' dir='ltr' id='par_1_32' title="bbox 209 3041 1762 3107">
     <span class='ocr_line' id='line_1_32' title="bbox 209 3041 1762 3107; baseline 0.009 -17"><span class='ocrx_word' id='word_1_167' title='bbox 209 3044 494 3107; x_wconf 84' lang='lat' dir='ltr'><strong>postquam</strong></span> <span class='ocrx_word' id='word_1_168' title='bbox 515 3041 672 3096; x_wconf 85' lang='lat' dir='ltr'><strong>annis</strong></span> <span class='ocrx_word' id='word_1_169' title='bbox 704 3056 803 3096; x_wconf 78' lang='lat' dir='ltr'><strong>cm.</strong></span> <span class='ocrx_word' id='word_1_170' title='bbox 826 3048 1087 3100; x_wconf 85' lang='lat' dir='ltr'><strong>stetisset.</strong></span> <span class='ocrx_word' id='word_1_171' title='bbox 1137 3045 1274 3102; x_wconf 84' lang='lat' dir='ltr'><strong>Hinc</strong></span> <span class='ocrx_word' id='word_1_172' title='bbox 1299 3057 1479 3104; x_wconf 88' lang='lat' dir='ltr'><strong>autem</strong></span> <span class='ocrx_word' id='word_1_173' title='bbox 1515 3049 1584 3104; x_wconf 83' lang='lat' dir='ltr'><strong>ad</strong></span> <span class='ocrx_word' id='word_1_174' title='bbox 1621 3058 1762 3106; x_wconf 90' lang='lat' dir='ltr'><strong>tem-</strong></span> 
     </span>
    </p>
   </div>
   <div class='ocr_carea' id='block_1_33' title="bbox 211 3128 1829 3228">
    <p class='ocr_par' dir='ltr' id='par_1_33' title="bbox 211 3128 1829 3228">
     <span class='ocr_line' id='line_1_33' title="bbox 211 3128 1829 3228; baseline 0.011 -47"><span class='ocrx_word' id='word_1_175' title='bbox 211 3129 355 3198; x_wconf 89' lang='lat' dir='ltr'><strong>plum</strong></span> <span class='ocrx_word' id='word_1_176' title='bbox 397 3128 784 3204; x_wconf 78' lang='lat' dir='ltr'><strong>Hierosolymis</strong></span> <span class='ocrx_word' id='word_1_177' title='bbox 819 3134 1337 3195; x_wconf 84' lang='lat' dir='ltr'><strong>Nabucbodonosori</strong></span> <span class='ocrx_word' id='word_1_178' title='bbox 1372 3141 1425 3197; x_wconf 91' lang='lat' dir='ltr'><strong>vi</strong></span> <span class='ocrx_word' id='word_1_179' title='bbox 1457 3141 1560 3196; x_wconf 91' lang='lat' dir='ltr'><strong>sub</strong></span> <span class='ocrx_word' id='word_1_180' title='bbox 1587 3140 1757 3198; x_wconf 88' lang='lat' dir='ltr'><strong>Sede-</strong></span> <span class='ocrx_word' id='word_1_181' title='bbox 1787 3172 1829 3228; x_wconf 65' lang='grc' dir='ltr'><strong>ρ</strong></span> 
     </span>
    </p>
   </div>
   <div class='ocr_carea' id='block_1_34' title="bbox 203 3220 1318 3288">
    <p class='ocr_par' dir='ltr' id='par_1_34' title="bbox 203 3220 1318 3288">
     <span class='ocr_line' id='line_1_34' title="bbox 203 3220 1318 3288; baseline 0.011 -12"><span class='ocrx_word' id='word_1_182' title='bbox 203 3220 330 3276; x_wconf 84' lang='lat' dir='ltr'><strong>chia</strong></span> <span class='ocrx_word' id='word_1_183' title='bbox 360 3238 604 3278; x_wconf 85' lang='lat' dir='ltr'><strong>eversum</strong></span> <span class='ocrx_word' id='word_1_184' title='bbox 637 3226 766 3280; x_wconf 91' lang='lat' dir='ltr'><strong>anni</strong></span> <span class='ocrx_word' id='word_1_185' title='bbox 792 3238 1148 3285; x_wconf 88' lang='lat' dir='ltr'><strong>numerantur</strong></span> <span class='ocrx_word' id='word_1_186' title='bbox 1176 3247 1318 3288; x_wconf 74' lang='lat' dir='ltr'><strong>cui.</strong></span> 
     </span>
    </p>
   </div>
   <div class='ocr_carea' id='block_1_35' title="bbox 276 3314 1770 3400">
    <p class='ocr_par' dir='ltr' id='par_1_35' title="bbox 276 3314 1770 3400">
     <span class='ocr_line' id='line_1_35' title="bbox 276 3314 1770 3400; baseline 0.01 -32"><span class='ocrx_word' id='word_1_187' title='bbox 276 3315 362 3369; x_wconf 75' lang='lat'><strong>‘15.</strong></span> <span class='ocrx_word' id='word_1_188' title='bbox 391 3314 433 3368; x_wconf 86' lang='grc' dir='ltr'>Ε</span> <span class='ocrx_word' id='word_1_189' title='bbox 463 3317 904 3390; x_wconf 88' lang='lat' dir='ltr'><strong>Paralipomenis.</strong></span> <span class='ocrx_word' id='word_1_190' title='bbox 937 3322 1057 3378; x_wconf 86' lang='lat' dir='ltr'><strong>Jam</strong></span> <span class='ocrx_word' id='word_1_191' title='bbox 1093 3326 1160 3380; x_wconf 91' lang='lat' dir='ltr'><strong>de</strong></span> <span class='ocrx_word' id='word_1_192' title='bbox 1200 3325 1392 3382; x_wconf 88' lang='lat' dir='ltr'><strong>Levini</strong></span> <span class='ocrx_word' id='word_1_193' title='bbox 1448 3343 1650 3400; x_wconf 90' lang='lat' dir='ltr'><strong>genere</strong></span> <span class='ocrx_word' id='word_1_194' title='bbox 1680 3343 1770 3384; x_wconf 91' lang='lat' dir='ltr'><strong>sa-</strong></span> 
     </span>
    </p>
   </div>
   <div class='ocr_carea' id='block_1_36' title="bbox 202 3404 1766 3480">
    <p class='ocr_par' dir='ltr' id='par_1_36' title="bbox 202 3404 1766 3480">
     <span class='ocr_line' id='line_1_36' title="bbox 202 3404 1766 3480; baseline 0.012 -24"><span class='ocrx_word' id='word_1_195' title='bbox 202 3404 453 3460; x_wconf 85' lang='lat' dir='ltr'><strong>cerdotes</strong></span> <span class='ocrx_word' id='word_1_196' title='bbox 471 3422 642 3478; x_wconf 88' lang='lat' dir='ltr'><strong>usque</strong></span> <span class='ocrx_word' id='word_1_197' title='bbox 661 3410 730 3463; x_wconf 89' lang='lat' dir='ltr'><strong>ad</strong></span> <span class='ocrx_word' id='word_1_198' title='bbox 758 3411 1133 3480; x_wconf 85' lang='lat' dir='ltr'><strong>captivitatem</strong></span> <span class='ocrx_word' id='word_1_199' title='bbox 1194 3416 1412 3470; x_wconf 85' lang='lat' dir='ltr'><strong>fuerunt</strong></span> <span class='ocrx_word' id='word_1_200' title='bbox 1437 3419 1492 3472; x_wconf 91' lang='lat' dir='ltr'><strong>hi</strong></span> <span class='ocrx_word' id='word_1_201' title='bbox 1515 3435 1528 3470; x_wconf 91' lang='lat'><strong>:</strong></span> <span class='ocrx_word' id='word_1_202' title='bbox 1559 3418 1766 3480; x_wconf 81' lang='lat' dir='ltr'><strong>Aaron,</strong></span> 
     </span>
    </p>
   </div>
   <div class='ocr_carea' id='block_1_37' title="bbox 208 3495 1768 3576">
    <p class='ocr_par' dir='ltr' id='par_1_37' title="bbox 208 3495 1768 3576">
     <span class='ocr_line' id='line_1_37' title="bbox 208 3495 1768 3576; baseline 0.011 -27"><span class='ocrx_word' id='word_1_203' title='bbox 208 3495 511 3564; x_wconf 83' lang='lat' dir='ltr'><strong>Eliazarus,</strong></span> <span class='ocrx_word' id='word_1_204' title='bbox 546 3498 804 3569; x_wconf 77' lang='lat' dir='ltr'><strong>I-hinees,</strong></span> <span class='ocrx_word' id='word_1_205' title='bbox 833 3504 1100 3571; x_wconf 86' lang='lat' dir='ltr'><strong>Abiudus,</strong></span> <span class='ocrx_word' id='word_1_206' title='bbox 1130 3507 1408 3576; x_wconf 85' lang='lat' dir='ltr'><strong>Borcbias,</strong></span> <span class='ocrx_word' id='word_1_207' title='bbox 1444 3508 1626 3575; x_wconf 88' lang='lat' dir='ltr'><strong>Ozias,</strong></span> <span class='ocrx_word' id='word_1_208' title='bbox 1662 3511 1768 3567; x_wconf 87' lang='lat' dir='ltr'><strong>Za-</strong></span> 
     </span>
    </p>
   </div>
   <div class='ocr_carea' id='block_1_38' title="bbox 209 3590 1762 3670">
    <p class='ocr_par' dir='ltr' id='par_1_38' title="bbox 209 3590 1762 3670">
     <span class='ocr_line' id='line_1_38' title="bbox 209 3590 1762 3670; baseline 0.01 -26"><span class='ocrx_word' id='word_1_209' title='bbox 209 3606 355 3652; x_wconf 88' lang='lat' dir='ltr'><strong>reas,</strong></span> <span class='ocrx_word' id='word_1_210' title='bbox 379 3590 698 3658; x_wconf 83' lang='lat' dir='ltr'><strong>Mariothus,</strong></span> <span class='ocrx_word' id='word_1_211' title='bbox 755 3595 1025 3660; x_wconf 86' lang='lat' dir='ltr'><strong>Amarias,</strong></span> <span class='ocrx_word' id='word_1_212' title='bbox 1072 3599 1392 3664; x_wconf 81' lang='lat' dir='ltr'><strong>Achitobus,</strong></span> <span class='ocrx_word' id='word_1_213' title='bbox 1458 3602 1762 3670; x_wconf 86' lang='lat' dir='ltr'><strong>Sadochus,</strong></span> 
     </span>
    </p>
   </div>
   <div class='ocr_carea' id='block_1_39' title="bbox 204 3681 1766 3759">
    <p class='ocr_par' dir='ltr' id='par_1_39' title="bbox 204 3681 1766 3759">
     <span class='ocr_line' id='line_1_39' title="bbox 204 3681 1766 3759; baseline 0.012 -26"><span class='ocrx_word' id='word_1_214' title='bbox 204 3681 514 3746; x_wconf 78' lang='lat' dir='ltr'><strong>Acbiamas,</strong></span> <span class='ocrx_word' id='word_1_215' title='bbox 543 3685 790 3753; x_wconf 82' lang='lat' dir='ltr'><strong>Azarias,</strong></span> <span class='ocrx_word' id='word_1_216' title='bbox 810 3686 1007 3753; x_wconf 87' lang='lat' dir='ltr'><strong>Jonan,</strong></span> <span class='ocrx_word' id='word_1_217' title='bbox 1032 3689 1275 3755; x_wconf 84' lang='lat' dir='ltr'><strong>Azarias,</strong></span> <span class='ocrx_word' id='word_1_218' title='bbox 1299 3692 1568 3759; x_wconf 81' lang='lat' dir='ltr'><strong>Amarias,</strong></span> <span class='ocrx_word' id='word_1_219' title='bbox 1599 3695 1766 3750; x_wconf 77' lang='lat' dir='ltr'><strong>Achi-</strong></span> 
     </span>
    </p>
   </div>
   <div class='ocr_carea' id='block_1_40' title="bbox 203 3773 1762 3852">
    <p class='ocr_par' dir='ltr' id='par_1_40' title="bbox 203 3773 1762 3852">
     <span class='ocr_line' id='line_1_40' title="bbox 203 3773 1762 3852; baseline 0.011 -27"><span class='ocrx_word' id='word_1_220' title='bbox 203 3773 386 3838; x_wconf 89' lang='lat' dir='ltr'><strong>tobus,</strong></span> <span class='ocrx_word' id='word_1_221' title='bbox 421 3775 724 3842; x_wconf 91' lang='lat' dir='ltr'><strong>Sadochus,</strong></span> <span class='ocrx_word' id='word_1_222' title='bbox 758 3779 985 3836; x_wconf 89' lang='lat' dir='ltr'><strong>Elumus</strong></span> <span class='ocrx_word' id='word_1_223' title='bbox 1009 3821 1024 3845; x_wconf 93' lang='lat'><strong>,</strong></span> <span class='ocrx_word' id='word_1_224' title='bbox 1060 3781 1336 3851; x_wconf 86' lang='lat' dir='ltr'><strong>Helchias,</strong></span> <span class='ocrx_word' id='word_1_225' title='bbox 1371 3787 1618 3852; x_wconf 83' lang='lat' dir='ltr'><strong>Azarias,</strong></span> <span class='ocrx_word' id='word_1_226' title='bbox 1655 3787 1762 3842; x_wconf 86' lang='lat' dir='ltr'><strong>Za-</strong></span> 
     </span>
    </p>
   </div>
   <div class='ocr_carea' id='block_1_41' title="bbox 207 3866 1759 3951">
    <p class='ocr_par' dir='ltr' id='par_1_41' title="bbox 207 3866 1759 3951">
     <span class='ocr_line' id='line_1_41' title="bbox 207 3866 1759 3951; baseline 0.012 -33"><span class='ocrx_word' id='word_1_227' title='bbox 207 3879 371 3928; x_wconf 61' lang='grc' dir='ltr'><strong>ηυξ,</strong></span> <span class='ocrx_word' id='word_1_228' title='bbox 411 3866 765 3935; x_wconf 88' lang='lat' dir='ltr'><strong>Josedechus,</strong></span> <span class='ocrx_word' id='word_1_229' title='bbox 823 3874 916 3941; x_wconf 91' lang='lat' dir='ltr'><strong>qui</strong></span> <span class='ocrx_word' id='word_1_230' title='bbox 961 3873 1286 3946; x_wconf 85' lang='lat' dir='ltr'><strong>Babylonem</strong></span> <span class='ocrx_word' id='word_1_231' title='bbox 1346 3883 1615 3936; x_wconf 89' lang='lat' dir='ltr'><strong>concessit</strong></span> <span class='ocrx_word' id='word_1_232' title='bbox 1649 3897 1759 3951; x_wconf 92' lang='lat' dir='ltr'><strong>quo</strong></span> 
     </span>
    </p>
   </div>
   <div class='ocr_carea' id='block_1_42' title="bbox 203 3959 1757 4043">
    <p class='ocr_par' dir='ltr' id='par_1_42' title="bbox 203 3959 1757 4043">
     <span class='ocr_line' id='line_1_42' title="bbox 203 3959 1757 4043; baseline 0.013 -34"><span class='ocrx_word' id='word_1_233' title='bbox 203 3965 443 4026; x_wconf 87' lang='lat' dir='ltr'><strong>tempore</strong></span> <span class='ocrx_word' id='word_1_234' title='bbox 471 3959 1036 4022; x_wconf 87' lang='lat' dir='ltr'><strong>Nabuchodonosorus</strong></span> <span class='ocrx_word' id='word_1_235' title='bbox 1088 3965 1282 4023; x_wconf 85' lang='lat' dir='ltr'><strong>Judam</strong></span> <span class='ocrx_word' id='word_1_236' title='bbox 1316 3972 1583 4028; x_wconf 90' lang='lat' dir='ltr'><strong>servitute</strong></span> <span class='ocrx_word' id='word_1_237' title='bbox 1603 3988 1757 4043; x_wconf 90' lang='lat' dir='ltr'><strong>pres-</strong></span> 
     </span>
    </p>
   </div>
   <div class='ocr_carea' id='block_1_43' title="bbox 203 4047 1470 4124">
    <p class='ocr_par' dir='ltr' id='par_1_43' title="bbox 203 4047 1470 4124">
     <span class='ocr_line' id='line_1_43' title="bbox 203 4047 1470 4124; baseline 0.012 -22"><span class='ocrx_word' id='word_1_238' title='bbox 203 4049 295 4104; x_wconf 85' lang='lat' dir='ltr'><strong>sit.</strong></span> <span class='ocrx_word' id='word_1_239' title='bbox 325 4047 445 4104; x_wconf 70' lang='lat' dir='ltr'><strong>Hzec</strong></span> <span class='ocrx_word' id='word_1_240' title='bbox 464 4051 889 4124; x_wconf 83' lang='lat' dir='ltr'><strong>Paralipomenis</strong></span> <span class='ocrx_word' id='word_1_241' title='bbox 912 4061 1292 4116; x_wconf 87' lang='lat' dir='ltr'><strong>commendata</strong></span> <span class='ocrx_word' id='word_1_242' title='bbox 1320 4071 1470 4116; x_wconf 91' lang='lat' dir='ltr'><strong>sunt.</strong></span> 
     </span>
    </p>
   </div>
   <div class='ocr_carea' id='block_1_44' title="bbox 279 4140 1752 4219">
    <p class='ocr_par' dir='ltr' id='par_1_44' title="bbox 279 4140 1752 4219">
     <span class='ocr_line' id='line_1_44' title="bbox 279 4140 1752 4219; baseline 0.014 -27"><span class='ocrx_word' id='word_1_243' title='bbox 279 4140 362 4194; x_wconf 84' lang='lat' dir='ltr'><strong>I6.</strong></span> <span class='ocrx_word' id='word_1_244' title='bbox 395 4142 556 4212; x_wconf 88' lang='lat' dir='ltr'><strong>Igitur</strong></span> <span class='ocrx_word' id='word_1_245' title='bbox 574 4144 722 4202; x_wconf 86' lang='lat' dir='ltr'><strong>Josia</strong></span> <span class='ocrx_word' id='word_1_246' title='bbox 754 4149 968 4204; x_wconf 88' lang='lat' dir='ltr'><strong>tertium</strong></span> <span class='ocrx_word' id='word_1_247' title='bbox 994 4151 1104 4219; x_wconf 89' lang='lat' dir='ltr'><strong>jam</strong></span> <span class='ocrx_word' id='word_1_248' title='bbox 1154 4161 1206 4206; x_wconf 91' lang='lat' dir='ltr'><strong>et</strong></span> <span class='ocrx_word' id='word_1_249' title='bbox 1244 4153 1512 4208; x_wconf 91' lang='lat' dir='ltr'><strong>decimum</strong></span> <span class='ocrx_word' id='word_1_250' title='bbox 1552 4171 1752 4211; x_wconf 87' lang='lat' dir='ltr'><strong>annum</strong></span> 
     </span>
    </p>
   </div>
   <div class='ocr_carea' id='block_1_45' title="bbox 202 4225 1751 4313">
    <p class='ocr_par' dir='ltr' id='par_1_45' title="bbox 202 4225 1751 4313">
     <span class='ocr_line' id='line_1_45' title="bbox 202 4225 1751 4313; baseline 0.014 -31"><span class='ocrx_word' id='word_1_251' title='bbox 202 4225 356 4284; x_wconf 65' lang='lat' dir='ltr'><strong>Juda!</strong></span> <span class='ocrx_word' id='word_1_252' title='bbox 399 4232 717 4302; x_wconf 84' lang='lat' dir='ltr'><strong>imperante,</strong></span> <span class='ocrx_word' id='word_1_253' title='bbox 783 4237 995 4292; x_wconf 91' lang='lat' dir='ltr'><strong>initium</strong></span> <span class='ocrx_word' id='word_1_254' title='bbox 1044 4242 1404 4313; x_wconf 86' lang='lat' dir='ltr'><strong>prophetandi</strong></span> <span class='ocrx_word' id='word_1_255' title='bbox 1450 4245 1751 4303; x_wconf 81' lang='lat' dir='ltr'><strong>Hieremias</strong></span> 
     </span>
    </p>
   </div>
   <div class='ocr_carea' id='block_1_46' title="bbox 207 4318 1754 4408">
    <p class='ocr_par' dir='ltr' id='par_1_46' title="bbox 207 4318 1754 4408">
     <span class='ocr_line' id='line_1_46' title="bbox 207 4318 1754 4408; baseline 0.013 -36"><span class='ocrx_word' id='word_1_256' title='bbox 207 4318 374 4375; x_wconf 75' lang='lat' dir='ltr'><strong>fecit:</strong></span> <span class='ocrx_word' id='word_1_257' title='bbox 413 4333 521 4377; x_wconf 91' lang='lat' dir='ltr'><strong>tum</strong></span> <span class='ocrx_word' id='word_1_258' title='bbox 553 4335 605 4380; x_wconf 90' lang='lat' dir='ltr'><strong>et</strong></span> <span class='ocrx_word' id='word_1_259' title='bbox 639 4342 782 4381; x_wconf 91' lang='lat' dir='ltr'><strong>anno</strong></span> <span class='ocrx_word' id='word_1_260' title='bbox 829 4328 1070 4398; x_wconf 89' lang='lat' dir='ltr'><strong>ejusdem</strong></span> <span class='ocrx_word' id='word_1_261' title='bbox 1128 4333 1269 4401; x_wconf 86' lang='lat' dir='ltr'><strong>regis</strong></span> <span class='ocrx_word' id='word_1_262' title='bbox 1305 4337 1546 4390; x_wconf 88' lang='lat' dir='ltr'><strong>secundo</strong></span> <span class='ocrx_word' id='word_1_263' title='bbox 1586 4352 1754 4408; x_wconf 87' lang='lat' dir='ltr'><strong>supra</strong></span> 
     </span>
    </p>
   </div>
   <div class='ocr_carea' id='block_1_47' title="bbox 209 4414 1747 4498">
    <p class='ocr_par' dir='ltr' id='par_1_47' title="bbox 209 4414 1747 4498">
     <span class='ocr_line' id='line_1_47' title="bbox 209 4414 1747 4498; baseline 0.012 -31"><span class='ocrx_word' id='word_1_264' title='bbox 209 4414 517 4470; x_wconf 57' lang='lat' dir='ltr'><strong>vicesimum</strong></span> <span class='ocrx_word' id='word_1_265' title='bbox 542 4416 847 4488; x_wconf 87' lang='lat' dir='ltr'><strong>Sophonias</strong></span> <span class='ocrx_word' id='word_1_266' title='bbox 901 4430 956 4476; x_wconf 90' lang='lat' dir='ltr'><strong>et</strong></span> <span class='ocrx_word' id='word_1_267' title='bbox 993 4422 1291 4482; x_wconf 85' lang='lat' dir='ltr'><strong>Hieremias</strong></span> <span class='ocrx_word' id='word_1_268' title='bbox 1320 4430 1747 4498; x_wconf 88' lang='lat' dir='ltr'><strong>prophetabant:</strong></span> 
     </span>
    </p>
   </div>
   <div class='ocr_carea' id='block_1_48' title="bbox 1909 577 3462 658">
    <p class='ocr_par' dir='ltr' id='par_1_48' title="bbox 1909 577 3462 658">
     <span class='ocr_line' id='line_1_48' title="bbox 1909 577 3462 658; baseline 0.016 -28"><span class='ocrx_word' id='word_1_269' title='bbox 1909 577 2207 650; x_wconf 90' lang='lat' dir='ltr'><strong>urbemque</strong></span> <span class='ocrx_word' id='word_1_270' title='bbox 2261 584 2503 638; x_wconf 82' lang='lat' dir='ltr'><strong>restituit</strong></span> <span class='ocrx_word' id='word_1_271' title='bbox 2538 606 2551 640; x_wconf 91' lang='lat'><strong>:</strong></span> <span class='ocrx_word' id='word_1_272' title='bbox 2589 596 2702 641; x_wconf 90' lang='lat' dir='ltr'><strong>tum</strong></span> <span class='ocrx_word' id='word_1_273' title='bbox 2721 599 2775 644; x_wconf 85' lang='lat' dir='ltr'><strong>et</strong></span> <span class='ocrx_word' id='word_1_274' title='bbox 2806 591 3092 658; x_wconf 80' lang='lat' dir='ltr'><strong>pontiﬁces</strong></span> <span class='ocrx_word' id='word_1_275' title='bbox 3137 598 3462 654; x_wconf 84' lang='lat' dir='ltr'><strong>exstiterunt</strong></span> 
     </span>
    </p>
   </div>
   <div class='ocr_carea' id='block_1_49' title="bbox 1903 677 3459 752">
    <p class='ocr_par' dir='ltr' id='par_1_49' title="bbox 1903 677 3459 752">
     <span class='ocr_line' id='line_1_49' title="bbox 1903 677 3459 752; baseline 0.015 -31"><span class='ocrx_word' id='word_1_276' title='bbox 1903 685 2074 738; x_wconf 87' lang='lat' dir='ltr'><strong>usque</strong></span> <span class='ocrx_word' id='word_1_277' title='bbox 2101 681 2166 724; x_wconf 83' lang='lat' dir='ltr'><strong>ad</strong></span> <span class='ocrx_word' id='word_1_278' title='bbox 2199 681 2420 728; x_wconf 89' lang='lat' dir='ltr'><strong>unctum</strong></span> <span class='ocrx_word' id='word_1_279' title='bbox 2448 677 2661 741; x_wconf 89' lang='lat' dir='ltr'><strong>ducem,</strong></span> <span class='ocrx_word' id='word_1_280' title='bbox 2699 680 2753 732; x_wconf 91' lang='lat' dir='ltr'><strong>in</strong></span> <span class='ocrx_word' id='word_1_281' title='bbox 2777 696 2886 750; x_wconf 90' lang='lat' dir='ltr'><strong>quo</strong></span> <span class='ocrx_word' id='word_1_282' title='bbox 2916 685 3239 752; x_wconf 71' lang='lat' dir='ltr'><strong>patriarcha:</strong></span> <span class='ocrx_word' id='word_1_283' title='bbox 3269 687 3459 745; x_wconf 78' lang='lat' dir='ltr'><strong>Jacobi</strong></span> 
     </span>
    </p>
   </div>
   <div class='ocr_carea' id='block_1_50' title="bbox 1898 761 3457 834">
    <p class='ocr_par' dir='ltr' id='par_1_50' title="bbox 1898 761 3457 834">
     <span class='ocr_line' id='line_1_50' title="bbox 1898 761 3457 834; baseline 0.015 -22"><span class='ocrx_word' id='word_1_284' title='bbox 1898 761 2212 815; x_wconf 86' lang='lat' dir='ltr'><strong>vaticinatio</strong></span> <span class='ocrx_word' id='word_1_285' title='bbox 2249 765 2454 818; x_wconf 74' lang='lat' dir='ltr'><strong>exitum</strong></span> <span class='ocrx_word' id='word_1_286' title='bbox 2514 769 2706 821; x_wconf 89' lang='lat' dir='ltr'><strong>sortita</strong></span> <span class='ocrx_word' id='word_1_287' title='bbox 2755 778 2838 825; x_wconf 90' lang='lat' dir='ltr'><strong>est</strong></span> <span class='ocrx_word' id='word_1_288' title='bbox 2867 772 3098 829; x_wconf 89' lang='lat' dir='ltr'><strong>dicentis</strong></span> <span class='ocrx_word' id='word_1_289' title='bbox 3127 795 3142 832; x_wconf 90' lang='lat'><strong>:</strong></span> <span class='ocrx_word' id='word_1_290' title='bbox 3173 775 3327 832; x_wconf 82' lang='lat' dir='ltr'><strong>Haud</strong></span> <span class='ocrx_word' id='word_1_291' title='bbox 3358 781 3457 834; x_wconf 87' lang='lat' dir='ltr'><strong>de-</strong></span> 
     </span>
    </p>
   </div>
   <div class='ocr_carea' id='block_1_51' title="bbox 1898 849 3507 933">
    <p class='ocr_par' dir='ltr' id='par_1_51' title="bbox 1898 849 3507 933">
     <span class='ocr_line' id='line_1_51' title="bbox 1898 849 3507 933; baseline 0.014 -30"><span class='ocrx_word' id='word_1_292' title='bbox 1898 849 2164 906; x_wconf 87' lang='lat' dir='ltr'><strong>fecturum</strong></span> <span class='ocrx_word' id='word_1_293' title='bbox 2191 871 2219 906; x_wconf 90' lang='lat' dir='ltr'><strong>e</strong></span> <span class='ocrx_word' id='word_1_294' title='bbox 2240 852 2377 907; x_wconf 90' lang='lat' dir='ltr'><strong>Juda</strong></span> <span class='ocrx_word' id='word_1_295' title='bbox 2411 855 2707 928; x_wconf 89' lang='lat' dir='ltr'><strong>principem</strong></span> <span class='ocrx_word' id='word_1_296' title='bbox 2727 899 2742 924; x_wconf 92' lang='lat'><strong>,</strong></span> <span class='ocrx_word' id='word_1_297' title='bbox 2773 861 2857 916; x_wconf 90' lang='lat' dir='ltr'><strong>vel</strong></span> <span class='ocrx_word' id='word_1_298' title='bbox 2881 861 2948 916; x_wconf 93' lang='lat' dir='ltr'><strong>de</strong></span> <span class='ocrx_word' id='word_1_299' title='bbox 2977 864 3220 933; x_wconf 86' lang='lat' dir='ltr'><strong>ejusdem</strong></span> <span class='ocrx_word' id='word_1_300' title='bbox 3255 867 3457 925; x_wconf 88' lang='lat' dir='ltr'><strong>femore</strong></span> <span class='ocrx_word' id='word_1_301' title='bbox 3505 869 3507 871; x_wconf 74' lang='grc'><strong>’</strong></span> 
     </span>
    </p>
   </div>
   <div class='ocr_carea' id='block_1_52' title="bbox 1897 939 3455 1026">
    <p class='ocr_par' dir='ltr' id='par_1_52' title="bbox 1897 939 3455 1026">
     <span class='ocr_line' id='line_1_52' title="bbox 1897 939 3455 1026; baseline 0.014 -34"><span class='ocrx_word' id='word_1_302' title='bbox 1897 939 2110 1005; x_wconf 89' lang='lat' dir='ltr'><strong>ducem,</strong></span> <span class='ocrx_word' id='word_1_303' title='bbox 2145 945 2319 1011; x_wconf 86' lang='lat' dir='ltr'><strong>quoad</strong></span> <span class='ocrx_word' id='word_1_304' title='bbox 2342 943 2431 998; x_wconf 79' lang='lat' dir='ltr'><strong>ille</strong></span> <span class='ocrx_word' id='word_1_305' title='bbox 2459 945 2775 1003; x_wconf 84' lang='lat' dir='ltr'><strong>adventaret</strong></span> <span class='ocrx_word' id='word_1_306' title='bbox 2824 951 2891 1005; x_wconf 91' lang='lat' dir='ltr'><strong>ad</strong></span> <span class='ocrx_word' id='word_1_307' title='bbox 2912 968 3070 1020; x_wconf 88' lang='lat' dir='ltr'><strong>quem</strong></span> <span class='ocrx_word' id='word_1_308' title='bbox 3101 958 3331 1026; x_wconf 88' lang='lat' dir='ltr'><strong>pertinet</strong></span> <span class='ocrx_word' id='word_1_309' title='bbox 3356 961 3455 1013; x_wconf 92' lang='lat' dir='ltr'><strong>im-</strong></span> 
     </span>
    </p>
   </div>
   <div class='ocr_carea' id='block_1_53' title="bbox 1893 1034 3453 1116">
    <p class='ocr_par' dir='ltr' id='par_1_53' title="bbox 1893 1034 3453 1116">
     <span class='ocr_line' id='line_1_53' title="bbox 1893 1034 3453 1116; baseline 0.016 -31"><span class='ocrx_word' id='word_1_310' title='bbox 1893 1034 2104 1102; x_wconf 90' lang='lat' dir='ltr'><strong>perium</strong></span> <span class='ocrx_word' id='word_1_311' title='bbox 2136 1036 2175 1090; x_wconf 83' lang='grc'><strong>⁶.</strong></span> <span class='ocrx_word' id='word_1_312' title='bbox 2204 1036 2320 1090; x_wconf 91' lang='lat' dir='ltr'><strong>Jam</strong></span> <span class='ocrx_word' id='word_1_313' title='bbox 2344 1038 2482 1095; x_wconf 87' lang='lat' dir='ltr'><strong>duce</strong></span> <span class='ocrx_word' id='word_1_314' title='bbox 2514 1041 2846 1100; x_wconf 84' lang='lat' dir='ltr'><strong>Zorobabele</strong></span> <span class='ocrx_word' id='word_1_315' title='bbox 2877 1048 3120 1116; x_wconf 81' lang='lat' dir='ltr'><strong>pontifex</strong></span> <span class='ocrx_word' id='word_1_316' title='bbox 3147 1061 3263 1105; x_wconf 91' lang='lat' dir='ltr'><strong>erat</strong></span> <span class='ocrx_word' id='word_1_317' title='bbox 3293 1052 3453 1110; x_wconf 87' lang='lat' dir='ltr'><strong>Jesus</strong></span> 
     </span>
    </p>
   </div>
   <div class='ocr_carea' id='block_1_54' title="bbox 1891 1123 3453 1212">
    <p class='ocr_par' dir='ltr' id='par_1_54' title="bbox 1891 1123 3453 1212">
     <span class='ocr_line' id='line_1_54' title="bbox 1891 1123 3453 1212; baseline 0.014 -34"><span class='ocrx_word' id='word_1_318' title='bbox 1891 1123 2174 1182; x_wconf 81' lang='lat' dir='ltr'><strong>Josedecbi</strong></span> <span class='ocrx_word' id='word_1_319' title='bbox 2207 1129 2350 1184; x_wconf 89' lang='lat' dir='ltr'><strong>ﬁlius</strong></span> <span class='ocrx_word' id='word_1_320' title='bbox 2386 1148 2398 1182; x_wconf 89' lang='lat'><strong>:</strong></span> <span class='ocrx_word' id='word_1_321' title='bbox 2426 1135 2547 1186; x_wconf 75' lang='lat' dir='ltr'><strong>exin</strong></span> <span class='ocrx_word' id='word_1_322' title='bbox 2594 1133 2874 1192; x_wconf 87' lang='lat' dir='ltr'><strong>Jachimus</strong></span> <span class='ocrx_word' id='word_1_323' title='bbox 2900 1179 2915 1202; x_wconf 92' lang='lat'><strong>,</strong></span> <span class='ocrx_word' id='word_1_324' title='bbox 2953 1139 3092 1195; x_wconf 90' lang='lat' dir='ltr'><strong>idem</strong></span> <span class='ocrx_word' id='word_1_325' title='bbox 3118 1143 3211 1212; x_wconf 90' lang='lat' dir='ltr'><strong>qui</strong></span> <span class='ocrx_word' id='word_1_326' title='bbox 3233 1142 3453 1199; x_wconf 86' lang='lat' dir='ltr'><strong>Joacbi-</strong></span> 
     </span>
    </p>
   </div>
   <div class='ocr_carea' id='block_1_55' title="bbox 1891 1217 3452 1308">
    <p class='ocr_par' dir='ltr' id='par_1_55' title="bbox 1891 1217 3452 1308">
     <span class='ocr_line' id='line_1_55' title="bbox 1891 1217 3452 1308; baseline 0.015 -40"><span class='ocrx_word' id='word_1_327' title='bbox 1891 1232 2034 1281; x_wconf 90' lang='lat' dir='ltr'><strong>mus,</strong></span> <span class='ocrx_word' id='word_1_328' title='bbox 2063 1217 2191 1276; x_wconf 89' lang='lat' dir='ltr'><strong>Jesu</strong></span> <span class='ocrx_word' id='word_1_329' title='bbox 2223 1223 2404 1278; x_wconf 92' lang='lat' dir='ltr'><strong>ﬁlius:</strong></span> <span class='ocrx_word' id='word_1_330' title='bbox 2439 1241 2538 1278; x_wconf 91' lang='lat' dir='ltr'><strong>nec</strong></span> <span class='ocrx_word' id='word_1_331' title='bbox 2588 1241 2698 1281; x_wconf 93' lang='lat' dir='ltr'><strong>non</strong></span> <span class='ocrx_word' id='word_1_332' title='bbox 2757 1228 2948 1285; x_wconf 89' lang='lat' dir='ltr'><strong>Elarus</strong></span> <span class='ocrx_word' id='word_1_333' title='bbox 2974 1231 3107 1303; x_wconf 84' lang='lat'><strong>(60),</strong></span> <span class='ocrx_word' id='word_1_334' title='bbox 3162 1235 3304 1290; x_wconf 92' lang='lat' dir='ltr'><strong>idem</strong></span> <span class='ocrx_word' id='word_1_335' title='bbox 3359 1239 3452 1308; x_wconf 90' lang='lat' dir='ltr'><strong>qui</strong></span> 
     </span>
    </p>
   </div>
   <div class='ocr_carea' id='block_1_56' title="bbox 1889 1307 3454 1393">
    <p class='ocr_par' dir='ltr' id='par_1_56' title="bbox 1889 1307 3454 1393">
     <span class='ocr_line' id='line_1_56' title="bbox 1889 1307 3454 1393; baseline 0.013 -32"><span class='ocrx_word' id='word_1_336' title='bbox 1889 1307 2192 1376; x_wconf 85' lang='lat' dir='ltr'><strong>Esiasibus,</strong></span> <span class='ocrx_word' id='word_1_337' title='bbox 2229 1316 2372 1371; x_wconf 88' lang='lat' dir='ltr'><strong>lilius</strong></span> <span class='ocrx_word' id='word_1_338' title='bbox 2416 1315 2670 1374; x_wconf 88' lang='lat' dir='ltr'><strong>Jachimi.</strong></span> <span class='ocrx_word' id='word_1_339' title='bbox 2729 1319 2856 1374; x_wconf 88' lang='lat' dir='ltr'><strong>Erat</strong></span> <span class='ocrx_word' id='word_1_340' title='bbox 2878 1323 3103 1393; x_wconf 92' lang='lat' dir='ltr'><strong>insuper</strong></span> <span class='ocrx_word' id='word_1_341' title='bbox 3139 1325 3343 1383; x_wconf 87' lang='lat' dir='ltr'><strong>Esdras</strong></span> <span class='ocrx_word' id='word_1_342' title='bbox 3371 1307 3454 1382; x_wconf 80' lang='lat' dir='ltr'><strong>sa-</strong></span> 
     </span>
    </p>
   </div>
   <div class='ocr_carea' id='block_1_57' title="bbox 1888 1402 3452 1487">
    <p class='ocr_par' dir='ltr' id='par_1_57' title="bbox 1888 1402 3452 1487">
     <span class='ocr_line' id='line_1_57' title="bbox 1888 1402 3452 1487; baseline 0.015 -36"><span class='ocrx_word' id='word_1_343' title='bbox 1888 1402 2103 1469; x_wconf 82' lang='lat' dir='ltr'><strong>cerdos,</strong></span> <span class='ocrx_word' id='word_1_344' title='bbox 2128 1407 2308 1460; x_wconf 90' lang='lat' dir='ltr'><strong>scriba</strong></span> <span class='ocrx_word' id='word_1_345' title='bbox 2350 1408 2525 1477; x_wconf 89' lang='lat' dir='ltr'><strong>legum</strong></span> <span class='ocrx_word' id='word_1_346' title='bbox 2571 1426 2874 1478; x_wconf 88' lang='lat' dir='ltr'><strong>sacrarum,</strong></span> <span class='ocrx_word' id='word_1_347' title='bbox 2928 1416 3237 1487; x_wconf 86' lang='lat' dir='ltr'><strong>nobilisque</strong></span> <span class='ocrx_word' id='word_1_348' title='bbox 3264 1420 3452 1474; x_wconf 91' lang='lat' dir='ltr'><strong>doctor</strong></span> 
     </span>
    </p>
   </div>
   <div class='ocr_carea' id='block_1_58' title="bbox 1885 1496 3446 1582">
    <p class='ocr_par' dir='ltr' id='par_1_58' title="bbox 1885 1496 3446 1582">
     <span class='ocr_line' id='line_1_58' title="bbox 1885 1496 3446 1582; baseline 0.014 -36"><span class='ocrx_word' id='word_1_349' title='bbox 1885 1508 2076 1549; x_wconf 91' lang='lat' dir='ltr'><strong>eorum</strong></span> <span class='ocrx_word' id='word_1_350' title='bbox 2092 1496 2184 1565; x_wconf 92' lang='lat' dir='ltr'><strong>qui</strong></span> <span class='ocrx_word' id='word_1_351' title='bbox 2217 1496 2490 1568; x_wconf 83' lang='lat' dir='ltr'><strong>Babylone</strong></span> <span class='ocrx_word' id='word_1_352' title='bbox 2547 1502 2598 1555; x_wconf 92' lang='lat' dir='ltr'><strong>in</strong></span> <span class='ocrx_word' id='word_1_353' title='bbox 2649 1502 2890 1558; x_wconf 73' lang='lat' dir='ltr'><strong>Iudaeam</strong></span> <span class='ocrx_word' id='word_1_354' title='bbox 2922 1508 3280 1565; x_wconf 88' lang='lat' dir='ltr'><strong>ascenderant</strong></span> <span class='ocrx_word' id='word_1_355' title='bbox 3314 1512 3446 1582; x_wconf 79' lang='lat' dir='ltr'><strong>(6t).</strong></span> 
     </span>
    </p>
   </div>
   <div class='ocr_carea' id='block_1_59' title="bbox 1882 1581 3449 1672">
    <p class='ocr_par' dir='ltr' id='par_1_59' title="bbox 1882 1581 3449 1672">
     <span class='ocr_line' id='line_1_59' title="bbox 1882 1581 3449 1672; baseline 0.013 -35"><span class='ocrx_word' id='word_1_356' title='bbox 1882 1581 2079 1642; x_wconf 83' lang='lat' dir='ltr'><strong>Joadas</strong></span> <span class='ocrx_word' id='word_1_357' title='bbox 2112 1587 2265 1642; x_wconf 84' lang='lat' dir='ltr'><strong>Asibi</strong></span> <span class='ocrx_word' id='word_1_358' title='bbox 2301 1591 2461 1656; x_wconf 87' lang='lat' dir='ltr'><strong>ﬁlius,</strong></span> <span class='ocrx_word' id='word_1_359' title='bbox 2498 1593 2602 1647; x_wconf 91' lang='lat' dir='ltr'><strong>sub</strong></span> <span class='ocrx_word' id='word_1_360' title='bbox 2626 1610 2734 1663; x_wconf 93' lang='lat' dir='ltr'><strong>quo</strong></span> <span class='ocrx_word' id='word_1_361' title='bbox 2759 1594 3050 1652; x_wconf 90' lang='lat' dir='ltr'><strong>Nehemias</strong></span> <span class='ocrx_word' id='word_1_362' title='bbox 3089 1581 3449 1672; x_wconf 83' lang='lat' dir='ltr'><strong>Artaxispin-</strong></span> 
     </span>
    </p>
   </div>
   <div class='ocr_carea' id='block_1_60' title="bbox 1882 1680 3447 1766">
    <p class='ocr_par' dir='ltr' id='par_1_60' title="bbox 1882 1680 3447 1766">
     <span class='ocr_line' id='line_1_60' title="bbox 1882 1680 3447 1766; baseline 0.015 -36"><span class='ocrx_word' id='word_1_363' title='bbox 1882 1694 2067 1743; x_wconf 82' lang='lat' dir='ltr'><strong>cerua,</strong></span> <span class='ocrx_word' id='word_1_364' title='bbox 2088 1696 2284 1752; x_wconf 90' lang='lat' dir='ltr'><strong>genere</strong></span> <span class='ocrx_word' id='word_1_365' title='bbox 2305 1680 2584 1748; x_wconf 68' lang='lat' dir='ltr'><strong>Hebraeus,</strong></span> <span class='ocrx_word' id='word_1_366' title='bbox 2607 1683 2882 1758; x_wconf 87' lang='lat' dir='ltr'><strong>Babylone</strong></span> <span class='ocrx_word' id='word_1_367' title='bbox 2909 1691 3053 1744; x_wconf 87' lang='lat' dir='ltr'><strong>venit</strong></span> <span class='ocrx_word' id='word_1_368' title='bbox 3079 1690 3447 1766; x_wconf 76' lang='lat' dir='ltr'><strong>Hierosolyma</strong></span> 
     </span>
    </p>
   </div>
   <div class='ocr_carea' id='block_1_61' title="bbox 1884 1773 3442 1843">
    <p class='ocr_par' dir='ltr' id='par_1_61' title="bbox 1884 1773 3442 1843">
     <span class='ocr_line' id='line_1_61' title="bbox 1884 1773 3442 1843; baseline 0.012 -21"><span class='ocrx_word' id='word_1_369' title='bbox 1884 1784 2179 1841; x_wconf 87' lang='lat' dir='ltr'><strong>murosque</strong></span> <span class='ocrx_word' id='word_1_370' title='bbox 2203 1773 2482 1828; x_wconf 79' lang='lat' dir='ltr'><strong>excitavit.</strong></span> <span class='ocrx_word' id='word_1_371' title='bbox 2514 1773 2754 1831; x_wconf 84' lang='lat' dir='ltr'><strong>Joannes</strong></span> <span class='ocrx_word' id='word_1_372' title='bbox 2778 1777 2961 1834; x_wconf 65' lang='lat' dir='ltr'><strong>Joadaa</strong></span> <span class='ocrx_word' id='word_1_373' title='bbox 2988 1780 3152 1838; x_wconf 86' lang='lat' dir='ltr'><strong>ﬁlius.</strong></span> <span class='ocrx_word' id='word_1_374' title='bbox 3208 1783 3442 1843; x_wconf 81' lang='lat' dir='ltr'><strong>Joannis</strong></span> 
     </span>
    </p>
   </div>
   <div class='ocr_carea' id='block_1_62' title="bbox 1882 1860 3446 1934">
    <p class='ocr_par' dir='ltr' id='par_1_62' title="bbox 1882 1860 3446 1934">
     <span class='ocr_line' id='line_1_62' title="bbox 1882 1860 3446 1934; baseline 0.013 -21"><span class='ocrx_word' id='word_1_375' title='bbox 1882 1860 2025 1916; x_wconf 87' lang='lat' dir='ltr'><strong>ﬁlius</strong></span> <span class='ocrx_word' id='word_1_376' title='bbox 2051 1862 2278 1927; x_wconf 91' lang='lat' dir='ltr'><strong>Jaddus,</strong></span> <span class='ocrx_word' id='word_1_377' title='bbox 2302 1865 2460 1934; x_wconf 89' lang='lat' dir='ltr'><strong>cujus</strong></span> <span class='ocrx_word' id='word_1_378' title='bbox 2483 1877 2639 1923; x_wconf 65' lang='lat' dir='ltr'><strong>aetate</strong></span> <span class='ocrx_word' id='word_1_379' title='bbox 2674 1868 2894 1924; x_wconf 81' lang='lat' dir='ltr'><strong>Macedo</strong></span> <span class='ocrx_word' id='word_1_380' title='bbox 2922 1873 3227 1930; x_wconf 79' lang='lat' dir='ltr'><strong>Alexander</strong></span> <span class='ocrx_word' id='word_1_381' title='bbox 3253 1877 3446 1934; x_wconf 83' lang='lat' dir='ltr'><strong>Hiero-</strong></span> 
     </span>
    </p>
   </div>
   <div class='ocr_carea' id='block_1_63' title="bbox 1881 1952 3443 2024">
    <p class='ocr_par' dir='ltr' id='par_1_63' title="bbox 1881 1952 3443 2024">
     <span class='ocr_line' id='line_1_63' title="bbox 1881 1952 3443 2024; baseline 0.013 -19"><span class='ocrx_word' id='word_1_382' title='bbox 1881 1952 2088 2023; x_wconf 86' lang='lat' dir='ltr'><strong>solyma</strong></span> <span class='ocrx_word' id='word_1_383' title='bbox 2117 1952 2394 2023; x_wconf 91' lang='lat' dir='ltr'><strong>ingressus</strong></span> <span class='ocrx_word' id='word_1_384' title='bbox 2427 1955 2594 2011; x_wconf 88' lang='lat' dir='ltr'><strong>Deum</strong></span> <span class='ocrx_word' id='word_1_385' title='bbox 2617 1960 2884 2016; x_wconf 85' lang='lat' dir='ltr'><strong>adoravit.</strong></span> <span class='ocrx_word' id='word_1_386' title='bbox 2909 1961 3076 2019; x_wconf 88' lang='lat' dir='ltr'><strong>Onias</strong></span> <span class='ocrx_word' id='word_1_387' title='bbox 3100 1964 3256 2020; x_wconf 86' lang='lat' dir='ltr'><strong>Jaddi</strong></span> <span class='ocrx_word' id='word_1_388' title='bbox 3281 1969 3443 2024; x_wconf 84' lang='lat' dir='ltr'><strong>ﬁlius.</strong></span> 
     </span>
    </p>
   </div>
   <div class='ocr_carea' id='block_1_64' title="bbox 1879 2043 3446 2114">
    <p class='ocr_par' dir='ltr' id='par_1_64' title="bbox 1879 2043 3446 2114">
     <span class='ocr_line' id='line_1_64' title="bbox 1879 2043 3446 2114; baseline 0.01 -18"><span class='ocrx_word' id='word_1_389' title='bbox 1879 2043 2101 2098; x_wconf 88' lang='lat' dir='ltr'><strong>Simeon</strong></span> <span class='ocrx_word' id='word_1_390' title='bbox 2128 2053 2487 2114; x_wconf 85' lang='lat' dir='ltr'><strong>cognomento</strong></span> <span class='ocrx_word' id='word_1_391' title='bbox 2525 2046 2738 2106; x_wconf 91' lang='lat' dir='ltr'><strong>Justus.</strong></span> <span class='ocrx_word' id='word_1_392' title='bbox 2776 2050 3046 2109; x_wconf 90' lang='lat' dir='ltr'><strong>Simeonis</strong></span> <span class='ocrx_word' id='word_1_393' title='bbox 3097 2054 3261 2111; x_wconf 83' lang='lat' dir='ltr'><strong>frater</strong></span> <span class='ocrx_word' id='word_1_394' title='bbox 3289 2057 3446 2114; x_wconf 83' lang='lat' dir='ltr'><strong>Elea-</strong></span> 
     </span>
    </p>
   </div>
   <div class='ocr_carea' id='block_1_65' title="bbox 1877 2135 3442 2209">
    <p class='ocr_par' dir='ltr' id='par_1_65' title="bbox 1877 2135 3442 2209">
     <span class='ocr_line' id='line_1_65' title="bbox 1877 2135 3442 2209; baseline 0.01 -21"><span class='ocrx_word' id='word_1_395' title='bbox 1877 2149 2059 2199; x_wconf 89' lang='lat' dir='ltr'><strong>zarus,</strong></span> <span class='ocrx_word' id='word_1_396' title='bbox 2083 2135 2187 2191; x_wconf 89' lang='lat' dir='ltr'><strong>sub</strong></span> <span class='ocrx_word' id='word_1_397' title='bbox 2201 2151 2311 2206; x_wconf 87' lang='lat' dir='ltr'><strong>quo</strong></span> <span class='ocrx_word' id='word_1_398' title='bbox 2334 2135 2692 2209; x_wconf 81' lang='lat' dir='ltr'><strong>Septuaginta</strong></span> <span class='ocrx_word' id='word_1_399' title='bbox 2734 2141 2848 2196; x_wconf 88' lang='lat' dir='ltr'><strong>Viri</strong></span> <span class='ocrx_word' id='word_1_400' title='bbox 2881 2145 3093 2200; x_wconf 87' lang='lat' dir='ltr'><strong>divinos</strong></span> <span class='ocrx_word' id='word_1_401' title='bbox 3125 2146 3291 2202; x_wconf 90' lang='lat' dir='ltr'><strong>libros</strong></span> <span class='ocrx_word' id='word_1_402' title='bbox 3315 2148 3442 2203; x_wconf 83' lang='lat' dir='ltr'><strong>Pto-</strong></span> 
     </span>
    </p>
   </div>
   <div class='ocr_carea' id='block_1_66' title="bbox 1876 2225 3440 2307">
    <p class='ocr_par' dir='ltr' id='par_1_66' title="bbox 1876 2225 3440 2307">
     <span class='ocr_line' id='line_1_66' title="bbox 1876 2225 3440 2307; baseline 0.011 -29"><span class='ocrx_word' id='word_1_403' title='bbox 1876 2225 2045 2281; x_wconf 61' lang='lat' dir='ltr'><strong>lemaei</strong></span> <span class='ocrx_word' id='word_1_404' title='bbox 2069 2229 2216 2299; x_wconf 89' lang='lat' dir='ltr'><strong>regis</strong></span> <span class='ocrx_word' id='word_1_405' title='bbox 2239 2230 2399 2300; x_wconf 90' lang='lat' dir='ltr'><strong>jussu</strong></span> <span class='ocrx_word' id='word_1_406' title='bbox 2428 2233 2494 2286; x_wconf 89' lang='lat' dir='ltr'><strong>ad</strong></span> <span class='ocrx_word' id='word_1_407' title='bbox 2537 2231 2738 2288; x_wconf 57' lang='lat' dir='ltr'><strong>Graeca</strong></span> <span class='ocrx_word' id='word_1_408' title='bbox 2769 2234 2964 2307; x_wconf 68' lang='lat' dir='ltr'><strong>linguae</strong></span> <span class='ocrx_word' id='word_1_409' title='bbox 2993 2240 3440 2295; x_wconf 84' lang='lat' dir='ltr'><strong>consuetudinem</strong></span> 
     </span>
    </p>
   </div>
   <div class='ocr_carea' id='block_1_67' title="bbox 1869 2316 3440 2397">
    <p class='ocr_par' dir='ltr' id='par_1_67' title="bbox 1869 2316 3440 2397">
     <span class='ocr_line' id='line_1_67' title="bbox 1869 2316 3440 2397; baseline 0.013 -33"><span class='ocrx_word' id='word_1_410' title='bbox 1869 2316 2313 2373; x_wconf 88' lang='lat' dir='ltr'><strong>transtulerunt.</strong></span> <span class='ocrx_word' id='word_1_411' title='bbox 2371 2319 2652 2376; x_wconf 86' lang='lat' dir='ltr'><strong>Manasses</strong></span> <span class='ocrx_word' id='word_1_412' title='bbox 2706 2322 2944 2378; x_wconf 80' lang='lat' dir='ltr'><strong>Eleazari</strong></span> <span class='ocrx_word' id='word_1_413' title='bbox 2994 2335 3241 2397; x_wconf 84' lang='lat' dir='ltr'><strong>patruus.</strong></span> <span class='ocrx_word' id='word_1_414' title='bbox 3273 2329 3440 2386; x_wconf 86' lang='lat' dir='ltr'><strong>Onias</strong></span> 
     </span>
    </p>
   </div>
   <div class='ocr_carea' id='block_1_68' title="bbox 1876 2400 3441 2488">
    <p class='ocr_par' dir='ltr' id='par_1_68' title="bbox 1876 2400 3441 2488">
     <span class='ocr_line' id='line_1_68' title="bbox 1876 2400 3441 2488; baseline 0.014 -34"><span class='ocrx_word' id='word_1_415' title='bbox 1876 2400 2148 2458; x_wconf 89' lang='lat' dir='ltr'><strong>Simeonis</strong></span> <span class='ocrx_word' id='word_1_416' title='bbox 2175 2404 2316 2461; x_wconf 92' lang='lat' dir='ltr'><strong>Justi</strong></span> <span class='ocrx_word' id='word_1_417' title='bbox 2362 2409 2526 2464; x_wconf 91' lang='lat' dir='ltr'><strong>ﬁlius.</strong></span> <span class='ocrx_word' id='word_1_418' title='bbox 2565 2409 2717 2466; x_wconf 65' lang='lat' dir='ltr'><strong>Onias</strong></span> <span class='ocrx_word' id='word_1_419' title='bbox 2763 2412 2905 2470; x_wconf 87' lang='lat' dir='ltr'><strong>ﬁlius</strong></span> <span class='ocrx_word' id='word_1_420' title='bbox 2941 2414 3182 2480; x_wconf 88' lang='lat' dir='ltr'><strong>Simeon,</strong></span> <span class='ocrx_word' id='word_1_421' title='bbox 3208 2418 3309 2472; x_wconf 85' lang='lat' dir='ltr'><strong>sub</strong></span> <span class='ocrx_word' id='word_1_422' title='bbox 3334 2435 3441 2488; x_wconf 91' lang='lat' dir='ltr'><strong>quo</strong></span> 
     </span>
    </p>
   </div>
   <div class='ocr_carea' id='block_1_69' title="bbox 1871 2493 3151 2564">
    <p class='ocr_par' dir='ltr' id='par_1_69' title="bbox 1871 2493 3151 2564">
     <span class='ocr_line' id='line_1_69' title="bbox 1871 2493 3151 2564; baseline 0.013 -18"><span class='ocrx_word' id='word_1_423' title='bbox 1871 2502 1995 2546; x_wconf 90' lang='lat' dir='ltr'><strong>erat</strong></span> <span class='ocrx_word' id='word_1_424' title='bbox 2021 2493 2185 2550; x_wconf 86' lang='lat' dir='ltr'><strong>Jesus</strong></span> <span class='ocrx_word' id='word_1_425' title='bbox 2223 2497 2458 2554; x_wconf 90' lang='lat' dir='ltr'><strong>Sirachi.</strong></span> <span class='ocrx_word' id='word_1_426' title='bbox 2497 2499 2765 2559; x_wconf 90' lang='lat' dir='ltr'><strong>Simeonis</strong></span> <span class='ocrx_word' id='word_1_427' title='bbox 2797 2505 2937 2562; x_wconf 89' lang='lat' dir='ltr'><strong>ﬁlius</strong></span> <span class='ocrx_word' id='word_1_428' title='bbox 2962 2505 3151 2564; x_wconf 80' lang='lat' dir='ltr'><strong>Onias.</strong></span> 
     </span>
    </p>
   </div>
   <div class='ocr_carea' id='block_1_70' title="bbox 1942 2586 3438 2666">
    <p class='ocr_par' dir='ltr' id='par_1_70' title="bbox 1942 2586 3438 2666">
     <span class='ocr_line' id='line_1_70' title="bbox 1942 2586 3438 2666; baseline 0.014 -29"><span class='ocrx_word' id='word_1_429' title='bbox 1942 2586 2032 2642; x_wconf 80' lang='grc'><strong>18.</strong></span> <span class='ocrx_word' id='word_1_430' title='bbox 2065 2586 2202 2643; x_wconf 86' lang='lat' dir='ltr'><strong>Tres</strong></span> <span class='ocrx_word' id='word_1_431' title='bbox 2231 2589 2428 2646; x_wconf 90' lang='lat' dir='ltr'><strong>deinde</strong></span> <span class='ocrx_word' id='word_1_432' title='bbox 2465 2607 2529 2646; x_wconf 92' lang='lat' dir='ltr'><strong>ac</strong></span> <span class='ocrx_word' id='word_1_433' title='bbox 2555 2595 2776 2664; x_wconf 86' lang='lat' dir='ltr'><strong>triginta</strong></span> <span class='ocrx_word' id='word_1_434' title='bbox 2807 2606 2930 2666; x_wconf 87' lang='lat' dir='ltr'><strong>post</strong></span> <span class='ocrx_word' id='word_1_435' title='bbox 2955 2613 3126 2654; x_wconf 86' lang='lat' dir='ltr'><strong>annos</strong></span> <span class='ocrx_word' id='word_1_436' title='bbox 3139 2600 3438 2658; x_wconf 71' lang='lat' dir='ltr'><strong>Antiochus</strong></span> 
     </span>
    </p>
   </div>
   <div class='ocr_carea' id='block_1_71' title="bbox 1872 2674 3438 2758">
    <p class='ocr_par' dir='ltr' id='par_1_71' title="bbox 1872 2674 3438 2758">
     <span class='ocr_line' id='line_1_71' title="bbox 1872 2674 3438 2758; baseline 0.013 -30"><span class='ocrx_word' id='word_1_437' title='bbox 1872 2674 2182 2746; x_wconf 87' lang='lat' dir='ltr'><strong>Epiphanes</strong></span> <span class='ocrx_word' id='word_1_438' title='bbox 2212 2678 2454 2736; x_wconf 66' lang='lat' dir='ltr'><strong>Judaaam</strong></span> <span class='ocrx_word' id='word_1_439' title='bbox 2507 2683 2793 2753; x_wconf 88' lang='lat' dir='ltr'><strong>ingressus</strong></span> <span class='ocrx_word' id='word_1_440' title='bbox 2848 2689 3222 2758; x_wconf 85' lang='lat' dir='ltr'><strong>pontiﬁcatum</strong></span> <span class='ocrx_word' id='word_1_441' title='bbox 3247 2692 3438 2747; x_wconf 83' lang='lat' dir='ltr'><strong>Judai-</strong></span> 
     </span>
    </p>
   </div>
   <div class='ocr_carea' id='block_1_72' title="bbox 1867 2767 3436 2848">
    <p class='ocr_par' dir='ltr' id='par_1_72' title="bbox 1867 2767 3436 2848">
     <span class='ocr_line' id='line_1_72' title="bbox 1867 2767 3436 2848; baseline 0.012 -28"><span class='ocrx_word' id='word_1_442' title='bbox 1867 2781 1992 2822; x_wconf 91' lang='lat' dir='ltr'><strong>cum</strong></span> <span class='ocrx_word' id='word_1_443' title='bbox 2015 2784 2047 2823; x_wconf 88' lang='lat' dir='ltr'><strong>a</strong></span> <span class='ocrx_word' id='word_1_444' title='bbox 2083 2767 2214 2824; x_wconf 86' lang='lat' dir='ltr'><strong>Jesu</strong></span> <span class='ocrx_word' id='word_1_445' title='bbox 2243 2781 2604 2843; x_wconf 88' lang='lat' dir='ltr'><strong>cognomento</strong></span> <span class='ocrx_word' id='word_1_446' title='bbox 2624 2773 2824 2831; x_wconf 90' lang='lat' dir='ltr'><strong>Jasone</strong></span> <span class='ocrx_word' id='word_1_447' title='bbox 2851 2779 2918 2832; x_wconf 86' lang='lat' dir='ltr'><strong>ad</strong></span> <span class='ocrx_word' id='word_1_448' title='bbox 2939 2780 3182 2848; x_wconf 89' lang='lat' dir='ltr'><strong>ejusdem</strong></span> <span class='ocrx_word' id='word_1_449' title='bbox 3217 2781 3436 2839; x_wconf 89' lang='lat' dir='ltr'><strong>fratrem</strong></span> 
     </span>
    </p>
   </div>
   <div class='ocr_carea' id='block_1_73' title="bbox 1867 2853 3436 2941">
    <p class='ocr_par' dir='ltr' id='par_1_73' title="bbox 1867 2853 3436 2941">
     <span class='ocr_line' id='line_1_73' title="bbox 1867 2853 3436 2941; baseline 0.01 -29"><span class='ocrx_word' id='word_1_450' title='bbox 1867 2853 2063 2912; x_wconf 91' lang='lat' dir='ltr'><strong>Oniam</strong></span> <span class='ocrx_word' id='word_1_451' title='bbox 2130 2863 2453 2929; x_wconf 88' lang='lat' dir='ltr'><strong>transtulit;</strong></span> <span class='ocrx_word' id='word_1_452' title='bbox 2511 2880 2704 2920; x_wconf 91' lang='lat' dir='ltr'><strong>rursus</strong></span> <span class='ocrx_word' id='word_1_453' title='bbox 2768 2867 2894 2922; x_wconf 92' lang='lat' dir='ltr'><strong>huic</strong></span> <span class='ocrx_word' id='word_1_454' title='bbox 2951 2878 3239 2941; x_wconf 80' lang='lat' dir='ltr'><strong>ereptum,</strong></span> <span class='ocrx_word' id='word_1_455' title='bbox 3287 2871 3436 2928; x_wconf 60' lang='lat' dir='ltr'><strong>Onias</strong></span> 
     </span>
    </p>
   </div>
   <div class='ocr_carea' id='block_1_74' title="bbox 1865 2952 3430 3033">
    <p class='ocr_par' dir='ltr' id='par_1_74' title="bbox 1865 2952 3430 3033">
     <span class='ocr_line' id='line_1_74' title="bbox 1865 2952 3430 3033; baseline 0.011 -31"><span class='ocrx_word' id='word_1_456' title='bbox 1865 2962 2222 3019; x_wconf 91' lang='lat' dir='ltr'><strong>cognomento</strong></span> <span class='ocrx_word' id='word_1_457' title='bbox 2257 2952 2496 3010; x_wconf 88' lang='lat' dir='ltr'><strong>Menelao</strong></span> <span class='ocrx_word' id='word_1_458' title='bbox 2524 2955 2689 3012; x_wconf 91' lang='lat' dir='ltr'><strong>dedit.</strong></span> <span class='ocrx_word' id='word_1_459' title='bbox 2729 2956 2852 3013; x_wconf 82' lang='lat' dir='ltr'><strong>Mox</strong></span> <span class='ocrx_word' id='word_1_460' title='bbox 2895 2961 3082 3032; x_wconf 89' lang='lat' dir='ltr'><strong>elapso</strong></span> <span class='ocrx_word' id='word_1_461' title='bbox 3113 2963 3430 3033; x_wconf 87' lang='lat' dir='ltr'><strong>quinquen-</strong></span> 
     </span>
    </p>
   </div>
   <div class='ocr_carea' id='block_1_75' title="bbox 1865 3040 3432 3124">
    <p class='ocr_par' dir='ltr' id='par_1_75' title="bbox 1865 3040 3432 3124">
     <span class='ocr_line' id='line_1_75' title="bbox 1865 3040 3432 3124; baseline 0.009 -30"><span class='ocrx_word' id='word_1_462' title='bbox 1865 3040 1956 3094; x_wconf 91' lang='lat' dir='ltr'><strong>nio</strong></span> <span class='ocrx_word' id='word_1_463' title='bbox 1994 3044 2272 3114; x_wconf 91' lang='lat' dir='ltr'><strong>occupatis</strong></span> <span class='ocrx_word' id='word_1_464' title='bbox 2322 3044 2710 3119; x_wconf 88' lang='lat' dir='ltr'><strong>Hierosolymis</strong></span> <span class='ocrx_word' id='word_1_465' title='bbox 2761 3051 3018 3122; x_wconf 88' lang='lat' dir='ltr'><strong>templum</strong></span> <span class='ocrx_word' id='word_1_466' title='bbox 3074 3052 3318 3124; x_wconf 87' lang='lat' dir='ltr'><strong>diripuit,</strong></span> <span class='ocrx_word' id='word_1_467' title='bbox 3355 3056 3432 3110; x_wconf 85' lang='lat' dir='ltr'><strong>si-</strong></span> 
     </span>
    </p>
   </div>
   <div class='ocr_carea' id='block_1_76' title="bbox 1863 3134 3431 3212">
    <p class='ocr_par' dir='ltr' id='par_1_76' title="bbox 1863 3134 3431 3212">
     <span class='ocr_line' id='line_1_76' title="bbox 1863 3134 3431 3212; baseline 0.008 -25"><span class='ocrx_word' id='word_1_468' title='bbox 1863 3149 2029 3204; x_wconf 86' lang='lat' dir='ltr'><strong>gnum</strong></span> <span class='ocrx_word' id='word_1_469' title='bbox 2081 3134 2229 3192; x_wconf 86' lang='lat' dir='ltr'><strong>Jovis</strong></span> <span class='ocrx_word' id='word_1_470' title='bbox 2267 3137 2528 3208; x_wconf 84' lang='lat' dir='ltr'><strong>Olympici</strong></span> <span class='ocrx_word' id='word_1_471' title='bbox 2590 3140 2788 3196; x_wconf 88' lang='lat' dir='ltr'><strong>ibidem</strong></span> <span class='ocrx_word' id='word_1_472' title='bbox 2832 3144 3146 3212; x_wconf 83' lang='lat' dir='ltr'><strong>collocavit;</strong></span> <span class='ocrx_word' id='word_1_473' title='bbox 3192 3147 3244 3200; x_wconf 91' lang='lat' dir='ltr'><strong>in</strong></span> <span class='ocrx_word' id='word_1_474' title='bbox 3274 3145 3431 3200; x_wconf 80' lang='lat' dir='ltr'><strong>Gari-</strong></span> 
     </span>
    </p>
   </div>
   <div class='ocr_carea' id='block_1_77' title="bbox 1878 3227 3430 3306">
    <p class='ocr_par' dir='ltr' id='par_1_77' title="bbox 1878 3227 3430 3306">
     <span class='ocr_line' id='line_1_77' title="bbox 1878 3227 3430 3306; baseline 0.01 -27"><span class='ocrx_word' id='word_1_475' title='bbox 1878 3227 2002 3280; x_wconf 86' lang='lat' dir='ltr'><strong>zino</strong></span> <span class='ocrx_word' id='word_1_476' title='bbox 2027 3227 2137 3300; x_wconf 72' lang='lat'><strong>(62)</strong></span> <span class='ocrx_word' id='word_1_477' title='bbox 2165 3239 2344 3284; x_wconf 89' lang='lat' dir='ltr'><strong>autem</strong></span> <span class='ocrx_word' id='word_1_478' title='bbox 2406 3229 2554 3286; x_wconf 89' lang='lat' dir='ltr'><strong>Jovis</strong></span> <span class='ocrx_word' id='word_1_479' title='bbox 2597 3231 2890 3304; x_wconf 82' lang='lat' dir='ltr'><strong>Hospitalis</strong></span> <span class='ocrx_word' id='word_1_480' title='bbox 2919 3236 2961 3290; x_wconf 82' lang='grc'><strong>⁷.</strong></span> <span class='ocrx_word' id='word_1_481' title='bbox 3006 3235 3080 3290; x_wconf 88' lang='lat' dir='ltr'><strong>Ea</strong></span> <span class='ocrx_word' id='word_1_482' title='bbox 3110 3246 3430 3306; x_wconf 84' lang='lat' dir='ltr'><strong>tempestate</strong></span> 
     </span>
    </p>
   </div>
   <div class='ocr_carea' id='block_1_78' title="bbox 1875 3319 3426 3393">
    <p class='ocr_par' dir='ltr' id='par_1_78' title="bbox 1875 3319 3426 3393">
     <span class='ocr_line' id='line_1_78' title="bbox 1875 3319 3426 3393; baseline 0.008 -19"><span class='ocrx_word' id='word_1_483' title='bbox 1875 3319 2160 3376; x_wconf 80' lang='lat' dir='ltr'><strong>Matathias</strong></span> <span class='ocrx_word' id='word_1_484' title='bbox 2209 3321 2430 3392; x_wconf 87' lang='lat' dir='ltr'><strong>quidam</strong></span> <span class='ocrx_word' id='word_1_485' title='bbox 2479 3325 2737 3380; x_wconf 84' lang='lat' dir='ltr'><strong>sacerdos</strong></span> <span class='ocrx_word' id='word_1_486' title='bbox 2779 3325 3079 3381; x_wconf 73' lang='lat' dir='ltr'><strong>Asamonaei</strong></span> <span class='ocrx_word' id='word_1_487' title='bbox 3131 3328 3273 3384; x_wconf 89' lang='lat' dir='ltr'><strong>ﬁlius</strong></span> <span class='ocrx_word' id='word_1_488' title='bbox 3299 3368 3316 3393; x_wconf 90' lang='lat'><strong>,</strong></span> <span class='ocrx_word' id='word_1_489' title='bbox 3359 3347 3426 3386; x_wconf 85' lang='lat' dir='ltr'><strong>ex</strong></span> 
     </span>
    </p>
   </div>
   <div class='ocr_carea' id='block_1_79' title="bbox 1873 3413 3427 3490">
    <p class='ocr_par' dir='ltr' id='par_1_79' title="bbox 1873 3413 3427 3490">
     <span class='ocr_line' id='line_1_79' title="bbox 1873 3413 3427 3490; baseline 0.009 -25"><span class='ocrx_word' id='word_1_490' title='bbox 1873 3413 2074 3483; x_wconf 79' lang='lat' dir='ltr'><strong>Oppido</strong></span> <span class='ocrx_word' id='word_1_491' title='bbox 2109 3413 2383 3481; x_wconf 84' lang='lat' dir='ltr'><strong>Modimo,</strong></span> <span class='ocrx_word' id='word_1_492' title='bbox 2435 3416 2578 3471; x_wconf 90' lang='lat' dir='ltr'><strong>bello</strong></span> <span class='ocrx_word' id='word_1_493' title='bbox 2625 3418 2886 3474; x_wconf 89' lang='lat' dir='ltr'><strong>adversus</strong></span> <span class='ocrx_word' id='word_1_494' title='bbox 2939 3421 3122 3490; x_wconf 86' lang='lat' dir='ltr'><strong>copias</strong></span> <span class='ocrx_word' id='word_1_495' title='bbox 3171 3423 3427 3479; x_wconf 84' lang='lat' dir='ltr'><strong>Antiochi</strong></span> 
     </span>
    </p>
   </div>
   <div class='ocr_carea' id='block_1_80' title="bbox 1871 3504 3428 3568">
    <p class='ocr_par' dir='ltr' id='par_1_80' title="bbox 1871 3504 3428 3568">
     <span class='ocr_line' id='line_1_80' title="bbox 1871 3504 3428 3568; baseline 0.005 -8"><span class='ocrx_word' id='word_1_496' title='bbox 1871 3521 1994 3560; x_wconf 90' lang='lat' dir='ltr'><strong>cum</strong></span> <span class='ocrx_word' id='word_1_497' title='bbox 2023 3504 2148 3560; x_wconf 92' lang='lat' dir='ltr'><strong>ﬁliis</strong></span> <span class='ocrx_word' id='word_1_498' title='bbox 2169 3505 2286 3560; x_wconf 91' lang='lat' dir='ltr'><strong>suis</strong></span> <span class='ocrx_word' id='word_1_499' title='bbox 2307 3507 2644 3562; x_wconf 89' lang='lat' dir='ltr'><strong>decertabat.</strong></span> <span class='ocrx_word' id='word_1_500' title='bbox 2691 3508 2754 3562; x_wconf 87' lang='lat' dir='ltr'><strong>Et</strong></span> <span class='ocrx_word' id='word_1_501' title='bbox 2789 3508 2959 3565; x_wconf 89' lang='lat' dir='ltr'><strong>Judas</strong></span> <span class='ocrx_word' id='word_1_502' title='bbox 3005 3527 3138 3566; x_wconf 91' lang='lat' dir='ltr'><strong>sane</strong></span> <span class='ocrx_word' id='word_1_503' title='bbox 3175 3515 3316 3568; x_wconf 85' lang='lat' dir='ltr'><strong>ﬁlius</strong></span> <span class='ocrx_word' id='word_1_504' title='bbox 3344 3515 3428 3568; x_wconf 89' lang='lat' dir='ltr'><strong>fn-</strong></span> 
     </span>
    </p>
   </div>
   <div class='ocr_carea' id='block_1_81' title="bbox 1868 3593 3425 3672">
    <p class='ocr_par' dir='ltr' id='par_1_81' title="bbox 1868 3593 3425 3672">
     <span class='ocr_line' id='line_1_81' title="bbox 1868 3593 3425 3672; baseline 0.005 -24"><span class='ocrx_word' id='word_1_505' title='bbox 1868 3610 1988 3665; x_wconf 87' lang='lat' dir='ltr'><strong>gam</strong></span> <span class='ocrx_word' id='word_1_506' title='bbox 2016 3593 2272 3665; x_wconf 79' lang='lat' dir='ltr'><strong>Syrorum</strong></span> <span class='ocrx_word' id='word_1_507' title='bbox 2289 3595 2438 3662; x_wconf 90' lang='lat' dir='ltr'><strong>fecit,</strong></span> <span class='ocrx_word' id='word_1_508' title='bbox 2471 3598 2840 3668; x_wconf 87' lang='lat' dir='ltr'><strong>templumque</strong></span> <span class='ocrx_word' id='word_1_509' title='bbox 2863 3600 3132 3665; x_wconf 87' lang='lat' dir='ltr'><strong>lustravit,</strong></span> <span class='ocrx_word' id='word_1_510' title='bbox 3155 3616 3220 3656; x_wconf 88' lang='lat' dir='ltr'><strong>ac</strong></span> <span class='ocrx_word' id='word_1_511' title='bbox 3251 3606 3425 3672; x_wconf 76' lang='lat' dir='ltr'><strong>patria</strong></span> 
     </span>
    </p>
   </div>
   <div class='ocr_carea' id='block_1_82' title="bbox 1866 3687 3424 3758">
    <p class='ocr_par' dir='ltr' id='par_1_82' title="bbox 1866 3687 3424 3758">
     <span class='ocr_line' id='line_1_82' title="bbox 1866 3687 3424 3758; baseline 0.006 -18"><span class='ocrx_word' id='word_1_512' title='bbox 1866 3700 2021 3740; x_wconf 87' lang='lat' dir='ltr'><strong>sacra</strong></span> <span class='ocrx_word' id='word_1_513' title='bbox 2055 3687 2316 3751; x_wconf 88' lang='lat' dir='ltr'><strong>restituit,</strong></span> <span class='ocrx_word' id='word_1_514' title='bbox 2351 3703 2472 3758; x_wconf 67' lang='lat' dir='ltr'><strong>qua:</strong></span> <span class='ocrx_word' id='word_1_515' title='bbox 2529 3689 2766 3744; x_wconf 92' lang='lat' dir='ltr'><strong>triennio</strong></span> <span class='ocrx_word' id='word_1_516' title='bbox 2792 3690 3189 3745; x_wconf 89' lang='lat' dir='ltr'><strong>obsoleverant.</strong></span> <span class='ocrx_word' id='word_1_517' title='bbox 3223 3691 3424 3748; x_wconf 84' lang='lat' dir='ltr'><strong>Deinde</strong></span> 
     </span>
    </p>
   </div>
   <div class='ocr_carea' id='block_1_83' title="bbox 1863 3777 3424 3855">
    <p class='ocr_par' dir='ltr' id='par_1_83' title="bbox 1863 3777 3424 3855">
     <span class='ocr_line' id='line_1_83' title="bbox 1863 3777 3424 3855; baseline 0.004 -23"><span class='ocrx_word' id='word_1_518' title='bbox 1863 3777 2088 3834; x_wconf 81' lang='lat' dir='ltr'><strong>Menelai</strong></span> <span class='ocrx_word' id='word_1_519' title='bbox 2140 3777 2452 3836; x_wconf 70' lang='lat' dir='ltr'><strong>Judaeorum</strong></span> <span class='ocrx_word' id='word_1_520' title='bbox 2492 3781 2766 3850; x_wconf 89' lang='lat' dir='ltr'><strong>pontiﬁcis</strong></span> <span class='ocrx_word' id='word_1_521' title='bbox 2811 3782 3173 3840; x_wconf 88' lang='lat' dir='ltr'><strong>sacerdotium</strong></span> <span class='ocrx_word' id='word_1_522' title='bbox 3225 3787 3424 3855; x_wconf 88' lang='lat' dir='ltr'><strong>excipit</strong></span> 
     </span>
    </p>
   </div>
   <div class='ocr_carea' id='block_1_84' title="bbox 1861 3871 3420 3948">
    <p class='ocr_par' dir='ltr' id='par_1_84' title="bbox 1861 3871 3420 3948">
     <span class='ocr_line' id='line_1_84' title="bbox 1861 3871 3420 3948; baseline 0.005 -24"><span class='ocrx_word' id='word_1_523' title='bbox 1861 3871 2123 3936; x_wconf 83' lang='lat' dir='ltr'><strong>Alcimus,</strong></span> <span class='ocrx_word' id='word_1_524' title='bbox 2170 3873 2313 3928; x_wconf 90' lang='lat' dir='ltr'><strong>idem</strong></span> <span class='ocrx_word' id='word_1_525' title='bbox 2363 3874 2456 3943; x_wconf 86' lang='lat' dir='ltr'><strong>qui</strong></span> <span class='ocrx_word' id='word_1_526' title='bbox 2496 3873 2797 3938; x_wconf 87' lang='lat' dir='ltr'><strong>Jachimus,</strong></span> <span class='ocrx_word' id='word_1_527' title='bbox 2849 3877 3060 3932; x_wconf 86' lang='lat' dir='ltr'><strong>alienus</strong></span> <span class='ocrx_word' id='word_1_528' title='bbox 3090 3878 3213 3932; x_wconf 91' lang='lat' dir='ltr'><strong>licet</strong></span> <span class='ocrx_word' id='word_1_529' title='bbox 3235 3881 3420 3948; x_wconf 89' lang='lat' dir='ltr'><strong>generi</strong></span> 
     </span>
    </p>
   </div>
   <div class='ocr_carea' id='block_1_85' title="bbox 1859 3963 3418 4040">
    <p class='ocr_par' dir='ltr' id='par_1_85' title="bbox 1859 3963 3418 4040">
     <span class='ocr_line' id='line_1_85' title="bbox 1859 3963 3418 4040; baseline 0.003 -22"><span class='ocrx_word' id='word_1_530' title='bbox 1859 3963 2202 4020; x_wconf 84' lang='lat' dir='ltr'><strong>sacerdotali.</strong></span> <span class='ocrx_word' id='word_1_531' title='bbox 2253 3963 2616 4031; x_wconf 85' lang='lat' dir='ltr'><strong>Quamobrem</strong></span> <span class='ocrx_word' id='word_1_532' title='bbox 2661 3968 2826 4023; x_wconf 91' lang='lat' dir='ltr'><strong>Onias</strong></span> <span class='ocrx_word' id='word_1_533' title='bbox 2863 3968 3142 4023; x_wconf 88' lang='lat' dir='ltr'><strong>sacerdote</strong></span> <span class='ocrx_word' id='word_1_534' title='bbox 3166 3971 3418 4040; x_wconf 88' lang='lat' dir='ltr'><strong>progeni—</strong></span> 
     </span>
    </p>
   </div>
   <div class='ocr_carea' id='block_1_86' title="bbox 1855 4056 3418 4130">
    <p class='ocr_par' dir='ltr' id='par_1_86' title="bbox 1855 4056 3418 4130">
     <span class='ocr_line' id='line_1_86' title="bbox 1855 4056 3418 4130; baseline 0.004 -21"><span class='ocrx_word' id='word_1_535' title='bbox 1855 4064 1944 4110; x_wconf 92' lang='lat' dir='ltr'><strong>tus</strong></span> <span class='ocrx_word' id='word_1_536' title='bbox 1985 4057 2038 4109; x_wconf 93' lang='lat' dir='ltr'><strong>in</strong></span> <span class='ocrx_word' id='word_1_537' title='bbox 2069 4056 2361 4129; x_wconf 68' lang='lat' dir='ltr'><strong>Egyptum</strong></span> <span class='ocrx_word' id='word_1_538' title='bbox 2387 4060 2771 4127; x_wconf 71' lang='lat' dir='ltr'><strong>prolicrscitur,</strong></span> <span class='ocrx_word' id='word_1_539' title='bbox 2808 4061 2990 4130; x_wconf 86' lang='lat' dir='ltr'><strong>ibique</strong></span> <span class='ocrx_word' id='word_1_540' title='bbox 3019 4060 3205 4114; x_wconf 88' lang='lat' dir='ltr'><strong>urbem</strong></span> <span class='ocrx_word' id='word_1_541' title='bbox 3230 4062 3418 4116; x_wconf 87' lang='lat' dir='ltr'><strong>condit</strong></span> 
     </span>
    </p>
   </div>
   <div class='ocr_carea' id='block_1_87' title="bbox 1854 4147 3418 4222">
    <p class='ocr_par' dir='ltr' id='par_1_87' title="bbox 1854 4147 3418 4222">
     <span class='ocr_line' id='line_1_87' title="bbox 1854 4147 3418 4222; baseline 0.006 -23"><span class='ocrx_word' id='word_1_542' title='bbox 1854 4147 2156 4218; x_wconf 81' lang='lat' dir='ltr'><strong>Amopolim</strong></span> <span class='ocrx_word' id='word_1_543' title='bbox 2186 4150 2388 4218; x_wconf 78' lang='lat' dir='ltr'><strong>(63),in</strong></span> <span class='ocrx_word' id='word_1_544' title='bbox 2419 4165 2590 4220; x_wconf 88' lang='lat' dir='ltr'><strong>eaque</strong></span> <span class='ocrx_word' id='word_1_545' title='bbox 2622 4154 2880 4222; x_wconf 90' lang='lat' dir='ltr'><strong>templum</strong></span> <span class='ocrx_word' id='word_1_546' title='bbox 2930 4153 2996 4207; x_wconf 88' lang='lat' dir='ltr'><strong>ad</strong></span> <span class='ocrx_word' id='word_1_547' title='bbox 3032 4152 3203 4206; x_wconf 87' lang='lat' dir='ltr'><strong>instar</strong></span> <span class='ocrx_word' id='word_1_548' title='bbox 3231 4152 3418 4208; x_wconf 81' lang='lat' dir='ltr'><strong>Hiero-</strong></span> 
     </span>
    </p>
   </div>
   <div class='ocr_carea' id='block_1_88' title="bbox 1856 4237 3417 4310">
    <p class='ocr_par' dir='ltr' id='par_1_88' title="bbox 1856 4237 3417 4310">
     <span class='ocr_line' id='line_1_88' title="bbox 1856 4237 3417 4310; baseline 0.004 -19"><span class='ocrx_word' id='word_1_549' title='bbox 1856 4237 2166 4307; x_wconf 89' lang='lat' dir='ltr'><strong>solymitani</strong></span> <span class='ocrx_word' id='word_1_550' title='bbox 2221 4240 2538 4310; x_wconf 81' lang='lat' dir='ltr'><strong>erigendum</strong></span> <span class='ocrx_word' id='word_1_551' title='bbox 2564 4250 2742 4295; x_wconf 90' lang='lat' dir='ltr'><strong>curat.</strong></span> <span class='ocrx_word' id='word_1_552' title='bbox 2781 4243 3024 4298; x_wconf 77' lang='lat' dir='ltr'><strong>Alcimus</strong></span> <span class='ocrx_word' id='word_1_553' title='bbox 3081 4251 3258 4297; x_wconf 87' lang='lat' dir='ltr'><strong>autem</strong></span> <span class='ocrx_word' id='word_1_554' title='bbox 3290 4257 3417 4298; x_wconf 86' lang='lat' dir='ltr'><strong>cum</strong></span> 
     </span>
    </p>
   </div>
   <div class='ocr_carea' id='block_1_89' title="bbox 1852 4326 3412 4404">
    <p class='ocr_par' dir='ltr' id='par_1_89' title="bbox 1852 4326 3412 4404">
     <span class='ocr_line' id='line_1_89' title="bbox 1852 4326 3412 4404; baseline 0.005 -22"><span class='ocrx_word' id='word_1_555' title='bbox 1852 4326 1990 4382; x_wconf 88' lang='lat' dir='ltr'><strong>Juda</strong></span> <span class='ocrx_word' id='word_1_556' title='bbox 2025 4328 2323 4401; x_wconf 79' lang='lat' dir='ltr'><strong>confligens</strong></span> <span class='ocrx_word' id='word_1_557' title='bbox 2372 4333 2522 4387; x_wconf 83' lang='lat' dir='ltr'><strong>brevi</strong></span> <span class='ocrx_word' id='word_1_558' title='bbox 2555 4350 2586 4388; x_wconf 89' lang='lat' dir='ltr'><strong>a</strong></span> <span class='ocrx_word' id='word_1_559' title='bbox 2619 4333 2730 4388; x_wconf 89' lang='lat' dir='ltr'><strong>Deo</strong></span> <span class='ocrx_word' id='word_1_560' title='bbox 2785 4350 3079 4404; x_wconf 89' lang='lat' dir='ltr'><strong>percussus</strong></span> <span class='ocrx_word' id='word_1_561' title='bbox 3142 4336 3412 4390; x_wconf 80' lang='lat' dir='ltr'><strong>interiit’.</strong></span> 
     </span>
    </p>
   </div>
   <div class='ocr_carea' id='block_1_90' title="bbox 1854 4419 3414 4496">
    <p class='ocr_par' dir='ltr' id='par_1_90' title="bbox 1854 4419 3414 4496">
     <span class='ocr_line' id='line_1_90' title="bbox 1854 4419 3414 4496; baseline 0.006 -23"><span class='ocrx_word' id='word_1_562' title='bbox 1854 4419 2018 4489; x_wconf 91' lang='lat' dir='ltr'><strong>Igitur</strong></span> <span class='ocrx_word' id='word_1_563' title='bbox 2041 4424 2316 4477; x_wconf 88' lang='lat' dir='ltr'><strong>communi</strong></span> <span class='ocrx_word' id='word_1_564' title='bbox 2371 4425 2629 4496; x_wconf 81' lang='lat' dir='ltr'><strong>suffragio</strong></span> <span class='ocrx_word' id='word_1_565' title='bbox 2682 4426 3047 4484; x_wconf 87' lang='lat' dir='ltr'><strong>sacerdotium</strong></span> <span class='ocrx_word' id='word_1_566' title='bbox 3102 4429 3167 4482; x_wconf 88' lang='lat' dir='ltr'><strong>ad</strong></span> <span class='ocrx_word' id='word_1_567' title='bbox 3219 4427 3414 4483; x_wconf 85' lang='lat' dir='ltr'><strong>Judam</strong></span> 
     </span>
    </p>
   </div>
   <div class='ocr_carea' id='block_1_91' title="bbox 207 4508 2238 4594">
    <p class='ocr_par' dir='ltr' id='par_1_91' title="bbox 207 4508 2238 4594">
     <span class='ocr_line' id='line_1_91' title="bbox 207 4508 2238 4594; baseline 0.01 -36"><span class='ocrx_word' id='word_1_568' title='bbox 207 4521 498 4576; x_wconf 84' lang='lat' dir='ltr'><strong>rursusque</strong></span> <span class='ocrx_word' id='word_1_569' title='bbox 525 4523 667 4564; x_wconf 91' lang='lat' dir='ltr'><strong>anno</strong></span> <span class='ocrx_word' id='word_1_570' title='bbox 699 4508 972 4567; x_wconf 75' lang='lat' dir='ltr'><strong>Sedechize</strong></span> <span class='ocrx_word' id='word_1_571' title='bbox 1003 4524 1198 4583; x_wconf 88' lang='lat' dir='ltr'><strong>quarto</strong></span> <span class='ocrx_word' id='word_1_572' title='bbox 1225 4517 1504 4575; x_wconf 86' lang='lat' dir='ltr'><strong>Barucbus</strong></span> <span class='ocrx_word' id='word_1_573' title='bbox 1535 4532 1589 4576; x_wconf 91' lang='lat' dir='ltr'><strong>et</strong></span> <span class='ocrx_word' id='word_1_574' title='bbox 1621 4522 1745 4578; x_wconf 89' lang='lat' dir='ltr'><strong>Hie-</strong></span> <span class='ocrx_word' id='word_1_575' title='bbox 1780 4539 1822 4594; x_wconf 80' lang='grc' dir='ltr'>ι)</span> <span class='ocrx_word' id='word_1_576' title='bbox 1855 4514 2108 4567; x_wconf 61' lang='lat' dir='ltr'><strong>conatum</strong></span> <span class='ocrx_word' id='word_1_577' title='bbox 2133 4522 2238 4569; x_wconf 75' lang='grc' dir='ltr'><strong>θειο</strong></span> 
     </span>
    </p>
   </div>
   <div class='ocr_carea' id='block_1_92' title="bbox 207 4597 1748 4674">
    <p class='ocr_par' dir='ltr' id='par_1_92' title="bbox 207 4597 1748 4674">
     <span class='ocr_line' id='line_1_92' title="bbox 207 4597 1748 4674; baseline 0.012 -26"><span class='ocrx_word' id='word_1_578' title='bbox 207 4597 402 4651; x_wconf 84' lang='lat' dir='ltr'><strong>remias</strong></span> <span class='ocrx_word' id='word_1_579' title='bbox 431 4615 442 4650; x_wconf 92' lang='lat'><strong>:</strong></span> <span class='ocrx_word' id='word_1_580' title='bbox 472 4610 662 4656; x_wconf 89' lang='lat' dir='ltr'><strong>octavo</strong></span> <span class='ocrx_word' id='word_1_581' title='bbox 690 4611 867 4658; x_wconf 89' lang='lat' dir='ltr'><strong>autem</strong></span> <span class='ocrx_word' id='word_1_582' title='bbox 919 4606 1246 4674; x_wconf 83' lang='lat' dir='ltr'><strong>captivitatis</strong></span> <span class='ocrx_word' id='word_1_583' title='bbox 1273 4624 1414 4664; x_wconf 89' lang='lat' dir='ltr'><strong>anno</strong></span> <span class='ocrx_word' id='word_1_584' title='bbox 1436 4609 1618 4666; x_wconf 86' lang='lat' dir='ltr'><strong>Daniel</strong></span> <span class='ocrx_word' id='word_1_585' title='bbox 1649 4614 1748 4667; x_wconf 88' lang='lat' dir='ltr'><strong>Ba-</strong></span> 
     </span>
    </p>
   </div>
   <div class='ocr_carea' id='block_1_93' title="bbox 209 4687 1747 4759">
    <p class='ocr_par' dir='ltr' id='par_1_93' title="bbox 209 4687 1747 4759">
     <span class='ocr_line' id='line_1_93' title="bbox 209 4687 1747 4759; baseline 0.011 -17"><span class='ocrx_word' id='word_1_586' title='bbox 209 4687 396 4758; x_wconf 87' lang='lat' dir='ltr'><strong>bylone</strong></span> <span class='ocrx_word' id='word_1_587' title='bbox 425 4697 478 4743; x_wconf 91' lang='lat' dir='ltr'><strong>et</strong></span> <span class='ocrx_word' id='word_1_588' title='bbox 511 4690 794 4748; x_wconf 83' lang='lat' dir='ltr'><strong>Ezechiel:</strong></span> <span class='ocrx_word' id='word_1_589' title='bbox 831 4702 942 4747; x_wconf 92' lang='lat' dir='ltr'><strong>tum</strong></span> <span class='ocrx_word' id='word_1_590' title='bbox 979 4712 1123 4750; x_wconf 91' lang='lat' dir='ltr'><strong>anno</strong></span> <span class='ocrx_word' id='word_1_591' title='bbox 1144 4707 1334 4752; x_wconf 91' lang='lat' dir='ltr'><strong>octavo</strong></span> <span class='ocrx_word' id='word_1_592' title='bbox 1382 4715 1444 4754; x_wconf 90' lang='lat' dir='ltr'><strong>ac</strong></span> <span class='ocrx_word' id='word_1_593' title='bbox 1466 4703 1747 4759; x_wconf 89' lang='lat' dir='ltr'><strong>tricesimo</strong></span> 
     </span>
    </p>
   </div>
   <div class='ocr_carea' id='block_1_94' title="bbox 204 4779 1743 4863">
    <p class='ocr_par' dir='ltr' id='par_1_94' title="bbox 204 4779 1743 4863">
     <span class='ocr_line' id='line_1_94' title="bbox 204 4779 1743 4863; baseline 0.011 -32"><span class='ocrx_word' id='word_1_594' title='bbox 204 4779 429 4849; x_wconf 68' lang='lat' dir='ltr'><strong>Aggazus</strong></span> <span class='ocrx_word' id='word_1_595' title='bbox 468 4789 522 4835; x_wconf 92' lang='lat' dir='ltr'><strong>et</strong></span> <span class='ocrx_word' id='word_1_596' title='bbox 568 4781 898 4839; x_wconf 85' lang='lat' dir='ltr'><strong>Zacharias:</strong></span> <span class='ocrx_word' id='word_1_597' title='bbox 943 4795 1094 4841; x_wconf 89' lang='lat' dir='ltr'><strong>sexto</strong></span> <span class='ocrx_word' id='word_1_598' title='bbox 1133 4787 1366 4859; x_wconf 86' lang='lat' dir='ltr'><strong>denique</strong></span> <span class='ocrx_word' id='word_1_599' title='bbox 1391 4807 1534 4847; x_wconf 87' lang='lat' dir='ltr'><strong>anno</strong></span> <span class='ocrx_word' id='word_1_600' title='bbox 1578 4809 1743 4863; x_wconf 91' lang='lat' dir='ltr'><strong>supra</strong></span> 
     </span>
    </p>
   </div>
   <div class='ocr_carea' id='block_1_95' title="bbox 200 4873 1745 4956">
    <p class='ocr_par' dir='ltr' id='par_1_95' title="bbox 200 4873 1745 4956">
     <span class='ocr_line' id='line_1_95' title="bbox 200 4873 1745 4956; baseline 0.012 -32"><span class='ocrx_word' id='word_1_601' title='bbox 200 4873 588 4942; x_wconf 86' lang='lat' dir='ltr'><strong>sexagesimum</strong></span> <span class='ocrx_word' id='word_1_602' title='bbox 622 4875 781 4929; x_wconf 88' lang='lat' dir='ltr'><strong>iidem</strong></span> <span class='ocrx_word' id='word_1_603' title='bbox 809 4877 1037 4948; x_wconf 65' lang='lat' dir='ltr'><strong>Aggarus</strong></span> <span class='ocrx_word' id='word_1_604' title='bbox 1064 4894 1126 4933; x_wconf 91' lang='lat' dir='ltr'><strong>ac</strong></span> <span class='ocrx_word' id='word_1_605' title='bbox 1153 4880 1465 4947; x_wconf 86' lang='lat' dir='ltr'><strong>Zacharias,</strong></span> <span class='ocrx_word' id='word_1_606' title='bbox 1509 4886 1745 4956; x_wconf 90' lang='lat' dir='ltr'><strong>itemque</strong></span> 
     </span>
    </p>
   </div>
   <div class='ocr_carea' id='block_1_96' title="bbox 203 4955 1746 5034">
    <p class='ocr_par' dir='ltr' id='par_1_96' title="bbox 203 4955 1746 5034">
     <span class='ocr_line' id='line_1_96' title="bbox 203 4955 1746 5034; baseline 0.011 -17"><span class='ocrx_word' id='word_1_607' title='bbox 203 4963 507 5020; x_wconf 72' lang='lat' dir='ltr'><strong>Malachias.</strong></span> <span class='ocrx_word' id='word_1_608' title='bbox 532 4967 648 5020; x_wconf 82' lang='lat' dir='ltr'><strong>Alia</strong></span> <span class='ocrx_word' id='word_1_609' title='bbox 678 4955 921 5023; x_wconf 80' lang='lat' dir='ltr'><strong>historia</strong></span> <span class='ocrx_word' id='word_1_610' title='bbox 959 4973 1124 5026; x_wconf 88' lang='lat' dir='ltr'><strong>tradit</strong></span> <span class='ocrx_word' id='word_1_611' title='bbox 1169 4976 1485 5033; x_wconf 86' lang='lat' dir='ltr'><strong>vaticinatos</strong></span> <span class='ocrx_word' id='word_1_612' title='bbox 1513 4994 1634 5034; x_wconf 86' lang='lat' dir='ltr'><strong>esse</strong></span> <span class='ocrx_word' id='word_1_613' title='bbox 1658 4955 1746 5034; x_wconf 86' lang='lat' dir='ltr'><strong>his</strong></span> 
     </span>
    </p>
   </div>
   <div class='ocr_carea' id='block_1_97' title="bbox 199 5055 1734 5129">
    <p class='ocr_par' dir='ltr' id='par_1_97' title="bbox 199 5055 1734 5129">
     <span class='ocr_line' id='line_1_97' title="bbox 199 5055 1734 5129; baseline 0.011 -22"><span class='ocrx_word' id='word_1_614' title='bbox 199 5055 530 5125; x_wconf 87' lang='lat' dir='ltr'><strong>temporibus</strong></span> <span class='ocrx_word' id='word_1_615' title='bbox 583 5055 908 5123; x_wconf 85' lang='lat' dir='ltr'><strong>Nahumum,</strong></span> <span class='ocrx_word' id='word_1_616' title='bbox 935 5060 1386 5129; x_wconf 80' lang='lat' dir='ltr'><strong>Ambachumum,</strong></span> <span class='ocrx_word' id='word_1_617' title='bbox 1414 5067 1734 5124; x_wconf 83' lang='lat' dir='ltr'><strong>Malachiam</strong></span> 
     </span>
    </p>
   </div>
   <div class='ocr_carea' id='block_1_98' title="bbox 197 5147 673 5217">
    <p class='ocr_par' dir='ltr' id='par_1_98' title="bbox 197 5147 673 5217">
     <span class='ocr_line' id='line_1_98' title="bbox 197 5147 673 5217; baseline 0.013 -17"><span class='ocrx_word' id='word_1_618' title='bbox 197 5159 356 5217; x_wconf 84' lang='lat' dir='ltr'><strong>atque</strong></span> <span class='ocrx_word' id='word_1_619' title='bbox 382 5147 673 5206; x_wconf 86' lang='lat' dir='ltr'><strong>Danielem.</strong></span> 
     </span>
    </p>
   </div>
   <div class='ocr_carea' id='block_1_99' title="bbox 269 5234 1738 5322">
    <p class='ocr_par' dir='ltr' id='par_1_99' title="bbox 269 5234 1738 5322">
     <span class='ocr_line' id='line_1_99' title="bbox 269 5234 1738 5322; baseline 0.012 -33"><span class='ocrx_word' id='word_1_620' title='bbox 269 5234 352 5289; x_wconf 84' lang='grc'><strong>17.</strong></span> <span class='ocrx_word' id='word_1_621' title='bbox 388 5235 623 5296; x_wconf 86' lang='lat' dir='ltr'><strong>lamvero</strong></span> <span class='ocrx_word' id='word_1_622' title='bbox 643 5256 750 5311; x_wconf 92' lang='lat' dir='ltr'><strong>quo</strong></span> <span class='ocrx_word' id='word_1_623' title='bbox 770 5250 926 5311; x_wconf 87' lang='lat' dir='ltr'><strong>pacto</strong></span> <span class='ocrx_word' id='word_1_624' title='bbox 950 5243 1193 5303; x_wconf 86' lang='lat' dir='ltr'><strong>videntes</strong></span> <span class='ocrx_word' id='word_1_625' title='bbox 1213 5255 1267 5303; x_wconf 90' lang='lat' dir='ltr'><strong>et</strong></span> <span class='ocrx_word' id='word_1_626' title='bbox 1297 5249 1574 5319; x_wconf 65' lang='lat' dir='ltr'><strong>prophetae</strong></span> <span class='ocrx_word' id='word_1_627' title='bbox 1597 5253 1738 5322; x_wconf 87' lang='lat' dir='ltr'><strong>apud</strong></span> 
     </span>
    </p>
   </div>
   <div class='ocr_carea' id='block_1_100' title="bbox 195 5335 1736 5413">
    <p class='ocr_par' dir='ltr' id='par_1_100' title="bbox 195 5335 1736 5413">
     <span class='ocr_line' id='line_1_100' title="bbox 195 5335 1736 5413; baseline 0.01 -30"><span class='ocrx_word' id='word_1_628' title='bbox 195 5345 434 5400; x_wconf 82' lang='lat' dir='ltr'><strong>captivos</strong></span> <span class='ocrx_word' id='word_1_629' title='bbox 449 5344 622 5399; x_wconf 87' lang='lat' dir='ltr'><strong>erant,</strong></span> <span class='ocrx_word' id='word_1_630' title='bbox 657 5335 845 5390; x_wconf 89' lang='lat' dir='ltr'><strong>eodem</strong></span> <span class='ocrx_word' id='word_1_631' title='bbox 867 5338 1026 5392; x_wconf 89' lang='lat' dir='ltr'><strong>etiam</strong></span> <span class='ocrx_word' id='word_1_632' title='bbox 1065 5349 1185 5406; x_wconf 93' lang='lat' dir='ltr'><strong>post</strong></span> <span class='ocrx_word' id='word_1_633' title='bbox 1228 5355 1332 5394; x_wconf 76' lang='lat' dir='ltr'><strong>Lxx</strong></span> <span class='ocrx_word' id='word_1_634' title='bbox 1388 5358 1562 5398; x_wconf 84' lang='lat' dir='ltr'><strong>annos</strong></span> <span class='ocrx_word' id='word_1_635' title='bbox 1595 5347 1736 5413; x_wconf 87' lang='lat' dir='ltr'><strong>apud</strong></span> 
     </span>
    </p>
   </div>
   <div class='ocr_carea' id='block_1_101' title="bbox 1926 4649 3412 4722">
    <p class='ocr_par' dir='ltr' id='par_1_101' title="bbox 1926 4649 3412 4722">
     <span class='ocr_line' id='line_1_101' title="bbox 1926 4649 3412 4722; baseline 0.007 -20"><span class='ocrx_word' id='word_1_636' title='bbox 1926 4649 2008 4703; x_wconf 84' lang='lat' dir='ltr'><strong>l9.</strong></span> <span class='ocrx_word' id='word_1_637' title='bbox 2035 4651 2075 4704; x_wconf 90' lang='lat' dir='ltr'><strong>I.</strong></span> <span class='ocrx_word' id='word_1_638' title='bbox 2102 4649 2294 4714; x_wconf 84' lang='lat' dir='ltr'><strong>Judas,</strong></span> <span class='ocrx_word' id='word_1_639' title='bbox 2325 4652 2416 4722; x_wconf 92' lang='lat' dir='ltr'><strong>qui</strong></span> <span class='ocrx_word' id='word_1_640' title='bbox 2460 4660 2514 4707; x_wconf 90' lang='lat' dir='ltr'><strong>et</strong></span> <span class='ocrx_word' id='word_1_641' title='bbox 2543 4651 2936 4715; x_wconf 70' lang='lat' dir='ltr'><strong>Macchabaaus.</strong></span> <span class='ocrx_word' id='word_1_642' title='bbox 2993 4655 3151 4710; x_wconf 89' lang='lat' dir='ltr'><strong>annis</strong></span> <span class='ocrx_word' id='word_1_643' title='bbox 3180 4671 3238 4709; x_wconf 85' lang='grc' dir='ltr'>ιιι</span> <span class='ocrx_word' id='word_1_644' title='bbox 3269 4655 3412 4712; x_wconf 84' lang='lat' dir='ltr'><strong>intra</strong></span> 
     </span>
    </p>
   </div>
   <div class='ocr_carea' id='block_1_102' title="bbox 1849 4741 3407 4816">
    <p class='ocr_par' dir='ltr' id='par_1_102' title="bbox 1849 4741 3407 4816">
     <span class='ocr_line' id='line_1_102' title="bbox 1849 4741 3407 4816; baseline 0.006 -24"><span class='ocrx_word' id='word_1_645' title='bbox 1849 4741 2203 4811; x_wconf 78' lang='lat' dir='ltr'><strong>Olympiadem</strong></span> <span class='ocrx_word' id='word_1_646' title='bbox 2230 4744 2579 4797; x_wconf 90' lang='lat' dir='ltr'><strong>centesimam</strong></span> <span class='ocrx_word' id='word_1_647' title='bbox 2611 4745 3112 4816; x_wconf 87' lang='lat' dir='ltr'><strong>quinquagesimam</strong></span> <span class='ocrx_word' id='word_1_648' title='bbox 3141 4748 3407 4816; x_wconf 85' lang='lat' dir='ltr'><strong>quintam.</strong></span> 
     </span>
    </p>
   </div>
   <div class='ocr_carea' id='block_1_103' title="bbox 1920 4850 3165 4925">
    <p class='ocr_par' dir='ltr' id='par_1_103' title="bbox 1920 4850 3165 4925">
     <span class='ocr_line' id='line_1_103' title="bbox 1920 4850 3165 4925; baseline 0.005 -21"><span class='ocrx_word' id='word_1_649' title='bbox 1920 4851 1984 4906; x_wconf 93' lang='lat' dir='ltr'><strong>ll.</strong></span> <span class='ocrx_word' id='word_1_650' title='bbox 2017 4850 2297 4919; x_wconf 90' lang='lat' dir='ltr'><strong>Jonathas,</strong></span> <span class='ocrx_word' id='word_1_651' title='bbox 2329 4856 2419 4924; x_wconf 92' lang='lat' dir='ltr'><strong>qui</strong></span> <span class='ocrx_word' id='word_1_652' title='bbox 2451 4864 2504 4908; x_wconf 84' lang='lat' dir='ltr'><strong>et</strong></span> <span class='ocrx_word' id='word_1_653' title='bbox 2529 4856 2814 4925; x_wconf 80' lang='lat' dir='ltr'><strong>Aphuthus</strong></span> <span class='ocrx_word' id='word_1_654' title='bbox 2835 4896 2850 4919; x_wconf 90' lang='lat'><strong>,</strong></span> <span class='ocrx_word' id='word_1_655' title='bbox 2875 4857 3032 4911; x_wconf 88' lang='lat' dir='ltr'><strong>annis</strong></span> <span class='ocrx_word' id='word_1_656' title='bbox 3053 4873 3165 4910; x_wconf 71' lang='lat' dir='ltr'><strong>nx.</strong></span> 
     </span>
    </p>
   </div>
   <div class='ocr_carea' id='block_1_104' title="bbox 1924 4940 3054 5015">
    <p class='ocr_par' dir='ltr' id='par_1_104' title="bbox 1924 4940 3054 5015">
     <span class='ocr_line' id='line_1_104' title="bbox 1924 4940 3054 5015; baseline 0.008 -22"><span class='ocrx_word' id='word_1_657' title='bbox 1924 4940 2008 4995; x_wconf 83' lang='grc' dir='ltr'>ιιι.</span> <span class='ocrx_word' id='word_1_658' title='bbox 2038 4943 2246 5008; x_wconf 83' lang='lat' dir='ltr'><strong>Simon,</strong></span> <span class='ocrx_word' id='word_1_659' title='bbox 2271 4947 2366 5015; x_wconf 91' lang='lat' dir='ltr'><strong>qui</strong></span> <span class='ocrx_word' id='word_1_660' title='bbox 2389 4955 2442 5000; x_wconf 91' lang='lat' dir='ltr'><strong>et</strong></span> <span class='ocrx_word' id='word_1_661' title='bbox 2468 4945 2709 5012; x_wconf 85' lang='lat' dir='ltr'><strong>Tarscis,</strong></span> <span class='ocrx_word' id='word_1_662' title='bbox 2747 4949 2906 5002; x_wconf 91' lang='lat' dir='ltr'><strong>annis</strong></span> <span class='ocrx_word' id='word_1_663' title='bbox 2935 4963 3054 5002; x_wconf 82' lang='lat' dir='ltr'><strong>thl.</strong></span> 
     </span>
    </p>
   </div>
   <div class='ocr_carea' id='block_1_105' title="bbox 1920 5031 3200 5106">
    <p class='ocr_par' dir='ltr' id='par_1_105' title="bbox 1920 5031 3200 5106">
     <span class='ocr_line' id='line_1_105' title="bbox 1920 5031 3200 5106; baseline 0.008 -22"><span class='ocrx_word' id='word_1_664' title='bbox 1920 5031 2008 5087; x_wconf 87' lang='lat' dir='ltr'><strong>IV.</strong></span> <span class='ocrx_word' id='word_1_665' title='bbox 2039 5031 2344 5104; x_wconf 88' lang='lat' dir='ltr'><strong>Hyrcanus,</strong></span> <span class='ocrx_word' id='word_1_666' title='bbox 2370 5037 2464 5106; x_wconf 91' lang='lat' dir='ltr'><strong>qui</strong></span> <span class='ocrx_word' id='word_1_667' title='bbox 2494 5045 2546 5091; x_wconf 92' lang='lat' dir='ltr'><strong>et</strong></span> <span class='ocrx_word' id='word_1_668' title='bbox 2572 5036 2833 5102; x_wconf 85' lang='lat' dir='ltr'><strong>Joannes,</strong></span> <span class='ocrx_word' id='word_1_669' title='bbox 2865 5043 3024 5093; x_wconf 91' lang='lat' dir='ltr'><strong>annis</strong></span> <span class='ocrx_word' id='word_1_670' title='bbox 3053 5055 3200 5095; x_wconf 72' lang='lat' dir='ltr'><strong>xxvr.</strong></span> 
     </span>
    </p>
   </div>
   <div class='ocr_carea' id='block_1_106' title="bbox 1919 5143 3409 5209">
    <p class='ocr_par' dir='ltr' id='par_1_106' title="bbox 1919 5143 3409 5209">
     <span class='ocr_line' id='line_1_106' title="bbox 1919 5143 3409 5209; baseline 0.006 -10"><span class='ocrx_word' id='word_1_671' title='bbox 1919 5143 1984 5200; x_wconf 86' lang='lat' dir='ltr'><strong>V.</strong></span> <span class='ocrx_word' id='word_1_672' title='bbox 2024 5147 2362 5204; x_wconf 87' lang='lat' dir='ltr'><strong>Aristabulus</strong></span> <span class='ocrx_word' id='word_1_673' title='bbox 2391 5166 2532 5207; x_wconf 88' lang='lat' dir='ltr'><strong>anno</strong></span> <span class='ocrx_word' id='word_1_674' title='bbox 2560 5169 2594 5205; x_wconf 89' lang='grc' dir='ltr'>ι.</span> <span class='ocrx_word' id='word_1_675' title='bbox 2638 5152 2717 5206; x_wconf 82' lang='lat' dir='ltr'><strong>Ad</strong></span> <span class='ocrx_word' id='word_1_676' title='bbox 2744 5153 3104 5208; x_wconf 87' lang='lat' dir='ltr'><strong>sacerdotium</strong></span> <span class='ocrx_word' id='word_1_677' title='bbox 3125 5155 3409 5209; x_wconf 82' lang='lat' dir='ltr'><strong>Aristabu-</strong></span> 
     </span>
    </p>
   </div>
   <div class='ocr_carea' id='block_1_107' title="bbox 1845 5231 2666 5312">
    <p class='ocr_par' dir='ltr' id='par_1_107' title="bbox 1845 5231 2666 5312">
     <span class='ocr_line' id='line_1_107' title="bbox 1845 5231 2666 5312; baseline 0.012 -25"><span class='ocrx_word' id='word_1_678' title='bbox 1845 5231 1933 5290; x_wconf 90' lang='lat' dir='ltr'><strong>lus</strong></span> <span class='ocrx_word' id='word_1_679' title='bbox 1961 5237 2206 5294; x_wconf 87' lang='lat' dir='ltr'><strong>diadema</strong></span> <span class='ocrx_word' id='word_1_680' title='bbox 2229 5243 2433 5312; x_wconf 87' lang='lat' dir='ltr'><strong>regium</strong></span> <span class='ocrx_word' id='word_1_681' title='bbox 2451 5243 2666 5312; x_wconf 88' lang='lat' dir='ltr'><strong>adjecit.</strong></span> 
     </span>
    </p>
   </div>
   <div class='ocr_carea' id='block_1_108' title="bbox 1917 5347 3402 5430">
    <p class='ocr_par' dir='ltr' id='par_1_108' title="bbox 1917 5347 3402 5430">
     <span class='ocr_line' id='line_1_108' title="bbox 1917 5347 3402 5430; baseline 0.011 -30"><span class='ocrx_word' id='word_1_682' title='bbox 1917 5347 1999 5401; x_wconf 83' lang='lat' dir='ltr'><strong>Vl.</strong></span> <span class='ocrx_word' id='word_1_683' title='bbox 2025 5349 2298 5418; x_wconf 69' lang='lat' dir='ltr'><strong>Jannzeus,</strong></span> <span class='ocrx_word' id='word_1_684' title='bbox 2337 5355 2500 5424; x_wconf 90' lang='lat' dir='ltr'><strong>quiet</strong></span> <span class='ocrx_word' id='word_1_685' title='bbox 2526 5357 2860 5420; x_wconf 76' lang='lat' dir='ltr'><strong>Alexander,</strong></span> <span class='ocrx_word' id='word_1_686' title='bbox 2893 5358 3052 5413; x_wconf 86' lang='lat' dir='ltr'><strong>annis</strong></span> <span class='ocrx_word' id='word_1_687' title='bbox 3080 5375 3228 5414; x_wconf 86' lang='lat' dir='ltr'><strong>xxvn</strong></span> <span class='ocrx_word' id='word_1_688' title='bbox 3271 5360 3402 5430; x_wconf 64' lang='lat'><strong>(64}.</strong></span> 
     </span>
    </p>
   </div>
   <div class='ocr_carea' id='block_1_109' title="bbox 264 5481 1767 5573">
    <p class='ocr_par' dir='ltr' id='par_1_109' title="bbox 264 5481 1767 5562">
     <span class='ocr_line' id='line_1_109' title="bbox 264 5481 1767 5562; baseline 0.009 -23"><span class='ocrx_word' id='word_1_689' title='bbox 264 5483 288 5516; x_wconf 80' lang='grc'><strong>⁸</strong></span> <span class='ocrx_word' id='word_1_690' title='bbox 321 5481 454 5543; x_wconf 87' lang='lat' dir='ltr'><strong>Gen.</strong></span> <span class='ocrx_word' id='word_1_691' title='bbox 495 5503 642 5543; x_wconf 76' lang='lat' dir='ltr'><strong>XLIX.</strong></span> <span class='ocrx_word' id='word_1_692' title='bbox 681 5489 768 5544; x_wconf 83' lang='lat' dir='ltr'><strong>Io.</strong></span> <span class='ocrx_word' id='word_1_693' title='bbox 841 5492 861 5520; x_wconf 88' lang='lat'><strong><em>&quot;</em></strong></span> <span class='ocrx_word' id='word_1_694' title='bbox 892 5489 936 5544; x_wconf 90' lang='lat' dir='ltr'><strong>ll</strong></span> <span class='ocrx_word' id='word_1_695' title='bbox 970 5491 1209 5548; x_wconf 86' lang='lat' dir='ltr'><strong>Machab.</strong></span> <span class='ocrx_word' id='word_1_696' title='bbox 1244 5513 1318 5562; x_wconf 74' lang='grc' dir='ltr'><strong>γι,</strong></span> <span class='ocrx_word' id='word_1_697' title='bbox 1359 5498 1412 5551; x_wconf 75' lang='lat'><strong>2.</strong></span> <span class='ocrx_word' id='word_1_698' title='bbox 1487 5501 1508 5531; x_wconf 77' lang='grc'><strong>⁸</strong></span> <span class='ocrx_word' id='word_1_699' title='bbox 1545 5497 1583 5552; x_wconf 93' lang='lat' dir='ltr'><strong>ll</strong></span> <span class='ocrx_word' id='word_1_700' title='bbox 1618 5498 1767 5555; x_wconf 79' lang='lat' dir='ltr'><strong>Macl:</strong></span> 
     </span>
    </p>
   </div>
   <div class='ocr_carea' id='block_1_110' title="bbox 1879 5481 2227 5573">
    <p class='ocr_par' dir='ltr' id='par_1_110' title="bbox 1907 5505 2227 5573">
     <span class='ocr_line' id='line_1_110' title="bbox 1907 5505 2227 5573; baseline 0.019 -16"><span class='ocrx_word' id='word_1_701' title='bbox 1907 5521 1982 5569; x_wconf 82' lang='lat' dir='ltr'><strong>Ix,</strong></span> <span class='ocrx_word' id='word_1_702' title='bbox 2024 5505 2109 5573; x_wconf 74' lang='lat'><strong>55,</strong></span> <span class='ocrx_word' id='word_1_703' title='bbox 2139 5508 2227 5563; x_wconf 82' lang='grc'><strong>56.</strong></span> 
     </span>
    </p>
   </div>
   <div class='ocr_carea' id='block_1_111' title="bbox 288 5621 1032 5685">
    <p class='ocr_par' dir='ltr' id='par_1_111' title="bbox 288 5621 1032 5685">
     <span class='ocr_line' id='line_1_111' title="bbox 288 5621 1032 5685; baseline 0.005 -9"><span class='ocrx_word' id='word_1_704' title='bbox 288 5621 377 5685; x_wconf 86' lang='grc'>60)</span> <span class='ocrx_word' id='word_1_705' title='bbox 407 5621 483 5675; x_wconf 91' lang='lat' dir='ltr'><strong>Ita</strong></span> <span class='ocrx_word' id='word_1_706' title='bbox 505 5623 717 5679; x_wconf 87' lang='lat' dir='ltr'><strong>codices</strong></span> <span class='ocrx_word' id='word_1_707' title='bbox 748 5625 1032 5683; x_wconf 91' lang='lat' dir='ltr'><strong>Samuelis.</strong></span> 
     </span>
    </p>
   </div>
   <div class='ocr_carea' id='block_1_112' title="bbox 288 5691 1307 5759">
    <p class='ocr_par' dir='ltr' id='par_1_112' title="bbox 288 5691 1307 5759">
     <span class='ocr_line' id='line_1_112' title="bbox 288 5691 1307 5759; baseline 0.011 -13"><span class='ocrx_word' id='word_1_708' title='bbox 288 5693 372 5759; x_wconf 88' lang='lat' dir='ltr'><strong>6t)</strong></span> <span class='ocrx_word' id='word_1_709' title='bbox 396 5691 592 5747; x_wconf 82' lang='lat' dir='ltr'><strong>Confer</strong></span> <span class='ocrx_word' id='word_1_710' title='bbox 618 5693 904 5750; x_wconf 84' lang='lat' dir='ltr'><strong>Eusebium</strong></span> <span class='ocrx_word' id='word_1_711' title='bbox 927 5698 995 5751; x_wconf 85' lang='lat' dir='ltr'><strong>ad</strong></span> <span class='ocrx_word' id='word_1_712' title='bbox 1030 5717 1119 5755; x_wconf 85' lang='lat' dir='ltr'><strong>an.</strong></span> <span class='ocrx_word' id='word_1_713' title='bbox 1153 5701 1307 5757; x_wconf 74' lang='lat'><strong>1558.</strong></span> 
     </span>
    </p>
   </div>
   <div class='ocr_carea' id='block_1_113' title="bbox 268 5760 863 5832">
    <p class='ocr_par' dir='ltr' id='par_1_113' title="bbox 268 5760 863 5832">
     <span class='ocr_line' id='line_1_113' title="bbox 268 5760 863 5832; baseline 0.005 -16"><span class='ocrx_word' id='word_1_714' title='bbox 268 5761 379 5832; x_wconf 71' lang='lat'><strong>(62)</strong></span> <span class='ocrx_word' id='word_1_715' title='bbox 407 5760 572 5816; x_wconf 84' lang='lat' dir='ltr'><strong>Codd.</strong></span> <span class='ocrx_word' id='word_1_716' title='bbox 586 5803 599 5827; x_wconf 89' lang='lat'><strong>,</strong></span> <span class='ocrx_word' id='word_1_717' title='bbox 629 5764 863 5819; x_wconf 75' lang='lat' dir='ltr'><strong>Samrin.</strong></span> 
     </span>
    </p>
   </div>
   <div class='ocr_carea' id='block_1_114' title="bbox 1914 5613 3131 5724">
    <p class='ocr_par' dir='ltr' id='par_1_114' title="bbox 1914 5613 3131 5724">
     <span class='ocr_line' id='line_1_114' title="bbox 1914 5613 3131 5724; baseline 0.013 -30"><span class='ocrx_word' id='word_1_718' title='bbox 2051 5642 2337 5724; x_wconf 59' lang='lat' dir='ltr'><strong>Eusebius,</strong></span> <span class='ocrx_word' id='word_1_719' title='bbox 2368 5647 2432 5699; x_wconf 86' lang='lat' dir='ltr'><strong>ad</strong></span> <span class='ocrx_word' id='word_1_720' title='bbox 2457 5663 2656 5704; x_wconf 88' lang='lat' dir='ltr'><strong>annum</strong></span> <span class='ocrx_word' id='word_1_721' title='bbox 2685 5651 2838 5715; x_wconf 76' lang='grc'>1856,</span> <span class='ocrx_word' id='word_1_722' title='bbox 2875 5649 3131 5724; x_wconf 76' lang='grc' dir='ltr'><strong>ΟιιιιρΙιὶε.</strong></span> 
     </span>
    </p>
   </div>
   <div class='ocr_carea' id='block_1_115' title="bbox 1914 5711 2558 5800">
    <p class='ocr_par' dir='ltr' id='par_1_115' title="bbox 1914 5711 2558 5800">
     <span class='ocr_line' id='line_1_115' title="bbox 1914 5711 2558 5800; baseline 0.012 -36"><span class='ocrx_word' id='word_1_723' title='bbox 1914 5711 2134 5799; x_wconf 26' lang='grc' dir='ltr'><strong>(61).ΑΙ.</strong></span> <span class='ocrx_word' id='word_1_724' title='bbox 2171 5718 2315 5800; x_wconf 83' lang='lat' dir='ltr'><strong>cod.,</strong></span> <span class='ocrx_word' id='word_1_725' title='bbox 2355 5733 2558 5773; x_wconf 68' lang='lat' dir='ltr'><strong>xxxvii.</strong></span> 
     </span>
    </p>
   </div>
  </div>
