3940 6208
540 351 646 407 625

1581 346 1921 403 APPENDIX
1958 345 2048 401 AD
2086 345 2354 404 EUSEBII
2394 344 2805 405 CHRONICON.

609 466 723 521 VII.
758 464 1066 520 Alexandra
1106 478 1244 518 uxor
1298 463 1591 519 Alexandri
1642 464 1799 520 annis
1858 478 1933 519 Ix.
1989 465 2114 521 Haec
2141 471 2190 529 Α
2288 465 2375 521 lV.
2417 465 2631 528 Zames,
2659 468 2751 537 qui
2776 472 2829 521 et
2860 463 3089 528 Ninuas,
3120 462 3278 518 annis
3310 476 3481 518 xxxn.

531 556 850 613 Alexandra
876 554 1061 609 Salina
1088 560 1278 608 vocata
1319 560 1422 609 est.

605 646 742 703 VIII.
771 646 1059 719 Hyrcanus
1083 647 1242 700 annis
1270 662 1438 700 xxxiv
1473 645 1607 718 (65).

604 741 696 796 20.
726 740 861 795 Cum
892 739 1237 794 Aristabulus
1280 747 1334 793 et
1376 737 1661 809 Hyrcanus
1690 739 1987 795 Alexandri
2017 739 2113 794 ﬁlii

540 835 683 889 inter
713 847 773 887 se
805 837 1212 894 concertarent,
1237 829 1528 901 Pompeius
1552 830 1830 887 Romanus
1850 848 2111 903 superve-

538 925 1081 982 niensAristabulum
1106 923 1357 978 vinctum
1377 939 1561 978 secum
1589 924 1834 991 abduxit,
1863 924 2113 997 Ilyrcano

540 1027 719 1073 autem
757 1017 1137 1088 pontificatum
1165 1015 1533 1078 conﬁrmavit,
1566 1016 1657 1087 qui
1694 1017 1914 1087 quidem
1952 1016 2112 1073 annis

539 1122 772 1182 quatuor
807 1110 1140 1180 trigintaque
1163 1117 1286 1179 post
1318 1123 1349 1161 a
1385 1108 1603 1164 Parthis
1647 1118 1842 1179 captus
1867 1116 1972 1166 est.
2023 1104 2114 1163 Sic

537 1202 844 1258 Iudaeorum
900 1218 1123 1271 regnum
1147 1203 1405 1272 unctique
1463 1200 1721 1270 praesides
1770 1201 2113 1277 desiverunt,

540 1298 618 1351 uti
656 1294 841 1350 Daniel
884 1294 1201 1365 praedixerat
1229 1309 1242 1345 :
1290 1302 1581 1348 unctorum
1606 1300 1788 1347 autem
1814 1293 2114 1364 praesidum

539 1389 760 1444 nomine
786 1387 1071 1458 pontifices
1092 1388 1493 1457 intelliguntur,
1528 1387 1621 1457 qui
1660 1394 1787 1456 post
1825 1386 2061 1442 reditum
2083 1399 2113 1439 a

538 1481 857 1552 captivitate
881 1481 1087 1552 populo
1116 1479 1451 1549 praefuerunt
1481 1499 1493 1533 :
1530 1479 1735 1549 quique
1760 1477 1873 1534 orsi
1903 1492 1933 1530 a
1957 1490 2115 1533 sexa-

539 1577 740 1643 gesima
764 1573 953 1642 quinta
982 1572 1288 1644 olympiade
1323 1572 1428 1627 sub
1457 1571 1642 1635 Dario,
1677 1570 1984 1642 Olympiade
2016 1569 2112 1624 de-

540 1681 685 1719 mum
712 1666 1008 1721 centesima
1035 1666 1364 1735 octogesima
1406 1672 1558 1721 sexta
1620 1665 1779 1719 ﬁnem
1824 1661 2110 1720 fecerunt:

540 1754 684 1823 quod
717 1756 977 1825 temporis
1016 1757 1357 1811 intervallum
1391 1755 1576 1811 Daniel
1609 1756 1872 1827 propheta
1897 1762 2117 1825 septua-

2284 558 2348 613 ν.
2389 559 2552 613 Arius
2580 559 2740 615 annis
2766 575 2892 612 xxx.

2284 648 2373 705 Vl.
2414 649 2633 704 Aralius
2660 653 2817 703 annis
2846 664 2933 702 ιι..

2284 737 2395 794 VII.
2435 738 2663 801 Xerxes,
2698 740 2791 809 qui
2818 746 2872 794 et
2901 739 3117 799 Baleus.
3149 738 3308 793 annis
3336 755 3463 793 xxx.

2282 831 2415 885 VIII.
2457 832 2839 887 Armamithris
2868 833 3030 888 annis
3061 847 3289 888 xxxvm.

2283 924 2374 979 IX.
2415 924 2680 979 Belocbus
2702 926 2859 980 annis
2889 941 3053 983 xxxv.

2283 1014 2351 1070 X.
2393 1014 2585 1069 Baleus
2614 1016 2771 1071 annis
2797 1032 2866 1070 xv
2891 1016 3025 1087 (69).

2284 1106 2375 1161 XI.
2416 1106 2640 1163 Altadas
2666 1108 2823 1162 annis
2846 1125 3017 1162 xxxn.

2283 1196 2397 1252 XII.
2440 1197 2700 1254 Mamelus
2728 1200 2885 1255 annis
2918 1216 3044 1254 xxx.
3072 1200 3229 1254 Anno
3257 1199 3424 1270 hujus
3460 1207 3663 1270 quarto
3687 1196 3774 1255 de-

2216 1292 2358 1347 cimo
2388 1290 2659 1362 Iosephus
2688 1292 2840 1347 obiit.

2287 1382 2426 1438 XIII.
2466 1383 2732 1455 Mamylus
2762 1383 2898 1437 alter
2925 1382 3085 1439 annis
3114 1398 3241 1438 xxx.

2286 1472 2424 1527 XIV.
2468 1473 2781 1543 Sparsetlius
2811 1474 2970 1529 annis
3001 1489 3088 1528 ιι..

2286 1566 2401 1622 XV.
2444 1566 2788 1623 Mancltaleus
2819 1567 2978 1622 annis
3010 1582 3135 1620 xxx.

2285 1657 2426 1715 XVI.
2490 1657 2746 1729 Sphmrus
2806 1658 2965 1723 annis
3028 1674 3119 1712 xx.
3189 1656 3361 1727 IIujus
3417 1672 3569 1712 anno
3627 1658 3773 1712 tertio

2216 1750 2453 1822 Cecrops
2484 1750 2713 1807 Athenis
2743 1751 2952 1822 primus
2985 1752 3248 1822 regnavit.

539 1850 688 1919 ginta
717 1850 1112 1904 hebdomadum
1164 1851 1324 1906 titulo
1357 1850 1793 1905 adumbraverat.
1840 1851 2100 1921 Equidem
2135 1829 2175 1883 Β
2271 1842 2436 1898 XVII.
2476 1843 2713 1899 Ascades
2741 1843 2853 1913 (70)
2885 1844 3042 1899 annis
3066 1860 3152 1899 ιι..
3180 1842 3352 1913 Hujus
3391 1852 3590 1899 octavo
3641 1856 3772 1896 anno

538 1949 662 2009 post
687 1938 997 2011 llyrcanum
1027 1956 1187 1996 nemo
1214 1940 1315 1996 fuit
1342 1956 1372 1996 e
1392 1958 1590 2013 genere
1625 1940 1970 2004 sacerdotali,
2006 1940 2102 1996 sed

540 2026 733 2096 ignota:
765 2028 951 2098 stirpis
977 2029 1238 2084 menstrui
1263 2028 1481 2100 quidam
1509 2032 1591 2085 vel
1618 2029 1782 2084 annui
1818 2030 2099 2100 praesides.

538 2115 676 2171 Tum
704 2118 939 2188 denique
963 2118 1202 2176 Ilerodes
1223 2122 1526 2193 alienigena
1575 2138 1803 2193 regnum
1842 2122 2098 2187 obtinuit,

538 2209 696 2276 cujus
719 2209 994 2263 tricesimo
1027 2212 1265 2266 secundo
1300 2227 1442 2268 anno
1480 2213 1742 2270 Dominus
1786 2213 1985 2272 Noster
2005 2214 2099 2271 Je-

539 2314 634 2353 sus
656 2297 912 2356 Christus
948 2311 1107 2356 natus
1138 2311 1241 2358 est.

1144 2435 1372 2491 CAPUT
1398 2437 1487 2495 Vl.

976 2546 1033 2600 ιϐ
1037 2548 1179 2601 hami
1209 2554 1455 2620 prosapia
1500 2552 1638 2624 (66).

615 2660 659 2713 I.
698 2657 973 2715 Hactenus
1003 2677 1102 2719 nos
1136 2678 1234 2733 pro
1258 2673 1513 2736 suscepto
1541 2669 1822 2738 proposito
1852 2679 2097 2740 posteros

535 2746 682 2804 Semi
708 2750 776 2803 ad
804 2752 1096 2808 adventum
1129 2772 1301 2827 usque
1340 2757 1543 2814 Christi
1594 2759 1792 2817 divinis
1833 2762 2100 2819 Iibrisin-

535 2842 646 2896 nixi
674 2842 1021 2913 digessimus.
1054 2846 1209 2903 Nunc
1245 2850 1311 2903 ad
1348 2850 1613 2906 Chamum
1663 2868 1783 2924 quae
1826 2856 2100 2924 pertinent

534 2932 818 2987 scribenda
875 2944 1037 3002 sum;
1083 2938 1227 2992 haud
1280 2955 1440 3007 sane,
1489 2941 1742 3008 utSemi,
1798 2944 2098 3002 liberorum

534 3024 843 3090 successio,
878 3028 973 3081 sed
1005 3043 1267 3084 annorum
1310 3048 1602 3102 numerus,
1632 3051 1821 3107 regum
1853 3038 2094 3105 nomina,

533 3122 916 3186 tum'qumnam
950 3129 1137 3191 gentes
1178 3126 1421 3193 potentia
1465 3135 1637 3182 aucta:
1674 3130 1970 3186 alterutras
2005 3130 2098 3187 de-

531 3207 802 3275 vicerunt,
837 3225 1007 3280 usque
1031 3212 1096 3266 ad
1123 3213 1413 3269 humanam
1464 3215 1777 3275 Servatoris
1820 3228 2092 3274 naturam.

532 3293 610 3351 Ex
636 3300 884 3369 eoigitur
915 3301 1054 3365 loco,
1098 3304 1151 3358 in
1207 3321 1316 3375 quo
1368 3322 1547 3363 sermo
1595 3319 1782 3365 noster
1830 3312 2095 3377 substitit,

532 3402 654 3441 cum
689 3390 878 3445 Chami
920 3396 1340 3463 procreationes,
1360 3410 1521 3469 prout
1551 3416 1646 3456 eas
1678 3416 1850 3458 sacra:
1880 3402 2098 3461 Littera

530 3480 843 3548 tradebant,
872 3484 1297 3557 descripsimus;
1336 3492 1552 3560 exinde,
1578 3492 1823 3565 inquam,
1853 3496 2098 3552 ordiattr

533 3575 771 3628 narratio
793 3591 822 3629 c
854 3587 1015 3633 certa:
1045 3580 1166 3635 Iidei
1202 3582 1361 3639 libris
1417 3584 1633 3653 hausta,
1678 3605 1871 3661 nempe
1898 3606 2095 3646 secun-

530 3663 658 3718 dum
711 3670 1052 3726 narrationes
1103 3673 1487 3731 chronicorum
1549 3679 1769 3737 Eusebii
1816 3698 2095 3739 canonum

522 3754 891 3827 .liistoricique
944 3760 1326 3822 Armeniorum
1352 3769 1518 3827 Mosis
1538 3772 1928 3843 Chorenensis;
1960 3793 2097 3847 quo-

520 3861 650 3901 xum
695 3850 914 3919 quidem
963 3864 1273 3924 postremus
1329 3862 1409 3917 sic
1466 3864 1541 3917 ait
1574 3864 1724 3936 (67):
1770 3866 1887 3924 «De
1944 3868 2091 3934 Belo,

528 3941 688 4008 cujus
710 3950 868 3999 anate
882 3947 1148 4004 maximus
1172 3960 1359 4007 noster
1387 3958 1699 4026 progenitor
1721 3958 1854 4012 vixit
1871 3958 2090 4025 Haicus,

530 4033 684 4124 inulti
713 4036 879 4091 multa
916 4040 1174 4110 variaque
1189 4044 1561 4117 tradiderunt;
1597 4065 1696 4121 ego
1727 4060 1905 4109 autem
1931 4070 2092 4124 quem

529 4122 825 4179 Saturnum
874 4143 1187 4202 nuncupant
1240 4146 1401 4208 atque
1460 4140 1645 4197 Belum
1677 4185 1691 4209 ,
1758 4122 2093 4202 Nebrothum

530 4214 698 4272 fuisse
726 4218 810 4272 aio
840 4235 851 4269 :
885 4237 989 4289 qua
1021 4240 1183 4293 super
1204 4244 1261 4283 re
1290 4228 1531 4301 Egyptii
1559 4250 1681 4289 cum
1707 4236 1853 4293 Mose
1872 4240 2092 4310 conspi-

530 4314 670 4399 rant,
690 4322 1076 4379 percensentes
1114 4316 1438 4388 Vulcanum,
1466 4324 1644 4380 Solem
1677 4343 1739 4381 ac
1769 4327 2089 4399 Saturnum,

526 4398 617 4469 qui
667 4408 795 4454 sunt
842 4404 1101 4470 Chamns,
1156 4407 1334 4466 Cusus
1397 4428 1461 4468 ac
1512 4414 1843 4485 Nebrothus,
1885 4424 2090 4481 omisso

2205 1934 2382 1991 Moses
2422 1935 2535 2005 jam
2573 1935 2957 2006 octogenarius
2991 1935 3248 2004 populum
3287 1950 3354 1989 ex
3388 1932 3632 2004 Egypto
3654 1932 3771 1988 sub-

2203 2027 2376 2083 duxit.

2272 2120 2459 2177 XVIII.
2500 2121 2762 2193 Amyntas
2791 2120 2950 2176 annis
2984 2135 3107 2174 va.

2270 2209 2414 2266 XIX.
2455 2210 2720 2266 Belechus
2749 2208 2861 2281 (71)
2893 2209 3053 2264 annis
3085 2224 3211 2263 xxv.

2272 2301 2390 2357 XX.
2432 2302 2721 2374 Balepares
2746 2302 2905 2356 annis
2940 2317 3068 2355 xxx.

2275 2394 2415 2448 XXI.
2456 2394 2777 2466 Lamprides
2807 2394 2966 2449 annis
2996 2410 3171 2448 xxxii.

2272 2487 2434 2542 XXII.
2475 2488 2727 2560 Pannyas
2754 2489 2913 2543 annis
2943 2504 3071 2543 va.

2271 2578 2459 2635 XXIII.
2501 2579 2789 2636 Sosarmus
2827 2580 2985 2637 annis
3022 2595 3137 2635 ιιι.

2268 2670 2458 2728 XXIV.
2500 2672 2730 2728 Zosares
2762 2672 2923 2729 annis
2956 2689 3050 2726 xx.

2262 2764 2435 2819 XXV.
2470 2765 2795 2836 Lamprides
2828 2767 2990 2820 annis
3026 2781 3154 2820 xxx.

2266 2857 2457 2914 XXVI.
2501 2858 2776 2912 Mithrmus
2811 2858 2972 2912 annis
3001 2874 3170 2911 xxvu.

2267 2948 2480 3005 XXVII.
2529 2949 2803 3003 Taulanes
2832 2949 2991 3003 annis
3019 2964 3167 3002 xxxi.
3206 2948 3367 3001 Anno
3402 2945 3675 3001 'I‘autanis
3696 2942 3773 3001 vi-

2200 3046 2403 3099 cesimo
2431 3043 2622 3113 quinto
2655 3042 2788 3097 urbs
2811 3040 2973 3096 Ilium
3002 3048 3159 3111 capta
3193 3048 3298 3096 est.

2268 3134 2506 3189 XXVIII.
2548 3132 2799 3189 Teutaaus
2822 3133 2982 3187 annis
3010 3148 3097 3187 xu.

2268 3223 2456 3279 XXIX.
2497 3223 2770 3280 Othencus
2795 3224 2955 3280 annis
2979 3239 3105 3278 xxx.

2270 3315 2437 3373 XXX.
2484 3315 2766 3389 Dercyllus
2798 3318 2958 3373 annis
2996 3333 3085 3372 η.

2265 3412 2458 3467 XXXI.
2494 3411 2745 3483 Eupalles
2792 3413 2949 3467 annis
2991 3426 3222 3467 xxxvtn.
3252 3410 3469 3467 Tertius
3514 3409 3778 3464 tetrico-

2196 3506 2370 3563 simus
2410 3506 2573 3575 hujus
2610 3521 2785 3560 annus
2825 3505 3016 3559 incidit
3062 3505 3116 3559 in
3167 3514 3420 3576 quartum
3456 3501 3777 3558 Solomonis

2198 3613 2400 3653 annum
2432 3606 2594 3669 atque
2621 3599 2675 3652 in
2708 3597 2894 3668 templi
2918 3596 3218 3667 opificium.

2266 3690 2478 3744 XXXII.
2520 3690 2886 3745 Lavosthencs
2937 3688 3097 3744 annis
3156 3704 3279 3743 xtv.
3340 3687 3490 3744 Gens
3539 3686 3777 3742 Iudaica

2196 3781 2441 3836 bifariam
2472 3782 2749 3837 dividitur.

2266 3873 2497 3928 XXXIII.
2538 3873 2814 3945 Pertiages
2845 3874 2958 3946 (72)
2990 3874 3146 3930 annis
3168 3890 3296 3929 xxx.

2264 3966 2504 4025 XXXIV.
2542 3967 2806 4038 Ophrates
2830 3969 2988 4024 annis
3017 3984 3110 4024 xx.

2262 4060 2475 4116 XXXV.
2513 4060 2850 4133 Ophratanes
2875 4063 3035 4119 annis
3061 4078 3113 4117 ι..

2265 4152 2501 4207 XXXVI.
2545 4154 2836 4224 Aerapales
2867 4154 3026 4209 annis
3059 4169 3192 4208 xw.

2261 4245 2521 4301 XXXVII.
2564 4246 3201 4313 Thounus‘ConcoIerus,
3225 4245 3408 4302 Graece
3427 4242 3770 4303 dictus‘Sat-

2191 4338 2527 4408 danapallus,
2560 4337 2715 4391 armis
2742 4354 2831 4391 xx.

2261 4427 2316 4481 3.
2358 4426 2781 4497 Sardanapallus
2811 4427 2900 4482 hic
2932 4428 3242 4483 tricesimus
3272 4434 3537 4497 septimus
3572 4444 3608 4483 a
3640 4428 3767 4485 Belo

528 4490 838 4588 hlcstrainio
864 4512 877 4546 :
914 4497 1148 4567 primum
1178 4506 1321 4556 enim
1373 4507 1517 4575 apud
1546 4524 1604 4564 se
1636 4511 1909 4569 hominem
1934 4515 2089 4571 aiunt
2123 4515 2163 4568 D
2195 4516 2313 4580 fuit,
2338 4490 2631 4587 regumque
2662 4517 3006 4588 Assyriorum
3035 4490 3361 4588 postremus.
3403 4516 3554 4573 Idem
3614 4520 3772 4574 vola.

528 4584 545 4633 ῐ
551 4583 697 4639 uisse
727 4584 1052 4644 Vulcanum.
1080 4611 1099 4642 ι

591 4673 645 4730 2.
686 4676 827 4749 Ergo
858 4697 922 4735 ex
958 4681 1061 4736 hoc
1082 4684 1218 4755 _ipso
1244 4689 1377 4743 Belo
1422 4700 1606 4747 noster
1640 4694 1794 4751 hicce
1824 4705 2091 4757 tractatus

524 4768 859 4827 inclinandus
888 4781 992 4831 est.

591 4858 633 4917 I.
668 4860 827 4917 Belus
858 4868 1128 4925 universis
1152 4871 1294 4928 Asiae
1330 4875 1641 4944 provinciis,
1679 4890 1872 4949 praeter
1904 4882 2082 4951 Indos,

518 4952 831 5010 dominatur
858 4963 1014 5017 annis
1036 4979 1145 5018 an
1177 4967 1315 5036 (68).

590 5042 661 5141 ιι.
694 5045 865 5141 Ninus
895 5051 1020 5107 item
1054 5066 1175 5124 post
1213 5058 1398 5115 Belum
1438 5063 1597 5120 annis
1631 5082 1727 5121 LII.
1765 5067 1888 5124 Nini
1917 5070 2085 5141 hujus

520 5136 936 5208 quadragesimo
985 5154 1179 5212 quarto
1236 5164 1380 5205 anno
1426 5154 1764 5214 Abraltamus
1819 5176 1851 5215 a
1906 5136 2085 5217 Thara

517 5228 732 5296 genitus
762 5238 865 5287 est.

587 5316 671 5376 IlI.
715 5322 1034 5385 Samiramis
1067 5329 1189 5387 Nini
1213 5335 1412 5406 conjux
1442 5340 1598 5395 annis
1635 5357 1764 5399 xui.

588 5479 697 5555 (63)
731 5486 814 5540 Al.
848 5490 996 5555 cod.,
1030 5508 1213 5547 xxxw.

608 5554 696 5625 66)
724 5557 875 5613 Hune
897 5554 1112 5616 titulum
1140 5564 1342 5621 habent
1363 5568 1600 5625 codices.

607 5622 696 5693 67)
733 5627 898 5694 Hist,
927 5649 962 5689 ι.
988 5632 1042 5688 6.

739 5700 898 5785 1mg"
934 5705 1006 5785 De
1026 5710 1122 5763 σίυ·
1157 5708 1266 5779 θτί,
1294 5730 1403 5783 XVI,
1436 5717 1713 5785 l7,scr3hlt
1743 5734 1863 5774 va.

604 5768 693 5833 69)
733 5768 998 5837 Λιδςοίιη
1040 5791 1137 5831 LII.

2192 4610 2379 4680 ptaria:
2409 4610 2645 4663 mollitia:
2674 4610 3007 4679 luxuriaeque
3030 4610 3209 4666 studio
3255 4618 3483 4667 cunctos
3525 4614 3631 4680 qui
3665 4614 3770 4669 sibi

2194 4707 2579 4770 praecesserant
2613 4699 2907 4770 superavit.
2939 4696 3302 4765 Quamobrem
3335 4698 3616 4756 Varoaees
3647 4705 3771 4772 qui-

2178 4790 2335 4854 dam,
2374 4794 2547 4859 patria
2581 4789 2787 4853 Medus,
2813 4791 2975 4844 homo
2997 4792 3202 4844 viribus
3222 4793 3552 4863 egregioque
3577 4795 3769 4849 animo

2190 4883 2465 4953 praeditus,
2501 4899 2621 4937 cum
2658 4882 2935 4939 Medorum
2964 4883 3074 4938 dux
3103 4892 3268 4948 esset,
3306 4900 3559 4955 unusque
3592 4902 3661 4942 ex
3700 4889 3766 4941 iis

2189 4978 2278 5047 qui
2312 4977 2376 5029 ad
2424 4978 2608 5032 urbem
2642 4976 2839 5033 Ninum
2871 4978 3165 5047 quotannis
3196 4978 3485 5034 veniebant
3519 4979 3766 5035 ducatus

2182 5081 2354 5120 causa
2396 5066 2726 5133 exercendi;
2760 5066 2828 5129 is,
2866 5066 3107 5135 inquam,
3139 5068 3361 5137 cognito
3402 5069 3546 5139 regis
3590 5085 3766 5139 pravo

2189 5158 2425 5229 ingenio,
2459 5160 2662 5215 amicos
2712 5159 2812 5213 sibi
2851 5159 3169 5215 liberalitate
3215 5162 3478 5226 devinxit,
3522 5160 3763 5218 Belesim

2188 5250 2243 5303 in
2282 5249 2472 5319 primis
2515 5264 2785 5304 summum
2825 5251 3015 5306 ducem
3064 5251 3501 5323 Babyloniorum,
3533 5255 3761 5323 quicum

2187 5339 2320 5392 inita
2350 5342 2609 5394 societate
2639 5339 3090 5413 Sardanapallum
3121 5344 3433 5411 debellavit,
3466 5346 3562 5417 qui
3600 5361 3761 5402 sece-

2183 5503 2482 5628 cagglslta
2536 5506 2698 5560 etiam
2729 5504 3018 5565 Eusebius.
3053 5508 3198 5567 Idem
3228 5520 3410 5568 tamen
3450 5509 3600 5573 alibi.
3649 5511 3755 5565 As-

2253 5646 2305 5713 (7
2320 5646 2365 5708 I)
2399 5645 2620 5711 Euseb.,
2648 5648 2927 5707 Beloc/ms.

2255 5714 2364 5785 (72)
2399 5716 2497 5781 Id.,
2529 5716 2840 5775 Peritiades.
