4008 6204
229 263 334 319 €25

953 262 1294 318 SAMUELIS
1322 263 1638 320 ANIENSIS
1681 265 2023 322 SUMMARII
2061 261 2445 320 TEMPOBUM
2472 261 2651 316 PARS
2687 260 2726 317 ι.

3350 263 3452 319 626

234 382 360 437 dens
389 382 444 442 in
470 381 669 452 regiam
693 380 944 437 incendio
970 392 1143 439 semet
1163 387 1440 441 cremavit.
1475 387 1611 441 Tum
1640 387 1781 443 BeIe-
1809 397 1855 454 Α
1951 388 2004 443 5.
2046 386 2199 441 Nunc
2232 400 2331 455 age
2356 383 2635 439 Medorum
2667 396 2822 452 rcges
2842 395 3195 451 exponamus.
3230 380 3453 439 Exstin-

235 475 328 528 sim
352 472 608 543 Babyloni
640 490 822 544 regem
886 476 1146 545 imposuit
1168 476 1462 542 Varbaces,
1491 478 1783 549 itidemque

232 563 505 619 Parmrum
554 574 801 619 nostrum
854 576 1077 637 propter
1121 568 1224 623 sibi
1265 577 1513 624 navatam
1564 586 1781 641 operam

233 655 526 711 diademate
573 659 789 711 ornavit
831 658 981 729 (73);
1031 659 1146 728 ipse
1202 669 1380 715 autem
1438 660 1782 732 Assyriorum

233 745 293 799 ad
322 742 505 799 Medos
548 746 827 800 transtulit
872 746 1179 815 imperium.
1235 746 1370 802 Exin
1416 748 1783 820 interregnum

231 844 334 892 erat
362 853 533 906 usque
564 838 631 892 ad
659 837 934 894 Medorum
962 855 1141 910 regem
1169 840 1433 911 Dejocem.
1464 840 1785 896 Intermedio

232 939 460 999 tempore
486 929 722 984 Chaldaei
763 947 943 987 rerum
978 933 1132 1003 potiti
1171 942 1336 999 sunt;
1382 950 1611 1003 quorum
1650 942 1786 989 tern-

230 1034 347 1088 pora
382 1026 436 1073 et
462 1022 842 1077 successiones
870 1038 994 1077 cum
1032 1024 1153 1079 suis
1174 1024 1536 1094 peculiaribus
1567 1027 1801 1096 regibus.

229 1108 443 1162 seorsim
477 1110 812 1165 scribuntur.

287 1201 338 1253 4.
378 1200 478 1254 Hic
502 1217 636 1272 ergo
665 1202 1085 1276 Babyloniorum
1112 1221 1268 1277 reges
1301 1217 1590 1278 ponantur.

287 1289 326 1343 Ι.
364 1289 517 1345 Phua
568 1294 729 1349 annis
780 1310 892 1348 xv1.
939 1294 1113 1366 Hujus
1159 1306 1319 1352 sexto
1375 1296 1585 1351 decimo
1644 1312 1787 1351 anno

230 1386 389 1454 prima
419 1385 690 1456 olympias
724 1396 843 1441 acta
868 1397 973 1443 est.

290 1473 347 1527 II.
385 1474 909 1547 Thaglatpbalsarus
938 1480 1096 1536 annis
1126 1497 1294 1536 xxvu.
1322 1481 1372 1539 Is
1397 1484 1556 1538 tertio
1576 1483 1787 1539 decimo

231 1582 358 1620 anno
393 1583 721 1638 progressus
758 1569 814 1624 in
843 1568 1082 1625 Judaeam
1104 1613 1119 1639 ,
1147 1574 1414 1642 potiorem
1444 1572 1564 1644 ejus
1590 1573 1789 1629 incola-

229 1672 336 1710 rum
364 1665 577 1727 partem
603 1659 872 1729 captivam
902 1660 1145 1717 abduxit.

1885 488 1974 534 cto
2002 474 2393 545 Sardanapallo
2416 475 2622 545 primus
2647 472 2893 543 regnavit,

1954 567 1994 622 ι.
2041 567 2313 622 Varhaees
2345 567 2501 620 annis
2532 581 2720 620 xxvru.

1951 657 2018 714 ll.
2061 658 2353 714 Sosarmus
2382 657 2541 711 annis
2575 674 2703 712 xxx.

1956 747 2044 803 Ill.
2085 747 2342 801 Mamicar
2370 747 2528 801 annis
2555 763 2639 801 ιιι..

1954 840 2043 896 ιν.
2083 840 2377 895 Cardiceus
2405 841 2561 894 annis
2591 855 2711 893 xm.

1952 931 2018 987 V.
2061 931 2287 1002 Dejoces
2320 932 2478 986 annis
2515 947 2621 985 LIV.
2655 929 2753 986 Hie
2783 929 3056 986 Ecbatana
3078 931 3340 990 condidit.

1958 1020 2044 1077 VI.
2088 1020 2380 1076 Phraortes
2404 1020 2562 1074 annis
2593 1035 2739 1072 xxrv.

1957 1114 2067 1169 VII.
2107 1114 2380 1185 Cyaxares
2411 1113 2571 1168 annis
2600 1128 2770 1166 xxx".

1957 1203 2091 1260 VIII.
2134 1203 2451 1274 Asdabages
2473 1203 2632 1257 annis
2660 1218 2890 1256 xxxvm.

1958 1296 2113 1352 Hunc
2138 1294 2410 1352 interfecit
2432 1294 2692 1365 Tigranes
2715 1293 2985 1348 Haieanus
3012 1291 3124 1364 (77)
3145 1291 3287 1362 Cyro
3316 1289 3448 1347 Pcr—

1890 1406 1963 1445 sae
1986 1388 2187 1444 foedere
2214 1389 2460 1458 junctus.
2479 1386 2799 1455 Quanquam
2825 1384 3089 1440 Eusebius
3110 1382 3220 1456 (78)
3250 1385 3448 1456 aliique

1889 1481 2138 1536 historici
2165 1478 2434 1549 dejectum
2462 1478 2801 1549 Asdahagem
2831 1477 2897 1532 ab
2918 1491 3026 1530 uno
3045 1476 3186 1548 Cyro
3210 1477 3388 1541 aiunt,
3417 1493 3445 1530 a

1889 1588 1996 1644 quo
2019 1571 2295 1625 Medorum
2327 1586 2544 1641 quoque
2573 1586 2798 1640 regnum
2820 1570 3092 1625 sublatum
3116 1576 3231 1625 est:
3256 1572 3449 1625 nihilo-

1890 1665 2069 1718 minus
2092 1662 2269 1717 Moses
2284 1662 2394 1733 (79)
2416 1661 2615 1718 caadem
2641 1661 2941 1732 Asdahagis
2964 1678 2995 1715 a
3011 1660 3242 1732 Tigrane
3264 1671 3449 1733 patra-

288 1745 371 1801 III.
416 1747 845 1807 Salmanasarus
874 1751 1112 1824 Assyriis
1161 1754 1430 1823 imperavit
1467 1755 1626 1809 annis
1666 1770 1776 1808 xvr.
1810 1780 1853 1835 Β
1881 1762 1989 1809 tam
2016 1754 2201 1810 refert.
2254 1752 2309 1808 Id
2365 1762 2547 1807 autem
2604 1752 2899 1809 verisimile
2955 1754 3135 1809 evadit
3174 1754 3245 1808 ob
3292 1755 3447 1824 plura

230 1840 272 1895 Is
299 1841 417 1895 item
463 1842 633 1897 tertio
681 1844 830 1913 regni
875 1844 960 1899 sui
1007 1859 1171 1912 anno,
1217 1854 1407 1899 octava
1453 1845 1779 1917 Olympiade,

228 1929 396 1985 decem
430 1932 690 1988 tribubus
711 1934 763 1988 in
789 1934 1153 2005 captivitatem
1182 1935 1500 2006 departatis,
1527 1935 1785 1991 Samaria:

228 2037 433 2092 regnum
462 2023 688 2078 delevit.

286 2112 367 2168 IV.
409 2115 839 2174 Senecherimus
866 2118 1103 2191 Assyriis
1137 2120 1413 2187 imperavit
1442 2119 1600 2174 annis
1628 2134 1782 2173 xvru.

228 2206 273 2260 Is
318 2206 584 2264 adversus
642 2206 1014 2281 Hierosolyma
1068 2211 1472 2281 expeditionem
1522 2210 1781 2279 suscepit,

226 2295 519 2368 Judaezeque
550 2300 712 2355 urbes
742 2300 974 2357 obsedit.
1005 2301 1090 2356 Ab
1128 2302 1232 2356 hoc
1263 2302 1329 2355 ad
1358 2299 1788 2356 Nabuchodono-

229 2405 392 2445 sorum
471 2392 730 2448 historici
802 2392 1175 2450 Chaldaeorum
1249 2410 1421 2449 annos
1498 2405 1788 2450 numerant

226 2498 444 2539 uxxvnt
503 2485 643 2556 (7i).
696 2484 853 2557 Apud
903 2488 1121 2543 eosdem
1165 2496 1288 2557 post
1343 2486 1785 2544 Senecherimum

226 2577 465 2635 scribitur

286 2669 342 2726 γ.
380 2671 702 2727 Asordanes
733 2672 877 2729 ﬁlius
909 2673 1026 2744 ejus
1058 2676 1216 2730 annis
1248 2691 1365 2732 VIII.

286 2761 365 2819 VI.
402 2763 621 2818 Asodes
655 2762 769 2834 (75)
796 2766 953 2821 annis
980 2781 1090 2819 xxi.

285 2852 389 2909 VII.
430 2853 633 2909 Frater
662 2855 778 2925 ejus
801 2855 959 2912 annis
988 2872 1101 2911 ιιι.

288 2944 409 3001 VIII.
451 2945 876 3017 Nabupalsarus
911 2949 1069 3003 annis
1098 2965 1171 3004 ιι.

284 3039 366 3095 rx.
403 3040 781 3096 Marudachus
812 3039 1079 3096 Baldanes
1108 3043 1269 3098 annis
1298 3059 1351 3098 ιι.

286 3128 346 3184 Χ.
392 3129 977 3186 Nabuchodonosorus
1025 3131 1218 3189 deinde
1274 3134 1433 3189 annis
1490 3149 1663 3197 ιιιιι,
1717 3131 1853 3189 abC

230 3221 523 3292 Olympiade
557 3221 795 3277 secunda
836 3238 1002 3293 supra
1037 3225 1524 3296 quadragesimam.
1561 3225 1609 3283 Is
1643 3243 1787 3282 anno

232 3312 503 3369 Eiiachimi
571 3314 784 3370 decimo
838 3314 1057 3371 Iudaeos
1123 3317 1177 3371 iu
1244 3333 1397 3372 suam
1462 3326 1786 3389 potestatem

231 3406 431 3478 redegit,
474 3418 797 3479 partemque
827 3407 1139 3464 earumdem
1178 3410 1467 3464 maximam
1505 3410 1788 3465 famulatui

232 3498 576 3556 addicendam
605 3500 851 3556 abduxit.
895 3498 1034 3554 Tum
1061 3500 1222 3556 etiam
1259 3499 1534 3556 Danielem
1572 3508 1788 3573 tresque

232 3604 404 3658 pueros
435 3590 681 3646 triennio
702 3598 825 3660 post
853 3608 868 3646 :
901 3604 1092 3647 rursus
1117 3590 1263 3645 enim
1292 3591 1458 3655 venit,
1490 3591 1787 3662 ipsumque

233 3677 557 3735 ioachimum
593 3682 771 3737 avexit
799 3682 1088 3752 captivum.
1121 3682 1255 3736 Cum
1290 3683 1405 3751 jam
1435 3698 1637 3738 annum
1679 3691 1787 3739 ter-

234 3770 346 3824 tium
376 3786 554 3843 supra
584 3771 900 3828 vicesimum
932 3779 1182 3843 regnaret
1213 3770 1784 3842 Nabuchodonosorus,

235 3857 596 3930 Hierosolyma
625 3871 782 3933 capta
808 3870 936 3918 sunt
968 3880 983 3917 :
1017 3862 1267 3932 quintum
1287 3873 1465 3920 autem
1493 3874 1613 3936 post
1645 3881 1790 3921 meu-

235 3967 330 4006 sem
400 3956 666 4026 princeps
730 3954 1025 4009 satellitum
1088 3953 1509 4013 Nabuzardanes
1589 3961 1788 4029 templo

236 4061 391 4114 ignem
430 4047 691 4116 subjecit.
734 4045 1006 4103 Vicesimo
1052 4046 1284 4119 denique
1319 4048 1564 4103 Iudaica:
1619 4053 1788 4121 capti-

238 4135 396 4192 vitatis
420 4152 572 4191 anno
594 4135 1163 4194 Nabuchodonosorus
1192 4141 1301 4194 vita
1327 4140 1602 4197 discessit.
1620 4141 1787 4211 Cujus

238 4242 283 4282 ιιι
304 4228 482 4285 locum
514 4230 844 4285 substitutus
876 4237 961 4285 est
990 4230 1133 4286 filius
1160 4231 1400 4301 ejusdem

294 4318 380 4373 XI.
438 4318 723 4384 Baltasar,
787 4319 875 4390 qui
932 4327 988 4374 et
1037 4318 1447 4378 Ilmarudachus
1504 4323 1662 4379 annis
1726 4340 1783 4380 ιι.

241 4403 421 4463 Deinde

292 4496 400 4554 XII.
438 4502 708 4571 Astyages
761 4497 871 4571 (76)
926 4514 1072 4555 anno
1126 4518 1163 4555 ι.
1224 4500 1272 4557 Is
1327 4517 1419 4558 eas
1476 4488 1683 4558 litteras
1731 4504 1787 4559 in

242 4589 422 4656 pariete
448 4597 705 4644 exaratas
732 4588 868 4643 vidit
900 4604 1039 4660 quas
1063 4589 1246 4645 Daniel
1271 4591 1655 4660 interpretatus
1682 4601 1782 4649 est.

301 4679 428 4737 XIII.
476 4681 674 4738 Darius
703 4681 897 4738 Medus
928 4683 1087 4739 annis
1116 4700 1189 4738 IV.

301 4770 437 4829 XIV.
468 4773 669 4831 Darius
697 4773 942 4829 Arsaviri
971 4775 1129 4829 anuis
1160 4791 1238 4829 ιιι.

300 4860 427 4918 Exin
452 4865 728 4919 sublatum
759 4871 844 4919 est
872 4863 1285 4935 Babyloniorum
1320 4866 1625 4935 imperium.

308 5126 412 5193 (73)
440 5124 574 5180 Vide
598 5122 802 5179 Mosem
821 5120 1010 5187 Chor.,
1032 5120 1177 5176 Hist.
1203 5136 1242 5185 ι,
1271 5121 1359 5187 21,
1384 5130 1438 5177 et
1460 5122 1783 5191 Samuelem,

249 5196 643 5333 “ﬁt-{Confer
677 5262 988 5327 Eusebium,
1021 5276 1060 5327 ι,
1089 5260 1142 5325 5,
1185 5259 1238 5315 2.

311 5332 416 5404 (75)
446 5336 527 5404 Al.
557 5333 707 5401 cud.,
738 5334 1039 5404 Asamoges.

253 5401 421 5538 πεζὴ
466 5402 537 5458 Ita
584 5406 689 5459 hoe
731 5405 873 5468 loco,
903 5401 1194 5475 Astyages;
1235 5414 1291 5460 at
1334 5405 1585 5474 inferius,
1616 5406 1790 5462 Asda-

454 5543 524 5599 Ita
567 5545 808 5600 Armenii
835 5546 1067 5615 primum
1101 5546 1243 5601 hunc
1274 5545 1558 5616 Tigranem
1596 5549 1789 5607 distin-

242 5620 401 5687 guunt
419 5631 465 5687 a_
486 5615 881 5687 posterioribus
901 5616 1088 5687 stirpis
1112 5615 1515 5675 Arsacidarum.

298 5680 405 5750 (γε)
448 5680 562 5740 Lib.
596 5700 636 5754 ι,
670 5685 753 5754 l5,
784 5686 838 5739 7.

1886 1863 2005 1919 quae
2053 1847 2410 1915 acciderunt,
2467 1856 2691 1918 prepter
2750 1849 2928 1903 somni
2982 1848 3193 1904 scilicet
3238 1849 3441 1913 visum,

1884 1944 2234 2012 dolosamque
2267 1941 2572 2010 Asdabagis
2624 1940 3024 1996 simulationem
3067 1955 3174 2010 qua
3217 1940 3319 1995 sibi
3355 1939 3449 1997 Ti-

1886 2035 2070 2107 granis
2098 2051 2341 2090 sororem
2374 2036 2718 2088 matrimonio
2737 2033 3094 2103 copulandam
3122 2042 3405 2087 curaverat
3430 2051 3444 2086 :

1886 2128 1973 2180 cui
2002 2127 2199 2181 mentis
2221 2140 2438 2195 quoque
2467 2139 2579 2179 suae
2617 2124 2920 2192 consilium:
2939 2137 3198 2177 arcanum
3232 2137 3446 2178 resera-

1886 2216 1982 2271 vit.
2010 2214 2089 2271 Re
2129 2225 2310 2271 autem
2347 2214 2620 2268 intellecta
2652 2212 2936 2283 Tigranes,
2973 2212 3117 2282 quod
3169 2212 3446 2268 somniant

1887 2308 2117 2373 viderat,
2157 2308 2351 2362 diurna
2383 2307 2505 2360 luce
2532 2312 2825 2360 exsecutus
2850 2313 2955 2360 est.
2991 2303 3049 2359 Id
3088 2312 3268 2360 tamen
3304 2305 3448 2360 haud

1888 2399 2122 2454 absurde
2153 2398 2296 2469 Cyro
2325 2397 2427 2466 ipsi
2455 2396 2714 2450 tribuitur
2737 2410 2754 2449 :
2780 2410 2903 2448 cum
2925 2394 3070 2449 enim
3087 2396 3273 2450 eadem
3295 2403 3452 2451 aetate

1888 2488 2047 2544 ambo
2081 2488 2337 2553 vixerint,
2370 2494 2423 2541 et
2450 2485 2668 2555 quidem
2702 2485 2967 2555 Tigranes
2999 2486 3259 2542 societate
3293 2503 3447 2542 com-

1890 2580 2067 2635 militii
2098 2579 2241 2652 Cyro
2285 2580 2570 2637 devinctus
2607 2579 2790 2643 fuerit,
2822 2578 3067 2647 ejusdem
3125 2582 3442 2637 mandatum

1888 2674 2178 2729 exhaurire
2211 2674 2362 2729 visus
2394 2682 2497 2729 est.

1960 2764 2013 2818 6.
2081 2763 2272 2834 Agesis
2316 2764 2421 2818 hoc
2462 2765 2583 2818 loco
2631 2762 2903 2833 Lydorum
2954 2778 3171 2832 quoque
3225 2779 3449 2834 regnum

1890 2855 2068 2924 placet
2111 2856 2402 2913 collocare.
2471 2860 2629 2910 Anno
2682 2853 2927 2910 Sosarmi
2972 2854 3252 2910 Medorum
3306 2856 3449 2925 regis

1889 2946 2211 3003 duodecimo
2241 2948 2507 3019 olympias
2541 2947 2712 3018 prima
2747 2954 2965 3018 peracta
2990 2956 3107 3012 est,
3154 2948 3451 3018 eodemque

1892 3053 2035 3093 anno
2079 3039 2288 3109 primus
2319 3039 2463 3109 apud
2488 3038 2666 3111 Lydos
2696 3041 2941 3110 regnavit

1958 3126 2001 3185 I.
2077 3129 2322 3201 Ardysus
2352 3130 2582 3201 Alyattze
2612 3129 2773 3184 annis
2820 3144 3008 3186 xxxvi.

1958 3218 2023 3275 II.
2064 3221 2309 3293 Alyattes
2339 3223 2499 3278 annis
2534 3240 2643 3279 inv.

1959 3310 2047 3364 Ill.
2092 3311 2256 3369 Meles
2284 3315 2443 3370 annis
2480 3331 2577 3369 xu.

1961 3402 2051 3458 IV.
2094 3403 2401 3462 Candaules
2433 3421 2564 3461 xvu.

1953 3495 2248 3551 Candaulis
2280 3496 2443 3566 hujus
2481 3499 2765 3554 historiam
2793 3507 2977 3553 narrat
2999 3495 3449 3566 Herodotus(80),

1889 3604 2081 3659 nempe
2120 3590 2265 3661 quod
2297 3591 2344 3646 is
2375 3592 2543 3647 nimio
2567 3609 2694 3665 erga
2740 3609 2893 3649 suam
2936 3592 3219 3662 conjugem
3272 3590 3453 3645 studio

1887 3680 2227 3745 elatus,banc
2255 3681 2576 3738 feminarum
2603 3684 2844 3738 omnium
2880 3683 3297 3753 pulcherrimam
3336 3681 3454 3735 exi—

1888 3773 2219 3838 stimaverit,
2271 3775 2632 3845 nudatamque
2672 3775 2914 3832 vestibus
2965 3773 3099 3846 Gygi
3150 3775 3291 3828 clam
3360 3774 3454 3826 de-

1889 3867 2271 3921 monstraverit
2300 3884 2315 3933 ;
2350 3882 2459 3937 qua
2492 3868 2788 3938 ignominia
2841 3868 3059 3938 sapiens
3083 3880 3219 3919 uxor
3252 3863 3322 3917 ad
3344 3864 3454 3915 ira-

1889 3954 2144 4009 cundiam
2173 3966 2443 4012 commota
2491 3958 2852 4013 occidendum
2904 3956 3199 4022 curaverit,
3242 3954 3454 4023 sibique

1888 4046 2063 4101 virum
2090 4046 2382 4103 adsciverit
2417 4046 2639 4118 Gygem.

1958 4136 2022 4191 ν.
2063 4138 2237 4209 Gyges
2258 4140 2417 4194 annis
2449 4156 2635 4195 xxxvn

1962 4225 2047 4280 Vl.
2088 4229 2265 4299 Ardys
2287 4230 2444 4299 annis
2478 4245 2705 4285 xxxvru.

1958 4317 2072 4375 VII.
2113 4318 2393 4375 Sadiartes
2444 4322 2604 4376 annis
2634 4338 2724 4378 xv.

1960 4411 2078 4466 \‘lll
2139 4414 2380 4485 Alyattes
2407 4415 2567 4469 annis
2600 4429 2748 4469 χιιι.

1960 4503 2052 4558 IX.
2092 4503 2316 4560 Croesus
2349 4505 2507 4560 annis
2552 4521 2638 4559 xv.

1964 4590 2064 4645 Hic
2097 4607 2241 4645 anno
2290 4592 2417 4662 Cyri
2466 4591 2875 4661 quartodecimo
2916 4590 3118 4645 dicitur
3166 4589 3235 4643 ab
3260 4589 3451 4643 eodem

1889 4680 2031 4751 Cyro
2076 4680 2415 4735 interfectus.
2451 4679 2525 4733 Ita
2548 4678 2819 4750 Lydorum
2848 4692 3072 4747 regnum
3104 4677 3312 4731 finitum
3349 4683 3452 4730 est.

1887 4773 2265 4825 Armeniorum
2314 4771 2809 4829 tamenbistorieus
2840 4767 3012 4824 Moses
3064 4768 3311 4823 Crmsum
3364 4781 3453 4820 ca-

1893 4873 2043 4933 ptum
2081 4862 2531 4932 interfectumque
2557 4862 2635 4919 ab
2654 4864 2951 4921 Artaxerxe
2987 4859 3188 4919 Partho
3218 4858 3326 4930 (8i)
3354 4859 3449 4923 ait,

2175 5129 2237 5161 in
2311 5127 2415 5161 ιε)

1967 5128 2075 5193 (79)
2114 5126 2282 5189 llist.,
2311 5143 2359 5191 ι,
2383 5126 2472 5180 9.8.

1964 5198 2083 5270 (80)Δ
2113 5196 2225 5270 Hac
2261 5212 2425 5270 super
2468 5211 2526 5270 re
2566 5197 2834 5270 recolatur
2879 5196 3043 5270 Musis
3081 5194 3452 5270 Chorenensis

1893 5265 2128 5323 luc‘us'in
2163 5266 2398 5322 Eusebio
2424 5265 2491 5319 ad
2522 5268 3049 5322 annum.Abrahami
3075 5268 3204 5321 1301
3231 5281 3265 5320 ιι
3292 5266 3453 5319 nobis

1892 5340 2115 5394 relatus.
2157 5336 2221 5390 Et
2250 5336 2467 5407 quidem
2491 5335 2706 5390 Samuel
2737 5354 2767 5392 a
2790 5337 2954 5393 Musis
2979 5344 3453 5407 progymnasmate

1891 5411 2072 5490 potius
2105 5404 2284 5478 quam
2309 5408 2377 5463 ab
2408 5404 2678 5462 Herodoto
2712 5404 2997 5465 mutuatus
3018 5404 3158 5461 hanc
3199 5406 3453 5460 notitiam

2017 5492 2120 5532 tur.

1890 5481 2310 5619 “(ignpartho
2357 5551 2564 5609 scilicet
2608 5548 2972 5622 cegnomine;
3015 5556 3131 5605 erat
3176 5546 3322 5603 enim
3366 5544 3453 5599 hic

1847 5639 1867 5659 ο
1890 5621 2157 5676 Armeniae
2189 5637 2300 5677 rex.
