3940 6208
648 296 749 350 627
1705 291 2051 348 APPENDIX
2078 293 2167 348 AD
2210 292 2475 350 EUSEBII
2513 293 2921 351 CHRONICON.
3688 288 3748 339 533

649 411 876 481 ejusque
908 411 988 466 rei
1028 411 1336 481 complures
1391 417 1560 464 testes
1610 410 1844 474 invocat,
1882 418 1940 463 ut
1983 411 2036 464 in
2091 412 2209 481 ejus
2240 419 2286 475 Α
2388 411 2504 467 XII.
2570 412 3052 476 Archelausﬁannis
3073 427 3220 465 xxiv.

650 501 789 554 libro
816 501 926 570 (82)
964 500 1144 556 videre
1175 510 1280 555 est.
2387 502 2524 556 XIII.
2568 501 2790 559 Orestes
2815 502 2974 557 annis
3006 516 3085 556 ιιι.

719 593 772 648 7.
814 592 951 664 Ergo
981 593 1081 647 hoc
1111 600 1290 662 pacto,
1318 601 1479 662 prout
1496 593 2010 656 narratur,sublatis
2039 593 2208 663 Baby-
2384 593 2525 648 XIV.
2567 595 2866 649 Archelaus
2898 593 3056 647 annis
3100 606 3188 646 ιιι.

651 683 947 745 Ioniorum,
976 682 1254 738 Medorum
1312 684 1690 755 Lydorumque
1726 686 1968 754 imperiis
2020 694 2209 755 regnat
2378 684 2490 738 XV.
2523 687 2779 756 Amyntas
2809 700 2954 740 anno
2983 700 3019 738 ι.

717 773 759 830 I.
797 775 971 846 Cyrus
1000 774 1156 829 annis
1192 789 1318 828 xxx.
1357 775 1407 829 Is
1435 775 1610 845 primo
1640 775 1787 842 regni
1823 776 1908 828 sui
1943 789 2086 828 anno
2113 773 2208 829 lu-
2384 776 2526 832 XVI.
2568 776 2864 831 Pausanias
2894 791 3036 830 anno
3066 792 3104 828 I.

652 865 816 920 :Iaicaa
842 865 1017 935 gentis
1055 865 1445 934 quinquaginta
1477 865 1646 919 millia
1669 867 2008 936 captivorum
2047 867 2209 920 Iiber-
2383 867 2546 922 XVII.
2587 871 2848 939 Amyntas
2876 867 3034 921 annis
3059 884 3131 921 vi.

650 967 759 1014 tate
789 959 1010 1013 donavit
1041 976 1054 1010 :
1082 957 1173 1025 qui
1203 957 1424 1026 quidem
1465 956 1841 1027 Hierosolyma
1866 957 2073 1011 reversi
2128 957 2208 1010 al-
2376 960 2558 1016 XVIII.
2596 961 2821 1030 Argaeus
2845 959 3003 1013 annis
3024 974 3082 1012 ιι.

651 1061 765 1104 tare
796 1050 1186 1110 excitaverunt,
1220 1048 1514 1117 templique
1547 1047 1904 1102 fundamenta
1923 1048 2203 1116 iecerunt:
2384 1053 2523 1108 XIX.
2549 1054 2813 1124 Amyntas
2841 1051 3001 1106 annis
3029 1063 3185 1104 xvm.

648 1138 791 1207 quod
814 1146 991 1192 tamen
1017 1136 1362 1189 ﬁnitimarum
1382 1138 1619 1205 gentium
1638 1151 1802 1191 causa
1828 1135 2206 1206 imperfectum
2378 1146 2497 1200 xx,
2537 1145 2840 1201 Alexander
2878 1158 3021 1197 anno
3045 1160 3084 1196 ι,

649 1229 897 1282 manebat
935 1242 1106 1295 usque
1137 1227 1201 1279 ad
1239 1227 1454 1281 Darium
1482 1225 1779 1302 Vestaspis.
1811 1226 2066 1298 Tomyris
2096 1227 2205 1280 Ma-

1614 1229 1779 1302 ?spiso
1811 1226 2066 1298 Tomyris
2096 1227 2208 1280 Μίδ-
2376 1237 2516 1292 XXI.
2560 1237 2879 1291 Ptolemaeus
2907 1234 3065 1288 annis
3093 1247 3165 1286 iv.

647 1327 952 1387 sagetarum
984 1319 1206 1372 heroina
1239 1317 1437 1388 Cyrum
1468 1318 1759 1374 interfecit.
2383 1328 2548 1384 XXII.
2589 1327 2850 1382 Perdicca
2874 1325 3031 1379 annis
3070 1338 3140 1376 Iv.

719 1405 780 1458 Π·
822 1406 1116 1476 Cambyses
1153 1407 1311 1460 almis
1341 1422 1414 1461 "to
2381 1417 2569 1472 XXIII.
2603 1415 2888 1485 Philippus
2917 1411 3072 1465 annis
3105 1424 3258 1463 tum.

717 1497 802 1554 III.
843 1497 980 1568 Magi
1013 1499 1122 1553 duo
1152 1499 1348 1554 fratres
1381 1499 1662 1555 mensibus
1693 1516 1814 1554 vm.

2376 1510 2565 1565 XXIV.
2603 1507 2906 1564 Alexander
2940 1503 3175 1572 Philippi
3199 1498 3360 1554 annis
3407 1511 3476 1550 xu
3501 1501 3550 1549 et
3570 1491 3761 1547 mensibus

713 1590 802 1645 Νι
842 1589 1036 1645 Darius
1068 1590 1347 1661 νυειίιςμίε
1383 1591 1524 1646 milis
1548 1592 1704 1647 annis
1727 1607 1908 1645 “XVI-
2304 1619 2379 1657 vi.
2406 1602 2504 1655 IIic
2532 1601 2717 1654 orbem
2750 1605 3018 1653 terrarum
3058 1589 3430 1660 compluribus
3466 1584 3647 1654 regibus
3674 1581 3759 1648 deje-

708 1681 876 1751 H'Ijus
928 1683 1096 1736 δηθΓο
1129 1698 1271 1736 ³³³1³0
1309 1682 1604 1738 Ζοτοδεὼθι
1646 1685 1903 1752 templum
1953 1681 2203 1745 εάίῧοεῐν
2304 1694 2408 1749 clis
2431 1691 2682 1752 obtinuit,
2699 1673 3759 1756 annosquexxxunatusBabonnediemsu-

645 1777 788 1841 quod
821 1788 965 1828 anno
984 1785 1176 1842 quarto
1207 1775 1527 1844 olympiadis
1553 1774 1757 1844 quinta:
1785 1790 1948 1844 supra
1987 1790 2205 1844 sexage-
2236 1761 2284 1820 Β
2310 1797 2553 1852 premum
2597 1779 2747 1834 obiit.
2786 1774 2992 1830 Exinde
3020 1772 3310 1842 imperium
3345 1767 3456 1835 ejus
3489 1765 3610 1818 inter
3646 1762 3760 1852 plures

645 1869 836 1922 simam
868 1869 1176 1924 absolutum
1215 1878 1318 1924 est.
2307 1851 2537 1932 divisum
2558 1881 2662 1926 est.
2690 1870 2828 1939 Ipsis
2843 1867 3060 1938 quidem
3091 1861 3470 1918 Macedonibus
3492 1851 3758 1926 imperath-

651 1974 653 1976 ‘
713 1955 776 2012 ν.
818 1957 1026 2013 Xerxes
1053 1957 1201 2012 Darii
1259 1959 1420 2014 annis
1451 1977 1560 2014 xxi.
2308 1965 2485 2034 lippus
2509 1961 2600 2032 qui
2623 1969 2676 2015 et
2700 1958 2965 2022 Aridaeus;
2996 1951 3340 2008 Alexandriae
3367 1963 3488 2002 vero
3503 1943 3673 2013 zEgypti
3687 1940 3762 2034 ΡΨ*

713 2047 801 2104 VI.
839 2049 1150 2104 Artabanus
1174 2051 1454 2106 mensibus
1507 2066 1604 2106 γιι.
2307 2032 2524 2108 lenitus
2558 2051 2714 2121 Lagi:
2738 2059 2850 2102 tum
2880 2047 3038 2102 annis
3067 2046 3309 2116 quinque
3327 2049 3442 2110 post
3462 2039 3652 2104 imperat
3667 2032 3759 2084 Δείδ-

714 2138 824 2193 VII.
895 2141 1128 2196 Artaxcs
1185 2141 1554 2212 Longimanus
1608 2143 1767 2198 annis
1804 2160 1890 2199 ιιι..
1952 2143 2206 2198 Nonnulli
2307 2145 2390 2198 nis
2425 2145 2726 2215 Antigonus
2754 2159 2768 2206 ;
2801 2139 3122 2195 duodecimo
3157 2136 3391 2204 denique
3432 2136 3542 2201 post
3565 2123 3760 2220 Alexandri

643 2229 923 2286 Estherem
949 2233 1052 2287 sub
1071 2234 1173 2288 hoc
1195 2234 1475 2292 exstitisse
1507 2235 1689 2291 aiunt:
1716 2237 1862 2306 quod
1882 2253 1982 2308 ego
2001 2248 2203 2300 tamen,
2307 2237 2512 2295 obitum
2549 2213 2694 2288 anno
2727 2231 2900 2303 Syris,
2933 2227 3192 2299 Babyloni
3251 2223 3518 2294 plagisque
3559 2213 3758 2285 superiori-

642 2321 819 2390 inquit
881 2323 1147 2378 Eusebius
1179 2323 1326 2394 (83),
1381 2339 1489 2378 non
1533 2326 1725 2395 probo,
1769 2327 2206 2397 quandoquidem
2308 2329 2410 2381 bus
2457 2326 2768 2379 dominatur
2791 2322 3053 2376 Seleucus
3094 2317 3350 2371 Nicanor.
3733 2392 3740 2400 Ι

642 2413 826 2470 Esdra:
866 2415 987 2470 libri
1016 2431 1108 2485 per
1131 2431 1248 2470 eam
1272 2424 1488 2470 aetatem
1516 2418 1703 2486 scripti
1745 2419 1945 2474 nullam
1987 2419 2106 2487 ejus
2131 2417 2218 2473 rei.
2376 2419 2430 2473 9.
2469 2419 2581 2486 Age
2610 2431 2738 2471 vero
2758 2409 3203 2484 quandoquidem
3236 2407 3398 2460 hosce
3419 2407 3758 2487 commemorave

644 2507 972 2564 mentionem
1006 2507 1230 2561 faciunt.
2305 2526 2447 2572 mus,
2479 2507 2821 2578 singulorum
2849 2517 3069 2573 quoque
3098 2498 3325 2554 nomina
3348 2484 3760 2562 scriptocomplecu

715 2598 842 2653 VIII.
896 2601 1103 2655 Xerxes
1133 2601 1410 2656 mensibus
1439 2619 1496 2656 ιι.
2305 2620 2412 2658 non
2450 2602 2648 2672 pigeat.
2698 2616 2708 2625 ·
3732 2660 3739 2667 ,

713 2692 799 2745 IX.
854 2693 1159 2764 Sogdianus
1195 2696 1474 2751 mensibus
1511 2712 1600 2752 vu.
2375 2691 2683 2746 Alexandro
2725 2705 2756 2743 e
2801 2686 2942 2740 vivis
2979 2689 3190 2753 erepto,
3222 2673 3587 2734 Macedonibus
3621 2674 3759 2735 ρωρηε

714 2783 778 2836 X.
844 2783 1041 2840 Darius
1092 2784 1308 2840 Notbus
1342 2787 1504 2840 annis
1534 2803 1651 2852 xix,
1683 2787 1752 2840 ab
1778 2785 2084 2855 Olympiade
2111 2800 2206 2838 oc-
2307 2785 2537 2852 imperat
3513 2852 3524 2862 _

638 2877 898 2946 togesima
935 2892 1096 2930 nona.
2381 2869 2546 2925 XXV.
2589 2869 2892 2939 Philippus,
2919 2866 3012 2937 qui
3033 2872 3086 2919 et
3111 2862 3386 2921 Aridaus,
3413 2867 3556 2911 annis
3576 2862 3650 2901 Vll-

710 2965 800 3020 XI.
839 2967 1071 3022 Artaxes
1100 2965 1350 3021 Mnemon
1377 2967 1540 3021 annis
1572 2982 1658 3020 XL.
1707 2965 1822 3019 Sub
1851 2967 1954 3022 hoc
2013 2965 2208 3022 Esther
2377 2961 2565 3016 XXVI.
2607 2961 2885 3015 Casander
2908 2958 3067 3012 annis
3089 2971 3186 3009 XIX
3219 2951 3355 3023 (86).

643 3057 764 3112 fuit.
2231 3113 2266 3123 η
2382 3053 2594 3111 XXVII.
2630 3052 2750 3107 Filii
2794 3052 2959 3120 hujus
2979 3049 3237 3104 annistv.

712 3148 828 3203 XII.
872 3150 1124 3213 Artaxes,
1153 3147 1244 3216 qui
1300 3157 1354 3202 et
1407 3146 1613 3213 Ochus,
1644 3149 1803 3202 annis
1844 3164 1992 3202 xxvi.
2229 3113 2267 3161 (λ
2375 3143 2610 3199 XXVIII.
2653 3113 2957 3212 Demetrius
2988 3138 3148 3192 annis
3179 3155 3214 3192 γ
3251 3134 3386 3206 (87).

715 3241 849 3296 XIII.
893 3242 1122 3295 Artaxes
1152 3238 1284 3295 Ochi
1313 3241 1472 3296 annis
1501 3257 1572 3296 Iv.
2375 3236 2562 3291 XXIX.
2605 3234 2846 3306 Pyrrhus
2879 3229 3158 3286 mensibus
3190 3244 3292 3283 vn.

711 3331 848 3386 xw,
889 3331 1084 3387 Darius
1118 3334 1332 3387 Arsami
1363 3333 1521 3387 annis
1550 3349 1625 3386 νι,
2376 3326 2543 3383 XXX.
2584 3325 2942 3398 Lysimachus
2971 3323 3131 3376 annis
3161 3338 3194 3375 v
3228 3330 3285 3375 et
3307 3313 3570 3372 mensibus
3587 3317 3646 3404 vit
3677 3295 3754 3363 (33l-

713 3423 964 3480 Iliannos
993 3439 1162 3479 ccxxx
1199 3433 1599 3495 occupaverunt
1621 3425 1754 3495 (84).
1787 3424 1919 3479 Exin
1972 3426 2205 3478 Alexan-
2375 3420 2564 3477 XXXI.
2605 3420 2928 3474 Ptolemazus
2948 3395 3753 3471 Ccraunusannmetmensibusn.

640 3511 737 3566 der
758 3511 974 3567 Macedo
993 3523 1340 3583 regnatanno
1355 3515 1529 3583 primo
1555 3515 1878 3585 Olympiadis
1897 3517 2205 3570 centesima:
2379 3511 2592 3568 XXXII.
2637 3510 2904 3579 Meleager
2932 3505 3213 3562 mensibus
3242 3519 3303 3558 ιι.

641 3603 960 3668 undecimae,
1013 3606 1348 3676 septimoque
1402 3608 1554 3677 regni
1581 3607 1663 3662 sui
1711 3624 1852 3662 anno
1880 3607 2202 3678 Babylonem
2380 3604 2619 3659 XXXIII.
2657 3603 2948 3674 Antipater
2977 3601 3171 3656 diebus
3197 3613 3320 3652 va.

639 3699 806 3766 capit,
835 3698 1128 3769 occisoque
1154 3698 1317 3754 Dario
1362 3698 1655 3756 Persarum
1719 3701 2007 3770 imperium
2041 3701 2203 3756 delet.
2374 3695 2610 3752 XXXIV.
2653 3695 2950 3751 Sostbenes
2973 3693 3134 3746 annis
3177 3707 3242 3746 ιι.

710 3811 764 3863 8.
804 3809 958 3864 Nunc
1018 3813 1269 3880 quoniam
1295 3813 1346 3866 in
1369 3791 1657 3867 Alexandri
1679 3815 2000 3867 mentionem
2019 3813 2202 3874 incidi.
2650 3789 2952 3880 ‘EMIIIOIIUS
2977 3785 3219 3880 GO'I‘alas
3246 3782 3405 3838 annis
3429 3790 3591 3834 “m-

642 3901 886 3955 Inbctab
941 3901 1148 3972 origine
1207 3913 1438 3959 cunctos
1470 3902 1824 3957 Macedonum
1877 3919 2031 3973 reges
2083 3903 2206 3958 huic

642 3994 845 4058 scripto
873 3995 1213 4065 consignare.
1238 3993 1422 4066 Neque
1451 3997 1594 4051 enim
1631 3995 1935 4050 Alexander
1970 3995 2208 4050 Macedo-

2378 3877 2617 3933 XXXVI.
2663 3875 3139 3932 Demetriusannis
3173 3891 3225 3928 x.

2369 3967 2634 4023 XXXVII.
2674 3968 2981 4037 Antigonus
3009 3967 3169 4021 annis
3203 3982 3292 4022 xv.

2379 4060 2661 4116 XXXVIII.
2697 4061 2978 4130 Philippus
3008 4061 3167 4115 annis
3197 4075 3332 4114 χιιι.

2377 4151 2620 4208 XXXIX.
2657 4151 2886 4206 Perseus
2913 4151 3072 4203 annis
3105 4168 3156 4204 x.

2381 4243 2674 4298 Interfecto
2703 4241 2922 4305 Perseo,
2953 4240 3186 4294 Romani
3228 4239 3590 4296 Macedonibus
3611 4233 3752 4286 lihetlﬂ'

2312 4345 2417 4388 tem
2450 4334 2706 4404 impertiti
2735 4342 2882 4396 sunt,
2915 4333 3104 4403 eisque
3133 4335 3214 4388 sui
3238 4335 3378 4404 juris
3400 4347 3510 4388 esse
3559 4328 3751 4381 εοηῦεεεο·

2235 4448 2281 4505 Β
2313 4437 2438 4481 runt
2472 4429 2629 4481 annis
2659 4443 2747 4480 xlv
2770 4425 2903 4492 (89).

2372 4517 2480 4574 XL.
2521 4517 2710 4572 Falsus
2734 4516 3013 4586 Philippus
3040 4533 3183 4572 anno
3214 4533 3254 4571 I.

2388 4609 2610 4664 Summa
2643 4624 2908 4662 annorum
2932 4623 3168 4664 nchvu.

641 4101 770 4139 num
790 4102 882 4140 rex
916 4087 1124 4156 primus
1155 4087 1272 4150 fuit,
1297 4090 1390 4144 sed
1425 4097 1654 4159 quartus
1675 4105 1838 4158 supra
1869 4090 2204 4144 vicesimum.

638 4175 749 4245 jam
794 4177 1002 4246 primus
1050 4178 1403 4233 Macedonum
1444 4195 1541 4234 rex
1575 4181 1676 4235 fuit

712 4267 752 4320 I.
826 4268 1071 4323 Caranus
1105 4271 1263 4324 annis
1293 4287 1425 4324 χχιι.

709 4357 774 4411 II.
850 4361 1052 4415 Cmnus
1084 4360 1242 4413 annis
1267 4376 1360 4413 xu.

712 4452 798 4505 III.
841 4451 1147 4522 Tyrimmas
1181 4453 1338 4505 annis
1372 4469 1595 4506 xxxvm.

710 4541 800 4596 IV.
841 4542 1098 4598 Perdicca
1139 4544 1298 4598 annis
1327 4560 1396 4597 LI.

710 4633 776 4687 V.
819 4636 1084 4706 Argeiaus
1118 4636 1280 4692 annis
1314 4652 1541 4690 xxxvm.

709 4725 798 4780 Vl.
835 4727 1120 4798 Philippus
1153 4730 1312 4784 annis
1358 4745 1587 4786 xxxvm.
2385 4726 2471 4779 I0.
2513 4722 2741 4779 Interest
2799 4732 2858 4778 et
2903 4731 3098 4778 caetera
3132 4740 3296 4795 regna
3341 4722 3625 4779 describere.
3653 4712 3748 4764 Διιηο

710 4815 823 4870 VII.
866 4816 1080 4873 Aﬁrzeus
1111 4819 1222 4887 (85)
1263 4819 1422 4872 annis
1454 4835 1610 4880 xxvi.
2313 4825 2435 4888 post
2481 4815 2772 4870 Alexandri
2799 4817 2906 4868 I'ata
2935 4816 3125 4884 quinto
3154 4817 3382 4888 imperat
3412 4810 3600 4870 Asianis

709 4908 847 4963 VIII.
890 4909 1105 4964 Alcetas
1133 4909 1295 4964 annis
1320 4925 1466 4966 XXIX.
2369 4911 2410 4964 I.
2455 4912 2755 4979 Antigonus
2782 4908 2937 4962 annis
2962 4924 3110 4963 xvtu.

710 5001 801 5056 IX.
854 5005 1113 5071 Amyntas
1153 5003 1310 5057 annis
1333 5019 1386 5056 ι..
2378 5001 2442 5056 II.
2481 4999 2786 5056 Demetrius
2816 4999 3146 5056 Poliorcetes
3175 5003 3334 5058 annis
3358 5018 3476 5057 xvu.

709 5095 774 5148 X.
842 5093 1146 5147 Alexander
1178 5094 1335 5150 annis
1356 5110 1503 5148 XLIV.
2385 5093 2679 5146 Amhorum
2741 5093 3040 5146 dominatio
3097 5094 3384 5163 conjuncta
3431 5101 3578 5144 annos
3600 5073 3745 5138 οςειιρειι

712 5185 801 5239 XI.
833 5184 1090 5239 Perdicca
1120 5186 1298 5258 annis;
1320 5201 1512 5240 xxvm.
2309 5201 2471 5239 xxxv.
2496 5183 2683 5254 Operae
2720 5185 2950 5252 pretium
3007 5192 3092 5238 est
3119 5199 3214 5239 eos
3254 5186 3376 5240 item
3404 5182 3486 5255 qui
3513 5178 3582 5234 his
3605 5174 3743 5226 suo“?

707 5381 820 5451 (se)
855 5380 1021 5440 Ηὶει..
1058 5379 1223 5440 ".12.

2309 5380 2432 5436 209.
2449 5394 2576 5451 cum
2609 5387 2733 5451 nota
2759 5380 2807 5431 ’5.

733 5447 819 5517 sa)
853 5451 930 5503 Ad
969 5465 1164 5505 annum
1196 5451 1353 5505 1553.

2380 5451 2490 5518 (85)
2523 5447 2616 5518 Dic
2646 5447 2878 5515 Airopus
2910 5451 2991 5504 vel
3021 5449 3271 5518 AE’ropas.

733 5461 819 5517 8.7:)
853 5461 929 5503 Λα
969 5465 1164 5505 annum
1196 5461 1353 5505 1555.
2380 5461 2490 5518 (85)
2523 5461 2616 5501 υιο
2646 5461 2878 5515 Aropus
2910 5461 2991 5504 vel
3021 5461 3272 5518 Atropos.

709 5461 820 5586 ξδιι
855 5520 1009 5576 IIunc
1047 5537 1262 5591 quoque
1295 5537 1580 5577 numerum
1613 5523 1680 5575 ab
1710 5521 1942 5577 Eusebio
1969 5521 2202 5576 desumit
2380 5520 2490 5589 (86)
2523 5517 2800 5591 Vetustior
2825 5522 3016 5581 codex,
3044 5520 3403 5575 Casamauder
3426 5513 3556 5572 anni:
3579 5515 3647 5562 ΧΧ·

653 5589 889 5644 Samuel.
915 5589 1122 5661 Quippe
1149 5591 1417 5647 Eusebius
1460 5592 1598 5662 apud
1643 5592 1966 5653 Cedrenum,
1991 5607 2041 5661 p.
2081 5594 2199 5656 I95,
2379 5591 2488 5662 (8?)
2518 5591 2598 5662 Al.
2627 5590 2769 5662 (ῖοάη
2803 5605 2888 5642 xv.

666 5663 730 5732 Α.
761 5662 947 5715 scribit
999 5659 1031 5713 τι
1059 5659 1221 5732 ’(Σγιο
1275 5662 1340 5716 ad
1381 5659 1746 5716 Alexandrum
1803 5659 2214 5716 annostoxxx.‘
2377 5660 2483 5732 (88)
2519 5659 2842 5732 Ilonferatur
2880 5661 3145 5732 Eusebius
3175 5677 3212 5724 I,
3242 5663 3332 5727 38,
3361 5662 3408 5714 ι.

641 5731 965 5788 Couferatur
1015 5729 1193 5785 autem
1243 5732 1531 5786 Eusebiani
1571 5748 1755 5798 regum
1802 5733 2045 5788 laterculi
2091 5735 2199 5786 col.
2383 5730 2491 5798 (89)
2518 5729 2609 5784 Dic
2643 5745 2726 5784 xix
2765 5745 2888 5784 rum
2923 5730 3174 5799 Eusebio,
3208 5735 3310 5787 col.
3347 5731 3439 5784 233
