4008 6204
232 247 348 300 633

310 361 599 433 Principes
622 365 767 434 quod
798 366 905 420 vita
940 380 1181 424 maneret

206 446 221 537 ’θ
310 452 502 510 XVIII.
535 454 715 511 Melon
748 455 825 529 (5)
861 459 1018 514 annis
1048 475 1136 513 xx.

312 546 456 603 XIX.
486 548 723 605 Acastus
751 552 910 605 annis
941 568 1125 607 xxxvi.

310 640 429 695 XX.
462 641 777 712 Archippus
801 645 961 700 annis
983 661 1098 701 xtx.

310 731 456 787 XXI.
484 730 824 804 Thersippus
849 737 1008 792 annis
1038 754 1148 793 xu.

308 820 481 877 XXII.
509 821 758 880 Phorbas
783 827 940 880 annis
963 842 1111 881 xxxi.

311 915 507 970 XXIII.
533 916 799 986 Megacles
830 920 987 973 annis
1018 935 1145 973 xxx.

309 1005 504 1061 XXIV.
533 1005 836 1077 Diognetus
865 1010 1025 1063 annis
1051 1024 1246 1063 xxvtu.

302 1098 476 1154 XXV.
504 1099 792 1156 Pberacles
814 1100 971 1156 annis
997 1117 1110 1159 nx.

302 1188 501 1243 XXVI.
532 1189 809 1259 Ariphron
835 1191 992 1246 annis
1024 1207 1114 1244 xx.

312 1279 531 1335 XXVII.
569 1279 875 1350 Thespieus
897 1280 1055 1335 annis
1088 1297 1269 1335 xxvu.

312 1370 549 1425 XXVIII.
589 1372 907 1442 Agamestor
936 1372 1010 1442 (4)
1048 1375 1204 1427 annis
1235 1390 1323 1428 xx.

316 1461 505 1516 XXIX.
539 1461 834 1533 Eschylus
857 1465 1015 1517 annis
1046 1479 1194 1518 χχιιι.

318 1553 498 1607 Primo
524 1552 771 1623 .‘Eschyli
814 1568 956 1607 anno
1017 1565 1206 1624 regnat
1249 1555 1387 1625 apud
1426 1553 1604 1625 Lydos
1635 1553 1808 1623 Ardy-

258 1662 389 1712 sus;
456 1647 615 1700 tertio
663 1653 846 1699 autem
911 1645 1074 1713 hujus
1133 1662 1275 1700 anno
1320 1644 1491 1715 printa
1543 1642 1806 1714 olympias

948 250 1297 309 SAHUELIS
1323 252 1640 309 ANIENSIS
1673 253 2020 312 SUMMARII
2048 255 2435 313 TEMPOBUM
2456 254 2637 311 PARS
2666 257 2717 312 I.

1830 374 1879 430 A
1978 371 2115 426 VIII.
2151 370 2523 428 Aristomedes
2553 371 2715 427 annis
2749 386 2922 428 xxxv.

1980 461 2073 517 IX.
2112 463 2354 533 Agemon
2382 461 2541 516 annis
2566 475 2678 516 xvt.

1986 554 2052 608 X.
2093 554 2397 609 Alexander
2421 553 2579 608 annis
2613 568 2740 608 xxv.

1981 642 2072 699 XI.
2115 642 2355 700 Telestes
2382 644 2537 697 annis
2560 657 2659 697 xu.

1983 735 2098 790 XII.
2138 735 2463 791 Automenes
2492 734 2620 789 anni
2655 751 2717 791 ιι.

1982 826 2047 882 Hi
2077 834 2439 896 regnaverunt
2470 826 2628 880 annis
2664 830 2928 891 cccxx’tv;
2961 825 3254 890 eodemque
3297 835 3466 891 anno,

1913 935 2019 989 quo
2042 917 2456 982 Lacedaemonii,
2485 918 2795 972 desiverunt
2815 918 2985 987 prima
3007 915 3325 987 Olympiade.

1987 1010 2073 1061 18.
2126 1008 2453 1077 Populorutu
2502 1005 2740 1061 omnium
2787 1020 3081 1074 regumque
3129 1004 3466 1059 ethnicorum

1912 1108 2207 1155 extremam
2238 1098 2442 1169 placuit
2472 1096 2629 1151 nobis
2654 1093 3031 1162 (Romanorum
3064 1094 3465 1165 chronologiam

1912 1190 2199 1247 conﬁcere.
2226 1190 2391 1244 Nemo
2420 1188 2617 1258 quippe
2646 1193 2960 1240 caeterorum
2978 1185 3086 1239 voti
3116 1185 3289 1238 nostri
3319 1200 3467 1239 cout-

1912 1300 2011 1355 pos
2049 1285 2228 1340 factus
2252 1289 2355 1346 est,
2395 1280 2616 1335 Cunts'rt
2642 1279 2886 1334 videlicet
2917 1277 3051 1333 lucis
3072 1278 3213 1332 cmlo
3242 1292 3466 1331 manan-

1913 1376 2001 1440 tis.
2066 1374 2197 1429 solis
2251 1374 2471 1442 inquam
2527 1371 2771 1441 iustitiae.
2830 1368 3029 1424 Verum
3089 1368 3174 1434 hi,
3217 1368 3285 1422 ad
3331 1382 3478 1438 quos

1913 1462 2228 1520 scribendos
2250 1477 2395 1516 nunc
2417 1461 2721 1532 aggredior,
2746 1474 3053 1530 quanquam
3097 1467 3261 1513 noctu
3292 1458 3389 1513 via:
3408 1473 3479 1514 se-

1912 1555 2319 1617 commiserunt,
2356 1560 2515 1622 atque
2560 1552 2732 1619 initio,
2766 1551 2843 1605 uti
2873 1551 3081 1613 caeteri,
3114 1549 3170 1604 in
3232 1550 3472 1605 tenebris

1911 1648 2112 1703 versati
2161 1654 2329 1712 sunt;
2364 1645 2715 1701 nihilominus
2742 1660 2808 1698 ex
2848 1643 2931 1696 his
2967 1641 3151 1711 plures
3188 1640 3335 1711 digni
3364 1640 3467 1694 has-

261 1746 369 1791 acta
395 1743 496 1790 est.
516 1733 686 1789 Porro
729 1735 870 1789 hanc
916 1734 1278 1807 Olympiadem
1324 1733 1560 1789 instituit
1604 1733 1809 1801 Iphitus
1842 1724 1884 1778 Β
1907 1740 2005 1795 biti
2040 1748 2164 1794 sunt
2191 1738 2282 1808 qui
2325 1735 2611 1805 splendore
2646 1731 2782 1787 lucis
2809 1730 3275 1791 collustrareutur,
3307 1734 3473 1796 prout

263 1827 590 1882 Praxionidm
644 1826 916 1883 Haemonis
961 1824 1072 1897 (5).
1131 1826 1209 1880 Ex
1266 1827 1369 1880 hoc
1425 1825 1535 1895 jam
1569 1832 1810 1892 tempore

262 1917 558 1974 Crzecorum
582 1918 934 1988 chronologia
962 1917 1267 1973 ﬁrmitatem
1297 1932 1404 1986 pra:
1424 1932 1483 1972 se
1504 1917 1643 1970 ferre
1670 1914 1812 1970 vide-

267 2020 348 2063 tur
362 2025 478 2063 cum
505 2019 664 2064 antea
706 2025 805 2081 pro
830 2026 930 2064 suo
957 2010 1190 2083 quisque
1217 2009 1369 2065 Iibito
1396 2024 1512 2065 rem
1535 2007 1802 2065 deﬁniret.

334 2100 491 2157 XXX.
526 2101 800 2156 Alcmaeon
826 2102 983 2156 annis
1012 2116 1074 2158 ιι.

339 2192 521 2249 XXXI.
545 2192 797 2262 Charops
809 2195 968 2249 annis
992 2212 1045 2250 x.

330 2285 530 2340 XXXII.
559 2285 857 2342 Esimides
882 2286 1040 2341 annis
1071 2302 1124 2341 x.

332 2379 557 2434 XXXIII.
581 2379 826 2435 Clidicus
856 2379 1014 2434 annis
1044 2395 1098 2433 x.

328 2471 557 2528 XXXIV.
581 2472 945 2544 Hippomenes
964 2473 1123 2528 annis
1141 2489 1194 2527 x.

330 2564 534 2620 XXXV.
560 2565 852 2622 Leocrates
878 2568 1036 2622 annis
1070 2583 1123 2620 x.

328 2655 559 2712 XXXVI.
586 2657 870 2727 Apsander
898 2656 1056 2711 annis
1088 2671 1142 2708 x.

328 2746 578 2803 XXXVII.
615 2747 842 2818 Eryxias
864 2746 1022 2800 annis
1047 2761 1099 2799 x.

327 2840 655 2894 Athenarum
714 2853 870 2908 reges
918 2844 1036 2907 post
1087 2850 1261 2891 annos
1301 2847 1601 2890 ncccnxxut
1646 2832 1808 2890 ﬁnem

267 2932 577 2987 habuerunt.

335 3020 409 3074 l6.
443 3018 690 3075 Postulat
719 3017 953 3073 instituti
986 3016 1156 3071 nostri
1193 3015 1354 3078 ratio,
1380 3026 1438 3070 ut
1460 3015 1613 3070 hisce
1642 3014 1808 3069 Lace-

267 3111 646 3166 dzemoniorum
684 3124 899 3180 quoque
940 3123 1095 3179 reges
1144 3107 1530 3177 adiungamus,
1576 3120 1807 3176 quorum

268 3206 461 3275 primus
519 3216 663 3258 anno
720 3199 990 3256 Samuelis
1051 3205 1106 3254 et
1158 3199 1340 3256 Saulis
1393 3208 1546 3256 sexto
1600 3197 1811 3254 decimo

264 3304 439 3368 regnat

324 3388 364 3447 I.
398 3388 730 3460 Eurystheus
767 3386 923 3441 annis
953 3401 1085 3442 xui.

323 3479 385 3534 II.
423 3479 555 3549 Agis
575 3492 719 3535 anno
741 3492 779 3531 I.

323 3570 407 3624 III.
448 3569 798 3624 Echestratus
832 3565 988 3621 annis
1021 3581 1180 3620 xxxv.

324 3659 409 3717 IV.
444 3660 682 3714 Labotas
711 3657 867 3711 annis
888 3671 1097 3711 xxxvu.

325 3749 389 3805 V.
425 3748 714 3804 Doristhus
746 3746 905 3801 annis
938 3761 1088 3799 xxix.

330 3840 411 3899 Vl.
448 3840 733 3911 Agesilaus
754 3837 914 3893 annis
942 3852 1084 3891 thv.

332 3931 434 3988 VII.
468 3932 767 3987 Archelaus
793 3931 951 3986 annis
976 3946 1066 3988 1.x.

334 4023 457 4078 VIII.
497 4023 738 4080 Telecles
774 4026 931 4081 annis
957 4038 1045 4080 ιι..

330 4113 415 4173 IX.
453 4115 776 4172 Alcamanes
806 4117 1193 4172 annisxxxvn.

332 4205 422 4263 Ilis
454 4217 578 4277 post
594 4222 769 4263 annos
790 4223 992 4265 cccxxv
1013 4208 1089 4281 (6)
1113 4209 1234 4266 ﬁnis
1254 4218 1335 4265 est
1356 4209 1659 4279 impositus.

334 4299 414 4355 I7.
450 4302 613 4356 Anno
644 4302 873 4371 istorum
912 4304 1110 4370 altero,
1145 4304 1237 4375 qui
1277 4311 1393 4360 erat
1437 4303 1683 4360 decimus
1723 4317 1812 4358 se-

1907 1847 2008 1889 suo
2038 1833 2157 1887 loco
2182 1842 2480 1901 cognosces
2510 1827 2587 1898 (7)

1974 1920 2093 1976 Jam
2124 1935 2250 1976 vero
2281 1918 2442 1974 tertio
2467 1924 2588 1988 post
2620 1914 2774 1970 Ilium
2804 1919 3021 1982 captum
3054 1923 3219 1973 anno,
3248 1906 3466 1962 biennio

1908 2022 2032 2067 ante
2070 2011 2455 2081 Sampsonem,
2501 2006 2748 2063 Teutami
2797 2014 2977 2059 autem
3022 2000 3281 2058 vicesimo
3323 2013 3466 2054 nono

1909 2112 2052 2152 anno
2078 2094 2220 2166 apud
2248 2093 2469 2148 Latinos
2498 2096 2689 2162 regnat

1977 2185 2018 2239 I.
2056 2184 2260 2240 IEneas
2287 2182 2445 2238 annis
2473 2196 2555 2236 ιιι.

1981 2273 2042 2328 ιι.
2079 2271 2353 2328 Ascanius
2390 2269 2547 2325 annis
2568 2283 2797 2323 xxxvm.

1977 2364 2066 2420 III.
2108 2364 2310 2419 Silvius
2343 2361 2529 2418 Encas
2552 2361 2708 2416 annis
2740 2373 2892 2414 xxix.

1976 2454 2065 2510 IV.
2121 2454 2344 2509 Latinus
2382 2451 2584 2507 Silvius
2628 2449 2787 2503 annis
2827 2461 2981 2502 xxxi.
3021 2442 3060 2499 Δ
3104 2442 3297 2498 ιιιίηο
3337 2451 3469 2511 gens

1909 2547 2088 2605 Latini
2117 2543 2365 2617 appellati
2400 2557 2496 2616 per
2524 2556 2696 2595 annos
2728 2552 2945 2594 cccccx.

1980 2637 2043 2695 V.
2085 2636 2285 2692 zEneas
2308 2635 2508 2690 Silvius
2537 2632 2695 2686 annis
2723 2646 2775 2685 ι..

1974 2728 2065 2784 VI.
2104 2728 2239 2782 Alba
2269 2725 2467 2781 Silvius
2488 2724 2645 2778 annis
2672 2736 2857 2776 xxxix.

1978 2819 2091 2875 VII.
2132 2818 2322 2890 Epitus
2352 2816 2553 2871 Silvius
2578 2814 2737 2869 annis
2764 2827 2913 2866 xxvn.

1988 2913 2121 2969 VIII.
2161 2912 2339 2983 Capys
2371 2909 2571 2969 Silvius
2597 2907 2756 2962 anuis
2782 2919 2971 2959 xxvnt.

1978 3003 2071 3059 IX.
2110 3003 2377 3057 Anchises
2410 2999 2488 3069 (8)
2520 2997 2720 3053 Silvius
2747 2995 2905 3051 annis
2934 3009 3049 3048 xut.

1981 3097 2048 3155 X.
2088 3095 2336 3151 Tiberius
2367 3093 2566 3148 Silvius
2588 3089 2744 3145 annis
2769 3104 2885 3144 vnt.

1974 3190 2072 3247 XI.
2112 3183 2581 3259 Agrippa-Silvius
2607 3182 2765 3237 annis
2786 3196 2893 3236 xu.

1982 3284 2096 3343 XII.
2131 3281 2421 3336 Aremulus
2452 3275 2653 3331 Silvius
2687 3272 2847 3328 annis
2869 3286 2981 3325 xIx.

1975 3376 2112 3431 XIII.
2150 3373 2412 3429 Aventius
2446 3369 2647 3424 Silvius
2675 3364 2833 3423 annis
2860 3376 3064 3417 xxxvn.

1980 3459 2118 3519 XIV.
2156 3457 2359 3513 Procas
2390 3453 2593 3510 Silvius
2613 3449 2770 3506 annis
2798 3463 2910 3503 xxt.

1980 3548 2099 3604 XV.
2137 3547 2386 3602 Amulius
2431 3544 2632 3599 Silvius
2675 3539 2832 3595 annis
2871 3552 3023 3592 xLuI.
3074 3535 3133 3590 In
3171 3534 3333 3604 hujus
3368 3548 3468 3587 an-

1915 3658 2047 3702 num
2071 3640 2341 3696 decimum
2368 3651 2571 3692 nouum
2597 3633 2769 3704 prima
2792 3628 3057 3701 olympias
3079 3626 3327 3681 incurrit.

1983 3735 2023 3791 ι.
2061 3731 2326 3789 Romulus
2360 3730 2518 3786 annis
2555 3724 2780 3782 xxxviii.
2817 3720 2918 3777 Hic
2950 3734 3091 3775 anno
3132 3733 3232 3775 suo
3260 3716 3471 3773 decimo

1915 3842 2095 3891 nono,
2162 3826 2255 3897 qui
2316 3822 2416 3878 fuit
2480 3817 2799 3893 Olympiadis
2855 3813 3150 3887 undecima:
3224 3818 3467 3882 quartus,

1916 3920 2112 3991 templa
2153 3926 2207 3974 et
2236 3914 2436 3972 moenia
2472 3912 2657 3967 Roma:
2684 3906 2947 3963 fundavit.
2981 3903 3118 3958 Hinc
3152 3901 3279 3956 anni
3320 3899 3469 3991 urbis

1916 3988 2146 4069 condita:
2181 4008 2357 4080 putari
2393 4005 2657 4075 incipiunt
2686 4002 2785 4073 (9),
2827 4000 2920 4071 qui
2948 4011 3091 4052 anno
3128 3993 3302 4064 primo
3338 3988 3470 4043 Phi-

1916 4102 2048 4174 lippi
2066 4101 2212 4157 mille
2239 4105 2614 4157 numerantur.
2641 4092 2775 4149 Hinc
2803 4090 2966 4146 etiam
2996 4084 3171 4140 Latini
3200 4081 3471 4136 Romano-

1916 4211 2035 4253 rum
2086 4206 2282 4249 nomen
2335 4187 2658 4243 habuerunt.
2724 4182 3105 4251 Congeruntur
3169 4181 3347 4230 autem
3400 4185 3468 4228 ex

1916 4286 2090 4347 Enen
2117 4284 2184 4338 ad
2212 4280 2500 4338 Romulum
2525 4276 2652 4332 anni
2683 4289 2959 4331 ccccxxvt.

275 4392 457 4460 ptimus
492 4391 763 4449 Samuelis
791 4365 845 4450 et
878 4354 1810 4468 εαυιίε,ἰἐέέιαῖῖριιῖἆᾶὦιιιῖὁε

1988 4376 2052 4434 II.
2091 4377 2265 4432 Numa
2299 4371 2596 4443 Pompilius
2624 4369 2781 4423 annis
2806 4381 2919 4422 xu.
2956 4360 3055 4417 Hic
3082 4371 3294 4414 menses
3332 4354 3469 4409 duos

2323 4465 2342 4468 -
2616 4460 2653 4468 -
2688 4461 2702 4468 -
2911 4454 3010 4468 η...
3111 4466 3169 4468 η
3200 4466 3240 4468 ν,
3275 4447 3430 4468 .-μη

334 4485 371 4540 I.
409 4486 630 4541 Alethes
661 4483 820 4541 annis
844 4502 1007 4542 xxxv.

334 4575 391 4631 II.
430 4575 583 4632 Ixion
605 4579 761 4633 annis
788 4593 992 4633 xxxvn.

332 4661 415 4718 IIl.
444 4664 679 4736 Agelans
707 4666 865 4721 annis
886 4681 1089 4721 xxxvu.

332 4752 416 4809 IV.
456 4753 694 4810 Primnis
721 4753 879 4809 annis
903 4769 1062 4809 xxxv.

335 4844 395 4902 V.
436 4847 666 4902 Bacchis
704 4847 863 4902 annis
890 4861 1052 4901 xxxv.

330 4937 411 4995 VI.
451 4940 648 5009 Agelas
687 4938 842 4995 annis
870 4954 998 4993 xxx.

339 5029 439 5087 VII.
472 5030 780 5085 Eudemeus
816 5029 974 5084 annis
1000 5045 1128 5084 xxv.

334 5186 407 5255 (5)
438 5187 733 5252 Eusebius,
768 5185 982 5241 Medon.

331 5258 404 5382 (ἓ
431 5259 630 5319 Codd.,
665 5256 984 5327 Agemestor.

338 5330 353 5382 ί
396 5332 411 5382 ὶ
448 5328 563 5382 Hoc
610 5343 807 5380 nomen
850 5340 984 5379 curri

338 5322 411 5399 (ὅ)
448 5328 590 5399 Hoc:
610 5322 807 5399 nomen
850 5334 1166 5399 corruptum
1204 5330 1287 5399 est
1325 5324 1478 5399 apud
1515 5322 1817 5378 Samuelem

272 5394 354 5452 uti
369 5394 515 5469 apud
552 5396 845 5469 Eusebium
872 5395 941 5448 ad
969 5411 1167 5450 annum
1189 5394 1478 5449 Abraltami
1499 5409 1691 5449 ncch.

336 5466 523 5536 (δι’ᾹΙ.
556 5466 702 5531 cod.,
746 5480 1015 5520 cccxxvn.
1208 5535 1214 5536 γ
1334 5535 1342 5536 7
1390 5534 1397 5536 ξ
1568 5490 1603 5536 ἒξ

336 5533 412 5610 (7)
442 5537 629 5592 Mirari
653 5537 780 5591 licet
804 5546 967 5610 atque
987 5535 1220 5591 osculari
1251 5533 1819 5610 religiosumlArmenii

273 5604 507 5677 hominis
547 5622 788 5670 sensum,
835 5604 924 5677 qui
980 5606 1338 5677 prm‘cmteris
1364 5604 1571 5677 priscis
1604 5605 1818 5677 populis

276 5676 549 5736 Romanos
574 5679 819 5749 suspicit,
847 5674 1063 5747 quia'hi
1092 5675 1294 5734 Christi
1322 5674 1442 5732 luCe
1467 5674 1614 5743 digni
1651 5675 1818 5730 habiti

1913 4488 2056 4533 anno
2084 4469 2290 4525 addidit
2316 4465 2507 4521 Jauum
2534 4471 2587 4518 et
2614 4460 2881 4516 Februum
2906 4454 3035 4526 (IO),
3060 4466 3248 4520 nempe
3266 4447 3468 4502 Janua-

1914 4567 2057 4623 rium
2093 4569 2256 4633 atque
2282 4554 2657 4618 Februarium,
2681 4566 2806 4607 cum
2837 4549 3021 4604 decem
3041 4550 3197 4598 antea
3224 4542 3469 4597 diceren-

1915 4664 2076 4805 mIII.
2115 4744 2305 4801 Tullus
2331 4739 2592 4796 Hostilius
2621 4733 2731 4806 (II)
2762 4731 2919 4787 annis
2948 4741 3118 4783 xxxn.

1988 4840 2077 4896 IV.
2118 4840 2300 4894 Ancus
2327 4836 2558 4892 Marcius
2583 4829 2740 4885 annis
2762 4840 2922 4881 xxtn.

1989 4930 2055 4986 V.
2095 4929 2423 4999 Tarquinius
2464 4924 2683 4980 Priscus
2734 4918 2891 4974 annis
2958 4928 3140 4969 xxxvii
3189 4911 3321 4983 (I2).
3372 4908 3473 4966 IIic

1919 5025 2008 5082 isti
2037 5024 2197 5078 ﬁnem
2227 5019 2447 5074 faciunt.

1919 5191 2067 5244 sunt,
2099 5183 2227 5235 dum
2253 5193 2432 5235 rerum
2457 5174 2632 5230 adhuc
2661 5172 2982 5244 potirentur.

1993 5252 2067 5322 (8)
2098 5252 2387 5312 Eusebius,
2412 5244 2721 5322 Carpamus.

1987 5314 2061 5396 (‘9).
2088 5323 2257 5396 Aliter
2290 5321 2349 5396 i_n_
2366 5318 2554 5396 codice
2591 5314 2910 5396 Etlsehtano.

1989 5383 2100 5465 (ιδ)
2128 5394 2184 5447 ιιι
2214 5387 2619 5465 mal-June"!
2644 5383 2982 5465 esset»;
3087 5452 3099 5465 .

2016 5445 2103 5521 ιιι
2122 5445 2296 5518 ὥρια.
2310 5445 2609 5520 Samuelis,
2632 5445 2929 5509 ldiliuszt
2946 5451 3230 5521 Eusebius,
3253 5445 3465 5521 Qu’lius.

2016 5474 2070 5521 II
2122 5474 2296 5518 Codd.
2319 5474 2609 5520 Samuetts,
2632 5474 2843 5509 lamus.
2863 5474 2929 5506 ﬁt
2946 5474 3230 5511 ηυδευιιιδ,
3253 5474 3465 5503 vuum.

1991 5474 2104 5607 (12)
2140 5533 2254 5607 Duo
2287 5544 2464 5607 reges.
2504 5527 2884 5583 desiderantur
2907 5522 3112 5578 Servius
3158 5518 3387 5582 Tullius,
3416 5521 3470 5569 et

1924 5597 2239 5677 Tarquinius
2277 5597 2560 5669 Superbus.
