4008 6204
497 253 603 310 635

1483 244 1822 300 APPENDIX
1857 245 1958 299 AD
1989 245 2255 301 EUSEBII
2289 246 2700 308 CHRONICON.

3635 254 3745 310 656

571 366 701 422 Post
751 381 907 437 reges
946 364 1278 436 praefuerunt
1331 363 1515 418 Romae
1564 365 1817 420 consules
1849 380 1877 418 a
1905 364 2071 419 Bruto
2099 371 2144 427 Α
2173 368 2357 428 sitam,
2383 385 2544 438 quam
2574 379 2628 424 et
2653 368 2938 423 Harchiam
2963 370 3312 440 nuncupavit.
3336 368 3561 425 Interim
3583 355 3768 428 Belus:

463 459 726 523 ‘exorsi;
783 457 980 512 deinde
1031 455 1255 519 tribuni,
1313 470 1440 508 mox
1492 455 1786 510 dictatores
1839 457 2070 526 (nempe

2171 457 2224 510 in
2289 459 2524 528 reliquos
2571 475 2764 515 omnes
2814 459 3150 514 dominatum
3205 461 3464 530 adeptus,
3514 443 3770 517 Haicum'

502 551 878 619 eloquentes);
925 564 1119 603 rursus
1157 547 1431 609 consules,
1471 547 1566 615 qui
1609 561 1638 598 a
1677 545 1974 618 Tarquinio
2004 548 2071 602 ad
2169 562 2384 617 quoque
2424 549 2746 619 Babylonem
2783 550 3011 602 accersit
3050 568 3062 602 :
3095 565 3326 620 cumque
3363 549 3566 606 Haicus
3594 534 3766 606 man:

503 641 694 696 Caium
724 639 926 694 Julium
958 639 1282 693 exstiterunt
1312 637 1469 690 annis
1497 651 1716 692 ccccu.

572 732 703 787 Post
762 733 860 786 bos
919 745 1060 784 anno
1129 730 1298 783 altero
1361 729 1668 784 centesima
1731 729 2074 798 octogesima:

502 834 718 895 quartae
753 821 1079 894 Olympiadis
1107 836 1373 876 summam
1419 829 1737 891 potestatem
1787 822 1926 890 apud
1966 821 2075 875 Ro-

507 931 696 972 manos
741 914 978 970 exercuit
1015 911 1178 967 Caius
1216 911 1393 966 Julius
1433 913 1590 967 annis
1632 914 1892 983 quinque,
1927 930 2077 968 men-

507 1010 660 1065 sibus
739 1015 941 1076 septem
997 1006 1198 1060 minus.
1264 1003 1398 1058 Exin
1458 1002 1730 1058 Caesarum
1793 1005 2076 1075 app.llatio

508 1099 764 1154 obtinuit.
806 1097 924 1152 Jam
975 1099 1081 1151 huc
1120 1112 1294 1166 usque
1338 1095 1465 1149 anni
1499 1095 1608 1150 duo
1636 1097 1931 1166 Cleopatrze
1974 1115 2078 1151 nu-

512 1197 827 1256 merantur;
876 1187 1115 1257 reliquos
1165 1185 1357 1256 viginti
1397 1184 1580 1240 eadem
1628 1187 1731 1241 sub
1792 1185 2054 1242 Romanis

513 1281 783 1352 exigebat.

581 1375 854 1444 Augustus
883 1371 1041 1426 annis
1066 1385 1174 1436 LVI,
1213 1368 1492 1424 mensibus
1517 1383 1593 1425 vt.
1619 1369 1702 1424 Ab
1731 1370 1890 1439 hujus
1907 1371 2080 1439 primo

517 1480 660 1518 anno
693 1463 1017 1518 Antiocheni
1045 1476 1174 1518 suos
1206 1475 1380 1516 annos
1411 1472 1719 1516 numerant.
1749 1461 1922 1531 Ilujns
1953 1463 2079 1517 item

513 1570 655 1609 anno
677 1555 887 1611 decimo
910 1553 1217 1609 .Iudzeorum
1242 1553 1498 1623 praesules
1528 1554 1693 1608 amoti
1718 1561 1866 1618 sunt,
1899 1569 2084 1621 regna-

512 1645 694 1714 vitque
774 1642 1014 1699 Herodes
1047 1642 1366 1711 alienigena.
1443 1639 1580 1696 Ecce
1627 1649 1804 1696 autem
1854 1639 2081 1710 Augusti

513 1739 684 1792 altero
709 1744 762 1791 et
789 1735 1225 1806 quadragesimo,
1255 1731 1485 1787 Herodis
1520 1733 1689 1787 altero
1723 1742 1776 1786 et
1805 1734 2080 1789 tricesimo
2112 1716 2153 1771 Β

514 1844 676 1893 anno,
704 1845 898 1884 carens
929 1835 1170 1896 tempore
1203 1825 1386 1881 qus
1415 1824 1511 1880 Dsl
1549 1832 1736 1878 sancta
1767 1839 1833 1879 ex
1861 1823 2083 1895 Virgine

513 1922 759 1977 nascitur
783 1921 837 1974 in
867 1927 1110 1989 tempore
1133 1917 1265 1987 (l5).

1103 2049 1331 2104 CAPUT
1373 2048 1482 2106 Vll.

857 2163 1067 2218 Jabethi
1103 2165 1350 2231 prosapia
1389 2163 1729 2218 Armeniaca.

582 2277 803 2332 Priores
841 2275 976 2330 duas
1015 2276 1391 2346 genealogias,
1427 2273 1574 2329 Semi
1626 2273 1878 2327 videlicet
1921 2281 2086 2343 atque

515 2367 724 2432 Chami,
755 2367 989 2422 breviter
1022 2368 1418 2431 recensnimus,
1443 2365 1789 2434 easdemque,
1821 2373 2081 2434 quantum

513 2461 696 2522 licuit,
730 2475 826 2530 per
857 2460 1236 2514 successiones
1265 2469 1318 2514 et
1352 2466 1594 2528 tempora
1625 2456 1692 2511 ad
1726 2471 1848 2511 eum
1880 2473 2081 2511 annum

518 2567 688 2622 usque
727 2551 1072 2618 deduximus,
1114 2567 1224 2622 quo
1284 2549 1659 2605 manifestatus
1703 2558 1785 2604 est
1827 2549 2086 2602 Dominus

517 2647 608 2716 qui
655 2645 945 2699 humanam
986 2652 1177 2714 sponte
1215 2651 1464 2696 naturam
1495 2641 1742 2696 adscivit.
1771 2641 1883 2708 Age
1917 2654 2081 2704 nunc,

516 2737 656 2807 quod
701 2737 948 2807 superior
993 2736 1168 2791 oratio
1215 2742 1401 2789 nostra
1442 2733 1723 2803 promisit,
1770 2732 1835 2785 ad
1872 2729 2084 2785 Jabethi

515 2844 732 2899 quoque
751 2828 1059 2900 progeniem
1081 2825 1493 2880 describendam
1521 2821 1845 2878 accedamus
1883 2840 1896 2876 :
1929 2821 2085 2890 cujus

517 2921 841 2977 successivae
861 2920 1263 2991 procreationes
1289 2921 1354 2971 ad
1378 2915 1607 2971 Parthos
1631 2931 1802 2985 usque
1821 2913 2082 2978 deﬂuunt,

523 3031 627 3086 quo
669 3015 725 3068 lit
775 3023 832 3069 ut
877 3029 1001 3067 eum
1048 3012 1301 3081 denique,
1332 3010 1424 3079 qui
1469 3009 1596 3064 fecit
1637 3017 1865 3077 utraque
1894 3023 2082 3070 unum,

524 3107 829 3170 Dominum,
888 3106 1132 3175 inquam,
1185 3111 1429 3157 nostrum
1494 3101 1891 3170 contingamus.
1951 3077 2155 3152 Cumc

524 3199 682 3270 igitur
725 3199 963 3268 przedicti
1003 3196 1269 3252 sermonis
1304 3195 1474 3249 nostri
1514 3209 1708 3247 cursus
1751 3192 1816 3245 ad
1845 3191 2088 3260 Thorgo~

525 3307 670 3345 mum
699 3291 994 3355 devenerit,
1028 3288 1272 3358 sequitur
1302 3294 1360 3340 ut
1393 3286 1460 3340 ab
1489 3301 1553 3340 eo
1582 3286 1701 3340 loco
1722 3286 2087 3340 narrationem

525 3396 714 3436 rursus
739 3382 1107 3436 exordiamur.
1569 3443 1571 3446 ,

594 3472 646 3526 l.
697 3473 742 3525 Α
786 3471 1094 3542 Tliorgomo
1143 3470 1218 3523 ait
1285 3467 1490 3539 (Moses
1544 3467 1908 3531 Choreneusis,
1949 3485 1989 3535 ι,
2033 3468 2089 3540 9)

525 3572 862 3631 procreatum
896 3561 1142 3618 llaicum.
1176 3559 1293 3615 lam
1319 3560 1406 3615 hic
1429 3558 1632 3616 llaicns
1661 3577 1726 3615 ex
1752 3575 1940 3614 eorum
1973 3569 2090 3614 erat

525 3655 798 3724 gigantum
849 3670 1079 3708 numero
1129 3656 1221 3726 qui
1269 3654 1576 3724 arrogantia
1625 3652 1813 3706 tumidi
1866 3652 2086 3721 impium

524 3746 804 3800 consilium
868 3746 1245 3800 construendae
1287 3745 1452 3798 turris
1497 3751 1857 3814 pepererunt;
1888 3743 2089 3812 quique

525 3845 647 3906 post
671 3836 790 3905 ejus
818 3837 1075 3892 immanis
1099 3835 1312 3891 aedilicii
1339 3836 1552 3889 ruinam
1580 3849 1703 3888 cum
1732 3834 1842 3903 jam
1871 3834 2010 3888 inter
2031 3850 2090 3889 se

524 3939 745 3999 propter
800 3930 1104 4000 linguarum
1165 3928 1488 3983 divisionem
1542 3942 1652 3981 non
1704 3927 2086 3997 intelligerent,

525 4021 780 4092 superbia
825 4022 952 4075 elati
988 4030 1233 4076 mutuum
1273 4021 1607 4074 dominatum
1641 4018 1980 4074 ali'ectabant.
2016 4017 2087 4081 Is,

525 4114 758 4184 inquam,
796 4111 998 4166 [laicus
1059 4113 1185 4168 Belo
1232 4113 1499 4169 obsistere
1549 4129 1717 4168 ausus
1777 4119 1880 4177 est,
1931 4113 2088 4182 cujus

526 4205 765 4261 studium
815 4220 881 4260 eo
932 4205 1212 4274 spectabat
1255 4215 1333 4270 ut,
1390 4207 1606 4262 cunctis
1654 4205 1758 4260 sibi
1807 4204 2086 4274 subjectis,

526 4298 829 4368 generalem
877 4298 1216 4368 tyrannidem
1273 4307 1569 4353 exerceret.
1619 4296 1696 4353 Ne
1751 4297 1878 4351 Belo
1927 4297 2090 4366 igitur

527 4388 922 4459 obtemperaret
974 4388 1197 4452 llaicus,
1253 4404 1376 4443 cum
1425 4389 1553 4451 lilio,
1601 4403 1760 4458 quem
1820 4385 2090 4457 Babylone

528 4490 862 4551 susceperat,
909 4486 1230 4545 Armenaco,
1265 4481 1397 4552 petit
1454 4480 1780 4542 Araratiam,
1830 4479 2086 4534 trecentis

526 4571 661 4629 viris
705 4573 932 4644 aliisque
973 4572 1214 4638 advenis,
1245 4571 1334 4641 qui
1363 4586 1420 4625 se
1459 4571 1534 4624 illi
1559 4570 1943 4638 adjunxerant,
1967 4585 2090 4624 cor-

531 4663 834 4720 roboratus.
868 4662 945 4718 lbi
975 4677 1102 4718 vero
1139 4663 1205 4717 ad
1250 4663 1451 4716 montis
1501 4661 1712 4714 radices
1753 4659 2086 4713 domicilium

529 4756 746 4819 excitat,
799 4756 960 4825 idque
1017 4771 1141 4810 mox
1190 4756 1479 4810 Armenaci
1534 4754 1642 4807 lilio
1687 4752 1887 4806 Cadmo
1936 4753 2091 4805 attri—

531 4848 724 4914 buens,
769 4849 982 4917 longius
1035 4849 1146 4918 ipse
1205 4861 1522 4918 progressus
1571 4853 1655 4899 est
1701 4845 1764 4898 ad
1811 4846 2085 4914 regionem

533 4938 822 5008 quamdam
883 4938 1025 4992 inter
1075 4939 1206 4993 solis
1254 4953 1506 4993 occasum
1571 4945 1623 4990 et
1668 4938 2086 5006 septentrionem

603 5117 712 5187 (15)
745 5116 983 5187 Sanine"
1027 5124 1093 5187 put
1116 5115 1312 5185 cuique
1349 5115 1538 5187 legenti
1572 5121 1803 5187 constat,
1853 5115 2087 5187 priorem

534 5184 752 5241 Eusebii
785 5184 981 5255 librum
1027 5185 1131 5255 h_uc
1162 5184 1332 5255 usque
1361 5184 1418 5238 in
1451 5184 1828 5252 compendium
1865 5184 2084 5255 redegit.

533 5259 704 5312 Porro
733 5269 856 5325 cum
886 5253 1026 5325 idem
1048 5253 1418 5309 Romanorum
1451 5255 1802 5325 imperatores
1825 5254 1963 5306 ultra
1989 5253 2091 5325 pri-

535 5341 680 5382 mum
732 5323 813 5379 vel
856 5324 1082 5377 alterum
1124 5327 1391 5381 Ctesarem
1443 5341 1550 5378 non
1601 5322 1889 5384 describat,
1947 5322 2087 5380 haud

532 5397 736 5452 scimus
767 5410 831 5465 an
856 5395 984 5449 hinc
1004 5398 1197 5465 merito
1224 5396 1635 5465 conjectandum
1664 5394 1758 5458 sit,
1785 5391 2088 5451 Samuelem

533 5467 721 5521 mutilo
753 5464 968 5518 Eusebii
1012 5464 1198 5523 codice
1233 5464 1389 5522 usum
1439 5480 1577 5519 esse.

607 5536 718 5607 (l4)
763 5534 985 5590 Codices
1027 5536 1230 5608 aliique
1271 5538 1565 5606 scriptores
1615 5533 1815 5604 etiam,
1868 5539 2088 5594 Arame'

537 5623 718 5663 nacus.

605 5678 713 5748 (15)
757 5680 1082 5739 Manavazus
1114 5678 1263 5732 [laici
1295 5677 1434 5734 lilius
1459 5718 1473 5743 ,
1510 5678 1795 5736 Armcnaci
1827 5681 2012 5736 frater.

2171 638 2298 691 data
2352 656 2458 694 non
2501 639 2723 704 faceret,
2772 640 3052 709 egreditur
3100 641 3361 697 adversus
3403 658 3527 697 eum
3587 642 3754 697 Belus

2178 732 2407 787 immani
2450 734 2755 802 arrogantia
2799 731 2992 786 elatus.
3041 730 3145 786 Sed
3183 733 3325 786 enim
3371 733 3474 787 telo
3507 735 3651 788 ictus
3682 734 3755 787 ab

2173 823 2339 877 [laico
2371 824 2482 876 vita
2509 824 2772 893 spoliatur
2808 842 2821 877 :
2855 823 2944 892 qui
2971 823 3186 893 quidem
3229 825 3368 878 haud
3398 826 3586 894 paucis
3625 834 3758 896 post

2176 911 2339 966 annis
2369 913 2477 964 vita
2508 911 2793 981 producta,
2819 910 3040 966 ditionis
3063 913 3328 968 hwredem
3357 916 3597 969 moriens
3631 916 3759 969 reli—

2174 1004 2288 1074 quit
2311 1007 2690 1061 Armenacum.

2243 1096 2297 1152 2.
2341 1098 2674 1151 Armenacus
2707 1097 2816 1167 (l4)
2861 1095 3014 1150 Haici
3053 1095 3216 1157 ﬁlius.
3244 1107 3366 1167 post
3403 1099 3608 1153 obitum
3645 1116 3757 1170 pa-

2179 1184 2278 1238 tris
2300 1226 2314 1249 ,
2353 1183 2550 1238 fratres
2579 1185 2718 1238 duos
2747 1183 2984 1238 Chorum
3021 1193 3075 1239 et
3108 1184 3458 1240 Manavazum
3503 1189 3561 1242 in
3603 1188 3758 1243 Har—

2179 1274 2366 1329 cbensi
2418 1276 2696 1343 provincia
2737 1277 2989 1346 reliquit,
3029 1277 3268 1347 itemque
3311 1278 3507 1333 Bazum
3558 1279 3754 1335 Mana-

2178 1366 2295 1419 vazi
2330 1367 2437 1437 (l5)
2480 1368 2666 1421 ﬁlium.
2703 1367 2872 1422 Porro
2906 1385 2935 1422 a
2971 1369 3270 1426 Manavazo
3304 1369 3552 1440 Bazoque
3583 1371 3754 1427 dicta:

2181 1453 2432 1509 feruntur
2473 1458 2723 1527 satrapiae
2747 1457 3053 1513 Manavazia
3087 1469 3142 1516 et
3176 1461 3470 1524 Beznunia,
3506 1465 3755 1535 itemque

2182 1559 2246 1599 ea
2275 1562 2395 1615 qua:
2427 1545 2667 1602 Ordunia
2701 1550 3040 1618 appellatur:
3076 1567 3104 1604 a
3134 1550 3314 1606 Choro
3345 1563 3524 1608 autem
3556 1566 3757 1624 gentes

2184 1638 2631 1694 Cborcboruniaa.
2685 1641 2806 1710 Ipse
2837 1657 2964 1696 vero
2992 1643 3332 1699 Armenacus
3373 1645 3514 1698 ultra
3562 1655 3756 1702 trans-

2179 1745 2443 1799 gressus,
2496 1730 2550 1783 in
2603 1731 2828 1800 planitie
2883 1733 3126 1788 consedit
3171 1735 3317 1805 jugis
3365 1737 3754 1804 circumdata,

2181 1837 2408 1891 quorum
2435 1823 2646 1877 elatiori
2670 1840 2863 1879 nomen
2889 1827 3009 1880 fecit
3031 1828 3273 1897 Aragazo
3298 1847 3310 1883 :
3345 1838 3457 1882 tum
3481 1831 3761 1888 Armaaiso

2182 1919 2304 1982 post
2378 1913 2582 1983 aliquot
2651 1915 2775 1968 vitae
2825 1931 2996 1972 annos
3064 1919 3280 1986 genito,
3328 1919 3419 1972 diu
3468 1921 3591 1976 exin
3649 1939 3758 1976 su-

2182 2013 2390 2074 perstes
2425 2005 2638 2058 demum
2674 2013 2882 2061 natura:
2915 2007 3198 2062 satisfecit.

2251 2097 2304 2150 ’5.
2347 2095 2640 2150 Armazisus
2671 2096 2781 2168 (16)
2822 2099 3106 2152 Armenaci
3152 2099 3295 2156 ﬁlius
3327 2104 3611 2157 stationem
3641 2103 3760 2157 sibi

2183 2187 2235 2240 in
2269 2187 2406 2240 colle
2443 2187 2509 2241 ad
2543 2188 2719 2242 amnis
2746 2188 2917 2258 ripam
2950 2189 3203 2246 aedificat.
3251 2191 3426 2261 Atque
3455 2194 3758 2249 stationem

2182 2279 2400 2348 quidem
2441 2295 2542 2334 suo
2585 2277 2651 2334 de
2692 2282 2912 2336 nomine
2964 2282 3294 2336 Armaviram
3327 2285 3587 2354 appellat,
3623 2302 3759 2340 am-

2184 2387 2304 2425 nem
2336 2378 2512 2425 autem
2559 2388 2621 2426 ex
2668 2371 2861 2427 Erasto
2896 2383 3087 2442 nepote
3133 2390 3232 2428 suo
3276 2373 3561 2430 Erascbem
3593 2377 3763 2431 voci-

2185 2471 2260 2516 tat
2289 2463 2424 2533 (l7).
2462 2463 2583 2518 Mox
2620 2464 2859 2519 Saraeum
2893 2466 3056 2519 lilium
3080 2507 3093 2530 ,
3133 2469 3281 2536 prole
3325 2468 3541 2524 divitem
3585 2478 3764 2540 atque

2185 2569 2430 2619 voracem
2475 2557 2625 2626 (18),
2674 2557 2894 2612 boream
2937 2574 3127 2613 versus
3172 2561 3225 2612 in
3273 2571 3627 2631 campestrem
3672 2564 3766 2617 lo-

2185 2660 2310 2698 cum
2342 2646 2541 2700 emittit
2573 2649 2707 2704 satis
2738 2649 2955 2702 uberem
2989 2657 3042 2702 ct
3080 2649 3439 2705 fructuosum.
3475 2651 3647 2720 Hujus
3686 2655 3766 2710 de

2187 2735 2406 2791 nomine
2439 2738 2584 2808 regio
2609 2737 2698 2791 illa
2735 2738 2942 2793 Siracia
2994 2750 3305 2810 nuncupata
3363 2751 3467 2796 est.
3497 2741 3614 2797 Jam
3645 2746 3761 2800 Ar-

2187 2829 2406 2882 mmisus
2461 2828 2736 2884 Amasiam
2781 2833 3114 2900 procreavit,
3161 2833 3362 2890 diuaue
3409 2837 3586 2890 adhuc
3638 2839 3763 2894 vita

2187 2933 2322 2972 usus
2354 2933 2666 2987 supremum
2711 2919 2853 2973 diem
2885 2920 3036 2975 obiit.

2257 3008 2309 3062 4.
2350 3010 2598 3064 Amasias
2626 3010 2873 3066 Armaﬁsi
2912 3011 3086 3075 (ilius,
3125 3014 3284 3067 vitam
3319 3023 3527 3085 agitans
3553 3017 3764 3070 Arma—

2189 3099 2347 3162 virae,
2387 3099 2686 3156 Gelamium
2723 3103 2908 3172 genuit
2942 3111 2992 3157 et
3028 3101 3366 3160 Pbarochum
3404 3117 3563 3177 atque
3594 3106 3768 3162 Zola-

2189 3192 2355 3247 cium.
2395 3191 2538 3246 Idem
2577 3194 2774 3263 oppida
2807 3195 2914 3250 duo
2959 3197 3010 3250 in
3060 3197 3337 3254 radicibus
3382 3202 3580 3254 montis
3628 3201 3765 3254 {un-

2189 3281 2374 3348 davit,
2407 3285 2744 3355 totidemque
2788 3286 2914 3343 liliis
2959 3291 3073 3343 suis
3115 3289 3398 3344 incolenda
3444 3295 3758 3357 concessit,

2188 3370 2476 3430 Pbaroclio
2525 3378 2734 3432 scilicet
2781 3379 2905 3433 l'orti
2957 3388 3009 3436 et
3058 3379 3278 3436 Zolacio
3321 3381 3594 3448 formoso,
3630 3400 3764 3454 qua:

2190 3467 2403 3534 quidem
2443 3467 2631 3522 borum
2662 3471 2880 3524 nomina
2915 3473 3146 3527 retinent
3176 3471 3532 3529 Paracliotum
3561 3484 3615 3531 et
3644 3477 3761 3532 Zo-

2189 3555 2469 3611 laccrtam.
2525 3558 2753 3614 Montem
2800 3560 3032 3630 denique
3078 3563 3146 3617 de
3193 3580 3294 3619 suo
3344 3569 3566 3623 nomine
3614 3569 3762 3624 dixit

2191 3644 2471 3702 Masisium
2507 3650 2640 3720 (l9).
2684 3651 2733 3705 ls
2799 3666 2921 3705 cum
2952 3654 3108 3706 annis
3140 3664 3394 3722 praeterea
3426 3673 3534 3711 non
3558 3661 3759 3728 paucis

2187 3739 2350 3792 vitam
2385 3748 2780 3808 sustentasset,
2815 3743 3111 3799 Armavirm
3141 3746 3394 3801 decessit.

2258 3831 2311 3885 5.
2352 3830 2627 3888 Gelamius
2658 3833 2892 3890 Amasis:
2938 3836 3078 3890 [ilius
3126 3836 3379 3894 Harmam
3424 3843 3758 3910 procreavit.

2190 3917 2331 3972 idem
2369 3921 2626 3989 oppidum
2659 3922 2713 3976 in
2743 3938 2837 3977 ora
2880 3924 3033 3980 lacus
3080 3927 3362 3993 condidit,
3405 3937 3756 4000 montemque

2189 4012 2495 4080 proximum
2528 4012 2714 4068 Gclum
2747 4014 2913 4082 dixit,
2946 4017 3130 4070 urbem
3163 4015 3542 4084 Gelacuniam,
3568 4021 3752 4075 lacum

2188 4103 2419 4172 denique
2447 4121 2593 4160 mare
2622 4105 2973 4163 Gelacunium
3005 4109 3136 4180 (20).
3165 4110 3408 4166 Celamio
3442 4112 3579 4166 [ilius
3611 4115 3755 4170 alter

2189 4195 2292 4251 fuit
2319 4194 2541 4254 Sisacus
2560 4239 2574 4264 ,
2605 4202 2693 4254 cui
2723 4201 2860 4257 ﬁnes
2886 4203 3108 4259 ditionis
3132 4205 3415 4259 constituit
3445 4207 3512 4260 ab
3535 4223 3600 4261 eo
3626 4209 3755 4264 lacu

2188 4287 2448 4343 orientem
2481 4305 2702 4356 versus,
2737 4308 2840 4362 qua
2886 4291 3004 4347 ﬂuit
3033 4294 3209 4348 amnis
3243 4293 3511 4352 Erasches
3543 4297 3755 4368 ingenti

2190 4379 2402 4447 agmine
2429 4388 2482 4434 et
2513 4383 2740 4452 strepitu
2773 4384 2825 4437 in
2855 4400 2948 4440 eos
2979 4401 3198 4454 campos
3230 4386 3484 4456 delapsus
3526 4389 3620 4457 qui
3663 4390 3753 4445 di-

2189 4479 2390 4526 cuntur
2423 4472 2731 4531 Chalavazi.
2781 4475 2842 4528 Ei
2887 4476 3090 4546 regioni
3143 4495 3340 4533 nomen
3388 4487 3469 4534 est
3518 4480 3754 4539 Siunia:

2189 4563 2283 4617 sed
2310 4564 2648 4622 commodius
2692 4565 2870 4623 Persae
2915 4568 3101 4622 dicunt
3145 4569 3490 4626 Sisicaniam.
3543 4572 3752 4629 Urbem

2188 4656 2349 4710 etiam
2380 4657 2624 4712 condidit
2655 4658 2949 4716 Gelamiam
2993 4661 3058 4714 de
3103 4677 3202 4715 suo
3245 4663 3464 4718 nomine
3511 4663 3755 4730 dictam,

2188 4763 2310 4816 quae
2337 4757 2523 4818 postea
2554 4750 2621 4804 de
2653 4748 2886 4807 Garnico
2916 4761 3109 4821 nepote
3150 4753 3269 4822 ejus
3309 4752 3508 4808 Garnia
3553 4756 3756 4813 audiit.

2188 4837 2326 4893 Hinc
2389 4848 2542 4896 ortus
2595 4848 2678 4898 est
2729 4845 3035 4899 consecutis
3083 4847 3416 4914 temporibus
3484 4847 3586 4901 sub
3645 4849 3755 4903 Ar-

2191 4940 2410 4988 taxerxe
2429 4931 2669 4989 Varazus
2690 4936 2778 4989 ille
2798 4937 3141 4990 venationum
3167 4937 3451 5008 praefectus
3468 4938 3758 4995 Varaznu—

2261 5115 2372 5183 (l6)
2411 5117 2581 5171 Aliter
2613 5116 2810 5176 etiam,
2849 5118 3183 5176 Aramaisus.

2260 5185 2371 5254 (Π)
2412 5187 2612 5256 Nempe
2640 5187 2891 5240 Araxem.

2261 5260 2371 5327 (l8)
2411 5257 2736 5332 Conleratur
2761 5257 2863 5332 hac
2888 5273 3050 5328 super
3078 5275 3134 5315 re
3161 5261 3411 5332 adagium
3443 5261 3584 5332 apud
3609 5262 3755 5317 Clio.

2190 5325 2471 5382 renen'scm
2495 5366 2508 5389 ,
2545 5325 2686 5379 Hist.
2724 5343 2776 5391 ι,
2809 5328 2892 5381 Η.

2258 5398 2371 5466 (19)
2413 5395 2568 5466 Hunc
2616 5397 2867 5452 immanis
2928 5398 3229 5457 altitudinis
3285 5411 3518 5457 montem
3562 5401 3745 5457 divina

2189 5465 2359 5522 Biblia
2390 5465 2613 5536 aliaeque
2640 5477 2827 5536 gentes
2856 5469 3042 5522 dicunt
3071 5470 3286 5524 Ararat.

2263 5536 2372 5605 (ΞΟ)
2405 5533 2540 5611 βοά
2573 5533 2750 5611 mare
2781 5541 3128 5611 (iseulac‘um
3161 5544 3176 5608 )
3238 5543 3434 5611 posteri
3486 5542 3738 5596 dixeruu'

2191 5604 2670 5732 etiqpnwseluanium
2706 5604 2984 5665 abinsula
3018 5604 3282 5676 Sevania,
3319 5614 3406 5668 ubi
3453 5630 3543 5667 :n'x
3581 5621 3743 5682 capti.

2192 5694 2283 5732 ner
2325 5694 2335 5728 l
2379 5693 2444 5730 lCt
2471 5693 2514 5731 :s

2191 5693 2514 5746 liCl'dllllCllIS
