4008 6204
220 268 329 325 637

929 267 1275 323 SAMUELIS
1307 267 1625 323 ANIENSIS
1663 267 2003 323 SUMMARII
2043 262 2426 321 TEMPORUM
2459 261 2637 318 PARS
2673 261 2715 316 1.

3347 259 3452 317 638

226 387 331 440 nia
374 383 590 436 familia:
624 381 768 436 fons.
802 380 1014 436 "arma
1063 383 1171 436 lilio
1195 382 1470 438 Gelaniius
1522 383 1577 436 in
1630 400 1784 437 man-
1814 389 1855 445 Α
1955 381 2008 436 8.
2048 381 2191 435 Arai
2221 380 2380 434 Arao
2409 375 2577 448 geniti
2609 375 2751 431 filius
2793 376 3155 430 Anusavanus
3191 375 3310 430 fuit.
3353 374 3460 432 Hic:

223 477 366 533 datis
417 475 599 536 dedit,
662 484 720 529 ut
771 474 1066 528 Armavira
1127 475 1430 540 habitaret,
1491 475 1784 544 multisque

225 579 345 640 post
379 569 536 622 annis
578 569 883 623 exstinctus
903 577 1005 623 est.
1035 566 1230 621 Harma
1253 567 1493 622 Gelamio
1533 567 1746 637 genitus
1765 606 1781 633 ,

223 674 477 732 suscepto
503 660 612 714 lilio
641 661 866 726 Aramo,
901 669 1022 730 post
1049 675 1223 714 annos
1253 661 1459 729 aliquot
1485 660 1619 714 obiit

289 756 344 810 6.
386 757 618 809 Aramus
653 752 867 807 Harma
899 754 1040 808 filius
1074 768 1168 822 per
1209 752 1337 807 savi
1383 753 1570 806 martis
1611 762 1786 806 certa-

222 849 368 902 mina
397 863 454 902 re
486 861 624 915 saepe
650 845 907 916 praclare
930 854 1078 914 gesta
1103 845 1361 898 ditionem
1385 859 1539 898 suam
1569 859 1785 913 quaqua

222 954 411 992 versus
443 936 684 1007 protulit.
723 935 814 989 Ah
862 934 1022 1002 hujus
1071 934 1289 987 nomine
1335 947 1607 987 consensu
1655 949 1785 1002 gen-

222 1032 355 1083 tium
413 1028 654 1082 omnium
714 1027 863 1096 regio
917 1033 1100 1078 nostra
1155 1025 1419 1094 appellata
1469 1032 1598 1078 est:
1659 1039 1784 1077 nam

221 1119 392 1175 Craci
422 1119 642 1190 quidem
675 1117 962 1172 Armenios
985 1156 999 1177 ,
1033 1115 1153 1186 Syri
1199 1133 1327 1172 vero
1367 1125 1420 1170 et
1466 1115 1645 1170 Persa
1684 1116 1783 1168 Ar-

223 1211 435 1265 menicb
484 1227 586 1266 nos
630 1207 842 1264 dicunt.
889 1207 982 1262 Ille
1026 1206 1332 1277 Nycharum
1381 1206 1587 1262 Madent
1642 1207 1784 1261 bello

223 1306 439 1367 captum
483 1297 548 1352 de
585 1297 759 1352 turris
802 1312 958 1350 muro
986 1296 1289 1366 suspendit.
1319 1295 1578 1354 Enmdem
1611 1295 1783 1352 Ninus

226 1391 524 1445 secundum
553 1405 582 1443 a
612 1405 673 1444 se
701 1389 839 1442 dixit
869 1389 1026 1458 eique
1057 1389 1303 1443 diadema
1345 1389 1658 1459 margaritis
1698 1389 1782 1442 in-

230 1482 376 1549 signe
398 1487 612 1550 gestare
638 1478 906 1531 concessit
930 1519 944 1542 ,
975 1477 1188 1531 tametsi
1216 1477 1396 1546 specie
1427 1487 1606 1531 tenus.
1637 1477 1786 1530 Idem

233 1571 538 1628 Barsamum
567 1572 678 1625 vita
709 1572 962 1640 spoliavit
987 1591 998 1625 :
1031 1578 1142 1623 tum
1169 1578 1223 1624 et
1252 1571 1487 1623 titannm
1531 1569 1782 1638 Paapum

238 1665 499 1719 Chalidem
529 1678 560 1717 e
592 1661 1007 1716 mediterraneis
1029 1662 1301 1717 submovit
1320 1701 1334 1722 ,
1361 1671 1520 1730 atque
1549 1661 1600 1714 in
1630 1661 1782 1713 insu-

1888 474 2247 526 Anusavanus
2268 513 2282 538 ,
2309 471 2400 540 qui
2427 468 2605 524 Sausii
2634 482 2828 522 nomen
2852 467 2955 521 sibi
2984 467 3313 532 vindicavit,
3344 468 3453 521 for-

1889 564 2176 617 titudinem
2229 571 2282 617 et
2328 561 2669 632 prudentiam
2723 574 2779 613 re
2821 558 3091 626 dictisque
3135 558 3453 612 mirabiliter

1888 672 1998 726 pra
2025 671 2084 710 se
2109 655 2272 708 tulit:
2320 653 2458 722 apud
2508 650 2776 704 Zamaum
2817 657 3000 704 autem
3043 651 3183 704 miro
3219 650 3454 705 ludibrio

1889 745 2132 808 habitus,
2184 742 2541 796 nihilominus
2582 742 2884 794 amicorum
2931 740 3195 810 prasidiis
3247 749 3456 810 partem

1887 839 2217 906 aliquantam
2242 833 2479 904 regionis
2508 840 2710 886 nostra
2735 831 3044 901 impetravit
3067 849 3080 883 :
3109 847 3234 884 mox
3257 840 3316 886 et
3335 832 3457 884 uni-

1885 943 2117 981 versam.
2142 924 2271 979 Post
2301 925 2445 978 hunc
2472 923 2614 976 haud
2645 938 2742 992 pro
2770 923 2984 992 generis
3005 922 3150 991 jure,
3179 922 3270 976 sed
3296 930 3456 991 prout

1887 1019 2116 1089 quisque
2148 1026 2411 1086 tyrannus
2439 1014 2691 1084 potentia
2717 1014 2923 1067 viribus
2956 1012 3301 1082 praepollebat
3320 1052 3336 1078 ,
3366 1029 3457 1068 re-

1886 1109 2029 1178 gioni
2077 1114 2281 1161 nostra
2312 1107 2576 1160 universa
2605 1103 2868 1158 dominati
2900 1111 3060 1167 sunt,
3091 1119 3324 1173 quorum
3353 1120 3458 1158 no-

1887 1200 2030 1252 mina
2061 1198 2175 1250 hac
2212 1216 2224 1252 :
2257 1196 2521 1260 Paretus,
2557 1195 2835 1256 Arbocus,
2884 1192 3166 1257 Zavanus,
3207 1192 3458 1247 Pharna-

1883 1307 2009 1354 ces,
2042 1282 2258 1346 S'urius.
2307 1287 2479 1357 llujus
2525 1292 2683 1340 atate
2726 1281 2885 1338 Jesus
2933 1283 3064 1338 Navi
3102 1286 3186 1338 vir
3227 1286 3455 1350 calehs,

1885 1396 2109 1444 sanctus
2132 1396 2185 1444 et
2213 1387 2370 1442 fortis
2390 1399 2512 1440 cum
2531 1381 2866 1438 Chananaos
2891 1379 3215 1435 debellasset
3234 1419 3250 1443 ,
3279 1394 3345 1433 ex
3374 1378 3460 1433 his

1885 1481 2092 1549 aliquot
2117 1480 2316 1550 Agram
2351 1477 2742 1548 profugerunt,
2773 1474 3114 1543 navibusque
3142 1472 3460 1527 conscensis

1885 1572 2135 1626 Tharsiln
2169 1580 2391 1625 tenuere
2412 1609 2426 1632 ,
2457 1583 2576 1638 qua
2607 1583 2694 1620 res
2724 1570 2944 1619 constat
2973 1577 3041 1617 ex
3068 1562 3228 1615 titulo
3255 1563 3459 1614 colum-

1888 1663 1976 1716 nis
2010 1663 2062 1714 in
2113 1661 2297 1714 Africa
2342 1659 2608 1729 inscripto
2649 1657 2800 1712 hisce
2840 1654 3060 1710 verbis:
3091 1650 3354 1706 «Josuam
3383 1650 3461 1704 la-

243 1758 336 1810 lam
365 1755 651 1826 quamdam
687 1754 876 1808 Asiani
908 1756 1076 1809 maris
1109 1753 1304 1824 adegit.
1338 1753 1480 1807 Idem
1511 1754 1563 1806 in
1588 1769 1649 1807 ea
1680 1768 1787 1806 me—
1816 1723 1862 1780 Β
1893 1761 2104 1808 tronem
2138 1751 2406 1822 fugientes
2447 1763 2548 1803 nos
2585 1747 2863 1819 principes
2905 1745 3338 1800 Chananaorum
3371 1757 3462 1797 se-

244 1847 521 1899 diterranea
545 1846 764 1914 regione
787 1845 1055 1901 Mesacum
1087 1846 1256 1915 stirpe
1284 1859 1383 1898 sua
1409 1852 1588 1897 ortum
1619 1844 1788 1897 collo-

246 1938 402 1998 cavit,
447 1936 536 2005 qui
586 1934 857 1989 Mazacam
909 1936 1190 1994 condidit.
1244 1935 1544 1989 Caesaream
1599 1942 1788 2004 postea

246 2036 490 2082 vocatam.
541 2027 812 2081 Mandavit
839 2035 1100 2097 praterea
1131 2037 1287 2080 terra
1313 2026 1434 2096 ejus
1465 2025 1658 2081 incolis
1682 2065 1696 2087 ,
1731 2032 1790 2078 ut

247 2118 518 2173 llaicanam
574 2120 812 2188 linguam
873 2118 1258 2173 addiscerent:
1319 2117 1669 2187 quamobrem
1725 2133 1790 2172 ea

247 2227 382 2281 p1aga
407 2210 606 2264 dicitur
631 2229 662 2264 α
694 2208 889 2264 Gracia
920 2209 1115 2279 πρώτη
1147 2211 1432 2279 Ἀρμενία,
1462 2209 1668 2264 scilicet
1688 2209 1790 2262 Ar-

249 2303 404 2356 menia
431 2302 622 2373 prima.
671 2300 810 2356 Hinc
852 2302 917 2355 ad
961 2303 1092 2355 lines
1124 2317 1296 2370 usque
1327 2301 1578 2371 proprios
1623 2301 1790 2354 inter-

249 2390 402 2444 media
426 2392 539 2444 loca
560 2391 754 2444 incolis
780 2389 1159 2459 frequentavit,
1179 2407 1299 2461 qua
1321 2390 1590 2453 secunda,
1618 2392 1791 2446 tertia

246 2481 340 2536 imo
363 2490 413 2536 et
438 2494 644 2554 quarta
670 2483 941 2536 Armenia
983 2483 1372 2552 appellationes
1420 2491 1584 2536 nacta
1636 2491 1786 2538 sunt.

245 2571 356 2628 Hac
395 2575 458 2628 ad
506 2575 728 2629 verbum
769 2573 946 2629 Moses
990 2575 1122 2645 (21).
1173 2573 1369 2629 Verum
1416 2575 1508 2628 alii
1541 2574 1787 2629 historici

245 2667 440 2731 docent,
455 2682 485 2720 a
509 2668 756 2722 Casarea
779 2665 1134 2736 Cappadocia
1151 2667 1217 2720 ad
1240 2666 1514 2720 Ponticam
1545 2667 1755 2736 plagam
1772 2706 1788 2730 ,

243 2757 339 2812 dici
367 2761 590 2830 primam
635 2758 994 2823 Armeniam;
1043 2775 1074 2813 a
1123 2756 1298 2814 Ponto
1339 2759 1406 2814 ad
1450 2758 1797 2824 Melitenem,

242 2850 517 2906 secundam
563 2849 920 2916 Armeniam;
955 2850 1080 2903 hinc
1120 2851 1185 2902 ad
1225 2849 1442 2920 Zophia
1480 2852 1644 2914 lines,
1690 2858 1795 2904 ter-

240 2944 356 2996 tiam
378 2943 688 2996 Armeniam
715 2959 728 2996 :
753 2941 948 2996 exinde
975 2941 1040 2994 ad
1068 2941 1256 2996 urbem
1292 2941 1586 3014 Martyrum
1617 2944 1796 3013 appel-

240 3033 390 3086 latam
431 3031 542 3103 (22)
588 3033 642 3086 in
682 3031 887 3086 Alznia
924 3031 1218 3101 provincia
1262 3047 1496 3096 occasu,
1539 3042 1786 3104 quartam

240 3127 583 3192 Armeniam;
645 3141 800 3180 suam
873 3125 1106 3194 denique
1161 3125 1532 3195 magnitudine
1589 3126 1788 3196 insigni

239 3217 596 3286 provinciam,
639 3216 910 3272 Armenia
952 3215 1176 3286 majoris
1215 3216 1434 3270 nomine
1477 3217 1788 3270 distinctam

235 3311 394 3364 voluit
411 3310 544 3383 (25).
567 3309 672 3364 Sed
690 3311 833 3365 enim
862 3309 1025 3364 hasce
1043 3308 1342 3363 divisiones
1369 3307 1660 3362 Mauricius
1679 3307 1792 3376 (ω)

233 3401 598 3470 perturbavit,
630 3399 778 3469 quod
807 3399 896 3452 ubi
927 3414 1014 3452 res
1045 3399 1182 3451 feret
1227 3397 1483 3451 narrabo.
1526 3398 1788 3462 Aramus,

230 3493 382 3545 Arao
407 3490 618 3561 genito,
651 3492 946 3560 longavam
976 3490 1142 3542 vitam
1175 3487 1410 3556 denique
1435 3487 1648 3540 clausit.

301 3583 348 3636 7.
385 3582 578 3635 Araus
605 3580 828 3650 pulcher
854 3578 1035 3631 Arami
1069 3578 1210 3632 filius
1234 3576 1480 3630 eumdem
1511 3577 1789 3639 honorem,

231 3689 336 3744 quo
383 3683 536 3743 pater
589 3671 814 3726 affectus
864 3671 1076 3734 fuerat,
1131 3684 1161 3722 a
1213 3667 1350 3721 Nino
1398 3667 1600 3720 retulit.
1655 3664 1794 3719 Nino

233 3776 408 3822 autem
443 3766 717 3822 exstincto
742 3807 756 3830 ,
791 3773 1040 3834 proterva
1089 3763 1177 3816 illa
1223 3759 1543 3815 Samiramis
1577 3759 1791 3812 Araum

237 3859 512 3928 cupiditati
542 3873 655 3912 sua
685 3858 905 3910 minime
933 3857 1318 3925 obsequentem
1348 3853 1488 3908 bello
1512 3862 1794 3922 persecuta

239 3957 348 4013 est,
376 3957 434 4002 ut
465 3949 521 4002 in
556 3963 710 4002 suam
746 3954 1066 4017 potestatem
1100 3945 1399 4014 redigeret,
1437 3943 1529 4012 qui
1575 3943 1794 3995 interim

245 4041 296 4094 in
325 4041 573 4096 conﬂictu
602 4039 800 4094 bellico
827 4040 1005 4108 periit.
1051 4037 1258 4094 Exinde
1289 4035 1576 4106 impudens
1605 4033 1791 4088 eadem

248 4130 556 4186 Samiramis
595 4132 864 4185 munitum
912 4128 1043 4183 illud
1098 4128 1354 4199 oppidum
1397 4128 1667 4194 condidit,
1707 4126 1797 4180 cui

249 4224 312 4278 ad
341 4226 474 4278 hanc
506 4240 680 4293 usque
709 4223 852 4276 diem
886 4230 1067 4275 manet
1093 4220 1381 4290 appellatio
1411 4218 1524 4274 Van
1559 4219 1670 4290 (25)
1701 4237 1714 4272 :
1743 4219 1798 4272 in

251 4313 554 4372 Cardosium
592 4324 806 4378 autem,
848 4314 987 4368 Arai
1023 4313 1190 4366 lilium
1229 4322 1476 4380 captum,
1518 4312 1658 4366 Arai
1702 4326 1800 4365 no-

1898 1844 1994 1899 des
2040 1844 2144 1897 huc
2185 1843 2566 1897 transtulimus
2613 1839 2746 1910 (26).
2789 1859 2806 1891 1
2833 1837 2908 1891 Ex
2933 1837 3000 1891 iis
3029 1851 3172 1890 unus
3219 1832 3461 1889 Chnidas

1895 1939 2067 1992 multo
2096 1936 2523 1992 honestissimus
2556 1935 2697 1990 inter
2731 1940 3003 1988 nostrates
3030 1929 3338 1985 Armeniam
3383 1938 3462 1982 te-

1896 2031 2034 2085 nuit.
2089 2029 2340 2083 Profecto
2392 2043 2449 2082 re
2486 2027 2674 2082 sedulo
2700 2024 3042 2080 considerata
3070 2028 3284 2091 gentem
3310 2018 3458 2073 Gen-

1896 2122 2142 2175 thuniam
2172 2121 2239 2174 ab
2264 2135 2330 2174 eo
2350 2126 2702 2189 propagatam
2734 2114 3089 2186 cognovimus
3115 2131 3127 2165 :
3159 2119 3212 2164 et
3241 2108 3456 2180 quidem

1896 2215 2050 2284 origo
2079 2213 2384 2267 Chananaa
2418 2209 2665 2263 moribus
2708 2208 2884 2278 gentis
2919 2204 3090 2273 ipsius
3119 2200 3453 2270 coarguitur.

1967 2307 2022 2361 9.
2062 2303 2194 2358 Post
2236 2302 2456 2356 Surium
2502 2299 2883 2360 llavanacius,
2925 2293 3223 2355 Vastaeus,
3260 2289 3458 2344 llaica-

1897 2400 2034 2455 eius.
2089 2395 2148 2449 In
2206 2401 2420 2448 atatem
2472 2391 2691 2446 Belochi
2725 2387 2838 2460 (27)
2889 2384 3178 2440 llaieacius
3226 2381 3459 2436 traditur

1899 2489 2192 2549 incidisse,
2226 2484 2446 2553 fatoque
2477 2482 2798 2553 perfunctus
2847 2481 2900 2534 in
2942 2477 3178 2548 quodam
3222 2475 3466 2530 tumultu

1898 2592 2100 2638 temere
2133 2579 2201 2632 ab
2232 2593 2290 2631 se
2325 2575 2619 2629 concitato.
2655 2572 2832 2627 Secuti
2863 2580 2983 2624 sunt
3013 2569 3289 2622 Ambacus
3309 2605 3324 2629 ,
3354 2565 3462 2618 Ar-

1898 2689 2070 2731 nacus
2089 2713 2104 2737 ,
2139 2670 2438 2732 Savarsus,
2464 2666 2718 2721 Norarus
2743 2705 2759 2730 ,
2789 2664 3058 2717 Varamus
3079 2703 3094 2728 ,
3127 2660 3333 2723 Garus,
3361 2657 3463 2712 Go-

1899 2781 2096 2828 racus,
2153 2762 2434 2822 Rhanlus,
2491 2757 2782 2820 Enzacus,
2839 2754 3102 2814 Gelacus,
3157 2751 3458 2814 llauraus,

1901 2855 2226 2911 Zarmarus.
2264 2850 2364 2905 llic
2397 2857 2708 2920 postremus
2738 2847 2867 2901 dum
2914 2844 3132 2898 Priamo
3170 2841 3469 2895 auxiliatur

1901 2963 1931 3003 a
1965 2946 2212 3000 Taulano
2241 2943 2352 3012 (28)
2390 2941 2593 2996 missus
2627 2955 2750 2996 cum
2795 2938 3112 3007 Ethiopum
3152 2933 3393 2989 exercitu
3428 2947 3465 2988 a

1902 3040 2136 3094 fortibus
2168 3035 2370 3091 Gracis
2405 3036 2765 3104 interemptus
2811 3039 2914 3087 est.
2966 3027 3169 3084 Deinde
3207 3025 3471 3094 Perzius,

1892 3131 2082 3186 Davidi
2115 3127 2330 3183 lsraelis
2357 3127 2469 3196 regi
2509 3123 2964 3193 contemporalis.
2991 3120 3127 3174 Tum
3156 3119 3452 3182 Arbunins,

1890 3221 2135 3277 Bazucus
2155 3261 2169 3284 ,
2207 3218 2396 3283 lloius,
2425 3217 2682 3280 Jusacus,
2713 3204 3018 3284 Capacius,
3061 3210 3412 3267 Schaordius
3433 3249 3448 3272 ,

1891 3313 2161 3368 Pararus.
2185 3311 2283 3366 llic
2308 3310 2555 3364 Pararus
2578 3308 2873 3363 Schaordii
2903 3308 3044 3361 filius
3064 3347 3077 3369 ,
3111 3305 3261 3360 [laici
3285 3305 3455 3375 stirpe

1891 3417 2079 3471 ortus,
2128 3406 2271 3460 vires
2318 3419 2441 3457 cum
2492 3401 2736 3456 Varbace
2778 3400 2930 3454 Medo
2975 3398 3042 3452 ad
3089 3395 3462 3466 Sardanapal-

1893 3496 2003 3552 l'um
2029 3511 2196 3566 regno
2223 3493 2563 3564 spoliandum
2593 3493 2824 3547 contulit
2851 3510 2864 3546 :
2891 3490 3240 3560 quamobrem
3267 3489 3456 3545 diade—
3521 3501 3526 3506 '

1895 3597 2038 3644 male
2069 3604 2100 3642 a
2129 3586 2369 3642 Val-bace
2393 3588 2649 3650 donatus,
2679 3586 2888 3657 primus
2916 3599 2983 3639 ex
3013 3580 3268 3638 Haicanis
3296 3597 3460 3637 coro-

1896 3688 2060 3735 natus
2093 3686 2200 3734 est.

1969 3772 2056 3825 l0.
2096 3769 2383 3824 Rhaciaus
2408 3768 2602 3822 Parari
2633 3767 2774 3822 ﬁlius
2814 3782 3010 3822 nomen
3045 3765 3281 3820 Rhaciai
3333 3764 3462 3818 ade-

1899 3871 2024 3932 ptus
2064 3871 2149 3917 est
2192 3861 2258 3915 ab
2308 3862 2593 3915 oculorum
2631 3858 2914 3928 flagrantia
2950 3859 3243 3926 vultusque
3285 3857 3467 3924 splen-

1898 3955 2030 4008 dore
2063 3954 2195 4023 (29).
2228 3952 2403 4022 llujns
2433 3959 2590 4006 atate
2621 3966 2744 4005 cum
2777 3949 3350 4004 Nabuchodonosorus
3375 3946 3462 4001 Je-

1900 4047 2298 4114 rosolymorum
2323 4045 2470 4097 cives
2494 4043 2549 4095 in
2573 4041 2942 4110 captivitatem
2965 4039 3285 4094 abduxisset
3305 4078 3320 4102 ,
3353 4037 3476 4107 ipse

1900 4135 2117 4205 quidem
2149 4134 2463 4202 optimatem
2493 4131 2785 4201 quemdam
2815 4147 2845 4186 e
2871 4130 3105 4201 captivis
3132 4129 3332 4185 Judais
3367 4145 3472 4184 no-

1905 4228 2048 4282 mine
2084 4224 2470 4280 Schambatnm
2502 4239 2532 4277 a
2561 4223 3097 4279 Nabuchodonosoro
3127 4221 3475 4292 impetravit,

1903 4334 2064 4388 quem
2108 4317 2505 4387 perbonorilice
2549 4315 2691 4387 apud
2726 4331 2785 4370 se
2825 4315 3056 4369 habuit:
3094 4323 3255 4384 atque
3294 4329 3361 4368 ex
3403 4328 3478 4368 eo

253 4422 362 4462 me"
387 4407 686 4462 ῑΐίλῐιεῑυιῖι·
721 4405 814 4458 "la
850 4419 974 4457 n10"
1003 4419 1033 4456 ³
1064 4402 1352 4457 Ζοτοίιεῑνθ
1377 4417 1569 4472 ⁸³³8ον
1617 4401 1804 4456 Media?
1836 4415 1879 4469 D
1908 4427 2040 4481 gens
2068 4409 2393 4480 Bagratunia
2421 4408 2683 4462 manavit.
2709 4407 2888 4474 Quare
2915 4414 2968 4461 et
2999 4405 3238 4461 Sembati
3271 4420 3476 4462 nomen

254 4503 512 4574 principe,
544 4489 686 4557 bello
715 4500 949 4570 appetita
983 4505 1066 4552 est
1097 4517 1109 4551 :
1145 4498 1213 4552 ab
1257 4513 1321 4551 eo
1362 4497 1570 4553 scilicet
1601 4498 1802 4553 Zoroa-

255 4605 388 4659 stre,
417 4596 503 4648 cui
534 4594 831 4664 quotannis
875 4593 928 4646 in
973 4590 1282 4644 Armeniam
1324 4591 1596 4647 ventilans
1638 4592 1807 4663 Assy-

255 4689 379 4739 riam
422 4684 711 4756 regendam
754 4683 1121 4753 permittebat.
1170 4681 1226 4734 ld
1265 4681 1464 4736 bellum
1495 4684 1653 4739 Arao
1671 4699 1806 4754 quo-

253 4792 348 4846 que
379 4777 512 4832 Arai
543 4776 654 4830 lilio
692 4775 852 4828 fatale
883 4774 984 4827 fuit
1012 4792 1024 4828 :
1057 4772 1185 4842 quin
1227 4779 1281 4827 et
1318 4774 1528 4842 impura
1569 4773 1807 4828 Samira-

253 4867 350 4923 mis
386 4866 523 4935 dum}
561 4865 739 4936 fugam
771 4866 824 4918 in
875 4863 1186 4918 Armeniam
1217 4863 1454 4927 molitur,
1490 4863 1685 4920 Zamai
1713 4867 1805 4920 lilii

254 4959 331 5012 sui
356 4974 548 5022 manu,
578 4957 670 5027 qui
701 4965 784 5011 est
812 4955 1020 5011 Ninuas
1039 4996 1054 5021 ,
1090 4955 1372 5010 interfecta
1400 4965 1503 5010 est.

320 5136 426 5204 (ει)
472 5135 643 5199 Hiu.,
676 5151 726 5198 ι,
765 5134 947 5189 11-13.

317 5199 424 5276 (22)
466 5206 596 5276 Hac
651 5207 784 5259 urbs
818 5206 1058 5276 antiquo
1107 5202 1325 5276 nomine
1363 5199 1799 5276 gap/terarum,

254 5269 504 5331 hodierno
545 5275 893 5344 Mupharg/Iin
915 5316 928 5329 .
970 5269 1078 5327 sub
1119 5275 1334 5342 juniore
1362 5269 1668 5325 Theodosio
1697 5273 1805 5325 dici

255 5291 504 5331 nomerno
545 5291 636 5328 Mt!
675 5291 928 5344 uargmn.
977 5291 1078 5327 sun

253 5345 404 5414 vulgo
437 5348 606 5415 capit
633 5291 766 5399 Ειὺε
797 5344 1117 5412 Martyrum.

319 5417 425 5486 (εδ)
467 5418 722 5470 Aramus.

315 5483 422 5556 (24)
465 5486 607 5539 Nihil
639 5487 740 5556 hac
771 5502 934 5554 super
961 5499 1016 5556 re
1040 5483 1344 5556 posteriore
1376 5486 1428 5556 in
1461 5495 1621 5556 parte
1642 5484 1804 5536 Sum-

252 5554 410 5611 marii‘
435 5557 625 5613 scribit
663 5555 880 5610 Samuel
923 5555 987 5608 ad
1037 5555 1353 5623 imperantis
1384 5554 1624 5610 Mannicii
1669 5565 1803 5607 lem-

255 5640 399 5694 pora.

318 5697 428 5755 ηδ)
473 5695 624 5749 Nunc
654 5695 814 5749 etiam
852 5696 952 5750 ista
989 5696 1041 5746 in
1071 5695 1202 5749 urbe
1233 5711 1458 5761 magnus
1500 5693 1800 5746 TUI'Ulllllll

1905 4511 1990 4559 est
2019 4519 2048 4556 a
2080 4501 2423 4558 Schambato.
2452 4501 2582 4558 Post
2612 4501 2919 4557 Rhaciaum
2954 4501 3199 4555 diadema
3227 4497 3475 4555 Pharna-

1907 4611 2004 4650 vas
2033 4594 2262 4663 adeptus
2289 4597 2371 4648 est
2397 4611 2408 4646 :
2445 4604 2557 4647 tum
2586 4591 2868 4656 Pazazus,
2901 4590 3200 4654 Cornacus,
3232 4590 3473 4658 Pharus,

1908 4685 2182 4741 llaicacus
2201 4725 2214 4748 ,
2248 4683 2534 4739 Ervandus
2551 4725 2566 4750 ,
2604 4682 2884 4752 Tigranes.

1982 4779 2070 4832 ll.
2114 4777 2211 4832 llic
2246 4775 2512 4846 Tigranes
2541 4775 2783 4830 omnium
2813 4774 2907 4843 qui
2941 4772 3044 4827 sibi
3077 4779 3470 4842 pracesserant

1910 4869 2325 4942 potentissimus
2361 4869 2462 4921 fuit
2490 4885 2502 4920 :
2533 4866 2691 4935 cujus
2719 4866 3030 4934 prastantis
3052 4865 3333 4935 dignitatis
3359 4865 3470 4918 lau-

1908 4963 2004 5014 des
2045 4975 2112 5014 ex
2149 4959 2377 5014 historia
2408 4959 2598 5027 'niagni
2638 4955 2803 5011 Mosis
2846 4970 3177 5026 cognoscere
3228 4955 3371 5010 licet.
3416 4957 3478 5011 ls

1912 5143 2129 5202 satrapa
2161 5133 2324 5203 degit.

2003 5199 2094 5273 26')
2145 5199 2312 5265 Rem,
2363 5210 2558 5273 prater
2606 5201 3008 5273 Charenenscm
3057 5199 3312 5273 Hist.,_l,
3365 5199 3465 5262 18,

1909 5269 2098 5328 narrat
2126 5269 2426 5342 Procopius
2458 5272 2593 5328 Bell.
2630 5272 2798 5326 Vand.
2829 5271 2920 5342 lib.
2955 5285 3028 5332 11,
3072 5272 3172 5334 lU,
3203 5269 3469 5323 illustrat-

1909 5361 2015 5414 que
2050 5341 2355 5414 Bochartus
2387 5342 2543 5410 Geog.
2575 5359 2715 5396 sacr.
2750 5358 2804 5406 1,
2840 5341 2930 5394 24.

1984 5415 2099 5485 (27)
2139 5413 2305 5485 Regis
2333 5413 2704 5485 Assyriorum.

1982 5480 2095 5552 (’28)
2137 5480 2338 5537 Confer
2362 5480 2653 5536 Eusebium
2691 5480 2862 5552 1,715,
2895 5481 2948 5540 4,
2969 5481 3020 5533 5.

1981 5547 2091 5624 (29)
2123 5554 2361 5607 Aliorum
2383 5567 2598 5624 quoque
2619 5551 2897 5606 nominum
2919 5552 3101 5604 liceret
3117 5547 3470 5620 etymologia:

1912 5623 2199 5695 plcraSque
2234 5623 2438 5677 venari.
