4008 6204
570 298 674 354 6'59

1544 301 1885 360 APPENDIX
1918 307 2010 361 AD
2042 307 2310 364 EUSEBII
2351 310 2764 370 CHRONICON".

3684 324 3797 381 640

568 428 747 469 nonius
776 421 895 468 erat
921 429 951 468 a
982 412 1197 470 Panero
1226 416 1401 487 primo
1444 433 1572 487 rege
1591 457 1608 483 ,
1648 420 1715 474 ad
1759 437 1919 492 quem
1963 424 2130 480 Sene—
2158 431 2205 486 Α
2235 426 2474 497 prudens
2487 439 2650 497 esset,
2668 433 2834 486 multa
2855 448 2918 486 ac
2936 435 3189 504 perutilia
3208 435 3454 491 instituta
3474 438 3794 509 adornavit,
3832 426 3843 459 ί

565 504 796 560 cberimi
828 504 923 558 lilii
957 504 1385 563 Adramelecbus
1416 517 1471 564 et
1514 511 1823 568 Sauasarus
1864 530 1988 569 cum
2034 531 2128 585 pa-

565 605 773 651 rcutem
821 596 1231 654 interfecissent
1280 599 1392 671 (50)
1445 602 1823 673 profugerunt.
1878 606 2124 663 Parazrus

564 700 745 743 autem
783 686 1115 757 Sanasarum
1144 692 1201 744 in
1229 692 1480 761 partibus
1509 694 1789 765 Assyriam
1829 698 2123 766 spectanti-

564 780 667 835 bus
714 780 1033 846 collocavit,
1079 782 1237 852 cujus
1288 784 1490 839 sobolis
1532 785 1863 842 incrementa
1913 787 2120 843 Simum

564 879 802 926 montem
840 872 1213 939 repleverunt,
1247 890 1313 929 ex
1347 876 1523 947 iisque
1552 880 1797 932 nonnulli
1834 881 2120 950 prudentia

562 971 618 1018 et
649 963 904 1018 fidelitate
933 966 1213 1034 conspicui
1260 967 1610 1038 praefecturas
1648 972 1928 1026 consecuti
1971 982 2118 1027 sunt.

560 1053 680 1109 Jam
708 1056 776 1110 ab
799 1057 1166 1112 Adramolano
1190 1061 1294 1115 orti
1326 1070 1454 1115 sunt
1473 1064 1756 1118 Arzerunii
1786 1074 1840 1119 et
1867 1065 2117 1121 Genunii.

558 1146 606 1200 Α
639 1146 941 1202 Paschamo
969 1159 1149 1205 autem
1186 1150 1426 1207 Haicacii
1464 1154 1575 1224 (51)
1623 1164 1818 1225 nepote
1855 1159 2120 1227 originem

558 1238 717 1292 duxit
769 1239 1145 1309 Angelduuus.
1196 1241 1447 1298 Jamvero
1490 1243 1754 1313 Tigranes
1793 1246 2116 1319 Asdahage,

556 1330 651 1400 qui
684 1333 990 1401 explicatur
1020 1333 1187 1388 draco
1220 1333 1331 1404 (52)
1354 1376 1369 1401 ,
1413 1336 1699 1391 interfecto
1720 1377 1735 1400 ,
1781 1336 2020 1423 Auusam
2055 1341 2120 1394 il-

555 1421 662 1476 lius
687 1422 816 1475 olim
852 1439 1071 1477 uxorem
1104 1440 1227 1478 cum
1258 1425 1501 1493 ejusdem
1536 1426 1680 1480 omni
1718 1421 1968 1498 progenie
1994 1446 2119 1500 par-

554 1511 652 1565 tim
687 1522 807 1582 post
836 1516 1030 1583 partim
1065 1514 1131 1567 ad
1166 1515 1331 1568 imum
1361 1516 1647 1571 Masisium
1676 1532 1911 1573 montem
1948 1523 2119 1576 collo-

553 1602 696 1655 cavit
716 1644 730 1667 ,
762 1618 956 1674 nempe
979 1605 1033 1659 in
1061 1604 1322 1660 Tambato
1346 1623 1527 1677 usque
1547 1608 1614 1662 ad
1636 1606 1904 1665 Golthiam
1931 1629 1945 1666 :
1976 1612 2117 1669 unde

558 1690 925 1748 Vernonzunii
959 1696 1271 1767 Astaiaaque
1302 1708 1614 1753 manarunt.

2230 518 2581 587 praefecturas
2608 538 2672 577 ac
2702 525 3040 594 principatus
3063 525 3287 590 detulit,
3323 527 3543 585 familiis
3564 572 3579 595 ,
3613 535 3801 603 gentis

2228 608 2361 672 bus,
2395 610 2620 666 urbibus
2641 651 2657 675 ,
2689 613 2930 669 castellis
2951 655 2966 680 ,
3003 615 3154 686 pagis
3178 655 3193 680 ,
3232 616 3501 672 militibus
3544 635 3613 674 ac
3646 637 3795 691 prae-

2230 702 2439 758 toribus
2469 712 2611 759 recte
2638 707 3034 762 constituendis
3063 723 3282 778 operam
3321 713 3621 781 impendit,
3667 731 3797 785 qua:

2230 803 2317 844 res
2344 790 2582 847 breviter
2609 798 2991 864 percensendaa
3016 808 3161 854 sunt.

2298 882 2383 936 l5.
2422 883 2642 939 Initiqu
2678 889 2823 943 enim
2864 905 2895 943 a
2936 891 3111 961 capite
3150 910 3253 948 suo
3290 895 3494 952 faciens
3543 898 3799 968 Bagam-

2226 978 2338 1026 tum
2371 974 2613 1032 Judaeum
2683 991 3034 1059 coronantem
3103 994 3262 1056 atque
3305 989 3537 1059 equitem
3595 1001 3795 1056 creat,

2222 1066 2326 1121 hoc
2366 1071 2624 1126 nimirum
2664 1056 2870 1130 honore
2910 1092 3176 1134 concesso
3216 1088 3276 1133 ut
3318 1082 3565 1137 diadema
3618 1085 3797 1149 capiti

2221 1160 2363 1227 regis
2393 1159 2653 1230 imponat.
2703 1164 3004 1233 Praeterea,
3036 1171 3127 1239 qui
3173 1172 3275 1226 sibi
3314 1174 3660 1230 chirotbecas
3706 1177 3798 1231 in-

2220 1248 2388 1303 duant
2429 1248 2770 1309 Chananaeos
2798 1260 3063 1325 quosdam
3105 1260 3268 1331 legit,
3300 1279 3529 1334 eamque
3560 1277 3793 1336 gentem

2219 1340 2451 1409 appellat
2477 1340 2850 1411 Genthunios,
2881 1348 3021 1403 haud
3057 1353 3173 1405 scio
3200 1369 3266 1406 an
3299 1369 3329 1407 a
3371 1356 3604 1412 Cbnida.
3648 1358 3795 1414 Cor.

2220 1430 2370 1499 poris
2400 1431 2482 1485 sui
2510 1435 2788 1490 custodem
2817 1437 2883 1492 de
2906 1438 3071 1495 Cbori
3102 1441 3326 1498 Haicani
3354 1447 3522 1516 stirpe
3547 1448 3796 1505 Malcha-

2219 1537 2340 1574 tum
2384 1522 2549 1579 facit:
2600 1526 2696 1581 sed
2742 1531 3032 1598 pristinum
3081 1536 3259 1604 gentis
3311 1554 3506 1593 nomen
3552 1543 3796 1598 retinuit

2219 1611 2739 1674 Malchazuniorum.
2764 1619 3122 1678 Venationum
3150 1627 3458 1697 praefectum
3482 1647 3606 1687 esse
3627 1634 3793 1702 jubet

2219 1703 2413 1758 Datum
2447 1706 2682 1764 Carnico
2708 1708 2937 1767 Gelamii
2969 1714 3080 1770 filio
3108 1719 3347 1786 genitqu
3376 1739 3389 1773 :
3437 1724 3598 1791 cujus
3636 1724 3793 1781 filius

3108 1768 3347 1786 rm---"
3376 1768 3389 1773 -
3440 1768 3598 1791 μδ-..
3636 1768 3793 1781 .......,

620 1782 706 1838 12.
750 1782 973 1855 Tigrani
1021 1786 1175 1841 liberi
1227 1788 1342 1841 nati
1388 1798 1516 1843 sunt
1560 1789 1793 1856 Dubius,
1830 1790 2106 1858 'Tiranus,
2148 1768 2188 1821 Β
2217 1794 2458 1853 Varazus
2486 1814 2519 1864 ;'
2553 1802 2908 1876 ejusdemque
2956 1808 3022 1863 de
3068 1814 3285 1867 nomine
3309 1830 3439 1885 gens
3473 1814 3793 1873 Varazunia

549 1869 807 1946 Vabagus
839 1891 869 1929 a
900 1892 1009 1947 quo
1040 1875 1334 1949 Vahagenii
1356 1918 1370 1942 ,
1403 1882 1711 1936 Aravanius
1751 1896 1780 1934 a
1831 1899 1941 1950 quo
1985 1894 2110 1939 sunt

548 1966 899 2022 Araveniani.
940 1967 1021 2023 Ab
1048 1968 1300 2024 Aravano
1335 1969 1564 2035 Nerses,
1590 1988 1620 2025 a
1650 1973 1818 2029 Nerse
1847 1975 2109 2033 Zarehius

549 2073 580 2111 a
616 2074 726 2129 quo
754 2074 885 2128 gens
925 2057 1315 2117 Zarehavania.
1356 2062 1400 2115 A
1442 2062 1671 2118 Zarehio
1714 2069 2009 2136 Armoges;
2041 2069 2108 2123 ab

545 2149 785 2219 Armoge
812 2147 1083 2219 Bagamus
1110 2167 1127 2217 ;
1174 2167 1203 2205 a
1234 2152 1471 2222 Bagamo
1504 2153 1717 2221 Vanus,
1758 2173 1788 2211 a
1824 2157 1975 2212 Vano
2003 2158 2108 2214 Va-

546 2238 662 2294 hes.
691 2239 742 2294 ls
768 2253 890 2292 cum
924 2239 1229 2296 Alexandro
1249 2241 1533 2299 Macedone
1557 2248 1900 2303 conﬂictatus
1945 2252 2107 2305 inter-

547 2328 631 2383 iit.
680 2327 780 2383 Hic
814 2328 975 2384 finem
1005 2330 1304 2386 dominatio
1329 2332 1579 2390 Haicanm
1606 2338 1792 2407 stirpis
1815 2348 1972 2394 nacta
2001 2350 2104 2397 est.

545 2417 685 2472 liiuc
715 2426 897 2474 autem
926 2421 996 2475 ad
1024 2419 1370 2477 Valarsacem
1418 2424 1472 2479 in
1505 2426 1758 2483 Armenia
1791 2445 2104 2501 regnantem

543 2508 680 2562 nihil
708 2511 842 2564 satis
868 2521 1076 2566 certum
1108 2513 1355 2583 proferre
1382 2516 1541 2584 licet,
1573 2522 1893 2579 tumultibus
1923 2527 2105 2581 omnia

545 2602 852 2655 tenentibus
870 2605 1175 2673 populoque
1200 2606 1254 2662 in
1285 2618 1503 2667 mutuas
1530 2612 1703 2668 cmdes
1729 2626 1917 2671 ruente
1943 2636 1956 2672 :
1985 2634 2105 2688 qua)

542 2707 629 2747 res
650 2691 861 2747 facilem
880 2694 1082 2752 Partho
1096 2698 1283 2754 Arsaci
1316 2704 1370 2755 in
1399 2701 1709 2759 Armeniam
1739 2707 1939 2762 aditum
1961 2727 2099 2780 pra:-

539 2781 657 2835 buit
677 2819 692 2844 ,
728 2783 820 2852 qui
851 2785 1071 2854 quidem
1101 2804 1282 2858 regem
1316 2790 1585 2847 Armeniae
1617 2793 1961 2852 Valarsacem
1994 2800 2103 2854 fra-

539 2880 677 2928 trem
724 2875 986 2944 praefeeit.
1020 2878 1193 2936 Porro
1223 2897 1253 2935 a
1284 2882 1411 2937 Belo
1439 2883 1590 2940 Haici
1621 2903 1783 2942 manu
1817 2890 2101 2948 interfecto

540 2980 712 3035 usque
733 2966 799 3020 ad
824 2965 1170 3027 Valarsacem
1195 2975 1323 3027 anni
1355 2991 1588 3032 unccccr.
1609 3019 1624 3045 ,
1647 2979 1728 3035 vel
1753 2996 2063 3038 nnccccxtu
2082 3028 2095 3052 ,

536 3065 928 3126 congeruntur.

604 3146 692 3202 13.
749 3147 1041 3220 Postquam
1098 3151 1347 3211 Haicanae
1422 3159 1609 3229 stirpis
1667 3159 1952 3230 imperium
2029 3165 2098 3219 ab

532 3237 838 3296 Alexandro
869 3241 1101 3297 deletum
1146 3257 1261 3310 est,
1310 3256 1535 3318 postque
1588 3252 1757 3320 ipsius
1807 3252 2098 3309 Alexandri

531 3346 674 3386 anno
701 3333 848 3403 regni
873 3331 1192 3390 duodecimo
1221 3339 1426 3393 obitum
1448 3380 1463 3405 ,
1494 3342 1720 3412 imperio
1745 3346 1863 3414 ejus
1888 3346 1940 3399 in
1961 3363 2095 3417 qua-

531 3428 655 3475 tuor
706 3422 897 3487 άτιδες,
937 3432 996 3479 ιιι
1040 3425 1152 3495 jam
1183 3427 1452 3496 diximus,
1488 3432 1700 3501 diviso;
1746 3451 1811 3491 ex
1842 3438 1927 3494 his
1953 3455 2094 3496 unus

532 3510 789 3568 Seleucus
842 3513 1164 3586 Babylonem
1221 3528 1342 3588 post
1385 3523 1749 3581 Alexandrum
1776 3531 1980 3594 tenuit,
2028 3512 2092 3587 ac

528 3606 723 3669 praeter
740 3602 874 3659 alias
885 3614 1092 3674 gentes,
1109 3607 1337 3665 Parthus
1368 3628 1582 3682 quoque
1603 3615 1803 3686 ingenti
1825 3618 1963 3674 bello
1980 3637 2096 3690 per-

525 3689 770 3757 domuit,
803 3709 907 3765 qua
936 3712 1003 3752 ex
1046 3715 1105 3754 re
1130 3713 1545 3771 cognomentum
1575 3705 1859 3765 Nicanoris
1887 3714 2087 3767 retulit.

523 3777 576 3837 Is
603 3783 761 3838 annis
788 3799 918 3840 xxxi
945 3792 1209 3858 regnavit.
1231 3791 1427 3849 Deinde
1440 3795 1739 3854 Antiochus
1784 3800 1941 3857 Soter
1971 3804 2089 3871 ejus

524 3872 668 3928 illius
699 3876 860 3931 annis
891 3894 1000 3932 xix.
1027 3878 1164 3935 Tum
1194 3884 1497 3943 Antiochus
1521 3888 1661 3946 Deus
1684 3893 1841 3949 annis
1863 3911 1950 3950 xv.
1976 3896 2088 3950 Hu-

515 3962 610 4032 jus
637 3964 924 4023 undecimo
950 3984 1097 4025 anno
1126 3970 1478 4032 Macedonum
1508 3980 1873 4037 obedientiam
1900 3983 2086 4041 Parthi

520 4054 818 4124 abjiciunt,
848 4062 989 4130 apud
1020 4079 1155 4134 quos
1186 4068 1392 4138 primus
1427 4081 1615 4140 regnat
1647 4072 1826 4131 Fortis
1865 4078 1955 4132 ille
1990 4078 2087 4133 Ar-

519 4160 710 4215 saces,
739 4149 1035 4208 Abrahami
1063 4170 1261 4225 genere
1290 4171 1445 4217 ortus
1475 4162 1542 4217 de
1567 4175 1725 4235 gente
1753 4167 1993 4238 Ceturae,
2029 4171 2083 4227 in

518 4237 652 4295 urbe
673 4241 763 4295 cui
792 4258 991 4299 nomen
1023 4245 1203 4302 Bahlze
1233 4252 1390 4307 annis
1420 4270 1574 4309 xxxi.
1607 4256 1811 4314 Deinde
1839 4262 2083 4332 ejusdem

516 4327 662 4386 ﬁlius
688 4334 921 4391 Artaxes
952 4338 1111 4393 annis
1144 4355 1268 4395 XLVI
1298 4359 1313 4405 ;
1345 4354 1468 4413 post
1507 4364 1665 4417 quem
1715 4327 1941 4424 Magnus
1980 4356 2083 4410 Ar-

513 4432 669 4475 saces
698 4425 855 4481 annis
885 4441 993 4482 LIV.

584 4510 674 4565 14.
718 4511 947 4585 Magnus
977 4521 1064 4576 hic
1093 4521 1330 4579 Arsaces
1366 4524 1711 4584 Valarsacem
1746 4532 1965 4589 fratrem
1993 4540 2085 4592 Ar-

509 4602 701 4657 meniae
726 4614 927 4664 nostrae
956 4626 1136 4682 regem
1164 4615 1423 4686 imposuit
1447 4634 1591 4673 anno
1618 4621 1889 4680 Ptolemaai
1928 4626 2084 4683 Ever.

509 4697 643 4759 getae
670 4694 934 4755 vicesimo
963 4705 1194 4773 septimo
1215 4746 1229 4772 ,
1259 4709 1586 4779 olympiadis
1612 4725 1788 4770 autem
1814 4722 2085 4790 sexagesi-

508 4794 610 4835 ma:
634 4786 879 4853 septima:
908 4807 1070 4863 supra
1123 4799 1472 4854 centesimam
1511 4817 1656 4858 anno
1688 4818 1913 4874 quarto,
1957 4827 2076 4881 per-

506 4868 693 4925 missis
720 4872 771 4927 ei
803 4878 1119 4946 regionibus
1147 4886 1357 4941 nostris
1386 4902 1509 4957 qua:
1552 4868 1980 4961 septentrionem
2022 4906 2076 4952 et

504 4974 757 5017 occasum
786 4978 1052 5037 spectant.
1085 4974 1134 5031 ls
1158 4984 1341 5032 autem
1392 4996 1516 5035 cum
1550 4980 1632 5037 vir
1658 4982 1813 5040 fortis
1840 4986 1998 5042 simul
2022 4996 2074 5043 et

570 5129 684 5271 £50)
718 5134 858 5205 Lege
884 5137 1171 5199 Eusebium
1208 5164 1243 5206 t.
1269 5148 1323 5215 5,
1357 5150 1408 5204 1.

594 5201 685 5271 51)
720 5205 976 5264 Mendose
1030 5212 1084 5265 in
1133 5218 1368 5271 editione

594 5201 685 5271 δι)
718 5201 976 5284 Mendose
1030 5212 1089 5284 in
1133 5201 1588 5280 editione—Vbiosis
1631 5225 1794 5282 Chor.
1861 5227 2014 5283 "uici
2045 5245 2066 5284 .-

502 5285 636 5354 nam.
679 5283 731 5329 et
785 5279 1003 5336 codices
1050 5281 1216 5343 Mosis
1265 5298 1319 5343 et
1384 5279 1600 5351 Samuel
1645 5279 1893 5365 habent“
1914 5279 2065 5353 ’1Ῑάεέ

501 5357 655 5397 cacat.

713 5413 853 5493 [tege
879 5418 1167 5477 Eusebium
1200 5443 1235 5488 ι,
1275 5428 1328 5491 5,
1365 5431 1417 5493 3,
1446 5443 1559 5488 not.

569 5480 683 5617 $33)
714 5480 916 5558 Neinpe
953 5494 1188 5562 aquilam
1218 5480 1500 5563 gestantes:

592 5551 681 5617 ⁷⁵4)
724 5553 924 5617 Nempe
951 5564 1055 5616 vini
1087 5581 1267 5617 curam
1291 5583 1500 5617 Heremo.

712 5551 924 5637 gem'pe
951 5551 1069 5637 vini
1087 5551 1267 5618 cura?»
1289 5551 1540 5637 gerentes.

514 5630 527 5647 '
710 5619 910 5704 [lenm-ie
939 5634 1071 5686 aedi
1088 5619 1412 5704 prmpos‘itvos'.

575 5691 683 5762 (36)
719 5691 919 5768 Nempe
945 5691 1186 5771 aucupes.

2214 1894 2498 1961 appellata.
2544 1895 2681 1951 Tum
2728 1909 2781 1954 et
2830 1899 3037 1956 Gabalo
3067 1918 3294 1961 annonae
3321 1925 3432 1963 suae
3457 1926 3645 1968 curam
3679 1918 3788 1973 de-

2212 1986 2467 2052 mandat,
2491 1996 2544 2043 et
2564 1990 2730 2045 Abclo
2753 2008 2939 2048 rerum
2967 1996 3487 2059 administrationem
3509 2046 3523 2068 ,
3553 2008 3792 2066 traditis

2208 2077 2368 2131 etiam
2412 2082 2644 2150 oppidis.
2690 2084 2911 2143 Illorum
2946 2091 3166 2144 nomina
3221 2106 3407 2163 gentes
3437 2096 3658 2154 szelia
3695 2110 3789 2155 at-

2209 2183 2312 2238 que
2339 2170 2527 2226 Ahelia
2552 2176 2808 2230 retinent.
2843 2178 3043 2233 Statuit
3071 2193 3125 2236 et
3154 2183 3456 2242 Arzrunios
3488 2207 3576 2244 seu
3607 2193 3789 2249 Arzi-

2208 2263 2402 2319 vunios
2429 2265 2541 2337 (δῖ)
2569 2284 2582 2331 ;
2614 2275 2728 2322 tum
2758 2281 2813 2325 et
2839 2271 3145 2329 Gbinunios
3175 2293 3265 2330 seu
3309 2276 3607 2337 Gbiniunos
3631 2284 3789 2355 (δικ

2205 2354 2382 2425 Atque
2414 2356 2469 2410 hi
2500 2359 2715 2429 quidem
2748 2361 2815 2417 de
2842 2379 3039 2434 genere
3072 2367 3437 2424 Seuecherimi
3468 2385 3636 2428 erant.
3667 2375 3791 2432 Fe-

2206 2443 2285 2501 cit,
2323 2451 2375 2497 et
2419 2444 2766 2516 SpanduuiOs
2808 2452 2957 2524 (55),
3005 2456 3099 2524 qui
3141 2456 3245 2510 sibi
3291 2462 3571 2515 macellum
3616 2479 3790 2520 com-

2204 2535 2517 2591 mendatum
2568 2540 2867 2598 baberent:
2917 2546 3044 2600 item
3090 2547 3439 2608 Havenuuios
3485 2555 3631 2624 (36),
3672 2560 3790 2627 qui

2200 2627 2489 2697 accipitres
2514 2643 2791 2702 gestarent
2819 2644 2872 2692 et
2917 2651 3177 2709 caperent
3206 2665 3218 2698 :
3259 2660 3453 2701 rursus
3500 2646 3787 2704 Ziunaca-

2200 2733 2301 2772 nos
2345 2721 2490 2791 (37),
2521 2725 2613 2792 qui
2645 2727 2823 2782 nivem
2862 2742 3052 2788 aestate
3085 2750 3453 2796 asservarent.
3502 2742 3636 2799 Exin
3682 2762 3787 2802 rc-

2200 2807 2300 2877 giae
2326 2813 2580 2868 custodes
2611 2816 2737 2887 legit
2767 2820 2867 2874 sibi
2896 2822 2962 2876 de
2994 2826 3298 2894 priscorum
3342 2847 3529 2903 regum
3571 2853 3784 2907 proge-

2201 2900 2289 2955 nie
2310 2941 2323 2965 ,
2361 2904 2454 2972 qui
2487 2904 2691 2962 diserte
2717 2909 2905 2966 Ostani
2934 2914 3048 2987 (58)
3081 2908 3376 2992 nuncupati
3410 2900 3589 2992 sunt,
3627 2900 3781 2998 quos

2201 2992 2379 3048 adhuc
2408 2993 2586 3053 lberes
2620 2997 2972 3069 Scphezulios
3002 3010 3264 3067 vocitant.
3294 3011 3536 3085 Denique
3568 2992 3784 3076 secun~

2126 3097 2171 3155 ο
2202 3083 2301 3139 dos
2331 3095 2452 3156 post
2484 3104 2662 3160 regem
2694 3092 2816 3161 fecit
2844 3112 2939 3151 eos
2968 3100 3061 3168 qui
3092 3114 3247 3157 erant
3273 3105 3338 3160 de
3368 3083 3565 3178 genere
3592 3112 3782 3168 Asda,

2206 3175 2362 3245 hagis
2385 3176 2560 3243 Medi,
2589 3182 2788 3250 quibus
2819 3186 3098 3245 Murenses
3128 3209 3329 3252 nomen
3355 3175 3459 3254 est.

2274 3266 2359 3320 16.
2401 3268 2512 3340 Age
2540 3288 2668 3327 vero
2698 3278 2964 3333 orientem
2996 3299 3188 3340 versus
3237 3289 3586 3356 praefecturas
3626 3296 3778 3356 duas

2201 3359 2485 3413 constituit
2519 3361 2855 3422 Sisacaniam
2879 3409 2894 3435 ,
2926 3373 2981 3426 in
3015 3390 3186 3445 eaque
3231 3378 3417 3435 Cadmi
3458 3383 3722 3441 familiam
3755 3410 3772 3456 ;

2200 3449 2342 3504 inter
2370 3453 2502 3508 solis
2528 3467 2705 3511 autem
2737 3467 2915 3516 ortum
2949 3473 3002 3519 et
3046 3466 3262 3523 boream
3302 3470 3538 3529 Aranum
3581 3482 3776 3547 posuit

2198 3538 2511 3607 praefectum
2545 3545 2611 3600 de
2642 3548 2812 3619 stirpe
2842 3550 3039 3610 Sisaci.
3072 3556 3146 3611 Ea
3178 3577 3304 3616 vero
3346 3565 3493 3635 regio
3539 3538 3777 3639 prapter

2197 3644 2391 3687 suaves
2446 3635 2748 3693 incolarum
2808 3659 2987 3701 mores
3037 3648 3247 3705 Aluana
3301 3654 3413 3726 (59)
3463 3635 3603 3713 dicta
3654 3673 3769 3720 est.

2194 3717 2369 3789 Hujus
2412 3738 2441 3776 a
2494 3728 2664 3798 stirpe
2700 3742 2882 3786 manat
2931 3751 3065 3806 gens
3106 3717 3406 3799 Uteoruin;
3460 3754 3572 3800 tum
3620 3748 3769 3804 Gar-

2195 3811 2573 3872 dmanensium
2626 3830 2679 3875 et
2723 3821 3083 3883 Zaudensium
3118 3830 3228 3903 (40)
3256 3844 3310 3889 et
3338 3834 3763 3909 Gargarensium

2194 3905 2554 3977 principatus.
2591 3912 2816 3973 Gusaris
2850 3929 3027 3977 tamen
3056 3924 3222 3981 Sarazi
3256 3931 3422 4000 stirpe
3449 3905 3603 3990 ortus
3632 3952 3763 4006 pos-

2192 3996 2447 4056 sidendas
2477 4008 2684 4076 accepit
2708 4008 3027 4082 Cangariam
3059 4024 3220 4087 atque
3246 3996 3763 4097 Zarat-hiannprin-

2191 4089 2428 4158 cipatum
2463 4094 2588 4149 item
2621 4096 2934 4156 Tasirorum
2966 4113 3127 4175 atque
3154 4109 3432 4169 Asozium.
3462 4114 3579 4169 Jam
3611 4134 3643 4173 e
3668 4136 3761 4175 re-

2190 4179 2603 4275 gioilePaucasi
2636 4189 2872 4246 validum
2906 4198 3159 4266 populum
3181 4240 3197 4266 ,
3228 4201 3293 4257 de
3321 4220 3514 4275 genere
3541 4207 3761 4265 Mithri-

2188 4266 2328 4321 datis
2356 4267 2502 4325 Darii
2535 4283 2770 4347 satrapa:
2810 4282 3140 4354 collocavit,
3186 4266 3415 4362 eamque
3460 4300 3757 4367 appellavit

2188 4356 2588 4429 Gugarensium
2643 4370 3045 4438 praefecturam.
3103 4378 3241 4436 Exin
3298 4383 3351 4437 in
3407 4389 3582 4456 ampla
3612 4393 3758 4448 valle

2117 4451 2159 4504 l)
2187 4446 2480 4509 Basenensi
2533 4458 2897 4531 principatum
2953 4468 3102 4523 dedit
3156 4473 3310 4542 stirpi
3359 4446 3592 4533 l’laicacii
3645 4446 3753 4535 Or;

2189 4538 2511 4599 duniensem
2548 4552 2903 4619 appellatum.
2937 4556 3075 4613 Tum
3123 4561 3190 4617 de
3240 4563 3518 4620 Pascbami
3544 4585 3755 4638 genere

2185 4627 2457 4689 Torchum
2495 4643 2781 4708 quemdam
2806 4686 2820 4709 ,
2855 4650 2945 4716 qui
2984 4662 3201 4722 propter
3234 4668 3482 4726 aspectus
3510 4663 3752 4717 torvita-

2183 4730 2287 4815 tem
2311 4726 2607 4798 Anghelius
2632 4735 2743 4806 (41)
2766 4739 3068 4809 dicebatur,
3094 4748 3405 4815 praefectum
3430 4754 3752 4810 occidenta-

2181 4814 2284 4869 lem
2313 4822 2522 4875 creavit
2542 4863 2557 4888 ,
2594 4828 2995 4902 provinciaeque
3023 4851 3219 4892 nomen
3246 4840 3607 4910 Angheltunia
3634 4861 3747 4902 est.

2249 4909 2336 4963 17.
2377 4911 2549 4969 Porro
2590 4917 2643 4972 in
2684 4918 2941 4977 Armenia
2978 4938 3171 4995 quarta
3216 4934 3503 4988 maximam
3543 4939 3749 5007 praefe-

2174 5005 2383 5055 cturam
2413 5002 2777 5076 Zopbiensem
2809 5011 3089 5084 fundavit,
3123 5030 3234 5075 tum
3272 5033 3325 5078 et
3370 5026 3507 5081 alias
3543 5002 3750 5099 praefe-

2384 5168 2585 5241 ﬁempe
2616 5177 2865 5231 uirarios.

2381 5237 2594 5332 Bersi'pa
2631 5247 2729 5298 hac
2764 5264 2907 5332 voce
2932 5252 3306 5332 significantur
3340 5263 3489 5332 regii.

2236 5307 2349 5399 (39)
2373 5307 2717 5399 foe-pbulum
2753 5333 2852 5372 Αιν
2884 5307 3499 5399 [διέὶιιυιίὲῖἰειιί›ιῖξίνίς
3527 5334 3741 5395 Wisto-

2162 5376 2215 5461 ui
2249 5376 2417 5461 Musis
2433 5380 2612 5461 ‘(vlhotu
2643 5376 3311 5457 interpretes,cum—satis
3350 5376 3526 5458 tamen

2162 5454 2274 5546 turn
2310 5446 2659 5546 sit;.Y‘ifletur
2688 5446 2867 5514 autem
2914 5446 3072 5520 nobis
3101 5466 3338 5525 derivari
3377 5472 3444 5527 ab
3481 5490 3547 5528 AL
3584 5446 3734 5546 quod

2158 5514 2322 5568 salem
2352 5530 2528 5574 sonat.

2230 5585 2346 5666 (40)
2378 5585 2486 5672 Illic.
2502 5591 2721 5671 codices
2754 5599 3079 5660 videbantur
3108 5609 3371 5666 mendosi.
3402 5612 3512 5671 Nos
3545 5625 3729 5672 tamen

2159 5656 2312 5739 hanc
2329 5656 2545 5739 interim
2571 5656 3071 5739 interpretationem
3103 5656 3471 5739 c'xlundiniu

2230 5726 2343 5798 (Li)
2373 5726 2574 5801 Nempe
2598 5726 2869 5804 deformis.
