3940 6208
113 355 264 409 ’641

139 495 382 541 cturas
411 485 746 555 Apahuniam
769 524 783 548 ,
811 481 1178 537 Manavaziam
1204 488 1258 535 et
1282 477 1631 533 Beznuniam.
1664 473 1760 529 Se-
1786 455 1832 510 Α

139 575 347 628 lacho
394 586 569 628 autem
608 573 726 627 viro
771 571 962 626 audaci
993 579 1046 626 et
1077 571 1376 626 fortissimo
1411 567 1544 638 (qui
1575 573 1755 620 utrum

139 662 230 717 de
260 665 454 732 stirpe
485 661 637 715 [laici
668 661 828 716 fuerit
854 676 923 714 an
954 659 1260 729 antiquiore
1286 658 1354 712 de
1383 664 1540 728 gente
1566 655 1757 709 oriun-

144 755 279 808 dus
346 769 465 807 non
519 761 603 808 est
663 751 797 808 satis
847 749 1223 821 exploratum)
1266 764 1467 820 paucos
1511 746 1758 801 homines

151 849 505 907 concessit,
536 859 770 912 eumque
794 843 962 910 jussit
991 849 1228 895 montem
1271 841 1422 893 illum
1460 839 1601 893 tueri
1648 838 1761 892 hir-

155 953 401 1007 eosque
433 934 680 990 venando
714 936 987 989 lacessere
1022 953 1033 987 :
1067 946 1298 1001 eumque
1329 932 1591 1001 populum
1624 930 1760 985 dixit

164 1029 542 1085 Selacunios.
580 1026 634 1081 ld
679 1026 835 1081 ollicii
871 1025 1152 1078 Miandaeo
1179 1039 1396 1094 quoque
1447 1022 1756 1084 mandavit,

164 1136 200 1174 ιι
232 1137 360 1191 quo
390 1121 708 1175 derivantur
735 1117 1100 1171 Mandacunii.
1131 1115 1375 1186 Cumque
1404 1131 1435 1169 e
1467 1114 1758 1184 Vahagenii

164 1213 432 1283 posteris
466 1212 776 1266 sacerdotes
808 1209 1060 1273 fecisset,
1088 1216 1300 1279 gentem
1333 1224 1451 1262 eam
1477 1207 1760 1262 Vahuuio~

161 1319 313 1357 rum
365 1303 588 1358 nomine
635 1301 908 1356 distinxit.
962 1298 1053 1353 Sic
1107 1307 1161 1352 et
1213 1300 1542 1355 Arravenios
1599 1312 1759 1368 atque

167 1396 586 1451 Arehavenios.
622 1396 759 1449 Tum
790 1405 844 1449 et
874 1394 1204 1450 Sarasanum
1232 1394 1286 1448 in
1319 1391 1573 1447 Sanasari
1607 1391 1760 1444 fami-

169 1489 257 1541 lia
288 1497 519 1550 natum,
567 1502 819 1557 magnum
865 1487 987 1554 ejus
1025 1486 1263 1557 regionis
1304 1485 1586 1555 praesidem
1635 1469 1760 1537 fecit

171 1596 312 1650 quae
349 1581 493 1633 inter
523 1594 779 1633 occasum
811 1578 1205 1647 meridiemque
1234 1577 1413 1646 jacet,
1446 1575 1605 1646 eique
1636 1590 1762 1644 ιιι-οι

171 1672 434 1726 vinciam
483 1671 812 1724 Arzuensem
889 1677 943 1723 et
987 1667 1248 1730 Taurum,
1289 1683 1480 1737 nempe
1527 1666 1757 1729 Simum,

175 1770 440 1816 montem
467 1803 481 1825 ,
517 1775 838 1830 omnemque
866 1759 1221 1831 leesyriam
1258 1758 1525 1827 permisit.
1561 1757 1760 1810 Eadem

176 1855 239 1908 in
260 1853 548 1924 provincia
573 1868 696 1906 cum
731 1852 1036 1906 Mocensem
1065 1851 1351 1922 quemdam
1379 1857 1570 1903 nactus
1595 1855 1760 1910 esset,

180 1945 578 2014 przefecturam
628 1943 791 1996 aliam
843 1942 1111 2007 instituit,
1169 1940 1471 2008 iisdemque
1522 1939 1577 1992 in
1627 1937 1763 1992 locis

180 2038 490 2108 Gordyaeos
513 2075 530 2098 ,
560 2036 902 2091 Anzevenses
948 2044 1110 2106 atque
1141 2035 1417 2088 Aceenses
1455 2030 1758 2086 collocavit.

185 2129 588 2185 Verumtamen
620 2170 634 2191 ,
685 2128 830 2198 quod
862 2129 1052 2182 attinet
1086 2126 1152 2179 ad
1184 2124 1516 2178 Rhestunios
1547 2130 1601 2178 et
1629 2121 1764 2176 Gol-

187 2224 498 2284 thnenses,
542 2237 663 2292 quae
694 2230 821 2276 sunt
865 2220 1248 2275 Sisacenorum
1290 2217 1545 2280 coloniae,
1578 2221 1763 2268 utrum

183 2331 272 2370 em
307 2315 604 2385 provincia:
652 2329 682 2366 a
729 2313 969 2366 virorum
1001 2311 1313 2365 nominibus
1342 2309 1590 2363 vocitata:
1619 2307 1759 2369 sint,

182 2423 262 2460 an
291 2423 323 2462 e
355 2406 757 2478 provinciarum
790 2403 1245 2475 appellationibus
1273 2403 1403 2470 ipsa:
1431 2398 1762 2470 praefectura:

187 2500 424 2554 nomina
448 2499 652 2553 sortita:
680 2498 827 2560 sint,
853 2498 1065 2567 ignoro.

269 2593 361 2646 18.
401 2591 650 2646 Profecto
680 2591 840 2657 hujus
870 2590 1012 2659 regis
1057 2595 1284 2643 cunctas
1317 2586 1519 2656 optime
1548 2583 1761 2640 instruv

189 2695 320 2741 etas
353 2684 769 2740 constitutiones
797 2681 939 2735 haud
975 2689 1131 2734 vacat
1161 2678 1498 2750 perscribere
1519 2716 1534 2740 ,
1585 2690 1761 2745 neque

191 2781 332 2833 item
353 2764 578 2831 aliorum
599 2777 690 2846 qui
712 2775 792 2828 vel
807 2779 1200 2843 przecesserunt
1218 2773 1297 2826 vel
1313 2769 1592 2826 consecuti
1612 2774 1762 2832 sunt,

195 2885 432 2938 quorum
456 2884 544 2923 res
564 2877 724 2938 gestae
758 2865 971 2921 abunde
1004 2865 1200 2919 litteris
1232 2860 1622 2917 commendata:
1649 2860 1765 2914 fue-

194 2969 353 3016 runt.
400 2950 457 3015 lit
509 2958 760 3030 praesenti
813 2964 992 3012 autem
1046 2954 1489 3027 praefecturarmn
1525 2959 1764 3005 tantum-

174 3055 366 3107 ‘modo
392 3053 812 3123 descriptionem
850 3049 1119 3122 persecuti
1153 3064 1363 3111 sumus,
1399 3060 1537 3116 quas
1561 3043 1608 3100 si
1639 3043 1763 3113 quis

203 3159 531 3214 Cognoscere
578 3153 828 3214 cuperet,
868 3158 960 3197 eas
1012 3142 1067 3196 in
1112 3148 1362 3210 promptu
1406 3153 1528 3192 cum
1579 3136 1765 3191 multis
1793 3159 1833 3216 ο

205 3237 330 3290 aliis
352 3237 568 3291 haberet
595 3235 758 3305 regiis
793 3233 1184 3289 sanctionibus.
1213 3232 1292 3285 Ad
1323 3237 1625 3286 extremum
1655 3227 1764 3280 Va-

205 3343 444 3399 larsaces
489 3342 611 3380 cum
647 3326 804 3380 annis
843 3325 1057 3380 duobus
1113 3338 1176 3377 ac
1213 3322 1402 3390 viginti
1452 3325 1764 3389 regnasset,

206 3417 380 3474 Nisibi
409 3417 520 3486 (4‘2)
544 3418 650 3469 vita
673 3414 927 3470 excessit.

283 3509 369 3564 19.
411 3511 641 3564 Secutus
679 3514 760 3561 est
799 3507 1028 3562 Arsaces
1064 3504 1207 3558 filius
1238 3503 1395 3557 annis
1418 3516 1541 3556 xm.

286 3604 510 3657 Artaxes
540 3601 758 3655 Arsacis
778 3599 920 3654 filius
950 3600 1107 3653 annis
1134 3615 1256 3652 xxv.
1286 3597 1381 3650 llic
1403 3595 1611 3648 viribus
1632 3607 1768 3646 cun-

195 3703 328 3750 actos
354 3693 683 3766 praecellens,
720 3690 862 3746 haud
891 3704 1082 3760 passus
1108 3695 1193 3742 est
1223 3685 1522 3741 secundum
1561 3697 1616 3737 se
1647 3695 1769 3736 esse

215 3805 247 3844 a
275 3803 394 3857 rege
422 3785 739 3846 Persarum;
767 3782 896 3853 quin
945 3780 1080 3834 adeo
1129 3779 1414 3834 Persarum
1457 3791 1634 3846 regem
1668 3789 1769 3829 se—

218 3878 387 3934 cundo
432 3875 714 3944 dignitatis
757 3873 924 3943 gradu
968 3871 1194 3932 locavit,
1249 3883 1481 3937 cumque
1524 3865 1766 3920 exercitu

217 3973 496 4025 innumero
557 3968 611 4021 in
676 3966 1012 4020 occidentem
1071 3977 1394 4033 progressus
1460 3959 1766 4029 complures

219 4070 396 4134 gentes
423 4059 641 4120 devicit,
673 4058 844 4112 donec
866 4070 894 4108 a
927 4055 1042 4110 suis
1074 4055 1431 4121 interemptus
1463 4057 1567 4104 est.

284 4152 538 4222 Tigranes
569 4150 710 4204 filius
739 4149 858 4216 ejus
891 4145 1050 4200 annis
1080 4159 1288 4206 xxxux,
1332 4143 1424 4211 qui
1473 4139 1615 4194 haud
1667 4155 1765 4209 pa-

220 4246 331 4299 trise
389 4241 717 4297 fortitudinis
762 4241 994 4308 degener
1047 4238 1208 4291 rebus
1269 4234 1436 4305 gestis
1473 4232 1764 4294 inclaruit;

214 4350 520 4412 quanquam
573 4347 764 4386 rursus
797 4331 850 4382 in
885 4326 1125 4383 secundo
1172 4325 1449 4394 dignitatis
1496 4322 1615 4375 loco
1648 4327 1768 4389 post

217 4429 406 4484 Persas
437 4423 700 4480 consedit.
752 4421 881 4491 Ejus
906 4427 1064 4474 zetate
1110 4415 1546 4485 coguoscebatur
1594 4410 1765 4465 Vaico

927 345 1266 404 SAMUELIS
1306 341 1622 398 ANIENSIS
1661 335 2002 394 SUMMARII
2041 332 2426 389 TEMPORUM
2463 331 2643 386 PARS
2682 332 2724 385 ῐ.

3323 332 3430 388 642

1859 446 2195 517 stipendiarii
2228 444 2354 498 facti
2399 451 2547 499 sunt.
2592 443 2824 513 Quippe,
2865 451 2923 496 ut
2953 443 3029 496 ait
3071 442 3427 512 evangelista.

1857 537 2095 591 manavit
2127 535 2365 589 edictum
2394 548 2424 586 a
2448 532 2661 588 Caesare
2700 534 2978 601 Augusto,
3037 537 3096 584 ut
3125 532 3274 586 orbis
3307 534 3430 586 uni-

1857 643 2048 682 versus
2080 626 2516 681 describeretur:
2555 623 2715 692 cujus
2739 623 2812 676 rei
2845 636 3009 676 causa
3037 622 3091 676 in
3115 621 3427 676 Armeniam

1859 734 2074 790 quoque
2103 725 2320 772 ventum
2339 727 2442 772 est.
2471 715 2547 770 Eo
2570 715 2779 771 scilicet
2802 729 2945 768 anno
2961 711 3222 768 Dominus
3242 721 3429 768 noster

1859 810 2108 881 Deusque
2136 808 2297 865 Jesus
2319 807 2573 863 Christus
2606 823 2636 862 e
2669 805 2890 877 Virgine
2927 813 3086 859 natus
3113 815 3219 860 est.
3257 803 3429 860 Porro

1860 905 1948 958 hic
1984 909 2102 958 erat
2142 917 2170 955 ιι
2209 900 2495 956 Valarsace
2542 914 2722 953 annus
2761 897 3007 951 decimus
3039 897 3301 966 septimus
3335 913 3427 953 su-

1861 1013 1955 1067 pra
1988 994 2379 1055 centesimum;
2418 990 2646 1060 Augusti
2701 988 3018 1058 imperantis
3055 988 3327 1042 secundus
3375 994 3428 1040 et

1859 1087 2336 1160 quadragesimus;
2372 1082 2600 1137 Herodis
2657 1079 2971 1150 alienigenae
3025 1077 3427 1149 Hierosolymo-

1861 1196 1979 1234 rum
2014 1181 2148 1249 regis
2184 1175 2457 1232 secundus
2497 1188 2661 1243 supra
2717 1172 3084 1236 tricesimum;
3135 1169 3428 1224 Arsacida~

1859 1288 1978 1326 rum
2009 1271 2265 1340 denique,
2299 1268 2390 1338 qui
2440 1277 2492 1321 et
2524 1263 2767 1318 Pahlavii
2804 1269 3066 1316 vocantur
3087 1301 3102 1323 ,
3152 1262 3266 1315 sive
3295 1259 3426 1314 Per-

1861 1377 2042 1419 sarum
2072 1361 2216 1430 regis
2246 1357 2488 1414 Arsaviri
2523 1363 2640 1410 erat
2669 1352 2962 1408 vicesimus
3003 1353 3232 1422 primus,
3265 1352 3424 1420 cujus

1861 1453 2077 1524 quidem
2120 1451 2380 1506 vicesimo
2407 1461 2635 1518 regnare
2663 1450 2900 1514 cteperat
2947 1443 3084 1514 apud
3145 1442 3425 1499 Armenios

1859 1547 2130 1616 Abgarus.

1926 1659 2016 1713 20.
2047 1656 2164 1712 Jam
2199 1670 2231 1710 a
2258 1655 2434 1726 primo
2467 1651 2670 1707 Arsace
2700 1649 2756 1703 hi
2791 1663 2942 1720 reges
2986 1646 3255 1701 habentur
3295 1643 3424 1700 Per-

1862 1765 2049 1806 sarum

1927 1885 1976 1941 1.
2001 1885 2232 1939 Arsaces
2253 1880 2430 1936 Fortis
2459 1880 2618 1934 annis
2643 1893 2792 1932 χχιιι.

1933 1975 1997 2030 ll.
2027 1975 2257 2030 Artaxes
2296 1974 2454 2028 annis
2479 1988 2623 2026 XLVI.

1931 2069 2023 2123 Ill.
2057 2069 2288 2122 Arsaces
2309 2062 2533 2134 Magnus
2566 2061 2870 2117 Valarsacis
2899 2061 3065 2114 frater
3091 2073 3178 2111 an.
3208 2072 3314 2113 Liv.

1933 2160 2023 2214 Ν.
2069 2162 2375 2212 Arsacanus
2398 2157 2555 2209 annis
2591 2171 2740 2208 xxxi.

1933 2252 2000 2308 ι’.
2033 2252 2342 2306 Arsanacus
2375 2247 2535 2301 annis
2563 2263 2691 2301 xxx.

1934 2345 2021 2399 Vl.
2046 2345 2212 2398 Arscs
2231 2341 2390 2395 annis
2421 2355 2515 2392 xx.

1930 2434 2045 2488 νη.
2080 2433 2370 2487 Arsavirus
2400 2431 2558 2484 annis
2582 2443 2728 2482 XLVI.

1931 2525 1992 2579 ln
2028 2524 2189 2593 hujus
2216 2521 2532 2576 vicesimum
2563 2521 2792 2587 primum
2822 2529 3020 2569 annum
3045 2513 3247 2567 natalia
3269 2511 3428 2567 Chri-

1860 2619 1932 2673 sti
1989 2617 2340 2676 inciderunt,
2397 2613 2491 2683 qui
2551 2611 2650 2664 fuit
2701 2608 3018 2678 olympiadis
3067 2605 3430 2676 nonagesimo

1863 2717 2070 2782 quarta:
2103 2720 2268 2778 supra
2297 2704 2648 2759 centesimam
2685 2716 2860 2754 annus
2900 2706 3146 2768 quartus.

1931 2827 2020 2880 21.
2064 2824 2230 2894 Igitur
2263 2825 2423 2893 prout
2467 2825 2590 2871 ante
2637 2813 2982 2886 promisimus
3023 2809 3285 2864 orationis
3330 2824 3432 2862 no-

1866 2927 1990 2974 stra:
2018 2924 2212 2970 metam
2245 2912 2542 2982 attigimus,
2585 2909 2676 2978 qui
2705 2906 2953 2960 videlicet
2998 2903 3065 2957 ad
3116 2900 3277 2955 Verbi
3335 2899 3430 2954 Dei

1866 2995 1985 3065 cum
2035 3023 2198 3062 carne
2247 3003 2480 3073 copulati
2528 2998 3018 3054 manifestationem
3078 2995 3426 3055 devenimus.

1866 3107 2024 3169 capto
2058 3097 2211 3151 initio
2240 3111 2266 3150 a
2297 3095 2471 3164 primo
2513 3090 2734 3146 condito
2786 3087 3023 3150 homine.
3060 3100 3180 3156 qua:
3211 3091 3293 3138 est
3330 3098 3429 3136 an-

1867 3205 2057 3245 norum
2101 3199 2602 3242 uwnuccxxxxvtu
2635 3181 2950 3250 congeries,
2998 3176 3293 3251 secundum
3341 3175 3431 3227 ln-

1866 3290 2130 3351 terpretes
2159 3276 2508 3349 Septuaginta
2537 3315 2551 3334 .
2604 3288 2765 3345 quam
2806 3285 3078 3343 summam
3113 3267 3427 3336 singillatim

1867 3375 1939 3427 ita
1966 3373 2384 3443 perscribemus.
2415 3371 2495 3423 Ab
2519 3366 2726 3421 Adaino
2751 3363 2815 3417 ad
2847 3362 3109 3416 diluvium
3134 3361 3428 3413 coniiciun-

1867 3474 1957 3520 tur
1985 3466 2111 3519 anni
2141 3477 2414 3518 uuccxtu.
2456 3461 2500 3513 A
2528 3457 2730 3513 diluvio
2759 3455 2825 3509 ad
2862 3452 3050 3507 turrim
3101 3451 3228 3504 anni
3259 3463 3424 3503 nxxv.

1868 3554 2005 3610 Hinc
2034 3555 2100 3608 ad
2125 3554 2488 3608 Abrahamum
2523 3549 2649 3603 anni
2697 3559 2958 3600 ccccxvu.
3011 3543 3054 3596 A
3108 3541 3312 3595 diluvio
3359 3539 3426 3593 ad

1867 3647 2158 3702 Abrahatni
2187 3645 2384 3699 natalia
2414 3643 2540 3696 anni
2562 3653 2856 3695 nccccxui.
2900 3635 2984 3706 Ab
3016 3633 3324 3687 Abrahamo
3357 3633 3427 3686 ad

1869 3739 2069 3794 Mosem
2097 3751 2482 3808 egressumque
2504 3749 2569 3789 ex
2585 3731 2816 3802 [Egypto
2839 3728 2963 3781 anni
2986 3743 3073 3780 nv.
3095 3725 3174 3779 Ab
3203 3739 3427 3795 egressu

1868 3847 2039 3902 usque
2068 3831 2133 3884 ad
2165 3828 2506 3883 Solomonem
2540 3826 2882 3894 primumque
2919 3819 3100 3887 templi
3139 3816 3429 3871 aedificium

1870 3923 1996 3976 anni
2029 3935 2321 3975 ccccmxx.
2355 3917 2399 3969 A
2433 3915 2608 3985 primo
2638 3911 2813 3979 templi
2845 3908 3071 3964 aediﬁcio
3121 3906 3188 3958 ad
3231 3919 3431 3959 secun-

1867 4013 1995 4068 dum
2024 4012 2149 4064 anni
2174 4026 2284 4064 exn.
2322 4007 2457 4060 Exin
2485 4004 2547 4058 ad
2577 4002 2782 4058 Christi
2829 3999 3027 4054 natalia
3057 3997 3183 4049 anni
3218 4008 3385 4048 nxvut
3412 4011 3425 4045 :

1867 4117 2095 4172 quorum
2127 4112 2335 4156 summa
2387 4097 2439 4149 ill
2481 4108 2652 4147 annos
2683 4100 3187 4146 IIIIICLXXXXWII
3211 4098 3430 4137 consur-

1867 4196 1962 4266 git.
1989 4193 2199 4247 Rursus
2225 4206 2255 4244 a
2277 4188 2478 4244 Christi
2507 4186 2779 4241 natalibus
2808 4181 2874 4235 ad
2905 4181 3085 4234 divum
3111 4175 3430 4245 Gregorium
3499 4205 3512 4220 ο

1871 4287 1995 4340 anni
2027 4294 2152 4340 sunt
2179 4296 2356 4336 cccxii
2389 4278 2538 4350 (45);
2577 4278 2704 4330 hinc
2740 4281 2918 4328 autem
2947 4272 3013 4325 ad
3051 4285 3211 4325 aeram
3241 4268 3431 4321 Arme-

1867 4378 2080 4431 niorum
2112 4374 2238 4428 anni
2265 4386 2448 4426 ccht.

221 4519 430 4590 quidam
482 4517 618 4570 latro
639 4553 654 4577 ,
705 4526 883 4582 aquo
942 4522 1096 4561 mons
1130 4504 1516 4558 Vaicuniorum
1570 4516 1764 4556 nomen
1797 4505 1840 4560 D
1936 4514 2027 4567 22.
2063 4512 2237 4582 Atque
2263 4523 2361 4579 ego
2394 4505 2610 4576 quidem
2633 4543 2648 4566 ,
2685 4518 2716 4556 0
2747 4501 3034 4554 sanctitate
3067 4499 3286 4568 prmdite
3333 4497 3431 4551 do-

220 4611 399 4666 traxit.

291 4699 609 4756 Artavazdes
631 4696 883 4768 Tigranis
915 4692 1056 4747 [ilius
1092 4689 1250 4744 annis
1285 4703 1344 4744 ll.

291 4792 588 4852 Arciamus,
620 4787 872 4856 idemque
891 4784 1171 4842 Arsamus,
1201 4775 1452 4848 Tigranis
1480 4775 1644 4828 frater
1670 4788 1769 4827 an-

227 4887 310 4943 nis
339 4902 400 4939 xx
420 4925 437 4946 ,
482 4884 584 4938 sub
637 4897 743 4952 quo
786 4894 912 4950 pars
940 4874 1321 4930 Armeniorum
1348 4868 1633 4939 vectigalia
1662 4866 1771 4922 Ro-

227 4979 390 5034 manis
421 4975 651 5046 pendere
677 4973 861 5042 cmpit.

295 5069 525 5137 Abgarus
559 5065 770 5119 Arsami
806 5062 946 5115 filius
998 5057 1156 5111 annis
1187 5069 1414 5108 xxxvm.
1467 5050 1641 5120 llujtts
1685 5064 1771 5104 re-

231 5161 424 5232 gnantis
451 5172 594 5211 anno
627 5154 868 5211 secundo
899 5149 1139 5206 Armenii
1179 5162 1370 5202 omnes
1400 5145 1770 5200 Romanorum

298 5313 638 5386 (HiNisibin
668 5312 857 5384 (quam
879 5308 1117 5386 Armenii
1147 5306 1354 5386 Mezbin
1381 5302 1605 5386 dicunt)
1633 5317 1772 5383 con-

235 5374 356 5440 didit
380 5374 729 5447 Valarsaces;
754 5391 814 5436 ut
841 5380 991 5450 regni
1021 5379 1175 5450 sedes
1197 5385 1360 5450 esset.
1392 5377 1484 5445 qui
1515 5374 1771 5450 nimiarum

235 5461 392 5511 honor
421 5457 474 5510 in
507 5470 570 5508 ea
604 5443 738 5507 urbe
783 5443 981 5504 man‘Sit
1022 5448 1179 5501 annis
1221 5443 1439 5500 circiter
1464 5460 1588 5498 cxx.
1627 5443 1772 5496 Con-

238 5528 419 5582 secutis
450 5524 644 5580 deinde
673 5521 1006 5592 temporibus
1049 5516 1252 5592 Nisibis
1285 5524 1442 5570 terra:
1475 5523 1623 5568 motu
1652 5529 1772 5592 ἰιι-

240 5606 363 5653 stata
385 5604 486 5662 est,
530 5595 602 5648 ita
632 5601 692 5647 ut
719 5583 969 5662 Abgarus
1005 5589 1206 5657 regiam
1246 5601 1395 5662 suam
1433 5583 1774 5662 transtulerit

243 5651 496 5721 Edessam:
537 5663 736 5718 Verum
782 5651 942 5729 hujus
981 5651 1266 5713 successor
1319 5656 1650 5729 Satiatruces
1678 5651 1775 5705 Ni-

242 5738 366 5793 sibin
398 5737 750 5788 iustauratam
779 5723 926 5800 regni
956 5743 1157 5800 rursus
1172 5727 1513 5800 metropolim
1554 5723 1696 5778 fecit.

308 5807 404 5874 (l3)
439 5805 597 5873 Atqui
628 5805 681 5856 in
710 5798 860 5871 parte
893 5798 1182 5852 Suniinarii
1217 5800 1380 5850 altera
1423 5799 1629 5865 primus
1678 5808 1773 5845 an-

1869 4605 2014 4660 mine
2065 4603 2139 4655 mi
2189 4599 2455 4668 Gregori,
2512 4593 2816 4649 vehementi
2870 4599 3047 4643 vestra
3102 4587 3433 4657 flagitatione

1867 4695 2180 4764 compulsus
2236 4691 2490 4758 exiguum
2566 4684 2841 4754 ingenium
2913 4697 3090 4734 meum
3135 4679 3432 4748 rudemque

1869 4802 2090 4842 manum
2121 4783 2248 4838 huic
2275 4777 2642 4836 construendo
2685 4775 2836 4843 operi
2891 4771 3137 4832 admovi;
3169 4778 3430 4822 conatus-

1870 4893 1976 4949 que
1997 4891 2114 4931 sum
2147 4873 2297 4928 brevi
2341 4871 2502 4938 hujus
2530 4880 2808 4937 corporeae
2833 4863 2955 4918 vita:
2983 4861 3264 4916 intervallo
3308 4861 3432 4929 pul-

1871 4969 2194 5024 cherrimam
2233 4964 2341 5019 divi
2376 4961 2593 5016 Eusebii
2627 4954 3120 5026 chronographiam
3159 4951 3430 5014 evolvere,

1871 5075 2054 5132 quam,
2085 5065 2145 5112 ut
2192 5059 2265 5112 ita
2299 5056 2496 5117 dicam,
2525 5050 2812 5120 exscripsi.
2853 5047 3056 5101 Revera
3086 5050 3147 5098 ut
3179 5044 3432 5098 exorien-

1871 5154 1942 5207 tis
1988 5151 2118 5205 solis
2150 5147 2287 5202 radii
2338 5141 2643 5200 tenebrosis
2688 5140 2824 5195 locis
2865 5139 3040 5192 lucem
3095 5141 3433 5203 aspergunt,

1871 5322 1976 5361 nus
1998 5304 2106 5360 divi
2137 5301 2382 5372 Gregorii
2429 5297 2622 5353 incidit
2672 5295 2726 5372 in
2760 5291 2960 5372 Christi
2994 5301 3202 5368 annum.
3238 5299 3434 5372 cccvu:

1872 5356 2413 5430 i‘iihilominusvcum
2471 5383 2580 5422 atra
2665 5363 3046 5417 Armeniorum
3102 5357 3324 5430 incipiat
3370 5356 3436 5408 ab

1874 5424 2230 5507 εηίὶόἰῖιζιιῖξ
2278 5424 2366 5494 hic
2434 5448 2612 5492 autem
2653 5450 2682 5488 a
2737 5434 2862 5486 divo
2916 5428 3175 5507 Gregorio
3219 5424 3287 5477 ad
3319 5439 3436 5507 eam

1875 5495 2434 5572 teram-numerentur
2460 5507 2587 5561 anni
2631 5517 2810 5562 ccht,
2841 5514 3033 5572 rursus
3075 5495 3437 5572 patereyide:

1875 5563 2557 5649 term-div—ttﬁm—‘Gregorium
2614 5571 2854 5629 exordiri
2912 5563 3180 5647 ab.anno
3234 5563 3439 5642 Christi

1872 5634 2198 5712 éééxiil'iié
2229 5634 2426 5706 mendo
2482 5648 2646 5717 igitur
2704 5635 3118 5697 antanuensium
3175 5634 3456 5702 suspicari‘

1876 5729 2020 5783 licet.
