3940 6208
133 330 261 386 (ἱιὸ
865 329 1207 388 SAMUELIS
1239 328 1554 386 ANIENSIS
1593 326 1923 385 SUMMARI!
1960 329 2341 389 TEMPORUM
2373 329 2554 387 PARS
2591 328 2653 388 ll.
3286 338 3390 393 646

971 591 1163 630 OLYIP.
1245 590 1457 629 CHRJSTI
1569 592 1695 631 80M.
1842 589 1957 628 JUD.
2119 591 2264 630 PERS.
2415 591 2542 630 ΔΒΗ.

1556 715 1710 769 Τίὺθ-
1827 716 2004 772 Hero-
2055 719 2285 771 Artaxes
2371 714 2550 785 Ahga-

1567 785 1683 839 rins
1861 788 1957 842 des
2400 801 2494 841 rus

967 907 1176 918 ——-—I——
1245 904 1455 916 —~—-—

1556 905 1735 918 *ε-

1801 908 2013 921 υι--σα
2087 910 2236 920 --ε
2245 911 2294 920 -ι
2375 909 2572 921 —-—_—

229 969 510 1028 Jobannes
537 970 816 1026 Zachariae
858 971 999 1025 filius
1029 970 1163 1025 locis
1195 968 1426 1023 desertis
1457 968 1604 1024 circa
1643 970 1865 1026 ﬂuvium
1906 969 2196 1026 Jordanem
2225 972 2572 1042 praedicabat,
2619 974 2934 1045 cunctisque
2974 974 3148 1044 palam
3172 974 3394 1028 nuntia-

150 1071 256 1116 θαι
305 1065 498 1118 adesse
556 1064 697 1117 inter
743 1078 837 1118 eos
895 1060 1120 1116 UNCTUI
1179 1059 1295 1112 ῡει.
1361 1057 1501 1125 Quin
1555 1059 1671 1130 ipse
1724 1059 1884 1117 Jesus
1931 1069 2131 1117 unctus
2188 1061 2282 1116 Dei
2336 1070 2466 1116 tunc
2524 1062 2747 1117 viviﬁcae
2813 1073 2867 1118 et
2920 1064 3244 1134 evangelicae
3294 1062 3394 1116 do-

149 1155 356 1209 ctrinm
403 1169 514 1208 sua:
560 1153 791 1208 faciebat
842 1152 1075 1214 initium,
1114 1149 1385 1218 rebusque
1432 1150 1598 1217 gestis
1640 1163 1706 1203 ac
1750 1151 1931 1206 verbis
1966 1149 2160 1205 divinae
2199 1151 2481 1220 potestatis
2529 1153 2779 1206 virtutem
2819 1155 3179 1223 spectantium
3219 1154 3394 1209 oculis

150 1247 474 1302 exhibebat.

231 1335 578 1403 Colliguntur
602 1341 781 1386 autem
822 1346 994 1400 usque
1041 1329 1108 1384 ad
1148 1329 1294 1384 hunc
1329 1330 1582 1401 quintum
1607 1331 1880 1388 decimum
1915 1330 2118 1388 Tiberii
2162 1333 2396 1388 Cresarts
2426 1348 2650 1397 annum,
2675 1350 2704 1388 a
2739 1336 2940 1404 templo
2967 1335 3182 1406 quidem
3216 1337 3396 1393 denuo

153 1431 408 1484 excitato
455 1429 584 1482 anni
629 1442 833 1481 nwau
883 1425 1039 1496 (49);
1082 1440 1112 1477 a
1154 1425 1444 1482 Solomone
1473 1427 1762 1500 primoque
1796 1429 1978 1498 templi
2011 1428 2239 1483 aedificio
2283 1430 2409 1482 anni
2449 1444 2652 1495 HLXIV;
2695 1446 2724 1483 a
2762 1429 2909 1485 Mose
2959 1447 3292 1502 egressuque
3330 1447 3396 1489 ex

158 1520 405 1593 Egypto
440 1521 566 1575 anni
597 1535 778 1584 non;
810 1518 879 1572 ab
909 1518 1216 1573 Abrahamo
1245 1517 1491 1590 Ninoque
1532 1529 1586 1576 et
1621 1519 1979 1577 Samiramide
2013 1523 2137 1576 anni
2185 1538 2428 1589 unum;
2461 1539 2490 1576 a
2525 1521 2728 1577 diluvio
2767 1524 2893 1577 anni
2939 1513 3394 1593 uneccccexxvr;

159 1617 234 1670 ab
263 1616 474 1671 Adamo
500 1614 734 1686 denique
762 1614 889 1668 anni
925 1626 1382 1668 unuuuccxxvm.

235 1707 399 1763 Iesus
449 1722 654 1762 unc-rus
694 1707 790 1760 De:
837 1705 939 1759 Do-
1322 1705 1385 1757 51
1604 1706 1670 1760 16
1885 1706 1952 1760 16
2199 1707 2233 1760 5
2439 1711 2508 1763 52
2683 1709 2842 1764 Jesus
2884 1724 3089 1766 UNC‘I’US
3137 1710 3238 1766 Der
3286 1711 3401 1768 Do-

160 1794 342 1853 ιιιιιψυεΔ
387 1793 597 1834 nosran
661 1778 933 1853 yivilicam
1321 1775 1394 1853 ἓξ).
1604 1778 1670 1853 1]
1882 1777 1948 1853 1⁸]
2195 1778 2229 1853 (j
2438 1781 2506 1853 55
2614 1796 2772 1835 llNUS
2853 1795 3061 1835 nos'ren
3153 1783 3398 1853 discipu-

160 1849 706 1905 doctrinamcunctis
740 1847 935 1916 praedi-
1600 1847 1668 1920 18
1881 1848 1947 1920 18
2194 1848 2224 1920 ’ζ
2441 1851 2509 1902 54
2616 1853 2680 1906 lis
2733 1867 2848 1906 sms
2909 1853 3058 1920 regni
3123 1844 3392 1908 ccelornm

158 1921 353 1992 cabat,
376 1926 538 1988 atque
579 1933 643 1973 ea
681 1913 800 1988 quae
836 1931 934 1970 no-
1005 1920 1145 1988 203
1315 1913 1386 1967 5-1
1599 1917 1665 1971 19
1877 1916 1944 1971 19
2196 1917 2228 1970 8
2437 1920 2506 1973 55
2613 1923 2930 1992 mysterium
2957 1913 3252 1990 aperiebat,
3293 1924 3395 1978 cis-

155 1991 642 2063 minatimscripla
666 1996 932 2057 suntpro~
2613 1991 2841 2062 demque
2891 1993 3188 2060 imperabat
3258 2009 3395 2063 prte-

151 2062 316 2133 digia
350 2062 599 2133 patrabat
2622 2063 2951 2116 dicationem
3009 2063 3152 2132 apud
3218 2062 3400 2119 ethni-

2613 2147 2729 2193 cos,
2781 2141 2837 2186 ut
2899 2135 2951 2186 hi
3010 2134 3268 2188 nimirum
3328 2135 3397 2188 ad

2613 2203 2856 2256 omnium
2932 2203 3101 2258 Deum
3165 2219 3398 2261 conver-

2613 2279 2882 2327 terentur.

234 2425 399 2484 Iesus
431 2441 634 2482 uacrus
661 2424 759 2480 DEI
799 2425 1038 2482 DOIINUS
1066 2439 1274 2481 uosren
1305 2423 1458 2495 juxta
1492 2425 1804 2497 prophetias
1841 2424 1910 2482 de
1937 2441 2000 2482 eo
2035 2427 2270 2499 scriptas
2302 2427 2538 2484 accessit
2571 2428 2640 2483 ad
2675 2431 2985 2500 passionem
3018 2446 3163 2485 anno
3200 2429 3407 2488 Tiberii

149 2525 488 2595 imperantis
532 2524 742 2579 decimo
781 2537 946 2577 nono.
984 2519 1126 2576 Sane
1154 2521 1341 2576 eodem
1374 2523 1475 2576 hoc
1510 2529 1753 2593 tempore
1801 2523 1856 2576 in
1897 2522 2020 2577 aliis
2056 2538 2274 2593 quoque
2316 2522 2631 2579 Grmcorum
2675 2526 3042 2581 monumentis
3080 2527 3157 2582 sic
3186 2527 3252 2582 ad
3289 2543 3410 2582 ver-

149 2617 298 2671 bum
334 2624 610 2670 narratum
647 2614 1010 2685 comperimus
1055 2632 1066 2667 :
1124 2631 1143 2665 ι
1185 2612 1364 2669 Solem
1408 2630 1602 2684 nempe
1642 2614 1931 2680 defecisse,
1971 2613 2277 2687 Bithyniam
2318 2624 2476 2672 terra:
2521 2624 2671 2670 motu
2715 2633 3060 2683 concussam,
3111 2620 3411 2692 Nicaeaeque

152 2710 434 2779 potiorem
470 2716 679 2780 partem
727 2708 844 2762 solo
881 2713 1171 2776 aequatam.
1215 2727 1234 2758 ι
1285 2706 1460 2776 Atque
1511 2707 1627 2761 bare
1681 2705 2013 2780 adamussim
2067 2708 2133 2762 iis
2189 2715 2497 2763 consonant
2548 2723 2668 2778 qua:
2718 2708 2773 2762 in
2802 2708 3012 2763 Vivilici
3065 2712 3238 2767 nostri
3289 2731 3411 2786 pas-

157 2805 325 2859 sione
371 2802 703 2859 acciderunt.
749 2799 986 2870 Phlegon
1016 2800 1204 2861 etiam,
1243 2800 1335 2869 qui
1366 2798 1701 2870 olympiades
1728 2799 1839 2869 jam
1887 2799 2013 2857 inde
2057 2800 2124 2854 ab
2167 2815 2352 2855 earum
2401 2801 2714 2870 primordiis
2760 2810 3077 2870 persecutus
3111 2814 3216 2870 est,
3254 2810 3412 2862 tertio

160 2898 382 2954 decimo
410 2897 549 2952 libro
586 2896 789 2951 diserte
821 2895 896 2949 ita
931 2894 1166 2950 scribit:
1206 2912 1224 2942 ί
1262 2892 1468 2959 Quarto
1512 2893 1770 2948 nimirum
1812 2908 1958 2949 anno
1996 2895 2381 2950 ducentesima
2421 2895 2591 2949 tertiae
2631 2894 2951 2965 Olympiadis
2991 2912 3244 2968 magnum
3279 2902 3412 2958 solis
3504 2899 3508 2902 ’

163 2990 344 3052 fuisse
371 2989 662 3052 defectum,
693 2989 905 3059 qualem
937 2990 1108 3057 jnemo
1157 2994 1283 3041 ante
1329 2986 1784 3042 animadverterat
1832 3005 1847 3040 :
1899 2987 2236 3057 septimaque
2283 2985 2390 3041 diei
2425 2986 2561 3041 hora
2595 2995 2802 3040 tantam
2849 2997 3062 3043 noctem
3115 2989 3410 3058 ingruisse,

161 3095 228 3140 ut
252 3085 430 3140 sidera
458 3084 596 3137 cmlo
624 3086 888 3137 micarent
915 3100 929 3136 :
961 3080 1166 3152 ingenti
1195 3089 1354 3135 terrae
1386 3088 1539 3135 motu
1569 3079 1872 3152 Bithyniam
1903 3081 2180 3150 agitatam,
2215 3079 2583 3151 majoremque
2609 3078 2800 3135 Nicaea:
2828 3091 3035 3150 partem
3064 3082 3345 3154 dejectam.
3388 3108 3408 3141 ι

162 3179 298 3234 Haec
345 3176 508 3232 tradit
548 3175 800 3230 laudatus
851 3173 956 3228 viri
1003 3173 1183 3243 Atque
1228 3173 1330 3226 hoc
1380 3186 1514 3227 sane
1554 3187 1810 3242 magnum
1858 3157 2117 3226 indicium
2161 3180 2245 3226 est
2287 3172 2404 3241 ejus
2454 3172 2581 3226 anni
2626 3187 2733 3241 quo
2763 3171 3022 3230 Viviﬁcus
3062 3187 3249 3232 noster
3289 3194 3411 3233 cru-

163 3274 346 3328 cintus
369 3278 470 3334 est,
495 3269 619 3340 quia
656 3268 912 3322 nimirum
951 3273 1005 3321 et
1033 3265 1269 3319 Joannes
1326 3263 1637 3318 testimonio
1670 3278 1771 3319 suo
1803 3263 1857 3318 in
1889 3262 2183 3334 Evangelia
2209 3263 2496 3319 confirmat
2530 3263 2670 3333 (50),
2701 3272 2824 3333 post
2851 3266 3104 3336 quintum
3138 3267 3412 3324 decimum

169 3368 372 3422 Tiberii
406 3381 608 3419 annum
637 3363 964 3418 trietericam
992 3360 1432 3432 praedicationem
1462 3358 1664 3413 Christi
1708 3358 1898 3415 fuisse.
1936 3357 2091 3412 Haud
2125 3359 2315 3429 procul
2337 3374 2402 3413 eo
2434 3367 2680 3428 tempore
2711 3369 2898 3413 narrat
2925 3361 3089 3415 etiam
3117 3359 3411 3432 Josephus,

171 3474 272 3529 per
304 3457 418 3512 dies
446 3455 798 3510 Pentecostes
832 3451 1121 3508 stridorem
1145 3449 1435 3520 quemdam
1459 3459 1775 3520 motumque
1805 3450 1980 3519 primo
2003 3451 2150 3504 circa
2176 3450 2487 3504 sacerdotes
2529 3465 2653 3505 esse
2687 3453 3000 3518 excitatum,
3025 3467 3146 3506 mox
3179 3454 3412 3509 subitam

172 3563 359 3604 vocem
397 3562 427 3602 e
451 3545 817 3617 penetralibus
844 3541 1027 3611 templi
1059 3541 1115 3594 in
1147 3542 1258 3595 haec
1286 3539 1451 3596 verba
1490 3541 1774 3609 erupisse:
1815 3557 1835 3591 ε
1881 3537 2261 3611 Digrediamur
2307 3540 2462 3606 hinc,
2501 3540 2894 3612 digrediamur.
2932 3562 2951 3595 ι
3001 3543 3147 3599 Idem
3191 3545 3412 3617 insuper

173 3637 365 3693 scribit
393 3634 681 3704 Josephus,
726 3630 958 3686 Pilatum
999 3629 1282 3700 praesidem
1323 3629 1426 3684 sub
1473 3628 1529 3683 id
1579 3636 1792 3700 tempus
1829 3637 1995 3685 noctu
2047 3631 2334 3701 imaginem
2375 3633 2603 3688 Caesaris
2642 3634 2697 3687 in
2738 3635 2939 3704 templo
2973 3644 3162 3691 contra
3190 3639 3412 3695 vetitum

174 3729 544 3787 collocandam
571 3740 791 3783 curasse
820 3741 833 3776 :
865 3738 986 3795 quae
1013 3738 1101 3778 res
1126 3722 1304 3793 magni
1339 3722 1600 3777 tumultus
1625 3722 2015 3794 seditionisque
2036 3722 2346 3780 Iudaeorum
2377 3738 2543 3781 causa
2567 3725 2686 3780 fuit.
2706 3725 2843 3782 Hinc
2870 3738 3048 3784 autem
3079 3747 3412 3788 summorum

174 3826 259 3880 vis
281 3823 544 3878 malorum
571 3819 852 3875 Judaicam
884 3825 1098 3890 gentem
1127 3819 1412 3888 corripuit.

251 3955 946 4039 HierosolymitanaeEccle-
1134 4035 1144 4039 _
2646 4030 2658 4039 _
2708 3960 2864 4039 Philo
2900 3961 3302 4039 Alexandrinus
3331 3967 3413 4022 vir

177 4025 518 4114 siaeiprimns;
538 4043 805 4114 manuum
832 4027 936 4114 111)-
1134 4035 1144 4046 ·
2645 4030 2958 4114 ingeniosus
2969 4042 3022 4086 et
3043 4033 3237 4090 doctus
3254 4052 3412 4108 agno-

177 4096 442 4165 posi'tione
468 4099 534 4152 ab
562 4097 819 4166 apostolis
847 4111 930 4150 re—
1319 4096 1387 4150 57
1597 4098 1669 4151 22
1877 4097 1948 4151 22
2161 4099 2222 4151 11
2439 4100 2508 4154 58
2643 4096 2916 4157 scébatur.

177 4173 332 4241 cepit
354 4165 728 4241 episcopatum
774 4165 932 4220 Jaco-

179 4237 285 4297 bu's
317 4237 480 4295 frater
517 4237 753 4293 Domini.

251 4377 378 4433 Post
431 4374 630 4446 Abgari
675 4373 880 4427 obitum
924 4371 1017 4441 qui
1061 4371 1117 4424 in
1150 4379 1549 4426 sacramentum
1590 4379 1836 4428 nostrum
1878 4379 2251 4436 concesserat,
2297 4371 2549 4428 bifariam
2590 4375 2826 4432 divisum
2872 4387 2956 4432 est
2998 4393 3226 4450 regnum
3270 4378 3410 4449 ejus.

180 4473 352 4530 Filius
403 4472 660 4527 nimirum
710 4469 828 4538 ejus
885 4467 1109 4522 Ananus
1158 4475 1346 4538 regnat
1402 4466 1638 4522 Edessae.
1692 4467 2025 4523 Sanatruces
2087 4474 2268 4521 autem
2325 4470 2532 4524 sororis
2569 4470 2814 4539 ejusdem
2862 4472 3006 4528 ﬁlius
3050 4473 3108 4527 in
3155 4472 3413 4528 Armenia

186 4569 382 4635 majore
412 4581 430 4618 :
469 4563 562 4634 qui
591 4559 808 4634 quidem
843 4557 1157 4630 praedicanti
1194 4557 1465 4613 Thaddzeo
1502 4558 1770 4628 credidit;
1801 4575 1927 4614 mox
1971 4559 2073 4615 fide
2109 4560 2344 4630 abjecta,
2385 4562 2693 4630 apostolum
2741 4561 3014 4634 ﬁliamque
3043 4561 3412 4620 Sanduchtam

191 4659 472 4716 interemit.

2473 4789 2930 4848 SANATRUCES
2958 4793 3118 4851 annis
3142 4809 3272 4850 xxx.

259 4909 485 4990 Addazus
523 4906 775 4990 .Edessze‘
819 4923 956 4990 prae:
1023 4909 1165 4979 204
1340 4905 1408 4959 58
1619 4904 1691 4959 25

1023 4909 1165 4979 204
1340 4905 1408 4959 58
1619 4904 1691 4959 25
1900 4904 1972 4959 23
2186 4905 2252 4960 ia
2504 4905 2527 4958 1

195 4982 276 5038 sul
320 4979 574 5051 martyrio
619 4977 954 5051 afﬁciturab

191 5050 380 5174 Abgari
403 5042 514 5118 jam
541 5049 794 5104 exstincti
824 5048 949 5127 filio.
1514 5042 1721 5100 GAIUS
1759 5043 1920 5099 annis
1961 5061 2040 5100 Iv.

306 5129 452 5174 etrns
507 5121 784 5174 apostolus
844 5135 954 5174 οτι·
1342 5115 1409 5170 59
1658 5116 1679 5148 ’
1901 5115 1972 5169 24

306 5115 452 5175 etrtis
507 5121 784 5189 apostolus
844 5119 954 5188 pri-
1342 5115 1409 5170 59
1658 5116 1679 5148 ν

1342 5115 1409 5170 59
1658 5116 1679 5148 ’
1901 5115 1972 5169 24
2187 5117 2254 5170 15
2499 5115 2534 5168 2

194 5206 333 5246 mum
352 5190 741 5243 Antiochenam
766 5191 951 5243 Eccle-

195 5265 325 5317 s'nnn
374 5260 580 5341 stabilit
617 5277 629 5311 :
669 5274 794 5313 mox
822 5257 948 5341 “Ro:
1349 5330 1403 5341 ,Δ
1654 5329 1686 5341 Α
1906 5255 2213 5341 ΑρΚΙΡΡᾼ
2235 5257 2403 5341 annis
2436 5271 2532 5341 vn_.

197 5347 330 5387 lnam
361 5330 662 5401 profectus,
690 5331 947 5399 praedicat
1222 5360 1224 5362 τ
1337 5330 1406 5385 40
1654 5329 1689 5383 2
1940 5329 1966 5382 1
2193 5329 2256 5382 l4
2504 5329 2541 5381 5

197 5401 947 5496 1'19?"1;3'3'15}‘!an"'=se
1028 5429 1166 5496 205
1338 5401 1406 5496 11
1655 5401 1688 5496 ξ»
1935 5400 1971 5496 2
2186 5399 2257 5496 εξ
2502 5399 2537 5496 ἐ

195 5472 324 5543 gerit
362 5471 519 5526 annis
549 5486 618 5525 xx
641 5471 770 5544 (51).
1029 5469 1166 5496 ⁴υυ
1337 5472 1406 5524 4?.
1654 5471 1689 5524 4

1029 5469 1166 5496 ‘U"
1337 5472 1406 5524 42
1654 5471 1689 5524 4
1939 5470 1972 5523 5
2185 5469 2252 5522 16
2504 5470 2537 5523 5

265 5719 371 5791 (49)
399 5720 804 5791 Euseb.,nxt.t_t.
874 5789 883 5791 Α
914 5789 920 5791 Α
1534 5789 1551 5791 _
1928 5719 2039 5789 (5t)
2066 5718 2143 5791 Ita
2163 5727 2249 5774 est
2276 5719 2440 5776 etiam
2473 5720 2615 5788 apud
2637 5719 2928 5778 Eusebium
2963 5720 3020 5777 in
3049 5721 3200 5778 Arm.
3235 5721 3421 5779 codice

265 5789 373 5863 (50)
409 5789 698 5847 Recolatur
729 5789 1017 5857 Eusebius,
1058 5792 1151 5847 lib.
1193 5808 1230 5858 ι,
1267 5806 1388 5860 cap.
1423 5789 1490 5844 56
1525 5789 1616 5844 fin.
1855 5805 1954 5859 pro
1988 5790 2142 5843 annis
2167 5806 2297 5850 xxv.
