4008 6204
479 355 578 414 sai
1235 375 1244 388 ο
1289 341 1292 348 ’
1474 352 1818 413 APPENDLX
1853 352 1946 408 AD
1984 352 2250 410 EUSEBII
2284 337 2710 423 canonicos:
3621 355 3753 434 692,

551 493 669 552 'Per
699 494 872 553 hosce
901 495 1019 552 dies
1047 495 1309 551 inclaruit
1340 494 1463 551 falsi
1500 495 1778 566 propheta:
1830 493 2234 550 Saracenorum
2295 492 2696 562 manifestatio,
2721 491 2973 548 Cerintbi
3009 497 3173 562 atque
3209 490 3537 546 Arianorum
3569 507 3726 548 asse-

481 589 601 651 σιω,
637 589 726 643 cui
757 604 954 644 nomen
985 588 1348 656 Mahumetus,
1379 599 1536 659 gente
1586 590 1898 653 lsmaelitaz,
1927 587 2022 642 filii
2049 587 2266 658 Agaris,
2299 589 2392 657 qui
2418 595 2756 659 praeceptore
2777 593 3024 642 ususcst
3047 585 3298 639 solitario
3319 585 3439 639 viro
3468 585 3729 656 quodam,

481 680 705 735 nomine
735 679 984 745 Bechira,
1015 691 1163 736 secta
1192 681 1416 745 Ariano,
1455 679 1608 734 Sinai
1637 681 1840 736 deserti
1881 679 2058 734 incola
2100 696 2113 730 :
2147 695 2308 749 quem
2339 680 2399 732 in
2439 680 2615 734 locum
2648 678 2901 732 videlicet
2929 674 3264 731 confluentes
3299 674 3586 730 Ismaelitw
3613 690 3728 735 nu-

480 786 632 826 mero
666 773 813 827 aucti
837 781 986 837 sunt,
1014 788 1080 828 ex
1107 787 1216 844 quo
1247 781 1493 844 tempore
1522 771 1658 828 Sara
1687 773 1940 826 ancillam
1978 787 2135 826 suam
2160 771 2392 842 Agarem
2425 770 2652 841 expulit.

499 968 504 973 1
549 890 918 952 Constantino
948 891 1183 947 Heraclii
1246 891 1358 946 filio
1407 902 1669 963 regnante
1722 899 1881 962 capta
1912 907 1942 944 a
1973 890 2268 946 Saracenis
2340 889 2565 951 Devina.
2607 897 2668 945 ut
2697 890 2917 960 quidam
2963 890 3040 943 ait
3074 889 3390 954 historicus,
3439 886 3731 942 interfecta

485 992 617 1037 sunt
645 984 784 1040 festo
813 985 901 1041 die
931 984 1248 1055 Epiphaniae
1279 984 1332 1038 in
1369 983 1554 1038 Sancti
1592 983 1764 1054 Sergii
1793 984 1907 1039 aede
1940 983 2228 1038 duodecim
2261 982 2431 1035 millia
2462 982 2764 1046 hominum,
2792 981 2864 1034 ita
2900 989 2958 1034 ut
2981 995 3249 1036 caesorum
3274 982 3534 1052 sanguine
3564 994 3729 1034 sacra

484 1092 669 1131 mensa
684 1085 737 1132 et
754 1077 1096 1147 baptismatis
1128 1077 1250 1132 fons
1278 1077 1651 1132 redundarent
1687 1097 1699 1131 :
1737 1078 1970 1131 abducta
1999 1092 2128 1131 vero
2153 1077 2204 1129 in
2229 1076 2600 1146 captivitatem
2625 1084 2752 1130 sunt
2781 1077 2902 1145 plus
2931 1075 3151 1148 triginta
3173 1077 3413 1146 quinque
3447 1075 3730 1129 hominum

485 1170 677 1226 millia.
720 1171 842 1225 Mox
875 1187 1106 1241 corpora
1135 1188 1345 1236 eorum,
1381 1173 1474 1242 qui
1515 1173 1620 1226 hoc
1653 1173 1795 1227 bello
1824 1173 2157 1239 ceciderant,
2192 1172 2411 1240 collegit
2453 1170 2654 1226 Nerses
2696 1172 3029 1241 patriarcha,
3069 1181 3230 1243 atque
3261 1171 3315 1225 in
3357 1171 3540 1226 eadem
3567 1185 3730 1225 sacra

482 1261 617 1324 aede,
646 1277 808 1332 quam
841 1261 1050 1326 refecit,
1085 1263 1402 1317 collocanda
1425 1263 1658 1316 curavit.

551 1375 805 1432 Jamvero
835 1376 1171 1434 Ismaeliticm
1202 1380 1379 1451 gentis
1404 1395 1499 1434 rex
1529 1377 1718 1434 eadem
1745 1377 1800 1432 in
1833 1379 1970 1432 urbe
2009 1377 2190 1432 sedem
2225 1375 2372 1440 fixit;
2405 1377 2616 1446 primus
2646 1376 2871 1448 quidem
2904 1377 3121 1431 nomine
3144 1375 3495 1442 Chalarthus,
3525 1377 3593 1440 de
3615 1393 3732 1449 quo

479 1471 800 1534 vaticinium
835 1485 992 1525 sacra
1023 1472 1199 1527 Biblia
1229 1474 1564 1532 cecinerant.
1600 1469 1738 1525 forc'
1763 1471 1972 1526 scilicet
2003 1481 2060 1525 ut
2092 1470 2484 1524 Chalartalabii
2514 1470 2635 1540 (25)
2666 1471 2899 1542 pepulus
2933 1469 3143 1540 gladios
3169 1485 3299 1525 suos
3329 1486 3525 1524 cruore
3573 1479 3733 1526 satu-

481 1575 649 1621 raret.
685 1565 785 1622 Hic
809 1579 934 1623 octo
987 1579 1113 1640 post
1148 1585 1322 1623 annos
1352 1569 1487 1624 obiit
1523 1585 1537 1620 :
1571 1569 1952 1640 successitque
1993 1570 2304 1626 Amaranus
2335 1571 2501 1626 annis
2543 1585 2643 1624 xu.
2686 1569 2791 1626 Sed
2850 1571 2995 1625 enim
3030 1570 3118 1624 ille
3157 1567 3486 1625 Cbalarthus
3530 1570 3733 1626 Dama-

491 1675 643 1714 scum
675 1677 848 1729 usque
876 1677 1200 1733 progressus
1227 1662 1424 1724 fuerat,
1448 1670 1501 1717 ct
1528 1662 1580 1716 in
1615 1661 2003 1732 Mesopotamia
2032 1661 2280 1716 Amidam
2308 1663 2495 1717 urbem
2519 1661 2728 1716 infinita
2755 1662 3057 1732 direptione
3086 1671 3415 1717 vastaverat.
3441 1663 3576 1717 Exin
3609 1671 3734 1719 tres

481 1753 650 1808 duces
680 1755 849 1808 alium
879 1755 987 1810 alio
1021 1756 1338 1821 dimiserat;
1372 1758 1425 1811 in
1445 1757 1664 1811 Grzecas
1695 1757 1913 1826 quidem
1942 1756 2252 1826 provincias
2297 1754 2475 1811 .Ialum
2510 1756 2624 1828 (24)
2643 1773 2738 1812 seu
2781 1755 3008 1825 Joelem,
3042 1757 3133 1828 qui
3166 1756 3476 1812 Graecorum
3509 1769 3734 1829 septua-

480 1847 631 1916 ginta
658 1848 828 1901 millia
865 1849 1093 1914 cecidit;
1125 1849 1177 1902 in
1202 1848 1485 1906 Persidem
1517 1867 1646 1906 vero
1678 1848 2008 1904 Othmanum
2036 1849 2276 1905 Amiram
2313 1850 2361 1904 M
2379 1852 2716 1920 aviaeumque
2741 1851 3026 1914 couiarum
3056 1850 3272 1916 ducem,
3303 1852 3394 1923 qui
3431 1851 3737 1907 debellave-

481 1950 612 1995 runt
639 1941 831 2011 viginti
858 1941 1006 1996 mille
1036 1941 1298 2014 Myrdatis
1331 1944 1554 2008 milites,
1589 1944 1829 2013 itemque
1861 1942 2246 1998 Armeniorum
2283 1943 2478 1998 ducem
2529 1943 2786 1999 Musaeum
2819 1960 2941 1998 cum
2973 1945 3090 2000 suis
3115 1945 3390 2014 equitibus
3423 1961 3438 1999 :
3468 1953 3630 2016 atque
3652 1945 3736 2001 ita

480 2032 710 2104 contigit
744 2031 1113 2100 utArmeniis,
1145 2033 1346 2098 Persis,
1389 2034 1562 2104 Syris,
1599 2032 1894 2104 IEgyptiis,
1922 2031 2113 2098 Medis,
2150 2031 2369 2088 Parthis
2403 2042 2456 2088 et
2485 2032 2792 2090 Palaestinis
2815 2036 3142 2106 potirentur.

551 2148 671 2203 Jam
703 2165 891 2214 causa,
921 2152 1274 2221 quamobrem
1306 2151 1361 2205 bi
1389 2150 1671 2206 consecuti
1697 2157 1828 2204 sunt
1857 2149 2218 2213 dominatum,
2252 2149 2523 2219 ejusmodi
2551 2149 2650 2204 fuit
2682 2171 2695 2206 :
2722 2151 2986 2221 Princeps
3019 2153 3234 2222 quidam
3269 2153 3616 2210 Damascenae
3643 2169 3737 2209 re-

481 2241 658 2310 gionis
690 2239 913 2312 Sergius
949 2242 1091 2295 haud
1138 2241 1349 2296 modica
1398 2258 1457 2296 re
1500 2250 1833 2296 mercatores
1859 2238 2209 2294 lsmaeliticos
2253 2239 2560 2309 spoliabat:
2589 2241 2920 2298 Chalarthus
2956 2251 3157 2308 autem,
3187 2260 3313 2298 cum
3347 2260 3488 2312 saepe
3525 2245 3590 2299 de
3636 2244 3731 2300 his

484 2334 700 2404 injuriis
733 2336 1155 2404 cxpostulasset,
1192 2352 1292 2391 nec
1323 2337 1414 2390 ille
1433 2336 1501 2390 ab
1521 2336 1738 2405 ingenio
1771 2333 2090 2396 decederet,
2131 2333 2200 2387 ad
2224 2343 2532 2389 extremum
2568 2337 2812 2392 collectis
2835 2335 3016 2408 gentis
3040 2353 3153 2392 suae
3183 2337 3526 2408 pedestribus
3553 2353 3726 2409 eque-

483 2424 800 2494 stribusque
830 2424 1006 2494 copiis
1043 2432 1126 2480 ter
1155 2425 1568 2496 impressionem
1607 2425 1661 2478 in
1686 2424 1898 2478 hostem
1929 2422 2078 2486 fecit,
2114 2439 2293 2493 neque
2316 2439 2372 2478 rc
2397 2441 2496 2479 sua
2522 2434 2732 2481 tantum
2755 2428 2961 2497 potitus
2983 2434 3085 2492 est,
3115 2445 3300 2484 verum
3329 2431 3490 2485 etiam
3509 2431 3680 2485 aliena
3702 2448 3724 2485 :

483 2532 657 2588 qaare
684 2525 738 2572 et
764 2517 819 2572 in
851 2517 1164 2573 Armeniam
1191 2518 1427 2581 delatus,
1460 2518 1509 2570 vi
1550 2518 1854 2571 conabatur
1877 2516 2188 2587 religiosam
2214 2516 2516 2572 incolarum
2556 2518 2716 2573 fidem
2747 2519 3082 2576 subvertere.

555 2635 825 2691 Praeterea
855 2633 1258 2691 Ismaelitarum
1293 2649 1386 2688 rex
1421 2633 1716 2704 praedictus
1749 2633 2160 2701 conspirantem
2197 2647 2384 2686 secum
2425 2642 2620 2687 nactus
2651 2640 2736 2689 est
2766 2635 3053 2703 quemdam
3086 2635 3306 2690 nomine
3355 2635 3727 2693 Mahumetum

480 2729 867 2805 (Egyptiorum
915 2739 1281 2786 mercatorum
1305 2729 1626 2798 principem.
1661 2727 1761 2781 llic
1795 2727 1974 2795 legum
2000 2726 2360 2781 Mosaicarum
2400 2727 2610 2783 modice
2643 2730 2873 2799 peritus,
2910 2732 3006 2786 sed
3043 2732 3155 2785 Arii
3185 2731 3538 2804 Cerinthique
3562 2746 3734 2791 secta

482 2823 758 2894 addictus,
785 2822 878 2894 qui
902 2838 1129 2892 regnum
1163 2821 1428 2875 cmlorum
1465 2835 1786 2888 corporeum
1817 2834 1940 2873 esse
1985 2817 2219 2881 dicebat,
2253 2819 2307 2872 in
2355 2835 2464 2889 quo
2493 2821 2705 2876 scilicet
2742 2823 3018 2877 terrestris
3059 2823 3216 2879 cibus
3248 2826 3457 2882 ventris
3498 2827 3726 2895 inesset,

485 2918 722 2985 itemque
751 2916 1086 2969 connubium
1116 2921 1239 2984 post
1264 2913 1740 2968 resurrectionem.
1769 2910 1916 2964 Idem
1950 2912 2096 2982 leges
2130 2913 2272 2967 inter
2301 2927 2360 2967 se
2394 2913 2702 2968 contrarias
2731 2916 2940 2980 docuit,
2970 2917 3193 2986 antiqua
3245 2918 3454 2973 scilicet
3495 2927 3549 2974 et
3583 2936 3733 2977 nova

480 3017 704 3073 statuta,
730 3007 968 3063 absurda
993 3007 1418 3061 comminiscens
1471 3015 1635 3076 atque
1670 3006 1961 3060 insolentia
2004 3005 2331 3077 praedicans,
2368 3006 2646 3076 nimisque
2680 3009 3023 3080 impudenter
3055 3010 3231 3067 fmdus
3267 3012 3397 3066 illud
3429 3013 3732 3070 Abrahami

479 3117 864 3172 corrumpens,
896 3116 1006 3171 quo
1035 3100 1250 3169 jussum
1287 3107 1370 3154 est
1407 3117 1422 3154 :
1464 3118 1480 3150 ι
1521 3098 1723 3154 Marem
1765 3115 1980 3153 omnem
2029 3099 2172 3170 apud
2207 3116 2304 3155 vos
2327 3099 2736 3156 circumcidetis
2759 3113 2953 3180 octava
2984 3104 3071 3158 die
3099 3103 3306 3173 (Cenes.
3343 3109 3664 3177 xxxiv,15);
3699 3129 3722 3160 ι

479 3199 596 3270 ipse
624 3207 804 3254 autem
834 3213 945 3252 non
971 3212 1150 3252 mares
1167 3203 1400 3260 tantum,
1429 3211 1617 3270 verum
1642 3196 1826 3261 etiam,
1859 3191 1996 3266 proh
2020 3195 2226 3266 pudor!
2261 3195 2503 3249 femellas
2532 3215 2546 3250 :
2573 3195 2918 3266 signaculum
2952 3196 3217 3253 Dominici
3245 3199 3468 3256 fmderis
3488 3201 3728 3258 violans.

482 3294 683 3347 Statuit
711 3293 938 3364 insuper
968 3300 1026 3345 ut
1055 3307 1194 3361 aqua
1228 3299 1440 3345 tantum
1467 3290 1577 3361 (25)
1603 3291 1848 3344 lavarent
1874 3298 2135 3360 perpetuo
2158 3291 2211 3344 in
2243 3291 2391 3344 fonte
2414 3291 2760 3363 baptismatis
2793 3313 2805 3348 :
2833 3293 3141 3364 multasque
3161 3302 3420 3364 praeterea
3451 3297 3730 3353 absurdos

479 3388 749 3458 ejusmodi
781 3399 834 3444 et
866 3389 1090 3449 insanas
1119 3388 1342 3456 risuque
1367 3386 1561 3457 dignas
1585 3386 2014 3442 consuetudines
2046 3386 2254 3440 docuit.

551 3507 709 3578 IIunc
741 3508 1113 3564 Mahumetum
1181 3524 1306 3563 cum
1363 3507 1465 3562 sibi
1515 3506 1880 3577 legislatorem
1908 3516 1962 3561 et
1991 3507 2274 3561 oraculum
2329 3509 2720 3578 c0piarumquc
2777 3509 2968 3563 ducem
3030 3508 3285 3563 Saraceni
3356 3506 3735 3578 prmfecissent

479 3602 644 3657 annis
672 3618 766 3661 xx.
799 3617 1014 3655 summo
1044 3600 1261 3656 excidio
1325 3598 1736 3654 debellaverunt
1795 3598 2153 3663 Beznuniam,
2211 3598 2548 3654 Aleovidiam
2592 3608 2756 3669 atque
2791 3599 3083 3654 'l‘aroniam
3115 3599 3250 3670 (26).
3282 3600 3601 3669 Quanquam
3628 3615 3736 3670 po-

483 3706 692 3754 stremo
719 3696 1067 3752 Mahumetus
1096 3712 1222 3751 cum
1256 3694 1442 3750 fideles
1473 3695 1823 3749 obluctantes
1853 3703 2016 3749 sectae
2049 3709 2162 3748 suae
2190 3697 2560 3764 cognovisset,
2590 3694 2769 3749 edicto
2792 3695 3001 3765 copiam
3036 3694 3163 3749 fecit
3191 3695 3515 3749 nominatim
3539 3694 3734 3750 Arme-

481 3794 656 3849 niacis
679 3792 979 3862 provinciis
1008 3792 1323 3847 Christiano
1356 3791 1463 3844 ritu
1493 3791 1702 3854 utendi,
1735 3799 1920 3859 atque,
1953 3798 2013 3843 ut
2052 3791 2125 3843 ita
2148 3788 2348 3856 dicam,
2387 3791 2708 3863 religionem
2740 3806 2904 3861 quam
2949 3791 3301 3846 seetabantur
3333 3789 3534 3844 eisdem
3590 3806 3733 3845 ven-

480 3891 641 3954 didit,
670 3887 920 3959 vectigali
946 3890 1231 3956 imperato,
1266 3904 1461 3958 nempe
1486 3897 1544 3941 ut
1571 3886 1785 3940 familiae
1807 3887 2034 3957 singulae
2061 3894 2300 3956 quatuor
2330 3903 2608 3952 nummos,
2636 3887 2847 3942 modios
2873 3887 3150 3942 aridorum
3180 3895 3314 3950 tres,
3348 3888 3726 3956 hippoperam,

478 3982 867 4052 cilicinumque
893 3981 1075 4034 funem
1110 3981 1505 4051 persolverent.
1533 3978 1709 4048 Hujus
1753 3988 1934 4033 tamen
1974 3978 2163 4033 tributi
2195 3978 2534 4034 immunibus
2566 3993 2691 4034 esse
2716 3978 2993 4034 concessit
3021 3978 3416 4043 sacerdotibus,
3450 3981 3732 4037 nobilibus

478 4083 536 4131 et
562 4075 856 4146 equitibus.
888 4073 1062 4144 Atque
1092 4072 1370 4139 Saraceni,
1434 4088 1697 4144 posquam
1730 4072 1954 4142 prolatis
1984 4071 2200 4142 imperii
2231 4070 2431 4130 finibus
2477 4073 2720 4130 omnium
2755 4070 2912 4140 potiti
2940 4080 3087 4131 sunt,
3122 4069 3231 4124 dici
3265 4079 3549 4140 cmperunt
3573 4071 3732 4126 Ami-

477 4169 775 4224 ralmumni
801 4167 1081 4240 (27).Jam
1108 4176 1232 4238 post
1273 4167 1570 4222 Mabumeti
1611 4181 1788 4222 annos
1842 4182 1912 4220 xx
1942 4164 2078 4237 (28),
2125 4164 2390 4220 dominati
2437 4171 2567 4219 sunt
2617 4146 3024 4226 Abubecbirus,
3057 4159 3362 4216 0thmanus
3391 4170 3445 4217 et
3491 4161 3729 4218 Omarus

478 4275 641 4316 annis
669 4277 899 4317 XXXVIII.

556 4375 666 4430 IIac
697 4384 1021 4446 tempestate
1047 4372 1337 4443 imperium
1391 4389 1610 4442 quoque
1662 4373 1971 4435 Persarum,
2008 4374 2154 4444 quod
2197 4373 2483 4428 dicebatur
2537 4369 2957 4433 Sasanidarum,
2994 4369 3265 4424 sublatum
3299 4376 3405 4434 est,
3435 4376 3728 4438 postquam

479 4471 641 4527 annis
671 4485 834 4524 ccccx
864 4475 1305 4539 perscvcraverat
1335 4486 1347 4520 :
1383 4465 1661 4521 Persicum
1707 4477 1885 4521 autem
1910 4476 2183 4538 sceptrum
2239 4478 2498 4535 ceperunt
2539 4463 2820 4530 Saraceni,
2849 4465 2940 4533 qui
2965 4462 3092 4517 dicti
3130 4469 3257 4516 sunt
3285 4461 3723 4516 Amiralmumni.

1476 4643 1998 4699 SARACENOIKUM
2035 4641 2528 4700 AMIRALMUMNI
2563 4643 2694 4714 (29).

552 4828 890 4886 Mahumetus
947 4830 1107 4884 annis
1167 4823 1688 4892 xx;Abubechirus
1733 4823 1895 4877 anuis
1945 4837 2083 4889 vui;
2127 4819 2433 4876 0thmanus
2483 4822 2643 4876 annis
2691 4837 2760 4888 1t;
2813 4820 3050 4878 Omarus
3104 4819 3263 4876 annis
3315 4835 3424 4886 xx;
3469 4817 3729 4874 Mavimus

479 4900 640 4998 ann-is
665 4941 807 4998 xm;
831 4925 1122 4980 Meruanus
1157 4938 1303 4977 anno
1333 4937 1349 4975 1
1376 4939 1390 4988 ;
1416 4919 1662 4975 Jezithus
1698 4919 1858 4980 annis
1884 4935 1978 4985 Ill;
2022 4917 2469 4973 Abdelmelichus
2503 4918 2676 4971 ‘annis
2723 4933 2872 4982 xxu;
2904 4915 3345 4985 Yelithus'annis
3373 4931 3458 4982 Iv;
3491 4914 3730 4970 Omarus

478 5023 641 5082 annis
685 5038 755 5089 n;
809 5021 1035 5076 Ezitlius
1091 5019 1251 5074 annis
1301 5015 1760 5083 v1;Hcschemus
1817 5015 1978 5070 annis
2037 5030 2172 5081 xix;
2242 5012 2490 5068 Velithus
2540 5027 2683 5066 anno
2714 5027 2767 5078 t;
2815 5011 3106 5068 Meruanus
3160 5012 3320 5067 annis
3369 5027 3505 5078 vm;
3553 5010 3729 5066 Abdla

479 5101 638 5174 annis
664 5131 814 5177 xxu;
848 5114 1212 5169 Abdelazizus
1246 5113 1408 5168 annis
1459 5128 1556 5178 tu;
1603 5111 1814 5165 Mahdis
1846 5110 2006 5166 annis
2047 5125 2124 5176 Ix;
2167 5108 2338 5163 Musis
2391 5108 2550 5162 annis
2593 5125 2661 5174 x;
2697 5106 2953 5163 Harunus
3008 5110 3166 5163 annis
3210 5122 3383 5172 mu;
3419 5105 3730 5163 Mahmetus

479 5209 640 5262 annis
664 5224 732 5274 v;
768 5205 1078 5259 Maimunus
1105 5205 1263 5259 annis
1295 5219 1483 5272 xxv";
1516 5201 1892 5270 lbenmeretus
1918 5200 2082 5270 annis
2116 5215 2205 5267 1x;
2249 5198 2507 5254 Harunus
2531 5200 2691 5254 annis
2714 5212 2878 5263 xvm;
2909 5197 3206 5270 Ciaphares
3228 5199 3388 5252 annis
3417 5213 3490 5252 χι.
3517 5195 3726 5253 Horum

479 5299 742 5356 memoria
771 5297 1075 5370 perditione
1102 5297 1390 5352 obruatur.

546 5501 659 5571 (25)
675 5500 917 5558 Chalirth
938 5500 1273 5555 dicunturab
1297 5499 1568 5554 Armenus
1585 5509 1726 5554 exta.
1747 5494 1860 5571 Hoc
1876 5504 2055 5571 a_utem
2377 5491 2626 5571 [laesum
2653 5493 3034 5571 Armeniorum
3065 5493 3383 5571 provincia.

476 5562 599 5627 Ioco
623 5562 765 5626 haud
799 5574 1006 5625 scimus
1032 5583 1210 5625 utrum
1239 5571 1639 5640 respiciendum
1680 5571 1750 5640 sit
1791 5566 2050 5640 adiDeut.
2179 5635 2187 5640 Δ
2222 5562 2610 5640 (27)_Codices
2656 5564 2864 5640 partim
2907 5562 3547 5640 Amirimumuirpartim
3593 5577 3728 5619 vero

474 5658 674 5706 xxvut,
700 5643 790 5706 49,
830 5656 897 5702 an
929 5643 993 5704 ad
1027 5640 1263 5702 Hiercm.
1295 5634 1440 5701 XLVI,
1471 5643 1556 5702 lt),
1578 5641 1659 5694 vel
1687 5639 1752 5693 ad
1770 5639 1906 5707 psal.
1941 5652 2048 5698 LVI,
2153 5634 2584 5707 Amjralpmmni,
2623 5649 2821 5707 nempe
2847 5634 3185 5707 imperatores
3218 5635 3474 5707 ﬁdelium.

475 5712 532 5779 5,
577 5702 747 5768 vel'ad
776 5702 929 5768 tvm.
967 5702 1021 5764 8.
1054 5710 1187 5764 Rem
1220 5711 1308 5763 alii
1336 5710 1649 5777 diligentius
1680 5702 2045 5779 considerent.
2222 5705 2332 5779 £28)
2347 5704 2644 5779 godd.,x_t..
2665 5702 2769 5758 Sed
2791 5703 2950 5760 iidem
2965 5713 3090 5759 ante
3107 5702 3402 5779 posteaque
3417 5705 3720 5779 habentxx.

557 5785 670 5854 (24)
698 5782 797 5837 Hic
823 5783 1041 5854 codices
1082 5783 1258 5854 aliqua
1307 5773 1656 5854 corruptione
1700 5778 2043 5833 laborabant.
2185 5775 2326 5854 _(‘29)
2353 5773 2446 5854 I_Iic
2481 5775 2689 5854 titulus.
2719 5790 2843 5828 cum
2877 5773 3227 5854 sequentibus
3276 5773 3722 5831 Amiralmumuis

551 5845 665 5926 (25)
694 5854 894 5924 Nempe
923 5853 1039 5910 sine
1069 5845 1246 5906 verbis
1275 5845 1493 5922 saeris.’
2148 5847 2300 5900 abest
2335 5846 2402 5900 ab
2440 5845 2746 5915 antiquiore
2777 5847 3090 5918 exemplari.
