3940 6208
191 276 307 338 7m
938 276 1283 334 SAMUELIS
1315 275 1626 332 ANIENSIS
1665 275 2002 331 SUMMARII
2034 274 2415 331 TEMPORUM
2455 275 2635 331 PARS
2671 276 2736 332 ll.
3323 277 3426 336 7N

883 552 1073 593 OLYIP.
1134 550 1348 593 CBRIS‘I‘I
1442 553 1634 592 CONST.
1742 553 1889 593 Διικ.
2030 553 2157 591 AR].
2300 554 2435 591 PATR

1155 551 1348 593 ιιιιιιετι
1442 553 1634 592 CONST.
1742 553 1889 593 Διικ.
2030 553 2157 591 AR].
2300 554 2457 592 PATB.
2580 553 2711 591 EBA

2585 623 2714 663 ΔΒΗ.

1482 746 1584 800 Μί-
1702 746 1931 817 Ciaplia-
1992 745 2215 800 Semba-
2300 746 2455 801 Joan-

1448 818 1599 873 chael
1762 833 1848 874 res
2035 824 2124 870 tus
2326 834 2423 872 nes
2438 828 2445 884 ;

920 1075 1061 1144 407
1202 1073 1308 1144 850
1531 1072 1587 1144 ,9
1829 1072 1864 1125 2
2074 1068 2144 1144 ἓῖ
2358 1072 2423 1144 18

1202 1073 1308 1144 $50
1531 1072 1587 1144 ,9
1829 1072 1864 1125 2
2074 1068 2144 1144 ay
2358 1072 2423 1144 ιδ
2600 1074 2706 1129 297

1204 1142 1300 1197 851
1520 1143 1588 1199 1ο
1832 1144 1865 1196 3
2074 1140 2145 1194 28
2356 1142 2423 1196 19
2600 1144 2706 1199 298

1203 1213 1306 1267 852
1518 1214 1541 1266 1
1558 1214 1578 1267 1
1829 1212 1863 1266 ι
2072 1210 2143 1264 29
2353 1212 2422 1265 20
2599 1214 2705 1268 299

921 1267 1061 1336 408
1202 1282 1307 1338 853
1517 1282 1586 1337 is
1830 1282 1864 1335 5
2074 1280 2144 1333 so
2353 1282 2413 1335 at
2600 1267 2706 1337 suo

1201 1353 1306 1407 854
1522 1356 1539 1406 1
1552 1353 1584 1407 3
1829 1352 1861 1403 6
2075 1350 2135 1402 ⁸³1
2352 1351 2423 1403 22
2600 1355 2697 1408 301

2271 1528 2663 1585 ZACHARlAS
2710 1533 2867 1588 annis
2920 1550 3065 1597 xxn,
3114 1551 3146 1590 e
3188 1535 3358 1594 Cotia

2476 1648 2674 1716 oppido
2714 1648 2876 1715 Zaga.

1171 1818 1274 1873 855
1488 1820 1555 1873 H
1810 1823 1839 1873 7
2051 1822 2120 1875 3?.
2372 1824 2394 1876 1
2581 1825 2677 1880 502

262 2044 547 2101 Pessimus
577 2045 811 2115 denique
843 2044 1083 2098 omnium
1114 2043 1296 2098 valido
1334 2059 1457 2098 cum
1492 2046 1734 2100 exercitu
1762 2048 2156 2117 superveniens
2191 2047 2376 2119 Bugha
2410 2050 2521 2121 (52)
2542 2090 2558 2115 ,
2596 2067 2757 2121 quem
2789 2054 2989 2125 impius
3018 2055 3314 2127 Ciaphares
3356 2057 3424 2112 ad

178 2137 569 2193 ulciscendam
599 2137 860 2193 Abusethi
891 2152 1078 2192 necem
1105 2137 1159 2190 in
1190 2137 1499 2192 Armeniam
1526 2138 1797 2203 mittebat,
1828 2139 2074 2210 pluribus
2096 2140 2500 2197 calamitatibus
2520 2144 2779 2213 varioque
2796 2160 3077 2215 pmnarnm
3102 2164 3165 2203 ac
3189 2148 3425 2203 czedium

183 2246 401 2299 genere
432 2241 643 2303 gentem
673 2233 1041 2297 excruciavit,
1074 2232 1376 2301 praesertim
1420 2234 1631 2289 nobiles
1670 2242 1721 2289 et
1758 2236 2029 2305 equestris
2074 2236 2282 2290 militiae
2317 2237 2563 2292 ordinem
2612 2257 2625 2293 :
2678 2240 2875 2309 quibus
2908 2250 3087 2297 autem
3124 2242 3289 2297 vitam
3317 2228 3431 2297 lar-4

184 2326 469 2393 silebatur,
508 2340 602 2381 eos
630 2336 687 2380 ut
718 2342 747 2380 a
780 2326 1000 2381 Christo
1029 2325 1325 2381 deﬁcerent
1353 2337 1515 2397 atque
1545 2327 1599 2382 in
1628 2336 1789 2383 secta:
1831 2344 1945 2384 sua:
1983 2329 2317 2398 impietatem
2368 2331 2731 2388 concederent
2768 2335 3049 2391 blanditiis
3087 2336 3428 2407 impellebat.

180 2415 397 2471 Verum
430 2419 645 2488 plurimi
672 2418 797 2473 forti
822 2419 1003 2473 animo
1031 2419 1278 2474 homines
1311 2426 1527 2473 scutum
1559 2421 1661 2474 sibi
1691 2428 1745 2476 et
1775 2436 1926 2474 arma
1964 2420 2167 2477 Christi
2210 2422 2499 2479 induentes
2520 2464 2534 2489 ,
2572 2440 2787 2481 omnem
2835 2427 3227 2497 suppliciorum
3255 2427 3431 2497 dolo-

180 2528 425 2583 rumque
454 2522 711 2569 terrorem
733 2555 747 2579 ,
775 2515 866 2584 qui
893 2515 993 2569 sibi
1028 2515 1096 2569 ab
1128 2529 1193 2568 eo
1224 2514 1452 2570 scelesto
1492 2516 1842 2581 imminebat,
1909 2525 2232 2585 spreverunt
2270 2525 2490 2587 propter
2526 2519 2649 2573 vita:
2691 2521 2885 2576 futurae
2908 2495 3073 2577 bona.
3120 2523 3176 2577 In
3210 2495 3297 2576 his
3326 2522 3433 2577 fuit

185 2608 432 2663 (illectus
462 2609 574 2664 Deo
602 2612 827 2665 Atomus
857 2626 919 2685 ex
951 2609 1151 2679 Alhage
1178 2610 1456 2678 provincia
1476 2649 1492 2673 ,
1524 2610 1616 2679 qui
1676 2626 1799 2665 cum
1831 2611 1995 2665 sociis
2024 2624 2272 2681 magnam
2304 2612 2410 2664 vim
2442 2613 2783 2667 cruciatuum
2810 2631 3102 2684 perpessus
3147 2615 3433 2685 pretiosis-
3528 2642 3535 2657 -

183 2700 389 2753 simiam
435 2715 691 2754 coronam
740 2701 964 2770 adeptus
1010 2709 1094 2755 est
1140 2720 1153 2755 ε
1207 2711 1369 2770 atque
1418 2700 1471 2753 hi
1585 2711 1802 2756 centum
1837 2701 1947 2757 fere
1973 2702 2439 2772 etquinquaginta
2466 2702 2713 2765 fuerunt,
2744 2712 2938 2773 praeter
2968 2721 3062 2760 eos
3096 2706 3187 2775 qui
3219 2706 3273 2758 in
3305 2706 3432 2760 aliis

193 2792 500 2859 provinciis
532 2800 797 2863 martyres
827 2794 1187 2859 exstiterunt,
1215 2807 1448 2861 quorum
1473 2793 1652 2847 natale
1682 2792 1878 2848 festum
1910 2793 1997 2849 die
2059 2794 2247 2863 quinta
2286 2801 2339 2848 et
2381 2794 2634 2849 vicesima
2667 2795 2925 2865 Mehegan
2961 2795 3071 2866 (55)
3108 2798 3313 2852 mensis
3346 2797 3430 2850 in-

194 2886 406 2941 dictum
452 2895 559 2942 est.
609 2886 763 2941 Haud
814 2890 967 2959 pauci
1010 2896 1191 2942 tamen
1244 2888 1492 2943 dolorum
1542 2888 1913 2959 impatientes,
1981 2892 2184 2961 probro
2223 2898 2391 2947 semet
2419 2894 2987 2961 commaculaverunt;
3035 2894 3198 2964 hique
3226 2894 3429 2950 amissa

186 2990 393 3035 eterna
425 2982 532 3035 vita
565 2990 879 3049 pra:5entem
915 2981 1057 3035 haud
1084 2981 1260 3050 adepti
1294 2988 1421 3034 sunt
1453 2980 1584 3049 (54).

287 3165 567 3236 Improbus
595 3164 757 3234 igitur
786 3176 850 3215 ac
881 3176 1054 3216 saevus
1086 3159 1176 3215 ille
1205 3160 1390 3233 Bugha
1411 3202 1427 3227 ,
1473 3161 1563 3217 ubi
1593 3176 1707 3215 rem
1748 3177 1814 3215 ex
1848 3161 2013 3215 animi
2056 3163 2140 3216 sui
2181 3163 2450 3217 sententia
2497 3160 2721 3217 confieri
2771 3162 2979 3227 sensit,
3012 3164 3249 3233 regionis
3279 3166 3427 3235 opti-

198 3266 403 3320 metes,
434 3255 629 3327 partim
661 3254 806 3317 dolo,
826 3254 1021 3322 partim
1060 3255 1383 3311 auctoritate
1423 3256 1477 3309 in
1523 3270 1676 3310 suam
1718 3262 2038 3325 potestatem
2082 3255 2329 3327 redegit:
2367 3270 2504 3327 quos
2532 3256 2676 3311 inter
2704 3270 2959 3326 magnum
2993 3272 3208 3327 quoque
3228 3258 3425 3314 ducem

197 3347 580 3402 Armeniarum
626 3342 972 3407 Sembatum,
1003 3351 1367 3411 cognomento
1396 3343 1723 3414 Aplabasum
1744 3382 1759 3409 ,
1790 3358 1920 3398 sane
1952 3345 2159 3414 angelis
2192 3344 2552 3414 exoptabilem
2598 3351 2820 3413 prOpter
2848 3358 3031 3397 veram
3075 3344 3279 3399 Christi
3311 3361 3415 3401 no-

194 3442 403 3505 titiam,
436 3440 530 3509 qui
561 3445 615 3493 et
646 3435 929 3492 confessor
959 3436 1260 3505 appellatus
1289 3445 1393 3493 est.
1428 3436 1547 3491 Jam
1578 3451 1707 3491 vero
1750 3437 1926 3491 malus
1961 3437 2065 3492 iste
2092 3437 2276 3508 Bugha
2309 3438 2377 3491 ad
2407 3453 2658 3508 magnum
2690 3437 2934 3491 Amiram
2969 3438 3203 3493 reditum
3234 3450 3425 3494 matu—

192 3553 355 3600 rans,
389 3536 629 3605 reliquos
675 3533 905 3587 vinculis
930 3571 945 3597 ,
981 3531 1294 3586 Sembatum
1330 3540 1512 3587 autem
1539 3530 1728 3586 fraude
1753 3532 2139 3603 insidiosisque
2162 3533 2429 3587 bonorum
2458 3532 2741 3602 promissis
2771 3547 2955 3587 secum
2984 3532 3262 3587 avebehat.
3289 3530 3431 3589 Inte-

195 3636 298 3687 rim
326 3632 453 3703 quia
492 3629 729 3685 Joannes
752 3630 862 3683 vita
894 3636 1230 3692 excesserat,
1263 3626 1554 3682 Zacharias
1584 3628 1639 3681 in
1666 3636 1905 3682 sanctam
1932 3626 2259 3698 dignitatem
2279 3628 2611 3683 substitutus
2633 3635 2750 3694 est,
2782 3627 2876 3697 qui
2909 3626 3072 3683 unius
3105 3626 3211 3682 diei
3249 3626 3429 3696 spatio

192 3744 223 3781 a
253 3725 580 3793 sacerdotio,
614 3725 724 3779 imo
754 3738 784 3777 a
806 3722 1119 3788 diaconatu,
1148 3723 1216 3777 ad
1247 3722 1431 3777 throni
1456 3722 1837 3793 patriarchalis
1868 3722 2145 3796 fastigium
2172 3725 2451 3780 transiliit.

270 3906 384 3976 Age
415 3920 543 3960 vero
576 3904 830 3959 omnibus
860 3902 953 3973 qui
982 3917 1011 3956 a
1041 3902 1274 3956 scelesto
1301 3901 1487 3973 Bugha
1515 3901 1732 3957 abducti
1769 3901 2021 3968 fuerant,
2050 3904 2301 3973 protinus
2339 3901 2578 3973 supremi
2609 3899 2827 3973 tyranni
2844 3900 3003 3969 jussu
3041 3912 3262 3953 carcere
3294 3911 3427 3951 con-

204 4001 377 4057 clusis
402 4041 417 4066 ,
451 4001 558 4055 nisi
589 4000 792 4054 Christi
824 3998 992 4069 legem
1023 4005 1459 4061 exsecrarentur,
1491 4012 1599 4051 non
1627 3998 1743 4053 sine
1768 3996 1902 4053 diris
1940 3998 2277 4053 cruciatibus
2313 3996 2652 4051 moriendum
2690 3994 2811 4049 fuit.
2860 3993 2926 4047 Et
2958 4008 3088 4048 sane
3121 4008 3229 4047 non
3264 3988 3425 4061 pauci

200 4094 449 4165 corporis
478 4110 610 4149 nece
640 4092 913 4164 perterriti
946 4105 977 4143 a
1005 4091 1108 4144 fide
1132 4089 1487 4149 defecerunt:
1521 4098 1747 4159 excepto
1772 4090 1973 4159 inclyto
2004 4089 2281 4152 Sembato,
2309 4089 2401 4158 qui
2431 4088 2532 4143 etsi
2566 4087 2843 4141 Christum
2876 4091 3191 4139 constanter
3217 4083 3428 4153 palam-

198 4209 307 4261 que
339 4189 711 4253 confitebatur,
748 4185 1103 4241 nihilominus
1134 4184 1189 4238 in
1218 4184 1453 4239 vinculis
1486 4190 1660 4238 morte
1687 4198 1786 4239 sua
1816 4182 1972 4238 obiit.
2002 4181 2298 4236 Praefectus
2334 4180 2551 4235 interim
2583 4178 2805 4248 quidam
2851 4175 3192 4247 Stephanus,
3224 4189 3430 4246 cogno-

199 4288 347 4342 mine
373 4284 583 4347 Conus,
614 4279 884 4351 intrepide
913 4279 1188 4334 Christum
1214 4277 1503 4333 confessus
1530 4276 1775 4348 martyrii
1806 4277 1983 4347 palma
2012 4275 2245 4329 donatus
2281 4281 2364 4329 est
2394 4288 2537 4327 anno
2582 4282 2705 4325 aera:
2760 4270 3142 4324 Armeniorum
3180 4268 3427 4324 secundo

198 4393 363 4447 supra
414 4376 876 4431 trecentesimum.
922 4372 1093 4427 Porro
1138 4372 1386 4442 praedicti
1447 4369 1689 4425 Sembati
1738 4369 2072 4426 confessoris
2115 4383 2313 4438 corpus
2355 4381 2478 4421 cum
2520 4365 2724 4437 ingenti
2773 4378 2968 4434 pompa
3009 4370 3063 4419 et
3106 4361 3426 4433 psalmodiis

204 4492 234 4527 τι
270 4470 514 4525 fidelibus
548 4470 750 4523 elatum
780 4474 865 4521 est
910 4466 977 4521 ad
1024 4465 1487 4535 SanctivDanielis
1521 4481 1736 4522 sacram
1762 4467 1969 4531 aedem,
2006 4464 2135 4520 illuc
2164 4463 2425 4519 nimirum
2468 4463 2560 4517 ubi
2594 4462 2700 4517 iste
2732 4459 2862 4514 olim
2901 4458 3117 4512 leonum
3153 4456 3207 4510 in
3246 4457 3426 4510 lacum

205 4567 378 4621 fuerat
400 4564 695 4635 projectus.

274 4784 551 4839 Exstincto
586 4781 839 4839 Sembato
859 4821 875 4846 ,
908 4796 1093 4835 rerum
1134 4779 1372 4833 habenas
1398 4776 1662 4848 corripuit
1688 4778 1833 4832 illius
1862 4778 2104 4848 ejusdem
2139 4778 2403 4844 Asutius;
2435 4777 2591 4846 isque
2624 4790 2734 4846 prae
2757 4774 2972 4829 cunctis
2993 4771 3294 4841 majoribus
3313 4768 3429 4826 suis

202 4876 434 4940 claruit,
464 4891 629 4946 seque
660 4873 972 4945 integritate
996 4880 1049 4927 et
1078 4870 1407 4941 benignitate
1437 4869 1574 4924 adeo
1592 4869 2013 4934 commendavit,
2040 4878 2101 4923 ut
2120 4869 2364 4924 omnium
2396 4870 2675 4924 amoribus
2700 4868 2906 4937 potitus
2933 4865 3024 4920 sit.
3051 4863 3132 4919 Oh
3152 4860 3425 4934 ejusmodi

202 4971 472 5043 egregiam
503 4968 701 5023 famam
734 4970 935 5022 missus
960 4974 1045 5021 est
1075 4980 1105 5018 a
1132 4978 1331 5034 magno
1366 4962 1551 5043 Amira
1575 4961 1792 5033 quidam
1820 4962 2220 5034 Aly-Armenus
2253 4962 2475 5017 nomine
2499 4976 2626 5015 cum
2652 4959 2972 5014 muneribus
3002 4957 3057 5010 in
3086 4955 3430 5017 Armeniam,

204 5042 300 5136 qui
338 5062 402 5117 ad
438 5061 687 5116 Asutium
726 5066 921 5129 praeter
958 5055 1344 5128 praefecturam
1388 5042 1606 5109 titulum
1635 5068 1852 5123 quoque
1896 5051 2161 5124 principis
2197 5053 2502 5122 principum
2532 5050 2807 5107 contulit:
2849 5050 2904 5103 in
2934 5063 3043 5119 qua
3078 5048 3127 5102 is
3164 5044 3432 5116 dignitate

206 5158 364 5220 annis
385 5172 492 5211 xxx
520 5153 853 5227 permansit:
885 5153 1059 5207 donec
1082 5150 1303 5205 virtutis
1338 5164 1469 5221 ergo
1510 5156 1672 5218 atque
1708 5163 1931 5220 operum
1974 5146 2301 5217 Optimorum
2349 5146 2499 5216 regio
2535 5159 2750 5215 quoque
2795 5141 3096 5197 diademate
3140 5136 3435 5208 insignitus

205 5260 307 5315 est,
362 5266 454 5305 rex
497 5250 753 5304 nimirum
804 5262 835 5301 a
884 5246 1095 5301 duobus
1140 5244 1359 5315 regibus
1402 5241 1749 5298 renuntiatus
1802 5239 2127 5296 lsmaelitico
2177 5246 2231 5293 et
2271 5236 2460 5292 Graeco
2508 5234 2802 5307 postremis
2845 5234 3087 5306 quinque
3124 5228 3435 5285 dominatus

202 5347 289 5401 sui
321 5354 479 5400 annis
509 5344 641 5412 (55).
735 5428 740 5435 ⁴

278 5590 389 5661 (52)
432 5589 646 5659 Bougha
671 5586 811 5658 apud
838 5584 1045 5639 Turcas
1074 5588 1232 5635 sonat
1264 5587 1508 5631 taurum.-

278 5664 391 5731 (53)
558 5657 991 5731 eliamrintellige
1019 5651 1323 5731 Octobrem.
1479 5724 1493 5731 _
1588 5714 1621 5731 Δ.
1695 5728 1745 5731 Δ

1872 5577 1945 5622 rat
1971 5564 2207 5637 Joannes
2236 5562 2568 5633 patriarcha.
3017 5628 3029 5641 .
3250 5625 3261 5638 .

1883 5638 2074 5731 .-.εὲξλ
2108 5632 3088 5731 31:12:28:ltr:.:‘:.:':.£'3;$?9"m
3122 5630 3357 5687 ευωιιετ
3393 5634 3428 5679 ο

430 5699 1391 5801 Nima'dé'iu'éiﬁiiiféahéﬁbene:
1404 5724 1517 5783 unt,
1546 5714 1625 5769 uti
1648 5728 1775 5768 nar-
1883 5699 2076 5764 latiore
2102 5703 2327 5761 Joannis
2354 5703 2679 5774 patriarchae
2708 5699 2965 5755 Historia.
