3940 6208
649 277 750 332 715
1619 276 1960 332 APPENDIX
1991 276 2082 331 AD
2113 276 2381 332 EUSEBII
2421 277 2837 336 CHRONICON.
3707 291 3766 349 716

647 395 851 450 nemini
883 411 1026 451 CllI'zB
1060 397 1163 450 fuit
1196 411 1377 451 rerum
1423 398 1714 452 memorias
1757 397 2173 468 principumque
2217 397 2431 454 horum.
2453 398 2676 452 nomina
2718 399 3019 468 posteritati
3053 400 3606 472 propagare),tandem
3640 413 3682 460 et
3707 409 3770 476 ipsi

645 492 935 545 diuturnas
965 490 1148 546 clades
1182 491 1251 545 ab
1284 490 1432 546 Indis
1467 493 1733 561 perpessi,
1758 493 2116 546 maximorum
2146 508 2241 561 spe
2266 491 2534 548 donorum
2565 509 2597 547 a
2624 494 2871 548 barbaris
2905 495 3174 564 praadictis
3201 497 3501 566 adjumenta
3524 499 3627 555 belli
3652 517 3771 559 accer-

643 590 890 644 siverunt
927 604 940 639 :
976 603 1210 658 quorum
1251 589 1512 644 societate
1548 589 1693 643 aucti
1727 587 1979 643 felicibus
2012 587 2212 658 prteliis
2243 588 2393 642 brevi
2429 589 2683 643 rebellem
2715 589 3056 644 devicerunt.
3104 590 3225 645 Mox
3268 592 3406 647 bello
3435 595 3655 649 adversus
3675 613 3771 651 eum-

643 683 1191 752 dem-redintegrato,
1229 683 1490 736 barbaros
1521 682 1643 737 illos
1672 682 1765 752 qui
1793 698 1950 752 opem
1980 681 2246 746 ferebant,
2276 696 2305 734 a
2341 697 2401 737 se
2450 683 2872 752 prohibuerunt.
2923 685 3100 753 Atque
3138 687 3362 741 interim
3396 703 3483 742 rex
3507 691 3600 744 vita
3622 691 3772 748 excede-

641 778 754 835 bat.
788 777 924 832 Tum
954 777 1114 836 Medi.
1150 779 1410 833 societate
1437 793 1559 832 cum
1590 777 1676 834 his
1705 779 1953 832 barbaris
1986 778 2140 843 inita,
2165 776 2362 832 Persas
2394 794 2456 832 ex
2468 779 2735 848 pellebant
2767 799 2781 833 :
2809 786 2969 849 atque
2997 781 3070 834 ita
3100 781 3415 836 roboratnm
3446 792 3521 837 est
3542 784 3772 845 dominium,

644 879 703 925 ut
741 873 990 927 nonnulli
1029 874 1288 935 tradunt,
1323 872 1647 944 Scytharum
1675 913 1690 936 ,
1737 888 1830 927 seu
1866 873 2044 943 potius
2071 914 2084 937 ,
2127 880 2187 926 ut
2233 889 2334 944 ego
2367 873 2656 935 existimo,
2691 872 3100 928 Bactrianorum
3148 875 3244 944 qui
3297 888 3458 944 regna
3508 877 3772 944 complurium

644 968 884 1037 gentium
933 967 1184 1021 maximis
1222 966 1377 1021 bellis
1424 966 1880 1036 internecivisque
1925 966 2262 1020 deleverunt.
2305 985 2322 1017 1
2370 965 2485 1019 Hoc
2530 965 2747 1034 quidem
2784 966 2986 1035 scripto
3017 967 3327 1038 philologus
3369 975 3540 1021 noster
3569 984 3639 1022 res
3658 978 3773 1037 gestas

642 1072 963 1131 persecutus
1005 1069 1088 1115 est
1130 1076 1323 1130 usque.
1349 1061 1415 1114 ad
1444 1060 1758 1115 Melichsahi
1798 1077 2039 1132 regnum,
2081 1062 2225 1130 quod
2260 1076 2359 1114 suo
2407 1062 2526 1115 loco
2572 1060 2816 1114 dicemus
2865 1062 3054 1115 eodem
3104 1073 3328 1116 auctore
3358 1071 3585 1127 utentes;
3611 1072 3774 1133 tempora

643 1160 921 1227 inquimus
957 1157 1198 1227 parentis
1226 1157 1368 1226 ejus,
1405 1158 1617 1212 cruenti
1661 1173 1854 1228 nempe
1884 1157 2222 1227 Alphaslani,
2258 1165 2371 1210 tum
2416 1157 2500 1210 avi
2548 1156 2832 1226 abavique,
2883 1172 3117 1226 quorum
3158 1158 3382 1212 nomina
3412 1157 3716 1214 Tullubechus
3743 1168 3776 1212 et

641 1254 943 1308 Mahmutes
967 1263 1019 1307 et
1045 1253 1329 1324 Selgiukus
1366 1253 1614 1308 feruntur
1646 1273 1660 1307 :
1697 1254 1777 1308 sic
1805 1254 1948 1307 enim
1975 1253 2174 1307 diserte
2204 1252 2478 1322 quondam
2511 1251 2739 1321 legimus
2766 1252 2819 1304 in
2843 1252 3033 1305 codice
3060 1267 3227 1305 manu
3259 1251 3497 1321 ejusdem
3521 1252 3772 1320 conscripto:

641 1350 800 1420 cujus
847 1351 890 1405 si
924 1349 1128 1404 codicis
1161 1349 1319 1404 nobis
1363 1349 1542 1404 denuo
1573 1350 1729 1419 copia
1770 1349 1951 1411 fuerit,
2002 1358 2217 1402 utemur
2242 1347 2489 1417 equidem
2528 1346 2593 1399 ad
2640 1347 2781 1416 hanc
2825 1348 3312 1417 compositionem;
3366 1348 3412 1401 si
3454 1349 3628 1409 minus,
3657 1348 3776 1414 utique

642 1443 954 1496 omittemus
987 1441 1233 1495 homines
1262 1440 1378 1495 suis
1403 1441 1612 1495 viribus
1637 1440 1969 1495 conﬁdentes
2005 1439 2191 1508 reique
2232 1453 2383 1492 vana:
2422 1437 2715 1492 innitentes
2749 1438 2841 1508 qui
2875 1438 2968 1493 Dei
3006 1439 3380 1508 penetralibus
3407 1448 3631 1508 terraque
3655 1439 3775 1490 viven-

639 1540 776 1592 tium
809 1537 1068 1608 prohibiti
1120 1544 1265 1590 sunt.
1303 1535 1413 1591 Nos
1459 1546 1639 1590 autem
1675 1536 1770 1592 Dei
1803 1535 2090 1590 clementia
2142 1534 2265 1589 freti
2307 1535 2664 1588 conliteamur
2692 1535 2900 1589 nomini
2934 1534 3073 1604 ejus,
3107 1535 3201 1606 qui
3237 1535 3346 1590 hoc
3393 1534 3541 1601 fecit;
3575 1535 3775 1603 animoque

639 1649 794 1704 aequo
828 1633 1089 1697 feramus,
1125 1632 1251 1702 quia
1277 1634 1424 1687 mitis
1453 1641 1537 1688 est
1561 1648 1688 1704 erga
1727 1640 1946 1688 sanctos
1981 1645 2132 1687 suos.

709 1757 864 1812 Nunc
901 1757 1066 1828 igitur
1094 1756 1161 1810 ad
1193 1758 1562 1812 intermissum
1590 1771 1859 1811 canonum
1898 1755 2143 1809 ordinem
2186 1759 2545 1821 revertamur,
2574 1766 2792 1824 unaque
2823 1751 2963 1807 serie
2990 1751 3098 1825 (64)
3140 1753 3213 1807 ob
3264 1752 3568 1822 prazdictam
3590 1749 3774 1803 rationem

637 1855 880 1914 exclusa,
944 1853 1189 1908 laetanter
1228 1853 1516 1908 dicamus:
1563 1851 1674 1921 Ipsi
1722 1854 1786 1906 de
1830 1867 1989 1906 manu
2031 1859 2123 1904 tua
2163 1849 2358 1918 repulsi
2401 1859 2556 1912 sunt;
2600 1865 2694 1903 nos
2733 1855 2909 1903 autem
2955 1848 3176 1917 populus
3226 1858 3350 1902 tuus
3397 1857 3445 1902 et
3496 1864 3595 1902 om
3639 1859 3774 1913 parat

640 1958 743 2002 mw
771 1945 904 2020 (65).

1452 2281 1640 2323 omne.
1717 2280 1928 2323 CHRISTI
2015 2279 2206 2324 consr.
2325 2280 2456 2322 ω.
2584 2265 2775 2333 eum}
2880 2279 3015 2319 iam

2281 2669 2494 2684 ~—

2882 2349 3010 2390 ΔΒΗ.

2047 2455 2156 2512 Leo
2275 2453 2498 2511 Semba-
2544 2514 2550 2520 _
2577 2453 2716 2510 Joan

2333 2533 2421 2580 tus
2601 2542 2699 2580 nes

703 2752 1060 2824 Curopaiates
1130 2752 1406 2810 Adroner-
1759 2755 1865 2810 904
2075 2756 2145 2809 17

1759 2755 1865 2810 904
2075 2756 2145 2809 17
2356 2757 2425 2811 15
2673 2756 2707 2811 5
2884 2755 2981 2810 551

632 2826 798 2879 schus
829 2823 869 2876 a7
892 2823 1148 2880 Sembato
1173 2840 1404 2881 corona-
1525 2855 1528 2859 -
1758 2825 1865 2879 905
2076 2825 2143 2880 18

1525 2855 1528 2859 -
1758 2825 1865 2879 905
2076 2825 2143 2880 18
2355 2827 2424 2881 14
2671 2826 2704 2879 6
2882 2825 2986 2880 552

631 2903 720 2949 tur
750 2911 840 2950 rex
871 2893 1170 2950 lberorum.
1464 2898 1591 2969 421
2070 2895 2143 3019 ἐξ
2666 2895 2706 3019 ἔ

1757 2965 1865 3020 907
2070 2965 2142 3020 20
2355 2965 2422 3021 16
2666 2965 2700 3019 8
2877 2965 2981 3020 554

1757 3036 1862 3107 908
2071 3037 2138 3091 21
2353 3038 2378 3092 1
2393 3036 2424 3107 7
2641 3106 2648 3107 ί
2665 3035 2698 3107 9
2879 3036 2982 3107 555
3160 3035 3548 3092 Sembatavana
3576 3031 3664 3107 (66)
3687 3042 3761 3083 coa-

702 3102 960 3178 Princeps
1007 3103 1293 3178 Gaghicus
1318 3119 1410 3159 co-
1491 3171 1504 3178 _
1529 3173 1555 3178 _
1577 3174 1603 3178 _
1755 3106 1862 3178 909
2070 3107 2142 3178 22

1755 3106 1862 3178 909
2070 3107 2142 3178 22
2354 3105 2422 3178 18
2632 3106 2701 3178 1ο
2877 3106 2980 3178 966
3087 3107 3257 3162 ditur.

631 3176 842 3250 piarum
895 3171 1004 3233 dux
1066 3171 1410 3250 a'ﬁembato
1471 3171 1615 3243 422
1756 3177 1862 3250 916
2071 3177 2142 3250 gr,

2353 3177 2421 3250 19
2633 3176 2693 3250 11
2879 3176 2984 3250 557
3159 3181 3200 3231 Α
3209 3179 3294 3232 bel
3304 3178 3517 3250 garipus
3571 3173 3759 3229 Sebastcm

628 3245 848 3318 deﬁcit.j
1128 3245 1146 3250 ‘
1757 3247 1854 3319 911
2071 3248 2142 3319 24

1847 3247 1854 3319 1
2071 3248 2142 3319 24
2352 3247 2426 3319 eo
2635 3246 2704 3300 19
2879 3246 2984 3319 {eis
3089 3256 3233 3319 capit
3269 3249 3403 3319 (67).

1759 3318 1862 3373 912
2071 3318 2142 3373 25
2351 3317 2416 3388 21
2635 3319 2703 3388 15
3160 3317 3315 3388 lusu;

2351 3317 2416 3388 21
2635 3319 2703 3388 15
3160 3317 3434 3388 lusuphus
3470 3317 3667 3388 Apilgim_
3689 3322 3760 3376 1W

1757 3389 1861 3446 915
2072 3389 2142 3444 26
2353 3387 2424 3443 22
2632 3387 2702 3442 14
2879 3386 2982 3442 560
3089 3384 3313 3443 curator

2353 3387 2424 3443 22
2632 3387 2702 3442 14
2879 3386 2982 3442 560
3089 3384 3368 3443 curatoris
3402 3384 3533 3442 [ilius
3567 3384 3609 3439 in
3647 3384 3760 3435 Ann:-

3089 3459 3238 3512 niam
3287 3460 3502 3514 veniens
3544 3456 3760 3530 dolosisque

2036 3528 2336 3585 ALEXIUS
2365 3528 2483 3600 (68)
2523 3527 2682 3584 annis
2709 3531 2792 3586 in.
3089 3530 3304 3600 artibus
3359 3527 3645 3584 discordiam
3677 3527 3761 3594 inter

1487 3644 1532 3713 ίι
2376 3599 2379 3600 ν
2464 3599 2469 3600 7
3088 3599 3378 3680 pfarfectos
3448 3613 3609 3654 serens
3651 3601 3760 3669 regio-

1533 3646 1626 3718 23
1758 3670 1862 3725 9”
2108 3671 2134 3725 1
2351 3669 2424 3724 23
2634 3669 2702 3722 15
2877 3665 2975 3738 561
3091 3686 3176 3726 tus
3255 3682 3455 3726 nostra:
3514 3663 3756 3738 tyrannidem

1757 3740 1862 3796 915
2106 3742 2143 3795 2
2352 3739 2423 3793 91
2635 3738 2712 3826 16
2879 3736 2985 3794 562
3089 3740 3313 3826 invasit:

2352 3739 2423 3793 24
2635 3738 2703 3793 16
2879 3736 2985 3794 562
3089 3740 3326 3826 invasit;
3375 3729 3584 3826 cumque

3088 3819 3202 3864 tum
3251 3827 3430 3880 regem
3465 3808 3693 3877 captivum

2279 3875 2780 3936 INTERREGNUM
2802 3894 2890 3936 an.
2915 3895 3012 3936 vn.
3091 3890 3298 3936 stremo
3318 3875 3568 3936 inauditis
3589 3875 3753 3928 cruciati-

3083 3950 3187 4006 bus
3235 3952 3547 4009 occidisset,
3588 3941 3749 3998 eumdem

1759 4020 1860 4077 916
2106 4019 2144 4076 5
2349 4057 2360 4079 ι
2388 4018 2416 4072 1
2633 4018 2702 4074 17
2877 4019 2980 4074 565
3086 4023 3276 4090 probri

2349 4018 2416 4079 ι1
2633 4018 2702 4074 17
2877 4019 2980 4074 565
3086 4023 3276 4090 probri
3331 4036 3486 4076 causa
3530 4019 3643 4090 ligILO
3676 4021 3745 4090 5,“?

3119 4091 3272 4146 endit
3329 4094 3383 4147 in
3443 4083 3745 4156 ιιι-116⁷06119³.

3119 4106 3272 4146 εηαιι
3329 4110 3383 4147 In
3443 4106 3558 4144 UI'DC
3605 4106 3745 4156 unim-

3078 4106 3372 4232 gropterea
3414 4162 3474 4214 ad
3511 4157 3746 4232 septenmtlf"

2071 4226 2402 4287 ROMANUS
2435 4229 2594 4286 annis
2619 4241 2814 4284 xxviii.
3083 4226 3236 4311 regio
3269 4243 3451 4289 nostra
3478 4226 3668 4301 principc
3693 4226 3745 4267 ω’

3087 4311 3216 4358 rutt.

1763 4373 1868 4428 917
2114 4371 2140 4423 1
2373 4426 2375 4428 ,
2395 4371 2430 4424 2
2642 4369 2709 4423 18
2885 4369 2989 4425 564

1473 4447 1618 4518 424
1761 4442 1863 4497 918
2113 4439 2149 4493 2
2393 4442 2429 4496 5
2642 4439 2708 4494 19
2883 4441 2990 4495 565

1759 4512 1864 4566 919
2113 4511 2148 4564 3
2392 4511 2429 4565 4
2638 4508 2708 4563 20
2883 4510 2990 4565 566

1759 4581 1864 4636 920
2111 4580 2147 4635 4
2395 4581 2430 4636 5
2638 4579 2701 4632 21
2881 4581 2986 4636 567

1758 4652 1854 4726 9?!
1931 4723 1934 4726 .
2110 4650 2146 4726 ξ
2394 4650 2430 4726 (Ξ
2637 4649 2708 4726 ἓὲ
2883 4652 2988 4726 ἔδέῖξ

1475 4737 1614 4806 425
1757 4721 1861 4777 922
1931 4723 1934 4726 ’
2110 4720 2144 4776 6
2396 4719 2430 4774 7
2636 4721 2707 4774 25
2882 4721 2987 4777 569

2302 4857 2603 4917 ASUTIUS
2644 4862 2802 4918 annis
2825 4878 2939 4919 vni.
3089 4930 3092 4931 ν
3153 4861 3378 4916 Asutius
3431 4858 3489 4913 ad
3527 4853 3736 4931 Grecoth

3083 4930 3456 5000 imperatorem
3553 4919 3736 5000 profectus

718 5000 1202 5073 usuphusidissidii
1231 5016 1400 5058 causa
1753 5001 1859 5073 925
2107 4999 2140 5073 7
2385 5001 2412 5073 1
2625 5001 2696 5073 24
2873 5001 2977 5073 570
3087 4985 3386 5056 honoribus
3411 4999 3470 5052 ab
3493 4985 3732 5073 eorum":

626 5058 899 5128 excitandi
941 5072 1174 5128 obtrusit
1216 5088 1399 5144 regem
1753 5071 1859 5126 924
2103 5069 2139 5125 8
2381 5070 2418 5124 2
2625 5071 2697 5125 25
2875 5071 2972 5126 571
3085 5079 3171 5126 tus
3190 5080 3294 5133 est.
3314 5073 3579 5140 dignusque
3598 5058 3733 5142 habitus

626 5143 896 5198 Armeniis
929 5143 1093 5196 alium
1122 5143 1398 5207 Asutium,
1489 5204 1501 5209 _
1528 5205 1548 5209 _
1580 5205 1600 5209 _
1753 5141 1858 5195 925
2102 5139 2137 5196 9
2384 5141 2418 5195 5
2625 5141 2696 5194 26
2873 5141 2977 5195 572
3083 5144 3174 5209 qui
3198 5143 3320 5209 jure
3349 5141 3474 5209 patri
3505 5149 3585 5192 suo
3606 5125 3732 5209 inclle

626 5160 896 5198 nrmenns
929 5160 1093 5196 anum
1122 5160 1398 5207 nsuuum,
1753 5160 1858 5195 uzo
2103 5160 2137 5196 υ

625 5212 1028 5336 Ἅυὶιρίιιῐυειὶε
1083 5220 1199 5267 erat
1256 5215 1401 5288 regis
1467 5204 1610 5275 426

675 5299 736 5337 su
768 5300 823 5337 n.

2384 5160 2418 5195 0
2626 5160 2696 5194 20
2873 5160 2977 5195 ΟΓΖ
3083 5160 3174 5209 QUI
3198 5160 3320 5209 jlll‘c
3349 5160 3474 5210 νιιιῐι
3505 5160 3585 5192 suu
3606 5160 3728 5214 mw:

2382 5211 2417 5264 4
2628 5211 2698 5264 27
2872 5212 2976 5266 575
3085 5213 3339 5268 Sembato
3368 5213 3418 5265 in
3457 5215 3629 5278 regnum
3656 5208 3728 5248 θυι-

2383 5281 2416 5335 5
2625 5281 2696 5334 28
2873 5282 2977 5336 574
3082 5283 3318 5337 cederet.

675 5298 823 5339 Slllll.
1753 5298 1848 5336 1121
2070 5298 2131 5334 ‘I‘l
2383 5298 2416 5335 ἶ)
2626 5298 2696 5334 Ζδ
2873 5298 2977 5336 OM
3082 5298 3318 5338 cederet.

845 5555 1046 5633 [δεπηρθ
1082 5557 1412 5633 Amirarym.
1649 5624 1706 5633 __
2369 5553 2479 5633 (67)
2519 5553 2877 5624 Abelgaripus
2914 5553 3270 5612 llavenunius
3295 5557 3396 5611 dux
3434 5547 3636 5610 exercitus
3659 5533 3721 5588 ἆτ’

720 5627 809 5694 65)
846 5624 996 5681 Psal.
1023 5642 1261 5690 Lxxxvn,
1294 5624 1347 5689 6,
1386 5640 1610 5694 inxvm,
1642 5624 1730 5679 15.
2289 5625 2654 5694 zeruniorum.

696 5693 806 5768 (66)
845 5696 900 5751 Id
931 5704 1013 5751 est
1041 5697 1272 5751 Sembati
1301 5693 1566 5764 Oppidum.
2363 5696 2472 5766 (68)
2514 5693 2655 5749 Idem
2686 5693 2882 5750 nomen
2911 5704 3072 5766 atque
3102 5699 3406 5753 Alexanaer.
