3940 6208
168 318 305 374 725
486 345 489 348 ν
956 299 1298 372 εωπειις
1334 306 1648 369 MIENSIS
1686 307 1724 369 s

1884 298 2023 365 KRH
2048 296 2452 364 τειιιισιιῠιι
2470 291 2650 360 ﬂans
2692 297 2739 359 ll
3337 297 3440 352 πε

738 480 3410 513 ____________________________.—_.

1014 596 1204 637 OLYIP.
1292 595 1507 636 CHRISTI
1571 596 1761 637 CONST.
1884 595 2013 635 anu.
2122 577 2303 648 [ΡΑτιι.
2472 588 2605 628 ,ΕΚΕ

2474 659 2603 699 All.

1637 721 1730 775 Mi-
1878 719 2046 775 Joan-
2067 718 2079 789 ξ
2165 717 2354 772 Petrus

1611 792 1763 848 cbael
1898 807 2015 860 .nes
2119 817 2130 828 -

1016 960 1375 977 #—

1379 961 1520 973 —-

1870 961 2082 973 _——

2150 954 2642 972 w—ﬂ

266 1050 576 1121 Gregorius
597 1047 854 1121 Magister
878 1049 974 1105 Pa-
1331 1028 1462 1121 ⁵’659
1640 1051 1674 1104 5

1331 1028 1462 1121 “639
1640 1051 1674 1104 5
1923 1028 1989 1102 i6
2196 1026 2270 1121 ἓὲ
2477 1041 2582 1121 4ἕὲ

178 1111 500 1176 lilavunius
555 1111 806 1191 princeps
855 1134 975 1174 eru—
1357 1120 1463 1191 040
1638 1122 1673 1174 4
1923 1120 1991 1191 i7
2199 1116 2271 1191 ἓᾷ
2478 1111 2582 1191 ἑξ]

179 1192 513 1262 ditissimus
555 1181 572 1191 ’
614 1181 977 1262 cognosceba-
1337 1190 1456 1246 10M
1640 1191 1676 1245 5
1922 1190 1991 1245 {8
2199 1186 2271 1240 ‘24
2479 1181 2584 1237 488

181 1271 290 1317 tur
317 1261 455 1335 (82).
499 1327 517 1340 ο

273 1516 471 1596 Ioanni
523 1519 647 1590 'regi
689 1518 817 1596 _(85)
880 1522 973 1594 qui
1031 1522 1173 1596 455
1324 1525 1463 1581 1042
1647 1517 1684 1574 6

1035 1522 1173 1596 455
1324 1525 1463 1581 4042
1647 1517 1684 1574 6
1925 1519 1990 1575 i9
2200 1519 2271 1573 25
2485 1510 2591 1570 489

186 1590 378 1660 Pl'Olis
416 1606 612 1660 expers
656 1590 807 1653 obiit,
855 1590 975 1650 sae.
1055 1590 1164 1627 ’νῖ
1348 1614 1357 1624 ,

187 1661 372 1788 misit
400 1659 669 1729 Gaghicus
695 1663 874 1720 Asutii
901 1665 967 1721 fi-
1457 1681 1641 1739 (ΗΒΑ
1680 1679 1743 1737 Ζ(

718 1663 874 1720 “alii
901 1665 967 1721 ίὶ-
1457 1681 1641 1739 CYRA
1680 1679 1815 1737 ZOE
1851 1680 1964 1752 (84)
2010 1679 2168 1735 annis
2216 1695 2274 1735 ιι.

1919 1812 2264 1869 GAGHICUS
2309 1814 2466 1870 annis
2506 1829 2567 1871 ιι.

1324 1989 1463 2047 1045
1639 1991 1664 2045 I
1779 2013 1785 2019 ο
1954 1994 1979 2046 1
2197 1996 2267 2051 26
2478 2000 2581 2057 ιθο

1323 2084 1461 2140 1044
1635 2087 1671 2142 2
1693 2087 1699 2093 ’
1953 2089 1988 2142 2
2203 2093 2271 2146 27
2486 2097 2583 2153 491

1638 2267 2118 2329 MONOMACIIUS
2154 2276 2314 2333 annis
2355 2292 2455 2333 xu.

1320 2439 1463 2502 1045
1644 2444 1669 2498 1
2204 2448 2273 2503 28
2486 2450 2591 2505 49⁶ὶ

275 2621 512 2679 Tandem
571 2631 694 2693 post
728 2621 1030 2694 Gagbicum
1079 2634 1243 2680 nemo
1287 2636 1356 2678 ex
1388 2622 1491 2677 hac
1519 2630 1682 2694 gente
1719 2623 1831 2695 (85)
1897 2640 1990 2680 rea:
2020 2626 2141 2680 fuit.
2190 2626 2403 2697 Quippe
2434 2629 2594 2683 annis
2628 2643 2719 2683 xxi
2751 2628 2926 2685 Graeci
2956 2630 3218 2688 dominati
3271 2645 3422 2694 sunt.

195 2716 409 2774 Beinde
436 2716 800 2788 Alpbaslanus
836 2717 1033 2771 Aniam
1071 2714 1454 2773 Armeniorum
1483 2717 1830 2787 metropolim
1857 2718 2000 2789 cepit
2031 2716 2388 2790 funditusque
2420 2720 2706 2775 subvertit.

273 2832 417 2890 Sane
447 2840 573 2906 post
608 2834 815 2890 obitum
863 2834 1126 2899 Sembati,
1156 2834 1249 2901 qui
1298 2831 1541 2889 Joannes
1577 2849 1794 2905 quoque
1834 2834 2138 2901 dicebatur,
2186 2838 2627 2909 conspirantibus
2668 2839 2942 2914 suﬂ'ragiis
2974 2842 3258 2914 optimates
3308 2859 3431 2899 cum

199 2924 513 2998 patriarcha
545 2924 765 2981 domino
809 2924 970 2982 Petro
1022 2926 1077 2980 in
1130 2924 1419 2996 magniﬁca
1452 2925 1753 2982 cathedrali
1802 2926 1917 2982 aede
1963 2929 2331 2998 metropoleos
2357 2931 2741 2987 Armeniorum
2786 2933 2940 2990 Anim
2981 2936 3296 3007 congregati
3329 2934 3435 2989 Ga-

198 3017 421 3089 gbicum
452 3015 682 3072 Joannis
736 3019 881 3089 regis
930 3033 996 3073 ex
1031 3016 1197 3072 fratre
1226 3025 1477 3088 nepotem
1514 3019 1570 3073 in
1623 3020 1771 3091 regia
1816 3021 1999 3091 patrui
2056 3020 2321 3092 dignitate
2368 3026 2808 3093 constituerunt;
2864 3041 3053 3082 verum
3102 3027 3188 3083 hic
3241 3028 3433 3083 beiiiea

198 3109 402 3178 studia,
435 3111 490 3165 in
520 3112 724 3181 quibus
754 3112 979 3182 imperia
1007 3114 1280 3178 nituntur,
1314 3114 1567 3184 neglexit.
1613 3115 1776 3188 Atqui
1819 3117 1902 3172 bis
1954 3119 2255 3188 praesertim
2308 3121 2649 3190 temporibus
2700 3122 2846 3177 vires
2898 3123 3156 3180 acuenda:
3199 3122 3432 3187 fuerant,

197 3202 591 3260 bacchantibus
625 3205 933 3270 Ismaelitis,
968 3205 1185 3279 Scythis
1214 3207 1649 3274 incursantibus,
1697 3211 1775 3266 uti
1816 3210 1928 3280 jam
1965 3211 2223 3277 diximus,
2265 3212 2469 3270 Graecis
2494 3214 2731 3286 denique
2756 3215 2891 3285 ipsis
2924 3217 3195 3273 seditione
3227 3215 3435 3271 ferven-

200 3296 368 3360 tibus,
402 3311 684 3370 prOpterea
731 3301 874 3370 quod
921 3318 1147 3375 regnum
1185 3316 1341 3355 suum
1373 3301 1586 3359 femina:
1612 3305 1723 3376 (86)
1764 3305 1991 3361 arbitrio
2016 3307 2383 3361 administrari
2416 3307 2678 3363 viderent.
2718 3307 2788 3373 Is,
2815 3309 3057 3379 inquam,
3087 3307 3347 3380 Gagln'cus
3377 3309 3434 3362 in

199 3390 502 3450 litterarum
537 3395 847 3464 disciplinis
865 3394 976 3464 jam
1000 3395 1126 3449 inde
1164 3411 1192 3449 a
1220 3397 1423 3453 teneris
1458 3396 1770 3466 unguiculis
1795 3398 1999 3451 versari
2028 3398 2243 3461 solitus,
2280 3399 2333 3452 in
2364 3399 2592 3470 imperio
2623 3414 2838 3469 quoque
2869 3398 3061 3455 iisdem
3095 3414 3154 3454 se
3186 3398 3430 3454 oblecta-

190 3486 317 3569 ‘bat.
352 3486 430 3545 Re
456 3486 628 3545 Graeci
660 3488 932 3543 intellecta
970 3487 1113 3558 (qua:
1156 3504 1288 3557 gens
1342 3488 1627 3543 fraudibus
1674 3495 1928 3543 concreta
1955 3486 2060 3558 est)
2091 3487 2364 3543 hominem
2396 3489 2463 3544 ad
2506 3504 2565 3545 se
2594 3489 2969 3560 pellexerunt;
3016 3489 3100 3544 usi
3140 3490 3195 3544 in
3244 3490 3435 3559 primis

199 3581 522 3651 Optimatum
574 3590 886 3637 nostrorum
928 3582 1161 3645 technis,
1189 3582 1284 3651 qui
1323 3597 1448 3636 cum
1490 3597 1714 3651 regnum
1746 3580 1867 3649 ejus
1898 3587 2086 3635 sancte
2121 3596 2149 3633 a
2184 3597 2243 3636 se
2287 3582 2621 3636 custoditum
2654 3582 2722 3635 iri
2761 3591 3107 3636 sacramento
3139 3582 3435 3636 confirma-

200 3672 429 3737 vissent,
458 3680 639 3728 tamen
668 3672 884 3728 Domini
912 3671 1090 3727 fmdus
1114 3687 1224 3726 non
1259 3679 1614 3727 servaverunt
1646 3688 1659 3724 :
1700 3685 1822 3740 qua:
1855 3669 2084 3725 consilia
2119 3669 2265 3724 hunc
2295 3671 2500 3725 exitum
2532 3670 2725 3725 sortita
2774 3674 2921 3737 sunt,
2947 3678 3006 3724 ut
3041 3670 3144 3741 ipsi
3174 3671 3434 3725 nimirum

202 3764 399 3834 aliique
423 3766 730 3836 complures
753 3765 1089 3821 ineluctabili
1118 3765 1285 3820 exitio
1311 3763 1589 3835 perierint.
1630 3761 1800 3818 Graeci
1830 3765 1998 3829 enim,
2026 3763 2277 3818 submoto
2311 3764 2365 3818 in
2409 3764 2641 3820 insulam
2671 3779 2818 3835 rege,
2849 3763 3112 3834 praesides
3139 3764 3435 3835 quotannis

203 3857 487 3912 mittebant
522 3874 537 3910 :
572 3872 681 3927 quo
709 3866 953 3928 tempore
985 3859 1139 3914 Anim
1188 3859 1340 3913 urbis
1374 3860 1521 3912 cives
1547 3866 1713 3927 atque
1750 3857 2037 3926 optimates
2077 3857 2307 3912 dissidio
2349 3865 2403 3912 et
2449 3856 2749 3912 ambitione
2779 3858 3082 3920 certabant,
3118 3857 3435 3926 mutuisque

202 3949 490 4005 calumniis
519 3951 588 4006 de
616 3952 743 4005 laesa
771 3952 1118 4021 imperatoris
1149 3952 1437 4021 majestate
1468 3952 1757 4021 studioque
1784 3950 2154 4020 Agarenorum
2188 3951 2330 4004 inter
2373 3966 2432 4005 se
2454 3950 2824 4019 postulabant.
2856 3950 2996 4016 Quin
3030 3963 3284 4019 proceres
3312 3949 3432 4003 ausi

207 4052 332 4098 sunt
359 4044 721 4114 patriarcham
769 4046 941 4116 ipsum
969 4047 1450 4102 criminationibus
1480 4046 1904 4110 circumvenire,
1939 4046 2030 4116 qui
2062 4044 2305 4100 vicissim
2348 4046 2678 4101 necessitate
2707 4055 2931 4100 coactus
2960 4045 3082 4100 illos
3126 4044 3324 4099 detulit
3376 4044 3430 4098 in

204 4138 479 4208 judicium.
529 4138 890 4206 Quamobrem
943 4143 1156 4212 utrique
1200 4143 1408 4197 laribus
1440 4144 1555 4198 suis
1612 4142 1786 4197 eversi
1829 4148 1958 4197 sunt
1995 4141 2212 4211 alioque
2258 4141 2492 4196 traducti
2530 4160 2543 4196 :
2582 4157 2707 4195 cum
2751 4141 2969 4195 interim
3021 4142 3217 4210 vulgus
3264 4156 3434 4210 prope

206 4236 357 4290 exlex
408 4234 475 4289 ad
529 4250 684 4290 suam
730 4236 1010 4292 libidinem
1067 4239 1293 4294 viveret.
1352 4238 1526 4309 Atque
1578 4238 1693 4293 haec
1749 4252 1935 4292 rerum
1996 4236 2335 4307 publicarum
2386 4236 2527 4291 ratio
2588 4235 2763 4290 tenuit
2810 4250 2982 4289 annos
3043 4251 3155 4290 χιι.
3216 4233 3427 4301 Quibus

208 4324 405 4380 exactis
433 4324 591 4379 turbo
620 4326 810 4395 igneus
843 4327 1066 4380 australi
1101 4326 1235 4381 flatu
1274 4329 1590 4399 compulsus
1626 4329 1749 4383 tulit
1781 4328 2015 4383 belluam
2048 4327 2748 4399 antbropophagam,cujus
2778 4326 3044 4382 incendiis
3074 4342 3207 4397 gens
3238 4334 3426 4381 nostra

209 4419 376 4476 deleta
405 4419 669 4477 radicitus
695 4430 777 4477 est
803 4440 817 4475 :
853 4422 987 4492 quin
1016 4431 1071 4478 et
1103 4423 1237 4479 urbs
1262 4424 1399 4478 Ania
1430 4432 1550 4495 post
1577 4425 1789 4480 dierum
1822 4440 1928 4478 xxv
1960 4423 2299 4479 obsidionem
2335 4430 2643 4494 expugnata
2673 4428 2791 4487 est,
2838 4421 3066 4492 ejusque
3107 4420 3254 4476 cives
3297 4420 3428 4476 ferri

282 4660 381 4735 (82)
418 4661 713 4732 Gregorius
746 4670 1106 4735 cognomento
1138 4663 1413 4735 Magister,
1457 4680 1484 4718 a
1515 4664 1761 4735 magistri
1860 4664 2076 4733 guimus
2103 4663 2246 4718 circa
2271 4661 2616 4735 undecimum
2647 4661 2976 4735 Christianae
2999 4676 3134 4735 aera:
3168 4660 3431 4735 sacculum

213 4730 479 4803 dignitate.
534 4730 648 4803 qua
703 4730 839 4788 eum'
883 4733 1109 4788 Graecus
1165 4730 1463 4803 imperator
1523 4730 1757 4788 ornavit.
1862 4730 2098 4803 ereptum
2146 4748 2269 4787 esse
2306 4733 2527 4802 migrari
2576 4748 2642 4786 ex
2693 4731 2949 4787 Armenia
2997 4732 3052 4785 in
3101 4730 3427 4785 Sarmatian:

214 4800 349 4855 Idem
405 4800 582 4857 dictus
638 4811 723 4859 est
766 4804 1131 4859 I’ahlavunius
1182 4800 1418 4872 itemque
1477 4803 1760 4859 Arsacides
1863 4800 2216 4872 eamdemque
2257 4800 2628 4874 migrationem
2679 4803 3171 4874 subindeauctam
3213 4810 3431 4871 propter

214 4880 416 4944 propter
439 4888 606 4942 genus
630 4890 695 4944 ex
728 4875 1104 4929 Armeniorum
1138 4870 1516 4928 illuminatoris
1538 4875 1596 4928 S.
1627 4874 1760 4927 tire-
1864 4870 2257 4944 Saracenorum
2304 4870 2358 4926 in
2400 4872 2666 4944 Armenia
2720 4872 3081 4944 tyrannidem.
3113 4870 3428 4926 Joannzeum

214 4942 340 5014 gorii
378 4946 624 5014 prosapia
656 4943 971 4999 deductum.
1020 4944 1069 4999 Is
1113 4944 1347 4999 traditur
1381 4945 1585 4999 liberali
1619 4944 1761 5013 Opti-
1861 4944 2129 5014 ejusmodi
2159 4943 2250 5014 jus
2291 4959 2398 4997 non
2443 4945 2516 4997 ita
2554 4942 2756 5014 pridem
2791 4945 3128 5014 antiquatum
3160 4949 3263 5014 est,
3304 4954 3428 5014 cum

214 5009 410 5085 inaque_
441 5009 623 5067 indole
674 5015 955 5085 przeditus.
1000 5015 1254 5085 princeps
1303 5015 1459 5084 plane
1501 5009 1759 5068 doctissi-
1860 5009 2128 5084 Iosephus
2158 5009 2199 5066 Il
2243 5014 2521 5084 Augustus
2555 5009 2607 5067 in
2646 5009 2939 5085 Sarmatiae
2968 5010 3282 5081 regionibus
3323 5009 3427 5085 sibi

215 5078 345 5155 inus,
372 5078 757 5155 Graecaqueiet
796 5078 1038 5141 Arabica:
1085 5078 1246 5139 etiam
1290 5078 1485 5155 lingure
1530 5085 1757 5153 peritus.
1863 5078 2114 5155 obnoxiis
2154 5078 2519 5155 legcniftttlit,
2561 5090 2617 5137 ut
2669 5094 2779 5155 tam
2821 5078 3087 5153 indigena:
3118 5078 3428 5155 quani_Ar-

215 5150 438 5206 Habetur
469 5154 520 5207 in
555 5149 805 5210 manibus
836 5163 1098 5210 tractatus
1117 5157 1235 5223 ejus
1267 5149 1673 5221 grammaticus,
1707 5162 1760 5208 ct
1862 5154 2025 5208 menii
2078 5169 2184 5208 uno
2210 5149 2417 5222 'judicii
2468 5169 2682 5223 genere,
2720 5152 2773 5205 id
2820 5162 2906 5208 est
2942 5149 3080 5223 'jure
3116 5149 3428 5223 Austriaco,

214 5223 549 5289 epistolarum
595 5225 661 5277 ad
699 5225 991 5280 familiares
1023 5221 1274 5280 volumen
1304 5227 1593 5293 omnigena
1635 5241 1761 5279 eru-
1862 5221 2247 5293 disceptarent.
2290 5221 2604 5277 Joannmum
2644 5223 2885 5278 codicem
2930 5225 2983 5279 in
3010 5221 3279 5293 Latinam
3312 5221 3430 5293 _|_in-

215 5292 405 5348 ditione
433 5293 695 5367 refertum
730 5315 743 5350 :
777 5312 841 5367 ex
877 5310 983 5365 quo
1012 5298 1170 5351 etiam
1212 5289 1561 5367 cognoscitur
1586 5312 1761 5365 quan-
1859 5289 2031 5365 guam'
2052 5309 2373 5367 conversum
2416 5294 2465 5367 .I.
2497 5293 2781 5367 lohrabus
2820 5291 3276 5367 (quandoquidem
3312 5289 3435 5367 Ilai-

218 5371 385 5431 topere
431 5365 478 5420 is
523 5374 744 5438 cuperet
778 5366 848 5438 ad
893 5360 1065 5422 'omne
1115 5360 1308 5438 genus'
1344 5360 1756 5437 disciplinarum
1862 5360 2057 5438 canum
2107 5365 2385 5432 exemplar
2431 5365 2574 5438 haud
2626 5360 2968 5438 occurrebat)
3006 5360 3432 5438 exscribendum

216 5430 926 5505 gentemsuam'impellere.
1116 5430 1143 5438 ⁷
1488 5430 1499 5437 ⁷
1861 5437 2091 5498 curavit,
2134 5430 2367 5505 eumque
2405 5435 2527 5505 aliis
2578 5430 3075 5505 autographis’nec
3108 5430 3441 5502 pmnitenda:

284 5503 655 5575 (85)_Hujusce
677 5501 921 5564 Joannis.
956 5507 1236 5575 penultimi
1261 5508 1639 5561 Armeniorum
1670 5521 1755 5559 re-
1861 5506 2035 5575 frugis
2063 5501 2295 5575 scriptis
2318 5501 2573 5557 Venetias
2604 5501 2903 5560 transtulit.

284 5522 381 5574 (eo)
420 5522 655 5573 Hujusce
677 5522 921 5564 Joannis.
956 5522 1236 5575 penultan
1261 5522 1639 5561 armentorum
1670 5522 1755 5559 re-
1861 5522 1948 5560 tru
1974 5522 2035 5571 λε
2063 5522 2282 5574 SCI‘IplIS
2327 5522 2573 5557 veneuas
2604 5522 2903 5560 transruin.

218 5572 313 5644 gis,
339 5590 366 5628 e
390 5573 837 5646 Bagratuniorum
878 5576 1147 5646 dynastia,
1178 5594 1297 5645 quae
1328 5578 1747 5652 annoscigcitcr
2076 5574 2281 5628 Nomen
2310 5574 2413 5627 hoc
2446 5584 2761 5643 corruptqu
2798 5582 2914 5630 erat
2942 5575 2999 5628 in
3027 5569 3186 5629 codd.
3208 5571 3343 5624 Arm

219 5659 303 5697 ccc
336 5647 630 5710 occupavit,
654 5647 906 5701 civilibus
937 5648 1142 5710 legibus
1170 5648 1260 5701 diu
1293 5665 1390 5702 usa
1417 5656 1499 5703 est
1533 5649 1751 5701 Sarma-
1951 5646 2019 5700 83
2081 5644 2303 5701 Scilicet
2334 5643 2681 5710 Bagratunia.

219 5659 303 5697 ccc
336 5643 630 5717 occupavit,
654 5643 1142 5717 civilibus'legibus
1170 5643 1260 5701 diu
1293 5665 1390 5702 usa
1417 5656 1499 5703 est
1533 5649 1751 5701 Sarma-
1928 5643 2038 5717 (83)
2077 5644 2303 5717 Scilicet
2334 5643 2681 5717 Bagratunia.

223 5720 314 5769 lica
362 5714 733 5773 Armeniorum
783 5714 1040 5772 colonia:
1074 5735 1178 5787 qua
1226 5733 1287 5772 ex
1330 5734 1388 5773 re
1429 5719 1622 5773 merito
1665 5733 1752 5771 ar-
1930 5714 2041 5787 (86)
2077 5715 2355 5773 Praedicta:
2381 5714 2539 5771 Zocs.
