3940 6208
569 285 669 368 7δί
1571 316 1912 374 APPENDIX
1949 319 2041 374 AD
2078 319 2341 376 EUSEBII
2374 323 2788 382 cunomcon.
3617 348 3679 403 7-,,

567 451 676 554 fuit
715 451 849 524 (91),
889 453 1072 522 Neque
1111 453 1390 554 ingenium
1431 470 1679 514 moresve
1721 461 1892 530 patris
1932 462 2015 517 sui
2053 464 2341 521 aemulatus
2378 473 2501 533 est;
2543 468 2652 522 imo
2698 467 2832 523 adeo
2882 477 2988 523 tam
3035 477 3301 530 contraria
3349 480 3506 535 studia
3544 501 3626 554 pra:
3651 505 3687 544 se

569 547 736 610 tulit,
794 555 851 602 ut
891 563 1117 617 prorsus
1157 547 1494 603 existimaret
1549 551 1683 605 nihil
1739 555 1978 624 iniquius
2002 595 2018 620 ,
2055 557 2190 612 nihil
2222 559 2343 629 paci
2378 567 2472 613 aut
2501 562 2724 616 omnino
2764 561 3013 619 humana:
3044 570 3164 624 vitae
3199 547 3558 632 adversantius-
3576 579 3688 637 fuisse

571 656 732 710 quam
768 642 938 712 patris
989 643 1072 698 sui
1130 643 1361 698 consilia
1399 654 1453 699 et
1492 647 1821 704 voluntates.
1865 649 1984 720 lpse
2023 653 2189 723 igitur
2226 655 2363 710 bene
2403 657 2614 712 cunctis
2652 658 2964 728 dispositis,
3006 663 3288 730 prudentia
3318 665 3434 720 item
3463 683 3516 722 ac
3539 669 3689 728 fortitu-

570 737 697 794 dine
737 741 939 795 multos
977 755 1133 812 reges
1159 779 1173 805 ,
1229 747 1284 794 et
1325 745 1473 792 certe
1498 753 1721 804 omnes,
1772 741 1865 811 qui
1915 744 2176 798 memoria
2217 756 2402 800 nostra
2451 748 2816 813 exstiterunt,
2876 750 3231 820 praecellens,
3292 756 3419 810 nihil
3465 757 3688 828 impensius

571 837 894 907 satagebat.
939 853 1103 907 quam
1141 845 1202 891 ut
1225 835 1530 906 iustissime
1563 837 1806 904 viveret,
1845 840 2158 910 neminique
2188 841 2388 912 injuria
2423 853 2516 898 aut
2545 845 2797 914 superbia
2833 846 3098 902 molestus
3126 855 3292 902 esset.
3323 847 3454 912 Quin
3477 856 3522 902 et
3547 850 3691 905 liberali

573 932 742 986 animi
780 941 974 986 natura
1016 933 1277 1003 praeditus
1317 937 1436 986 erat
1461 971 1476 996 ,
1520 932 1740 1002 altoque
1779 935 1978 989 mentis
2018 937 2250 992 consilio
2280 978 2296 1003 ,
2337 946 2545 994 statura
2583 940 2818 1010 denique
2855 942 3100 1011 corporis
3138 959 3260 1012 qua:
3297 961 3462 1016 regem
3495 945 3690 1000 decebat:

575 1033 723 1081 tanta
759 1042 889 1082 vero
927 1026 1285 1082 mansuetudo
1324 1020 1643 1096 morumque
1683 1028 1926 1084 suavitas
1968 1030 2023 1085 in
2065 1047 2130 1086 eo
2169 1041 2287 1088 erat
2310 1076 2324 1099 ,
2357 1043 2416 1089 ut
2447 1035 2673 1091 mirifice
2701 1037 3035 1105 diligeretur.
3065 1035 3242 1105 Atque
3271 1049 3370 1104 ego
3396 1033 3579 1103 quidem
3599 1049 3690 1086 non-

573 1122 680 1177 nisi
719 1136 898 1192 regem
938 1121 1204 1192 ejusmodi
1243 1121 1496 1176 existimo
1550 1139 1673 1178 esse
1719 1123 1960 1181 divitem.
2003 1125 2103 1182 Hic
2140 1127 2291 1184 brevi
2330 1141 2573 1200 tempore
2611 1138 2882 1186 terrarum
2931 1131 3117 1185 orbem
3162 1137 3370 1184 tantum
3414 1141 3510 1181 non
3547 1127 3693 1180 univer-

574 1235 693 1275 sum
733 1220 947 1291 subegit
981 1239 994 1275 :
1035 1235 1157 1276 cum
1196 1219 1388 1286 reliqui
1427 1233 1578 1290 reges
1618 1221 1700 1274 vel
1742 1229 1863 1290 post
1901 1221 2170 1277 diutinum
2210 1232 2421 1296 tempus
2463 1227 2543 1280 vel
2587 1241 2869 1296 nunquam
2912 1233 3063 1280 tanto
3106 1223 3334 1292 imperio
3356 1220 3500 1290 potiri
3535 1220 3696 1273 soleant.

575 1311 680 1365 Sed
733 1311 782 1367 is
833 1313 1090 1367 nimirum
1143 1311 1519 1366 benevolentia
1569 1315 1741 1384 magis
1790 1325 1844 1371 et
1892 1319 2147 1374 comitate
2194 1334 2355 1389 quam
2407 1320 2600 1376 bellica
2640 1322 2692 1375 vi
2731 1322 3003 1376 utebatur.
3056 1318 3177 1374 Jam
3220 1318 3266 1373 si
3309 1325 3413 1370 tam
3449 1315 3590 1368 multa
3625 1321 3695 1366 tam

573 1406 728 1460 brevi
767 1407 1040 1472 obtinuit,
1079 1406 1323 1479 profecto
1348 1451 1362 1472 ,
1405 1409 1482 1461 uti
1524 1407 1759 1464 arbitror
1783 1451 1797 1473 ,
1854 1409 2096 1466 futurum
2134 1422 2254 1466 erat
2279 1453 2294 1478 ,
2338 1421 2397 1467 ut
2437 1430 2504 1468 ne
2541 1413 2757 1486 Europa
2795 1414 3014 1485 quidem
3065 1428 3094 1466 a
3145 1409 3300 1480 regni
3337 1408 3449 1477 ejus
3485 1406 3639 1458 finibus
3664 1421 3698 1469 se

575 1496 936 1563 subduceret,
978 1499 1081 1555 nisi
1122 1501 1169 1556 is
1206 1504 1476 1560 maturius
1513 1505 1619 1560 vita
1660 1507 2008 1564 excessisset.
2043 1527 2065 1562 ι
2104 1508 2229 1564 Haec
2272 1509 2610 1567 Sarcavacus
2656 1512 2721 1566 de
2775 1511 2939 1581 hujus
2978 1511 3088 1565 vita
3141 1505 3349 1569 tradit,
3389 1501 3474 1572 qui
3507 1500 3630 1554 annis
3654 1515 3698 1551 ιι

573 1591 884 1649 dominatus
921 1602 1024 1652 est.
1067 1595 1190 1653 Mox
1229 1615 1329 1671 ego
1368 1616 1488 1671 qua:
1526 1602 1593 1658 de
1633 1603 1881 1673 ejusdem
1921 1614 2094 1662 morte
2132 1607 2424 1678 praedictus
2461 1608 2665 1664 Auctor
2702 1616 2932 1674 narrat,
2980 1608 3293 1664 subtexam.

1519 1947 1713 1991 OLYIP.
1786 1947 2002 1989 CHRISTI
2075 1947 2267 1992 CONST.
2377 1951 2538 1991 PATR.
2665 1951 2802 1990 Αειιι

2663 2023 2790 2062 ΔΒΗ.

2112 2138 2214 2193 Mi-
2359 2136 2566 2208 Grego-

2079 2209 2234 2263 chael
2423 2225 2517 2264 ras

2067 2497 2373 2556 MICHAEL
2409 2497 2569 2554 annis
2605 2511 2721 2553 VIII.

1798 2675 1936 2731 1075
2148 2678 2174 2731 1
2425 2676 2460 2733 9
2671 2675 2774 2730 522

637 2852 792 2908 Anno
826 2866 948 2911 aera:
985 2866 1137 2907 rxxn
1176 2852 1392 2922 vigente
1443 2850 1871 2910 Sarracenorum
1923 2853 2210 2926 tyrannide
2245 2854 2487 2911 Ausinus
2527 2853 2637 2927 (92)
2679 2855 2941 2924 princeps
2987 2853 3281 2924 digressus
3324 2861 3403 2907 est
3447 2845 3696 2904 hereditaria

565 2946 770 3002 ditione
807 2961 906 3002 sua
943 2947 1030 3001 cui
1070 2961 1267 3001 nomen
1319 2945 1551 3002 Maireaz
1588 2947 1790 3003 Ciurch
1814 2989 1829 3014 ,
1872 2959 2066 3005 contra
2109 2948 2416 3019 Ganzagam
2458 2950 2561 3005 sita
2586 2989 2601 3015 ,
2641 2949 3029 3004 comitantibus
3068 2948 3242 3004 fratre
3278 2947 3520 3018 Algamo,
3553 2950 3694 2997 malm.

566 3037 797 3108 conjuge
848 3038 1078 3109 aliisque
1124 3053 1336 3094 summa
1386 3040 1675 3096 nobilitate
1728 3043 1902 3111 viris,
1946 3054 2135 3101 avecta
2191 3046 2356 3101 etiam
2408 3044 2554 3099 omni
2597 3045 2973 3115 supellectile:
3017 3045 3401 3116 ingressusque
3434 3039 3694 3095 Ciliciam.e

568 3131 993 3188 Sarracenorum
1034 3139 1303 3204 potestate
1343 3135 1448 3190 sibi
1488 3135 1783 3192 vindicavit
1831 3139 2244 3195 celeberrimam
2283 3138 2674 3211 Lampruniam
2726 3153 2906 3194 arcem
2931 3179 2945 3204 ,
2988 3138 3056 3192 ad
3107 3132 3279 3189 Tauri
3329 3130 3511 3186 montis
3554 3125 3696 3179 radices

566 3220 659 3277 ubi
696 3230 751 3277 et
787 3219 993 3278 Tarsus
1031 3223 1368 3294 metropolis.

1799 3407 1935 3462 1076
2143 3408 2180 3462 2
2398 3407 2464 3462 to
2675 3405 2780 3476 523
2990 3401 3262 3476 nolumus,
3287 3401 3355 3458 Gr

2143 3408 2180 3462 2
2398 3407 2464 3462 10
2675 3405 2780 3476 523
2990 3401 3262 3476 Dominus
3287 3401 3529 3476 Grcgoras
3556 3410 3608 3476 00
3629 3408 3692 3444 cu-

1796 3479 1936 3532 1077
2144 3479 2179 3532 5
2396 3479 2456 3532 11
2673 3475 2777 3531 524
2920 3475 3145 3526 randam
3209 3475 3347 3528 libro

2144 3479 2179 3532 5
2396 3479 2456 3532 il
2673 3475 2777 3531 5'24
2920 3475 3145 3526 randam
3209 3475 3459 3528 librorum
3510 3475 3693 3538 interpre'

1545 3530 1687 3596 464
2396 3530 2464 3600 l2
2674 3530 2780 3602 5‘25
2887 3544 3101 3596 ‘tatioul

2147 3530 2182 3602 λ
2396 3530 2464 3600 l2
2674 3530 2780 3602 5‘25
2887 3544 3184 3598 tationem
3261 3530 3691 3603 ConstantinopOlim

2932 3615 3126 3685 pergit.

635 3773 794 3828 Anno
831 3787 950 3828 aera:
988 3788 1128 3829 nxxv
1167 3772 1439 3847 Gaghicus
1473 3785 1570 3826 rex
1607 3759 1840 3828 Tarsum
1882 3773 1948 3828 ad
1988 3768 2370 3842 Apelgaripum
2408 3768 2784 3824 Armeniorum
2839 3770 3137 3840 principem
3181 3771 3286 3826 sibi
3329 3766 3690 3837 consanguineum

567 3879 626 3921 se
663 3865 894 3920 contulit
925 3883 938 3919 :
982 3879 1106 3920 cum
1145 3883 1276 3922 vero
1315 3867 1505 3939 pedem
1546 3867 1674 3922 inde
1712 3867 1940 3923 referret
1977 3883 2007 3921 a
2046 3865 2356 3921 Graecorum
2397 3865 2732 3936 principibus
2760 3880 2926 3936 pr0pe
2952 3865 3170 3933 Argiam
3200 3865 3256 3918 vi
3291 3863 3533 3933 appetitus
3565 3858 3689 3921 laqueo

565 3961 730 4016 vitam
772 3960 964 4017 finivit.
1009 3962 1115 4016 Alii
1151 3969 1332 4018 tamen
1373 3966 1563 4028 aiunt,
1603 3965 1749 4020 hunc
1782 3965 2054 4020 venationi
2097 3963 2340 4019 deditum
2379 3967 2432 4013 et
2470 3959 2609 4014 forte
2657 3957 3014 4011 dormientem
3064 3971 3095 4008 a
3141 3953 3482 4009 Mandalianis
3517 3946 3601 4016 (93)
3632 3953 3688 4039 ως

564 4068 714 4130 ptum
753 4074 914 4126 esse;
956 4059 1081 4115 exin
1122 4068 1345 4114 auctum
1386 4060 1440 4113 in
1481 4075 1658 4116 arcem
1713 4059 2169 4115 Candruscoriam
2215 4058 2398 4127 ibique
2445 4055 2810 4109 interfectum.
2862 4051 2939 4106 Eo
3000 4060 3208 4107 terrore
3263 4044 3524 4105 exanimati
3560 4037 3682 4102 reliqui

563 4157 832 4228 principes
869 4157 1246 4211 Armeniorum
1287 4156 1410 4227 fuga
1450 4157 1644 4226 dilapsr
1685 4166 1833 4210 sunt.
1878 4156 1953 4210 Ex
1988 4157 2181 4210 horum
2228 4165 2409 4210 tamen
2451 4166 2679 4228 numero
2717 4149 2970 4220 princeps
3009 4148 3230 4217 quidam
3282 4142 3489 4215 Gagliici
3529 4144 3684 4228 causan:

564 4249 830 4320 guineus,
884 4248 1104 4302 nomine
1155 4246 1415 4305 Rulienus
1467 4250 1619 4319 (94),
1675 4253 1766 4320 qui
1818 4249 2165 4304 Causilarum
2217 4263 2395 4302 arcem
2449 4227 2702 4310 tenebat,
2741 4246 2956 4314 cognita
2998 4241 3224 4311 Gagliici
3268 4256 3428 4300 nece,
3463 4247 3561 4288 cum
3591 4227 3681 4280 omni

562 4341 724 4395 domo
759 4355 857 4396 sua
896 4339 952 4394 in
990 4338 1233 4411 Phrygia:
1265 4349 1446 4409 partes
1480 4341 1773 4412 migravit,
1815 4341 2182 4411 oppidumque
2219 4338 2582 4393 Colmesolum
2622 4335 2838 4390 insedit.
2899 4333 2996 4390 iiis
3047 4335 3187 4389 forte
3223 4335 3282 4389 in
3320 4329 3556 4387 montibus
3585 4332 3681 4412 σφω’

565 4437 748 4503 plures
786 4433 1052 4502 degebant
1090 4431 1428 4486 Armeniaca:
1464 4410 1640 4500 gentis
1682 4410 1901 4497 coloni,
1944 4431 2142 4502 quibus
2167 4431 2266 4484 sibi
2296 4430 2590 4500 prazclarus
2627 4427 2942 4496 Rhupenius
2973 4425 3246 4495 adjunctis
3277 4433 3328 4482 et
3350 4423 3470 4482 satis
3500 4410 3679 4472 corrobo-

563 4536 715 4586 ratus
753 4535 1064 4584 montanam
1106 4543 1380 4600 regtonem
1419 4529 1586 4584 armis
1621 4529 1835 4594 tenuit,
1879 4529 2163 4600 putsisque
2203 4527 2408 4582 Graecis
2433 4567 2449 4591 ,
2492 4540 2680 4581 eorum
2719 4523 2914 4594 oppida
2949 4518 3196 4578 incoluit.

1786 4705 1926 4760 1079
2138 4707 2173 4760 5
2386 4704 2453 4758 15
2666 4702 2772 4756 59.6

1785 4776 1925 4829 1080
2135 4776 2170 4829 6
2383 4774 2452 4828 M
2663 4772 2768 4826 527

1788 4846 1920 4899 1081
2139 4847 2171 4898 7
2381 4844 2449 4897 is
2663 4842 2789 4911 528.

1539 4900 1681 4969 465
1788 4916 1927 4972 1082
2137 4916 2171 4970 8
2382 4912 2449 4968 to
2661 4909 2767 4965 529

636 5102 902 5173 Georgius
936 5108 990 5173 et
1021 5102 1330 5172 Stephanus
1358 5101 1458 5157 do-
2088 5093 2392 5154 ALEXIUS
2432 5096 2589 5151 annis
2627 5107 2858 5149 xxxvtu.

566 5182 748 5229 ctores
786 5171 1015 5243 scriptis
1061 5171 1336 5245 rebusque
1363 5188 1459 5244 ge-

568 5228 667 5299 Stis
692 5228 1020 5300 clarescunt.
1363 5228 1392 5244 ”
1795 5233 1934 5292 1085

1244 5228 1263 5245 ³
1363 5228 1392 5244 ν
1795 5233 1934 5292 1085
2145 5233 2171 5286 l
2395 5230 2462 5285 Π
2589 5294 2594 5299 I
2673 5228 2777 5284 550

2303 5487 2414 5557 (95)
2455 5485 2727 5558 Maudales
2756 5483 3108 5558 eratgrmcus
3140 5483 3354 5558 quidam
3383 5460 3662 5558 ρξιῑςτξῖξξιξξῖξξ

2230 5537 2850 5626 δυῖιῖιίώῑὲὶὶὺέζέιιίιιε
2875 5537 3360 5612 ἢιίἱῖυίεὲῑθιιίιθε
3382 5537 3471 5603 dici
3490 5537 3658 5597 videntur

2235 5645 2262 5683 a
2302 5625 2551 5682 Saimueie
2584 5625 2938 5679 Mandatiam‘.

2313 5698 2420 5769 (9t)
2465 5697 2724 5753 [iubentis
2756 5695 3020 5766 dynastire
3042 5692 3442 5754 Rubeniensium
3467 5685 3618 5739 auctor.

638 5493 750 5563 (9i)
772 5494 956 5549 Melich
984 5495 1212 5550 Arabice
1242 5512 1353 5561 rex,
1387 5495 1566 5551 schiah
1596 5494 1814 5551 Persice
1844 5494 1971 5548 item
2002 5508 2121 5546 rex.

568 5562 716 5637 Hinc
735 5565 1070 5637 sarcavacus
1098 5566 1234 5637 facit
1259 5584 1349 5621 rex
1382 5585 1578 5637 regum.

639 5634 748 5716 £92)
789 5635 888 5691 llic
926 5637 1167 5716 Ausinus
1194 5636 1414 5716 Nersem
1438 5633 2125 5716 Lampruniensemjarsi

571 5706 885 5775 episconum
917 5707 1244 5779 scriptisque
1274 5709 1526 5779 plurimis
1555 5712 1761 5764 clarum
1793 5706 2000 5780 genuit.

3789 5879 3791 6030 l
