3940 6208
192 307 312 364 755
931 316 1271 373 SAMUELIS
1301 308 1618 375 ANIENSIS
1656 319 1990 376 SUMMARII
2023 320 2398 378 TEMPORUM
2435 321 2610 378 PARS
2647 324 2712 380 11.
3306 316 3409 391 ’155

184 467 1566 496 ’.ι---------.--

1191 596 1382 636 οιγιιῐθ.
1458 596 1667 636 CHRISTI
1741 596 1929 636 CONST.
2039 595 2196 635 PATB.
2305 596 2436 634 £38

2293 667 2421 705 ΔΕΗ.

1690 805 1912 863 Alexius
1984 806 2217 864 Basilius

1162 974 2471 990 ———-—~————.-_———

1936 1126 2249 1182 BASlLlUS
2287 1130 2444 1186 annis
2513 1199 2546 1204 _
2585 1129 2866 1204 Exstincto
2919 1129 3137 1186 domino
3165 1132 3400 1204 Gregora

2111 1215 2284 1258 xxxu.
2513 1199 2845 1256 Pahlavunio
2867 1205 3130 1257 successit
3150 1199 3402 1262 dominus

2505 1269 2734 1326 Basilius
2788 1273 2991 1326 sororis
3041 1274 3158 1340 ejus
3216 1274 3398 1337 ﬁlius.

1455 1338 1593 1410 1081
1802 1339 1838 1410 2
2050 1339 2075 1410 1
2293 1339 2388 1410 551
2502 1357 2662 1410 quem
2753 1349 2908 1396 antea
2988 1358 3011 1396 ε

2050 1339 2075 1410 1
2293 1339 2388 1410 551
2502 1357 2662 1410 quem
2753 1349 2908 1396 antea
2988 1338 3403 1398 consecraverat

1455 1409 1593 1463 1085
1803 1409 1836 1481 5
2046 1409 2082 1462 2
2292 1409 2395 1481 552
2502 1409 2754 1465 dominus
2782 1412 2895 1481 ipse
2935 1411 3008 1464 Gr

2046 1409 2082 1462 2
2292 1409 2395 1481 552
2502 1409 2754 1465 dominus
2782 1412 2895 1481 ipse
2935 1411 3228 1481 Gregorius
3271 1415 3397 1467 dum

1209 1486 1348 1551 466
1454 1481 1591 1553 W39
1801 1479 1836 1553 ἐ
2047 1481 2080 1553 ξ)
2292 1479 2394 1553 ἓξὲξ
2502 1482 2757 1553 ﬁeri"?!

2047 1481 2080 1553 5
2502 1482 2669 1553 iterin
2696 1479 2908 1553 exteras
2935 1479 3116 1553 plagas
3140 1484 3399 1537 librorum

2044 1551 2078 1623 αξ
2502 1547 3006 1620 interpretandorun

2044 1551 2078 1623 αξ
2502 1547 3395 1623 interpretandorum'aliorutuque

2507 1618 2840 1690 negotiorum
2883 1637 3006 1676 caus

1800 1618 1836 1699 ἐξ
2507 1618 2840 1690 negotiorum
2883 1636 3047 1676 causa
3081 1618 3312 1692 pararet.

1194 1721 1331 1785 ‘67
1453 1689 1496 1740 lt
1520 1688 1587 1741 89
1805 1688 1836 1740 7
2047 1690 2079 1742 6
2289 1687 2394 1741 556

1454 1757 1589 1812 1090
1800 1758 1834 1811 8
2049 1759 2081 1810 7
2288 1758 2395 1812 557

264 1827 543 1882 Horrenda
585 1828 764 1882 fames
818 1827 1090 1896 regionem
1450 1828 1582 1881 1091
1799 1828 1834 1881 9
2044 1830 2078 1882 8
2289 1828 2394 1882 558

175 1909 437 1954 lmslratn
477 1900 744 1958 vastavit,
790 1914 911 1952 cum
947 1898 1093 1952 vide-
1451 1897 1587 1952 iOS‘Q
1767 1897 1833 1952 10
2043 1898 2076 1951 9
2291 1897 2394 1952 559

172 1971 311 2024 liret
353 1969 650 2023 sceleribus
679 1969 882 2024 nostris
903 1984 1092 2024 cumu-
1201 1966 1339 2034 468
1448 1969 1587 2022 1095

2011 1969 2078 2022 10
2287 1968 2392 2022 510
2567 1968 2679 2024 Hoc
2706 1985 2849 2024 anno
2876 1970 3236 2027 Melichsahus
3279 1969 3405 2025 Sul-

171 2040 266 2094 lus
299 2051 442 2094 esset
471 2039 778 2109 impositus.
1447 2038 1586 2092 1094

1447 2038 1586 2092 1094
1763 2037 1830 2092 12
2007 2039 2068 2092 11
2287 2037 2384 2093 541
2496 2047 2657 2096 tanus
2685 2042 2841 2096 obiit.

250 2241 362 2311 Age
406 2254 536 2295 vero
575 2238 832 2310 quoniam
882 2246 1144 2309 regnante
1191 2236 1519 2293 Melichsaho
1568 2253 1700 2308 pace
1749 2239 1909 2295 orbis
1957 2239 2247 2294 universus
2297 2239 2706 2310 praesertimque
2753 2240 3010 2294 Armenia
3060 2239 3231 2310 potita
3279 2246 3402 2306 est,

174 2335 269 2388 cui
310 2333 526 2404 quidem
565 2331 873 2402 superiores
912 2331 1130 2403 tyranni
1170 2332 1425 2400 poculum
1462 2330 1684 2386 exitiale
1721 2330 1909 2385 tandiu
1949 2332 2414 2402 pr0pinaverant;
2456 2333 2604 2388 lubet
2641 2334 2808 2388 verba
2846 2333 3154 2389 laudatoria
3205 2333 3403 2404 praedi-

175 2424 251 2476 cti
293 2423 474 2478 eximii
513 2422 756 2478 doctoris
797 2422 1069 2476 ascribere
1095 2462 1109 2487 ,
1150 2421 1242 2491 qui
1283 2419 1574 2474 admodum
1610 2421 1941 2475 elaboratam
1982 2423 2360 2492 prolixamque
2395 2425 2696 2478 orationem
2738 2439 2931 2480 rursus
2970 2424 3198 2488 scribit,
3253 2429 3404 2494 post-

175 2533 338 2586 quam
379 2515 585 2571 scilicet
617 2530 703 2570 res
738 2514 968 2569 viventis
1005 2514 1235 2570 absolvit
1275 2515 1354 2569 sic
1389 2513 1631 2584 ejusdem
1664 2513 1872 2568 obitum
1915 2529 2164 2568 narrans.
2199 2532 2218 2565 ι
2244 2513 2401 2570 Anno
2437 2531 2557 2570 aera:
2591 2531 2717 2568 om
2761 2530 3048 2585 supremus
3083 2514 3400 2572 Melichsahi

175 2609 463 2664 Persarum
503 2611 648 2680 regis
696 2609 1018 2664 administer
1066 2610 1285 2664 occisus
1330 2618 1454 2674 est,
1507 2609 1666 2679 cujus
1712 2624 1910 2664 nomen
1960 2608 2209 2664 Hasanus
2237 2649 2252 2673 ,
2306 2610 2597 2680 dignitatis
2647 2619 2824 2665 autem
2874 2610 3064 2665 titulus
3107 2611 3402 2668 Vezrucius

174 2704 402 2774 L‘bogia.
445 2702 581 2758 Octo
619 2711 798 2758 autem
837 2711 891 2758 et
929 2703 1118 2774 viginti
1157 2709 1280 2772 post
1317 2701 1434 2757 dies
1475 2701 1589 2772 ipse
1627 2717 1843 2772 quoque
1895 2700 2260 2757 Melicbsahus
2307 2702 2514 2756 interiit
2568 2716 2776 2757 veneno
2803 2740 2817 2763 ,
2869 2707 2928 2754 ut
2977 2700 3120 2754 fama
3166 2687 3401 2767 est,'ab

173 2809 346 2848 uxore
384 2801 715 2864 corruptus:
759 2795 842 2847 vir
879 2794 932 2848 in
969 2809 1158 2848 omnes
1195 2793 1490 2848 benevolus
1529 2802 1692 2863 atque
1728 2793 2049 2849 mitissimus
2075 2833 2089 2856 ,
2123 2794 2176 2846 in
2220 2792 2562 2848 Christianos
2609 2801 2788 2846 autem
2819 2805 2986 2861 prope
3025 2789 3400 2860 singulariter.

174 2885 350 2956 llujus
385 2887 591 2942 obitum
630 2887 965 2943 incredibilis
1003 2888 1244 2942 omnium
1284 2888 1523 2958 gentium
1565 2889 1902 2958 perturbatio
1939 2896 2237 2944 consecuta
2287 2897 2372 2943 est
2412 2903 2507 2960 per
2544 2887 2989 2958 quadriennium.
3024 2883 3158 2938 Nam
3192 2893 3246 2940 et
3283 2885 3397 2940 fra-

173 2991 258 3037 ter
297 2980 561 3039 Dedusius
598 2990 651 3038 et
689 2983 831 3038 ﬁlius
870 2983 1274 3040 Bechiarucltus
1316 2983 1401 3040 his
1440 2983 1598 3040 annis
1635 2985 1776 3040 bella
1807 2985 2014 3041 cientes
2045 3000 2208 3040 omne
2243 3000 2414 3056 genus
2445 2984 2846 3039 institutionum
2875 2983 3138 3038 bonarum
3170 2982 3396 3037 subver-

174 3083 392 3142 terunt,
431 3075 558 3131 dum
597 3085 789 3133 neuter
824 3093 992 3150 regno
1031 3078 1258 3134 ﬁrmiter
1296 3080 1581 3149 potiretur.
1641 3079 1878 3153 Sanguis
1920 3081 2140 3136 interim
2181 3080 2504 3136 torrentium
2556 3080 2734 3134 instar
2786 3078 3037 3132 manabat
3075 3093 3184 3133 non
3223 3077 3399 3132 solum

171 3165 345 3220 Marte
379 3170 703 3223 certantium
730 3210 745 3234 ,
788 3186 977 3224 verum
1015 3173 1178 3226 etiam
1219 3174 1397 3228 omnis
1437 3174 1645 3229 ordinis
1683 3174 1882 3230 civium
1921 3183 1978 3230 et
2015 3174 2470 3245 provincialium:
2515 3183 2707 3243 prater
2745 3173 2880 3228 alias
2931 3186 3199 3227 aerumnas
3239 3169 3402 3225 famis

171 3267 338 3328 atque
373 3261 772 3329 captivitatum.
814 3258 906 3315 Sic
944 3261 1200 3314 nimirum
1237 3261 1469 3317 felicitas
1507 3278 1630 3317 cum
1673 3264 1782 3318 vita
1819 3265 1965 3335 regis
2003 3265 2160 3334 pulsa
2198 3272 2322 3318 est:
2367 3263 2434 3316 ad
2474 3277 2636 3333 quem
2674 3262 2891 3331 quidem
2949 3276 3200 3316 curarum
3242 3275 3397 3329 rega-

170 3354 302 3408 lium
342 3355 493 3410 labor
529 3356 910 3425 pertinuerat;
951 3355 1018 3409 ad
1057 3356 1194 3411 alios
1231 3372 1362 3412 vero
1401 3356 1518 3412 sive
1554 3358 1844 3426 optimates
1888 3361 2002 3414 sive
2039 3358 2280 3430 plebeios
2322 3358 2531 3414 fructus
2585 3373 2773 3413 earum
2808 3365 2862 3414 et
2907 3357 3260 3413 commoditas
3308 3371 3409 3412 re-'

173 3447 552 3515 dundaverat,
589 3448 714 3503 vitae
751 3463 943 3518 nempe
981 3449 1287 3517 securitas,
1329 3465 1510 3504 rerum
1553 3451 1773 3506 ubertas
1829 3451 2207 3522 malorumque
2259 3451 2528 3522 depulsio.
2585 3450 2636 3507 ls
2692 3450 2828 3506 adeo
2881 3458 3094 3522 gentem
3148 3458 3392 3506 nostram

170 3535 403 3601 dilexit,
443 3545 502 3590 ut
541 3551 732 3607 preces
768 3544 1084 3606 exposceret
1123 3551 1186 3591 ac
1224 3537 1678 3593 benedictiones:
1720 3537 1880 3608 cujus
1913 3539 1992 3594 rei
2028 3555 2196 3597 causa
2236 3541 2601 3611 patriarcham
2635 3555 2848 3611 quoque
2877 3541 2944 3594 ad
2987 3541 3165 3595 aulam
3205 3557 3395 3598 accer-

170 3629 322 3687 sivit.
362 3628 536 3698 Atque
577 3629 782 3683 utinam
816 3627 883 3682 ad
921 3627 1226 3683 Christiana
1261 3643 1417 3683 sacra
1448 3644 1735 3699 moresque
1762 3633 2083 3689 transisset!
2117 3653 2134 3686 ι
2164 3632 2378 3706 imperii
2409 3633 2530 3702 ejus
2560 3633 2718 3690 sedes
2748 3633 3036 3704 Asp’ahana
3075 3634 3180 3689 fuit
3205 3676 3221 3706 ,
3262 3651 3386 3707 qua:

168 3720 488 3790 metropolis
524 3717 813 3776 Persarum
851 3727 970 3786 est,
1014 3718 1324 3788 ibidemque
1361 3716 1529 3772 vitam
1569 3718 1859 3774 conclusit.

1406 3955 1544 4011 1095
1720 3959 1790 4014 15
1966 3960 2034 4013 12
2244 3961 2348 4016 512

1405 4027 1542 4081 1096
1719 4029 1787 4083 14
1962 4031 2032 4084 15
2241 4032 2346 4086 515
2543 4031 2855 4088 Bevoivitur
2905 4050 2961 4105 cy

1962 4031 2032 4084 15
2241 4032 2346 4086 515
2543 4031 2855 4088 Revolvitur
2905 4034 3090 4106 cyclus
3127 4036 3390 4106 quingen-

2473 4111 2648 4156 torum
2677 4104 2949 4158 annorum
2972 4104 3102 4173 (95).

242 4171 635 4227 Constantinus
666 4170 915 4240 princeps
954 4187 1056 4226 no-
1411 4168 1551 4240 1097
1724 4169 1793 4226 15
1970 4169 2036 4223 14
2244 4171 2350 4226 541
2525 4173 2793 4228 Dedusius
2830 4168 3075 4230 Damasci
3099 4214 3113 4237 ,
3146 4174 3389 4230 Palaesti-

173 4254 310 4314 ster,
332 4243 539 4314 Rubeni
565 4239 741 4305 ﬁlius,
773 4239 940 4296 eﬂusa
971 4243 1064 4296 hu-
1162 4241 1308 4312 469
1411 4239 1548 4314 1095
1727 4241 1794 4314 ﬁt}
1971 4240 2042 4314 15
2254 4241 2357 4314 545
2463 4258 2578 4305 nae,
2613 4243 2960 4314 ﬁnitimazque
2992 4246 3229 4312 regionis
3260 4259 3384 4301 rex.

172 4313 430 4368 manitate
482 4313 781 4366 Romanam
845 4320 1056 4381 gentem
1190 4309 1196 4310 7
1224 4309 1244 4312 ⁷
1271 4309 1293 4312 ⁷
1409 4309 1547 4364 1099
1723 4311 1792 4365 17
1977 4310 2044 4366 16
2255 4311 2358 4367 546
2465 4314 2654 4381 praelia
2684 4309 3013 4368 interimitur
3033 4309 3326 4383 Aspahanaa
3356 4332 3388 4368 a

171 4394 490 4454 prosecutus
518 4423 533 4448 ,
581 4383 784 4438 honore
816 4383 1057 4438 vicissim
2454 4383 2824 4440 Bechiarucho
2854 4400 2995 4439 anno
3021 4399 3141 4439 acra:
3170 4401 3351 4439 βίων.

171 4465 395 4510 ornatus
427 4461 527 4509 est.

239 4655 463 4714 Romani
502 4673 600 4731 per
635 4658 919 4714 Thraciam
959 4659 1013 4714 in
1051 4659 1235 4715 Asiam
1272 4659 1689 4723 transmittunt,
1732 4665 1792 4712 ut
1835 4656 2161 4729 Scytharum
2189 4698 2203 4724 ,
2246 4657 2535 4716 Persarum
2573 4667 2736 4730 atque
2772 4659 3165 4714 Saracenorum
3197 4657 3386 4713 adver-

168 4773 264 4813 sus
297 4747 632 4812 Christianos
662 4756 889 4826 injurias
917 4757 1088 4810 ultum
1116 4762 1260 4810 eant.
1292 4753 1548 4808 Plurimis
1577 4761 1757 4808 autem
1781 4754 2142 4810 incommodis
2187 4755 2491 4811 aﬁicruntur
2534 4772 2565 4810 a
2603 4755 2713 4811 ﬁlio
2767 4755 2979 4810 Satanae
3017 4755 3202 4810 Alexio
3239 4752 3386 4808 (ira:-

167 4865 353 4906 corum
392 4851 448 4905 in
482 4850 615 4906 urbe
643 4849 1236 4920 Constantinopolitana
1258 4864 1402 4919 rege.
1435 4847 1534 4902 Hic
1571 4847 1768 4917 partim
1795 4850 2033 4915 arcanis,
2067 4852 2264 4919 partim
2293 4853 2599 4908 manifestis
2632 4852 2846 4907 insndiis
2867 4891 2882 4916 ,
2912 4851 3194 4905 mortifero
3222 4852 3387 4904 etiam

165 4947 287 5002 cibo
321 4947 710 5017 grassabatur:
755 4955 869 5001 tum
909 4945 1076 5001 iidem
1119 4945 1256 4999 mari
1297 4959 1634 5013 suorumque
1672 4943 1893 4999 ducatui
1942 4945 2181 5016 pessimo
2237 4949 2469 5004 artiﬁcio
2505 4949 2788 5004 commissi
2827 4947 3171 5018 signiﬁcabat
3209 4956 3387 5001 astute

166 5038 410 5095 barbaris
441 5053 546 5108 qua
574 5039 783 5093 ratione
810 5047 1150 5108 caperentur.
1180 5035 1304 5090 llaac
1331 5034 1590 5090 Dominus
1634 5035 1928 5105 aliquando
1959 5036 2293 5092 ulciscatur!
2327 5040 2594 5110 siquidem
2632 5040 2721 5094 hic
2750 5039 2913 5093 homo
2940 5039 3175 5108 itemque
3214 5047 3388 5092 mater

168 5133 286 5204 ejus
312 5175 328 5201 ,
370 5137 448 5190 uti
488 5150 554 5190 ex
597 5135 783 5190 multis
824 5135 1152 5197 audivimus,
1193 5131 1508 5187 Christiano
1541 5130 1649 5184 ritu
1683 5132 1844 5186 alieni
1878 5140 2051 5186 erant.
2089 5130 2143 5185 id
2177 5133 2338 5187 etiam
2372 5134 2709 5191 Sarcavacus
2755 5134 2946 5189 doctor
2976 5139 3383 5186 commemorat.

237 5334 463 5392 Romani
505 5338 875 5410 Hierosolyma
911 5342 962 5396 vi
1003 5341 1290 5398 Saracenis
1337 5344 1576 5413 eripiunt
1633 5343 1788 5398 cwsis
1834 5342 2071 5396 hostium
2105 5345 2384 5414 sexaginta
2424 5346 2661 5415 quinque
2700 5345 2939 5400 millibus
2987 5346 3039 5398 in
3082 5347 3302 5416 templo,
3334 5356 3388 5400 ct

172 5427 414 5498 pluribus
438 5429 614 5486 adhuc
652 5433 706 5488 in
744 5433 894 5489 urbe.
927 5432 1185 5490 Dominus
1225 5434 1527 5490 Vabramus
1568 5437 1879 5491 versabatur
1914 5433 2302 5506 Hierosolymis
2333 5437 2459 5491 dum
2493 5438 2623 5492 urbs
2656 5439 2968 5508 capiebatur
2993 5436 3124 5508 (90).

389 5647 582 5727 ﬁecole
608 5650 674 5706 ad
705 5667 792 5727 an.
825 5653 893 5707 10
919 5669 1040 5709 terte
1067 5655 1212 5710 Arm.
1359 5726 1367 5727 ί
1488 5725 1496 5727 4
1827 5658 2027 5727 ricope.
2070 5656 2219 5711 Latet
2255 5664 2431 5712 autem
2474 5660 2526 5712 in
2557 5659 2742 5714 eadem
2781 5658 3066 5725 mendum;
3103 5675 3224 5713 nam
3251 5657 3383 5713 Gre-

239 5719 350 5792 (96)
391 5719 733 5779 Desideratur
763 5724 818 5778 in
847 5727 1140 5781 vetustiore
1164 5726 1455 5797 exemplari
1487 5725 1599 5781 hzec
1622 5742 1713 5797 pe-
1819 5719 1977 5798 goras
2014 5727 2311 5784 Valiramus
2351 5737 2474 5785 ante
2505 5744 2679 5787 annos
2707 5747 2794 5785 xv:
2825 5732 2931 5786 vita
2954 5719 3285 5788 excesserat.
