3940 6208
181 323 293 376 757
889 313 1230 372 SAMUELIS
1260 313 1575 369 ANIENSIS
1607 312 1947 369 SUMMARII
1981 312 2365 369 TEMPORUM
2393 312 2570 368 rans
2606 316 2669 369 ιι.
3312 323 3415 380 738

205 471 3400 497 W

1154 570 1344 610 ouup.
1421 569 1636 610 cuntsrt
1715 568 1905 610 consr.
1987 555 2167 625 Lena.
2309 570 2443 609 Astu:

2301 639 2430 679 ΑΒΕ.

1736 694 1888 777 palo-
1992 692 2199 773 Grego-

1733 779 1891 836 Joan-
2041 779 2157 819 rtus

1771 850 1872 890 nes

1138 955 2463 976 m*_ﬂ_—_*—

1781 1043 2266 1104 CALOJOANNES
2289 1047 2366 1119 (1)
2396 1046 2539 1103 haud
2571 1047 2762 1118 paucis
2799 1046 2959 1104 annis
2985 1048 3246 1122 regnavit.

553 1251 562 1256 -
747 1279 775 1284 _
904 1281 913 1284 _
1025 1281 1078 1284 η
1473 1213 1605 1272 1121
1828 1212 1856 1284 1
2106 1227 2109 1254 ε

2106 1211 2140 1284 6
2318 1211 2422 1284 568
2500 1281 2529 1284 __
2564 1209 3076 1284 ExstinctogAlexio
3125 1221 3316 1284 regnat
3355 1210 3419 1267 fi-

264 1279 524 1336 Praelium
550 1288 704 1367 atrox
736 1279 1114 1367 Ca‘rm‘iroviti-
1184 1287 1324 1356 1,75
1822 1281 1861 1367 2
2108 1282 2142 1367 2
2496 1281 2606 1367 liu's
2636 1283 2757 1349 ejus
2788 1282 3168 1367 Calojoannes.

172 1367 343 1415 cum,
381 1369 488 1423 quo
536 1353 711 1434 victus
743 1360 826 1407 est
873 1351 1112 1434 Franco-
1209 1351 1223 1356 ⁷
1249 1351 1261 1356 ⁷
1289 1351 1314 1356 ⁷
1472 1354 1614 1409 1125
1824 1352 1859 1404 5
2107 1351 2141 1408 8
2320 1353 2424 1408 570
2530 1351 2849 1434 Ἰὺθιόιίιηι
2887 1351 2984 1434 rex
3015 1351 3183 1406 David
3229 1351 3424 1435 Elcha-

175 1438 318 1502 tum
341 1433 399 1502 _et
434 1424 808 1502 Armeniorum
841 1431 1112 1502 exercitus
1821 1421 1863 1502 lg
2497 1439 2638 1502 zruﬁm
2662 1423 3027 1502 e_t_Melch_|urn
3055 1423 3208 1478 clade
3238 1423 3421 1502 aliient.

177 1492 387 1565 fraude
417 1509 722 1565 procerum.
754 1492 908 1548 Tunc
931 1503 986 1548 et
1015 1492 1116 1548 Ro-
1471 1494 1613 1565 1125
1829 1491 1864 1565 ξ
2075 1494 2143 1565 10
2321 1493 2426 1565 572
2570 1492 2742 1549 David
2771 1509 2867 1549 rex
2894 1493 3153 1548 Teﬂisum
3185 1495 3351 1565 capit.

175 1563 378 1637 geritis
418 1560 747 1637 —Antioc_h_i:e
792 1565 1116 1637 _pra_:fectus
1187 1568 1328 1637 476
1473 1564 1610 1618 1126

868 1565 1116 1637 rznfectus
1187 1568 1328 1637 476
1473 1564 1610 1618 1126
1825 1560 1860 1615 6
2073 1564 2136 1619 11
2320 1564 2424 1619 575

175 1633 368 1756 mplto
409 1649 530 1688 cum
569 1635 738 1690 milite
773 1633 1116 1690 desideratus

175 1717 251 1756 es
285 1744 298 1755 .

173 1717 298 1758 est.

266 1884 668 1951 lncursionum,
717 1886 1052 1956 rapinarum,
1084 1883 1372 1939 exitiorum
1418 1890 1471 1940 et
1514 1883 1771 1948 cladium,
1813 1884 2012 1955 quibus
2053 1883 2191 1939 Iberi
2223 1885 2468 1940 certatim
2510 1883 2877 1953 Saracenique
2917 1884 3250 1954 provinciam
3277 1885 3429 1940 Anim

175 1977 482 2041 vexabant,
516 1977 726 2046 ρει-ιωεὶ
756 1977 990 2048 denique
1017 1975 1167 2030 Anize
1190 1976 1343 2031 urbis
1368 1975 1702 2045 Siracizeque
1740 1976 1981 2046 regionis
2011 1977 2224 2042 incolae,
2251 1983 2310 2031 ut
2345 1977 2485 2030 hanc
2518 1991 2549 2028 a
2583 1992 2640 2032 se
2664 1976 2955 2046 procellam
2979 1975 3328 2046 depellerent,
3359 1977 3427 2032 ad

180 2055 417 2122 Davidis
449 2065 726 2121 lberorum
766 2067 909 2136 regis
955 2065 1267 2120 clientelam
1299 2064 1593 2136 confugere
1637 2065 2015 2120 decreverunt.
2069 2065 2236 2136 Igitur
2269 2067 2614 2134 conjuratum
2660 2075 2743 2121 est
2777 2067 3036 2122 adversus
3066 2068 3427 2137 Apelsuarum

186 2160 450 2224 amiram,
486 2157 750 2214 Manuciei
787 2159 974 2224 filium,
1009 2160 1101 2230 qui
1140 2159 1410 2214 exstincto
1437 2157 1574 2228 patri
1607 2157 1659 2210 in
1694 2156 1846 2211 Anize
1883 2157 2224 2212 dominatum
2259 2167 2641 2224 successerat;
2687 2157 2854 2212 David
2888 2167 3067 2214 autem
3108 2173 3202 2213 rex
3241 2170 3429 2228 paten-

189 2252 346 2306 tibus
392 2253 560 2322 portis
605 2253 660 2306 in
700 2253 888 2308 urbem
922 2261 1210 2324 receptus:
1249 2269 1356 2323 quo
1405 2253 1484 2308 sic
1512 2260 1731 2322 repente
1772 2252 2125 2324 introgresso,
2180 2268 2340 2308 nemo
2381 2253 2506 2308 vitae
2557 2253 2941 2309 detrimentum
2989 2270 3186 2324 passus
3225 2263 3326 2310 est.
3380 2253 3431 2310 ls

187 2353 414 2414 captum
444 2359 567 2398 cum
614 2344 735 2399 ﬁliis
767 2345 1125 2414 Apelsuarum
1163 2346 1216 2400 in
1248 2345 1473 2400 lberiam
1505 2360 1690 2399 secum
1727 2345 1929 2409 avexit,
1962 2345 2189 2415 locoque
2228 2345 2364 2401 adeo
2394 2346 2669 2416 pestilenti
2701 2345 2975 2415 deposuit,
3007 2356 3068 2400 ut
3097 2347 3245 2401 brevi
3279 2353 3432 2416 pater

189 2451 325 2490 cum
355 2436 535 2490 liberis
568 2435 778 2490 duobus
805 2438 1043 2506 perierit.
1082 2437 1300 2492 Interim
1360 2453 1484 2492 cum
1527 2436 1684 2490 fortis
1714 2451 1930 2507 quoque
1964 2435 2131 2490 David
2163 2446 2372 2492 natura:
2403 2437 2792 2503 concessisset,
2825 2436 3010 2492 lberis:
3038 2453 3263 2509 regnum
3299 2438 3433 2492 adiit

191 2530 501 2586 Demetrius
533 2531 774 2598 ejusdem
806 2531 967 2598 filius,
996 2533 1144 2586 omni
1185 2533 1343 2587 laude
1376 2532 1636 2602 juvenilis
1665 2532 1970 2602 disciplina:
1999 2532 2489 2589 cumulatissimus.
2522 2532 2662 2587 Tum
2705 2548 2836 2588 vero
2869 2532 3170 2587 Phatlunus
3197 2531 3432 2586 filiorum

191 2627 478 2696 Apelsuari
503 2634 632 2680 natu
661 2627 953 2684 maximus.
983 2628 1075 2698 qui
1111 2629 1298 2682 tandiu
1327 2628 1465 2698 apud
1493 2643 1744 2697 magnum
1777 2628 2002 2682 amiram
2044 2629 2096 2682 in
2129 2627 2464 2682 Chorasania
2500 2627 2906 2693 diversabatur,
2941 2628 3156 2697 cognita
3191 2627 3434 2696 parentis

190 2720 505 2773 calamitate
532 2719 892 2790 stationisque
937 2721 1097 2774 noxia
1133 2729 1350 2784 natura,
1384 2721 1437 2774 in
1475 2721 1722 2789 regiones
1765 2731 1984 2775 nostras
2023 2720 2318 2774 maturavit
2361 2719 2661 2782 incurrere,
2691 2720 3069 2790 praafectisque
3104 2721 3434 2776 suburbanis

193 2813 446 2876 devictis,
479 2815 815 2883 metropolim
846 2815 1129 2870 obsidione
1165 2815 1402 2869 vallavit.
1460 2814 1610 2868 Saeva
1651 2813 1849 2868 dehinc
1883 2813 2054 2869 fames
2095 2829 2297 2884 annum
2332 2815 2601 2884 integrum
2651 2813 2976 2883 occupavit:
3011 2829 3243 2884 cumque
3288 2817 3435 2872 cives

193 2905 269 2960 ad
296 2905 712 2975 comparandam
739 2921 918 2961 escam
948 2915 1112 2961 noctu
1144 2905 1550 2976 egrederentur,
1581 2904 1808 2960 structis
1831 2904 2048 2961 insidiis
2076 2905 2250 2959 hostis
2280 2905 2427 2960 viros
2457 2904 2675 2975 quidem
2707 2903 3016 2974 jugulabat,
3043 2904 3119 2958 ita
3155 2913 3213 2958 ut
3237 2920 3434 2961 cruore

193 3006 252 3055 et
290 2999 506 3054 ossibus
548 3006 692 3054 terra
738 3001 1028 3070 squaleret,
1077 2999 1308 3058 feminas
1347 3011 1526 3056 autem
1568 3016 1875 3071 puerosque
1916 3001 2202 3056 vendebat.
2258 2999 2365 3056 Sed
2420 3010 2601 3055 tamen
2640 2999 2933 3054 identidem
2957 3016 3020 3055 ex
3056 3000 3225 3054 Iberia
3265 2999 3434 3056 duces

196 3091 424 3146 aderant
455 3093 555 3148 viri
586 3095 808 3165 egregii,
843 3103 900 3147 ut
930 3096 1018 3150 ille
1054 3096 1236 3151 clarus
1261 3112 1323 3150 ac
1354 3106 1609 3152 strenuus
1642 3094 1829 3152 lvanes
1850 3095 2104 3150 Abulethi
2138 3096 2281 3150 filius
2308 3094 2402 3166 qui
2437 3095 2562 3149 forti
2588 3096 2776 3150 animo
2816 3095 3127 3150 incursores
3154 3095 3393 3150 czedebat
3419 3113 3431 3148 :

198 3199 436 3253 cumque
473 3183 774 3240 Phatlunus
814 3199 1004 3254 magna
1033 3186 1084 3240 vi
1126 3187 1311 3240 urbem
1351 3186 1751 3257 aggrederetur,
1785 3185 1900 3255 ipse
1930 3185 2118 3256 paucis
2146 3186 2401 3257 stipatus,
2433 3185 2818 3255 adjuvantibus
2855 3185 3085 3250 civibus,
3112 3185 3300 3239 urbem
3342 3201 3438 3255 pe-

198 3279 374 3334 riculo
408 3279 698 3352 expedivit.
731 3279 916 3350 Neque
953 3295 1082 3336 vero
1121 3281 1460 3335 reticendum
1501 3290 1581 3336 est
1614 3279 1828 3335 femina:
1865 3281 2151 3350 cujusdam
2184 3282 2236 3334 in
2267 3296 2332 3335 eo
2373 3282 2672 3336 certamine
2699 3281 2854 3335 virile
2884 3279 3117 3347 facinus,
3148 3297 3268 3351 qua:
3302 3281 3436 3336 satis

197 3375 460 3431 audacter
497 3377 769 3433 moenibus
802 3377 1063 3432 insistens
1112 3377 1349 3446 lapidum
1382 3378 1585 3432 ictibus
1620 3377 1806 3432 hostes
1844 3377 2099 3447 pellebat,
2135 3377 2349 3444 sagittis
2385 3375 2584 3446 quibus
2617 3376 2959 3448 extrinsecus
2995 3376 3278 3445 petebatur
3305 3390 3438 3429 con-

199 3471 440 3538 temptis.
466 3469 698 3525 Feminae
727 3487 921 3526 nomen
953 3471 1180 3542 Caprea,
1212 3471 1357 3542 quod
1404 3472 1522 3541 ejus
1553 3481 1670 3526 erat
1713 3471 2023 3542 pernicitati
2057 3480 2509 3527 consentaneum.
2541 3470 2929 3527 Verumtamen
2964 3486 3133 3541 regno
3155 3469 3435 3526 [berorum

196 3561 443 3614 nondum
479 3563 532 3616 in
569 3579 633 3619 ea
664 3566 795 3620 urbe
824 3566 957 3621 satis
988 3566 1332 3630 confirmato,
1366 3565 1508 3621 fame
1537 3582 1600 3621 ac
1629 3567 1870 3622 aedibus
1904 3567 1959 3621 in
1987 3568 2103 3622 dies
2143 3568 2515 3633 saevientibus,
2547 3576 2817 3638 coguntur
2851 3563 2996 3622 cives
3034 3568 3222 3621 urbem
3256 3567 3438 3622 denuo

198 3653 269 3706 ad
300 3651 550 3707 Phatluni
578 3664 898 3725 potestatem
933 3658 1250 3722 transferre,
1290 3658 1394 3713 [ide
1417 3659 1598 3728 jurata
1627 3659 1696 3714 ab
1731 3659 1921 3714 eodem
1949 3667 2193 3730 accepta,
2234 3660 2430 3729 nequid
2468 3667 2657 3713 contra
2689 3659 2860 3729 patris
2888 3658 3226 3729 fratrumque
3254 3660 3438 3730 prodi-

194 3751 353 3800 tores
383 3753 663 3802 statueret.
694 3748 751 3803 ld
777 3750 864 3804 ille
908 3750 1086 3807 fmdus
1113 3751 1216 3806 etsi
1252 3751 1306 3805 in
1339 3752 1597 3822 praesenti
1632 3768 1742 3806 non
1779 3752 2124 3817 detrectavit,
2158 3751 2518 3807 nihilominus
2557 3751 2766 3822 pacatis
2794 3751 2977 3815 rebus,
3014 3767 3108 3808 eos
3134 3755 3284 3808 vario
3329 3754 3439 3808 cri-

198 3839 562 3896 minationum
609 3858 806 3913 genere
837 3861 1124 3916 aggressus
1158 3853 1238 3901 est
1285 3854 1448 3916 atque
1479 3846 1744 3901 multavit.
1782 3847 1856 3901 Eo
1924 3855 2185 3917 regnante
2220 3864 2249 3902 a
2277 3848 2555 3902 consuetis
2585 3847 2804 3917 quidem
2840 3847 3247 3904 incursionibus
3280 3852 3436 3918 quies

201 3934 261 3987 in
292 3934 547 3990 Armenia
591 3936 714 4002 fuit,
746 3937 840 3993 sed
877 3945 990 3993 tum
1023 3939 1293 4010 praeterita
1316 3939 1536 3997 damna.
1579 3949 1692 3994 tum
1722 3941 2070 4012 vectigalium
2113 3941 2539 4011 rapinarumque
2580 3941 2663 3995 vis
2704 3955 2974 3994 summam
3009 3941 3151 4010 apud
3191 3956 3291 3995 nos
3313 3956 3440 4011 ege-

203 4037 403 4085 statem
432 4045 722 4101 rerumque
754 4031 996 4085 omnium
1034 4034 1317 4103 penuriam
1348 4034 1665 4102 eﬂ‘ecerunt,
1694 4052 1815 4108 qua:
1845 4036 2065 4107 quidem
2101 4035 2169 4090 ab
2193 4050 2257 4091 ea
2286 4049 2457 4105 usque
2482 4041 2638 4088 aetate
2667 4033 3017 4089 incrementis
3042 4041 3200 4088 aucta
3235 4035 3437 4091 nostris

207 4123 386 4178 adhuc
412 4123 744 4193 temporibus
773 4132 1099 4194 perseverat.

279 4216 348 4270 At
381 4217 522 4271 enim
555 4227 776 4273 sanctus
803 4218 1110 4287 patriarcha
1140 4219 1372 4292 fideique
1413 4221 1642 4278 antistes
1668 4219 1922 4277 dominus
1948 4218 2264 4292 Gregorius,
2293 4220 2422 4290 quia
2460 4217 2639 4273 ftedus
2662 4217 2950 4274 amicabile
2977 4233 3100 4274 cum
3136 4218 3438 4289 Apeisuaro

212 4310 432 4374 fecerat,
455 4323 564 4380 quo
591 4309 746 4365 sedes
777 4309 846 4364 ab
871 4325 938 4366 eo
959 4318 1353 4384 protegeretur,
1382 4314 1567 4370 audita
1593 4314 1650 4369 in
1677 4314 1823 4370 hunc
1845 4313 2166 4369 Aniensium
2192 4311 2622 4381 conspiratione,
2649 4311 2896 4366 criminis
2934 4311 3249 4367 auctoribus
3277 4311 3439 4367 vehe-

211 4411 419 4459 menter
449 4403 761 4461 succensuit
789 4404 888 4475 (2).

1489 4583 1629 4637 1127
1848 4584 1880 4638 7
2094 4583 2163 4639 12
2340 4582 2446 4639 574

1488 4653 1629 4707 1128
1843 4655 1878 4710 8
2091 4656 2162 4710 15
2339 4653 2446 4708 575

2091 4656 2162 4710 15
2339 4655 2407 4707 57

251 4790 311 4844 In
336 4788 561 4866 Halbata
578 4790 1137 4866 obiitinChristoma-
1206 4796 1347 4865 477
1808 4725 1878 4850 ig
2551 4794 2858 4852 Demetrius
2887 4811 2981 4852 rex
3013 4795 3434 4866 Cbarasgurum,

213 4861 952 4950 gnusAdoctorArmcr‘nioruni
973 4862 1136 4918 Joan—
1231 4861 1243 4864 “
1271 4861 1282 4865 ⁷
1319 4861 1327 4864 ⁷
1491 4862 1624 4918 1151
1809 4867 1872 4920 11
2089 4866 2156 4919 16
2336 4865 2441 4921 578
2515 4868 2606 4938 qui
2637 4883 2695 4923 se
2727 4870 2930 4950 inarce
2963 4861 3441 4950 Athabegi'_multo

215 4932 1080 5020 neicognomento§arcavacus.
1498 5004 1631 5020 HM
1816 5007 1877 5020 η
2098 5005 2163 5020 __
2340 5007 2438 5020 nn
2514 4932 2638 4992 cum
2689 4939 2861 5020 milite
2917 4932 3303 5020 ςιθιιοιιιδεῑειξἰ
3347 4953 3443 5020 ex-

285 4999 662 5090 Eedernptpris
675 5004 817 5060 aedes
833 5020 990 5088 sacra
1013 5019 1134 5090 (ίῳ-
2131 5007 2163 5090 7
2515 5010 2794 5090 pugnavit.
2822 5008 3026 5090 Eodem
3051 5023 3195 5090 anno
3238 5007 3441 5086 Abule-

215 5072 323 5152 τυίς
353 5072 503 5155 Argiae
532 5075 618 5155 die
646 5090 764 5155 xvu
787 5077 990 5132 mensis
1028 5073 1142 5130 Μελ·
1494 5075 1633 5131 1155
1812 5077 1880 5132 15
2096 5077 2163 5132 18
2340 5079 2446 5137 580
2517 5072 2644 5134 thus
2666 5087 2719 5135 et
2745 5079 2933 5155 lvan_es
2956 5077 3440 5155 hliusDamaniam

217 5142 323 5196 reri
356 5141 431 5214 (5)
459 5141 592 5198 feria
619 5146 828 5215 quinta.

2516 5160 2797 5219 ceperunt.
2859 5151 3058 5204 Eodem
3107 5151 3256 5219 item
3301 5162 3441 5200 anno

2516 5218 2706 5276 lvanes
2723 5230 2885 5291 atque
2909 5219 3198 5275 Sembatus
3230 5218 3446 5274 Chunu-

2515 5291 2604 5344 nia
2639 5293 2792 5361 potiti
2815 5299 2963 5347 sunt.

287 5351 399 5445 Hoc
438 5369 600 5445 anno!
621 5355 774 5445 obiit.
787 5355 1131 5445 clarissimus
1202 5360 1343 5429 1,78
1488 5361 1629 5417 1154
1812 5359 1836 5414 1

2073 5359 2161 5445 ,19
2339 5361 2434 5416 581
2585 5351 2891 5445 ῌιειιῒυηιιε
2924 5364 2976 5416 in
3007 5359 3206 5445 praelii).
3230 5360 3438 5439 exstin-

220 5422 408 5479 doctor
438 5424 604 5481 David
624 5426 799 5479 Alucii
826 5427 989 5482 filius.
1227 5422 1240 5428 ’
1267 5422 1280 5429 ’
1306 5422 1337 5428 ⁷
2073 5422 2105 5445 ’
2513 5433 2699 5504 guitur
2727 5449 2871 5488 anno
2896 5422 3047 5504 regni
3072 5431 3332 5504 septimo:
3367 5429 3446 5484 ei-

2512 5502 2618 5574 que
2651 5504 2895 5558 succedit
2919 5502 3230 5556 Mabmutus
3248 5502 3440 5556 frater.

286 5693 360 5770 (i)
393 5691 491 5770 ilic
525 5700 608 5748 est
636 5707 872 5770 soannes
901 5692 1304 5770 l._Comne_nus.
1411 5764 1445 5770 __
1662 5764 1677 5770 _
1879 5694 2396 5770 abamannensibus
2420 5697 2625 5762 addita,
2649 5716 2769 5770 qua:
2802 5715 2902 5756 nos
2925 5699 3092 5755 missa
3119 5700 3349 5758 fecimus

287 5764 363 5835 (2)
405 5763 500 5818 llic
544 5765 907 5833 sequebantur
953 5763 1005 5816 in
1045 5765 1202 5818 codd.
1257 5764 1483 5820 moralia
1524 5764 1770 5836 quadam
1950 5767 2026 5836 (5)
2056 5767 2167 5823 Hoc
2200 5783 2342 5826 anno
2369 5771 2642 5828 incidebat
2667 5763 2733 5828 in
2761 5771 3110 5828 Decembrem.
