3918 6216
580 273 685 332 763
1584 269 1676 325 AD
1708 266 1974 325 EUSEBII
2013 268 2127 324 Cﬂl

2160 222 2405 324 outcou
2440 264 2804 323 specuum.
3644 270 3707 333 ut

590 428 3011 459 mm

1224 427 2771 455 mm

2151 425 3698 456 *α’-Ἥ,
2242 442 2445 453 _._
2454 439 3011 453 Μ

1989 599 2407 663 ΜΟΝΙΤΠΜ.

655 799 803 877 Quae
830 807 1176 879 sequuntur
1203 798 1503 878 opuscula
1528 795 1967 875 chronologica
1995 806 2049 855 et
2073 792 2493 855 astronomica
2510 810 2647 855 cum
2668 790 2839 871 apud
2872 789 3153 851 eruditos
3179 789 3442 869 plurimi
3460 789 3671 861 valeant,
3689 801 3726 850 et

586 903 668 966 iis
697 902 877 981 quasi
907 900 1307 979 fundamento
1336 900 1629 959 nitantur
1665 897 2031 973 chronologi
2068 894 2421 958 Christiani
2448 900 2700 964 veteres,
2746 891 2927 953 nobis
2963 889 3323 969 faciendum
3360 890 3659 969 putavimus
3682 902 3727 952 ut

585 1021 656 1063 ea
678 999 1127 1068 recuderemus,
1160 996 1442 1058 studioso
1478 995 1723 1056 Lectori
1755 1001 2070 1072 acceptam
2106 994 2245 1071 fore
2288 988 2662 1069 confidentes
2711 990 2870 1051 hanc
2898 986 2981 1050 ad
3030 986 3296 1049 Eusebii
3315 986 3570 1049 Canones
3603 988 3707 1049 citro

580 1103 757 1165 nicos
785 1120 913 1162 non
933 1097 1352 1181 pamtendam
1382 1099 1764 1159 mantissam.
1794 1098 1976 1157 Enrr.

1340 1464 2034 1587 VETERUM
2125 1464 2281 1580 SC
2303 1463 3042 1581 RIPTORUM

2015 1716 2425 1781 OPUSCULA

1132 1918 2068 2019 CHRONOLOGICA
2137 1919 2290 2012 ET
2359 1874 3264 2016 ASTRONOMICA.

1490 2320 1934 2384 DIONYSIUS
1963 2320 2381 2386 pennas
2417 2322 2790 2386 LECTORI
2814 2316 2920 2403 (a).

658 2503 807 2563 Inter
831 2514 1070 2561 auctores
1100 2504 1245 2574 infra
1279 2505 1443 2560 editos
1468 2507 1670 2575 primus
1697 2516 1772 2561 est
1792 2505 2061 2569 Geminus,
2096 2510 2187 2579 qui
2210 2518 2331 2563 ante
2360 2527 2528 2565 annos
2556 2510 2780 2579 amplius
2803 2509 3161 2581 quadraginta
3190 2506 3573 2576 prodiit.Grtece
3589 2502 3731 2558 Latine-

583 2621 681 2676 que
710 2605 774 2658 ab
801 2602 981 2658 Edone
1020 2601 1323 2663 Ililderico:
1359 2604 1584 2670 scriptor
1625 2604 1867 2658 eruditus
1901 2614 1948 2660 et
1980 2606 2247 2673 antiquus.
2289 2605 2437 2659 Vixit
2480 2607 2618 2660 enim
2658 2606 2822 2662 Sulla:
2868 2623 2929 2660 ac
2959 2604 3231 2661 Ciceronis
3282 2601 3504 2661 sceculo,
3548 2607 3595 2650 ut
3620 2612 3667 2651 es
3693 2594 3732 2647 ii:

585 2706 791 2752 constat
821 2714 935 2768 quae
969 2696 1036 2751 ad
1060 2712 1178 2766 pag.
1208 2698 1272 2753 19
1306 2698 1359 2750 in
1393 2699 1531 2751 notis
1561 2696 1912 2754 observamus.
1953 2699 2144 2753 Patria
2186 2698 2449 2753 Rhodium
2484 2700 2644 2770 fuisse
2670 2702 2807 2755 inter
2832 2717 3009 2755 omnes
3041 2698 3307 2754 convenit.
3336 2698 3435 2752 Sed
3471 2688 3730 2751 Rammetin

586 2785 753 2843 Italia
777 2791 988 2849 vixisse,
1018 2806 1119 2842 non
1146 2790 1267 2843 levis
1307 2798 1383 2843 est
1415 2790 1738 2858 conjectura,
1778 2790 1952 2859 ibique
1983 2792 2420 2843 commentarium
2446 2791 2582 2845 hunc
2615 2793 2910 2861 scripsisse,
2940 2801 2998 2845 ut
3036 2794 3091 2845 in
3124 2792 3318 2846 iisdem
3353 2786 3549 2843 scholiis
3584 2782 3733 2837 aduotu-

584 2885 768 2939 vimus.
802 2885 878 2937 Ac
914 2882 990 2936 vel
1024 2883 1229 2935 nomine
1262 2883 1374 2949 ipso
1406 2880 1617 2935 Gemini
1652 2882 1784 2935 satis
1805 2880 1901 2934 hoc
1937 2882 2217 2945 evincitur,
2244 2881 2556 2936 Latinorum
2588 2900 2687 2937 usu
2717 2894 2765 2937 et
2800 2884 3111 2938 commercio
3143 2884 3471 2953 implicatum
3496 2893 3589 2932 esse
3622 2871 3730 2927 Ιισιίυ

585 2992 739 3041 nem;
765 2992 827 3030 ac
858 2973 1099 3030 libertum
1131 2974 1372 3043 fortean,
1414 2981 1507 3025 aut
1540 2972 1780 3026 clientem
1826 2972 2057 3041 alicujus
2095 2972 2259 3042 fuisse
2290 2974 2536 3042 familia',
2567 2974 2651 3027 cui
2700 2973 2966 3043 peculiare
3002 2988 3292 3041 cognomen
3354 2969 3408 3022 id
3447 2976 3581 3027 erat,
3619 2975 3732 3028 nens:

586 3072 948 3129 Serviliorum.
1004 3070 1225 3125 Proclus
1281 3070 1336 3122 in
1379 3066 1786 3123 Commentariis
1831 3068 1900 3121 ad
1944 3070 2147 3138 priores
2179 3067 2418 3122 Euclidis
2465 3069 2625 3124 libros
2678 3087 2780 3124 non
2828 3069 2987 3124 semel
3019 3068 3297 3123 Geminum
3334 3067 3536 3127 laudat,
3575 3063 3731 3130 quem!

585 3164 810 3236 Γεμῖνον
863 3173 1108 3234 perpetuo
1142 3162 1420 3224 nominat,
1471 3160 1812 3229 circumflexo
1857 3161 2148 3230 penultima
2174 3177 2192 3214 :
2235 3161 2567 3231 indidemque
2601 3163 2907 3230 colligitur,
2954 3165 3200 3230 quendam
3238 3163 3389 3215 illum
3434 3158 3491 3212 de
3536 3153 3731 3227 geomm’

586 3255 875 3321 scripsisse.
902 3254 1066 3324 Cujus
1095 3255 1247 3325 ﬁdem
1281 3252 1409 3323 facit
1439 3252 1709 3322 catalogus
1734 3251 2016 3319 librorum,
2038 3255 2128 3324 qui
2159 3270 2225 3308 ex
2257 3254 2586 3309 Barocciana
2619 3254 2930 3309 bibliotheca
2961 3271 3124 3322 nuper
3146 3256 3203 3308 iu
3234 3254 3471 3321 Angliam
3497 3247 3727 3303 avertissnt.

585 3359 713 3412 quos
738 3346 874 3399 inter
901 3344 1107 3400 Gemini
1134 3345 1264 3401 liber
1290 3360 1464 3405 exstat
1496 3350 1725 3405 nondum
1754 3351 1947 3406 editus.
1987 3351 2089 3407 Sed
2131 3362 2180 3407 et
2211 3351 2393 3407 Procli
2424 3351 2647 3423 Sphaara
2676 3352 2808 3407 nihil
2844 3352 2992 3407 aliud
3026 3360 3105 3407 est
3132 3362 3329 3421 praeter
3356 3348 3577 3418 lsagoges
3600 3338 3729 3396 σιηίιί

589 3442 769 3510 capita
798 3441 1060 3512 qutrdam,
1096 3445 1234 3514 quod
1259 3464 1354 3503 suo
1386 3447 1497 3502 loco
1533 3448 1943 3502 declaravimus.

658 3530 834 3600 Hujus
861 3552 954 3589 nos
983 3538 1277 3591 testimonio
1312 3540 1584 3615 scriptoris
1617 3553 1751 3606 sa’pe
1785 3554 1847 3592 ac
1881 3538 2100 3593 libenter
2122 3538 2209 3592 usi
2236 3555 2418 3592 sumus
2450 3538 2504 3591 in
2533 3537 2614 3592 his
2640 3554 2754 3607 qua:
2784 3540 2852 3591 ad
2893 3553 3088 3591 annum
3118 3535 3352 3599 (ἔναιε-ξαν
3379 3533 3543 3589 veteris
3564 3537 3602 3581 et
3624 3522 3720 3591 £95“

586 3625 817 3692 ptiacum
850 3639 1102 3692 spectant.
1135 3630 1277 3685 Nam
1306 3633 1369 3687 de
1397 3635 1571 3701 priore
1601 3636 1693 3688 illo
1724 3652 1875 3689 nemo
1907 3645 1985 3688 est
2005 3676 2019 3698 ,
2066 3636 2155 3705 qui
2182 3634 2493 3705 diligentius
2522 3634 2919 3703 expressiusque
2958 3635 3110 3687 verba
3164 3634 3346 3701 fecerit
3372 3674 3386 3690 .
3432 3627 3633 3705 cujusqtt
3655 3634 3726 3684 PF"

588 3725 702 3783 pter
735 3719 1099 3788 antiquitatem
1128 3732 1176 3776 et
1213 3726 1557 3780 eruditionem
1580 3728 1718 3780 ratio
1735 3724 1918 3796 major
1965 3700 2144 3781 haberi
2167 3700 2372 3780 debeat.
2407 3725 2574 3791 Quem
2589 3700 2645 3778 isi
2670 3725 2724 3777 in
2749 3700 3027 3777 consilium
3058 3700 3385 3777 adhibuisset
3421 3700 3639 3784 Scaliger,
3671 3710 3725 3757 αιί

589 3809 638 3863 si
669 3826 786 3863 eum
810 3812 1059 3865 attentius
1087 3812 1313 3883 legisset,
1349 3834 1510 3887 neque
1552 3817 1959 3888 pra’judicatam
1998 3816 2146 3869 illam
2176 3833 2328 3870 suam
2357 3814 2420 3868 de
2454 3831 2593 3868 anno
2628 3812 2809 3868 Graeco
2847 3813 3113 3884 πρόληψιν
3160 3813 3234 3867 ad
3270 3814 3411 3866 illius
3460 3800 3724 3888 tractationem

589 3901 872 3965 attulisset,
898 3920 998 3957 non
1044 3906 1140 3959 illa
1168 3907 1315 3961 nobis
1369 3886 1495 3963 anui
1524 3886 1697 3964 στεινὲὶ
1755 3917 1804 3963 et
1849 3908 2015 3961 Attici
2061 3916 2352 3961 commenta
2390 3907 2707 3975 peperisset,
2743 3922 2859 3976 quw
2895 3916 2946 3959 et
3001 3905 3389 3959 absurdissima
3425 3907 3530 3954 sunt
3564 3903 3601 3948 et
3625 3886 3722 3941 cuiu

588 4005 779 4066 pra'ter
809 4005 1023 4053 ca'teros
1057 4000 1259 4055 Gemini
1285 4005 1598 4059 auctoritate
1624 4003 1959 4068 refelluntur.
2004 4002 2154 4055 Ilunc
2180 4004 2341 4071 igitur
2367 4018 2483 4056 cum
2516 4000 2715 4054 Latina
2750 4000 3179 4069 interpretatione
3210 3996 3368 4052 veteri
3391 3993 3539 4062 primo
3562 3986 3645 4039 loco
3664 3992 3722 4045 P"

588 4093 792 4149 suimus
811 4135 827 4159 ,
856 4114 959 4167 qua
988 4099 1220 4168 profecto
1245 4098 1510 4153 meliorem
1538 4099 2010 4168 elegantioremque
2032 4096 2328 4151 merebatur
2357 4113 2376 4150 :
2416 4104 2465 4150 et
2505 4104 2619 4149 erat
2662 4095 2869 4148 animus
2905 4110 3090 4147 novam
3127 4090 3362 4161 aggredi,
3394 4084 3486 4139 nisi
3506 4083 3547 4133 in
3571 4075 3722 4141 llipyﬂ'

590 4188 743 4243 chum
771 4199 818 4244 et
848 4192 1004 4254 alios,
1033 4194 1121 4261 qui
1144 4193 1343 4246 nullam
1370 4192 1628 4247 habebant
1654 4195 1888 4259 omnino,
1918 4192 1973 4245 id
2011 4208 2178 4260 opera?
2198 4191 2434 4251 conferre
2456 4192 2624 4245 satius
2650 4206 2759 4245 esse
2776 4187 3123 4258 judicassem.
3149 4184 3335 4239 Gra'ca
3359 4194 3466 4235 vero
3493 4172 3551 4226 ad
3573 4173 3719 4261 aeterm.

592 4281 1067 4350 manuscriptorum
1097 4281 1252 4349 fidem
1289 4291 1468 4335 exacte
1500 4283 1878 4351 castigavimus
1908 4299 1924 4337 :
1957 4298 1985 4336 ε
2012 4283 2201 4352 quibus
2231 4296 2392 4334 unum
2441 4296 2594 4349 penes
2626 4298 2719 4334 nos
2754 4280 3072 4333 habebamus
3102 4276 3243 4329 haud
3275 4274 3399 4328 adeo
3425 4278 3629 4324 celerem,
3666 4248 3721 4305 θεέ

592 4383 897 4426 accuratum
928 4389 989 4425 ac
1028 4374 1281 4442 scriptum
1319 4372 1575 4441 imprimis
1629 4374 1916 4444 eleganter.
1964 4373 2113 4426 Alter
2160 4373 2213 4426 in
2255 4371 2543 4427 Oxoniensi
2592 4372 2902 4425 bibliotheca
2950 4373 3246 4441 reperitur,
3290 4377 3493 4437 quocum
3532 4353 3718 4411 editio!“

598 4458 856 4514 Hilderici
884 4459 1157 4530 diligenter
1194 4460 1414 4513 contulit
1451 4460 1709 4516 Henricus
1742 4460 2009 4531 Briggius,
2042 4460 2363 4515 Oxoniensis
2409 4463 2845 4525 mathematicus;
2880 4479 2911 4514 α
2941 4479 3042 4531 quo
3073 4462 3126 4515 id
3156 4480 3266 4517 meo
3299 4459 3490 4515 nomine
3513 4445 3717 4521 postulat“

592 4554 763 4609 Lucas
800 4554 1104 4610 Holstenius
1137 4554 1577 4625 Hamburgeusis.
1627 4556 1707 4609 vir
1733 4555 2146 4616 eruditissimus.
2170 4557 2257 4625 qui
2284 4557 2337 4610 in
2367 4557 2565 4611 illustr.
2615 4557 2817 4610 cardiu.
2875 4556 3152 4611 Barberini
3181 4558 3427 4612 comitatu
3457 4551 3596 4604 Rome
3621 4536 3718 4593 Ιιοάέι

592 4653 737 4709 vivit.
772 4652 1053 4721 Utriusque
1079 4667 1171 4720 ope
1198 4668 1261 4704 ac
1294 4651 1540 4721 beneficio
1578 4653 1845 4705 variarum
1871 4651 2147 4705 lectionum
2190 4653 2479 4706 indiculum
2510 4654 2801 4721 accepimus
2820 4693 2834 4715 ,
2859 4669 2991 4722 quas
3025 4655 3207 4722 paucis
3254 4651 3467 4721 exceptis
3494 4640 3651 4699 totidem
3681 4631 3715 4683 ίι

594 4754 776 4802 nostro
800 4744 974 4799 codice
1000 4743 1446 4813 deprehendimus.
1486 4742 1840 4809 Quamobrem
1868 4742 2120 4814 quidquid
2150 4745 2206 4798 in
2238 4761 2369 4798 nova
2405 4744 2502 4797 hac
2542 4743 2767 4799 editione
2801 4742 3005 4799 Gemini
3031 4745 3189 4800 aliter
3220 4758 3371 4816 atque
3400 4744 3449 4797 in
3476 4732 3715 4816 priora“?

594 4840 739 4896 diose
768 4839 953 4896 Lector
971 4880 987 4905 ,
1017 4839 1315 4909 offenderis,
1348 4839 1404 4893 id
1427 4854 1490 4893 ex
1519 4838 1793 4894 amborum
1819 4840 2146 4895 auctoritate
2169 4847 2219 4894 et
2249 4855 2501 4895 consensu
2534 4841 2873 4894 immutatum
2901 4856 3013 4895 esse
3039 4842 3201 4896 scias.
3231 4813 3340 4895 Nec
3367 4848 3523 4905 pauca
3547 4837 3632 4881 ιντο
3655 4813 3714 4868 lu‘

595 4938 739 4995 sunt,
773 4946 931 5000 neque
959 4930 1119 4995 levia,
1153 4939 1233 4994 ut,
1262 4932 1350 5000 qui
1380 4928 1562 4983 ambas
1584 4929 1786 5001 legerit,
1812 4942 2079 5002 agnoscet.

666 5018 799 5074 Post
832 5017 1105 5073 Geminum
1157 5019 1431 5075 Ptolemwi
1464 5020 1595 5074 liber
1623 5001 1857 5091 sequitur
1885 5063 1901 5087 ,
1947 5023 2038 5091 qui
2070 5021 2212 5075 Φάσε

2163 5037 2271 5084 ἐις
2300 5020 2557 5075 ἀπλανῶν
2585 5020 2967 5093 ἐπισημασιῶν
3001 5023 3056 5076 in
3085 5023 3298 5094 antiquo
3326 5020 3483 5076 codice
3521 5001 3710 5065 ius"le

596 5113 785 5185 pgitur
808 5150 824 5175 ,
862 5113 942 5165 uti
963 5127 1056 5164 nos
1083 5110 1362 5168 edidimus.
1399 5113 1568 5184 Hujus
1594 5115 1741 5171 nobis
1777 5118 1986 5184 copiam
2016 5116 2218 5171 amicus
2250 5115 2463 5186 quidam
2492 5116 2647 5185 fecit,
2695 5118 2785 5187 qui
2810 5132 2875 5171 ex
2916 5118 3131 5188 antiquo
3167 5120 3339 5173 codice
3373 5128 3477 5169 eum
3509 5096 3709 5163 desciit”

594 5213 699 5257 rat.
736 5202 1085 5273 Eumdemque
1106 5214 1220 5273 post
1242 5206 1529 5261 invenimus
1558 5208 1613 5261 in
1641 5207 1799 5279 Regia
1828 5209 2176 5272 bibliotheca;
2223 5217 2272 5262 et
2315 5226 2348 5263 a
2385 5209 2454 5264 el.
2495 5210 2558 5264 V.
2597 5208 2664 5264 D.
2696 5208 2928 5266 Nicolao
2968 5210 3201 5282 Rigaltio
3230 5211 3455 5267 utendum
3477 5193 3706 5265 ατεεΡῘ¹¹¹¹⁸⁹

595 5310 661 5349 cx
686 5312 785 5365 quo
811 5296 969 5349 etiam
996 5312 1099 5349 non
1128 5312 1296 5363 pauca
1316 5301 1709 5368 castigavimus.
1738 5301 1813 5355 De
1831 5300 1989 5370 hujus
2009 5312 2221 5355 auctore
2243 5300 2369 5372 quid
2394 5301 2574 5355 dicam
2599 5300 2732 5355 nihil
2768 5300 2955 5363 habeo.
2977 5312 3168 5370 prieter
3190 5321 3250 5358 en
3272 5319 3381 5375 qui:
3405 5300 3452 5351 in
3479 5288 3707 5375 notis

596 5388 695 5441 sui.
735 5385 834 5442 Cui
859 5387 1065 5458 quidem
1094 5386 1422 5443 Kalendaria
1446 5390 1677 5460 ejusdem
1711 5369 2007 5462 argumenti
2037 5369 2281 5461 subjecta
2314 5399 2438 5443 sunt
2466 5391 2591 5445 tria.
2626 5389 2873 5443 Primum
2902 5369 2983 5446 est
3021 5392 3118 5446 sub
3158 5369 3294 5462 falso
3316 5387 3497 5444 nomine
3516 5369 3700 5462 Pw!!!"

595 5478 792 5535 editum
823 5498 855 5536 a
887 5480 1130 5548 Leonico,
1157 5498 1185 5537 e
1226 5459 1507 5554 ercoque
1536 5459 1888 5549 translatum;
1924 5501 2081 5556 quam
2123 5459 2413 5540 miscellam
2456 5500 2570 5539 esse
2604 5486 3010 5541 tumultuariam
3060 5502 3125 5542 ex
3159 5459 3317 5542 variis
3361 5459 3701 5552 parammwm

671 5655 744 5727 (a)
786 5656 858 5711 De
879 5656 1119 5713 doctrina
1137 5642 1459 5729 temporum,
1500 5667 1539 5715 t.
1572 5659 1659 5725 ΙΙΙ,
1686 5658 1838 5715 Praef.
