4008 6204
257 312 349 370 745
1687 317 1840 374 MONI

1890 319 2023 375 'UM:
3373 323 3473 378 756

255 435 556 503 confectam,
595 451 697 487 non
727 434 882 488 semel
909 435 964 488 in
994 434 1455 490 dissertationibus
1487 437 1830 491 ostendimus.
1877 436 1942 491 In
1976 453 2074 508 quo
2100 436 2358 489 ridiculus
2387 446 2464 489 est
2493 435 2800 490 Solimaaus
2830 443 3174 503 exercitator,
3201 457 3292 508 qui
3339 460 3473 499 nunc

259 528 476 581 libellum
501 529 774 582 aureolum
808 529 861 582 in
888 546 985 582 sua
1016 530 1283 600 farragine
1315 530 1690 585 Plinianarum
1726 531 2191 586 Exercitationum
2229 531 2499 594 nominat;
2532 546 2595 584 ex
2623 547 2723 600 quo
2761 532 2896 588 nihil
2924 535 3053 586 certi
3083 534 3320 604 bonique,
3354 552 3477 605 pro-

257 630 356 686 pter
400 620 793 688 confusionem,
838 631 888 678 et
921 632 1198 677 auctorum
1244 614 1576 694 locorumque
1607 627 1773 679 tacita
1804 626 2090 689 vocabula,
2127 627 2313 680 harum
2352 642 2525 680 rerum
2559 625 2826 682 studiosus
2870 625 3128 695 colligat:
3157 624 3247 678 sed
3287 625 3479 680 habent

259 712 438 765 similes
461 712 613 766 labra
644 713 898 769 lactucas.
929 715 1133 770 Alteros
1164 714 1359 769 Fastos
1387 732 1452 770 ex
1481 716 1674 779 Ovidii,
1706 715 2014 771 Columella:
2046 717 2312 788 Pliniique
2354 716 2506 774 libris
2541 719 2970 772 concinnavimus
3002 715 3123 781 ipsi,
3154 716 3248 782 qui
3292 713 3474 770 Julia-

263 819 427 855 norum
456 805 630 857 instar
654 821 763 858 esse
790 816 998 875 queant.
1027 806 1110 858 Ea:
1147 804 1412 876 Sosigenis
1440 808 1600 872 enim,
1629 808 1708 860 vel
1732 807 1867 861 Julii
1903 807 2133 862 Caesaris
2180 816 2548 878 parapegmate
2573 849 2586 872 ,
2638 825 2726 861 nec
2756 807 3054 862 uniusmodi
3093 807 3317 876 fortasse
3341 847 3355 874 ,
3397 809 3475 861 uti

266 898 374 950 libro
403 914 438 950 ιι
475 896 762 953 Variarum
796 902 1106 965 docuimus;
1143 911 1380 955 auctores
1412 903 1492 955 illi
1520 903 1858 970 phaznomena
1892 920 1990 957 sua
2020 904 2450 972 perscripserunt.
2485 901 2589 968 Qui
2616 913 2791 958 noster
2833 902 2982 957 labor
3013 919 3115 956 non
3161 918 3349 970 parum
3380 918 3468 955 eos

266 991 529 1057 adjucabit,
544 993 634 1061 qui
657 1001 831 1059 poetas
854 993 1086 1062 aliosque
1107 996 1380 1063 scriptores
1412 996 1466 1048 in
1491 1013 1675 1050 manus
1693 997 2047 1065 sumpserint;
2082 995 2171 1048 ubi
2194 997 2471 1050 orientium
2484 996 2564 1050 vel
2586 995 2929 1049 occidentium
2957 996 3231 1049 stellarum
3252 997 3312 1064 ﬁt
3341 1011 3471 1048 non-

264 1087 388 1141 nulla
418 1090 935 1157 mentio,praesertim
957 1094 1004 1145 si
1033 1090 1100 1144 ad
1117 1108 1268 1146 usum
1295 1091 1611 1146 Kalendarii
1646 1093 1820 1159 istius,
1845 1091 1972 1146 libri
2001 1094 2156 1161 primi
2184 1094 2452 1146 variarum
2475 1092 2904 1146 dissertationum
2938 1101 3241 1146 nostrarum
3267 1088 3466 1144 doctri-

262 1197 364 1232 nam
394 1180 758 1248 adjunxerint.
788 1181 1018 1236 Tertium
1055 1193 1134 1239 est
1172 1183 1559 1238 Kalendarium
1594 1184 1930 1239 Constantini
1959 1184 2036 1238 Μ.
2067 1203 2097 1236 a
2128 1183 2337 1240 Joanne
2371 1183 2649 1240 Herwarto
2678 1185 2803 1239 olim
2830 1182 3047 1250 editum,
3073 1183 3221 1253 cujus
3248 1197 3469 1235 enarra-

259 1271 430 1322 tionem
453 1272 480 1323 ὁ
513 1272 820 1343 μακαρίτης
861 1272 1210 1344 Hieronymus
1240 1275 1539 1329 Alexander
1568 1276 1792 1328 scribere
1825 1276 2146 1330 instituerat.

316 1361 512 1416 Exinde
543 1365 762 1418 Achillis
801 1364 942 1418 Tatii
984 1375 1032 1419 et
1066 1365 1354 1435 Hipparchi
1387 1366 1551 1420 libros
1585 1367 1906 1429 addidimus,
1935 1384 2063 1436 quos
2105 1366 2280 1420 Graece
2305 1369 2504 1436 primus
2551 1386 2578 1421 e
2612 1367 2843 1421 Medicea
2895 1367 3205 1420 bibliotheca
3237 1364 3466 1435 vulgavit

255 1452 424 1507 Petrus
466 1454 750 1518 Victorius,
786 1473 878 1510 nos
909 1455 1126 1511 Latinos
1151 1460 1389 1526 fecimus.
1430 1458 1506 1512 Ac
1548 1459 1804 1526 principio
1834 1459 2041 1527 quidem
2071 1458 2242 1512 solum
2268 1457 2501 1518 .Tatium
2533 1459 2766 1526 conferre
2795 1459 2849 1510 in
2877 1458 3186 1510 Auctarium
3222 1456 3316 1509 hoc
3371 1473 3467 1509 no-

252 1555 397 1599 strum
430 1547 724 1610 voluimus;
751 1558 864 1616 post
900 1548 963 1603 de
984 1549 1282 1616 Hipparcho
1311 1568 1510 1622 quoque
1530 1552 1826 1604 remisimus
1849 1551 2123 1604 doctorum
2145 1549 2495 1616 quorumdam
2523 1551 2814 1604 amicorum
2846 1550 3103 1620 precibus.

311 1647 372 1696 In
398 1644 617 1699 Achillis
660 1647 1047 1700 commentariis
1083 1647 1337 1700 nonnulla
1368 1657 1489 1701 sunt
1518 1647 1808 1718 περίεργα,
1835 1662 1897 1699 ac
1929 1647 2139 1700 minime
2172 1647 2489 1707 necessaria,
2521 1648 2677 1713 plura
2710 1657 2883 1699 tamen
2919 1644 3052 1695 scitu
3085 1659 3186 1696 non
3225 1641 3460 1712 indigna.

251 1735 309 1790 In
333 1739 513 1806 quibus
537 1756 652 1809 qui:
672 1750 819 1794 erant
849 1741 1036 1792 menda
1066 1741 1261 1810 corrigi
1286 1758 1387 1794 non
1418 1750 1716 1810 potuerunt,
1741 1740 1879 1808 quod
1918 1739 2120 1794 nullum
2154 1749 2293 1793 vetus
2323 1739 2590 1806 exemplar
2613 1777 2628 1802 ,
2674 1754 2774 1806 quo
2799 1737 3112 1802 niteremur,
3145 1739 3211 1788 ad
3240 1751 3453 1788 manum

248 1829 359 1895 fuit.

309 1921 592 1991 Hipparchi
627 1939 740 1976 vero
771 1923 895 1976 libri
938 1925 1119 1976 multis
1155 1924 1209 1977 in
1237 1924 1363 1977 locis
1392 1922 1656 1977 emendati
1685 1932 1827 1988 sunt,
1861 1941 1963 1978 non
1998 1939 2061 1978 ea:
2086 1926 2387 1994 conjectura
2418 1926 2610 1989 solum,
2633 1939 2768 1993 qum,
2801 1921 2890 1976 ubi
2913 1938 3040 1992 opus
3064 1923 3186 1991 fuit,
3223 1921 3290 1972 ad
3313 1935 3460 1972 mar-

242 2017 394 2084 ginem
418 2017 651 2083 ascripta
683 2027 780 2081 est,
809 2017 1243 2086 quemadmodum
1276 2027 1324 2071 et
1358 2019 1412 2071 in
1455 2017 1658 2072 cteteris
1698 2018 1934 2087 fecimus,
1961 2018 2051 2072 sed
2090 2019 2248 2072 etiam
2274 2035 2338 2073 ex
2375 2020 2589 2082 antiquo
2620 2017 2937 2071 bibliotheca:
2961 2015 3132 2084 Regia:
3161 2015 3314 2077 libro,
3337 2013 3457 2081 pul-

240 2113 478 2168 cherrime
509 2115 725 2181 scripto,
750 2129 898 2182 quem
929 2115 1076 2168 nobis
1107 2114 1174 2167 cl.
1217 2113 1278 2167 V.
1305 2114 1374 2169 D.
1410 2112 1670 2184 Rigaltius
1701 2115 2068 2168 commodavit.
2105 2113 2182 2167 Eo
2211 2125 2474 2182 pra’eunte
2523 2115 2686 2178 libro,
2744 2108 2996 2180 quidquid
3027 2123 3192 2170 secus,
3219 2116 3370 2173 atque
3405 2105 3459 2156 in

239 2202 540 2259 Florentino
567 2207 812 2270 editione,
835 2208 888 2260 in
921 2206 1018 2260 hac
1055 2217 1239 2260 nostra
1267 2205 1419 2276 leges,
1451 2206 1840 2273 conformatum
1866 2222 1977 2260 esse
2010 2207 2326 2260 memineris.
2362 2208 2676 2261 Asterismos
2706 2212 2901 2265 autem,
2939 2217 3072 2272 quos
3103 2201 3196 2254 sub
3226 2198 3459 2267 Hippar-

239 2298 308 2352 chi
340 2300 547 2353 nomine
572 2300 755 2353 eadem
797 2297 1111 2353 Florentina
1149 2299 1310 2353 editio
1353 2301 1600 2366 continet,
1627 2300 1862 2353 consulto
1889 2301 2343 2367 prwtermisimus.
2389 2299 2512 2354 Non
2547 2300 2686 2354 enim
2719 2295 3006 2365 Hipparchi
3035 2305 3177 2357 sunt,
3210 2294 3299 2347 sed
3327 2292 3457 2346 Pto-

236 2386 411 2453 lemtti,
440 2404 473 2440 a
504 2387 656 2456 cujus
686 2387 866 2440 tabula
895 2388 1080 2457 paucis
1112 2387 1376 2440 interdum
1402 2388 1617 2442 minutis
1644 2389 1964 2456 discrepant.
2005 2387 2192 2457 Itaque
2230 2404 2669 2458 supervacaneum
2702 2403 2812 2448 erat
2845 2395 2967 2448 illos
2981 2394 3258 2452 ,recudere.

297 2475 536 2532 Succedit
578 2479 661 2532 his
694 2477 851 2533 Gazce
896 2478 1026 2532 liber
1061 2477 1138 2534 De
1172 2480 1455 2536 mensibus
1498 2479 1692 2537 Atticis
1715 2521 1730 2546 ι
1779 2497 1898 2534 cum
1928 2479 2126 2534 Latina
2175 2482 2405 2536 versione
2429 2481 2660 2537 Joannis
2691 2483 2917 2539 Perrelli
2945 2495 3066 2540 ante
3117 2494 3320 2540 centum
3351 2485 3456 2553 fere

234 2584 387 2622 annos
421 2568 590 2625 edita.
863 2577 867 2584 '

295 2664 419 2718 Tum
457 2664 517 2720 S.
549 2663 777 2720 Maximi
797 2668 1042 2736 martyris
1082 2668 1402 2736 Computus,
1430 2682 1580 2735 quem
1613 2681 1640 2719 e
1679 2663 1933 2720 Vaticana
1972 2665 2283 2720 bibliotheca
2321 2666 2716 2721 deseribendum
2751 2665 2950 2720 curavi.
2986 2665 3161 2732 Hujus
3207 2674 3452 2740 excerpta

231 2757 456 2818 quadam
483 2757 741 2828 Josephus
789 2759 1026 2831 Scaliger
1053 2761 1194 2830 operi
1237 2759 1310 2814 De
1339 2758 1717 2814 emendatione
1747 2767 2048 2830 temporum
2092 2761 2416 2822 inseruerat;
2468 2769 2518 2812 et
2565 2759 2808 2813 uberibus
2838 2759 2974 2812 notis
3006 2755 3176 2810 Crwci
3219 2749 3452 2819 comput‘

233 2851 512 2904 doctrinam
535 2851 825 2920 explicarat
851 2871 870 2907 :
898 2870 1014 2924 qua:
1046 2870 1146 2916 res,
1169 2854 1247 2906 uti
1275 2862 1465 2906 cwtera
1498 2850 1642 2904 illius
1665 2852 1852 2918 operis,
1876 2852 1924 2904 ei
1951 2851 2231 2921 infeliciter
2264 2851 2534 2915 successit,
2575 2861 2635 2904 ut
2676 2867 2739 2906 ea:
2761 2849 3143 2904 dissertatione
3170 2856 3356 2902 nostra
3377 2845 3452 2901 De

232 2946 528 3000 Graecorum
557 2946 682 3002 teris
709 2961 772 3000 ac
805 2946 1071 3016 computis
1100 2943 1334 2999 eruditus
1361 2946 1523 2997 lector
1546 2941 1818 3013 intelliget.
1851 2943 2149 3013 Adjecimus
2178 2951 2227 2998 et
2262 2941 2442 2997 Isaaci
2460 2941 2654 3013 Argyri
2684 2951 2983 3011 computum
3016 2938 3299 3009 duplicem,
3325 2954 3455 3008 quo-

234 3053 339 3089 rum
361 3040 505 3107 prior
533 3056 570 3092 a
596 3035 794 3092 Jacobo
823 3036 1195 3092 Christmanno
1237 3037 1464 3105 primum
1491 3034 1667 3090 Gratce
1707 3044 1948 3106 vulgatus
1977 3046 2090 3100 est;
2122 3053 2216 3091 nos
2243 3035 2432 3090 Latine
2458 3037 2726 3102 vertimus,
2758 3045 2806 3090 et
2848 3035 3189 3103 posteriorem
3214 3031 3452 3101 ejusdem

232 3137 514 3195 computum
542 3143 607 3181 ex
631 3125 1068 3182 Christianissimi
1095 3129 1231 3197 regis
1250 3125 1558 3179 bibliotheca
1587 3123 1899 3184 subiecimus
1923 3125 2166 3196 beneﬁcio
2199 3126 2266 3182 cl.
2305 3127 2364 3182 V.
2403 3124 2618 3180 Nicolai
2648 3125 2886 3197 Rigaltii.
2921 3127 3156 3182 Accessit
3187 3124 3449 3180 cerbrevis

237 3219 441 3274 Andrew
471 3218 732 3274 Cretensis
763 3228 1036 3290 computus
1072 3220 1199 3273 olim
1231 3218 1299 3272 ad
1339 3235 1431 3273 nos
1458 3235 1490 3271 a
1522 3217 1586 3270 P.
1622 3218 1833 3274 Andrea
1861 3217 2075 3274 Schotto
2106 3221 2330 3285 missus,
2367 3235 2518 3290 quem
2555 3235 2621 3274 ea:
2662 3217 2920 3274 Vaticana
2950 3237 3004 3274 se
3031 3217 3288 3288 accepisse
3312 3219 3452 3272 scri-

238 3322 367 3380 ptum
391 3314 619 3385 reliquit.

1007 3444 3466 3479 __.___._____________________________..

1485 3544 1684 3598 ΠΕΡΙ
1761 3547 2194 3600 ΙΠΠΑΡΧΟΥ

1625 3667 1690 3718 ὲκ
1717 3665 1824 3718 τῶν
1857 3667 2065 3720 Σουΐδα.

1323 3778 1691 3838 HIPPARCHI
1729 3777 2038 3834 ELOGIUM
2089 3777 2132 3831 Ε
2175 3776 2400 3833 SUIDA.

298 3915 584 3990 ἰππαρχος
634 3916 868 3981 Νικαεὺς
920 3917 1223 3988 φιλόσοφος,
1265 3917 1503 3987 γεγονὼς
1543 3918 1635 3970 ἐπὶ
1675 3915 1782 3967 τῶν

1961 3914 2302 3985 Hipparchus
2348 3915 2598 3972 Nicsenns
2645 3916 3029 3987 philosophus,
3077 3919 3171 3990 qui
3216 3919 3320 3973 fuit
3346 3923 3448 3978 sub

234 4007 460 4076 ὑπάτων,
509 4011 714 4082 ἔγραψε
753 4011 892 4079 Περὶ
941 4010 1058 4064 τῶν
1085 4011 1330 4081 Ἀράτου
1387 4010 1778 4080 Φαινομένων,

1889 4008 2223 4072 consulibus,
2258 4008 2476 4078 scripsit
2504 4007 2580 4062 De
2604 4010 2756 4062 Arati
2792 4010 3165 4080 phtenomenis,
3210 4011 3287 4066 De
3320 4014 3446 4067 stel-

234 4102 482 4172 περὶτῆς
507 4103 620 4158 τῶν
639 4102 922 4160 ἀπλανῶν
953 4103 1312 4170 συντάξεως,
1339 4104 1434 4158 καὶ
1468 4103 1573 4156 τοῦ
1601 4117 1778 4158 κατα-

1890 4100 2060 4152 larum
2083 4101 2431 4154 inerrantium
2455 4101 2843 4166 constitutione,
2876 4113 2926 4157 et
2955 4103 3171 4157 immota
3192 4105 3445 4169 statione;

230 4199 568 4267 στηριγμοῦ·
604 4199 738 4267 περὶ
777 4196 884 4266 τῆς
918 4197 1066 4251 κατὰ
1105 4199 1330 4263 πλάτος
1351 4198 1628 4267 μηνιαίας
1672 4193 1778 4262 τῆς

1886 4191 1965 4245 De
1993 4201 2256 4246 menstruo
2291 4193 2429 4247 luna:
2463 4203 2605 4246 motu
2636 4193 2918 4248 secundum
2951 4195 3300 4263 latitudinem,
3323 4196 3450 4250 etin

230 4285 481 4357 σελήνης
509 4289 823 4360 κινήσεως,
853 4289 952 4342 καὶ
979 4292 1067 4356 εις
1094 4290 1234 4355 τοὺς
1269 4290 1684 4358 ἀστερισμούς.

624 4289 823 4360 ἧσεως,
853 4289 952 4342 καὶ
979 4292 1067 4356 εις
1094 4290 1234 4355 τοὺς
1269 4290 1684 4358 ἀστερισμούς.
1887 4286 2207 4340 asterismos.

1810 4404 1870 4424 υ..-

1394 4491 1551 4542 ΠΕΡΙ
1599 4485 1942 4540 ΑΧΙΛΛΕΩΣ
1983 4484 2276 4538 ΣΤΑΤΙΟΥ

1337 4649 1343 4658 .
1622 4607 1686 4658 ἐκ
1723 4601 1815 4658 τοῦ
1852 4599 2034 4654 αὐτοῦ.

1247 4719 1352 4789 [DE
1389 4719 1680 4774 ACHILLE
1719 4718 1975 4774 STATIO
2014 4717 2104 4771 EX
2145 4717 2414 4774 EODEM.'

304 4839 564 4911 Ἀχιλλεὺς
581 4842 822 4908 Στάτιος,
840 4841 1231 4912 Ἀλεξανδρεὺς,
1255 4845 1282 4896 ὁ
1304 4843 1518 4912 γράψας
1538 4843 1604 4896 τὰ
1630 4844 1779 4897 κατὰ

1955 4839 2191 4895 Achilles
2213 4837 2439 4903 Statius,
2473 4837 2872 4895 Alexandrinus
2896 4878 2912 4907 ,
2939 4839 3032 4908 qui
3069 4839 3145 4894 De
3185 4838 3441 4914 Leucippe

228 4933 564 5002 Λευκίππην
591 4933 688 4986 καὶ
715 4931 1146 5002 Κλειτοφῶντα,
1186 4934 1277 4986 καὶ
1299 4933 1430 4987 ἄλλα
1453 4933 1689 5002 ἐρωτικὰ
1721 4933 1779 4985 ἑν

1884 4941 1932 4986 et
1972 4930 2304 4998 Clitophonte
2325 4929 2565 5000 scripsit,
2593 4937 2647 4984 et
2678 4929 2784 4984 alia
2807 4930 3073 4984 amatoria
3103 4931 3256 4988 libris
3283 4941 3437 4997 octo;

229 5018 436 5088 βιϐλίοις
463 5032 532 5096 η’,
564 5024 784 5094 γέγονεν
820 5023 1044 5094 ἔσχατον
1072 5023 1390 5095 Χριστιανὸς
1431 5022 1524 5074 καὶ
1551 5022 1778 5075 ἐπίσκο·

1881 5023 2097 5078 tandem
2134 5021 2309 5076 factus
2340 5028 2424 5078 est
2464 5020 2808 5076 Christianus
2853 5028 2906 5076 et
2951 5024 3260 5094 episcopus.
3296 5023 3444 5078 Scri-

229 5129 336 5176 πος.
366 5117 608 5190 Ἔγραψε
636 5117 692 5170 δὲ
715 5117 852 5185 Περὶ
896 5116 1174 5186 σφαίρας,
1231 5115 1329 5168 καὶ
1361 5113 1775 5183 ἐτυμολογίας,

1906 5114 1986 5168 psit
2015 5113 2087 5167 De
2115 5113 2340 5183 sphtera,
2365 5121 2419 5168 et
2439 5113 2795 5184 Etgmologia,
2823 5122 2877 5170 et
2903 5115 3198 5170 Historiam
3236 5116 3445 5170 miscel—
3487 5189 3489 5193 ι

230 5207 314 5260 καὶ
351 5211 629 5280 Ἱστορίαν
649 5212 1001 5281 σύμμικτον,
1039 5208 1244 5262 πολλῶν
1277 5208 1371 5260 καὶ
1402 5206 1649 5277 μεγάλων
1683 5208 1776 5258 καὶ

1877 5205 2088 5262 laneam
2107 5223 2126 5271 ;
2161 5220 2280 5276 qua:
2314 5206 2629 5270 multorum,
2657 5214 2710 5260 et
2733 5222 3050 5277 magnorum
3071 5248 3086 5273 ,
3118 5217 3173 5264 et
3207 5208 3444 5263 admira-

232 5291 526 5367 θαυμασίων
546 5300 750 5370 ἀνδρῶν
775 5297 1232 5371 μνημονεύουσαν.
1268 5297 1329 5352 Ὀ
1351 5296 1406 5349 δὲ
1434 5295 1590 5365 λόγος
1610 5294 1776 5348 αὐτοῦ

1878 5299 2068 5354 bilium
2103 5299 2344 5354 virorum
2390 5298 2722 5355 mentionem
2771 5299 2922 5356 facit.
2953 5299 3126 5370 Ipsius
3153 5316 3281 5356 vero
3306 5316 3445 5368 ,σηι-

233 5390 358 5442 uti
380 5391 553 5445 πάντα
573 5393 755 5462 ὅμοιος
779 5395 888 5455 τοῖς
909 5393 1210 5463 ἐρωτικοῖς.

1877 5391 1955 5446 tio
1986 5391 2044 5447 in
2097 5391 2348 5447 omnibus
2404 5406 2630 5462 prorsus
2676 5399 2762 5447 est
2799 5394 3078 5448 amatoriis
3106 5394 3443 5450 orationibus

1879 5482 2096 5538 similis.

298 5569 532 5654 Heminit
555 5586 604 5628 et
633 5576 850 5654 Achillis
889 5575 1027 5654 Tatii
1058 5575 1275 5654 fltotius
1307 5574 1420 5654 cod.
1456 5590 1694 5654 Lx_xxv1_t,
1725 5576 1814 5629 ubi
1835 5594 1936 5654 non
1962 5580 2188 5654 Στάξων
2217 5590 2386 5654 vocat,
2420 5581 2511 5654 sed
2549 5582 2762 5654 Τάτιον,
2791 5583 3226 5654 quemadmodum
3258 5592 3307 5636 et
3335 5582 3448 5636 Pa-

239 5636 414 5722 latinus
439 5647 866 5722 codex/iubebat,
895 5645 1028 5722 unde
1050 5645 1399 5722 Clitophontis
1427 5655 1477 5697 et
1511 5636 1794 5722 Leucippes
1821 5649 2038 5722 Amores
2065 5636 2417 5722 Commelinus
2447 5652 2630 5711 edidit.
2665 5636 2816 5708 Nam.
2833 5636 3008 5708 altera
3033 5636 3098 5708 ea:
3118 5671 3294 5708 errore
3325 5669 3448 5722 pro-

239 5708 354 5776 fecta
383 5715 534 5768 lectio
573 5716 789 5782 videtur,
825 5718 1039 5783 repetita
1062 5732 1330 5785 perperam
1363 5715 1537 5770 littera
1568 5715 1606 5767 Σ
1626 5708 1689 5770 ei:
1703 5708 1877 5786 priori
1901 5721 2126 5787 nomine,
2168 5720 2468 5786 unum.

456 5812 727 5871 ΡΑτιιοι..
759 5809 874 5872 Gn.
911 5812 1061 5874 XIX

3053 5820 3124 5876 ἓν
