4008 6204
479 295 584 353 747

1457 284 1544 339 AD
1583 283 1850 340 EUSEBII
1890 280 2281 340 CHRONICON
2315 279 2682 338 APPENDIX.

3600 277 3728 337 74η

477 477 3725 522 _____________________________________.

1364 635 2042 760 ΓΕΜΙΝΟΥ
2114 636 2862 750 ΕΙΣΑΓΩΓΗ

1751 852 1858 906 ΕΙΣ
1876 919 1883 922 _
1899 852 1987 905 TA
2028 851 2444 906 ψΑιΝοΜΕΝΑ.

1038 1209 1466 1303 GEMINI
1557 1205 2033 1296 ELEMEN

2137 1202 2196 1293 A
2281 1199 3142 1295 ΑΞΤΒΟΝΟΜΙᾹΞ.

1555 1421 1908 1510 Interprete
1940 1427 2159 1492 Edone
2198 1424 2525 1488 Hilderico
2557 1425 2631 1486 D.

1035 1729 1082 1802 ι
1136 1728 1362 1786 CAPUT
1397 1729 1439 1784 ι.

515 1842 810 1901 ’Ζοάίοουε
841 1841 1079 1898 circulus
1125 1842 1177 1896 in
1209 1841 1490 1896 duodecim
1541 1841 1799 1898 dividitur
1840 1853 2040 1914 partes,

434 1958 438 1963 ·
475 1944 637 2007 atque
671 1936 864 1991 horum
894 1941 1312 2004 segmentorum
1344 1935 1773 2005 unumquodque
1812 1952 2038 2006 genera-

477 2029 598 2082 liter
643 2027 860 2098 quidem
900 2035 1130 2080 vocatur
1175 2024 1674 2090 dodecatemorion,
1713 2027 1764 2079 id
1798 2035 1880 2082 est
1911 2043 2037 2098 pars

475 2118 822 2179 duodecima,
858 2116 1168 2185 specialiter
1200 2131 1328 2170 vero
1356 2116 1568 2186 signum
1609 2135 1623 2171 :
1658 2117 1820 2187 idque
1849 2133 1879 2172 a
1913 2121 2041 2174 stel-

475 2208 562 2269 lis,
592 2221 726 2276 quas
761 2208 1022 2269 continet,
1069 2213 1125 2260 et
1153 2221 1183 2258 a
1219 2207 1416 2275 quibus
1457 2207 1620 2261 etiam
1670 2218 1874 2264 certam
1923 2209 2038 2264 elli-

446 2298 613 2368 giem
667 2298 910 2352 sortitur.
970 2298 1109 2351 Sunt
1137 2308 1315 2352 autem
1355 2299 1469 2352 haec
1496 2299 1778 2353 duodecim
1828 2300 1979 2370 signa
2022 2320 2035 2356 :

471 2391 649 2453 Aries,
685 2389 920 2452 Taurus,
955 2389 1191 2455 Gemini,
1223 2391 1451 2456 Cancer,
1475 2389 1601 2455 Leo,
1634 2389 1818 2462 Virgo,
1854 2391 2036 2458 Libra,

476 2478 756 2550 Scorpius,
811 2479 1174 2550 Sagittarius,
1216 2480 1620 2552 .Capricornus,
1665 2482 1938 2554 Aquarius
1983 2492 2040 2538 et

472 2571 680 2627 Pisces.

542 2661 750 2718 Dicitur
788 2661 999 2732 signum
1053 2663 1264 2718 duobus
1312 2665 1526 2720 modis:
1567 2682 1696 2730 uno,
1736 2667 2036 2722 secundum

479 2771 641 2825 quem
670 2764 756 2810 est
784 2755 1106 2812 duodecima
1151 2771 1274 2826 pars
1305 2757 1512 2811 zodiaci
1547 2777 1559 2812 :
1591 2772 1711 2827 qua:
1751 2765 1835 2812 est
1870 2759 2040 2813 inter-

472 2845 671 2901 vallum
715 2846 984 2915 quoddam
1019 2847 1210 2909 locale,
1253 2851 1399 2917 quod
1439 2847 1520 2901 vel
1549 2848 1745 2910 stellis,
1788 2849 1871 2902 vel
1903 2863 2040 2918 pun-

474 2941 576 2995 ctis
606 2939 1030 3005 determinatur;
1059 2943 1250 3004 altero,
1283 2939 1579 2994 secundum
1612 2956 1772 3010 quem
1799 2948 1883 2996 est
1912 2956 2039 2996 con-

2067 1740 2114 1798 Α

2660 1726 3050 1780 ΚΕΦΑΛΑΙΟΝ
3099 1725 3177 1780 A'.

2231 1848 2273 1901 Ο
2298 1845 2403 1899 τῶν
2426 1842 2628 1907 ζωδίων
2647 1841 2842 1904 κύκλος
2866 1841 3152 1912 διαιρεῖται
3178 1841 3256 1904 είς
3286 1838 3428 1911 μέρη
3455 1836 3725 1906 δεκαδύο,

2137 1936 2230 1990 καὶ
2252 1934 2494 1988 καλεῖται
2528 1931 2721 1994 κοινῶς
2750 1931 2845 2001 μὲν
2873 1930 3102 1984 ἕκαστον
3138 1929 3246 1982 τῶν
3263 1929 3577 2001 τμημάτων
3608 1929 3723 1982 δω-

2137 2025 2566 2097 δεκατημόριον·
2611 2024 2753 2086 ἰδίως
2808 2023 2865 2076 δὲ
2917 2023 3022 2075 ἀπὸ
3065 2022 3172 2075 τῶν
3228 2021 3723 2093 ἐμπεριεχομένων

2138 2120 2400 2188 ἀστέρων,
2438 2117 2525 2185 ὑφ’
2570 2108 2644 2168 ὧν
2695 2113 2788 2166 καὶ
2836 2113 3186 2166 διατυποῦται
3241 2114 3464 2165 ’ἑκαστον
3529 2112 3726 2166 αὐτῶν

2140 2209 2344 2274 ζώδιον.
2376 2209 2530 2260 Ἔστι
2573 2207 2629 2260 δὲ
2657 2207 2750 2260 καὶ
2787 2208 2855 2262 τὰ
2891 2207 3094 2260 δώδεκα
3135 2203 3297 2268 costa
3329 2205 3474 2267 τάδε,
3513 2203 3722 2275 Κριὸς,

2139 2301 2366 2372 Ταῦρος,
2400 2300 2638 2369 Δίδυμοι,
2668 2300 2958 2369 Καρκίνος,
2987 2297 3156 2358 Λέων,
3182 2296 3474 2368 Παρθένος,
3511 2295 3720 2362 Ζυγὸς,

2139 2389 2425 2460 Σκορπίος,
2449 2388 2700 2460 Τοξότης,
2720 2387 3048 2458 Αἰγόκερως,
3076 2385 3378 2456 ’Υδροχόος,
3405 2384 3645 2455 Ἰχϐύες.

2208 2673 2379 2743 Διχῶς
2411 2672 2468 2725 δὲ
2506 2671 2721 2740 λέγεται
2748 2670 2824 2740 (ι)
2859 2668 3046 2734 ζὼδιον
3066 2686 3079 2700 ·
3109 2671 3226 2724 καθ’
3255 2670 3350 2722 ἕνα
3380 2670 3476 2741 μὲν
3503 2670 3724 2743 τρόπον

2135 2763 2196 2817 τὸ
2218 2750 2322 2834 ιβ⁹⁹’
2350 2765 2512 2837 μέρος
2544 2763 2636 2816 τοῦ
2675 2761 2936 2826 ζωδιακοῦ
2971 2763 3168 2816 κύκλου
3187 2780 3199 2792 ·
3233 2764 3261 2815 ὃ
3287 2764 3400 2815 ἐστι
3429 2762 3724 2833 διάστημά

2134 2872 2186 2908 τι
2212 2855 2398 2920 τόπου,
2426 2857 2459 2926 ἢ
2500 2857 2739 2926 ἄστροις,
2770 2854 2802 2924 ἢ
2840 2855 3084 2924 σημείοις
3110 2853 3502 2925 ἀφοριζόμενον
3527 2871 3540 2884 ⁸
3581 2854 3720 2908 καθ’

2134 2947 2318 3018 ἓτερον
2366 2947 2421 3000 δὲ
2456 2947 2536 2999 τὸ·
2557 2949 2621 2998 ἐκ
2683 2945 2790 2999 τῶν
2851 2946 3095 3017 ἀστέρων
3148 2945 3721 3016 είδωλοπεποιημένον

475 3033 711 3088 stellatio
763 3031 1008 3102 quaedam
1035 3071 1050 3096 ,
1100 3048 1162 3086 ex
1197 3031 1444 3102 pluribus
1474 3031 1661 3087 'stellis
1714 3032 2032 3103 composita,

2138 3039 2277 3094 κατά
2298 3041 2395 3111 τὴν
2421 3039 2712 3111 ὁμοιότητα
2738 3039 2832 3092 καλ⁸
2856 3039 2954 3112 τὴν
2989 3039 3136 3093 Θέσιν
3168 3039 3274 3092 τῶν
3303 3038 3573 3109 ἀστέρων.

473 3121 770 3176 mundum
803 3121 1231 3186 similitudinem,
1260 3130 1311 3175 et
1346 3122 1506 3175 situm
1540 3120 1836 3176 stellarum.
1923 3173 1928 3178 .

545 3207 988 3264 Dodecatemoria
1014 3209 1198 3279 igitur,
1227 3209 1407 3280 quoad
1436 3210 1862 3280 magnitudinem
1895 3211 2036 3266 inter

476 3315 535 3354 se
577 3308 705 3356 sunt
753 3301 1002 3370 aequalia,
1060 3316 1123 3356 eo
1157 3301 1301 3370 quod
1341 3300 1596 3355 zodiacus
1648 3301 1701 3354 in
1749 3300 2034 3356 duodecim

477 3403 654 3463 partes
685 3392 918 3461 aequales
967 3401 1049 3446 est
1087 3391 1336 3447 divisus:
1362 3399 1418 3445 at
1449 3392 1625 3461 signa,
1658 3407 1779 3461 quae
1813 3407 1880 3446 ex
1912 3391 2036 3448 lixis

476 3483 648 3537 stellis
683 3490 809 3538 sunt
839 3483 1161 3553 composita,
1197 3499 1373 3553 neque
1400 3482 1541 3539 inter
1569 3499 1626 3538 se
1651 3490 1778 3538 sunt
1806 3482 2036 3554 aequalia

475 3574 655 3644 quoad
689 3574 1133 3646 magnitudinem,
1196 3591 1370 3646 neque
1424 3590 1490 3630 ex
1529 3574 1828 3644 :equalibus
1863 3573 2038 3628 stellis

476 3676 605 3724 sunt
634 3668 953 3737 composita,
979 3682 1152 3736 neque
1173 3667 1388 3736 explent
1418 3666 1636 3736 propria
1666 3666 1839 3735 spatia
1871 3665 2041 3720 dode-

479 3758 937 3823 catemoriorum;
997 3758 1091 3812 sed
1132 3758 1375 3828 quaedam
1413 3759 1483 3812 ab
1521 3755 2042 3826 hujusmodiexple-

479 3849 622 3904 tione
646 3848 922 3910 deficiunt,
946 3857 1004 3902 ut
1031 3848 1259 3916 Cancer,
1283 3865 1504 3920 parvum
1531 3850 1674 3904 enim
1698 3849 1930 3919 spatium
1958 3847 2042 3902 sui

480 3941 680 4010 proprii
724 3941 827 3995 loci
854 3947 1084 4008 occupat
1113 3963 1124 3996 :
1151 3942 1401 4011 quaedam
1435 3956 1564 3997 vero
1599 3943 1742 3995 ultra
1775 3956 1876 3996 sua
1907 3953 2032 4010 pro-

481 4033 591 4102 pria
637 4033 758 4086 ioca
802 4034 1184 4097 extenduntur,
1233 4043 1286 4088 et
1319 4041 1500 4103 partes
1538 4032 1800 4103 quasdam
1831 4046 2034 4102 praece-

480 4123 717 4177 dentium
768 4130 822 4178 et
867 4125 1208 4194 sequentium
1279 4125 1557 4194 signorum
1610 4133 1917 4194 occupant,
1978 4132 2036 4177 ut

481 4212 606 4270 Leo.

2139 3247 2146 3258 π
2201 3217 2282 3272 Τὰ
2316 3217 2413 3288 μὲν
2449 3212 2540 3268 οὖν
2583 3214 3029 3286 δωδεκατημόρια
3063 3215 3153 3268 ἴσα
3187 3217 3302 3269 ἐστὶ
3330 3216 3470 3269 κατὰ
3508 3215 3568 3269 τὺ
3615 3218 3720 3288 μέ-

2132 3309 2290 3379 γεθος
2309 3326 2322 3338 ·
2361 3307 2613 3378 διῄρηται
2639 3309 2653 3338 ³
2677 3307 2734 3360 δὲ
2760 3311 2788 3360 ὁ
2814 3307 2920 3359 τῶν
2949 3307 3153 3371 ζωδίων
3177 3307 3370 3371 κύκλος
3401 3310 3478 3370 είς
3511 3308 3580 3379 ιβ’
3612 3310 3719 3378 μέ-

2138 3419 2203 3474 ρη
2237 3401 2353 3454 ίσαο
2387 3401 2455 3453 τὰ
2484 3399 2539 3452 δὲ
2571 3399 3042 3470 κατηστερισμένα
3065 3400 3084 3430 ’
3120 3397 3284 3463 ξώδια
3311 3399 3432 3452 οὔτε
3468 3401 3557 3453 ἴσα
3585 3402 3717 3454 ἐστὶ

2135 3492 2274 3546 κατά
2294 3491 2353 3544 τὸ
2389 3489 2634 3562 μέγεθος,
2667 3489 2788 3542 οὔτε
2822 3489 2881 3554 ἐξ
2905 3491 3032 3544 ἴσων
3065 3491 3309 3562 ἀστέρων
3336 3491 3673 3562 συνέστηκεν
3694 3511 3709 3524 ·

2134 3584 2256 3638 οὔτε
2293 3583 2468 3636 πάντα
2491 3582 2755 3653 ἐκπληροῖ
2779 3582 2852 3652 (2)
2881 3584 3004 3646 τοὺς
3039 3582 3196 3646 ἰδίους
3224 3584 3421 3646 τόπους
3451 3584 3559 3636 τῶν
3597 3585 3712 3638 δω-

2136 3675 2564 3748 δεκατημορίων,
2593 3675 2705 3728 ἀλλ’
2741 3673 2776 3726 ἃ
2806 3675 2902 3744 μὲν
2937 3674 3190 3736 ἐλλείπει,
3219 3675 3468 3747 καθάπερ
3491 3677 3520 3728 ὁ
3550 3679 3711 3750 Καρ-

2138 3768 2301 3831 κίνος,
2335 3766 2525 3838 μικρὸν
2555 3766 2610 3818 δὲ
2639 3766 2801 3818 τόπον
2835 3764 3014 3835 ἐπέχει
3049 3765 3143 3818 τοῦ
3180 3765 3310 3818 ἰδίου
3347 3767 3545 3819 τόπουο
3577 3767 3616 3822 ἃ.
3652 3769 3706 3824 δὲ

2141 3859 2491 3931 ύπερπίπτει,
2523 3860 2615 3912 καὶ
2653 3857 2794 3928 μέρη
2825 3857 2947 3910 τινὰ
2971 3857 3077 3909 τῶν
3119 3850 3569 3928 προηγουμένων,
3610 3859 3708 3914 καὶ

2135 3951 2242 4005 τῶν
2299 3950 2577 4021 ἑπομένων
2628 3948 2832 4013 ζωδίων
2889 3949 3248 4020 ἐπιλαμϐάνει
3279 3949 3333 4014 ³,
3376 3949 3636 4021 καθάπερ
3674 3951 3741 4005 ὁ·

2138 4043 2309 4099 Λέων.

547 4374 563 4404 ⁸
601 4389 690 4441 π).
724 4372 949 4444 δίοπτρα
981 4374 1090 4443 γὰρ
1115 4372 1385 4444 διῄρηται.
1461 4375 1480 4404 ¹
1511 4391 1599 4444 γρ.
1628 4374 2121 4446 κατεστηριγμένα.
2199 4370 2221 4402 ⁸
2247 4387 2338 4441 πρ.
2367 4366 2862 4440 ἐπιλαμϐανόμενα.

547 4526 620 4608 (Ι.)
653 4528 835 4608 Διχῶς
868 4528 936 4582 δὲ
959 4527 1211 4608 λέγεται.
1242 4526 1507 4608 Zodiacus
1528 4527 1721 4608 duplex
1744 4538 1849 4608 est,
1881 4526 2025 4608 quod

2137 4541 2299 4608 quam
2320 4523 2686 4608 Hipparchum
2720 4525 2984 4608 sequitur.
3021 4525 3206 4608 Neque
3229 4529 3290 4581 τὸ
3315 4529 3545 4608 ἀκριϐὲς
3571 4545 3705 4608 con.

475 4598 890 4654 adinstitutum
946 4607 1192 4653 nostrum
1243 4599 1520 4667 pertinet:
1563 4601 1699 4652 alter
1747 4599 1801 4651 in
1850 4599 2026 4667 primo

477 4669 681 4732 mobili,
715 4670 806 4738 qui
842 4670 1004 4723 silum
1037 4685 1144 4722 nou
1187 4675 1390 4730 mutat,
1425 4669 1526 4721 hoc
1563 4677 1646 4722 est
1687 4669 2029 4722 intersectio-

479 4755 572 4794 nes
601 4741 817 4794 easdem
859 4747 1121 4809 perpetuo
1169 4739 1288 4806 ejus
1321 4738 1566 4808 ecliptica
1616 4753 1740 4791 cum
1787 4743 2030 4808 mquino-

472 4810 623 4862 ctiali
676 4808 912 4863 retinet:
949 4818 1003 4863 et
1046 4820 1130 4865 est
1179 4809 1473 4878 imaginum
1520 4823 1746 4878 expers;
1792 4809 1928 4862 alter
1974 4808 2027 4862 in

473 4879 603 4935 orbe
643 4879 857 4933 stellato
907 4881 997 4948 qui
1051 4883 1129 4942 εἰς
1181 4878 1248 4931 τὰ
1285 4879 1908 4950 éndusvaprogrcssum
1945 4879 2028 4931 fa-

476 4950 648 5011 iiens,
675 4950 728 5002 iu
765 4950 885 5002 aliis
911 4958 964 5003 et
999 4951 1119 5003 aliis
1154 4948 1655 5018 punctis‘continue
1690 4949 2030 5003 intersectio-

474 5034 573 5074 nes
594 5034 717 5072 cum
744 5021 1104 5087 aequinoctiali
1139 5021 1288 5073 facit.
1323 5018 1496 5088 Hujus
1530 5019 1748 5088 propria
1776 5027 1900 5073 sunt
1929 5018 2032 5082 ζώ-

472 5091 592 5151 δια,
649 5091 764 5143 sive
820 5089 1090 5144 asterismi
1157 5089 1738 5144 dodecatcmoriorum.
1819 5088 2031 5143 Primus

479 5158 839 5228 Hipparchus,
867 5159 1079 5213 collatis
1109 5160 1249 5214 inter
1278 5177 1336 5214 se
1361 5169 1600 5214 veterum
1622 5175 1685 5213 ac
1708 5160 1821 5223 suis
1845 5159 2032 5213 obsur-

478 5229 802 5291 vationibus,
848 5231 1159 5298 suspicatus
1189 5238 1273 5284 est
1310 5231 1512 5285 moveri
1554 5231 1606 5282 in
1641 5229 2030 5298 consequentia

477 5299 761 5370 signorum
813 5307 1060 5370 octavam
1111 5301 1412 5370 sphaerium,
1466 5299 1708 5369 adeoque
1762 5300 2029 5368 duplicem

475 5383 598 5424 esse
649 5369 951 5442 zodiacum.
1003 5368 1107 5425 Sed
1137 5368 1280 5440 quod
1323 5368 1631 5442 ὁλοσχερεῖς
1657 5370 1896 5439 priorum
1929 5370 2030 5442 ob-

475 5439 808 5510 servationes
866 5441 1075 5504 forent,
1122 5439 1297 5510 neque
1339 5439 1477 5496 satis
1513 5439 1729 5510 longum
1777 5447 1921 5510 esset
1951 5441 2032 5492 in-

477 5508 756 5578 terjectum
805 5513 1073 5582 spatium,
1123 5508 1232 5582 non
1261 5512 1476 5582 penitus
1515 5508 2033 5582 alﬁftpavitaPtole-

474 5595 642 5634 mauis
715 5579 849 5635 vero
903 5597 1016 5636 rem
1093 5579 1278 5650 plane—
1324 5581 1552 5636 deﬁniit.
1616 5579 1742 5635 Haec
1803 5580 2031 5634 dicenda

475 5650 713 5711 inerunt,
738 5667 806 5705 ne
836 5653 959 5719 quis
995 5650 1045 5704 id
1081 5667 1108 5704 a
1139 5650 1367 5706 Gemino
1397 5654 1622 5722 miretur
1645 5668 1766 5706 csse
1791 5651 2034 5722 prmeri-

476 5734 601 5791 tum,
641 5723 761 5796 qui,
812 5731 866 5774 ut
903 5723 955 5775 in
1003 5722 1277 5794 plerisque
1329 5724 1469 5788 aliis,
1509 5721 1805 5777 Eudoxum’
1827 5722 2029 5793 potius,

2134 4595 2566 4670 sectatur,_quod
2599 4611 2695 4650 nec
2733 4597 2832 4649 fuit
2854 4613 3078 4670 necesse
3096 4595 3413 4670 Διέίσαγιυγὴν
3439 4616 3500 4654 ac
3522 4603 3699 4670 prima

2135 4668 2298 4737 hujus
2317 4668 2449 4721 artis
2475 4668 2739 4721 elementa
2768 4668 3048 4721 scribenti.
3081 4667 3350 4734 Quocirca
3373 4667 3442 4724 de
3471 4667 3704 4728 zodiaco

2135 4739 2214 4810 sic
2249 4738 2503 4808 loquitur,
2541 4739 2695 4810 quasi
2738 4738 2899 4810 unius
2931 4740 3082 4791 orbis
3122 4749 3287 4801 esset,
3321 4755 3384 4792 ac
3415 4757 3701 4810 nunquam

2136 4809 2300 4882 situm
2353 4815 2605 4882 mutaret.
2645 4807 3102 4882 Δ[ᾂοιιθςιιιςηιλοιήξι
3150 4811 3265 4863 veri
3319 4807 3566 4869 zodiaci;
3610 4813 3705 4882 qui

2134 4885 2218 4933 est
2252 4878 2304 4930 in
2341 4879 2517 4946 primo
2553 4877 2760 4941 mobili,
2796 4877 2862 4932 de
2896 4875 3124 4944 ζωδίοις,
3171 4887 3224 4934 et
3267 4883 3573 4935 asterismis
3605 4875 3704 4936 κτο-

2135 4948 2494 5021 cabula__tunc
2525 4956 2870 5021 acceperunt,
2911 4964 3034 5021 cum
3063 4965 3126 5003 ea
3161 4952 3538 5006 continerent:
3573 4963 3702 5021 puta

2132 5017 2290 5072 Aries
2317 5017 2494 5071 dictus
2526 5028 2622 5070 est
2652 5019 2884 5092 primum
2918 5018 3420 5087 dodecatemorion,
3453 5017 3600 5092 quod
3650 5024 3704 5077 in

2133 5105 2198 5142 eo
2233 5095 2362 5140 tunc
2395 5099 2539 5160 esset
2571 5089 2890 5160 asterismus
2938 5097 3142 5160 octavae
3187 5093 3429 5160 sphaerae,
3470 5089 3564 5147 cui
3599 5094 3705 5148 hoc

2131 5159 2452 5211 vocabulum
2499 5158 2726 5210 inditum
2761 5167 2866 5220 est,
2898 5161 3044 5226 quod
3076 5158 3324 5226 Metonis,
3364 5161 3600 5223 Eudoxi,
3638 5179 3702 5217 ac

2133 5225 2409 5300 Ptolemiei
2462 5227 2687 5300 saeculis
2722 5225 2976 5282 accurate
3027 5232 3274 5300 contigit.
3316 5225 3526 5286 Nostro
3573 5247 3704 5288 vero

2135 5298 2348 5368 longius
2389 5300 2443 5351 in
2493 5299 2790 5369 posteriora
2837 5303 3111 5369 progressi
3141 5298 3267 5355 sunt
3308 5303 3605 5366 asterismi,
3641 5319 3703 5356 ac

2133 5370 2232 5422 toti
2278 5369 2402 5440 fere
2422 5375 2574 5440 extra
2617 5367 2882 5438 ὁμώνυμα
2919 5367 3195 5440 segmenta
3246 5375 3576 5429 consistunt.
3623 5372 3702 5428 Ex

2133 5437 2627 5514 quo_in_plerisque
2656 5437 2829 5514 stellis
2859 5437 3176 5497 latitudines
3207 5457 3238 5496 a
3273 5460 3394 5496 vera
3423 5443 3698 5514 ecliptica,

2132 5518 2187 5562 et
2231 5509 2622 5564 declinationes
2667 5509 2963 5564 immutata:
3007 5521 3155 5574 sunt,
3206 5521 3264 5566 ut
3299 5509 3570 5568 australes
3606 5520 3699 5570 Ue-

2133 5587 2277 5640 rent,
2313 5594 2432 5646 qua:
2461 5586 2612 5632 erant
2644 5579 2908 5639 boreales.
2938 5588 2990 5635 et
3018 5591 3227 5637 contra.

2205 5649 2279 5721 (2)
2318 5647 2707 5726 0~6rs_:r_d_rra
2750 5649 3056 5720 ἐκπληροῖ.
3092 5651 3244 5726 ,νὶιιο
3291 5653 3691 5726 Hipparchum,

2135 5719 2224 5776 lib.
2257 5737 2316 5785 ιι,
2349 5720 2450 5776 sub
2484 5719 2716 5774 initium.
3092 5724 3096 5726 '
