4008 6204
301 360 396 413 749

1303 363 1538 420 GEMINI
1575 366 1936 422 ELEMENTA
1966 368 2458 428 ASTRONOMIAS.

3373 386 3476 437 τεο

358 473 466 524 Ἔτι
493 470 546 523 δέ
576 489 694 525 τινα
723 471 830 526 τῶν
865 474 927 544 ιβ’
955 474 1156 540 ζωδίων
1181 476 1301 530 ούτε
1336 479 1428 532 ὅλα
1453 483 1625 535 κεῖται
1658 483 1714 534 ἐν
1743 480 1808 551 τᾷ

1990 482 2040 552 2
2072 481 2335 540 Przeterea
2356 502 2420 540 ex
2443 486 2726 544 duodecim
2757 490 2926 561 signis
2972 492 3216 563 quaedam
3255 512 3323 552 ne
3364 505 3473 552 tota

293 563 517 634 ζωδιακῷ
551 565 760 636 κύκλῳ’
799 566 913 619 ἀλλ’
946 567 980 620 ἃ
1016 569 1112 638 μέν
1147 573 1262 623 ἐστι
1297 571 1606 644 βορειότερα
1635 573 1818 638 αὐτοῦ,

291 657 514 727 καθάπερ
547 659 576 709 ό
607 658 788 710 Λέων·
825 657 860 712 ἃ
893 657 948 711 δὲ
979 659 1290 733 νοτιωτέρα,
1311 663 1557 735 καθάπερ
1596 667 1623 716 ὁ
1655 667 1821 736 Σκορ-

293 765 413 809 πιος.

341 839 491 891 Ηὰλιν
519 839 750 894 ἕκαστον
782 841 889 896 τῶν
916 843 1400 916 δωδεκατημορίων
1426 847 1710 918 διαιρεῖται
1740 850 1820 912 είς

295 930 413 999 μέρη
444 931 503 990 λ’,
545 933 638 984 καὶ
666 932 905 986 καλεῖται
943 935 1002 986 τὸ
1030 934 1086 988 ἓν
1111 936 1304 1006 τμῆμα
1336 940 1516 1008 μοῖρα.
1541 940 1701 991 Ὥστε
1728 939 1818 990 τὸν

291 1021 390 1072 ὅλον
424 1020 614 1073 κύκλον
662 1023 769 1075 τῶν
818 1024 1018 1087 ζωδίων
1060 1026 1328 1096 περιέχειν
1377 1027 1541 1092 ζώδια
1593 1029 1691 1100 μὲν
1728 1027 1815 1099 ιβ’,

295 1112 465 1181 μοίρας
492 1112 546 1163 δὲ
571 1112 664 1177 τξ’.

361 1203 412 1253 ὐ
426 1200 476 1254 δέ
494 1202 640 1272 ἣλιος
654 1204 879 1274 ἐνιαυτῷ
897 1205 970 1276 (3)
999 1207 1016 1237 ⁸
1041 1206 1414 1278 διαπορεύεται
1443 1208 1532 1262 τὸν
1557 1210 1816 1274 ζωδιακὸν

293 1294 483 1347 κύκλον.
524 1295 676 1348 Ἔστι
721 1296 828 1367 γὰρ
875 1298 1140 1363 ἐνιαύσιος
1171 1300 1388 1371 χρόνος,
1421 1303 1476 1352 ἐν
1523 1295 1566 1368 ᾧ
1610 1304 1638 1355 ό
1669 1301 1816 1372 ἥλιος

295 1387 683 1458 περιπορεύεται
728 1389 818 1441 τὸν
858 1389 1135 1453 ζωδιακὸν·
1164 1392 1378 1457 κύκλον,
1427 1393 1521 1447 καὶ
1569 1395 1676 1447 ἀπὸ
1721 1392 1814 1446 τοῦ

292 1478 431 1531 αὑτοῦ
462 1481 682 1550 σημείου
721 1483 811 1534 ἐπὶ
851 1483 909 1534 τὸ
942 1484 1070 1536 αὐτὸ
1105 1488 1325 1556 σημεῖον
1363 1486 1809 1541 ἀποκαθίσταται.

301 1569 352 1622 ’θ
392 1569 442 1622 δὲ
492 1571 677 1641 χρόνος
732 1566 887 1637 οὗτός
937 1577 1082 1629 ἐστιν
1144 1579 1365 1649 ἡμερῶν
1403 1579 1530 1646 τξε’,
1575 1580 1679 1634 δον’,
1727 1583 1813 1635 Ἐν

290 1665 548 1730 τοσαύταις
582 1667 690 1736 γὰρ
722 1669 956 1740 ἡμέραις
996 1671 1093 1734 τὰς
1120 1671 1196 1738 τε
1239 1672 1430 1743 μοίρας
1472 1672 1752 1744 παροδεύει
1785 1674 1813 1724 6

289 1756 419 1824 ἥλιος
439 1774 452 1787 ³
482 1757 618 1810 ὥστε
651 1759 800 1830 παρὰ
837 1761 1027 1831 μικρὸν
1061 1765 1118 1816 ἐν
1165 1765 1262 1835 μιᾷ
1303 1764 1482 1835 ἡμέρᾳ
1513 1769 1702 1836 μοῖραν
1731 1783 1812 1818 κι-

288 1847 470 1902 νεῖσθαι
496 1849 585 1902 τὸν
620 1850 792 1920 ἥλιον.

352 1941 502 1995 Ἀλλο
532 1942 710 2014 μέντοι
726 1944 787 2012 γέ
810 1944 924 1998 ἐστι
950 1950 1108 2019 μοῖρα
1129 1987 1142 2010 ,
1161 1949 1253 2024 καὶ
1273 1947 1396 2004 ἄλλο
1420 1951 1616 2023 ἡμέρα.
1639 1953 1818 2024 Μοῖρα

291 2035 375 2103 μὲν
407 2035 508 2104 γάρ
552 2037 668 2089 ἐστι
700 2037 970 2109 διάστημὰ
999 2017 1050 2091 τι
1100 2017 1182 2092 λ⁹”
1235 2040 1396 2112 μέρος
1441 2017 1681 2115 ύπαρχον
1723 2017 1814 2096 τοῦ

288 2124 493 2190 ζωδίου·
538 2128 718 2200 ἡμέρα
765 2130 822 2184 δέ
870 2133 984 2183 ἐστι
1035 2132 1223 2203 χρόνος
1274 2136 1590 2205 τριακοστὸν
1654 2135 1817 2209 μέρος

283 2217 349 2282 ὡς
373 2219 586 2288 ἔγγιστα
610 2221 703 2275 τού
741 2222 986 2293 μηνιαίου
1037 2225 1252 2296 χρόνου.
1287 2227 1397 2280 Καὶ
1435 2229 1468 2299 ἡ
1520 2229 1617 2299 μὲν
1653 2232 1814 2301 μοῖρα

284 2309 384 2375 τξ.’
415 2311 735 2398 μέρος-’ἐστὶ
777 2313 871 2367 τοῦ
907 2316 1170 2379 ζωδιακοῦ
1204 2317 1403 2372 κύκλου
1429 2361 1444 2387 ,
1475 2322 1507 2391 ἡ
1540 2321 1595 2372 δὲ
1633 2321 1813 2392 ἡμέρα

281 2403 373 2467 τξς¹
403 2406 491 2458 καὶ
516 2405 586 2458 δ”
643 2407 805 2478 μέρος
833 2407 907 2471 ὡς
942 2408 1167 2477 ἔγγιστα
1194 2411 1288 2464 τοῦ
1328 2411 1654 2466 ἐνιαυσιαίου
1688 2415 1812 2485 χρό-

281 2497 494 2552 νου.Καὶ
514 2498 722 2552 πάντα⁸
750 2499 847 2569 μέν
875 2499 943 2553 τὰ
967 2499 1130 2564 ζώδια
1158 2504 1615 2574 τριακοντημόριά
1646 2507 1810 2572 ἐστιν,

278 2586 331 2640 ού
361 2587 542 2664 πάντα.
554 2589 609 2642 δέ
631 2608 661 2643 τ
665 2591 921 2663 ριακονθή
931 2611 994 2663 με
1004 2610 1069 2664 ρα
1078 2632 1091 2647 .

333 2679 619 2752 Διαιρεῖται
652 2682 706 2734 δὲ
742 2685 769 2736 6
804 2683 1073 2748 ἐνιαύσιος
1101 2686 1287 2756 χρόνος
1319 2689 1399 2750 είς
1439 2687 1578 2759 μέρη
1605 2687 1666 2751 δ’,
1692 2687 1808 2752 ἔαρ,

275 2768 432 2844 θέρος,
473 2773 834 2844 φθινόπωρον,
881 2776 973 2830 καὶ
1020 2777 1283 2847 χειμῶνα.
1327 2779 1543 2849 Ἐαρινὴ
1578 2774 1674 2848 μὲν
1719 2775 1811 2832 οὖν

277 2860 516 2933 ίσιιμερία
561 2862 633 2933 (4)
662 2863 880 2932 γίνεται
918 2865 1044 2934 περὶ
1099 2867 1198 2935 τὴν
1239 2865 1344 2918 τῶν
1391 2865 1594 2918 ἀνθέων
1632 2866 1814 2936 ἀκμὴν

274 2952 511 3023 ἐνΚριοῦ
543 2955 638 3024 μιᾷ
676 2954 864 3026 μοίρᾳ·
905 2955 1080 3027 τροπὴ
1122 2956 1178 3008 δὲ
1208 2955 1391 3027 θερινὴ
1433 2956 1640 3024 γίνεται
1686 2959 1812 3029 περὶ

273 3040 356 3110 τὴν
373 3041 479 3094 τῶν
511 3044 804 3114 καυμάτων
832 3043 1079 3099 ἐπίτασιν
1102 3047 1158 3097 ἐν
1190 3045 1462 3117 Καρκίνου
1497 3047 1595 3118 μιᾷ
1623 3046 1806 3117 μοίραο

1926 574 2140 641 quidem
2201 576 2375 645 posita
2420 586 2545 631 sunt
2583 578 2637 632 in
2676 580 2917 645 zodiaco,
2975 583 3068 637 sed
3111 585 3213 638 alia
3262 602 3324 640 eo
3352 597 3477 643 sunt

1924 662 2251 731 borealiora,
2289 678 2346 720 ut
2379 667 2488 724 Leo
2526 690 2537 724 :
2574 671 2678 725 alia
2708 675 3040 730 australiora
3063 716 3077 741 ,
3116 687 3173 731 ut
3197 677 3473 751 Scorpius.

1993 844 2204 902 Rursus
2260 851 2679 921 unumquodque
2729 853 3286 914 dodecatemoriorum
3339 863 3479 918 divi-

1924 933 2070 989 ditur
2137 938 2189 990 in
2251 947 2432 1007 partes
2495 942 2747 1011 triginta,
2800 953 2854 999 et
2907 957 3133 1002 vocatur
3176 967 3340 1006 unum
3389 969 3478 1009 se-

1924 1035 2197 1094 gmentum
2240 1045 2386 1098 pars,
2442 1046 2535 1085 seu
2577 1034 2799 1102 gradus.
2831 1034 3014 1106 Itaque
3044 1038 3300 1095 zodiacus
3339 1058 3476 1098 con-

1925 1118 2056 1172 tinet
2090 1120 2240 1190 signa
2271 1123 2487 1192 quidem
2517 1123 2824 1187 duodecim,
2867 1136 3049 1196 partes
3089 1147 3216 1186 vero
3244 1133 3366 1188 360.

1993 1209 2083 1265 Sol
2127 1222 2304 1267 autem
2357 1232 2466 1270 uno
2526 1231 2669 1272 anno
2718 1221 2987 1288 percurrit
3029 1222 3329 1279 zodiacum.
3382 1225 3478 1284 Est

1921 1302 2062 1356 enim
2114 1312 2326 1376 tempus
2383 1323 2622 1362 annuum
2680 1310 2833 1376 illud,
2884 1313 2936 1365 iu
2971 1329 3078 1383 quo
3109 1317 3191 1368 sol
3225 1327 3477 1388 peragrat

1923 1393 2222 1459 zodiacum,
2261 1404 2312 1450 et
2345 1398 2414 1452 ab
2451 1399 2638 1453 eodem
2678 1409 2880 1470 puncto
2923 1403 2990 1456 ad
3041 1404 3180 1460 idem
3215 1417 3474 1476 punctum

1921 1482 2076 1545 redit,
2107 1483 2207 1536 hoc
2252 1493 2466 1554 tempus
2488 1495 2570 1542 est
2599 1487 2808 1542 dierum
2837 1490 2940 1545 565
2974 1493 3093 1563 ίίιί.
3129 1491 3186 1547 1η
3217 1503 3295 1549 tot
3329 1499 3472 1552 enim

1919 1572 2106 1629 diebus
2159 1577 2276 1630 illas
2319 1579 2422 1632 360
2457 1591 2635 1648 partes
2682 1583 2888 1637 zodiaci
2933 1587 3013 1639 sol
3056 1587 3312 1654 conﬁcit;
3362 1590 3474 1649 fere

1919 1667 2099 1738 itaque
2129 1669 2182 1722 in
2213 1686 2317 1725 uno
2346 1671 2434 1726 die
2478 1676 2900 1766 unutu.gradum
2932 1678 3013 1732 sol
3049 1679 3295 1738 absolvit.

1993 1941 2368 2003 Verumtamen
2416 1949 2561 2004 aliud
2608 1957 2692 2006 est
2744 1966 2892 2022 pars,
2943 1953 3089 2008 aliud
3143 1954 3279 2011 dies.
3339 1957 3473 2016 Pars

1915 2038 2056 2090 enim
2089 2049 2170 2092 est
2228 2040 2566 2096 intervallum
2607 2044 2902 2112 quoddam,
2954 2060 3075 2099 cum
3122 2049 3192 2100 sit
3231 2048 3298 2102 50
3346 2066 3472 2120 pars

1916 2127 2086 2197 signi;
2121 2128 2238 2184 dies
2267 2147 2394 2186 vero
2428 2141 2512 2188 est
2554 2141 2786 2204 tempus,
2817 2135 2960 2205 quod
2993 2136 3102 2191 fere
3137 2139 3204 2192 50
3231 2155 3356 2210 pars
3389 2150 3474 2196 est

1915 2223 2176 2274 menstrui
2226 2223 2502 2292 temporis.
2552 2223 2754 2280 Deinde
2809 2242 2936 2296 pars
2982 2228 3201 2297 quidem
3251 2241 3332 2285 est
3369 2231 3475 2288 560

1913 2321 2039 2375 pars
2076 2307 2304 2372 zodiaci,
2322 2310 2438 2365 dies
2461 2319 2638 2367 autem
2656 2324 2738 2367 est
2761 2329 2888 2383 pars
2919 2314 3022 2370 365
3042 2316 3144 2386 1/4
3165 2317 3276 2373 fere
3306 2322 3474 2376 annui

1913 2399 2190 2468 temporis.
2246 2400 2324 2454 Ac
2369 2418 2584 2473 semper
2626 2404 2843 2474 quidem
2893 2408 3046 2477 signa
3086 2418 3214 2465 sunt
3253 2411 3320 2466 50
3350 2429 3450 2484 par

1912 2491 2045 2544 tium
2071 2531 2086 2556 ,
2121 2507 2230 2546 non
2256 2507 2469 2564 semper
2497 2505 2676 2552 autem
2709 2499 2780 2553 50
2813 2500 3048 2555 dierum.

1979 2670 2246 2727 Dividitur
2272 2682 2446 2729 autem
2483 2688 2721 2730 annuum
2761 2686 2972 2747 tempus
3011 2679 3063 2733 in
3108 2689 3289 2749 partes
3321 2696 3460 2751 qua-

1912 2775 2052 2830 tuor,
2086 2781 2200 2827 ver,
2248 2775 2510 2829 aestatem,
2558 2775 2900 2833 autumnum,
2952 2778 3006 2824 et
3055 2771 3306 2825 hiemem.
3337 2772 3472 2826 Ver-

1911 2874 2041 2911 num
2079 2859 2242 2928 igitur
2277 2861 2661 2930 mquiuoctium
2707 2863 2766 2916 lit
2820 2863 2964 2917 circa
3009 2862 3198 2921 ﬂorum
3231 2867 3470 2934 vigorem

1913 2967 2204 3016 summum,
2246 2953 2301 3006 in
2335 2953 2507 3022 prima
2546 2963 2699 3024 parte
2738 2955 2961 3010 Arietis.
3001 2955 3304 3010 Solstitium
3333 2956 3473 3012 testi-

1911 3059 2034 3099 vum
2066 3045 2329 3116 contingit
2365 3047 2508 3099 circa
2548 3056 2779 3100 msluum
2821 3047 3174 3101 intentionem
3211 3047 3264 3100 in
3299 3048 3471 3116 prima

272 3135 388 3188 ὅτου
417 3135 448 3189 ὀ
477 3134 626 3204 ἣλιος
651 3135 740 3188 τὸν
766 3133 1099 3206 βορειότατον
1128 3136 1323 3190 κύκλον
1347 3137 1567 3209 γράφει,
1593 3137 1684 3190 καὶ
1717 3154 1808 3208 με-

1912 3147 2062 3208 parte
2089 3138 2309 3201 Cancri,
2349 3139 2440 3193 ubi
2481 3141 2558 3194 sol
2611 3139 3048 3194 horealissimum
3083 3139 3344 3193 circulum
3373 3137 3469 3192 de-

277 3219 448 3296 τίστην
476 3225 665 3278 πασῶν
693 3226 798 3278 τῶν
828 3228 886 3279 ἐν
913 3228 1139 3298 ἐνιαυτῷ
1162 3231 1372 3300 ἡμέραν
1405 3230 1658 3295 ἐπιτελεῖ,
1690 3229 1810 3283 ἐλα-

276 3313 447 3388 (inqu
488 3319 545 3372 δὲ
583 3318 680 3389 τὴν
728 3318 914 3372 νύκτα.
953 3320 1014 3372 Ἡ
1053 3321 1234 3392 μέντοι
1267 3339 1329 3389 γε
1367 3323 1593 3392 μεγίστη
1630 3323 1812 3394 ἡμέρα

274 3406 350 3480 ίση
388 3410 498 3462 ἐστὶ
542 3413 608 3481 τῇ
647 3412 874 3482 μεγίστῃ
919 3414 1091 3475 νυκτὶ,
1127 3413 1221 3465 καὶ
1260 3415 1292 3483 ἡ
1336 3413 1590 3484 ἐλαχίστη
1633 3415 1812 3485 ἡμέρα

273 3515 349 3572 ,ση
397 3502 508 3555 ἐστὶ
559 3505 625 3574 τῇ
677 3503 930 3577 ἐλαχίστῃ
978 3504 1151 3558 νυκτί.
1189 3507 1343 3558 Ἔστι
1393 3506 1449 3558 δὲ
1499 3508 1531 3575 ὴ
1583 3506 1810 3576 μεγίστη

273 3591 442 3660 ἡμέρα
456 3593 597 3646 κατὰ
616 3594 677 3647 τὸ
693 3596 747 3648 ἐν
762 3596 924 3666 Ῥόδῳ
947 3596 1114 3666 κλίμα
1133 3596 1289 3669 ὡρῶν
1316 3595 1643 3670 ίσημερινῶν
1664 3595 1801 3661 ιδς”.

276 3683 545 3758 Ἰσημερία
586 3687 642 3741 δέ
687 3688 800 3740 ἐστι
846 3689 1240 3761 φθινοπωρινὴ,
1275 3691 1400 3742 ὅταν
1438 3692 1466 3743 6
1511 3691 1677 3761 ἥλιος,
1717 3689 1810 3743 ἀπ’

268 3774 472 3847 Ξρκτων
493 3778 628 3847 πρὸς
661 3779 1002 3849 μεσημϐρίαν
1031 3779 1359 3852 παροδεύων,
1400 3781 1561 3834 πάλιν
1590 3782 1681 3833 ἐπὶ
1717 3779 1809 3833 τοῦ

265 3869 573 3940 ωτιμερινοῦ
601 3870 820 3940 γένηται
847 3872 1066 3937 κύκλου,
1104 3873 1198 3925 καὶ
1227 3873 1345 3943 ἴσην
1379 3873 1476 3944 τὴν
1504 3873 1712 3944 ἡμέραν
1743 3875 1809 3944 τῇ

267 3963 409 4014 meti
447 3965 750 4033 ποιήσηται.
796 3965 980 4036 Τροπὴ
1013 3965 1070 4018 δέ
1117 3966 1230 4017 ἐστι
1285 3965 1588 4036 χειμερινὴ,
1627 3966 1752 4017 ὅταν
1781 3965 1810 4015 ό

269 4055 405 4123 ἥλιος
439 4057 768 4127 πορρωτάτω
789 4058 809 4088 ⁶
832 4057 986 4128 ἡμῶν
1022 4058 1120 4128 τῆς
1147 4059 1410 4128 οἰκήσεως
1440 4057 1682 4126 γένηται,
1721 4055 1813 4108 καὶ

267 4147 640 4209 ταπεινότατος
683 4146 760 4209 ὡς
797 4146 927 4216 πρὸς
959 4147 1049 4200 τὸν
1079 4145 1324 4217 ὁρίζοντα
1365 4147 1473 4216 (5),
1509 4147 1601 4200 καὶ
1624 4142 1810 4197 νοτ·ιὼ-

269 4253 414 4292 τατον
448 4237 642 4291 κύκλον
691 4238 875 4310 γράφῃ
896 4281 908 4304 ,
945 4240 1039 4292 καλ⁵
1096 4240 1356 4311 μεγίστην
1398 4239 1586 4293 πασῶν
1618 4237 1723 4291 τῶν
1751 4237 1810 4290 ἐν

267 4329 401 4398 αὐτῷ
430 4327 703 4401 [ἐνιαυτῷ]
735 4328 901 4381 νύκτα
935 4331 1250 4399 ποιήσηται,
1279 4331 1567 4401 ἐλαχίστην
1598 4329 1653 4382 δὲ
1674 4326 1811 4399 ἡμέ-

270 4436 374 4490 ραν.
408 4423 560 4475 Ἐστι
579 4421 638 4473 δὲ
669 4421 702 4490 ὴ
733 4421 959 4491 μεγίστη
990 4421 1084 4486 νὺξ
1117 4423 1257 4476 κατὰ
1281 4423 1340 4476 τὸ
1369 4425 1426 4475 ἐν
1458 4422 1620 4492 Ῥόδῳ
1641 4420 1810 4491 κλίμα

269 4511 410 4584 ὡρῶν
453 4514 776 4585 ίσημερινῶν
813 4512 950 4579 ιδς-θ.

328 4699 382 4751 οι
416 4698 470 4751 δέ
505 4697 707 4768 μεταξὺ
739 4698 916 4770 χρόνοι
940 4697 1014 4771 (6)
1045 4699 1152 4752 τῶν
1183 4699 1397 4770 τροπῶν
1425 4699 1516 4752 καὶ
1543 4697 1649 4751 τῶν
1686 4700 1803 4767 ίση-

333 4855 352 4884 ⁸
375 4875 464 4926 rp.
498 4858 554 4909 ἐν
582 4855 749 4927 αύτῷ.
822 4857 842 4888 ⁸
870 4874 957 4926 τεο.
997 4855 1244 4908 πάντοτε.

330 5020 402 5088 (3)
458 5019 512 5072 '0
563 5017 631 5072 δὲ
676 5017 843 5090 iich
885 5013 1152 5079 ἐνιαυτῷ.
1209 5011 1802 5090 Νοηόυιηπροὴγησις

270 5080 541 5170 ἰσημερινὴ
570 5080 775 5170 liquido
816 5080 1086 5170 comperta
1108 5094 1262 5170 “erat,
1293 5090 1352 5136 ut
1387 5080 1798 5170 alifliidiximus,

271 5167 315 5213 et
335 5153 657 5227 intelligetur
684 5158 875 5211 iterum
893 5153 1075 5227 capite
1107 5154 1159 5216 6.
1201 5154 1277 5227 De
1311 5153 1589 5227 mensibus.

329 5231 399 5299 (4)
452 5221 688 5297 tam»;
710 5228 826 5300 μὲν
849 5221 1278 5300 ᾳῦνῖοξημερία.
1319 5224 1634 5300 Annuarum
1657 5228 1800 5300 tem-

271 5295 523 5365 pestatum
549 5295 778 5354 exordia
822 5297 978 5351 aliter
1011 5296 1078 5348 ab
1123 5295 1470 5372 astronomis.
1507 5295 1802 5372 etra‘tione

271 5359 680 5439 constituuntur,
736 5382 897 5439 quam
947 5380 1107 5439 sensu
1160 5365 1512 5439 p0pularique
1569 5359 1795 5439 judicio.

272 5434 401 5511 Nam
439 5429 877 5511 astronomi'per
921 5429 1247 5511 quadrantes
1298 5429 1503 5488 tributo
1552 5429 1797 5511 zodiaca,

270 5509 477 5564 cuilibet
535 5507 1456 5580 tempestatiuquadrantem‘_suum_
1495 5507 1796 5580 assignant,

270 5568 936 5652 quem‘zporrm'iiappe‘llat
984 5575 1183 5629 Paulus
1221 5568 1638 5652 Alexandrinus.
1690 5568 1799 5652 Lui-

271 5638 393 5722 tium
421 5649 481 5722 Alit
503 5638 589 5704 ὀὶ)
612 5638 809 5704 Ᾱτὶεἰὶὲ
830 5650 1121 5722 ingressu;
1162 5660 1236 5722 ac,
1276 5645 1354 5700 sic
1379 5643 1658 5722 deinceps.
1690 5638 1796 5722 _Po«

271 5717 463 5794 [Hilaris
492 5736 624 5776 usus
647 5736 710 5775 ex
743 5718 862 5794 creti
903 5716 1199 5794 mutatione
1223 5721 1603 5794 tempestatum
1628 5716 1796 5794 inter:

272 5786 398 5841 valla
426 5793 681 5846 metitur:
715 5791 800 5845 cui
847 5795 898 5843 et
944 5787 1234 5856 scriptores
1281 5783 1358 5839 illi
1403 5783 1668 5847 serviunt,
1703 5783 1795 5850 qui

1319 4855 1340 4884 ⁸
1366 4869 1455 4923 γρ.
1488 4851 1853 4923 ποῤῥώτατος.

1913 3231 2123 3293 scribit,
2155 3240 2207 3287 et
2229 3232 2606 3302 longissimum
2639 3233 2903 3292 omnium,
2946 3231 3036 3300 qui
3071 3239 3194 3284 sunt
3226 3231 3279 3283 in
3304 3245 3467 3295 anno,

1913 3323 2056 3377 diem
2089 3322 2277 3387 elﬁcit,
2309 3331 2522 3376 noctem
2563 3337 2693 3376 vero
2735 3322 3127 3376 brevissimam.
3161 3321 3318 3391 Atqui
3354 3321 3470 3376 dies

1913 3418 2264 3487 longissimus
2295 3417 2518 3487 aequalis
2573 3423 2656 3471 est
2699 3415 2845 3469 nocti
2880 3415 3225 3484 longissimae,
3263 3422 3316 3468 et
3353 3415 3469 3470 dies

1915 3509 2268 3564 brevissimus
2290 3508 2510 3578 :cqualis
2532 3517 2614 3562 est
2637 3510 2780 3560 nocti
2807 3505 3155 3561 brevissimae.
3188 3503 3311 3560 Dies
3340 3521 3470 3559 vero

1914 3600 2267 3669 longissimus
2324 3600 2376 3652 in
2411 3601 2626 3653 climate
2657 3597 2833 3651 Rhodi
2872 3606 2954 3651 est
3003 3598 3256 3650 horarum
3301 3597 3472 3666 squi-

1915 3693 2226 3746 noctialium
2250 3692 2310 3744 14
2334 3689 2870 3762 1/4.}Equinoclium
2890 3689 3200 3742 autumnale
3219 3695 3322 3744 est.
3343 3703 3467 3742 cum

1915 3783 2053 3838 sola
2079 3783 2280 3838 boreali
2324 3783 2479 3852 plaga
2529 3781 2593 3834 ad
2625 3780 2915 3835 australem
2956 3780 3168 3848 plagam
3212 3778 3462 3843 tendens,

1915 3873 2108 3929 iterum
2152 3874 2216 3927 ad
2262 3871 2690 3941 a'quinoclialem
2742 3870 3003 3924 circulum
3044 3869 3367 3938 pervenerit,
3411 3877 3466 3924 et.

1913 3965 2054 4020 diem
2103 3965 2252 4019 nocti
2311 3965 2571 4032 aequalem
2622 3961 2878 4016 elTecerit.
2920 3960 3224 4014 Solstitium
3283 3968 3466 4014 autem

1911 4057 2195 4111 hibernum
2222 4063 2326 4119 est,
2373 4070 2493 4109 cum
2525 4055 2604 4109 sol
2630 4053 2946 4125 longissime
2979 4067 3008 4104 a
3048 4061 3248 4122 puncto
3278 4063 3468 4107 nostro

1912 4147 2155 4204 verticali
2200 4147 2533 4208 discesserit,
2577 4153 2631 4199 et
2680 4146 3053 4208 humillimus,
3094 4145 3270 4213 quoad
3317 4145 3466 4198 hori-

1914 4245 2142 4303 zontem,
2189 4237 2362 4291 factus
2404 4236 2594 4299 fuerit,
2631 4236 2882 4305 idemque
2926 4237 3187 4289 circulum
3233 4235 3470 4290 maxime

1912 4328 2202 4384 australem
2236 4325 2607 4396 descripserit.
2635 4334 2687 4380 et
2714 4333 2927 4378 noctem
2960 4325 3328 4395 longissimam
3354 4340 3465 4378 om-

1912 4421 2083 4484 nium,
2114 4435 2234 4490 quae
2266 4425 2394 4473 sunt
2427 4418 2480 4470 in
2525 4431 2689 4478 anno,
2716 4417 2969 4482 eﬂ'ecerit,
2999 4418 3138 4470 diem
3172 4431 3305 4471 vero
3344 4417 3467 4471 bre—

1834 4514 2213 4576 Dvissimum.
2270 4509 2364 4566 Est
2418 4517 2595 4563 autem
2635 4508 2946 4578 longissima
2996 4523 3101 4560 nox
3147 4508 3200 4560 in
3248 4507 3467 4562 climate

1910 4604 2084 4659 Rhodi
2117 4602 2374 4656 horarum
2404 4598 2856 4669 aequinoctialium
2884 4595 2950 4650 Η
2983 4596 3105 4666 1/2.

1981 4693 2245 4764 Tempora
2265 4705 2414 4755 vero,
2450 4704 2566 4760 quae
2584 4696 2710 4744 sunt
2729 4687 2869 4742 inter
2912 4685 3142 4742 solstitia
3183 4695 3237 4742 et
3292 4684 3462 4757 αιηυὶ-

1907 5021 2018 5062 rem
2045 5005 2304 5058 rusticam
2335 5010 2387 5058 et
2420 5001 2584 5071 hujus
2612 4999 2968 5072 generis'alia
2994 5008 3348 5072 pertractant.

1976 5075 2052 5145 (5)
2091 5074 2196 5128 Kal
2244 5070 2661 5145 ταπεινότατος
2707 5072 2786 5145 ὡς
2838 5070 3129 5145 πρὸςντὸν
3173 5070 3457 5145 ἀρίζοντα.

1918 5143 2236 5208 ’ἰδιωτικῶς,
2283 5151 2337 5198 et
2387 5144 2453 5196 ad
2504 5143 2716 5196 oculum
2772 5143 2844 5198 ita
2888 5143 3145 5198 Geminus
3197 5143 3460 5209 loquitur,

1905 5216 2033 5287 quia
2069 5225 2196 5268 tunc
2228 5214 2310 5268 sol
2345 5212 2576 5287 maxime
2619 5211 2979 5287 dejeclustet
3027 5213 3291 5287 horizonti
3321 5213 3461 5287 vici-

1905 5282 2011 5356 nus
2062 5292 2303 5356 apparet.
2360 5283 2525 5338 Recte
2571 5291 2750 5336 autem
2801 5285 3028 5356 addidit,
3068 5283 3149 5356 dli
3186 5282 3319 5352 πρὸς
3371 5282 3464 5334 τὸν

1904 5350 2188 5428 ὁρίζοντα,
2226 5368 2290 5410 eo
2342 5368 2528 5418 sensu,
2575 5355 3050 5428 quem_diximus.
3105 5350 3239 5428 Nam
3270 5367 3460 5428 revera

1904 5421 2069 5481 terris
2100 5426 2318 5479 citimus
2367 5438 2475 5477 non
2529 5431 2645 5476 erat
2691 5423 2772 5476 sol
2813 5433 2970 5480 aetate
3011 5421 3223 5478 Gemini
3271 5422 3326 5474 in
3376 5422 3468 5475 hi-

1904 5497 2073 5572 berno
2111 5498 2322 5572 tropico
2353 5511 2368 5547 :
2401 5492 2496 5572 sed
2523 5492 2579 5546 in
2617 5490 2890 5572 sagittarii
2931 5495 3097 5565 gradu
3131 5491 3323 5561 quinto
3350 5492 3465 5572 cir-

1904 5567 2076 5629 citer;
2113 5563 2216 5636 ubi
2243 5575 2356 5618 tum
2389 5563 2523 5617 solis
2551 5571 2668 5636 erat
2706 5563 3000 5636 perigeuﬁt,
3030 5573 3090 5636 ρι
3115 5563 3461 5636 apageu‘m‘i‘n

1903 5638 2092 5706 quinto
2120 5634 2490 5698 Geminorum,
2517 5632 2659 5703 quod
2701 5640 2754 5687 et
2787 5631 2906 5707 pag.
2945 5635 2978 5688 4
3030 5633 3291 5688 Geminus
3319 5631 3467 5687 indi-

1901 5717 2050 5848 cat(li)
2089 5780 2150 5832 Ol
2176 5776 2243 5832 δὲ
2259 5775 2484 5848 μεταξὺ
2515 5775 2736 5845 χρόνοι.
2769 5771 2969 5827 Eodem
2996 5767 3158 5826 modo
3181 5780 3359 5821 annus
3389 5764 3461 5820 ab
