4008 6204
524 340 613 392 ῗξὶί
1493 337 1582 390 AD
1614 335 1878 392 EUSEBII
1921 332 2304 389 CHRONICON
2354 333 2713 388 APPENDIX.

3652 329 3767 383 ’ἳΞῖ

521 457 828 522 noctia,hoc
846 456 1004 510 modo
1021 453 1363 510 dividuntur:
1386 453 1791 524 abaequinoctio
1805 467 2080 514 verno,us-

2190 453 2383 523 μεριῶν
2435 452 2618 506 τοῦτον
2664 451 2992 522 διαιροῦνται
3037 450 3125 502 τὸν
3181 449 3404 521 τρόπον’
3457 447 3607 500 Ἀπὸ
3661 446 3774 516 μὲν

520 564 624 618 quc
641 547 705 602 ad
722 547 1007 602 solstitium
1020 546 1260 600 aestivum
1274 546 1389 600 dies
1407 555 1527 600 sunt
1547 545 1615 599 94
1644 544 1776 614 4/2;
1797 559 1915 598 nam
1932 544 1986 598 in
2001 551 2081 597 tot

521 641 712 694 diebus
741 639 934 692 transit
972 639 1052 693 sol
1081 639 1338 701 Arietem,
1364 634 1624 699 Taurum,
1655 634 1908 689 Geminos
1937 642 1990 688 et
2012 633 2077 686 ad

524 733 751 803 primam
774 739 979 800 partem
997 731 1189 785 Cancri
1207 728 1490 792 accedens,
1519 727 1807 782 solstitium
1834 727 2077 780 aestivum

523 825 703 880 ellicit.
747 823 830 877 Ab
875 825 1061 878 aestivo
1102 824 1335 878 solstitio
1370 837 1543 891 usque
1577 821 1644 873 ad
1693 819 2076 889 aequinoctium

525 917 834 972 autumnale
862 916 976 971 dies
998 915 1358 985 sunt921/2;
1386 931 1506 968 nam
1528 915 1582 967 in
1601 921 1679 967 tot
1701 912 1889 967 diebus
1908 921 2079 966 trans-

524 1007 566 1060 it
601 1007 680 1061 sol
706 1006 997 1068 Cancrum,
1020 1005 1276 1070 Leonem,
1318 1003 1618 1074 Virginem,
1645 1011 1700 1057 et
1754 1002 1822 1056 ad
1849 1002 2076 1071 primam

525 1104 731 1167 partem
765 1095 939 1151 Libra:
972 1096 1235 1151 accedens
1267 1094 1426 1149 elﬁcit
1447 1094 1830 1164 aequinoctium
1865 1100 2081 1146 autum-

526 1189 668 1243 nale.
697 1189 778 1243 Δὶ)
811 1188 1132 1258 aequinoctio
1162 1188 1456 1262 autumnali
1495 1203 1666 1258 usque
1697 1187 1761 1240 ad
1785 1185 2077 1241 solstitium

521 1282 810 1337 hibernum
829 1281 944 1335 dies
961 1288 1086 1334 sunt
1110 1280 1330 1350 881/8;
1352 1296 1473 1334 nam
1495 1281 1547 1333 in
1573 1286 1650 1334 tot
1669 1279 1858 1334 diebus
1881 1278 2080 1331 transit

529 1375 608 1431 sol
673 1372 920 1440 Libram}.
981 1370 1294 1442 Scorpium,
1357 1370 1704 1442 Sagittarium
1729 1412 1743 1436 ,
1785 1378 1839 1424 et
1874 1368 1939 1422 ad
1980 1371 2082 1437 pri-

528 1483 669 1522 mam
718 1474 920 1536 partem
970 1464 1285 1534 Capricorni
1332 1463 1651 1535 perveniens
1693 1459 1853 1515 eﬁieit
1892 1459 2080 1514 solsti-

525 1563 662 1614 tium
690 1561 994 1615 hibernum.
1022 1559 1065 1611 A
1097 1558 1332 1614 solstitio
1364 1557 1592 1611 hiberno
1624 1571 1796 1625 usque
1825 1552 1890 1606 ad
1913 1551 2082 1621 aequi-

528 1656 768 1708 noctium
797 1666 1022 1708 vernum
1050 1651 1322 1706 dies-sunt
1348 1650 1416 1704 90
1440 1649 1569 1719 1/8;
1605 1649 1658 1702 in
1695 1655 1776 1700 tot
1805 1644 1947 1700 enim
1969 1643 2083 1696 die-

530 1747 632 1801 bus
681 1745 876 1800 transit
935 1744 1017 1798 sol
1056 1743 1262 1812 reliqua
1299 1742 1406 1795 tria
1437 1743 1613 1810 signa,
1666 1740 2078 1810 Capricornum.

2183 541 2465 613 ἰσημερίας
2518 543 2762 614 ὲαρινῆς.
2794 542 2954 614 μέχρι
2997 541 3202 612 τροπῆς
3254 540 3465 611 θερινῆς
3531 539 3771 610 ἡμέραι

2178 635 2312 686 εἰσὶν
2331 635 2486 700 ιηδςη·
2507 637 2562 688 έν
2595 634 2702 707 γὰρ
2732 634 3020 698 τοσαύταις
3044 633 3275 704 ἡμέραις
3301 632 3715 703 διαπορεύεται
3741 632 3773 685 ό

2177 727 2323 798 ἡλιος
2348 728 2534 800 Κριὸν,
2567 727 2796 799 Ταῦρον,
2823 727 3107 799 Διδύμους,
3133 727 3228 780 καὶ
3268 728 3359 780 ἐπὶ
3385 726 3483 797 τὴν
3515 723 3774 796 πρώτην

2182 825 2370 892 μοῖραν
2424 822 2514 875 τοῦ
2576 821 2847 892 Καρκίνου
2883 819 3330 892 παραγινόμενος,
3377 819 3476 890 τὴν
3522 815 3775 888 θερινὴν

2177 913 2380 986 τροπὴν
2409 915 2670 966 ποιεῖται·
2707 912 2812 966 ἀπὸ
2839 911 2894 964 δὲ
2919 912 3137 983 θερινῆς
3169 913 3376 983 τροπῆς
3423 910 3636 981 μέχρις
3685 910 3774 960 ἰσ-

2177 1025 2210 1077 η
2219 1005 2406 1077 μερίας
2424 1006 2818 1077 φθινοπωρινῆς
2834 1004 3032 1075 ἡμέραι
3057 1005 3194 1057 εἰσὶν
3210 1002 3372 1072 Lﬁg'“
3395 1003 3452 1053 ἐν
3508 1001 3636 1070 γὰρ
3674 1016 3774 1052 το-

2181 1099 2401 1160 σαύταις
2461 1096 2694 1168 ἡμέραις
2745 1095 3123 1166 διαπορεύεται
3156 1097 3184 1148 ὁ
3237 1093 3385 1163 ἥλιος
3436 1090 3771 1163 Καρκίνον,

2181 1192 2380 1246 Λέοντα
2399 1231 2414 1254 ,
2445 1190 2741 1261 Παρθένον,
2774 1189 2865 1242 καὶ
2901 1190 2992 1242 ἐπὶ
3020 1189 3117 1258 τὴν
3151 1186 3372 1258 πρώτην
3398 1188 3611 1256 μοῖραν
3653 1180 3774 1235 τῶν

2180 1281 2370 1352 Χηλῶν
2399 1280 2828 1351 παραγινόμενος
2868 1278 2964 1350 τὴν
3004 1278 3393 1348 φθινοπωρινὴν
3445 1272 3773 1346 ἰσημερίαν

2182 1379 2440 1429 ποιεῖται·
2475 1373 2581 1427 ἀπὸ
2607 1373 2660 1426 δὲ
2691 1372 2975 1444 ἰσημερίας
2998 1367 3393 1440 φθινοπωρινῆς
3425 1366 3607 1437 μέχρι
3631 1380 3772 1435 τρο-

2181 1467 2289 1536 πῆς
2315 1465 2624 1536 χειμερινῆς
2657 1463 2859 1535 ἡμέραι
2890 1463 3022 1514 εἰσὶν
3049 1466 3234 1531 πηή⁰’
3260 1475 3272 1487 ·
3321 1461 3378 1511 ἐν
3413 1457 3532 1527 γὰρ
3565 1454 3774 1509 τοσαύ-

2181 1575 2299 1621 ταις
2327 1557 2556 1628 ἡμέραις
2585 1553 2961 1625 διαπορεύεται
2983 1556 3010 1605 ό
3038 1553 3185 1623 ῆλιος
3210 1551 3413 1622 Χηλὰς,
3439 1548 3768 1619 Σκορπίον,

2182 1649 2433 1717 Τοξότην,
2463 1647 2557 1700 καὶ
2586 1647 2676 1698 ἐπὶ
2707 1646 2804 1717 τὴν
2832 1644 3052 1716 πρώτην
3069 1647 3266 1716 ’μοῖραν
3298 1639 3772 1713 παραγενόμενος

2182 1739 2209 1789 ὁ
2239 1735 2386 1806 ἥλιος
2427 1733 2518 1787 τοῦ
2557 1734 2855 1803 Αἰγόκερω,
2896 1733 2994 1803 τὴν
3024 1732 3335 1804 χειμερινὴν
3378 1730 3606 1802 τροπὴν
3639 1743 3770 1779 ποι-

530 1838 860 1908 Aquarium,
893 1826 1096 1890 Pisces.
1143 1834 1340 1888 Omnes
1381 1833 1543 1904 igitur
1575 1834 1689 1887 dies
1721 1833 1911 1886 borum
1944 1843 2047 1897 qua

2190 1829 2350 1879 εἷται⁸
2386 1825 2492 1879 ἀπὸ
2524 1825 2579 1876 δὲ
2623 1826 2827 1896 τροπῆς
2863 1825 3172 1895 χειμερινῆς
3212 1824 3401 1894 μέχρις
3449 1820 3772 1891 ἰσημερίας

532 1939 654 1984 tuor
672 1936 975 1998 temporum
998 1925 1156 1981 simul
1189 1925 1388 1994 sumpti
1426 1924 1662 1980 eﬁiciunt
1693 1923 1809 1977 dies
1827 1921 1927 1976 565
1951 1919 2078 1988 1/4,

531 2028 663 2091 quot
700 2020 861 2074 etiam
897 2019 950 2072 in
983 2035 1088 2072 uno
1119 2024 1244 2072 sunt
1272 2033 1433 2071 anno.

2188 1917 2404 1986 ἐαρινῆς
2437 1913 2636 1986 ἡμέραι
2663 1916 2796 1967 εἰσὶν
2832 1919 2969 1986 μἠονν
3012 1933 3025 1945 ο
3058 1917 3115 1967 ὲν
3146 1914 3252 1985 γάρ
3282 1912 3584 1975 τοσαύταις
3625 1908 3771 1982 ἡμέ-

2191 2024 2309 2077 ραις
2355 2003 2728 2076 διαπορεύεται
2776 2005 2804 2055 ό
2851 2005 2998 2073 ἥλιος
3057 2003 3125 2056 τά
3168 2002 3588 2072 ἀπολειπόμενα
3637 1996 3771 2066 τρία

533 2116 725 2181 ζώδια,
759 2116 1087 2184 Αίγόκερων,
1133 2113 1438 2183 ’Υδροχόον,
1485 2110 1710 2180 Ἰχθύας.
1737 2109 1800 2160 Αἰ
1835 2108 2002 2159 πᾶσαι
2041 2099 2132 2156 οὖν
2177 2101 2376 2174 ἡμέραι
2404 2100 2607 2153 τούτων
2647 2100 2754 2153 τῶν
2799 2102 3074 2172 τεσσάρων
3111 2100 3312 2171 χρόνων
3363 2096 3769 2167 συντιθέμεναι

535 2211 741 2266 ποιοῦσι
768 2209 870 2274 τξε⁹
904 2190 1004 2272 δ⁶”,
1033 2212 1260 2278 ὅσαιπερ
1288 2204 1424 2278 ἦσαν
1449 2207 1502 2259 αἰ
1535 2205 1623 2258 τοῦ
1657 2201 1916 2256 ἐνιαυτοῦ.

606 2302 877 2366 Quaeritur
913 2301 1076 2370 igitur
1121 2301 1174 2353 in
1218 2299 1322 2363 his,
1365 2313 1482 2364 cur,
1515 2312 1637 2351 cum
1685 2303 1915 2366 quatuor
1950 2291 2079 2346 dicti

536 2395 865 2464 quadrantes
911 2392 1117 2446 zodiaci
1165 2392 1305 2446 inter
1356 2406 1414 2444 se
1464 2390 1572 2443 sint
1611 2388 1867 2457 aequales.
1911 2393 1962 2439 et
2004 2385 2086 2440 sol

539 2498 749 2553 semper
778 2482 1053 2553 aequaliter
1081 2489 1356 2536 moveatur
1377 2521 1392 2544 ,
1432 2478 1621 2550 ipsein
1651 2478 1982 2550 temporibus
2011 2477 2088 2533 in-

539 2574 836 2646 mqualibus
857 2574 1089 2644 aequales
1120 2574 1309 2628 borum
1357 2574 1715 2644 quadrantum
1762 2587 1921 2628 arcus
1960 2589 2084 2642 per-

539 2676 727 2738 agret;
786 2681 908 2720 nam
956 2681 1050 2735 per
1083 2675 1246 2720 totam
1287 2668 1672 2720 astronomiam
1721 2665 2087 2736 pra-supponi-

540 2769 650 2823 tur,
679 2767 730 2814 et
760 2758 950 2820 solem,
979 2765 1031 2812 et
1055 2757 1258 2821 lunam,
1286 2767 1339 2811 et
1379 2757 1615 2827 quinque
1647 2757 1888 2826 planetas
1911 2770 2091 2826 aequa-

540 2853 684 2914 liter,
709 2850 1069 2913 circularitcr,
1110 2858 1164 2904 et
1193 2863 1380 2902 contra
1413 2849 1594 2902 mundi
1633 2859 1835 2902 motum
1858 2847 2086 2902 moveri.

538 2941 870 3013 Pytliagoraei
908 2942 1072 3006 enim,
1125 2954 1246 2994 cum
1292 2939 1451 3009 primi
1498 2939 1596 2994 has
1643 2940 1968 3010 quaestiones
2001 2954 2088 3008 ag-

536 3033 931 3105 grederentur,
986 3039 1500 3100 praesupposuerunt
1569 3031 1862 3086 circulares
1928 3040 2089 3101 atque
2147 3038 2150 3040 ⁷

2269 2295 2633 2366 Ἐπιζητεῖται
2665 2289 2756 2348 οὖν
2786 2297 2842 2348 ἐν
2865 2295 3094 2363 τούτοις,
3118 2295 3252 2362 πῶς,
3282 2297 3408 2350 ίσων
3432 2297 3619 2352 όντων
3655 2300 3768 2354 τῶν

2191 2389 2464 2459 τεσσάρων
2501 2389 2701 2461 μορίων
2762 2387 2853 2441 τοῦ
2897 2386 3156 2451 ζωδιακοῦ
3207 2387 3439 2455 κύκλου,
3486 2392 3519 2442 ὁ
3568 2390 3768 2463 ἥλιος,

2193 2480 2450 2555 ἰσοταχῶς
2475 2479 2798 2555 κινούμενος
2831 2478 2918 2537 διά
2949 2479 3178 2548 παντὸς,
3207 2480 3263 2531 ὲν
3297 2480 3498 2546 ἀνίσοις
3537 2482 3772 2554 χρόνοις

2187 2575 2561 2647 διαπορεύεται
2588 2576 2684 2640 τὰς
2715 2578 2832 2640 ίσας
2883 2577 3252 2648 περιφερείας.
3288 2578 3609 2634 ’Υπόκειται
3660 2582 3772 2652 γάρ

2192 2668 2325 2736 πρὸς
2369 2668 2493 2739 ὅλην
2556 2669 2652 2739 τὴν
2698 2668 3044 2740 ἀστρολογίαν
3070 2670 3089 2699 ⁷
3139 2669 3286 2739 ἥλιόν
3335 2687 3394 2723 τε
3439 2673 3536 2724 xui.
3599 2675 3756 2746 σελή

2191 2777 2322 2830 νην,
2354 2761 2447 2813 καὶ
2496 2760 2620 2824 τοὺς
2650 2761 2809 2813 πέντε
2855 2760 3125 2832 πλανήτας
3164 2763 3541 2833 ίσοταχῶς,καὶ
3584 2768 3770 2834 ἐγκυ-

2191 2853 2372 2917 κλίως,
2412 2853 2503 2906 καὶ
2534 2852 2863 2916 ὑπεναντίως
2901 2853 2979 2923 τῷ
3024 2854 3209 2925 κόσμῳ
3245 2856 3524 2908 κινεῖσθαι.
3559 2858 3631 2910 Οἱ
3659 2859 3768 2930 γὰρ

2191 2943 2581 3015 Πυθαγόρειοι,
2635 2942 2840 3012 πρῶτοι
2890 2943 3269 3014 προσελθόντες
3313 2949 3428 3010 ταῖς
3469 2949 3767 3014 τοιαύταις

2190 3036 2507 3106 ζητήσεσιν,
2549 3035 2806 3090 ὑπέθεντο
2847 3036 3160 3105 ἐγκυκλίους
3191 3038 3283 3091 καὶ
3324 3038 3528 3110 ὁμαλὰς
3565 3043 3763 3113 ἡλίου,

539 3125 773 3194 aequales
804 3123 956 3184 solis,
991 3123 1129 3175 luna:
1157 3131 1208 3175 et
1249 3121 1606 3175 erraticarum
1651 3122 1929 3175 stellarum
1972 3136 2085 3173 mo-

2190 3132 2279 3184 xat‘t
2329 3133 2555 3203 σελήνης
2585 3170 2599 3195 ,
2637 3132 2732 3185 καὶ
2777 3130 2884 3184 τῶν
2941 3139 2978 3184 ε’
3027 3133 3305 3202 πλανητῶν
3353 3137 3597 3208 ἀστέρων
3658 3139 3764 3203 τάς

520 3228 645 3273 .tus.
691 3213 824 3268 Nam
873 3213 1185 3283 huiusmodi
1215 3214 1675 3284 ‘irregularitatem
1708 3229 1815 3266 non
1855 3212 2088 3267 admise-

539 3317 666 3364 runt
701 3307 756 3360 in
809 3307 892 3361 his
950 3304 1147 3359 divinis
1190 3313 1352 3374 atque
1396 3305 1612 3359 aeternis
1643 3304 1984 3373 corporibus,
2032 3315 2090 3358 ut

540 3394 806 3454 interdum
857 3397 1094 3453 velocius
1146 3404 1511 3460 moverentur,
1553 3397 1821 3450 interdum
1857 3399 2089 3462 tardius,

543 3490 813 3546 interdum
852 3497 1078 3552 starent,
1120 3498 1179 3543 ut
1225 3504 1355 3544 sane
1392 3489 1550 3544 etiam
1599 3490 1858 3544 stationes
1902 3497 2093 3543 vocant

542 3583 599 3636 in
630 3582 870 3652 quinque
907 3581 1155 3636 erraticis
1188 3581 1379 3637 stellis.
1408 3579 1588 3651 Neque
1615 3582 1757 3636 enim
1792 3582 1844 3635 in
1873 3582 2092 3636 homine

541 3677 678 3732 bene
713 3675 764 3745 3
802 3674 1100 3744 composito
1135 3681 1188 3729 et
1231 3675 1480 3728 ordinato
1521 3674 1683 3727 talem
1730 3682 1909 3728 motus
1955 3675 2092 3728 irre-

539 3767 880 3838 gularitatem
931 3766 985 3820 in
1037 3765 1312 3836 gressibus
1357 3765 1552 3836 aliquis
1581 3765 1931 3829 admitteret;
1967 3780 2092 3818 nam

542 3859 664 3912 vitae
693 3857 1044 3912 necessitates
1070 3873 1210 3927 saepe
1237 3856 1374 3911 ﬁunt
1403 3856 1714 3912 hominibus
1736 3871 1913 3911 causa:
1932 3855 2096 3910 tardi-

541 3949 689 4013 tatis,
717 3957 769 4003 et
796 3948 1112 4003 velocitatis.
1143 3947 1212 4001 At
1243 3950 1296 4002 in
1326 3949 1440 4018 ipsa
1466 3948 1860 4018 incorruptibili
1900 3956 2092 4002 natura

541 4043 816 4096 stellarum
857 4058 965 4096 non
996 4049 1172 4112 potest
1204 4043 1310 4096 ulla
1343 4057 1508 4097 causa
1539 4043 1831 4097 celeritatis
1879 4049 1934 4097 et
1987 4051 2097 4097 tar-

539 4134 724 4188 ditatis
767 4133 981 4187 adduci.
1039 4132 1209 4198 Quam
1257 4136 1328 4190 ob
1348 4150 1565 4190 causam
1598 4135 1931 4206 Pythagoran
1959 4136 2096 4189 hanc

541 4232 936 4295 proposuerunt
975 4225 1328 4293 quaestionem
1369 4225 1687 4291 :Quomodo
1713 4243 1810 4297 per
1856 4228 2093 4281 circula-

541 4329 630 4367 res
662 4321 715 4368 et
755 4314 989 4383 aequales
1045 4324 1222 4367 motus
1251 4325 1474 4383 possent
1508 4317 1837 4385 apparentia:
1868 4316 2086 4372 salvari.

613 4404 686 4459 De
717 4404 940 4475 reliquis
970 4404 1129 4474 igitur
1158 4404 1387 4473 planetis
1435 4405 1490 4459 in
1532 4389 1655 4460 aliis
1689 4407 1907 4476 scriptis
1962 4422 2096 4462 cau-

543 4513 658 4551 sam
687 4512 1048 4567 exponemus;
1079 4510 1226 4550 nunc
1257 4511 1385 4552 vero
1417 4497 1484 4553 de
1522 4499 1635 4554 sole
1661 4513 1883 4553 causam
1905 4507 2090 4555 osten-

541 4591 749 4653 demus,
777 4605 895 4656 cur,
937 4606 1059 4645 cum
1087 4590 1363 4660 aequaliter
1405 4599 1710 4657 moveatur,
1751 4593 1807 4645 in
1831 4594 2095 4662 tempori-

541 4679 646 4735 bus
675 4681 1029 4753 inaequalibus
1075 4681 1307 4751 aequales
1350 4694 1509 4736 arcus
1556 4682 1763 4736 zodiaci
1809 4681 2085 4738 conﬁciat.

545 4770 805 4842 Suprema
839 4772 1001 4842 igitur
1029 4782 1112 4828 est
1143 4772 1383 4826 omnium
1411 4787 1474 4828 ea
1502 4772 1712 4842 sphaera
1739 4813 1753 4835 ,
1787 4780 1907 4842 quae
1951 4775 2082 4830 stel-

542 4861 717 4916 larum
758 4861 980 4916 lixarum
1010 4863 1228 4927 dicitur,
1253 4879 1373 4933 quae
1403 4863 1458 4918 in
1480 4879 1539 4920 se
1569 4865 1811 4921 continet
1843 4868 2083 4922 omnium

544 4952 771 5006 lixarum
799 4953 1306 5017 constellationum,
1352 4954 1464 5009 sive
1513 4955 1789 5026 signorum
1835 4956 2088 5029 eﬁigiem.

541 5042 662 5100 Non
690 5055 772 5100 est
801 5051 978 5098 autem
1009 5045 1351 5116 cogitandum
1376 5085 1391 5111 ,
1423 5061 1611 5102 omnes
1645 5049 1832 5104 stellas
1863 5050 1965 5103 sub
1989 5064 2079 5104 ea-

543 5139 663 5194 dem
693 5151 813 5192 esse
843 5136 1044 5204 positas
1079 5136 1395 5206 superﬁcie,
1446 5138 1538 5193 sed
1574 5139 1707 5194 alias
1741 5155 1862 5196 esse
1917 5143 2090 5197 subli-

543 5228 742 5281 miores
763 5270 776 5291 ,
821 5227 954 5281 alias
986 5226 1317 5283 humiliores.
1355 5227 1488 5283 Cum
1537 5230 1679 5284 enim
1713 5231 1865 5286 visus
1897 5240 2082 5288 noster

545 5323 612 5376 ad
644 5323 902 5393 tequalem
946 5321 1328 5389 longitudinem
1376 5336 1407 5374 a
1455 5329 1599 5376 terra
1629 5323 1685 5377 in
1729 5324 1926 5379 malum
1960 5340 2083 5380 sese

2192 3224 2447 3295 κινήσεις.
2480 3223 2588 3294 Τὴν
2613 3223 2720 3295 γὰρ
2739 3223 2990 3293 τοιαύτην
3020 3225 3238 3290 ἀταξίαν
3269 3226 3328 3279 οὑ
3363 3228 3764 3298 προσεδέξαντο

2192 3316 2328 3384 πρὸς
2354 3313 2421 3367 τά
2453 3313 2569 3368 θεῖα
2591 3315 2682 3367 καὶ
2729 3313 2918 3370 αἰώνια
2939 3331 2952 3344 ⁸
2988 3315 3062 3379 ὡς
3092 3316 3219 3369 ποτὲ
3241 3317 3336 3386 μὲν
3369 3318 3552 3387 τάχιον
3582 3325 3765 3375 κινεῖ-

2195 3403 2335 3466 σθαι,
2363 3403 2490 3456 ποτὲ
2519 3403 2573 3456 δὲ
2601 3403 2833 3474 βράδιον,
2863 3402 2990 3456 ποτὲ
3015 3403 3070 3456 δὲ
3109 3405 3418 3476 έστηκέναι·
3444 3407 3536 3468 οὓς
3563 3409 3632 3479 δὴ
3661 3413 3763 3465 καὶ

2193 3495 2413 3548 καλοῦσι
2458 3497 2790 3566 στηριγμούς
2828 3496 2918 3547 ἐπὶ
2950 3496 3057 3548 τῶν
3105 3503 3144 3549 ε’
3171 3497 3446 3569 πλανητῶν
3472 3499 3757 3570 ἀστέρων.

2193 3586 2325 3639 Οὐδὲ
2347 3585 2453 3658 γὰρ
2486 3588 2613 3657 περὶ
2637 3586 2916 3658 ἄνθρωπον
2953 3587 3176 3658 κόσμιον
3209 3590 3302 3643 καὶ
3332 3590 3658 3659 τεταγμένον
3691 3595 3760 3646 ὲν

2193 3682 2310 3742 ταῖς
2345 3680 2588 3750 πορείαις
2621 3678 2720 3751 τὴν
2744 3679 2996 3751 τοιαύτην
3024 3682 3330 3752 ἀνωμαλίαν
3352 3683 3444 3753 τῆς
3473 3685 3758 3755 κινήσεως

2195 3771 2549 3842 προσεδέξατο
2584 3773 2605 3804 ⁸
2635 3772 2698 3825 ἀν
2744 3790 2859 3838 τις’
2898 3775 2954 3827 αἰ
2996 3775 3103 3845 γὰρ
3151 3774 3242 3826 τοῦ
3273 3775 3386 3844 βίου
3425 3778 3601 3846 χρεῖαι
3637 3783 3761 3843 τοῖς

2195 3862 2497 3934 ἀνθρώποις
2528 3863 2785 3929 πολλάκις
2827 3864 2994 3918 αἴτιαι
3019 3864 3256 3933 γίνονται
3302 3866 3631 3938 βραδυτῆτος
3660 3870 3761 3924 καὶ

2195 3955 2492 4025 ταχυτῆτος
2511 3973 2524 3987 ο
2549 3973 2614 4008 πε
2624 3956 2677 4026 pl.
2701 3955 2756 4007 δὲ
2781 3956 2878 4027 τὴν
2898 3957 3168 4027 ἄφθαρτον
3196 3957 3354 4027 φύσιν
3376 3957 3482 4011 τῶν
3506 3961 3756 4031 ἀστέρων

2195 4047 2446 4118 οὐδεμίαν
2466 4047 2684 4101 δυνατὸν
2719 4048 2896 4102 αἰτίαν
2921 4050 3293 4121 προσαχθῆναι
3335 4052 3630 4122 ταχυτῆτος
3657 4056 3753 4106 καὶ

2199 4141 2543 4212 βραδυτῆτος.
2581 4142 2654 4193 Δι’
2679 4142 2867 4211 ἥντινα
2891 4143 3068 4196 αἰτίαν
3085 4143 3400 4213 προέτειναν
3436 4144 3593 4200 οὕτω
3622 4146 3754 4210 Πῶς

2197 4232 2261 4287 ἂν
2287 4232 2352 4285 δι’
2385 4232 2684 4301 ἐγκυκλίων
2713 4235 2805 4286 καὶ
2831 4235 3044 4303 ὁμαλῶν
3076 4237 3340 4308 κινήσεων
3366 4239 3642 4310 ἀποδοθείη
3679 4240 3751 4292 τὰ

2201 4326 2516 4397 φαινόμενα.

2268 4417 2402 4488 Περί
2442 4415 2539 4486 μὲν
2567 4412 2656 4470 οὖν
2678 4416 2785 4470 τῶν
2806 4417 3004 4470 λοιπῶν
3020 4419 3261 4491 ἀστέρων
3293 4423 3352 4475 ὲν
3381 4423 3582 4490 ἑτέροις
3609 4425 3752 4477 ἀπο-

2199 4504 2438 4576 δώσομεν
2468 4506 2564 4577 τὴν
2588 4507 2762 4560 αἰτίαν
2780 4523 2794 4536 ·
2823 4507 2938 4560 νυνὶ
2958 4507 3013 4560 δὲ
3043 4509 3169 4580 περὶ
3196 4508 3344 4579 ἡλίου
3380 4509 3751 4583 ὑποδείξομεν,

2200 4597 2264 4650 δι’
2299 4598 2363 4668 ἡν
2391 4597 2568 4653 αἰτίαν
2595 4597 2853 4670 ἰσοταχῶς
2881 4598 3213 4668 κινούμενος,
3241 4603 3297 4654 ὲν
3319 4601 3517 4665 ἀνίσοις
3539 4605 3755 4674 χρόνοις

2199 4689 2298 4754 τὰς
2327 4690 2446 4754 ῐσας
2474 4691 2822 4762 περιφερείας
2863 4690 3238 4762 διαπορεύεται
3265 4693 3285 4724 ⁹
3307 4709 3319 4722 ·
3354 4693 3610 4746 ἀνωτάτω
3643 4694 3754 4765 γὰρ

2202 4783 2415 4836 πάντων
2465 4784 2610 4836 ἐστὶν
2665 4785 2698 4854 ἡ
2743 4782 3006 4854 λεγομένη
3066 4782 3170 4836 τῶν
3215 4784 3467 4840 ἀπλανῶν
3507 4785 3754 4856 ἀστέρων

2200 4877 2416 4946 σφαῖρα,
2454 4876 2487 4945 ἡ
2519 4867 2843 4946 περιέχουσα
2871 4873 3086 4928 πάντων
3104 4875 3212 4928 τῶν
3244 4876 3754 4946 κατηστερισμένων

2199 4963 2401 5028 ζωδίων
2432 4967 2529 5036 τὴν
2559 4965 2926 5019 εἰδωλοποιίαν
2943 4965 3033 5017 ὀύ
3073 4966 3276 5030 πάντας
3300 4966 3355 5018 δὲ
3371 4969 3493 5030 τοὺς
3516 4967 3756 5038 ἀστέρας

2199 5056 2534 5127 ὑποληπτέον
2571 5057 2678 5111 ὑπὸ
2715 5059 2842 5128 μίαν
2880 5057 3198 5128 ἐπιφάνειαν
3227 5060 3471 5112 κεῖσθαι*
3517 5059 3634 5113 ἀλλ’
3663 5060 3759 5122 οὓς

2203 5148 2301 5218 μὲν
2344 5151 2772 5221 μετεωροτέρους
2803 5149 3083 5221 ὑπάρχειν,
3121 5149 3212 5215 οὓς
3233 5151 3290 5203 δὲ
3321 5151 3756 5222 ταπεινοτέρους.

2199 5239 2297 5292 Διὰ
2329 5240 2385 5292 δὲ
2428 5240 2487 5293 τὸ
2536 5241 2634 5312 τὴν
2679 5241 2864 5311 ὅρασιν
2919 5243 3012 5295 ἐπὶ
3058 5242 3170 5296 ἰσον
3198 5244 3521 5310 ἐξικνεῖσθαι
3560 5245 3752 5316 μῆκος,

2201 5328 2592 5401 ἀνεπαίσθητος
2614 5331 2820 5399 γίνεται
2843 5335 2876 5404 ἡ
2903 5333 2995 5388 τοῦ
3027 5333 3195 5404 ὕψους
3221 5335 3469 5408 διαφορά.

545 5417 844 5472 extendat:
897 5414 1138 5470 redditur
1198 5415 1526 5472 insensibilis
1577 5417 1880 5475 altitudinis
1929 5419 2259 5476 diﬁ‘erentia.

613 5576 634 5606 "
669 5592 757 5643 γρ.
787 5575 1158 5649 ἀστρονομίαν.
1232 5577 1254 5610 ⁸
1291 5596 1378 5649 γρ.
1399 5575 1771 5644 ποοσδέξεται.

543 5689 850 5761 Hipparcho
878 5691 1198 5746 distributus
1221 5699 1324 5745 est.
1358 5690 1491 5744 Vide
1515 5691 1609 5746 lib.
1647 5708 1696 5745 Iv
1730 5692 1800 5745 De
1837 5691 2078 5744 doctrina

541 5772 851 5832 tentporum,
879 5762 1052 5832 capite
1095 5761 1182 5826 50,
1229 5761 1319 5816 ubi
1360 5761 1425 5815 de
1461 5776 1670 5816 summa
1717 5763 1847 5818 solis
1898 5762 2081 5832 apside

1864 5577 1885 5610 ’
1924 5595 2010 5647 ῃο.
2048 5578 2485 5650 περιπορεύεται.

2191 5693 2507 5819 generisque
2532 5711 2650 5767 qua:
2677 5696 2765 5752 hic
2797 5712 2827 5752 a
2874 5696 3102 5754 Gemino
3132 5697 3325 5756 tradita
3361 5708 3508 5768 sunt,
3540 5699 3758 5773 copiose

2232 5778 2406 5819 ιεοιιιιι
2440 5782 2530 5819 ul'.

2232 5779 2530 5834 tsputatur.
