3918 6216
238 328 348 388 753

1272 334 1509 392 GEMINI
1550 335 1919 394 ELEMENTA
1950 339 2450 399 ASTRONOMIE.‘

3345 349 3448 406 γει

321 443 458 498 Ὑπὸ
501 445 557 498 δέ
608 443 706 516 τὴν
754 444 862 498 τῶν
897 445 1149 501 ἀπλανῶν
1186 448 1260 519 (7)
1295 450 1537 522 ἀστέρων
1568 454 1772 523 σφαῖρα

1972 453 2083 510 Sub
2112 457 2320 527 sphaera
2351 456 2626 513 stellarum
2660 457 2886 512 lixarum
2918 459 3133 528 ponitur
3172 462 3322 516 stella
3351 461 3450 517 Sa-

233 540 413 592 κεῖται
481 537 681 605 φαίνων
745 540 774 592 6
837 539 930 593 τοῦ
993 541 1199 612 Κρόνου
1264 546 1798 617 προσαγορευόμενος

235 630 431 699 ἀστήρ.
467 621 630 693 Οὗτος
651 629 740 684 τὸν
767 630 864 702 μὲν
888 631 1149 696 ζωδιακὸν
1171 631 1366 688 κύκλον
1394 635 1451 688 ἐν
1483 635 1625 690 ἔτεσι
1650 636 1691 690 λ’
1722 638 1797 702 ὡς

234 721 458 789 ἔγγιστα
510 720 920 793 διαπορεύεται·
983 723 1044 777 :6
1100 725 1158 779 δὲ
1207 725 1264 780 ἒν
1313 727 1500 792 ζώδιον
1548 732 1606 783 ἐν
1648 730 1796 784 δυσὶν

231 811 374 865 ἔτεσι
399 811 493 864 καὶ
515 811 574 876 ἐξ
600 813 780 885 μησίν.
824 816 960 869 Ὑπὸ
995 817 1051 870 δὲ
1076 818 1165 872 τὸν
1194 819 1447 888 φαίνοντα
1473 821 1791 893 κατώτερον·

227 902 393 958 αὐτοῦ
429 904 651 974 φέρεται
699 907 935 972 Φαέθων,
974 912 1002 963 6
1040 911 1134 965 τοῦ
1181 911 1347 982 Ζηνὸς
1381 915 1779 987 προσαγορευό-

231 1009 394 1063 μενος
424 994 616 1065 ἀστήρ.
664 987 830 1060 Οὗτος
885 997 941 1051 δέ
964 999 1054 1052 τὸν
1085 1000 1343 1064 ζωδιακὸν
1371 1004 1566 1057 κύκλον
1604 1005 1791 1059 διαπο-

229 1081 447 1153 ρεύεται
501 1084 558 1137 ἐν
619 1084 684 1154 ιβ’
735 1085 911 1140 ἔτεσιο
940 1089 1004 1141 τὸ
1041 1090 1096 1142 δὲ
1131 1091 1188 1145 ἒν
1229 1089 1416 1155 ζώδιον
1459 1096 1516 1150 ἐν
1542 1097 1790 1169 ἐνιαυτῷ.

238 1174 374 1229 Ὑπὸ
424 1176 481 1230 δὲ
535 1177 721 1232 τοῦτον
783 1180 1038 1235 τέτακται
1079 1184 1319 1254 πυρόεις,
1353 1187 1382 1238 6
1432 1187 1526 1241 τοῦ
1576 1190 1787 1260 Ἀρεος.

225 1261 399 1330 Οὗτος
418 1267 583 1322 δέτδν
619 1270 718 1340 μὲν
740 1270 1000 1336 ζωδιακὸν
1030 1273 1225 1328 κύκλον
1259 1276 1529 1348 διέρχεται
1554 1281 1611 1332 ἐν
1636 1282 1788 1335 δυσὶν

226 1358 373 1414 ἔτεσι
409 1362 501 1414 καὶ
547 1362 800 1435 ὲξαμήνῳ
830 1382 844 1396 ·
879 1366 938 1420 :6
971 1367 1027 1420 δὲ
1056 1366 1243 1433 ζώδιον
1273 1371 1330 1422 ἐν
1354 1370 1472 1424 δυσὶ
1520 1374 1653 1444 μησὶ
1697 1376 1788 1430 καὶ

225 1449 434 1521 ἡμίσει.
472 1452 582 1523 Τὴν
637 1454 693 1507 δὲ
720 1457 982 1530 ἐχομένην
1037 1459 1219 1530 χώραν
1253 1463 1497 1532 ,κατέχει
1546 1465 1574 1517 6
1618 1464 1786 1536 ἥλιος,

226 1542 457 1614 ἐνιαυτῷ
509 1545 958 1618 διαπορευόμενος
982 1551 1073 1604 τὸν
1105 1552 1362 1616 ζωδιακὸν
1391 1555 1608 1617 κύκλον,
1641 1557 1700 1609 τὸ
1729 1558 1786 1610 δὲ

227 1631 415 1698 ζὼδιον
464 1634 540 1698 ὡς
584 1635 812 1704 ἔγγιστα
856 1639 936 1691 ἐνὶ
970 1642 1116 1712 μηνί.
1145 1642 1467 1714 Κατῶτερος
1505 1645 1560 1698 δὲ
1598 1647 1784 1700 τούτου

225 1728 400 1778 κεῖται
424 1728 727 1797 φωσφόρος,
749 1731 778 1783 6
805 1730 903 1802 τῆς
947 1732 1261 1806 Ἀφροδίτης
1305 1737 1499 1807 ἀστήρ.
1536 1732 1698 1802 Οὗτος
1729 1739 1786 1793 δὲ

1901 548 2067 612 turni,
2100 548 2301 604 Gratcis
2351 550 2586 618 φαίνων,
2624 549 2677 604 id
2733 559 2816 606 est
2867 552 3068 619 lucens,
3109 552 3270 608 dicta.
3326 555 3449 612 Haec

1900 641 2055 694 stella
2113 641 2397 696 zodiacum
2454 642 2716 696 circulum
2755 643 2808 697 in
2855 645 3077 714 triginta
3133 647 3289 702 annis
3341 648 3451 705 fere

1899 741 2172 800 peragrat,
2208 748 2372 784 unum
2401 747 2532 786 vero
2562 733 2774 803 signum
2805 732 3017 790 duobus
3051 737 3206 792 annis
3226 777 3240 802 ,
3271 746 3324 792 et
3357 755 3450 794 sex

1899 821 2198 877 mensibus.
2227 821 2342 875 Sub
2365 819 2620 888 Saturno,
2651 838 2824 893 eoque
2853 824 3080 881 inferius
3112 826 3282 881 fertur
3301 827 3451 886 .fovis

1897 910 2073 976 stella,
2101 927 2222 982 quae
2249 910 2452 967 Gmcis
2483 911 2697 967 Φαέθων
2719 921 2960 970 vocatur.
2984 914 3239 986 Peragrat
3269 926 3449 973 autem

1898 1000 2108 1072 Jupiter
2141 1004 2420 1060 zodiacum
2454 1005 2506 1058 in
2539 1006 2822 1061 duodecim
2877 1009 3033 1063 annis
3061 1028 3074 1064 :
3121 1025 3286 1064 unum
3322 1027 3450 1066 vero

1895 1094 2106 1164 signum
2140 1095 2192 1148 in
2221 1109 2365 1148 anno
2389 1111 2516 1151 uno.
2561 1095 2674 1151 Sub
2701 1095 2830 1152 Jove
2863 1098 2966 1153 sita
2995 1109 3078 1154 est
3123 1101 3274 1156 stella
3311 1101 3450 1156 Mar-

1896 1183 1989 1238 tis.
2022 1184 2224 1238 Graecis
2273 1185 2492 1256 πυρόεις
2536 1195 2744 1240 vocata.
2798 1186 2921 1241 Haec
2963 1190 3116 1244 stella
3168 1191 3448 1245 zodiacum

1894 1276 2115 1330 conﬁcit
2146 1277 2303 1332 annis
2336 1277 2568 1334 duobus
2595 1318 2609 1342 ,
2663 1288 2716 1334 et
2751 1295 2846 1334 sex
2897 1280 3177 1336 mensibus
3213 1301 3225 1336 :
3280 1298 3446 1336 unum

1895 1380 2021 1419 vero
2048 1365 2260 1435 signum
2291 1365 2504 1421 duobus
2551 1368 2849 1432 mensibus,
2893 1378 2946 1423 et
2977 1370 3220 1424 dimidio.
3256 1371 3450 1426 Proxi-

1891 1473 2036 1512 mum
2070 1459 2246 1512 locum
2280 1460 2488 1515 obtinet
2519 1461 2630 1524 sol,
2673 1478 2782 1516 uno
2829 1477 2973 1518 anno
3012 1464 3291 1518 zodiacum
3327 1482 3448 1537 per-

1890 1566 2122 1620 agrans:
2161 1567 2326 1605 unum
2366 1559 2546 1606 autem
2572 1553 2784 1623 signum
2825 1570 2934 1609 uno
2959 1554 3067 1609 fere
3098 1572 3303 1612 mense.
3359 1556 3446 1609 lu-

1891 1640 2056 1696 ferior
2086 1643 2198 1698 sole
2225 1652 2310 1699 est
2335 1643 2576 1710 Lucifer,
2611 1644 2665 1699 id
2705 1657 2789 1700 est
2845 1647 3002 1701 stella
3035 1646 3282 1703 Veneris.
3322 1648 3447 1705 llaec

1856 1749 1862 1756 ·
1889 1731 1998 1787 fere
2030 1734 2221 1803 aequali
2249 1734 2534 1790 velocitate
2565 1750 2689 1790 cum
2737 1735 2851 1790 sole
2882 1745 3152 1792 movetur.
3193 1736 3302 1792 Sub
3337 1739 3444 1794 γει

224 1815 299 1879 ὡς
344 1816 568 1886 ἔγγιστα
621 1820 882 1891 ἰσοταχῶς
927 1826 1152 1878 κινεῖται
1201 1825 1280 1897 τῷ
1327 1826 1461 1899 ἡλίῳ
1497 1827 1591 1898 (8).
1648 1829 1772 1882 ’Υπὲ

1887 1839 2014 1878 uere
2048 1825 2349 1879 collocatur
2379 1825 2632 1881 Mercurii
2669 1827 2847 1892 stella,
2875 1843 2996 1898 quae
3021 1837 3074 1884 et
3097 1830 3212 1898 ipsa
3240 1831 3338 1884 soli
3362 1837 3444 1885 est

224 1908 408 1963 τοῦτον
429 1910 486 1964 δέ
522 1913 551 1966 6
577 1912 671 1966 τοῦ
731 1913 932 1987 Ἑρμοῦ
975 1917 1150 1990 ἀστὴρ
1174 1922 1348 1974 κεῖται
1369 1938 1392 1953 ·»
1413 1922 1506 1976 καὶ
1541 1921 1701 1987 αὑτός
1723 1942 1782 1979 τε

226 2001 487 2071 ίτοταχῶς
555 2007 780 2059 κινεῖται
803 2006 880 2078 τῷ
930 2008 1082 2079 ἡλίῳ.
1117 2011 1421 2084 Κατωτέρω
1463 2013 1520 2066 δὲ
1568 2016 1782 2070 πάντων

225 2093 444 2164 φέρεται
471 2097 504 2166 ἡ
538 2095 733 2169 σελήνη
754 2101 811 2152 ἐν
840 2099 1070 2171 ἡμέραις
1092 2109 1139 2154 κ’
1169 2103 1261 2156 καὶ
1292 2104 1338 2168 ζ’
1365 2105 1458 2158 καὶ
1485 2107 1652 2178 τρίτῳ
1671 2107 1784 2162 δια-

225 2185 563 2258 πορευομένη
619 2187 710 2242 τὸν
747 2187 1007 2252 ζωδιακὸν
1039 2192 1236 2248 κύκλον
1259 2211 1272 2225 ο
1318 2194 1379 2248 :6
1410 2195 1467 2248 δὲ
1514 2195 1700 2273 ζώδιον
1725 2200 1782 2254 ἐν

224 2274 456 2347 ἡμέραις
489 2275 534 2347 β’
569 2278 663 2332 καὶ
705 2280 948 2352 τετάρτῳ
993 2281 1146 2353 μέρει
1181 2284 1281 2357 τῆς
1317 2286 1445 2356 μιᾶς
1467 2286 1678 2358 ἡμέρας
1706 2288 1782 2352 ὡς

223 2368 465 2437 ἔγγιστα.

290 2461 352 2516 Εἰ
409 2463 506 2533 μὲν
528 2459 621 2517 οὖν
660 2464 689 2516 6
721 2466 870 2534 ἥλιος
915 2468 1142 2524 ἐκινεῖτο
1182 2470 1274 2525 ἐπὶ
1318 2471 1428 2526 τῶν
1456 2490 1781 2546 κατηστερι-

221 2550 433 2622 σμὲνὼν
473 2551 696 2620 ζωδίων,
743 2556 958 2621 πάντως
991 2559 1056 2613 ἂν
1090 2561 1329 2629 ἐγίνοντο
1358 2564 1406 2615 οἱ
1450 2564 1648 2634 μεταξὺ
1673 2565 1781 2619 τῶν

217 2641 432 2713 τροπῶν
455 2643 676 2699 καὶτῶν
718 2647 1011 2719 ίσημεριῶν
1033 2651 1213 2720 χρόνοι
1240 2653 1344 2708 ῐσοι
1374 2652 1636 2724 ἀλλήλοις.
1671 2657 1780 2720 Τὰς

218 2732 327 2804 γὰρ
365 2735 482 2798 ἴσας
515 2737 862 2809 περιφερείας
893 2741 1152 2812 ἰσοταχῶς
1183 2743 1516 2815 κινούμενος,
1555 2746 1780 2816 ὠφειλεν

216 2826 278 2878 ἐν
303 2827 434 2890 ἴσοις
453 2827 686 2881 διανύειν
707 2829 935 2899 χρόνοις.
953 2833 1180 2903 Ὁμοίως
1199 2836 1254 2888 δὲ
1281 2837 1329 2889 εί
1357 2837 1450 2890 καὶ
1475 2837 1780 2912 κατώτερον

217 2917 315 2972 τοῦ
343 2919 601 2984 ζωδιακοῦ
627 2921 826 2975 κύκλου
851 2925 1144 2996 φερόμενος
1172 2928 1199 2980 6
1223 2929 1393 2999 ἥλιος,
1420 2947 1484 2982 πε
1495 2932 1546 3000 pl.
1575 2930 1636 2983 :6
1650 2933 1780 2986 αὐτὸ

214 3009 440 3084 κέντρον
498 3015 725 3068 ἐκινεῖτο
773 3015 850 3088 τῷ
888 3017 1133 3090 ζωδιακῷ
1162 3020 1364 3092 κύκλῳ,
1397 3024 1490 3076 καὶ
1515 3023 1684 3089 οὕτως
1713 3026 1778 3079 ἂν

1881 1915 2105 1984 wqualis
2155 1915 2209 1971 in
2246 1927 2413 1972 motu.
2451 1915 2640 1971 Inﬁma
2679 1921 2921 1974 omnium
2952 1927 3032 1976 est
3079 1920 3265 1986 Luna,
3323 1939 3444 1992 qua:

1882 2009 2072 2064 diebus
2104 2009 2173 2062 27
2210 2008 2311 2063 1/5
2340 2010 2619 2066 zodiacum
2656 2014 2952 2083 percurrit,
2991 2031 3159 2069 unum
3202 2031 3328 2070 vero
3367 2016 3442 2070 si-

1881 2115 2044 2168 gnum
2070 2101 2263 2157 diebus
2285 2101 2519 2170 duobus,
2539 2114 2593 2160 et
2620 2121 2729 2160 una
2757 2105 2868 2162 fere
2889 2115 3080 2177 quarta
3107 2116 3260 2178 parte.
3281 2110 3442 2165 unius

1881 2190 2008 2246 diei.

1883 2510 1905 2532 ~..
1953 2477 2009 2533 Si
2035 2478 2201 2550 igitur
2230 2482 2310 2537 sol
2337 2494 2648 2540 moveretur
2676 2501 2842 2556 super
2883 2489 3217 2545 eonstellatis
3243 2491 3435 2561 signis,

1879 2572 2101 2628 omnino
2134 2581 2394 2645 tempora,
2431 2593 2550 2646 quae
2573 2589 2700 2634 sunt
2733 2580 2872 2636 inter
2901 2582 3156 2644 solstitia.
3186 2593 3239 2639 et
3269 2585 3439 2654 aequi-

1878 2662 2080 2727 noctia,
2105 2671 2287 2718 essent
2319 2665 2458 2720 inter
2488 2681 2547 2722 se
2570 2667 2818 2736 aequalia.
2876 2668 3138 2738 JEquales
3181 2672 3324 2726 enim
3350 2689 3438 2727 ar-

1879 2769 1995 2819 cus,
2019 2769 2142 2809 cum
2169 2757 2450 2826 aequaliter
2469 2769 2796 2825 moveretur,
2815 2761 2869 2816 in
2900 2763 3232 2830 temporibus
3257 2781 3438 2835 aequa-

1879 2847 2021 2902 libus
2074 2847 2384 2905 conﬁceret.
2439 2847 2721 2917 Similiter,
2755 2854 2799 2908 si
2853 2854 2934 2908 sol
2981 2853 3122 2909 infra
3153 2856 3436 2916 zodiacum

1880 2939 2126 3004 ferretur,
2162 2951 2214 2996 et
2237 2949 2546 2997 moveretur
2567 2944 2713 2999 circa
2742 2945 2882 3000 idem
2909 2954 3152 3000 centrum
3183 2949 3389 3003 zodiaci
3415 2968 3433 3006 τ

1879 3037 2058 3085 tamen
2092 3032 2254 3086 etiam
2294 3033 2373 3088 sic
2404 3041 2669 3104 tempora,
2718 3051 2838 3105 qua:
2867 3043 2994 3092 sunt
3025 3037 3165 3092 inter
3203 3039 3435 3094 solstitia

214 3102 456 3170 ἐγίνοντο
498 3107 544 3157 οί
586 3106 786 3175 μεταξὺ
821 3109 928 3164 τῶν
960 3113 1174 3185 τροπῶν
1210 3115 1301 3168 καὶ
1338 3115 1446 3168 τῶν
1485 3119 1772 3189 ίσημεριῶν

214 3193 390 3216 ---ι-.--
418 3193 515 3216 ν---
572 3197 646 3216 fl!
702 3215 736 3216 ν-
840 3199 852 3216 ι
963 3205 975 3216 ο
1113 3205 1123 3216 ι
1194 3204 1207 3216 ι
1289 3207 1301 3216 ι
1349 3205 1360 3216 ι
1443 3208 1453 3216 .

1877 3131 1930 3177 et
1957 3124 2280 3194 aequinoctia
2309 3166 2324 3188 ,
2385 3135 2568 3182 essent
2608 3127 2749 3183 inter
2801 3145 2859 3184 se
2915 3131 3197 3199 :equalia;
3243 3146 3435 3188 omnes

209 3193 394 3264 χρόνοι
418 3193 539 3250 ἶσοι.
572 3197 775 3262 Πάντες
793 3199 901 3272 γὰρ
931 3205 978 3255 οί
1007 3205 1134 3274 περὶ
1161 3204 1219 3256 :6
1244 3205 1374 3258 αὐτὸ
1394 3208 1614 3280 κέντρον
1645 3227 1776 3281 γρα-

210 3282 437 3354 φόμενοι
501 3285 544 3318 ¹⁰
598 3286 784 3340 κύκλοι
836 3291 1034 3360 ὁμοίως
1084 3294 1188 3346 ὑπὸ
1229 3297 1269 3327 ¹¹
1316 3297 1424 3350 τῶν
1473 3299 1774 3371 διαμέτρων

207 3372 565 3446 διαιροῦνται.
585 3379 766 3443 Ὥστε,
789 3381 911 3434 ἐπεὶ
931 3384 958 3436 6
982 3384 1238 3450 ζωδιακὸς
1250 3387 1444 3452 κύκλος
1465 3393 1543 3454 είς
1567 3391 1608 3444 δ’
1634 3393 1773 3465 μέρη

213 3464 309 3519 ἴσα
331 3466 609 3538 διαιρεῖται
665 3471 768 3524 ὑπὸ
806 3472 913 3527 τῶν
952 3475 1273 3548 διαμέτρων,
1304 3479 1411 3533 τῶν
1442 3481 1511 3534 τὰ
1541 3486 1774 3553 τροπικὰ

212 3559 310 3612 καὶ
345 3559 628 3631 ίσημερινὰ
673 3567 869 3633 σημεῖα
903 3566 1365 3636 ἐπιζευγνυουσῶν
1387 3613 1402 3636 ,
1435 3573 1646 3647 ἀνάγκη
1680 3579 1773 3630 καὶ

207 3651 304 3704 τὸν
323 3653 540 3723 ἡλιακὸν
584 3655 779 3711 κύκλον
817 3660 895 3722 είς
931 3661 973 3713 δ’
1003 3662 1139 3733 μέρη
1174 3664 1492 3736 διαιρεῖσθαι
1545 3669 1633 3724 ἴσα
1670 3671 1773 3724 ύπὺ

209 3743 322 3796 τῶν
358 3745 533 3798 αὐτῶν
576 3746 896 3821 διαμέτρων.
959 3753 1237 3826 ’ἰσοταχῶς
1275 3753 1368 3810 οῦν
1407 3760 1716 3832 κινούμενος
1744 3766 1772 3816 6

210 3835 362 3905 ἥλιος
387 3837 477 3890 ἐπὶ
504 3838 600 3908 τῆς
629 3839 763 3903 ἰδίας
804 3844 1151 3914 περιφερείας
1183 3886 1198 3911 ,
1250 3846 1395 3912 ἴσους
1432 3850 1496 3903 ἂν
1530 3853 1770 3908 ἐπετέλει

210 3931 340 3992 τοὺς
359 3929 464 3984 τῶν
489 3933 921 4006 τεταρτημορίων
943 3937 1181 4007 χρόνους.
1211 3939 1348 3992 Νυνὶ
1378 3941 1436 3994 δὲ
1466 3944 1769 4016 κατώτερον

211 4020 434 4091 φέρεται
458 4025 485 4076 6
513 4024 680 4092 ἥλιος,
721 4027 813 4079 καὶ
847 4028 936 4081 ἐπὶ
966 4029 1254 4100 ἐκκέντρου
1283 4033 1481 4087 κύκλου
1516 4039 1766 4100 κινεῖται,

210 4112 462 4182 καθάπερ
510 4116 935 4189 ὑπογέγραπται.
986 4121 1059 4172 Οὐ
1115 4121 1221 4193 γὰρ
1260 4122 1322 4174 τὸ
1370 4124 1498 4176 αὐτὸ
1547 4125 1766 4198 κέντρον

211 4205 327 4257 ἐστὶ
355 4205 446 4258 τοῦ
475 4207 698 4278 ἡλιακοῦ
725 4210 921 4264 κύκλου
951 4214 1044 4265 καὶ
1076 4213 1167 4266 τοῦ
1207 4215 1503 4280 ζωδιακοῦ
1537 4218 1653 4270 ἀλλ’
1683 4221 1767 4289 ἐφ’

212 4295 269 4347 ἓν
305 4297 346 4326 ⁸³
373 4297 535 4368 μέρος
594 4299 872 4371 παρῆκται
923 4304 1078 4373 ἡτοῦ
1119 4306 1263 4377 ἡλίου
1317 4312 1537 4381 σφαῖρα.
1574 4311 1671 4364 Διὰ
1712 4311 1767 4364 δὲ

209 4387 309 4458 τὴν
335 4388 586 4461 τοιαύτην
614 4391 760 4446 Θέσιν
794 4396 873 4456 εἰς
895 4395 1128 4468 τέσσαρα
1150 4397 1284 4470 μέρη
1307 4399 1465 4454 ἄνισα
1479 4402 1765 4473 διαιρεῖται

209 4480 239 4532 6
261 4479 480 4550 ἡλιακὸς
503 4482 729 4554 δρόμος·
777 4486 871 4540 καὶ
909 4488 1112 4555 γίνεται
1153 4491 1382 4562 μεγίστη
1413 4494 1509 4564 μὲν
1542 4496 1769 4567 περιφέ-

209 4587 333 4640 ρεια
359 4573 839 4644 ηὐποπεπτωκυῖα
887 4579 989 4631 ὑπὸ
1016 4579 1076 4631 :6
1120 4579 1212 4632 τοῦ
1257 4581 1519 4645 ζωδιακοῦ
1563 4586 1762 4640 κύκλου

206 4667 652 4738 τεταρτημόριον,
702 4669 763 4721 :6
808 4670 916 4724 ἀπὸ
959 4669 1052 4723 τοῦ
1098 4671 1266 4741 Κριοῦ
1299 4680 1346 4727 α’
1383 4677 1574 4746 μοίρας
1603 4678 1761 4750 μέχρι

206 4753 452 4826 Διδύμων
475 4758 536 4821 λ’,
556 4759 807 4830 ἐλαχίστη
831 4761 886 4814 δὲ
917 4763 1286 4836 περιφέρειαή
1318 4768 1542 4838 κειμένη
1571 4769 1674 4821 ὑπὸ
1701 4769 1761 4822 :6

204 4849 628 4919 τεταρτημόριον
645 4850 705 4902 τὸ
723 4851 1007 4922 ἀπὸΖυγοῦ
1033 4852 1080 4908 α’
1108 4855 1320 4926 μοίρας,
1347 4858 1508 4930 μέχρι
1527 4860 1761 4925 Τοξότου

208 4938 402 5008 μοίρας
425 4938 488 4992 λ’.

286 5092 328 5124 ³⁸
347 5111 438 5163 γρ.
478 5095 786 5168 φερόμενοι..
859 5099 900 5130 ¹¹
935 5116 1023 5168 γρ.
1052 5099 1163 5154 ὲπίο
1240 5101 1284 5134 ¹’
1307 5119 1394 5170 τρ-
1426 5104 1522 5173 ὖίΡ’
1545 5105 1625 5161 ἕνα

273 5273 350 5344 (7)
393 5275 540 5353 ’Υπὸ
591 5276 659 5331 δὲ
684 5278 810 5353 τὴς
841 5278 976 5353 τῶνξ-
999 5279 1299 5335 ἀπλανῶν.
1350 5281 1472 5337 Haec
1508 5283 1751 5353 planeta.

197 5348 621 5419 rummvocabula
650 5349 718 5403 ab
747 5349 1011 5419 Egyptiis
1050 5367 1300 5408 manasse
1333 5348 1523 5408 scribit
1553 5353 1748 5408 Firmi-

197 5429 301 5488 gus
327 5416 419 5488 lib.
455 5431 516 5480 ll,
548 5435 662 5488 cap.
702 5419 755 5474 2.
790 5416 1037 5474 Mercurii
1073 5438 1266 5476 nomen
1296 5425 1554 5480 omissum
1589 5425 1675 5480 hic
1715 5441 1745 5479 a

197 5482 453 5559 gemino.
485 5489 568 5542 vel
609 5482 825 5543 librario
871 5492 1069 5559 potius.
1129 5493 1222 5547 Est
1265 5501 1444 5549 autem
1493 5494 1739 5550 στίλϐων.

199 5553 285 5638 Βε-
307 5559 641 5638 planetarum
668 5553 923 5638 motibus,
937 5563 1061 5638 sive.
1080 5563 1431 5638 sphzerarum,
1461 5565 1514 5620 in
1543 5567 1740 5638 quibus

197 5626 511 5698 volvuntur,
541 5629 726 5685 eadem
753 5631 910 5685 habet
936 5631 1086 5686 Philo
1109 5626 1175 5689 'in
1205 5634 1343 5690 libro
1365 5626 1436 5690 De
1455 5626 1735 5698 cherubim,

198 5695 314 5778 sive
347 5697 523 5778 gain,
548 5702 703 5770 cujus
749 5702 908 5778 verba
941 5705 1293 5778 corrigenda
1320 5715 1464 5778 sunt,
1515 5695 1736 5778 pagum;

198 5766 329 5822 edit.
364 5768 581 5838 Graece,
612 5766 722 5827 ver.
749 5767 854 5826 Οῦν
874 5789 886 5802 ·
931 5773 962 5842 ὴ
1000 5766 1207 5842 μὲνόῦν
1248 5766 1497 5842 ἐξωτάτω
1515 5766 1626 5831 ξῶῦ
1649 5776 1730 5828 λε-

1876 3219 2020 3270 enim
2054 3217 2283 3281 circuli,
2335 3218 2430 3287 qui
2460 3219 2604 3272 circa
2648 3220 2790 3275 idem
2824 3231 3070 3276 centrum
3101 3231 3387 3278 moventur
3413 3262 3430 3286 ,

1877 3307 2124 3362 similiter
2150 3323 2180 3360 a
2209 3307 2492 3365 diametris
2513 3309 2847 3365 dividuntur.
2874 3311 3082 3382 itaque,
3101 3329 3222 3368 cum
3247 3314 3430 3368 zodia-

1874 3416 1971 3456 cus
1999 3401 2053 3454 in
2088 3409 2320 3472 quatuor
2349 3413 2530 3472 partes
2579 3406 2813 3474 tequales
2844 3405 3117 3460 dividatur
3146 3422 3174 3460 a
3224 3406 3430 3462 diame-

1875 3495 1992 3559 tris,
2031 3511 2150 3565 quae
2180 3501 2377 3566 puncta
2419 3498 2724 3552 solstitialia
2757 3507 2811 3554 et
2846 3501 3247 3570 tequinoctialia
3298 3518 3430 3556 cou-

1874 3595 2137 3641 nectunt-:
2179 3591 2492 3645 necessario
2521 3591 2682 3645 etiam
2729 3592 2924 3647 solaris
2973 3594 3212 3648 circulus
3241 3595 3307 3648 ab
3337 3595 3430 3648 iis-

1872 3677 1991 3732 dem
2019 3678 2299 3735 diametris
2329 3681 2381 3734 in
2407 3694 2640 3752 quatuor
2671 3694 2850 3754 partes
2878 3686 3113 3755 aequales
3135 3688 3424 3742 dividetur.

1871 3769 2006 3822 Cum
2043 3770 2207 3840 igitur
2241 3771 2320 3826 sol
2345 3789 2508 3842 super
2535 3775 2750 3844 propria
2785 3774 3221 3832 circumferentia
3247 3795 3428 3849 mqua-

1872 3858 1995 3914 liter
2015 3870 2315 3925 moveatur,
2350 3871 2593 3934 tempora
2640 3865 3001 3935 quadrantum
3037 3870 3240 3924 zodiaci
3288 3871 3428 3926 inter

1871 3965 1929 4005 se
1955 3953 2183 4021 aequalia
2219 3954 2470 4009 efﬁceret.
2503 3956 2571 4010 At
2599 3972 2746 4012 nunc
2777 3958 3008 4016 inferius
3040 3960 3210 4015 fertur
3241 3963 3342 4026 sol,
3372 3970 3446 4020 et.

1870 4059 2030 4113 super
2047 4048 2355 4102 excentrico
2381 4047 2587 4103 circulo
2616 4059 2861 4105 movetur
2887 4070 2900 4105 :
2935 4052 3074 4105 sicut
3102 4051 3270 4121 ﬁgura
3298 4053 3428 4107 sub—

1878 4137 2077 4205 scripta
2110 4139 2366 4193 ostendit.
2398 4138 2516 4194 Non
2551 4141 2696 4195 cnim
2721 4141 2862 4196 idem
2890 4151 2973 4197 est
3001 4151 3244 4196 centrum
3276 4145 3422 4198 sola-

1869 4227 1944 4280 ris
1985 4226 2218 4295 circuli,
2260 4235 2313 4283 et
2361 4230 2604 4285 zodiaci:
2637 4231 2730 4286 sed
2780 4247 2970 4288 versus
3019 4248 3180 4286 unam
3218 4242 3423 4302 partem

1869 4315 2100 4372 adducta
2135 4327 2218 4374 est
2255 4320 2388 4376 solis
2443 4322 2674 4391 Spbazra.
2717 4321 2946 4392 Propter
2991 4324 3150 4379 talem
3189 4325 3423 4393 positum

1871 4405 1925 4458 in
1955 4417 2192 4476 quatuor
2224 4419 2404 4480 partes
2444 4412 2736 4484 inzequales
2773 4414 3035 4470 dividitur
3080 4416 3274 4472 solaris
3301 4432 3424 4471 cur-

1802 4498 1841 4551 D
1875 4515 1970 4554 sus
2003 4519 2016 4554 :
2059 4510 2112 4555 et
2141 4501 2197 4554 ﬁt
2219 4504 2489 4560 maximus
2515 4521 2698 4569 arcus,
2733 4507 2827 4577 qui
2849 4507 2992 4562 cadit
3023 4508 3124 4563 sub
3153 4509 3423 4579 quadran-

1873 4600 1975 4644 tem
2009 4592 2213 4646 zodiaci
2254 4610 2376 4650 eum
2402 4636 2417 4662 ,
2467 4598 2557 4668 qui
2592 4608 2674 4654 est
2709 4599 2778 4654 ab
2805 4600 3001 4656 Arietis
3052 4602 3227 4671 primo
3253 4603 3422 4674 gradu

1872 4697 2042 4751 usque
2075 4683 2142 4737 ad
2179 4685 2527 4744 Geminorum
2566 4691 2792 4761 gradum
2833 4692 3167 4746 tricesimum
3201 4713 3215 4749 :
3263 4695 3423 4748 mini-

1870 4787 1992 4827 mus
2019 4789 2147 4829 vero
2184 4791 2364 4842 arcus,
2395 4781 2488 4852 qui
2540 4782 2747 4851 positus
2805 4791 2889 4836 est
2945 4782 3045 4837 sub
3098 4798 3166 4839 eo
3217 4784 3420 4839 zodiaci

1870 4867 2199 4935 quadrante,
2228 4873 2319 4940 qui
2348 4884 2432 4928 est
2460 4889 2490 4928 a
2519 4877 2693 4946 primo
2725 4875 2892 4946 gradu
2927 4870 3121 4942 Librae,
3152 4893 3322 4947 usque
3352 4877 3440 4936 ad.

1872 4958 2204 5015 tricesimum
2237 4963 2463 5032 gradum
2493 4965 2793 5038 Sagittarii.

1859 5288 2102 5372 γομένων
2147 5292 2398 5372 ἀπλανῶν
2449 5297 2545 5366 μία
2597 5298 2705 5372 τῶν
2742 5304 2795 5372 η’
2845 5301 2944 5370 τὴν
2993 5302 3098 5354 ἀπὸ
3132 5303 3237 5354 τῶν
3271 5296 3418 5372 ἑῴων

1855 5361 1946 5442 ἐπὶ
1977 5359 2045 5442 τξ
2065 5364 2294 5442 ἑσπέρια
2322 5359 2542 5442 εἱλεῖται
2574 5359 2844 5442 περίοδον,
2870 5359 2992 5424 ιιέιῐι
3027 5373 3186 5442 vulgo
3223 5361 3418 5442 legitur

1856 5429 1984 5497 μία,
2020 5429 2332 5506 ἢτὴν,ἐιε.
2370 5435 2502 5512 Octo
2531 5429 3000 5512 quippegspbteras
3033 5429 3241 5505 statuit,
3274 5429 3413 5512 qua?

1853 5513 1970 5582 rum
2006 5517 2110 5559 una
2169 5513 2252 5560 est
2294 5524 2413 5578 qua:
2446 5507 2579 5564 ﬁxas
2607 5507 2870 5576 continet,
2916 5512 3135 5582 reliqum
3167 5507 3304 5568 sunt
3326 5529 3414 5571 se-

1849 5577 2011 5638 ptem.

1847 5639 2258 5765 "ogodbsunt
2317 5643 2429 5700 haec
2479 5643 2546 5700 de
2613 5645 2888 5706 Mercurio
2955 5652 3024 5708 ab
3079 5653 3291 5727 Anglic.
3357 5662 3429 5711 et.
