4000 6206
492 335 595 392 735

1463 329 1555 384 AD
1592 327 1859 384 EUSEBII
1894 328 2287 389 CHRONICON
2324 328 2684 387 APPENDIX.

3595 326 3700 385 756

549 451 709 508 Unde
753 463 877 505 cum
917 447 1000 503 sol
1044 461 1207 519 super
1240 447 1459 519 proprio
1510 446 1715 502 circulo
1765 447 2026 517 aequaliter

2213 450 2374 505 Ὅθεν
2400 449 2633 518 εὐλόγως
2672 451 2702 502 ὁ
2747 445 2918 523 ἣλιος,
2952 445 3210 516 ἰσοταχῶς
3248 444 3569 517 κινούμενος
3607 445 3705 501 ἐπὶ

483 531 788 605 moveatur,
822 540 962 595 idem
995 540 1377 598 convenienter
1405 538 1695 609 inaequales
1753 552 1912 593 arcus
1953 539 2038 595 sui

483 633 674 690 circuli
689 631 1046 703 inzequalibus
1067 631 1399 702 temporibus
1427 629 1732 693 coniicit,ac
1748 630 2039 683 maximum

483 726 699 797 quidem
736 738 922 778 arcqu
973 723 1248 786 maximo,
1301 720 1584 775 minimum
1641 734 1769 775 vero
1814 719 2037 774 minimo

480 827 725 888 tempore
759 816 974 871 transit.
1004 815 1072 868 At
1108 829 1230 869 cum
1257 813 1553 867 maximum
1582 827 1766 866 arcum
1789 811 1873 881 sui
1912 825 2038 881 pro-

482 912 587 980 prii
610 908 799 963 circuli
829 914 1097 979 peragrat,
1125 913 1258 959 tunc
1284 919 1408 958 eum
1444 903 1651 958 zodiaci
1679 902 2035 972 quadrantem

481 999 740 1062 conﬁcit,
790 998 996 1067 quiest
1046 994 1186 1049 inter
1233 991 1615 1063 aequinoctium
1652 1004 1918 1054 vernum,
1979 994 2035 1042 et

482 1091 777 1148 solstitium
808 1088 1095 1152 aestivum;
1142 1085 1266 1140 cum
1297 1098 1425 1139 vero
1475 1098 1569 1153 per
1606 1082 1889 1139 minimum
1940 1096 2030 1134 ar-

481 1201 604 1239 cum
628 1186 711 1239 sui
752 1181 950 1253 praprii
981 1179 1172 1235 circuli
1208 1184 1476 1241 movetur,
1507 1184 1637 1229 tunc
1666 1189 1790 1229 eum
1823 1174 2031 1228 zodiaci

483 1277 835 1346 quadrantem
866 1274 1129 1344 percurrit
1151 1312 1166 1336 ,
1224 1270 1318 1340 qui
1363 1278 1446 1324 est
1477 1270 1616 1322 inter
1649 1266 2032 1337 aequinoctium

484 1364 789 1423 autumnale
816 1371 871 1418 et
893 1360 1187 1417 solstitium
1237 1359 1544 1414 hibernum.
1577 1357 1710 1411 Cum
1744 1358 1909 1426 igitur
1950 1357 2034 1410 in-

482 1458 711 1530 .equales
764 1470 926 1510 arcus
969 1453 1164 1509 solaris
1208 1450 1398 1506 circuli
1433 1450 1537 1504 sub
1593 1448 1824 1518 aequales
1871 1462 2031 1503 arcus

481 1549 685 1606 zodiaci
708 1547 923 1611 cadant,
948 1559 1173 1600 necesse
1202 1549 1287 1598 est
1328 1540 1612 1619 inmqualia
1650 1539 1765 1594 ﬁeri
1788 1547 2031 1608 tempora

481 1649 618 1696 inter
641 1655 719 1705 se,
758 1653 879 1709 qua:
918 1644 1047 1691 sunt
1084 1635 1226 1689 inter
1274 1631 1580 1688 solstitialia
1608 1640 1662 1686 et
1687 1630 2032 1701 aequinoctia-

479 1734 545 1788 lia
571 1742 808 1803 puncta:
860 1737 913 1786 et
944 1728 1238 1784 maximum
1267 1725 1485 1796 quidem
1535 1723 1619 1789 id,
1667 1724 1811 1795 quod
1838 1732 1921 1779 est
1961 1724 2029 1777 ab

2136 540 2230 595 τοῦ
2261 541 2388 595 ἰδίου
2416 541 2636 605 κύκλου,
2664 540 2761 604 τὰς
2785 539 3002 602 ἀνίσους
3028 539 3376 610 περιφερείας
3399 540 3457 592 ὲν
3491 539 3707 605 ἀνίσοις

2138 635 2347 706 χρόνοις
2368 634 2635 706 διέρχεται
2657 651 2671 665 ’
2706 635 2799 688 καί
2817 633 2914 705 τὴν
2940 634 3037 704 μὲν
3068 633 3327 704 μεγίστην
3344 633 3400 684 ὲν
3430 631 3702 703 μεγίστῳ,

2135 726 2234 796 τὴν
2263 725 2319 778 δὲ
2363 725 2647 797 ἐλαχίστην
2686 727 2745 779 ὲν
2789 724 3052 795 ἐλαχίστῳ
3074 724 3248 795 χρόνῳ
3293 722 3700 794 διαπορεύεται.

2148 816 2285 870 Ἀλλ’
2312 819 2439 870 ὅταν
2479 818 2573 888 μὲν
2604 816 2700 887 τὴν
2750 816 3007 888 μεγίστην
3050 814 3400 884 περιφέρειαν
3452 814 3546 866 ἐπὶ
3602 811 3702 866 τοῦ

2138 906 2266 959 ἰδίου
2295 906 2492 960 κύκλου
2523 906 2735 979 διανύῃ,
2752 904 2871 958 τότε
2901 902 3185 976 παροδεύει
3216 903 3278 955 τὸ
3303 903 3396 956 τοῦ
3427 901 3703 966 ζωδιακοῦ

2132 1000 2553 1071 τεταρτημόριον
2574 998 2635 1051 τὸ
2664 996 2771 1051 ἀπὸ
2805 996 3092 1069 ἰσημερίας
3132 996 3352 1066 ἐαρινῆς
3381 994 3541 1066 μέχρι
3569 1011 3706 1066 τρο-

2133 1090 2242 1159 πῆς
2265 1090 2479 1162 θερινῆς
2496 1107 2513 1120 ο
2541 1092 2665 1144 ὅταν
2689 1089 2745 1142 δὲ
2772 1090 2870 1161 τὴν
2909 1087 3192 1159 ἐλαχίστην
3221 1087 3575 1157 περιφέρειαν
3605 1087 3704 1141 ἐπὶ

2130 1181 2223 1233 τοῦ
2257 1180 2384 1234 ἰδίου
2413 1180 2610 1234 κύκλου
2642 1179 2873 1250 κινῆται,
2903 1178 3021 1232 τότε
3058 1175 3343 1248 παροδεύει
3369 1175 3461 1228 τοῦ
3496 1175 3701 1239 ζωδια-

2132 1272 2227 1324 κοῦ
2252 1272 2312 1325 τὺ
2352 1271 2796 1342 τεταρτημόριον,
2838 1269 2900 1322 τὸ
2926 1269 3033 1323 ἀπὸ
3058 1268 3344 1339 ἰσημερίας
3366 1267 3705 1337 φθινοπωρι-

2130 1364 2226 1434 νῆς
2289 1363 2448 1435 μέχρι
2506 1363 2712 1434 τροπῆς
2758 1361 3088 1432 χειμερινῆς.
3172 1360 3324 1413 Ἐπεὶ
3361 1356 3452 1412 οὖν
3518 1360 3701 1413 ἄνισοι

2131 1454 2469 1526 περιφέρειαι
2525 1454 2619 1507 τοῦ
2662 1452 2905 1522 -ἡλιακοῦ
2967 1452 3165 1506 κύκλου
3228 1451 3332 1505 ὑπὸ
3371 1452 3491 1515 ἴσας
3539 1465 3704 1523 περι-

2130 1547 2347 1617 φερείας
2410 1544 2502 1598 τοῦ
2582 1544 2841 1609 ζωδιακοῦ
2917 1543 3113 1597 κύκλου
3187 1542 3655 1597 ὑποπεπτώκασιν
3685 1582 3702 1604 ,

2128 1639 2338 1710 ἀνάγκη
2376 1638 2588 1702 ἀνίσους
2624 1636 2868 1705 γίνεσθαι
2903 1638 3027 1700 τοὺς
3067 1637 3176 1690 ἀπὸ
3219 1636 3327 1689 τῶν
3349 1635 3574 1707 τροπῶν
3603 1634 3721 1706 μέν

2128 1749 2218 1803 χρι
2283 1731 2390 1785 τῶν
2459 1730 2753 1801 ἰσημεριῶν
2802 1730 3064 1800 χρόνους’
3117 1729 3210 1782 καὶ
3271 1729 3526 1798 μέγιστον
3597 1728 3702 1799 μὲν

480 1822 836 1895 .equinoctiali
888 1827 1090 1892 puncto
1146 1831 1314 1872 verno
1383 1830 1556 1886 usque
1609 1815 1677 1870 ad
1746 1814 2026 1871 solstitiale

2127 1824 2214 1877 τὸν
2254 1824 2361 1878 ἀπὸ
2403 1823 2686 1894 ἰσημερίας
2725 1823 2942 1893 ἐαρινῆς
2987 1822 3142 1893 μέχρι
3187 1821 3393 1892 τροπῆς
3429 1820 3703 1892 θερινῆς,

476 1924 736 1986 punctum
764 1913 1010 1968 aestivum
1041 1930 1055 1965 :
1097 1909 1377 1964 minimum
1406 1922 1535 1962 vero
1570 1906 1645 1972 id,
1671 1907 1817 1978 quod
1850 1914 1933 1962 est
1960 1907 2029 1962 ab

477 2004 835 2076 .equinoctiali
876 2011 1076 2074 puncto
1108 2000 1408 2055 autumnali
1440 2014 1613 2069 usque
1646 1998 1712 2052 ad
1743 1998 2030 2054 solstitiale

476 2107 734 2169 punctum
761 2096 1063 2151 hibernum.
1102 2092 1193 2147 Sol
1222 2093 1385 2163 igitur
1415 2098 1680 2161 perpetuo
1702 2088 1757 2162 4
1783 2098 2029 2144 movetur

473 2190 751 2261 equaliter
796 2204 809 2239 :
871 2187 964 2242 sed
1033 2194 1248 2257 propter
1309 2183 1770 2239 exceutricitatem
1834 2182 2027 2238 solaris

472 2282 697 2351 sphaerae
746 2278 1080 2349 temporibus
1136 2275 1494 2347 inaequalibus
1541 2274 1776 2343 aequales
1820 2272 2026 2327 zodiaci

474 2375 802 2446 quadrantes
829 2371 1066 2427 conﬁcit.
1100 2368 1326 2439 Propter
1347 2366 1592 2423 eamdem
1621 2380 1837 2421 causam
1865 2367 2026 2421 etiam

472 2466 699 2536 aequalia
728 2464 881 2535 signa
916 2463 970 2517 in
1016 2461 1349 2532 temporibus
1388 2460 1743 2531 inaequalibus
1789 2460 1871 2515 sol
1904 2475 2027 2530 per-

470 2566 643 2630 agrat.
678 2557 735 2612 Si
762 2556 904 2611 enim
923 2556 991 2610 ab
1010 2553 1442 2610 extremitatibus
1466 2552 2025 2608 dodecatemoriorum

468 2652 537 2706 ad
588 2659 833 2705 centrum
894 2647 1100 2703 zodiaci
1149 2656 1534 2702 connectamus
1577 2647 1749 2701 lineas
1796 2654 2023 2701 rectas:

471 2740 924 2814 quemadmodum
954 2739 1124 2811 ﬁgura
1160 2740 1466 2809 subscripta
1492 2738 1751 2800 ostendit,
1781 2738 1883 2794 erit
1911 2737 2027 2808 qui-

469 2837 590 2893 dem
621 2834 876 2890 zodiacus
901 2833 958 2888 in
990 2832 1273 2888 duodecim
1307 2822 1487 2904 partes
1514 2832 1751 2901 aequales
1773 2830 1981 2886 divisus
2008 2847 2024 2883 :

465 2930 600 2985 solis
629 2943 757 2984 vero
783 2910 1267 2997 circulus'propter
1286 2924 1747 2980 excentricitatem
1791 2922 1846 2977 in
1888 2921 2020 2976 duo-

468 3021 641 3078 decim
660 3029 841 3091 partes
858 3017 1149 3088 inmquales
1173 3015 1382 3072 divisus
1405 3034 1419 3071 :
1444 3030 1508 3070 ac
1525 3015 1793 3070 maximus
1807 3013 2024 3085 quidem

464 3128 626 3169 arcus
653 3111 708 3166 in
734 3110 898 3168 solari
927 3108 1130 3164 circulo
1152 3107 1252 3163 erit
1271 3107 1380 3173 ille,
1402 3106 1495 3178 qui
1518 3115 1601 3163 est
1623 3107 1724 3163 sub
1742 3105 1981 3163 Geminis
2005 3125 2019 3162 :

464 3206 724 3266 minimus
760 3218 922 3272 vero,
967 3201 1059 3275 qui
1107 3209 1191 3257 est
1220 3199 1323 3256 θιὼ
1355 3197 1658 3272 Sagittario.

2129 1914 2406 1985 ἐλάχιστον
2481 1914 2539 1966 δὲ
2600 1914 2691 1967 τὸν
2774 1913 2879 1966 ἀπὸ
2939 1912 3224 1983 ἰσημερίας
3289 1912 3703 1984 φθινοπωρινῆς

2131 2007 2291 2076 μέχρι
2320 2006 2525 2078 τροπῆς
2551 2005 2882 2075 χειμερινῆς.
2898 2005 2956 2056 '0
2979 2005 3074 2074 μὲν
3096 1999 3189 2057 οὖν
3205 2003 3354 2074 ἥλιος
3375 2002 3465 2057 διὰ
3485 2004 3703 2069 παντὸς

2131 2097 2389 2168 ἰσοταχῶς
2438 2101 2687 2151 κινεῖται.
2745 2095 2842 2149 Διά
2886 2096 2942 2149 δὲ
2995 2097 3094 2167 τὴν
3151 2097 3548 2169 ὲκκεντρότητα
3592 2097 3701 2169 τῆς

2130 2189 2354 2261 ἡλιακῆς
2381 2189 2613 2260 σφαίρας
2651 2190 2708 2242 ἐν
2738 2190 2940 2253 ἀνίσοις
2968 2190 3176 2260 χρόνοις
3200 2189 3580 2261 διαπορεύεται
3622 2190 3700 2245 τὰ

2127 2279 2218 2334 τοῦ
2251 2280 2517 2346 ζωδιακοῦ
2540 2281 2960 2352 τεταρτημόρια.
2980 2281 3078 2334 Διά
3103 2281 3158 2333 δὲ
3187 2281 3285 2353 τὴν
3318 2282 3482 2352 αὐτὴν
3504 2282 3696 2335 αἰτίαν

2125 2372 2221 2425 καὶ
2247 2372 2315 2425 τὰ
2337 2370 2426 2423 ῐσα
2459 2370 2620 2435 ζώδια
2667 2372 2725 2424 ὲν
2749 2371 2950 2435 ἀνίσοις
2993 2372 3203 2442 χρόνοις
3252 2371 3632 2444 διαπορεύεται
3658 2374 3695 2428 ὀ

2123 2462 2290 2533 ἥλιος.
2336 2449 2465 2518 "saw
2487 2464 2594 2534 γὰρ
2621 2464 2727 2517 ἀπδ
2756 2464 2861 2518 τῶν
2887 2464 3135 2537 περάτων
3173 2465 3280 2519 τῶν
3311 2466 3697 2538 δωδεκατημοη

2126 2556 2257 2629 ρίων
2305 2556 2396 2609 ἐπὶ
2450 2556 2511 2609 τὸ
2556 2557 2777 2628 κέντρον
2814 2556 2907 2610 τοῦ
2950 2556 3210 2621 ζωδιακοῦ
3244 2558 3440 2612 κύκλου
3469 2560 3700 2624 ἐπιζεύ-

2126 2648 2302 2719 ξωμεν
2326 2649 2556 2715 εὐθείας,
2584 2648 2833 2721 καθάπερ
2869 2650 3318 2722 ὑπογέγραπται,
3350 2652 3501 2706 ἔσται
3529 2655 3558 2706 ὁ
3589 2652 3699 2724 μὲν

2122 2741 2230 2794 τῶν
2268 2739 2471 2804 ζωδίων
2502 2742 2699 2805 κύκλος
2729 2744 2809 2805 εἰς
2834 2742 2898 2813 ιβ’
2922 2743 3062 2815 μέρη
3087 2743 3179 2799 ἴσα
3198 2744 3540 2816 διῃρημένος,
3575 2750 3607 2800 ὁ
3634 2747 3695 2801 δὲ

2122 2829 2215 2884 τοῦ
2240 2830 2389 2900 ἡλίου
2410 2830 2604 2896 κύκλος
2631 2831 2718 2885 διὰ
2761 2832 2859 2903 τὴν
2892 2835 3285 2908 ὲκκεντρότητα
3313 2837 3391 2900 εἰς
3437 2835 3506 2907 ιβ’
3540 2836 3697 2909 μέρη

2123 2925 2285 2980 ἄνισα
2327 2926 2686 3000 διῃρημένος·
2733 2926 2827 2979 καὶ
2874 2927 3104 2999 μεγίστη
3157 2928 3254 3000 μὲν
3291 2929 3616 3000 περιφέρεια
3658 2932 3698 3001 ἡ

2123 3021 2547 3072 ύποπεπτωκυία
2608 3019 2712 3073 ὑπὸ
2733 3018 2857 3083 τοὺς
2908 3018 3191 3091 Διδύμους,
3253 3020 3506 3093 ἐλαχίστη
3552 3020 3615 3074 δὲ
3656 3025 3695 3093 ἡ

2124 3112 2542 3167 {immensumin
2565 3110 2671 3165 ὑπὸ
2698 3112 2789 3166 τὸν
2808 3109 3064 3184 Τοξότην.

1768 3339 2378 3501 θιῇ
2838 3350 2843 3355 ,

1434 3566 1771 3703 σλκ
2060 3519 2070 3587 '
2392 3622 2447 3698 κ

1231 3613 2943 4693 rj_.\\_\//:

532 5255 758 5327 Propter
781 5255 1189 5326 quam'causam
1227 5260 1466 5315 maximo
1499 5266 1741 5330 tempore
1786 5274 2012 5330 percur-

2198 5266 2276 5317 Δι’
2302 5265 2556 5336 ἣναίτίαν
2579 5266 2637 5323 ὲν
2666 5266 2898 5341 πλειστῳ
2916 5271 3013 5342 μὲν
3039 5270 3215 5342 χρόνῳ
3242 5269 3618 5343 διαπορεύεται
3643 5268 3672 5324 ό

458 5347 532 5403 rit
554 5347 635 5403 sol
662 5345 915 5406 Geminos
945 5368 959 5406 :
992 5352 1217 5408 minimo
1235 5368 1361 5410 vero
1381 5364 1621 5425 tempore
1639 5353 2008 5425 Sagittarium,

459 5454 584 5493 cum
620 5438 735 5509 ipse
759 5438 840 5495 sol
872 5456 1085 5513 semper
1113 5445 1391 5515 aequaliter
1423 5454 1722 5502 moveatur.
1754 5443 1855 5500 Sed
1885 5460 2008 5501 cum

460 5541 677 5601 propter
707 5534 1166 5591 excentricitatem
1197 5537 1251 5591 in
1276 5546 1458 5608 partes
1498 5538 1788 5608 inaequales
1817 5537 2011 5594 solaris

456 5622 703 5678 circulus
739 5632 980 5691 secetur,
1025 5626 1291 5699 contingit
1332 5636 1573 5702 tempora
1613 5629 1887 5702 signorum
1917 5645 2005 5686 zo-

459 5713 596 5771 diaci
638 5715 919 5783 inaequalia
955 5731 1084 5777 esse.

2111 5357 2262 5426 ἣλιος
2281 5359 2405 5421 τοὺς
2435 5357 2712 5430 Διδύμους,
2746 5362 2803 5415 ὲν
2816 5361 3077 5433 ἐλαχίστῳ
3101 5362 3156 5416 δὲ
3186 5362 3360 5435 χρόνῳ
3395 5362 3489 5416 τὸν
3523 5360 3678 5427 T056-

2113 5465 2233 5519 την,
2259 5450 2420 5514 αὐτὸς
2456 5451 2553 5521 μὲν
2590 5449 2906 5518 διὰ’παντδς
2948 5454 3203 5525 ἰσοταχῶς
3232 5452 3565 5525 κινούμενος,
3587 5451 3673 5507 διὰ

2113 5540 2170 5594 δὲ
2219 5540 2317 5611 τὴν
2361 5541 2757 5614 ὲκκεντρότητα
2789 5547 2868 5608 εἰς
2912 5545 3069 5600 ἄνισα
3119 5546 3275 5618 μέρη.
3297 5546 3703 5625 διαιρουμένου,

2114 5628 2207 5684 τοῦ
2233 5630 2459 5701 ἡλιακοῦ
2491 5632 2710 5695 κύκλου,
2741 5634 3022 5706 συμϐαίνει
3045 5636 3137 5693 καὶ
3163 5639 3288 5704 τοὺς
3312 5638 3535 5710 χρόνους
3572 5639 3667 5693 ἀν-

2119 5721 2263 5785 ίσους
2283 5719 2421 5779 ε’ίναι
2450 5723 2557 5780 τῶν
2575 5724 2791 5786 ζωδίων,
