3918 6216
220 324 334 382 ἴδἹ

1246 328 1480 386 GEMINI
1525 327 1893 385 ELEMENTA
1933 324 2427 383 ASTRONOMIA‘S.

3347 319 3452 375 758

299 443 414 513 Τῆς
453 441 507 495 δὲ
569 443 700 514 πρὸς
731 442 932 514 ἄλληλα
960 444 1166 512 τάξεως
1206 446 1283 517 (9)
1323 449 1419 502 καὶ
1453 447 1653 512 Θέσεως
1683 447 1790 501 τῶν

1961 443 2148 510 Quoad
2179 443 2424 498 ordinem
2457 450 2634 496 autem
2681 448 2736 494 et
2776 436 2938 493 situm
2965 477 2980 501 ,
3037 450 3194 506 quem
3225 435 3364 490 inter
3393 450 3455 492 se

225 530 299 601 ιβ’
329 532 532 596 ζωδὶων
555 533 804 606 διαφοραί
829 538 934 588 εισι
954 537 1235 610 τέσσαρες.
1275 541 1342 591 'A
1369 540 1466 610 μὲν
1488 539 1594 612 γὰρ
1614 540 1789 594 αὑτῶν

220 625 443 693 λέγεται
478 627 618 680 κατὰ
653 627 961 700 διάμετρον,
1009 629 1044 684 ὃ.
1090 631 1146 684 δὲ
1189 632 1329 685 κατά
1359 633 1640 704 τρίγωνον,
1675 634 1710 688 ἃ
1733 634 1789 687 δὲ

222 720 368 772 κατὰ
394 721 749 789 τετράγωνον,
773 722 808 777 ἃ
830 723 886 776 δὲ
929 728 1066 780 κατὰ
1095 725 1374 795 συζυγίαν,
1407 729 1510 781 ὑπό
1541 746 1700 782 τινων
1731 729 1788 782 δὲ

221 811 625 880 ἁντισυζυγίαν.

296 1075 450 1128 Κατά
493 1077 780 1150 διάμετρον
833 1080 930 1150 μὲν
959 1079 1048 1134 οὖν
1090 1083 1194 1134 εἰσι
1229 1082 1390 1147 ζὼὁια
1420 1084 1486 1138 τά
1523 1085 1662 1139 κατά
1691 1085 1788 1154 τὴν

215 1165 392 1236 αὑτὴν
443 1165 732 1239 διάμετρον
783 1171 1026 1241 κείμενα.
1085 1173 1239 1226 Ἔστι
1295 1174 1350 1227 δὲ
1388 1175 1544 1238 τάδε,
1600 1175 1786 1247 Κριὸς,

218 1255 415 1324 Ζυγὺς,
461 1255 690 1326 Ταῦρος,
732 1260 1015 1330 Σκορπίος,
1069 1261 1308 1334 Δίδυμοι,
1361 1263 1612 1336 Τοξότης,
1642 1267 1792 1336 Καρ-

218 1347 390 1409 κίνος,
409 1347 733 1420 Αἰγόκερως,
749 1351 915 1416 Λέων,
933 1352 1229 1424 Ὑδροχόος,
1249 1355 1542 1426 Παρθένος,
1568 1356 1784 1426 ’ἰχθύες

189 1437 544 1507 .Συμ6ἐ6ηκε
603 1439 659 1492 δὲ
713 1441 938 1505 τούτοις,
975 1443 1100 1497 ὅταν
1145 1445 1206 1497 τὸ
1235 1445 1422 1518 ἕτερον
1455 1447 1634 1500 αὑτῶν
1663 1449 1789 1502 ἀνα-

219 1530 408 1604 τέλλῃ,
444 1532 503 1584 τὸ
527 1533 668 1585 κατά
699 1533 988 1605 διάμετρον
1014 1535 1208 1599 δύνειν,
1253 1539 1346 1592 καὶ
1372 1539 1696 1592 τούναντίον.
1731 1541 1789 1593 '0

217 1619 283 1675 δὲ
309 1621 458 1690 λόγος
488 1623 580 1675 ἐπὶ
611 1623 716 1676 τῶν
763 1624 1262 1699 δωδεκατημορίων,
1298 1631 1388 1682 καὶ
1416 1632 1514 1682 οὑκ
1563 1632 1655 1684 ἐπὶ
1682 1632 1788 1684 τῶν

221 1715 736 1785 κατηστερισμένων
801 1715 1024 1780 ζωδίων.
1077 1720 1244 1790 Κριοῦ
1290 1721 1387 1790 μὲν
1422 1723 1529 1793 γὰρ
1560 1722 1785 1776 ἀνατέλ-

1891 535 2182 591 duodecim
2211 535 2365 606 signa
2393 533 2616 595 habent,
2645 537 2774 586 sunt
2811 545 2999 585 eorum
3036 535 3268 598 quatuor
3303 526 3458 583 dili‘e-

1891 630 2099 683 rentim.
2130 627 2327 682 Eorum
2363 626 2508 680 enim
2555 621 2804 693 quaedam
2850 619 3242 676 diametraliter
3289 634 3455 689 oppo-

1889 726 2133 783 nuntur,
2181 717 2425 789 quaedam
2489 713 2790 769 secundum
2846 711 3175 781 triangulum
3210 709 3454 774 distant,

1889 810 2136 881 quaedam
2171 807 2468 865 secundum
2504 805 2850 876 quadratum,
2884 802 3127 873 quaedam
3153 801 3455 856 secundum

1889 901 2371 964 combinationem,
2395 913 2556 969 quam
2583 897 2748 967 aliqui
2783 896 2944 951 etiam
2976 895 3279 966 oppositam
3305 907 3456 948 com-

1890 993 2227 1047 binationem
2257 999 2472 1045 vocant.

1961 1084 2036 1138 Ea
2070 1083 2233 1154 igitur
2263 1083 2414 1154 signa
2448 1083 2834 1138 diametraliter
2863 1078 3111 1149 opposita
3156 1076 3412 1131 dicuntur
3436 1117 3454 1140 ,

1891 1187 2010 1242 qua:
2059 1172 2358 1228 secundum
2408 1172 2652 1227 eamdem
2710 1172 3036 1224 diametrum
3086 1176 3213 1224 sunt
3260 1166 3453 1238 posita.

1893 1263 2031 1317 Sunt
2061 1272 2239 1318 autem
2279 1263 2393 1317 haec
2420 1282 2432 1317 ι
2459 1263 2646 1326 Aries,
2675 1261 2856 1325 Libra,
2890 1259 3122 1322 Taurus,
3157 1257 3414 1329 Scorpius
3439 1296 3455 1322 ,

1890 1352 2124 1419 Gemini,
2160 1353 2514 1424 Sagittarius,
2560 1353 2769 1408 Cancer
2793 1393 2805 1417 ,
2849 1352 3216 1422 Capricornus
3241 1391 3256 1416 ,
3307 1348 3455 1412 Leo,

1888 1445 2182 1516 Aquarius,
2222 1444 2406 1516 Virgo,
2445 1445 2653 1501 Pisces.
2689 1443 2784 1500 llis
2814 1456 2993 1499 autem
3021 1443 3310 1512 contingit,
3332 1455 3456 1495 cum

1890 1539 2206 1593 alterutrum
2232 1554 2420 1594 eorum
2455 1539 2652 1604 oritur,
2681 1538 2931 1593 occidere
2962 1538 3015 1592 id
3047 1536 3194 1607 quod
3233 1544 3316 1590 est
3341 1535 3453 1589 dia-

1890 1632 2187 1686 metraliter
2217 1631 2546 1700 Oppositum,
2575 1640 2629 1686 et
2661 1641 2875 1685 contra.
2915 1627 3038 1683 Haec
3077 1643 3106 1680 a
3158 1627 3315 1682 nobis
3371 1625 3458 1680 di-
3489 1684 3493 1687 ,

1890 1733 2089 1779 cuntur
2117 1725 2183 1779 de
2214 1723 2687 1788 dodecatemoriis,
2720 1739 2828 1777 non
2859 1722 2926 1777 de
2950 1720 3234 1777 stelliferis
3264 1719 3454 1788 signis.

219 1804 424 1870 λοντος,
455 1804 598 1857 δύνει
637 1805 838 1874 Ζυγόςο
876 1807 1089 1877 Ταύρου
1124 1809 1181 1862 δὲ
1222 1811 1618 1874 ἀνατέλλοντος,
1646 1811 1789 1864 δύνει

1898 1816 2072 1872 Ariete
2121 1818 2264 1872 enim
2315 1819 2564 1880 oriente,
2620 1817 2821 1871 occidit
2871 1815 3053 1869 Libra.
3104 1813 3283 1867 Tauro
3330 1823 3460 1866 vero

220 1897 508 1968 Σκορπίος.
549 1899 605 1951 ’0
629 1897 683 1951 δὲ
717 1899 876 1962 αὑτὸς
903 1899 1057 1969 λόγος
1080 1903 1173 1955 καὶ
1205 1903 1297 1956 ἐπὶ
1323 1903 1429 1958 τῶν
1454 1905 1656 1960 λοιπῶν
1681 1903 1788 1959 τῶν

223 1991 366 2044 κατά
415 1990 703 2062 διάμετρον
764 1991 983 2056 ζωδίων.
1046 1995 1392 2064 Λαμϐάνεται
1440 1997 1496 2050 δὲ
1529 1998 1597 2052 τά
1650 1998 1789 2052 κατά

220 2082 510 2154 διάμετρον
553 2084 656 2136 ὑπὸ
717 2084 825 2137 τῶν
879 2086 1157 2140 Χαλδαίων
1183 2088 1276 2140 καὶ
1304 2087 1437 2157 πρὸς
1471 2086 1568 2150 τὰς
1588 2089 1644 2140 ἐν
1671 2090 1788 2152 ταῖς

222 2174 465 2241 γενέσεσι
495 2174 851 2244 συμπαθείας.
883 2175 1232 2247 Δοκοῦσιγάρ
1254 2179 1302 2230 οἱ
1334 2177 1472 2230 κατὰ
1501 2177 1788 2250 διάμετρον

223 2264 502 2334 γενόμενοι
543 2265 883 2336 συμπάσχειν
936 2267 1206 2338 ἀλλήλοις,
1262 2269 1375 2331 καὶ,
1421 2269 1496 2332 ὡς
1545 2268 1609 2322 ἂν
1647 2268 1788 2322 εἴποι

221 2373 326 2420 τις,
353 2357 683 2412 ἀντικεῖσθαι
733 2359 1001 2430 ἀλλήλοις.
1035 2361 1144 2413 Καὶ
1191 2361 1295 2414 τῶν
1331 2361 1576 2433 ἀστέρων
1595 2361 1791 2431 ὲποχαὶ

223 2451 288 2504 ὲν.
313 2452 424 2512 tot;
452 2449 592 2506 κατά
621 2449 909 2522 διάμετρον
939 2451 1146 2515 ζωδίοις
1187 2453 1325 2506 κατά
1347 2453 1438 2506 τὸν
1471 2453 1631 2508 αὑτὸν
1665 2470 1787 2508 atat.-

228 2540 318 2612 ρὸν
347 2542 439 2596 καὶ
474 2543 858 2611 συνωφελοῦσι,
885 2544 978 2598 καὶ
1006 2544 1411 2616 συμὸλάπτουσι
1429 2546 1526 2609 τὰς
1548 2546 1789 2614 γενέσεις

221 2633 366 2688 κατά
398 2635 491 2696 τὰς
516 2635 948 2706 παραδεδομένας
970 2636 1222 2707 δυνάμεις
1246 2637 1352 2690 τῶν
1385 2637 1646 2708 ἀστέρων.

293 2807 450 2862 Κατὰ
502 2808 761 2880 τρίγωνον
813 2809 870 2862 δέ
932 2811 1048 2864 ἐστι
1089 2811 1478 2882 ΚριδςνΛέωνο
1526 2812 1784 2883 Τθξότης’

221 2898 454 2971 Ταῦρος,
509 2901 801 2971 Παρθένος,
865 2902 1208 2972 Αἱγόκερωςο
1282 2902 1538 2974 Δίδυμοι,
1597 2905 1787 2972 Ζυγὸς,

234 2991 512 3062 ’Υδροχόος
536 3009 548 3022 °
593 2993 886 3063 Καρκίνος,
921 2994 1206 3066 Σκορπίος,
1245 2993 1469 3064 Ἰχούες.
1503 2995 1585 3048 Τά
1615 2996 1791 3050 πάντα

221 3081 462 3154 τρίγωνα
515 3083 802 3156 ἰσόπλευρα
853 3085 1109 3156 τέτταρα.
1171 3087 1470 3141 Ὑποτείνει
1521 3087 1578 3142 δὲ
1632 3092 1665 3160 ἡ
1696 3090 1787 3143 τοῦ

221 3176 486 3246 τριγώνου
535 3177 743 3249 πλευρά
785 3179 890 3232 ὑπὸ
936 3179 1100 3244 ζὼδια
1155 3180 1252 3252 μὲν
1289 3181 1550 3256 τέτταρα,
1595 3184 1789 3256 μοίρας

221 3266 283 3322 δὲ
309 3276 407 3322 οκ’.

299 3360 552 3414 Καλεῖται
575 3361 631 3414 δὲ
661 3361 720 3414 τὸ
754 3363 850 3432 μὲν
876 3362 1086 3434 πρῶτον
1116 3363 1376 3434 τρίγωνον
1399 3364 1458 3417 τὸ
1486 3365 1592 3419 ἀπὸ
1618 3364 1788 3436 Κριοῦ

225 3451 454 3524 βόρειον.
500 3453 622 3506 Ἑάν
653 3453 780 3525 γάρ,
821 3453 921 3524 τῆς
977 3453 1204 3526 σελήνης
1241 3455 1297 3508 ἒν
1339 3473 1442 3510 τινι
1481 3457 1585 3509 τῶν
1627 3456 1790 3528 τριῶν

224 3543 431 3610 ζωδίων
487 3545 873 3617 ὑπαρχούσης,
918 3545 1109 3617 βορέας
1164 3547 1392 3619 πνεύσῃ,
1445 3549 1536 3601 ἐπὶ
1597 3547 1793 3610 πολλάς

221 3636 438 3706 ἡμέρας
473 3639 506 3707 ἡ
553 3636 689 3706 αὑτὴ
733 3636 974 3706 διαμένει
1016 3637 1220 3700 στάσις.
1261 3637 1420 3690 Ὅθεν
1457 3637 1564 3691 ἀπὸ
1593 3637 1793 3708 ταύτης

223 3728 326 3799 15,;
371 3729 801 3801 παρατηρήσεως
843 3727 1173 3799 ὁρμηθέντες
1213 3730 1260 3780 οἱ
1311 3729 1624 3800 ἀστρολόγοι
1662 3746 1794 3800 προ-

227 3821 440 3888 λέγουσι
468 3821 568 3883 τάς
603 3819 814 3890 βορείας
843 3820 1076 3882 στάσεις.
1121 3819 1244 3872 Ἐάν
1279 3820 1376 3890 μὲν
1402 3820 1531 3891 γάρ,
1567 3821 1622 3872 ὲν
1651 3818 1794 3890 άλλῳ

229 3910 403 3984 (mea?
453 3911 550 3981 τῆς
605 3911 830 3983 σελήνης
883 3911 1254 3983 ὑπαρχούσης,
1309 3911 1521 3984 βορεινὴ
1573 3912 1810 3983 γένηται.

232 4005 437 4070 στάσις,
484 4003 786 4067 εὑδιάλυτος
829 4003 1035 4074 γίνεται
1072 4007 1099 4058 ὁ
1132 4005 1355 4075 βορέας
1384 4005 1477 4058 ἐὰν
1515 4003 1571 4056 δὲ
1605 4004 1660 4056 έν
1689 4021 1794 4061 τινι

229 4100 338 4154 τῶν
381 4098 774 4169 ἀφωρισμένων
820 4097 1023 4162 ζωδίων
1061 4100 1121 4151 ἐν
1155 4098 1233 4168 τῷ
1283 4097 1507 4170 βορεινῷ
1548 4097 1794 4168 τριγώνῳ

236 4189 425 4261 βορέας
457 4189 795 4260 συμπνεύσῃ,
841 4189 1192 4260 προλέγουσιν
1232 4191 1321 4243 ἐπὶ
1355 4190 1564 4254 πολλάς.
1588 4190 1797 4260 ἡμέρας

232 4281 500 4352 διαμένειν
524 4281 625 4351 τὴν
647 4279 812 4350 αὑτὴν
844 4279 1116 4333 σύστασιν.
1169 4280 1241 4332 Τὸ
1280 4280 1334 4332 δὲ
1375 4280 1500 4350 ἑῇς
1537 4296 1796 4351 τριγωνον

231 4373 291 4426 τὸ
317 4372 423 4425 ἀπὸ
451 4371 543 4425 τοῦ
576 4370 774 4444 ταύρου
817 4371 1061 4424 καλεῖται
1106 4371 1300 4425 νότιον.
1335 4372 1500 4425 Πάλιν
1537 4371 1646 4443 γάρ
1680 4373 1792 4434 ἐὰν,

1890 1907 2120 1968 oriente.
2145 1907 2344 1962 occidit
2373 1905 2664 1977 Scorpius;
2707 1905 2896 1961 eadem
2944 1904 3083 1957 ratio
3106 1911 3191 1957 est
3221 1901 3458 1970 reliquo-

1890 2015 2010 2053 rum
2065 1998 2455 2054 diametraliter
2515 1997 2886 2068 oppositorum
2943 1995 3243 2064 signorum.
3301 1992 3458 2046 Accio

1891 2095 2114 2164 piunlur
2142 2102 2320 2147 autem
2351 2091 2747 2146 diametraliter
2781 2090 3032 2160 opposita
3055 2088 3210 2158 signa
3245 2101 3273 2139 a
3301 2083 3459 2138 Chal-

1889 2183 2022 2238 daeis
2048 2183 2211 2238 etiam
2263 2181 2329 2236 ad
2366 2190 2582 2236 mutuas
2613 2179 3114 2251 compassionesin
3155 2175 3456 2231 nativitati-

1889 2273 2016 2331 bus.
2070 2272 2336 2328 Videntur
2385 2272 2530 2327 enim
2576 2271 2688 2337 illi,
2723 2271 2816 2341 qui
2864 2270 2930 2324 in.
2967 2267 3236 2341 oppositis
3287 2266 3459 2332 signis

1891 2369 2017 2418 sunt
2039 2362 2172 2425 nati,
2202 2361 2306 2418 sibi
2332 2361 2561 2416 invicem
2603 2357 2877 2430 compati,
2920 2366 2993 2421 et,
3031 2365 3089 2410 ut
3129 2356 3326 2411 dixerit
3355 2372 3457 2408 an-

1889 2455 2032 2524 quis.
2074 2453 2177 2509 sibi
2209 2453 2436 2508 invicem
2477 2451 2775 2506 adversari.
2817 2449 2883 2502 Et
2934 2448 3211 2504 stellarum
3239 2447 3460 2516 epocliae

1889 2544 1945 2599 in
1997 2544 2168 2615 signis
2223 2543 2612 2598 diametraliter
2659 2541 2926 2612 oppositis
2969 2538 3265 2596 secundum
3318 2537 3458 2591 idem

1891 2645 2102 2708 tempus
2143 2647 2196 2692 et
2245 2653 2350 2692 una
2381 2637 2571 2706 juvant
2600 2675 2615 2698 ,
2674 2645 2726 2689 et
2761 2649 2866 2687 una
2922 2633 3124 2688 laedunt
3154 2631 3461 2686 nativitates

1891 2729 2193 2784 secundum
2225 2728 2453 2782 traditas
2492 2727 2636 2780 vires
2663 2726 2964 2779 stellarum.

1888 2822 1924 2884 P-
1963 2819 2271 2875 Secundum
2304 2819 2635 2890 triangulum
2670 2825 2848 2872 autem
2888 2815 3066 2886 posita
3117 2815 3270 2883 signa
3310 2820 3460 2878 sunt,

1891 2910 2068 2977 Aries,
2107 2909 2236 2976 Leo,
2284 2908 2649 2980 Sagittarius:
2688 2906 2922 2972 Taurus,
2953 2903 3140 2975 Virgo,
3175 2903 3478 2972 Capricon.

1892 3019 1996 3058 nus
2026 3022 2039 3056 :
2079 3001 2314 3062 Gemini.
2343 2999 2526 3064 Libra,
2553 2997 2825 3070 Aquarius
2855 3017 2867 3052 :
2902 2996 3132 3062 Cancer,
3180 2993 3462 3062 Scorpius,

1892 3094 2099 3151 Pisces.
2133 3092 2325 3148 Omnia
2362 3092 2632 3162 triangula
2674 3091 2724 3160 5
2768 3089 3081 3162 mquilatera
3139 3094 3266 3141 sunt
3323 3097 3462 3154 qua-

1892 3196 2014 3244 tuor
2050 3207 2063 3240 :
2109 3185 2386 3242 subtendit
2417 3194 2599 3240 autem
2642 3182 2900 3254 trianguli
2942 3182 3086 3236 latus
3137 3179 3288 3249 signa
3327 3191 3463 3247 qua-

1891 3287 2015 3334 tuor
2034 3319 2050 3344 ,
2084 3277 2285 3348 gradus
2324 3275 2449 3332 120.

1961 3370 2198 3427 Vocatur
2243 3378 2421 3425 autem
2449 3369 2684 3438 primum
2736 3363 3070 3435 triangulum
3101 3359 3338 3416 boreale.
3402 3357 3464 3411 Si

1892 3464 2034 3520 enim
2067 3464 2195 3517 luna
2227 3462 2286 3517 in
2319 3475 2428 3515 uno
2456 3461 2622 3514 trium
2672 3459 2952 3530 signorum
2998 3452 3161 3524 primi
3210 3449 3463 3519 trianguli

1893 3556 2089 3626 posita,
2109 3562 2302 3609 ventus
2321 3554 2516 3608 boreas
2531 3550 2820 3623 spiraverit
2845 3565 2857 3600 :
2880 3562 2974 3618 per
2995 3544 3114 3599 dies
3142 3542 3343 3596 multos
3367 3555 3462 3595 ea-

1894 3638 2013 3702 dem
2042 3651 2325 3716 permanet
2350 3643 2694 3699 constitutio.
2736 3638 2892 3694 Unde
2933 3633 3216 3705 astrologi,
3241 3646 3366 3687 cum
3396 3629 3463 3686 ab

1904 3740 2008 3796 hae
2037 3742 2087 3794 oi
2111 3737 2414 3794 servatione
2445 3736 2666 3791 initium
2697 3732 2954 3794 habeant,
2986 3728 3163 3782 boreae
3195 3721 3464 3779 constitu-

1897 3831 2076 3887 tioncs
2126 3828 2449 3901 praedicunt.
2497 3825 2635 3881 Nam
2687 3824 2734 3880 si
2789 3823 2845 3877 in
2891 3820 3000 3875 alio
3031 3815 3263 3890 quodam
3308 3815 3497 3884 signo.

1895 3924 2023 3978 luna
2052 3923 2376 3984 constituta,
2406 3917 2683 3974 exstiterit
2723 3911 3049 3970 constitutio
3089 3907 3346 3969 borealis,
3384 3904 3465 3960 fa-

1896 4014 2000 4068 cile
2043 4013 2239 4067 boreas
2270 4009 2613 4074 dissolvitur;
2642 4015 2698 4060 at
2731 4005 2920 4060 siuna
2951 4000 3239 4072 spiraverit
3269 3999 3486 4052 boreas.

1898 4105 1950 4157 in
1980 4117 2088 4157 uno
2117 4117 2304 4156 eorum
2353 4101 2656 4169 signorum,
2687 4111 2808 4167 quae
2854 4097 2908 4150 in
2943 4092 3150 4148 boreali
3193 4088 3464 4160 triangulo

1896 4193 2264 4259 continentur,
2298 4189 2602 4262 praedicunt
2644 4202 2738 4259 per
2789 4185 2910 4241 dies
2964 4184 3166 4238 multos
3216 4179 3464 4237 eamdem

1900 4301 2220 4356 permanere
2252 4282 2726 4338 constitutionem.
2763 4278 3078 4332 Proximum
3109 4273 3463 4348 triangulum,

1899 4376 2046 4449 quod
2094 4391 2124 4430 a
2149 4375 2329 4429 Tauro
2374 4373 2588 4442 incipit,
2630 4371 2946 4426 nominatur
2977 4367 3237 4423 australe.
3264 4364 3463 4421 Contra

232 4464 329 4535 τῆς
357 4463 583 4536 σελήνης
613 4462 667 4515 έν
695 4480 801 4516 τινι
840 4461 946 4515 τῶν
987 4460 1156 4533 τριῶν
1184 4460 1386 4526 ζωδίων
1425 4461 1792 4533 ὑπαρχούσης,

1917 4469 2085 4533 cnim,
2115 4466 2160 4523 si
2211 4467 2265 4521 in
2296 4481 2406 4520 uno
2433 4466 2628 4519 horum
2656 4463 2822 4517 trium
2852 4461 3134 4532 signorum
3166 4457 3295 4511 luna
3328 4470 3462 4509 con-

305 4621 380 4693 (9)
423 4619 540 4689 Τῆς
564 4621 630 4674 δέ
651 4621 799 4689 πρὸς
825 4619 1064 4687 ἄλληλα
1093 4620 1334 4687 τάξεως.
1367 4620 1609 4693 Quatuor
1637 4618 1792 4693 habit

234 4688 470 4755 tudines,
521 4693 634 4748 sive
681 4688 1010 4759 Conspectus
1059 4693 1336 4760 signorum
1388 4691 1642 4758 explicat,
1701 4688 1790 4757 qui

232 4763 342 4816 vim
373 4763 606 4830 aliquam
645 4761 698 4832 in
748 4762 1126 4832 ματαιοτεχνίᾳ
1169 4761 1627 4831 genethliacorum
1676 4773 1792 4812 sor-

231 4835 325 4885 tita
358 4841 633 4900 putantur.
668 4830 886 4886 Primus
916 4830 1501 4900 εειόιατὰίόιάμετρον,
1534 4844 1656 4898 qum
1698 4843 1792 4900 se;

230 4897 384 4969 signa
409 4903 702 4964 subteudit,
735 4911 793 4955 ut
825 4902 1003 4965 Aries,
1037 4911 1090 4956 et
1119 4897 1298 4956 Libra.
1336 4897 1623 4956 secundus
1655 4897 1793 4952 κατά

229 4974 516 5043 τρίγωνον.
551 4975 708 5037 cujus
749 4974 891 5027 latus
924 4981 1159 5043 quatuor
1201 4975 1361 5043 signa
1384 4969 1684 5043 subtendit,
1713 4976 1796 5043 _ut

231 5039 410 5106 Aries,
443 5043 572 5104 Leo,
607 5039 953 5110 Sagittarius
978 5039 1546 5112 trigonutn'elliciunt.
1580 5039 1796 5112 Tertius

230 5121 314 5169 est
359 5113 500 5166 κατά
547 5116 920 5185 τετράγωνον,
974 5110 1384 5185 quadrantalis.,
1440 5111 1598 5185 cujus
1631 5110 1796 5185 _la_tus

271 5185 490 5239 radibus
537 5184 625 5245 90,
647 5180 832 5250 ‘signis
883 5180 1060 5238 tribus
1092 5184 1455 5238 subtenditur.
1501 5183 1590 5237 Sic
1617 5180 1794 5244 Aries,

278 5269 460 5319 ancer,
495 5251 681 5316 Libra,
711 5253 1075 5324 Capricornus
1103 5254 1536 5324 quadrangulum
1567 5250 1794 5324 faciunt.

230 5323 469 5390 Quartus
522 5333 606 5380 est
666 5320 808 5378 κατᾶ
866 5320 1156 5392 συζυγίαν,
1217 5320 1379 5392 atque
1432 5323 1522 5377 hic
1563 5320 1797 5375 duorum

231 5397 511 5464 signorum
559 5402 662 5458 est,
696 5411 814 5465 quae
858 5409 886 5447 a
915 5395 1130 5465 punctis
1161 5395 1390 5464 tropicis
1416 5410 1483 5450 ex
1514 5407 1671 5463 aequo
1706 5407 1799 5465 [e-

231 5460 539 5534 moventur,
575 5475 634 5520 ut
659 5460 887 5526 Cancer.
915 5460 967 5519 et
989 5464 1196 5535 Gemini
1229 5460 1675 5535 :Capricornins,
1701 5460 1801 5535 sa-

229 5536 505 5660 gittarius.
528 5533 658 5607 quae
697 5542 824 5591 sunt
853 5535 1116 5606 βλέποντα
1143 5533 1437 5600 Ptolemaei,
1474 5543 1530 5591 et
1570 5533 1799 5590 antiscia

268 5607 358 5660 ulii
391 5605 633 5660 Firmici.
660 5605 772 5660 Hoc
801 5621 970 5660 neniis
994 5607 1280 5660 separatim
1310 5620 1338 5658 a
1356 5607 1546 5660 primis
1568 5611 1799 5660 uuatuor

268 5607 358 5660 ulii
391 5605 633 5662 Fiimici.
660 5605 772 5662 Hoc
792 5605 970 5676 genus
994 5607 1280 5675 separatim
1310 5620 1338 5658 a
1356 5607 1546 5676 primis
1568 5611 1808 5676 quatuor

233 5679 302 5731 ab
331 5677 436 5748 illis
474 5678 715 5748 ponitur.
762 5675 894 5748 Nam
940 5678 986 5731 is
1016 5676 1232 5748 proprie
1268 5675 1815 5748 σχηματισμὸς-θοῆς

233 5756 336 5814 est,
364 5745 584 5806 hoc'est
613 5747 839 5819 ﬁguram
871 5747 925 5802 in
969 5748 1176 5802 circulo
1201 5745 1463 5817 integram
1505 5745 1613 5802 nOn
1647 5745 1800 5812 facit,

1893 4639 2017 4678 Olim
2070 4637 2180 4677 uno
2225 4619 2604 4675 tantummodo
2656 4619 2825 4671 latere
2879 4624 3126 4677 constet,
3181 4609 3465 4681 quoduni

1896 4697 2072 4763 signo.
2105 4693 2185 4745 vel
2219 4692 2418 4754 tribus,
2445 4691 2529 4744 vel
2571 4689 2812 4763 quinque
2841 4680 3210 4763 subtenditur.’
3256 4680 3466 4763 Habent

1895 4751 2076 4818 tanien
2104 4763 2279 4831 λόγον,
2312 4751 2412 4815 nec
2439 4767 2566 4814 sunt
2589 4751 2869 4831 ’ἀσύνδετα
2893 4760 3224 4831 signa,_qua:
3250 4765 3340 4831 se,
3365 4751 3466 4831 hoc

1897 4835 2059 4888 modo
2084 4820 2405 4901 respiciunt,
2437 4839 2495 4882 ut
2525 4837 2714 4883 auctor
2739 4820 3060 4901 estPtol'em.
3081 4820 3173 4901 lib.
3207 4837 3222 4876 ι
3250 4820 3463 4901 Tetrab:

1904 4903 2009 4957 Sed
2033 4891 2452 4958 scheritatismus
2482 4916 2588 4954 non
2615 4907 2716 4953 est.
2754 4897 2859 4950 Pro
2897 4912 2962 4950 eo
2997 4891 3367 4949 mathematici
3406 4892 3467 4944 τὸ

1899 4973 2022 5026 καθ’
2055 4972 2321 5041 ἑξάγωνον
2345 4972 2526 5040 σχῆμα
2554 4969 2912 5041 substituunt,
2939 4966 3098 5041 cujus
3124 4965 3266 5041 latus
3293 4961 3466 5041 signis

1899 5029 2115 5098 duobus
2156 5029 2211 5096 et
2259 5029 2519 5112 gradibus
2571 5040 2859 5112 sexaginta
2907 5029 3273 5112 subteruntur.
3329 5029 3489 5112 Yide—

1901 5121 2095 5183 praeter
2128 5102 2326 5168 citatos
2360 5119 2642 5183 auctores,
2681 5102 2957 5183 bianilium
2991 5114 3046 5161 et
3088 5104 3311 5159 Paulum
3339 5102 3466 5156 Ale-

1901 5177 2248 5238 iandrinum.
2302 5181 2460 5234 Κατὰ
2510 5180 2768 5248 συζυγίαν
2837 5177 2990 5246 signa
3046 5183 3210 5248 sunt,
3242 5187 3461 5248 quaees-

1900 5254 2089 5308 eodem
2133 5253 2253 5307 loco
2299 5242 2672 5314 oriuntur,_et
2721 5251 2776 5303 in
2825 5242 3014 5304 eodem
3059 5245 3356 5300 occidunt:
3389 5242 3482 5295 ita.

1900 5331 2085 5449 hamen
2113 5331 2171 5378 ut
2208 5323 2434 5389 ἐναλλὰξ
2481 5322 2634 5376 initia
2681 5335 2872 5376 eorum
2915 5332 2980 5372 ac
3018 5315 3235 5373 termini
3269 5327 3461 5384 proce-

1941 5403 2056 5448 ant.

1941 5403 2056 5448 ant.

1975 5464 2147 5521 Porro
2186 5464 2405 5521 schema
2435 5464 2588 5530 illud,
2623 5463 2770 5534 quod
2799 5477 2830 5518 e
2873 5459 3245 5528 manuscripto
3275 5452 3466 5534 codice

1904 5535 2433 5606 repraesentavimus,
2485 5524 2692 5590 solos'e
2723 5533 3012 5606 diametro,
3066 5539 3119 5586 et
3154 5524 3303 5606 ’κατά
3344 5524 3464 5595 τρί-

1905 5599 2076 5675 γώνον
2103 5613 2357 5676 aspectus
2385 5605 2604 5676 exhibet
2637 5624 2650 5660 :
2687 5603 3094 5676 quadrantales,
3131 5610 3187 5676 et
3231 5599 3466 5676 hexago-

1905 5667 2009 5733 nos
2038 5691 2146 5732 non
2167 5667 2432 5732 continet.
2465 5675 2588 5730 Ideo
2612 5667 2722 5731 nos
2743 5675 2970 5728 alterum
3007 5673 3110 5726 hoc
3136 5672 3257 5725 loco
3284 5667 3479 5734 subje-

1908 5749 2105 5818 cimus,
2137 5748 2191 5804 in
2220 5763 2329 5818 quo
2350 5746 2717 5803 schematismi
2745 5753 2976 5816 quatuor
3005 5750 3284 5816 apparent.
