2000 3103
253 159 304 187 759

741 154 786 181 AD
802 153 936 181 EUSEBH
949 152 1145 182 CHRONICON
1163 153 1342 181 APPENDIX.

1802 152 1856 180 760

244 217 338 244 stituta
350 216 443 241 auster
450 212 563 244 ﬂaverit,
575 219 623 248 per
630 211 687 238 dies
696 211 796 238 multos
808 211 900 238 eadem
917 218 1020 246 perma-

1074 211 1148 242 νότος
1171 212 1282 248 πνεύσῃ,
1302 212 1349 238 ἐπὶ
1369 211 1467 244 πολλὰς
1489 211 1629 247 ἡμέρας-ἡ
1648 211 1715 246 αὑτὴ
1734 210 1860 246 διαμένει

241 265 288 289 net
300 259 468 288 constitutio.
476 258 631 286 Proximum
643 257 817 291 triangulum,
827 257 898 292 quod
909 265 923 283 a
933 256 1024 296 Gemi-

242 307 287 334 nis
301 305 453 337 inchoatur.
466 308 578 332 vocatur
593 303 765 339 zephyricum
783 303 898 330 similem
913 303 948 329 ob
959 310 1024 329 cau-

243 360 311 380 sam.
324 351 494 379 Postremum
509 350 764 385 triangulum,quod
776 357 790 376 a
799 349 905 376 Cancro
916 349 1023 376 initium

243 399 334 430 habet,
349 397 447 425 dicitur
460 397 635 425 subsolanum
647 401 755 430 propter
765 396 885 423 eamdem
898 403 1021 422 causam.

278 443 448 478 Usurpantur
459 447 551 470 autem
570 442 652 470 etiam
667 442 725 469 hmc
748 441 883 477 triangula
898 442 931 469 ad
948 442 1024 468 inve-

242 490 356 518 niendas
381 490 598 524 compassiones.
619 497 680 523 quaa
704 488 731 515 in
751 489 938 516 nativitatibus
958 496 1021 523 spe-

242 534 505 563 ctantur.Videntur
521 534 604 567 enim,
618 534 665 569 qui
680 534 829 563 secundum
846 534 916 561 idem
934 534 1020 560 trian-

243 580 335 614 gulum
348 583 510 609 nascuntur,
528 579 580 606 sibi
598 578 713 606 invicem
727 579 844 614 compati
862 587 868 604 :
884 584 911 606 ct
931 579 1022 606 slella—

242 632 302 652 rum
313 624 535 655 constitutiones.
553 632 612 659 qua:
625 628 690 652 sunt
711 625 739 652 in
756 625 851 652 iisdem
866 625 1021 660 triangulis,

242 670 323 695 simul
338 674 364 696 et
380 669 510 704 adjuvare
527 672 554 696 et
570 668 667 696 laedere
681 669 848 697 nativitates.
862 669 929 696 Nam
944 676 1021 696 com-

241 716 383 749 passiones
396 715 464 742 ﬁunt
476 715 564 743 tribus
573 714 672 747 modis,
684 715 835 743 secundum
847 715 1020 748 diametrum,

242 761 391 789 secundum
413 762 592 797 triangulum,
615 763 765 791 secundum
778 762 951 797 quadratum.
968 761 1022 789 Sed

242 807 392 834 secundum
419 808 501 835 aliam
525 808 681 836 distantiam
704 809 779 836 nulla
802 809 831 836 ﬁt
851 809 1020 844 compassio;

236 852 317 886 atqui
332 857 548 881 consentaneum
564 860 633 886 erat.
647 858 678 882 ut
693 863 726 882 ex
745 855 830 890 signis
851 855 970 883 maxime
980 857 1022 882 vi-

1075 257 1177 289 στάσις.
1194 258 1229 284 Τὸ
1252 258 1279 284 δὲ
1299 258 1360 293 ἑξῆς
1377 258 1506 294 τρίγωνον
1526 258 1557 284 τὸ
1581 257 1635 284 ἀπὸ
1657 258 1710 283 τῶν
1730 257 1862 292 Διδύμων

1074 304 1194 330 καλεῖται
1209 304 1351 339 ζεφυρικὺν
1367 303 1410 330 διὰ
1423 303 1473 339 τὴν
1493 302 1708 338 ὁμοίαναίτιαν·
1722 303 1753 329 τὸ
1768 302 1798 328 δὲ
1814 302 1865 328 ἐπὶ

1074 351 1140 377 πᾶσι
1158 350 1298 386 τρίγωνον,
1315 350 1345 376 τὸ
1368 350 1422 376 ἀπὸ
1442 349 1591 384 Καρκίνου,
1608 348 1789 384 ἀφηλιωτικὺν
1816 347 1865 375 διὰ

1072 397 1121 432 τὴν
1133 397 1217 432 αὑτὴν
1233 397 1330 424 αἰτίαν.

1109 443 1282 477 Λαμϐάνεται
1296 443 1324 469 δὲ
1340 442 1373 469 τὰ
1391 443 1509 478 τρίγωνα
1531 443 1577 473 καὶ
1592 442 1659 478 πρὸς
1681 441 1729 473 τὰς
1747 442 1775 467 ἐν
1795 443 1865 472 ταῖς

1073 490 1194 523 γενέσεσι
1211 488 1389 523 συμπαθείας.
1406 488 1518 515 Δοχοῦσι
1534 488 1588 523 γὰρ
1602 488 1626 514 οἱ
1641 487 1711 514 κατὰ
1724 488 1863 522 τρίγωνον

1072 533 1234 569 γεννώμενοι
1251 534 1401 569 συμπαθεῖν
1415 534 1547 569 ἀλλήλοις,
1561 534 1607 560 καὶ
1619 534 1647 561 αἱ
1661 534 1714 560 τῶν
1732 534 1864 568 ἀστέρων

1073 581 1179 611 πάσεις
1197 582 1224 607 αί
1238 581 1329 612 ἐντοῖς
1342 581 1432 612 αὐτοῖς
1455 580 1596 616 τριγώνοις
1611 581 1657 607 καὶ
1683 579 1863 612 σὐνωφελεῖν,

1073 626 1120 653 καὶ
1133 634 1163 651 συ
1168 625 1316 660 μϐλάπτειν
1334 626 1392 661 ἅμα
1414 626 1461 657 τὰς
1475 625 1604 659 γενέσεις.
1627 624 1702 652 Κατὰ
1714 623 1769 658 γὰρ
1781 625 1865 659 τρεῖς

1071 672 1187 707 τρόπους
1210 672 1239 698 αἱ
1260 672 1426 707 συμπάθειαι
1452 671 1581 705 γίνονται,
1604 670 1674 697 κατὰ
1698 670 1861 704 διάμετρον,

1072 716 1144 744 κατὰ
1162 717 1302 753 τρίγωνον,
1324 718 1393 744 κατὰ
1413 718 1592 753 τετράγωνον.
1613 716 1690 743 Κατὰ
1717 715 1801 750 ἄλλην
1831 715 1864 741 δὲ

1072 762 1212 790 διάστασιν
1226 763 1337 798 οὐδεμία
1354 763 1508 798 συμπάθεια
1523 763 1635 796 γίνεται,
1658 762 1753 788 Καίτοι
1779 761 1862 787 εὔλο-

1074 817 1121 843 γον
1141 807 1185 844 ἦν,
1200 810 1232 835 ἐκ
1249 809 1303 835 τῶν
1321 808 1436 844 μάλιστα
1452 808 1582 843 σύνεγγυς
1603 808 1788 843 συγκειμένων
1806 807 1864 838 ζω-

1072 856 1136 882 δίων
1147 856 1316 890 συμπάθειαν
1330 854 1460 889 γίνεσθαι.
1476 855 1507 881 Ἦ
1519 854 1573 890 γὰρ
1582 854 1707 889 ἀποφορὰ
1718 854 1765 880 καὶ
1779 854 1837 879 ἀπό
1845 855 1863 889 ῤ

241 898 310 926 cinis
325 902 479 934 compassio
491 899 577 928 ﬁeret.
590 900 694 929 Delatio
701 901 773 929 enim
786 905 813 928 et
828 901 1018 936 deﬂuxus,qui

1074 903 1141 937 ροια,
1153 903 1169 937 ὴ
1181 902 1315 938 φερομένη
1328 902 1381 928 ἀπὸ
1392 901 1441 936 τῆς
1451 901 1516 932 ἰδίας
1523 901 1662 936 δυνάμεως
1674 899 1789 925 ἑκάστου
1801 898 1863 925 τῶν

240 944 327 972 fertur
338 953 354 972 a
379 947 489 981 propria
511 946 536 974 vi
552 945 719 982 singularum
734 948 872 975 slellarum
882 968 889 980 ,
904 948 1019 976 debebat

241 991 357 1019 maxime
373 993 582 1028 concorporari,
598 999 625 1021 et
649 994 823 1022 commisceri
840 1002 901 1022 cum
917 996 1014 1022 vicinis

241 1037 337 1072 signis.
356 1037 391 1065 Ut
407 1039 480 1066 enim
492 1040 628 1075 triangula
644 1043 671 1068 et
686 1040 819 1075 quadrata
832 1040 1019 1068 inscribuntur

241 1084 365 1111 circulo:
383 1085 423 1112 sic
444 1086 527 1113 etiam
549 1087 731 1122 hexagonum,
755 1092 782 1114 et
802 1092 975 1122 octagonum,
992 1091 1020 1115 et

241 1128 455 1164 dodecagonum.
473 1131 508 1158 At
530 1133 680 1160 secundum
709 1133 808 1160 horum
827 1133 1020 1168 inscriptiones

242 1174 319 1201 nulla
340 1175 368 1202 ﬁt
387 1177 541 1212 compassio
556 1186 563 1203 :
579 1181 684 1206 tantum
699 1186 730 1206 ea
747 1178 776 1206 fit
790 1178 939 1207 secundum
957 1187 1021 1214 prae-

243 1218 332 1246 dictos
346 1219 452 1254 modos,
469 1228 530 1249 cum
543 1222 571 1249 in
584 1223 741 1258 hujusmodi
756 1224 893 1252 distantiis
908 1228 1019 1251 natura-

242 1263 277 1291 lis
289 1265 411 1299 quadam
423 1267 459 1295 sit
474 1270 637 1304 compassio.

1072 948 1202 983 ἀστέρων,
1213 946 1311 983 ὤφειλε
1326 947 1439 983 μάλιστα
1457 945 1732 981 συναναχρωτίζεσθαι
1740 944 1789 970 καὶ
1799 952 1863 969 συν-

1072 993 1265 1029 ανακιρνᾶσθαι
1286 994 1340 1024 τοῖς
1362 992 1538 1028 πλησιάζουσι
1556 990 1668 1023 ζωδίοις.
1682 990 1787 1024 Ὥσπερ
1802 989 1863 1024 γὰρ

1071 1040 1105 1066 τὰ
1113 1040 1231 1075 τρίγωνα
1240 1040 1287 1065 καὶ
1300 1039 1455 1075 τετράγωνα
1465 1038 1627 1073 ἐγγράφεται
1638 1037 1677 1068 είς
1688 1035 1732 1062 τὸν
1743 1034 1861 1065 κύκλον,

1073 1086 1143 1112 οὕτω
1157 1086 1204 1113 καὶ
1220 1086 1362 1120 ἑξάγωνον,
1376 1086 1423 1112 καὶ
1446 1085 1607 1118 ὀκτάγωνον,
1626 1083 1673 1109 καὶ
1693 1081 1861 1115 δωδεκάγω-

1073 1140 1127 1158 νον.
1148 1132 1226 1158 Ἀλλὰ
1247 1131 1317 1158 κατὰ
1334 1132 1382 1166 μὲν
1398 1131 1447 1162 τὰς
1466 1130 1565 1158 τούτων
1581 1128 1720 1165 ἐγγραφὰς
1741 1127 1862 1161 οὐδεμία

1072 1179 1175 1213 γίνεται
1200 1177 1369 1213 συμπάθεια·
1400 1176 1469 1204 κατὰ
1495 1176 1523 1203 δὲ
1547 1175 1610 1207 τοὺς
1638 1173 1861 1211 προειρημένους

1072 1225 1187 1260 τρόπους
1210 1225 1298 1260 μόνον,
1322 1224 1438 1259 φυσικῆς
1457 1232 1528 1255 τινος
1550 1221 1722 1258 ὑπαρχούσης
1746 1221 1777 1246 ὲν
1795 1220 1859 1249 ταῖς

1072 1271 1209 1302 τοιαύταις
1225 1271 1389 1298 ἀποστάσεσι
1406 1268 1583 1306 συμπαθείας.
