4000 6206
269 325 344 379 761

1268 323 1502 380 GEMINI
1542 325 1908 382 ELEMENTA
1949 325 2436 382 ASTRONOMIE.

3341 316 3444 373 τω

322 440 456 493 Κατὰ
487 437 820 508 τετράγωνον
863 437 920 491 δέ
964 440 1113 491 ἐστι·
1149 440 1336 511 Κριὸς,
1368 439 1655 511 Καρκίνος,
1695 441 1794 493 Ζυ-

1907 443 1911 493 ξ
1969 438 2277 495 Secundum
2311 436 2639 508 quadratum
2696 432 2871 504 posita
2918 428 3073 501 signa
3111 435 3239 484 sunt
3276 427 3390 483 haec
3427 447 3441 482 :

186 542 193 549 ‘
269 533 356 601 γὸς,
392 531 724 599 Αἰγόκερως·
786 529 1019 602 Ταῦρος,
1067 530 1235 597 Λέων,
1285 532 1567 603 Σκορπίος,
1610 532 1791 604 Ὑδρο-

263 625 361 695 ἔδοξ
376 639 387 651 ’
416 621 650 691 Δίδυμθιν
676 620 970 692 Παρθένος,
994 621 1247 693 Τοξότης,
1277 620 1496 692 Ἰχθύες.
1517 621 1595 675 Τὰ
1619 623 1791 677 πάντα

266 713 541 785 τετράγωνα
584 712 732 782 τρία.
779 712 1078 765 Ύποτείνει
1127 712 1183 765 δὲ
1230 715 1264 783 ἡ
1311 711 1404 766 τοῦ
1458 710 1787 785 τετραγώνου

263 782 439 875 πλευρὰ
462 802 564 856 ὑπὸ
593 801 760 868 ζώδια
792 804 892 874 μὲν
933 804 1078 876 τρία,
1113 782 1303 876 μοίρας
1333 803 1389 857 δὲ
1423 807 1491 870 ιιι.
1535 782 1790 857 καλεῖται

266 896 347 967 μὲν
372 895 425 947 τὸ
455 894 668 965 πρῶτον
693 896 1034 967 τετράγωνον
1068 896 1129 949 τὸ
1171 896 1279 949 ἀπὸ
1316 895 1408 949 τοῦ
1448 894 1634 967 Κριοῦ,
1666 897 1722 949 ἐν
1747 886 1791 962 ᾧ

264 986 309 1041 αἱ
333 978 456 1055 ὧραι
481 983 759 1056 ἄρχονται,
796 985 918 1056 ἔαρ,
960 983 1134 1058 θέρος,
1171 986 1523 1057 φθινόπωρον,
1555 983 1787 1055 χειμῶν’

265 1075 311 1128 τὸ
334 1073 561 1145 δεύτερον
590 1074 934 1145 τετράγωνον
966 1075 1026 1128 τὸ
1064 1076 1170 1130 ἀπὸ
1200 1075 1293 1129 τοῦ
1318 1076 1548 1147 Ταύρου,
1580 1078 1636 1128 ὲν
1666 1070 1710 1144 ᾧ
1736 1077 1790 1128 αἱ

265 1159 377 1236 ὧραι
403 1164 485 1217 τὸν
512 1165 675 1235 μέσον
707 1165 890 1236 ἔχουσι
932 1167 1142 1240 χρόνον,
1178 1167 1355 1240 ἔαρος,
1386 1168 1589 1239 θέρους,
1617 1166 1795 1236 φθινο-

266 1252 441 1325 πώρου,
471 1253 738 1324 χειμῶνος
759 1273 772 1284 ’
806 1255 868 1309 τὸ
910 1256 968 1310 δὲ
1012 1258 1191 1329 τρίτον
1227 1257 1559 1328 τετράγωνον
1597 1257 1656 1309 τὸ
1687 1256 1794 1310 ἀπὸ

265 1344 354 1399 τῶν
380 1345 633 1415 Διδύμων,
661 1345 720 1399 ὲν
746 1340 790 1415 ᾧ
814 1348 868 1399 αἱ
901 1341 1041 1419 ὧραι
1074 1348 1294 1419 λήγουσι
1344 1347 1482 1401 κατὰ
1519 1348 1643 1411 τοὺς
1671 1347 1794 1418 χρό-

265 1457 387 1503 νους.
413 1437 755 1509 Λαμϐἀνεται
799 1439 855 1492 δὲ
904 1439 967 1492 τὸ
1005 1440 1341 1512 τετράγωνον
1366 1439 1443 1504 ἓν,
1473 1439 1719 1511 καθάπερ
1750 1439 1793 1470 ¹³

265 1534 474 1603 εἴρηται,
521 1532 614 1585 καὶ
668 1532 803 1602 πρὸς
857 1529 957 1595 τὰς
1011 1533 1069 1584 ὲν
1123 1535 1241 1594 ταῖς
1292 1530 1532 1600 γενέσεσι
1580 1548 1795 1601 συμπα-

266 1625 407 1689 θείας.

325 1899 428 1951 Ἔτι
459 1896 514 1950 δὲ
541 1897 574 1967 ἡ
599 1894 712 1948 τῶν
737 1890 1094 1963 τετραγώνων
1137 1887 1363 1954 ἐκθεσις,
1394 1888 1486 1941 καὶ
1522 1886 1654 1958 πρός
1680 1902 1799 1938 τινα

257 1995 403 2064 ἄλλην
426 1990 607 2063 χρείαν
642 1985 980 2059 λαμϐάνεται
1034 1982 1138 2036 ὑπό
1182 1997 1361 2034 τινων.
1402 1978 1506 2032 Τοῖ’)
1542 1980 1650 2048 γὰρ
1683 1976 1799 2039 ὲνὸς

176 2118 181 2121 -
254 2086 417 2141 αὐτῶν
446 2084 547 2137 ὑπὸ
586 2080 683 2135 τοῦ
725 2076 891 2134 αὐτοῦ
932 2073 1272 2148 τετραγώνου
1300 2071 1562 2135 δύνοντος,
1589 2070 1648 2123 τὸ
1675 2068 1800 2139 ἑξῆς

256 2176 612 2249 ὑπελάμϐανον
644 2171 993 2245 μεσουρανείν
1040 2169 1097 2219 ὲν
1134 2165 1211 2236 τῷ
1240 2164 1379 2234 ὑπὲρ
1409 2161 1512 2232 γῆν
1542 2162 1803 2232 ἡμισφαι-

256 2274 376 2345 ρίῳ*
409 2266 545 2331 οἷον,
570 2268 855 2337 Αἰγόκερω
894 2261 1168 2323 δύνοντος,
1221 2258 1571 2326 μεσουρανεῖν
1611 2253 1800 2324 Κριὸν,

252 2343 541 2423 ἀνατέλλειν
570 2362 628 2415 δὲ
658 2359 950 2432 Καρκίνον,
987 2354 1081 2408 καὶ⁵
1116 2349 1463 2424 μεσουρανεῖν
1493 2345 1549 2398 δὲ
1572 2344 1674 2398 ὑπὸ
1699 2343 1803 2414 γῆν

253 2448 429 2531 Ζυγόν.
456 2462 512 2515 Ὁ
543 2459 601 2513 δὲ
631 2457 792 2521 αὐτὸς
820 2454 975 2523 λόγος
1008 2450 1099 2505 καὶ
1130 2447 1222 2502 ἐπὶ
1251 2444 1367 2498 τῶν
1383 2440 1583 2496 λοιπῶν
1611 2455 1807 2531 τετραζ-

250 2528 591 2623 γώνωνσὲστί.
622 2548 696 2601 Τὸ
716 2547 772 2600 δὲ
796 2543 1032 2600 τοιοῦτον
1056 2536 1418 2612 παράγγελμα
1452 2533 1543 2586 ἐπὶ
1585 2531 1683 2605 μὲν
1708 2528 1802 2623 τοῦ

252 2622 358 2709 ἑνὸς
380 2640 742 2714 τετραγώνου,
778 2636 870 2692 τοῦ
907 2636 1008 2698 τὰς
1038 2632 1243 2705 τροπὰς
1272 2629 1365 2683 καὶ
1395 2625 1492 2690 τὰς
1516 2622 1805 2696 ἰσημερίας
1834 2650 1835 2653 η

252 2736 603 2809 περιέχοντος,
650 2730 794 2786 κατὰ
837 2729 898 2783 τὸ
941 2722 1220 2795 ὁλοσχερὲς
1266 2721 1549 2790 λεγόμενον

251 2806 403 2899 νήσει
435 2827 574 2898 πρὸς
614 2825 677 2877 τὸ
723 2822 1075 2892 φαινόμενον·
1114 2814 1249 2884 πρὸς
1289 2812 1346 2864 δὲ
1377 2809 1473 2880 τὴν
1506 2811 1562 2862 ὲν
1597 2806 1676 2877 τῷ
1699 2806 1805 2899 ὃλιρ

249 2895 519 2991 ἀκρίϐειαν
550 2916 827 2984 διαφωνεῖ.
858 2910 1134 2979 Δῐγόκερω
1165 2904 1272 2975 γὰρ
1296 2901 1397 2971 τῆς
1430 2895 1806 2971 πρώτηςμοί-

249 2990 342 3082 ρας
357 3006 639 3076 δυνούσης,
654 3001 823 3076 Κριοῦ
840 2998 1029 3071 πρώτη
1049 2998 1208 3067 μοῖρα
1231 2991 1639 3064 μεσουρανήσει·
1662 2990 1807 3082 Καρ-

250 3079 385 3165 ﬁve;
426 3101 485 3153 δὲ
532 3097 729 3169 πρώτῃ
773 3094 935 3166 μοίρᾳ
980 3088 1286 3144 ἀνατέλλει’
1324 3085 1491 3154 Ζυγὸς
1527 3083 1585 3173 δὲ
1618 3079 1805 3173 πρώτῃ
1829 3115 1877 3173 C

254 3194 401 3265 μοίρᾳ
432 3191 541 3246 ὑπὸ
564 3189 669 3259 γῆν
699 3183 1110 3258 μεσουρανήσει.
1141 3178 1274 3232 Τότε
1302 3176 1410 3248 γὰρ
1445 3175 1474 3226 ὁ
1512 3172 1601 3226 διὰ
1633 3171 1809 3242 μέσων

248 3283 347 3341 τῶν
371 3283 579 3350 ζωδίων
613 3279 808 3341 κύκλος
852 3277 931 3340 εἰς
967 3272 1208 3343 τέσσαρα
1239 3268 1377 3341 μέρη
1411 3267 1499 3319 ῐσα
1529 3265 1809 3334 διαιρεῖται

248 3378 346 3435 ὑπὸ
366 3377 476 3432 τῶν
520 3372 793 3444 κολούρων
822 3367 1063 3423 κύκλων·
1092 3364 1232 3418 ὥστε
1278 3363 1390 3416 ἴσον
1433 3355 1571 3412 εἶναι
1611 3356 1672 3409 τὸ
1704 3355 1812 3409 ἀπὸ

252 3472 338 3544 τῆς
391 3467 843 3542 μεσουρανήσεως
886 3461 1022 3532 πρὸς
1072 3453 1335 3522 ἀνατολὴν
1382 3448 1674 3544 καὶ-δύσιν
1716 3444 1810 3500 τοῦ

252 3537 508 3626 ζωδιακοῦ
561 3537 862 3623 διάστημα·
912 3547 1165 3617 ἑκάτερον
1222 3542 1331 3612 γὰρ
1374 3538 1550 3593 αὐτῶν
1606 3537 1811 3605 γίνεται

253 3652 447 3716 ζωδίων
482 3646 673 3719 τριῶν.
720 3645 810 3697 Ἐν
854 3641 911 3694 δὲ
941 3640 1061 3701 ταῖς
1091 3636 1302 3697 λοιπαῖς
1345 3632 1561 3686 στάσεσι
1596 3626 1688 3681 τοῦ
1726 3644 1812 3680 τε·

252 3715 732 3814 τραγώνου-τούτου
763 3730 858 3785 καὶ
895 3728 1004 3782 τῶν
1024 3724 1222 3779 λοιπῶν
1253 3723 1314 3775 οὐ
1346 3719 1627 3791 συμϐαίνει
1664 3718 1742 3780 εἰς
1770 3715 1811 3769 δ’

400 3834 496 3889 ἴσα
510 3824 836 3902 διαιρεῖσθαι
861 3822 951 3875 τὸν
969 3817 1228 3885 ζωδιακὸν
1244 3814 1458 3869 κύκλον.
1477 3810 1575 3863 Διὰ
1587 3808 1643 3862 δὲ
1656 3807 1813 3861 τοῦτο

370 3900 490 3980 ἐστι
523 3900 837 3979 διαπαντὸς
875 3913 987 3967 ἴσον
1014 3911 1076 3965 τὸ
1103 3908 1209 3964 ἀπὸ
1242 3906 1341 3976 τῆς
1374 3900 1814 3975 μεσουρανήσεως

254 4023 375 4094 πρὸς
409 4016 682 4088 ἀνατολὴν
715 4013 811 4068 καὶ
834 4010 970 4082 πρὸς
996 4008 1094 4078 τὴν
1121 4004 1270 4059 δύσιν
1287 4002 1576 4094 διάστημα,
1603 3998 1695 4051 ἐπὶ
1718 3995 1812 4051 τοῦ

255 4091 514 4180 ζωδιακοῦ
547 4108 750 4163 κύκλου
793 4099 1217 4174 λαμϐανομένων
1264 4093 1371 4147 τῶν
1414 4091 1809 4163 διαστημάτων.

252 4208 397 4262 Κατὰ
432 4205 537 4278 μὲν
563 4200 672 4273 γὰρ
698 4194 1039 4267 παράλληλον
1054 4191 1269 4254 κύκλον,
1290 4190 1400 4244 ῐσον
1429 4189 1547 4241 ἐστὶ
1564 4185 1661 4240 διὰ
1686 4202 1817 4240 παν-

254 4300 334 4364 τὸς
367 4300 427 4353 τὸ
461 4295 577 4350 ἀπὸ
619 4292 718 4362 τῆς
762 4286 1207 4360 μεσουρανήσεως
1243 4281 1377 4353 πρὸς
1422 4278 1680 4350 ἀνατολὴν
1720 4278 1813 4331 καὶ

1891 529 2066 595 Aries,
2100 528 2334 591 Cancer,
2367 526 2552 591 Libra,
2593 524 3002 595 Capricornus:
3032 519 3268 584 Taurus,
3312 517 3442 583 Leo,

1894 617 2177 687 Scorpius,
2230 617 2503 686 Aquarius
2535 632 2548 666 :
2584 613 2828 677 Gemini,
2860 611 3045 683 Virgo,
3097 608 3443 679 Sagittarius,

1891 706 2097 763 Pisces.
2131 705 2324 762 Omnia
2348 704 2616 775 quadrata
2649 711 2775 760 sunt
2797 702 2924 757 tria.
2954 698 3238 754 Subtendit
3261 703 3445 751 autem

1891 799 2036 855 latus
2066 798 2330 869 quadrati
2360 798 2514 868 signa
2543 795 2668 858 tria,
2720 794 2919 864 gradus
2944 792 3033 847 90.
3065 790 3303 844 Vocatur
3329 788 3446 859 pri-

1891 906 2037 944 mum
2068 890 2419 959 quadratum,
2450 887 2774 959 quadratum
2821 884 2890 938 ab
2921 882 3103 937 Ariete
3147 881 3441 949 inceptum,

1892 981 1949 1036 in
1981 996 2089 1051 quo
2133 980 2278 1034 horae
2328 995 2423 1034 seu
2474 990 2708 1051 quatuor
2747 984 2931 1047 partes
2978 975 3105 1029 anni
3156 973 3443 1042 incipiunt,

1892 1086 2010 1135 ver,
2041 1078 2224 1135 restas,
2255 1079 2576 1133 autumnus,
2617 1068 2824 1133 hiems;
2861 1065 3160 1122 secundum
3204 1063 3445 1134 quadra-

1897 1170 2012 1217 tum
2036 1162 2351 1217 nominatur
2382 1162 2705 1232 quadratum
2749 1176 2780 1216 a
2801 1158 2982 1214 Tauro
3028 1158 3361 1219 inchoatum,
3390 1156 3445 1211 in

1895 1269 2002 1325 quo
2035 1253 2181 1308 horae
2227 1253 2425 1308 habent
2469 1252 2703 1307 medium
2751 1259 2964 1320 tempus
3013 1250 3190 1314 veris,
3217 1248 3447 1311 aestatis.

1895 1346 2164 1412 autumni,
2206 1346 2437 1412 hiemis;
2469 1346 2685 1401 tertium
2715 1344 3036 1415 quadratum
3074 1342 3274 1397 dicitur
3309 1355 3445 1412 qua-

1894 1440 2109 1495 dratum
2148 1455 2178 1493 a
2218 1438 2462 1494 Geminis
2492 1438 2786 1507 inceptum,
2835 1436 2891 1489 in
2920 1451 3030 1506 quo
3075 1434 3224 1489 horae
3259 1448 3451 1489 secun-

1895 1534 2025 1586 dum
2089 1538 2336 1599 tempora
2380 1527 2654 1583 desinunt.
2695 1524 2999 1595 Usurpatur
3042 1533 3224 1579 autem
3280 1537 3448 1579 unum

1895 1624 2149 1691 idemque
2198 1618 2552 1689 quadratum,
2600 1627 2661 1672 ut
2699 1617 2902 1671 dictum
2937 1625 3040 1680 est,
3074 1615 3233 1670 etiam
3269 1614 3335 1668 ad
3368 1614 3451 1667 in-

1901 1711 2200 1767 veniendas
2227 1710 2638 1780 compassiones
2656 1748 2673 1773 ,
2703 1724 2821 1779 quae
2849 1708 2904 1763 in
2934 1707 3305 1762 nativitatibus
3328 1721 3452 1777 spc-

1897 1811 2136 1859 ctantur.

1970 1896 2025 1965 6
2046 1894 2310 1950 Praeterea
2330 1893 2719 1964 quadratorum
2746 1891 2990 1946 doctrina
3011 1891 3173 1944 etiam
3191 1889 3257 1944 ad
3286 1888 3451 1943 alium

1900 1984 2194 2056 quemdam
2228 2000 2386 2040 usum
2435 1998 2465 2036 a
2499 1983 2820 2054 quibusdam
2852 1983 3134 2053 accipitur.
3169 1980 3301 2035 Nam
3342 1994 3453 2035 uno

1901 2075 2216 2131 eorumdem
2240 2076 2540 2146 signorum,
2560 2090 2680 2144 quae
2709 2083 2837 2129 sunt
2866 2076 2922 2130 in
2950 2073 3137 2130 eodem
3168 2071 3450 2143 quadrato,

1902 2166 2200 2229 occidente,
2235 2165 2539 2236 proximum
2567 2164 2833 2235 putabant
2857 2173 3044 2218 tenere
3071 2161 3306 2217 medium
3329 2160 3455 2214 coeli

1903 2257 1958 2312 in
1984 2257 2266 2326 superiore
2287 2254 2688 2326 hemisphaerio.
2707 2253 2777 2309 Ut
2802 2253 3134 2324 Capricorno
3157 2250 3454 2317 occidente,

1903 2353 2086 2402 tenere
2113 2346 2350 2402 medium
2403 2346 2527 2400 cceli
2576 2345 2839 2410 Arietem,
2871 2343 3005 2399 oriri
3051 2341 3340 2406 Cancrum,
3374 2349 3458 2395 te-

1900 2451 2030 2492 nere
2050 2435 2219 2491 imum
2251 2435 2373 2490 cceli
2406 2434 2646 2490 Libram.
2679 2433 2881 2491 Eadem
2924 2441 3009 2490 est
3059 2434 3201 2489 ratio
3237 2433 3292 2489 in
3324 2431 3457 2487 reli-

1903 2529 2026 2600 quis
2058 2528 2361 2599 quadratis.
2388 2526 2503 2582 Hoc
2557 2535 2891 2598 praeceptum
2920 2542 3044 2583 cum
3077 2527 3287 2597 integre
3321 2524 3458 2580 dici-

1904 2633 2013 2684 tur,
2047 2628 2257 2675 tantum
2288 2619 2343 2674 in
2382 2633 2494 2674 uno
2528 2618 2815 2689 quadrato,
2840 2618 2983 2688 quod
3026 2618 3082 2671 in
3121 2632 3179 2672 se
3219 2617 3460 2671 continet

1904 2718 2102 2782 puncta
2130 2708 2443 2764 solstitialia
2476 2719 2530 2765 et
2565 2707 2969 2777 :equinoctialia
2992 2747 3008 2772 ,
3043 2714 3304 2776 congruet
3332 2721 3457 2760 cum

1903 2818 1969 2857 eo
1999 2802 2143 2872 quod
2172 2808 2397 2872 apparet
2437 2817 2451 2855 :
2485 2807 2540 2853 at
2571 2797 2826 2854 dissentit
2850 2798 2896 2852 si
2917 2803 3098 2854 totum
3112 2796 3212 2852 hoc
3230 2796 3439 2867 quadra

1903 2902 2018 2947 tum
2048 2893 2321 2948 subtiliter
2351 2891 2750 2951 consideretur.
2776 2887 3098 2961 Capricorni
3115 2888 3259 2943 enim
3284 2887 3460 2958 primo

1905 2986 2077 3057 gradu
2127 2985 2431 3049 occidente,
2470 2982 2673 3039 Arietis
2712 2982 2921 3053 primus
2976 2980 3177 3053 gradus
3223 2978 3459 3034 medium

1909 3079 2034 3136 caeli
2057 3079 2295 3135 tenebit:
2328 3077 2540 3133 Cancer
2565 3092 2666 3133 suo
2699 3076 2877 3147 primo
2906 3075 3077 3147 gradu
3099 3074 3339 3129 orietur:
3373 3072 3462 3128 Li-
3546 3126 3551 3130 .

1912 3173 2009 3227 bra
2041 3185 2169 3227 vero
2199 3186 2300 3226 suo
2348 3170 2525 3240 primo
2567 3167 2743 3241 gradu
2780 3167 2951 3223 imum
2991 3165 3116 3222 caeli
3155 3162 3459 3234 occupabit.

1913 3261 2067 3317 Tunc
2096 3262 2239 3318 enim
2268 3260 2519 3331 ecliptica
2548 3260 2604 3315 in
2635 3266 2877 3330 quatuor
2905 3264 3087 3328 partes
3115 3257 3348 3327 aequales
3380 3253 3464 3309 di-

1910 3354 2113 3409 viditur
2143 3369 2174 3407 a
2201 3353 2404 3409 coluris
2442 3351 2706 3408 circulis:
2739 3360 2801 3406 ut
2847 3350 3190 3413 intervallum
3233 3348 3464 3416 zodiaci,

1913 3448 2055 3518 quod
2082 3454 2167 3502 est
2195 3460 2225 3499 a
2264 3444 2444 3501 medio
2475 3444 2599 3500 caeli
2624 3444 2691 3500 ad
2720 3451 2925 3507 ortum,
2958 3442 3029 3497 sit
3065 3440 3269 3511 mquale
3300 3441 3467 3495 inter-

1911 3538 2054 3592 vallo
2080 3536 2312 3601 zodiaci,
2343 3535 2490 3607 quod
2538 3542 2624 3592 est
2653 3550 2686 3590 a
2730 3534 2910 3589 medio
2935 3534 3058 3588 οωιί
3086 3533 3153 3587 ad
3176 3546 3465 3598 occasum;

1912 3636 2208 3698 utrumque
2236 3627 2383 3683 enim
2419 3627 2613 3681 horum
2650 3625 3059 3679 intervallorum
3088 3628 3194 3677 tria
3227 3623 3470 3678 continet

1912 3719 2086 3789 signa.
2119 3717 2190 3771 At
2241 3719 2298 3771 in
2346 3716 2573 3788 reliquis
2621 3715 2854 3771 statibus
2898 3714 3064 3785 hujus
3097 3713 3378 3785 quadrati,
3414 3718 3472 3767 et

1912 3810 2142 3866 aliorum
2190 3808 2580 3880 quadratorum
2629 3822 2737 3863 non
2799 3807 3069 3878 contingit
3122 3806 3179 3860 in
3234 3812 3467 3876 quatuor

1911 3911 2094 3973 partes
2130 3901 2365 3971 aequales
2399 3900 2677 3955 zodiacum
2721 3896 2987 3952 circulum
3027 3895 3216 3952 dividi.
3237 3895 3313 3950 Ac
3342 3910 3469 3965 pro-

1914 4002 2098 4066 pterea
2126 3992 2469 4047 intervallum
2492 4005 2523 4043 a
2543 3989 2722 4045 medio
2741 3989 2866 4046 οωὶί
2887 3987 2955 4043 ad
2988 3997 3165 4044 ortum
3200 4002 3305 4042 nou
3327 4001 3466 4066 sem-

1917 4060 2011 4158 ροι-
2038 4091 2122 4141 est
2143 4083 2350 4154 aequale
2372 4081 2657 4138 intervallo
2683 4095 2715 4135 a
2746 4081 2924 4138 medio
2948 4081 3073 4136 coeli
3102 4080 3168 4156 ad
3188 4060 3465 4145 occasum,

1917 4194 2041 4234 cum
2074 4178 2191 4233 haec
2223 4175 2528 4240 intervalla,
2562 4188 2659 4230 seu
2685 4189 2872 4238 arcus,
2905 4175 2964 4229 in
2992 4172 3217 4228 zodiaco
3248 4187 3470 4229 sumun-

1913 4281 2023 4328 tur.
2057 4271 2126 4324 At
2155 4271 2202 4326 si
2230 4270 2345 4324 hazc
2368 4267 2650 4323 intervalla
2680 4268 2734 4322 in
2767 4266 3029 4338 parallelo
3057 4267 3237 4336 aliquo
3262 4264 3469 4320 circulo

254 4356 376 4468 πρδς
405 4391 514 4463 τὴν
550 4356 699 4441 δύσιν
728 4356 1021 4458 διάστημα.
1054 4377 1211 4468 Ὅθεν
1251 4375 1346 4468 καὶ
1372 4373 1449 4445 τῷ
1492 4372 1632 4468 quia
1656 4388 1808 4443 φερος

1907 4371 2238 4427 sumuntur,
2270 4377 2485 4432 semper
2534 4360 2589 4416 id
2642 4360 2787 4430 quod
2835 4368 2974 4417 esta
3021 4358 3200 4414 medio
3231 4358 3353 4413 cmli
3404 4356 3471 4412 ad

424 4449 555 4537 καθ’
584 4478 819 4545 ἑκάστην
839 4449 1054 4545 ἡμέραν
1081 4467 1173 4521 ἐπὶ
1198 4464 1409 4520 κύκλων
1437 4462 1808 4536 παραλλήλων,

1918 4468 2105 4516 ortum
2135 4463 2221 4512 est
2252 4455 2460 4526 aequale
2480 4452 2553 4519 ei,
2582 4452 2726 4523 quod
2768 4460 2854 4507 est
2874 4466 2905 4505 a
2926 4450 3104 4506 medio
3135 4450 3258 4506 caeli
3285 4449 3353 4504 ad
3382 4463 3474 4505 oc-

256 4554 533 4632 ίσονέἶναι
564 4567 847 4642 συμϐαίνει
872 4564 961 4617 τὸν
989 4561 1096 4617 ἀπὸ
1126 4559 1226 4629 τῆς
1247 4557 1507 4627 ἀνατολῆς
1536 4556 1693 4626 μέχρι
1720 4554 1817 4626 τῆς

260 4667 710 4740 μεσουρανήσεως
741 4657 937 4728 δρόμον
974 4653 1067 4708 τοῦ
1112 4651 1217 4705 ἀπὸ
1250 4651 1349 4720 τῆς
1379 4647 1820 4740 μεσουρανήσεως

258 4736 666 4834 μέχρι-δύσεως.
709 4750 834 4805 Ἐπὶ
869 4747 926 4800 δὲ
956 4744 1049 4799 τοῦ
1081 4740 1345 4807 ζωδιακοῦ
1370 4739 1579 4834 -κύκλου
1610 4736 1818 4809 λαμϐα-

256 4828 493 4923 νομένων
534 4847 645 4902 τῶν
690 4838 1091 4912 διαστημάτων,
1133 4835 1315 4890 ἄνισον
1342 4829 1480 4885 εἶναι
1512 4828 1821 4901 συμϐέϐηκε

257 4920 439 4999 ἰδ-ἀπὸ
467 4942 570 5013 τῆς
604 4934 1051 5009 μεσουρανήσεως
1084 4926 1247 5000 μέχρι
1284 4927 1385 4996 τῆς
1417 4922 1675 4992 ἀνατολῆς
1701 4920 1817 4975 διά-

259 5051 431 5107 στημα
472 5012 552 5104 τῷ
577 5029 686 5085 ἀπὸ
711 5027 809 5096 τῆς
839 5020 1279 5096 μεσουρανήσεως
1310 5016 1468 5089 μέχρι
1496 5015 1603 5107 τῆς
1620 5012 1821 5107 δύσεως

259 5104 455 5199 διὰ-τὴν
489 5121 755 5191 λοξότητα
789 5114 882 5171 τοῦ
927 5110 1211 5178 ζωδιακοῦ.
1257 5109 1369 5162 Καὶ
1412 5107 1556 5161 ἐστιν
1590 5106 1679 5159 ὅτε
1713 5104 1820 5158 τῶν

263 5215 317 5282 ἐξ
344 5197 553 5282 ζωδίων
581 5212 690 5267 τῶν
722 5209 811 5265 διὰ
847 5206 1041 5269 παντὸς
1073 5203 1211 5277 ὑπὲρ
1237 5205 1340 5275 γῆν
1371 5201 1537 5256 ὄντων
1564 5197 1687 5271 τρία
1726 5197 1823 5269 μὲν

264 5309 352 5362 καὶ
386 5312 564 5382 ἥμισυ
619 5304 727 5358 ἀπὸ
770 5301 868 5371 τῆς
919 5297 1361 5370 μεσουρανήσεως
1396 5293 1533 5365 πρὸς
1564 5289 1823 5348 ἀνατολὴν

265 5400 726 5474 ἁπολαμϐἀνεται,
751 5394 843 5448 δύο
869 5391 925 5445 δὲ
955 5390 1049 5445 καὶ
1070 5389 1236 5460 ἥμισυ
1264 5385 1399 5458 πρὸς
1423 5385 1590 5440 δύσιν.

351 5753 395 5788 u
430 5773 522 5825 γρ,
545 5754 604 5810 δὲ
632 5752 944 5824 τετράγωνα
968 5746 1228 5817 καθάπερ.

1916 4565 2132 4609 casum.
2174 4547 2332 4605 Unde
2366 4547 2423 4602 ﬁt
2453 4554 2535 4612 ut,
2564 4560 2688 4601 cum
2729 4544 2809 4601 sol
2835 4542 3077 4615 quotidie
3110 4543 3166 4598 in
3201 4542 3473 4614 parallelis

1921 4641 2151 4699 circulis
2178 4638 2405 4706 feratur,
2430 4637 2627 4692 habeat
2646 4650 2891 4700 cursum,
2916 4633 3011 4705 qui
3049 4642 3133 4690 est
3162 4636 3230 4691 ab
3258 4643 3378 4690 ortu
3404 4635 3473 4689 ad

1922 4719 2165 4789 medium
2202 4730 2349 4791 caeli,
2378 4729 2642 4800 aequalem
2670 4729 2720 4784 ei
2746 4728 2935 4785 cursui
2980 4726 3073 4799 qui
3128 4734 3211 4782 est
3237 4740 3267 4780 a
3296 4723 3474 4782 medi’o

1922 4824 2049 4881 εωΙὶ
2083 4839 2259 4894 usque
2292 4823 2361 4878 ad
2382 4836 2660 4879 occasum.
2693 4820 2828 4876 Cum
2853 4835 2981 4877 vero
3012 4821 3069 4874 in
3106 4819 3329 4875 zodiaco
3361 4819 3477 4875 haec

1924 4916 2209 4973 intervalla
2242 4924 2552 4981 sumuntur,
2593 4914 2858 4986 contingit
2907 4919 2967 4967 ut
3007 4911 3061 4967 id
3107 4910 3473 4976 intervallum,

1923 5008 2071 5081 quod
2097 5015 2182 5064 est
2233 5023 2263 5062 a
2303 5007 2481 5064 medio
2510 5007 2632 5062 ςωιὶ
2662 5005 2731 5060 ad
2775 5014 2954 5061 ortum
2977 5043 2992 5069 ,
3026 5003 3096 5060 sit
3134 5003 3395 5074 inaequale
3424 5003 3476 5059 ei

1929 5099 2242 5164 intervallo,
2274 5098 2416 5170 quod
2444 5108 2529 5155 est
2557 5113 2588 5152 a
2616 5096 2791 5153 medio
2838 5096 2962 5152 εωΙί
2994 5095 3061 5151 ad
3090 5110 3366 5159 occasum,
3396 5094 3478 5149 id-

1931 5208 2039 5263 que
2089 5198 2308 5262 propter
2339 5189 2713 5261 obliquitatem
2752 5188 2982 5253 zodiaci,
3016 5203 3080 5243 ac
3116 5186 3385 5245 interdum
3412 5203 3479 5243 ex

1929 5285 2040 5341 illis
2069 5299 2164 5340 sex
2194 5281 2386 5354 signis,
2425 5297 2545 5353 quae
2588 5295 2799 5352 semper
2840 5292 2966 5336 sunt
2993 5289 3181 5350 'supra
3227 5269 3481 5335 horizon-

1930 5386 2063 5443 tem,
2092 5376 2220 5443 tria,
2263 5382 2317 5432 et
2362 5374 2647 5430 dimidium
2693 5390 2723 5429 a
2769 5374 2945 5431 medio
2987 5375 3109 5430 εωιὶ
3162 5388 3356 5429 versus
3389 5387 3481 5427 or-

1932 5477 2049 5523 tum
2103 5466 2554 5537 intercipiuntur,
2595 5465 2703 5522 duo
2746 5473 2799 5521 et
2831 5464 3112 5521 dimidium
3147 5478 3339 5521 versus
3386 5478 3483 5519 oc.

1932 5577 2135 5619 casum.
