4000 6206
558 257 669 318 Ἶῶ

1559 272 1645 328 AD
1683 272 1950 332 EUSEBEI
1982 277 2376 343 CHRONICON
2410 288 2788 351 APPENDIX.'

3684 306 3798 369 τω

1382 500 1973 825 «μλᾶ
2194 424 2211 566 1
2496 532 2627 667 ἦρ
2755 623 3059 868 ίσχ

986 601 3403 2806 r</\/t

1430 1371 3397 2806 λβ

590 3044 709 3102 lam
740 3056 969 3119 propter
991 3051 1274 3107 climatum
1304 3052 1643 3111 ditl‘erentias
1669 3056 1833 3111 etiam
1866 3057 1920 3111 in
1956 3072 2057 3126 part

2179 3056 2394 3127 ἑὲ,Ἤδη
2414 3055 2472 3109 δὲ
2505 3056 2653 3126 παρὰ
2686 3054 2785 3119 τὰς
2805 3054 2914 3109 τῶν
2944 3054 3218 3126 κλιμάτων
3250 3056 3513 3129 διαφορὰς
3558 3064 3671 3117 και
3690 3065 3771 3127 είς

524 3141 607 3191 tes
632 3138 804 3208 magis
829 3138 1124 3210 inrequales
1148 3143 1408 3199 dividitur
1429 3146 1683 3201 zodiacus
1699 3162 1728 3201 a
1755 3147 2076 3215 meridiano,

518 3234 577 3282 et
608 3228 877 3285 interdum
907 3232 975 3287 de
1002 3233 1103 3289 180
1142 3235 1438 3306 gradibus,
1473 3239 1566 3309 qui
1600 3255 1814 3310 semper
1837 3249 1963 3296 sunt
1992 3257 2081 3296 su-

520 3336 618 3393 pra
656 3324 1014 3389 horizontem,
1045 3328 1148 3385 120
1173 3330 1375 3400 gradus
1412 3346 1442 3385 a
1489 3333 1667 3387 medio
1712 3334 1839 3388 caeli
1884 3349 2079 3408 versus

518 3424 699 3471 ortum
730 3419 1151 3491 intercipiuntur
1178 3443 1191 3478 :
1222 3422 1291 3479 60
1321 3440 1450 3479 vero
1478 3425 1679 3495 gradus
1710 3442 1901 3482 versus
1924 3442 2078 3483 occa-

519 3521 666 3571 sum,
692 3517 746 3564 et
770 3520 983 3568 contra.
1017 3513 1155 3568 Cum
1187 3514 1355 3585 igitur
1377 3515 1431 3569 in
1465 3517 1734 3573 divisione
1760 3518 1967 3574 zodiaci
1995 3530 2076 3575 ta-

516 3596 587 3653 lis
610 3600 681 3654 sit
728 3604 986 3669 varietas,
1032 3606 1260 3662 omnino
1309 3607 1656 3665 manifestum
1707 3610 1764 3665 ﬁt
1808 3620 2069 3668 erratum.

515 3689 651 3747 Cum
674 3694 820 3750 enim
846 3697 1121 3768 Aquarius
1141 3702 1339 3766 oritur;
1365 3718 1475 3757 non
1509 3711 1653 3759 tenet
1678 3705 1915 3761 medium
1946 3708 2070 3762 ccli

515 3785 748 3853 Taurus,
784 3792 877 3846 sed
901 3800 1015 3847 toto
1054 3795 1212 3867 signo
1246 3811 1275 3850 a
1310 3797 1487 3852 medio
1516 3798 1641 3852 caeli
1681 3798 1857 3854 aberit
1896 3801 2067 3855 inter-

513 3876 642 3935 dum
699 3883 863 3939 etiam
922 3885 1158 3957 longius.
1209 3886 1394 3959 Neque
1450 3889 1616 3943 imum
1672 3890 1796 3945 οωΙὶ
1852 3890 2070 3946 habebit

512 3971 824 4047 Scorpius:
871 3979 964 4035 sed
1014 3979 1156 4037 idem
1206 3995 1238 4035 a
1300 3980 1605 4037 meridiano
1648 3982 1862 4054 integro
1913 3983 2067 4054 signo

508 4067 751 4135 distabit,
785 4070 1055 4125 interdum
1081 4072 1245 4127 etiam
1264 4072 1500 4146 longius.
1532 4073 1719 4146 Itaque
1740 4075 1853 4131 haec
1876 4091 2066 4131 secun-

506 4160 635 4218 dum
677 4163 942 4235 quosdam
991 4166 1384 4237 quadratorum
1428 4168 1676 4224 doctrina
1729 4170 1953 4226 omnino
1980 4178 2065 4225 est

503 4253 666 4312 falsa.

572 4346 882 4405 Secundum
904 4348 1357 4407 combinationem
1386 4352 1563 4423 posita
1586 4353 1738 4425 signa
1772 4369 1835 4410 ea
1868 4355 2059 4411 dicun-

2177 3148 2479 3219 ἁνισώτερα
2512 3148 2650 3219 μέρη
2675 3147 2956 3220 διαιρεῖται
2988 3148 3092 3201 ὐπὸ
3121 3147 3215 3201 τοῦ
3247 3150 3635 3223 μεσημϐρινοῦ
3665 3155 3768 3209 κύ-

2176 3239 2326 3293 κλου.
2357 3239 2468 3293 Καὶ
2494 3237 2639 3292 ἐστιν
2670 3239 2759 3293 ὅτε
2783 3238 2889 3292 τῶν
2925 3245 3012 3312 ρπ¹
3058 3238 3276 3313 μοιρῶν..
3291 3241 3398 3294 τῶν
3433 3242 3525 3297 διὰ
3554 3247 3768 3312 παντὸς

2177 3331 2317 3401 ὑπὲρ
2344 3330 2434 3383 τὸν
2464 3330 2709 3401 ὁρίζοντα
2742 3330 3096 3403 ὑπαρχουσῶν
3142 3338 3185 3401 ρ’
3217 3332 3314 3402 μὲν
3359 3333 3452 3386 καὶ
3484 3341 3536 3387 κ’
3565 3341 3769 3409 μοῖραι

2174 3423 2283 3477 ἀπὸ
2313 3423 2413 3494 τῆς
2468 3424 2911 3499 μεσουρανήσεως
2946 3424 3080 3495 πρὸς
3116 3423 3375 3494 ἀνατολὴν
3422 3426 3766 3500 ἀπολαμϐά-

2172 3531 2373 3579 νονται,
2406 3514 2445 3579 ξ’
2477 3515 2533 3567 δὲ
2580 3516 2713 3587 πρὸς
2749 3514 2919 3580 δύσιν,
2964 3516 3059 3569 καὶ
3101 3517 3425 3571 τούναντίον.
3474 3518 3766 3594 Τοιαύτης

2170 3602 2263 3660 οὖν
2287 3604 2452 3678 οῠσης
2474 3605 2573 3677 τῆς
2603 3606 2955 3678 παραλλαγῆς
2989 3608 3047 3659 ὲν
3086 3610 3153 3679 τῇ
3198 3608 3459 3679 διαιρέσει
3504 3610 3603 3663 τοῦ
3644 3612 3763 3675 ξω·

2169 3697 2355 3753 διακοῦ
2384 3697 2603 3763 κύκλου,
2642 3698 2862 3769 ἔκδηλον
2894 3697 3193 3771 ὁλοσχερῶς
3222 3699 3431 3768 γίνεται
3470 3701 3532 3754 τὸ
3566 3703 3764 3775 ἀμάρ-

2168 3807 2337 3861 τημα.
2379 3790 2660 3862 Ὑδροχόου
2704 3790 2813 3863 γὰρ
2843 3790 3246 3855 ἀνατέλλοντος,
3300 3792 3360 3844 οὐ
3414 3799 3763 3865 μεσουρανεῖ

2169 3882 2400 3955 Ταῦρος,
2427 3883 2540 3938 ἀλλ’
2574 3881 2760 3953 ἀφέξει
2796 3881 2982 3947 ζώδιον
3004 3881 3121 3936 ὅλον
3148 3882 3254 3937 ἀπὸ
3281 3883 3377 3953 τῆς
3405 3887 3759 3959 μεσουρανή-

2167 3989 2334 4038 σεως’
2382 3974 2495 4028 ἔστι
2531 3974 2588 4029 δὲ
2624 3976 2712 4029 ὅτε
2753 3975 2846 4028 καὶ
2890 3973 3071 4028 πλέον.
3102 3975 3234 4028 Οὐδὲ
3266 3974 3373 4028 ὑπὸ
3408 3977 3511 4047 γῆν
3544 3995 3752 4047 μεσου-

2167 4068 2386 4140 ρανήσει
2420 4067 2682 4138 Σκορπξος
2702 4084 2716 4097 ο
2746 4065 2881 4120 ἀλλὰ
2918 4065 3104 4131 ζῶδιον
3128 4064 3246 4119 ὅλον
3285 4065 3473 4135 ἀφέξει
3505 4067 3615 4120 ἀπὸ
3644 4070 3748 4122 τοῦ

2167 4156 2566 4230 μεσημϐρινοῦ·
2601 4156 2714 4209 ἐστι
2742 4157 2798 4210 δὲ
2819 4158 2906 4210 ὅτε
2935 4158 3030 4210 καὶ
3061 4156 3264 4211 πλεῖον.
3302 4158 3475 4211 Ὥστε,
3504 4157 3743 4214 καθόλου

2160 4250 2257 4321 τὴν
2286 4250 2390 4304 τῶν
2414 4249 2765 4321 τετραγώνων
2792 4249 3003 4304 ἔκθεσιν
3037 4248 3458 4321 διημαρτῆσθαι.

2229 4341 2386 4394 Κατὰ
2412 4340 2666 4410 συζυγίαν
2693 4342 2747 4394 δὲ
2778 4340 2992 4410 λέγεται
3018 4340 3184 4405 ζώδια
3228 4340 3298 4394 τὰ
3333 4342 3393 4393 ὲκ
3426 4338 3518 4392 τοῦ
3554 4340 3736 4394 αὐτοῦ

500 4448 610 4506 tur,
641 4458 759 4513 qua!
786 4459 853 4498 ex
911 4442 1100 4499 eodem
1162 4443 1283 4501 loco
1316 4446 1594 4512 oriuntur,
1624 4454 1676 4501 et
1722 4447 1776 4501 in
1804 4447 2053 4502 eumdem

2159 4433 2323 4487 τόπου
2348 4433 2717 4497 ἀνατέλλοντα,
2752 4434 2846 4486 καὶ
2877 4434 2957 4497 εἰς
2983 4432 3073 4486 τὸν
3103 4432 3264 4486 αὑτὸν
3291 4432 3443 4486 τόπον
3476 4430 3735 4491 δύνοντα.

498 4532 677 4592 locum
705 4538 978 4594 occidunt.
1003 4537 1126 4593 Haec
1146 4546 1323 4593 autem
1356 4547 1505 4606 sunt,
1522 4554 1644 4610 qua:
1669 4540 1810 4594 inter
1830 4526 2052 4596 eosdem

494 4628 601 4685 sita
636 4640 765 4686 sunt
798 4633 1089 4702 parallelos
1117 4633 1378 4689 circulos.
1417 4631 1634 4689 Veteres
1664 4633 2055 4711 quidempom-

492 4719 800 4779 binationcs
835 4726 1111 4797 signorum
1143 4726 1224 4782 sic
1250 4726 1593 4797 exponebant
1622 4725 1927 4783 :Cancrum
1959 4728 2053 4783 do.

491 4822 724 4871 cuerunt
771 4817 973 4870 nullam
1035 4817 1237 4873 habere
1286 4817 1742 4872 combinationem
1775 4832 1898 4871 cum
1943 4817 2049 4871 alio

488 4907 685 4980 signo:
721 4911 814 4966 sed
843 4919 897 4966 et
933 4904 1069 4965 oriri
1107 4912 1341 4967 maxime
1380 4910 1678 4976 borealem,
1713 4918 1766 4966 et
1794 4908 2045 4965 occidere

485 5001 722 5057 maxime
775 5002 1043 5058 borealem
1065 5043 1081 5068 ,
1113 5019 1238 5059 cum
1271 5003 1327 5057 in
1357 5003 1449 5057 tali
1496 5003 1679 5074 aliquo
1726 5008 2044 5073 argumento

484 5094 754 5164 probabili
782 5094 1215 5162 acquiescerent.
1246 5092 1381 5149 Cum
1412 5094 1559 5150 enim
1591 5094 1779 5149 aestiva
1806 5093 2040 5148 solstitia

481 5182 615 5239 ﬂant
640 5188 695 5240 in
723 5183 958 5251 Cancro,
989 5196 1043 5242 et
1071 5187 1129 5240 in
1174 5185 1379 5241 aestivis
1408 5184 1658 5241 solstitiis
1689 5184 1771 5240 sol
1805 5185 2039 5238 maxime

478 5276 717 5335 borealis
746 5279 861 5345 ﬁat,
916 5279 986 5335 ob
1032 5280 1137 5335 hoc
1180 5289 1442 5351 putarunt
1486 5280 1722 5334 maxime
1763 5277 2033 5334 borealem
2067 5324 2071 5328 .

475 5371 612 5428 oriri
648 5372 945 5438 Cancrum,
973 5373 1227 5430 similiter
1248 5382 1301 5429 et
1325 5373 1594 5429 occidere.
1626 5371 1826 5427 Eadem
1852 5377 2034 5425 autem

475 5464 615 5520 ratio
641 5473 725 5522 est
753 5465 918 5522 etiam
965 5464 1020 5521 in
1054 5464 1408 5535 Capricorno.
1462 5462 1677 5519 Etenim
1734 5463 1880 5519 hunc
1928 5477 2033 5531 pu-

472 5556 659 5613 tabant
687 5558 920 5613 maxime
945 5560 1237 5615 australem
1281 5558 1434 5620 oriri,
1466 5564 1521 5614 et
1552 5572 1676 5612 cum
1730 5554 1881 5611 nullo
1920 5555 2029 5610 alio

470 5653 628 5726 signo
676 5653 1131 5710 combinationem
1167 5652 1387 5708 habere.
1424 5651 1559 5709 Cum
1602 5651 1747 5707 enim
1799 5648 2026 5724 hjbgrna

543 5764 646 5829 “f
696 5763 987 5832 περιλαμσ.

2158 4523 2342 4578 Ταῦτα
2367 4523 2424 4577 δέ
2457 4525 2572 4577 ὲστί
2595 4522 2663 4577 τὰ
2693 4524 2797 4577 ὑπὸ
2814 4523 2920 4577 τῶν
2954 4523 3130 4576 αὐτῶν
3168 4522 3517 4595 παραλλήλων
3546 4541 3739 4596 παρα-

2153 4611 2532 4687 λαμϐανόμενα
2549 4616 2592 4647 ’δ
2608 4614 2841 4669 κύκλων.
2864 4616 2926 4667 Οἱ
2957 4615 3055 4685 μὲν
3075 4609 3166 4668 οὖν
3191 4615 3404 4686 ἀρχαῖοι
3439 4615 3538 4679 τὰς
3560 4617 3736 4681 συζυ-

2151 4710 2274 4778 γίας
2302 4706 2655 4777 ἀπεφαίνοντο
2675 4706 2845 4771 οὕτως
2861 4723 2876 4735 ·
2896 4704 3159 4777 Καρκίνον
3189 4706 3283 4776 μὲν
3307 4704 3604 4769 ags—Jama
3630 4724 3737 4779 μη-

2148 4803 2203 4856 δε
2212 4803 2338 4874 μίαν
2356 4802 2494 4873 ἔχειν
2511 4801 2767 4871 συζυγίαν
2788 4799 2921 4871 πρὸς
2945 4798 3069 4854 ἄλλο
3086 4796 3271 4863 ζώδιον
3287 4815 3300 4828 ’
3318 4797 3452 4850 ἀλλὰ
3474 4799 3571 4851 καὶ
3588 4799 3730 4855 ἀνα-

2145 4895 2347 4950 τέλλειν
2380 4895 2734 4967 βορειότατον,
2770 4893 2861 4946 καὶ
2899 4891 3073 4945 δύνειν
3104 4889 3465 4962 βορειότατον,
3493 4893 3727 4965 τοιούτῳ

2144 4990 2247 5044 τινὶ
2273 4988 2510 5052 πιθανῶς
2543 4985 3102 5059 προσαναπαυόμεναι.
3139 4983 3291 5037 Ἐπεὶ
3319 4983 3428 5056 γὰρ
3470 4986 3527 5037 ai.
3570 4982 3725 5058 Θερι-

2141 5082 2231 5136 να)⁵
2267 5080 2463 5153 τροπαὶ
2489 5078 2723 5147 γίνονται
2757 5080 2814 5130 ὲν
2841 5075 3120 5147 Καρκίνῳ,
3159 5075 3216 5127 ὲν
3246 5074 3301 5127 δὲ
3334 5076 3453 5137 ταῖς
3479 5074 3728 5146 Θεριναῖς

2139 5176 2365 5246 τροπαῖς
2396 5171 2727 5243 βορειότατος
2761 5169 2966 5238 γίνεται
3012 5169 3040 5220 ὁ
3068 5168 3261 5239 ἥλιος,
3288 5166 3376 5220 διὰ
3406 5166 3566 5221 τοῦτο
3611 5168 3726 5223 ὑπ-

2139 5265 2333 5319 έλαϐον
2365 5264 2696 5335 βορειότατον
2721 5260 3027 5315 ἀνατέλλειν
3045 5260 3136 5315 τὸν
3160 5261 3432 5331 Καρκίνον
3453 5277 3466 5290 ·
3507 5261 3717 5332 ὁμοίως

2134 5358 2190 5417 δὲ
2217 5359 2311 5412 καὶ
2335 5357 2530 5411 δύνειν,
2569 5356 2626 5409 '0
2669 5353 2725 5408 δὲ
2767 5352 2927 5417 αὐτὸς
2960 5353 3115 5423 λόγος
3156 5353 3247 5406 καὶ
3282 5351 3378 5405 ἐπὶ
3419 5351 3514 5406 τοῦ
3549 5353 3719 5423 Αἰγό-

2133 5468 2298 5523 κερω.
2332 5450 2442 5506 Καὶ
2472 5448 2579 5519 γὰρ
2608 5447 2793 5503 τοῦτον
2824 5445 3200 5518 ὑπελάμϐανον
3229 5444 3547 5500 νοτιώτατον
3575 5448 3709 5500 ἀνα-

2131 5549 2351 5614 τέλλειν,
2403 5547 2495 5600 καὶ
2550 5543 2682 5614 πρὸς
2741 5540 2903 5615 μηδὲν
2959 5541 3145 5613 ἕτερον
3197 5539 3385 5606 ζώδιον
3441 5537 3702 5608 συζυγίαν

2108 5635 2293 5713 ’ἕχειν.
2337 5641 2487 5696 Ἐπεὶ¹
2536 5636 2644 5708 γὰρ
2696 5636 2752 5691 αἱ
2791 5635 2990 5690 τοοπαὶ
3030 5633 3334 5706 χειμεριναὶ
3370 5632 3609 5702 γίνονται
3640 5643 3702 5689 ιν
