4000 6206
267 317 349 374 165
1235 315 1470 373 GEMINI
1511 315 1875 372 ELEMENTA
1910 315 2392 372 ASTRONOMIE.

3326 309 3428 365 766

263 435 521 505 Δίγόκερῳ,
544 434 600 486 ὲν
625 433 684 486 δὲ
716 436 832 497 ταῖς
864 438 1192 507 χειμερινακ
1220 439 1443 508 τροπαῖς
1475 437 1770 503 νοτιώτατος

1885 437 2116 492 solstitia
2150 437 2281 491 ﬁant
2315 436 2368 490 in
2401 434 2770 505 Capricorno,
2802 432 2857 486 in
2895 428 3146 486 solstitiis
3179 441 3306 482 vero
3354 427 3432 480 hi-

263 528 432 598 γίνεται
470 525 496 576 ὁ
533 524 716 594 ἥλιος·
753 525 839 579 διὰ
869 525 1026 580 τούτο
1065 527 1438 598 ὑπελάμϐανον
1473 529 1778 583 νοτιώτατον

260 617 525 675 ἀνατέλλειν
571 617 661 668 τὸν
696 618 1037 690 Δίγόκερων,
1086 621 1179 673 καὶ
1223 620 1384 691 μηδὲν
1433 621 1555 674 ἀλλο
1598 620 1780 684 ζὼδιον

259 711 310 764 lx
339 707 416 760 τοῦ
446 706 603 759 αὑτοῦ
637 709 802 760 τόπου
829 710 1134 764 ἀνατέλλειν
1164 711 1254 764 καὶ
1282 711 1452 764 δύνειν
1484 712 1775 783 Αίγόκερῳ.

257 799 349 861 Τὰς
382 798 431 850 δὲ
465 797 654 862 λοιπὰς
685 799 944 866 συζυγίας
977 802 1269 866 ἐξετίθεντο
1303 803 1504 866 οὕτως·
1537 803 1780 872 Διδύμοις

256 893 458 954 Λέοντα,
516 890 715 962 Ταύρῳ
768 892 1077 962 Παρθένον,
1135 895 1286 966 ῌριῷ
1340 896 1537 963 Ζυγδν,
1587 895 1779 964 Ἰχθύσι

257 980 501 1052 Σκορπίον,
529 981 798 1052 ’Υδροχόῳ
838 984 1092 1055 Τοξότην.
1124 987 1233 1055 Τὴν
1262 986 1317 1038 δὲ
1345 987 1593 1055 τοιαύτην
1625 987 1779 1039 ἔκθε-

255 1087 321 1124 σιν
347 1071 604 1134 παντελῶς
625 1072 1070 1146 διημαρτημένην
1097 1070 1233 1128 εἶναι
1257 1075 1617 1146 συμϐέϐηκεν.
1647 1075 1778 1128 Ούτε

254 1161 339 1232 γὰρ
363 1163 414 1214 ὲν
430 1161 527 1231 ὅλῳ
543 1161 620 1231 τῷ
651 1164 911 1234 Καρκίνῳ
935 1166 1132 1234 τροπαὶ
1153 1166 1411 1233 γίνονται·
1433 1165 1546 1218 ἀλλ’
1562 1165 1702 1218 ἐστιν
1722 1165 1780 1218 ’έν

254 1267 292 1304 τι
318 1254 513 1320 σημεῖον
541 1249 684 1320 λόγῳ
715 1251 1004 1323 θεωρητόν,
1035 1254 1118 1322 ἐφ’
1157 1247 1218 1306 οὗ
1261 1255 1544 1324 γενόμενος
1570 1257 1596 1306 ὁ
1625 1256 1774 1324 ἥλιος

253 1341 331 1411 τὴν
370 1340 558 1411 τροπὴν
603 1344 856 1394 ποιεῖται.
893 1343 977 1396 Ἐν
1025 1343 1131 1414 γὰρ
1184 1344 1470 1414 στιγμιαίῳ
1520 1346 1689 1416 χρόνῳ
1724 1348 1778 1398 αί

249 1435 416 1503 τροπαὶ
432 1432 685 1500 γίνονται.
710 1433 782 1485 Τὸ
802 1433 858 1486 δὲ
879 1434 996 1486 ὅλον
1022 1436 1484 1506 δωδεκατημόριον
1511 1437 1602 1489 τοῦ
1631 1439 1779 1509 Καρ-

249 1522 376 1574 κίνου
401 1522 591 1592 ὁμοίως
625 1526 801 1576 κεῖται
835 1527 945 1588 τοῖς
975 1525 1240 1595 Διδύμοις,
1270 1528 1361 1580 καὶ
1393 1527 1646 1598 ἑκάτερον
1683 1528 1781 1580 αύ-

247 1612 338 1666 τῶν
368 1613 466 1664 ἴσον
495 1613 687 1683 ἀπέχει
732 1614 840 1666 ἀπὸ
876 1614 968 1667 τού
1010 1615 1220 1683 θερινοῦ
1249 1617 1506 1687 τροπικοῦ
1535 1635 1597 1688 ση
1609 1618 1774 1688 μείου.

244 1704 312 1755 Δι’
334 1703 390 1774 ἠν
410 1705 580 1757 αἰτίαν
613 1705 709 1758 καὶ
733 1703 798 1756 τά
838 1705 1040 1774 μεγέθη
1068 1703 1174 1756 τῶν
1201 1684 1422 1776 ἡμερῶν
1457 1707 1548 1759 καὶ
1576 1684 1780 1761 νυκτιῗιν

1885 526 2066 581 bernis
2091 527 2324 580 maxime
2367 525 2628 579 australis
2660 523 2737 579 sol
2769 522 2860 577 ﬁat
2889 537 2902 572 :
2932 521 3001 575 ob
3038 519 3140 573 hoc
3173 515 3435 588 putabant

1884 621 2113 675 maxime
2166 618 2457 672 australem
2493 617 2625 670 oriri
2677 615 3087 684 Capricornum,
3127 620 3180 664 et
3225 607 3434 661 nullum

1884 710 2026 764 aliud
2055 711 2264 780 signum
2313 725 2396 763 ex-
2425 709 2610 764 eodem
2662 708 2782 760 loco
2825 706 2978 765 oriri,
3012 712 3064 757 et
3096 703 3148 756 in
3183 699 3435 755 eumdem

1883 801 2058 856 locum
2104 803 2351 857 occidere
2393 817 2517 855 cum
2565 799 2917 869 Capricorno.
2945 795 3203 864 Reliquas
3235 789 3435 846 combi-

1883 894 2128 947 nationes
2150 894 2229 946 sic
2255 893 2621 962 exponebant,
2655 891 3014 944 attribuentes
3037 885 3278 940 GeminTs
3310 881 3436 935 Leo-

1883 1000 2029 1047 nem,
2083 984 2264 1038 Tauro
2304 983 2601 1054 Virginem,
2660 981 2831 1034 Arieti
2881 979 3129 1037 Libram.
3181 973 3432 1028 Piscibus

1885 1075 2190 1145 Scorpium,
2225 1077 2464 1146 Aquario
2503 1075 2877 1145 Sagittarium.
2926 1071 2993 1124 At
3023 1071 3180 1122 talem
3216 1064 3434 1134 exposi-

1884 1167 2079 1222 tionem
2125 1169 2347 1222 omnino
2401 1183 2521 1224 esse
2571 1180 2852 1221 crroneam
2907 1163 3189 1230 contingit.
3250 1157 3434 1225 Neque

1882 1261 2026 1316 enim
2060 1261 2113 1314 in
2145 1270 2259 1315 toto
2299 1262 2511 1314 Cancro
2559 1259 2794 1313 solstitia
2827 1255 2960 1308 ﬁunt
2987 1273 2999 1307 :
3034 1252 3125 1306 sed
3153 1257 3235 1304 est
3263 1262 3432 1302 unum

1883 1351 2154 1422 quoddam
2188 1353 2402 1422 signum
2433 1351 2643 1404 ratione
2683 1344 3109 1418 percipiendum,
3142 1343 3195 1395 in
3217 1356 3322 1410 quo
3352 1337 3434 1393 sol

1884 1443 2092 1512 positus
2120 1443 2413 1496 solstitium
2451 1440 2634 1496 eﬂicit.
2660 1439 2717 1493 ln
2748 1444 3018 1492 momento
3058 1433 3201 1486 enim
3233 1441 3435 1499 tempo-

1883 1533 1960 1588 ris
2011 1533 2429 1593 conversiones.
2480 1533 2593 1587 sive
2638 1529 2873 1586 solstitia
2930 1528 3064 1582 fiunt
3095 1541 3108 1575 :
3141 1531 3194 1577 at
3258 1530 3432 1575 totum

1883 1625 2094 1694 signum
2135 1625 2335 1680 Cancri
2389 1625 2657 1694 positione
2716 1622 2893 1676 simile
2943 1628 3026 1675 est
3077 1615 3347 1678 Geminis,
3381 1620 3434 1666 et

1885 1724 2173 1785 utrumque
2199 1731 2388 1770 eorum
2422 1716 2704 1784 aequaliter
2727 1713 2896 1766 distat
2923 1711 2990 1764 ab
3018 1709 3206 1763 :estivo
3233 1712 3433 1774 puncto

242 1798 322 1849 ίσα
358 1797 492 1849 ἐστὶν
535 1798 594 1849 ἐν
631 1795 882 1866 Διδύμοις
920 1797 1013 1849 καὶ
1049 1799 1104 1851 έν
1144 1798 1428 1868 Καρκίνῳο
1464 1798 1558 1851 καὶ
1587 1799 1644 1852 ὲν
1671 1802 1770 1862 τοῖς

1878 1809 2146 1865 solstitiali
2182 1823 2196 1860 :
2227 1808 2298 1862 ob
2345 1822 2505 1876 quam
2552 1821 2772 1859 causam
2825 1803 2986 1858 etiam
3035 1797 3433 1869 magnitudines
3476 1850 3493 1867 _

239 1885 593 1955 ὡροσκοπείοις
659 1888 716 1940 αί
771 1888 874 1940 ὑπὸ
926 1887 1034 1940 τῶν
1093 1889 1379 1958 γνωμόνων
1445 1890 1778 1962 γραφόμεναι

235 1979 466 2048 γραμμαὶ
520 1979 634 2031 ἴσον
686 1979 947 2049 ἀπέχουσι
990 1977 1084 2030 τοῦ
1138 1978 1348 2050 θερινοῦ
1391 1981 1649 2052 τροπικοῦ
1687 1998 1781 2052 ση-

233 2071 370 2142 μείου
392 2071 496 2141 (ιο)
525 2073 620 2126 καί
651 2072 710 2125 ὲν
739 2073 995 2144 Καρκίνῳ
1020 2074 1112 2126 καὶ
1149 2075 1206 2126 ὲν
1236 2073 1500 2143 Διδύμοις.
1536 2074 1621 2140 Ἐξ
1667 2075 1777 2128 [σου

230 2163 330 2232 γὰρ
348 2165 540 2216 κεῖνται
564 2162 701 2234 πρὸς
721 2164 780 2216 τὸ
803 2163 1010 2234 θερινὸν
1037 2168 1257 2236 σημεῖον
1283 2164 1350 2218 τὰ
1373 2165 1462 2217 δύο
1484 2165 1780 2237 δωδεκατη-

231 2251 396 2322 μόρια.
431 2251 592 2306 Ὅθεν
614 2255 708 2305 καὶ
749 2254 852 2306 ὑπὸ
883 2253 986 2306 τῶν
1029 2253 1204 2308 αὐτῶν
1233 2254 1585 2326 παραλλήλων
1612 2257 1779 2325 ἐμπε-

229 2345 600 2415 ριλαμϐάνεται
626 2345 862 2408 κύκλων,
887 2344 975 2398 διά
999 2362 1058 2398 τε
1084 2345 1242 2399 τοῦτο
1275 2348 1339 2398 ἐκ
1373 2346 1464 2398 τοῦ
1503 2347 1665 2400 αὑτοῦ
1695 2347 1778 2400 τό-

227 2453 319 2488 που
364 2435 705 2490 ἀνατέλλουσι
759 2436 1017 2506 Δίδυμοι,
1091 2437 1402 2508 Καρκίνος,
1459 2438 1658 2508 ὁμοίως
1716 2453 1778 2491 τι

225 2527 453 2581 δύνουσιν
482 2530 563 2593 είς
591 2529 685 2581 τὸν
717 2526 878 2581 αὑτὸν
905 2528 1085 2581 τόπον.
1333 2518 1338 2522 ί

295 2701 345 2753 '0
367 2700 422 2754 δὲ
451 2700 613 2764 αὐτὸς
640 2701 794 2771 λόγος
823 2703 916 2757 καὶ
941 2701 1032 2756 ἐπὶ
1054 2702 1146 2756 τοῦ
1177 2702 1473 2774 Λίγόκερω.
1507 2702 1641 2756 Οὔτε
1667 2703 1777 2776 γὰρ

218 2783 357 2854 οὗτός
389 2795 505 2845 ἐστι
531 2791 854 2858 νοτιώτατος
873 2811 886 2824 ο
920 2794 1032 2847 ἀλλ’
1063 2792 1124 2846 ἓν
1154 2811 1206 2846 τι
1237 2795 1458 2864 σημεῖον
1486 2793 1624 2863 λόγῳ
1649 2793 1775 2847 θεω-

218 2884 404 2953 ρητόνσ
449 2884 478 2937 ὃ
506 2886 689 2939 κοινόν
729 2889 844 2940 ἐστι
889 2885 989 2955 τῆς
1021 2903 1079 2938 τε
1115 2883 1207 2938 τοῦ
1253 2886 1478 2950 Τοξότου
1522 2887 1773 2958 τελευτῆς

215 2974 300 3026 καὶ
329 2975 420 3045 τῆς
448 2976 543 3029 τοῦ
577 2976 862 3049 Δίγόκερω
908 2977 1099 3048 ἀρχῆς.
1131 2977 1220 3029 Διὸ
1252 2977 1310 3042 ἐξ
1339 2977 1450 3030 ἴσου
1493 2981 1665 3031 κεῖται
1694 2978 1773 3049 τῷ

214 3066 412 3139 τοξότῃ,
441 3069 539 3120 καὶ
566 3069 666 3138 τὴν
698 3069 869 3139 αὐτὴν
903 3070 1202 3123 ἀπόστασιν
1241 3069 1353 3140 ἔχει
1391 3069 1497 3122 ἀπὸ
1529 3069 1623 3124 τοῦ
1657 3088 1770 3142 χει-

215 3160 420 3228 μερινοῦ
442 3160 708 3231 τροπικοῧ
739 3159 983 3232 σημείου.
1021 3160 1183 3212 Ὅθεν
1216 3163 1308 3214 καὶ
1332 3161 1402 3214 τὰ
1435 3161 1636 3233 μεγέθη
1664 3163 1771 3216 τῶν

211 3253 420 3323 ἡμερῶν
452 3253 550 3305 καὶ
577 3253 687 3306 τῶν
713 3253 922 3307 νυκτῶν
945 3252 1013 3306 τὰ
1034 3255 1171 3308 αύτά
1195 3255 1342 3307 ἐστιν
1369 3256 1427 3307 ὲν
1458 3255 1535 3326 τῷ
1571 3256 1769 3329 Τοξότῃ

210 3344 293 3395 καὶ
313 3346 370 3396 έν
394 3343 474 3414 τῷ
516 3343 819 3416 Δίγόκερῳ,
849 3345 942 3397 καὶ
971 3344 1033 3397 τὸ
1074 3345 1239 3414 ἄκρον
1281 3345 1375 3398 τοῦ
1411 3347 1682 3416 γνώμονος
1713 3349 1769 3400 ὲν

208 3436 306 3498 τοῖς
336 3435 656 3506 ὡρολογίοις
686 3437 784 3499 τὰς
810 3436 979 3500 αύτάς
1010 3435 1208 3507 γράφει
1244 3437 1524 3508 γραμμὰς,
1550 3439 1641 3491 καὶ
1667 3438 1770 3492 ὑπὸ

206 3525 300 3578 τῶν
343 3527 528 3580 αὐτῶν
577 3527 932 3599 παραλλήλων
977 3526 1510 3598 ὲμπεριλαμϐάνεται
1558 3529 1769 3584 κύκλων

204 3620 264 3674 τὰ
282 3621 373 3676 δύο
398 3623 852 3696 δωδεκατημόρια
872 3623 964 3677 τοῦ
995 3622 1220 3686 Τοξότου
1251 3640 1310 3676 τε
1337 3624 1429 3676 καὶ
1455 3624 1732 3695 Αίγόκερω
1748 3638 1762 3652 ⁸

204 3714 286 3765 καὶ
313 3714 403 3768 διὰ
427 3714 589 3768 τοῦτο
621 3715 686 3768 ἐκ
709 3715 802 3767 τοῦ
833 3715 993 3768 αὐτού
1024 3714 1186 3768 τόπου
1216 3713 1516 3779 ἀνατέλλει,
1560 3716 1653 3768 καὶ
1688 3716 1768 3780 εἰς

203 3804 281 3857 τὸν
311 3806 480 3858 αὑτὸν
507 3805 674 3859 τόπον
700 3806 844 3859 δύνει
875 3804 1105 3876 Τοξότης
1131 3805 1223 3858 καὶ
1252 3805 1579 3874 Αἰγόκερως.

108 4058 116 4071 1
278 3987 516 4056 ὀμοίως
543 3984 601 4038 δὲ
630 3984 727 4038 καὶ
753 3985 851 4047 τὰς
883 3983 1072 4046 λοιπὰς
1107 3983 1365 4051 συζυγίας
1391 3984 1661 4055 διημαρτη
1670 3984 1766 4055 μέ-

201 4097 288 4143 va;
314 4075 460 4132 εἶναι
493 4076 855 4148 συμϐέϐηκεν.
884 4075 1261 4148 Ἐκδηλότατον
1289 4077 1345 4129 δὲ
1366 4077 1571 4144 γίνεται
1596 4076 1764 4147 ἁμάρ-

198 4188 338 4241 τημα
373 4171 510 4239 περὶ
547 4171 647 4240 τὴν
695 4168 952 4238 συζυγίαν
995 4167 1088 4221 τοῦ
1125 4166 1314 4238 Κριοῦ.
1359 4167 1765 4237 Ἀποφαίνονται

198 4263 297 4334 γὰρ
313 4261 465 4316 κατὰ
485 4259 746 4328 συζυγίαν
779 4259 962 4330 Κριὸν,
993 4258 1181 4326 Ζυγδν,
1207 4257 1281 4321 ὡς
1303 4256 1504 4311 τούτων
1528 4256 1636 4310 τῶν
1663 4257 1765 4321 ζω-

195 4355 310 4407 δίων
335 4357 403 4408 ὲκ
436 4352 536 4406 τοῦ
570 4350 734 4404 αὑτοῦ
776 4351 941 4403 τόπου
977 4349 1386 4411 ἀνατελλόντων,
1420 4350 1512 4402 καὶ
1554 4351 1632 4412 εἰς
1673 4350 1762 4403 τὸν

194 4446 346 4499 αὐτὸν
393 4445 567 4498 τόπον
614 4442 896 4496 δυνόντων.
937 4441 1074 4494 Ἀλλ’
1118 4444 1146 4494 ὁ
1195 4442 1292 4512 μὲν
1342 4441 1507 4512 Κριὸς
1556 4441 1759 4512 βόρειος

193 4539 495 4599 ἀνατέλλει,
524 4536 619 4588 καὶ
645 4534 790 4587 δύνει
812 4549 825 4562 ο
857 4533 922 4585 ἐκ
948 4531 1040 4586 τοῦ
1069 4532 1176 4604 γὰρ
1221 4531 1532 4603 ἰσημερινοῦ
1563 4532 1758 4586 κύκλου

197 4632 323 4700 πρὸς
352 4633 600 4702 ἄρκτους
640 4630 849 4682 κεῖταιο
877 4627 905 4679 ὁ
931 4625 986 4677 δὲ
1031 4624 1199 4692 Ζυγὸς
1235 4625 1404 4689 νότιος
1446 4625 1720 4678 ἀνατέλλει
1743 4642 1756 4658 ·

190 4723 252 4774 ἐκ
271 4725 379 4795 γὰρ
413 4720 513 4775 τοῦ
551 4717 868 4791 ίσημερινοῦ
897 4709 1254 4788 κύκλου⁶πρὸς
1285 4715 1624 4786 μεσημϐρίαν
1651 4719 1761 4795 x5}-

191 4789 300 4870 ται.
332 4789 469 4876 flii);
497 4811 594 4866 οὖν
621 4789 842 4866 δύναται
866 4809 1033 4878 Κριὸς
1055 4806 1210 4877 Ζυγῷ
1226 4806 1366 4859 κατὰ
1397 4806 1652 4874 συζυγίαν
1683 4789 1759 4860 εἷ-

190 4926 304 4972 ναι;
329 4912 395 4962 ἐκ
435 4906 710 4975 διαφόρων
743 4905 852 4973 γὰρ
889 4902 1068 4954 τόπων
1099 4898 1461 4975 ἀνατέλλουσι,
1487 4899 1683 4968 ὁμοίως
1705 4899 1760 4952 δὲ

190 5000 278 5052 καὶ
297 5000 576 5052 δύνουσιν.
608 4997 681 5047 Ού
715 4995 934 5046 δύναται
967 4992 1022 5044 δὲ
1054 4991 1221 5044 ταῦτα
1244 4990 1312 5043 τὰ
1340 4988 1500 5054 ζώδια
1527 4989 1630 5044 ὑπὸ
1655 4991 1760 5044 τῶν

189 5091 362 5144 αὐτῶν
392 5086 764 5159 παραλλήλων
801 5083 1148 5155 περιέχεσθαι
1176 5081 1408 5136 κύκλων.
1451 5082 1676 5151 Ὁμοίως
1705 5084 1760 5137 δὲ

189 5183 305 5236 οὐδὲ
352 5185 410 5237 al
451 5181 642 5234 λοιπαὶ
671 5177 924 5247 συζυγίαι
974 5177 1371 5248 συμφωνοῦσιν.
1407 5177 1760 5249 Ἠγνοήκασιν

189 5271 276 5328 οὖν
310 5276 378 5330 τά
431 5277 566 5345 περὶ
590 5273 690 5336 τὰς
733 5270 953 5343 πρώτας
993 5269 1184 5341 μοίρας
1234 5268 1611 5341 συμϐεϐηκότα
1650 5273 1761 5335 τοῖς

189 5368 326 5420 κατά
358 5366 626 5434 συζυγίας
656 5362 866 5427 ζωδίοις
896 5361 1023 5430 περὶ
1051 5362 1147 5415 ὅλα
1166 5361 1234 5414 τὰ
1264 5361 1429 5426 ζώδια
1455 5363 1750 5434 ὲκθέμενοι.

189 5454 374 5526 Πολλῷ
398 5457 512 5527 γὰρ
539 5453 740 5526 μᾶλλον
764 5450 870 5505 ἔδει
900 5449 968 5503 τὰ
996 5449 1136 5513 ὅλοις
1178 5452 1221 5482 ’⁸
1248 5453 1358 5514 τοῖς
1382 5451 1753 5525 δωδεκατημο-

261 5617 304 5646 ¹⁸
339 5633 432 5684 γρ.
466 5613 585 5668 ὅλα.

260 5734 376 5804 (ιιι)
421 5734 589 5789 Abest
619 5746 721 5786 vox
762 5728 983 5799 σημείου
1020 5741 1048 5780 a
1080 5727 1365 5783 veteribus.

1879 1901 2086 1954 dierum
2135 1909 2187 1954 et
2215 1899 2452 1953 noctium
2503 1898 2738 1967 aequales
2765 1903 2892 1949 sunt
2932 1894 2984 1946 in
3023 1891 3262 1945 Geminis
3291 1897 3344 1943 et
3377 1888 3433 1941 in

1879 1992 2090 2047 Cancro
2123 2009 2134 2044 :
2175 2001 2229 2046 et
2262 1993 2314 2045 in
2352 1991 2732 2044 instrumentis
2772 1985 3006 2041 borariis
3039 1985 3190 2037 linea:
3234 1997 3264 2034 a
3301 1996 3435 2051 gno-

1880 2083 2134 2138 monibus
2189 2083 2475 2151 descriptae
2534 2080 2812 2150 aequaliter
2863 2078 3066 2132 distant
3130 2074 3197 2128 ab
3245 2072 3433 2128 aestivo

1879 2183 2082 2244 puncto
2111 2173 2407 2235 solstitiali,
2439 2188 2562 2230 cum
2596 2172 2650 2225 in
2673 2172 2904 2231 Cancro,
2941 2175 3053 2220 tum
3083 2167 3136 2219 in
3167 2162 3430 2218 Geminis.

1878 2263 2012 2318 Nam
2040 2265 2108 2318 ad
2140 2265 2386 2318 aestivum
2417 2263 2517 2316 hoc
2550 2271 2812 2332 punctum
2856 2259 3114 2328 a‘qualem
3147 2255 3307 2308 situm
3345 2253 3435 2305 lia-

1877 2359 2130 2415 benthzec
2147 2359 2255 2414 duo
2280 2358 2456 2428 signa.
2483 2355 2638 2410 Unde
2660 2356 2821 2409 etiam
2848 2353 2990 2405 inter
3019 2347 3235 2404 eosdem
3267 2346 3314 2415 7
3334 2345 3437 2398 eir-

1876 2451 2029 2504 culos
2054 2450 2346 2519 parallelos
2371 2456 2499 2504 sunt
2538 2448 2640 2502 sita
2665 2461 2678 2497 :
2715 2455 2767 2500 et
2795 2444 2866 2498 ob
2895 2443 2997 2496 hoc
3019 2456 3084 2495 ex
3106 2439 3292 2494 eodem
3314 2437 3434 2492 loco

1873 2537 2123 2592 oriuntur
2149 2535 2383 2601 Gemini,
2417 2536 2659 2600 Cancer,
2707 2533 2960 2588 similiter
2993 2539 3047 2586 et
3079 2530 3335 2585 occidunt
3378 2527 3433 2582 in

1872 2627 2120 2682 eumdem
2153 2627 2354 2680 locum.

1942 2717 2140 2772 Eadem
2167 2725 2251 2773 est
2272 2716 2407 2770 ratio
2434 2715 2594 2770 etiam
2627 2714 2681 2768 in
2702 2713 3052 2782 Capricorno.
3079 2709 3261 2780 Neque
3285 2709 3430 2764 enim

1882 2808 1971 2863 hic
2001 2817 2084 2862 est
2111 2810 2340 2860 maxime
2377 2804 2655 2869 australis,
2690 2803 2783 2859 sed
2831 2817 2995 2854 unum
3031 2800 3248 2869 aliquod
3293 2815 3432 2868 pun-

1871 2907 2019 2954 ctum
2049 2901 2259 2954 ratione
2295 2897 2720 2967 percipiendum,
2755 2893 2899 2965 quod
2933 2908 3220 2947 commune
3259 2903 3341 2946 est
3375 2896 3432 2946 et

1873 2991 1965 3045 ﬁn-i
2007 2989 2304 3060 Sagittarii,
2341 2997 2393 3044 et
2436 2987 2704 3058 principio
2739 2983 3056 3054 Capricorni
3096 3001 3110 3038 :
3158 2997 3319 3052 quam
3357 2980 3429 3036 ob

1874 3098 2096 3139 causam
2141 3081 2370 3138 similem
2426 3080 2589 3135 situm
2639 3079 2801 3132 habet
2855 3092 2979 3131 cum
3035 3073 3330 3146 Sagittario
3374 3079 3430 3127 et

1869 3173 2110 3228 eamdem
2152 3173 2312 3228 habet
2351 3172 2662 3228 distantiam
2703 3169 2771 3224 ab
2815 3169 3040 3224 hiberno
3088 3174 3286 3237 puncto
3320 3165 3427 3220 scl-

1870 3264 2078 3321 stitiali.
2132 3261 2284 3318 Unde
2318 3265 2477 3318 etiam
2510 3261 2925 3345 .magnitudines
2968 3258 3175 3314 dierum
3224 3265 3277 3310 et
3329 3269 3428 3309 nov

1868 3356 2036 3411 ctium
2087 3355 2288 3411 eaedem
2337 3362 2465 3410 sunt
2512 3354 2566 3408 in
2611 3351 2900 3422 Sagittario
2956 3357 3009 3404 et
3047 3349 3424 3418 Capricorno:

1867 3453 1922 3500 et
1961 3446 2280 3499 extremitas
2333 3442 2618 3513 gnomonis
2667 3441 2724 3494 in
2776 3437 3154 3492 instrumentis
3192 3433 3429 3490 liorariis

1865 3534 2083 3588 easdem
2109 3532 2368 3590 describit
2396 3532 2590 3598 lineas,
2618 3537 2672 3585 et
2701 3529 2845 3584 inter
2883 3525 3100 3581 eosdem
3140 3523 3426 3596 parallelcs

1864 3628 2099 3683 circulos
2145 3627 2250 3683 sita
2299 3635 2426 3682 sunt
2473 3625 2587 3678 haec
2637 3623 2745 3677 duo
2797 3620 3236 3676 dodecateuioria
3298 3633 3424 3674 cum

1867 3715 2165 3788 Sngittarii,
2203 3728 2320 3774 tum
2365 3713 2741 3786 Capricorni.:
2787 3720 2950 3782 atque
2982 3711 3050 3766 ob
3084 3711 3186 3765 hoc
3226 3725 3291 3766 ex
3331 3724 3424 3764 eo-

1863 3809 1984 3864 dem
2024 3809 2145 3864 loco
2181 3809 2451 3873 oriuntur,
2491 3815 2544 3862 et
2580 3806 2635 3859 in
2666 3805 2916 3860 eumdem
2957 3804 3136 3858 locum
3164 3802 3424 3858 occidunt

1865 3898 2214 3970 Sagittarius,
2246 3908 2298 3954 et
2326 3899 2712 3968 Capricornus.

1935 3991 2195 4046 Similiter
2238 4007 2367 4046 vero
2403 3998 2458 4045 et
2500 3990 2740 4058 reliquas
2785 3987 3223 4044 combinationes
3251 3984 3418 4038 'erro-

1865 4096 1999 4136 neas
2029 4095 2152 4135 esse
2177 4079 2461 4149 contingit.
2503 4075 2979 4132 Manifestissimus
3006 4074 3149 4128 enim
3181 4071 3238 4125 ﬁt
3265 4082 3420 4124 error

1861 4174 1916 4228 in
1942 4172 2346 4228 combinatione
2383 4171 2605 4225 Arietis.
2648 4170 2929 4224 Atlirmant
2965 4166 3107 4221 enim
3145 4162 3420 4218 combina-

1861 4267 2062 4322 tionem
2098 4265 2242 4320 inter
2277 4281 2336 4320 se
2362 4264 2560 4318 habere
2594 4263 2851 4323 Arictem,
2895 4266 2948 4316 et
2985 4257 3220 4319 Libram,
3263 4252 3420 4324 quasi

1861 4358 1974 4413 hac
2012 4359 2163 4429 signa
2203 4372 2269 4411 ex
2311 4355 2499 4411 eodem
2532 4355 2651 4410 loco
2684 4353 2949 4415 oriantur,
2987 4358 3039 4404 et
3082 4349 3134 4402 in
3170 4347 3418 4403 eumdem

1863 4450 2040 4503 locum
2097 4447 2371 4503 occidant.
2434 4447 2596 4516 Atqui
2659 4445 2818 4500 Aries
2894 4441 3109 4512 quidem
3186 4435 3420 4492 borealis

1862 4541 2056 4605 oritur,
2116 4547 2171 4594 et
2240 4540 2464 4602 occidit,
2507 4554 2628 4592 nam
2689 4539 2758 4592 ab
2811 4531 3171 4605 aequinoctiali
3229 4544 3420 4585 versus

1861 4633 2081 4688 boream
2118 4633 2255 4686 situs
2297 4638 2400 4687 est.
2441 4630 2601 4684 Libra
2660 4645 2788 4684 vero
2830 4625 3088 4681 australis
3129 4623 3323 4685 oritur,
3365 4629 3418 4676 et

1860 4721 2083 4786 occidit,
2117 4723 2184 4776 ab
2210 4720 2571 4790 :equinoctiali
2607 4719 2752 4773 enim
2785 4731 2974 4771 versus
3017 4713 3295 4768 meridiem
3335 4719 3418 4766 est

1861 4816 1985 4872 sita.
2024 4812 2307 4879 Quomodo
2342 4813 2505 4883 igitur
2539 4811 2694 4866 Aries
2741 4824 2863 4863 cum
2911 4806 3070 4859 Libra
3109 4811 3285 4874 potest
3320 4802 3418 4856 ha-

1862 4907 1986 4960 bere
2016 4903 2503 4960 combinationem?
2546 4902 2660 4956 haec
2701 4902 2842 4954 enim
2880 4898 3032 4968 signa
3081 4912 3146 4950 ex
3186 4893 3416 4949 diversis

1865 4999 1998 5052 locis
2043 4998 2315 5062 oriuntur,
2361 5004 2414 5051 et
2455 4995 2707 5050 similiter
2749 4993 2803 5046 in
2856 4992 3068 5045 diversa
3110 4990 3226 5042 loca
3269 4984 3418 5040 occi-

1861 5091 2015 5147 dunt.
2045 5089 2156 5146 Nec
2192 5098 2421 5158 possunt
2455 5089 2568 5143 lucc
2608 5088 2759 5158 signa
2803 5084 2873 5138 ab
2911 5082 3101 5138 iisdem
3145 5077 3416 5150 parallelis

1863 5182 2268 5253 comprehendi.
2333 5181 2599 5236 Similiter
2649 5193 2824 5247 neque
2873 5176 3092 5245 reliquae
3137 5170 3418 5227 combina-

1862 5273 2038 5329 tiones
2072 5273 2209 5329 bene
2239 5288 2298 5328 se
2330 5273 2550 5328 habent.
2577 5269 2695 5325 Non
2733 5269 2876 5324 enim
2916 5264 3415 5320 animadverterunt

1863 5374 2093 5434 veteres,
2147 5381 2206 5422 se
2264 5381 2350 5435 ea,
2412 5381 2533 5436 qua:
2576 5371 2777 5418 tantum
2817 5359 2964 5415 circa
2988 5357 3190 5427 primas
3230 5359 3413 5428 partes

1863 5472 2054 5513 eorum
2129 5458 2298 5529 signis
2367 5454 2773 5518 combinatoriis
2840 5450 3209 5522 contigerunt,
3281 5448 3413 5503 totis
