4000 6206
581 291 682 350 767

1593 311 1679 366 AD
1716 313 1982 371 EUSEBll
2015 316 2404 374 CHRONICON
2435 321 2795 378 APPENDIX.

3675 333 3775 389 768

578 411 754 483 signis
804 416 1062 475 tribuere.
1133 421 1302 479 Multo
1362 429 1508 482 enim
1557 435 1729 505 magis
1804 442 2090 509 Oportuissi

2194 438 2372 509 ,pior;
2421 441 2796 513 συμϐεϐηκότα
2845 443 2924 505 εἰς
2973 444 3288 516 αναγραφὴν
3340 463 3434 500 και
3484 453 3778 521 παραγγέλ»

573 518 659 566 ea,
705 521 824 575 quae
866 511 992 565 totis
1035 512 1206 583 signis
1244 519 1576 590 acciderunt,
1629 527 1697 581 ad
1728 527 2030 588 doctrinam
2078 555 2090 591 ι

2233 547 2376 601 ματα
2408 533 2650 602 ἀγαγεῖν.

573 609 840 669 praecepta
871 602 1096 661 relerre.

647 688 784 745 Sunt
813 695 979 764 igitur
1008 700 1303 756 secundum
1327 706 1612 764 veritatem
1647 727 1743 768 sex
1769 717 2126 776 combinatio-

570 794 668 836 DCS
715 798 729 834 ε

566 873 699 942 gini,
741 874 926 935 Pisces
956 879 1149 946 Librae,
1184 883 1458 956 Aquarius
1483 891 1730 967 Scorpio,
1763 899 2124 972 Capricornus

568 963 882 1036 Sagittario.
928 971 1052 1028 Haec
1096 977 1241 1032 enim
1275 988 1328 1034 et
1355 997 1418 1035 ex
1461 986 1648 1040 eodem
1695 991 1813 1046 loco
1847 998 2120 1064 oriuntur,

563 1066 616 1113 et
643 1059 696 1113 in
729 1063 976 1119 eumdem
1010 1067 1189 1124 locum
1225 1074 1504 1141 occidunt,
1537 1089 1592 1136 et
1622 1083 1691 1138 ab
1719 1083 1912 1142 iisdem
1953 1095 2123 1160 paral-

563 1149 684 1206 lelis
725 1157 1285 1232 comprehenduntur,
1324 1174 1378 1221 et
1417 1169 1647 1228 similem
1702 1176 1866 1233 situm
1920 1149 2120 1238 habent

562 1239 629 1294 ad
676 1244 988 1302 solstitialia
1032 1263 1256 1320 puncta.
1300 1256 1357 1312 In
1404 1259 1490 1317 liis
1538 1265 1681 1320 enim
1721 1272 2118 1340 magnitudines

559 1329 767 1386 dierum
809 1344 862 1389 et
909 1341 1153 1397 noctium
1199 1351 1434 1416 mquales
1473 1362 1622 1420 sunt,
1649 1355 1712 1412 et
1747 1363 2116 1423 extremitates

557 1437 885 1490 gnomonum
936 1431 990 1486 in
1027 1431 1402 1496 instrumentis
1437 1442 1670 1503 horariis
1699 1452 1915 1508 easdem
1947 1455 2116 1515 lineas

555 1513 891 1573 describunt.

1169 1664 1395 1724 CAPUT
1431 1671 1494 1731 ll.

652 1765 725 1820 De
760 1769 926 1839 signis
971 1788 1090 1842 qua:
1138 1777 1305 1859 stellis
1351 1793 1481 1859 sunt
1509 1785 1784 1859 insignita,
1825 1811 1913 1850 seu
1945 1799 2012 1854 de

1071 1849 1577 1914 constellationibus.

616 1947 948 2010 Constellata
980 1967 1129 2015 astra
1174 1963 1228 2017 in
1270 1973 1382 2022 tres
1421 1983 1603 2038 partes
1635 1976 1968 2040 dividuntur.
1999 1984 2104 2041 Eo-

545 2057 666 2096 rum
713 2045 859 2100 enim
906 2051 1152 2119 quaedam
1191 2055 1248 2111 in
1297 2059 1522 2117 zodiaco
1563 2066 1768 2124 circulo
1803 2081 1930 2126 sunt
1977 2078 2103 2143 sita,

545 2135 791 2202 qumdam
825 2137 1088 2198 dicuntur
1126 2145 1386 2216 borealia,
1426 2157 1670 2224 quaedam
1701 2174 1968 2220 vocantur
2007 2185 2104 2228 au-

543 2225 752 2280 stralia.

611 2311 742 2376 Quae
768 2315 934 2384 igitur
963 2320 1016 2374 in
1041 2325 1265 2383 zodiaco
1299 2341 1597 2404 ponuntur,
1625 2353 1688 2394 ea
1724 2350 1852 2399 sunt
1891 2345 2096 2406 duode-

539 2401 644 2454 cim
695 2403 872 2475 signa,
915 2426 1146 2480 quorum
1197 2401 1591 2491 appellationes
1640 2440 1797 2489 antea
1841 2435 2096 2498 diximus.

539 2489 597 2547 In
643 2495 930 2555 duodecim
983 2514 1161 2562 autem
1207 2489 1380 2583 signis
1428 2521 1670 2587 quaedam
1719 2489 2098 2603 διέθηκ’-(ἦιξοὲ

537 2584 736 2642 habita:
763 2602 882 2647 sunt
907 2599 1143 2668 propriis
1172 2584 1648 2679 appellationibus,
1685 2617 1848 2688 idque
1877 2584 2098 2694 propter

535 2675 964 2747 significationes
1007 2704 1144 2759 quas
1181 2696 1401 2753 habent.
1445 2701 1576 2758 Nam
1625 2675 1679 2762 in
1722 2675 1901 2769 dorsor
1931 2675 2094 2773 Tauri

533 2769 724 2836 posita:
755 2777 925 2833 stella:
949 2796 1180 2840 numero
1209 2804 1302 2844 sex
1325 2804 1591 2850 vocantur
1617 2801 1876 2868 pleiades.

601 2956 660 3009 In
713 2957 892 3018 fronte
935 2963 1099 3024 Tauri
1153 2974 1343 3042 positae
1389 2981 1558 3038 stella:
1586 3000 1815 3044 numero
1849 2993 2089 3066 quinque

531 3048 894 3106 nominantur
933 3055 1184 3128 hyades;
1241 3081 1362 3135 quia
1407 3072 1565 3127 stella
1617 3081 1871 3146 praecedit
1923 3087 2085 3155 pedes

737 3154 742 3155 ν

777 781 991 842 Gemini
1037 789 1272 860 Cancro,
1324 793 1539 854 Taurus
1586 800 1773 870 Leoni,
1809 807 1963 866 Aries
2004 811 2127 868 Vir-

2295 730 2444 785 Εἰσὶν
2500 729 2592 788 οὖν
2647 753 2746 790 κατ
2822 739 3075 811 ἀλήθειαν
3132 741 3379 810 συςύγίαι
3428 742 3506 809 ἐξ.
3563 746 3772 817 Δίδυμοι

2223 821 2508 896 Καρκίνῳ,
2537 828 2745 899 Ταῦρος
2777 830 2964 885 Λέοντι
2984 873 2998 897 ,
3035 834 3201 904 Κριὸς
3241 833 3494 906 Παρθένῳ
3516 875 3530 898 ,
3577 837 3774 907 Ἰχθύες

2221 913 2377 987 Ζυγῷ
2403 957 2417 981 ,
2482 917 2761 990 ’Υδροχόος
2812 924 3059 996 Σκορπιῳ
3089 964 3103 988 ,
3165 926 3468 997 Αίγόκερως
3520 928 3721 1002 Τοξότῃ
3759 946 3777 966 ο

2217 1006 2391 1060 ταῦτα
2415 1008 2524 1082 γὰρ
2547 1012 2639 1064 κα)⁸
2662 1014 2725 1066 ἐκ
2749 1013 2842 1067 τοῦ
2873 1015 3032 1069 αὐτοῦ
3061 1015 3224 1071 τόπου
3248 1017 3540 1082 ἀνατέλλει,
3574 1022 3668 1072 καὶ
3695 1021 3776 1084 εἰς

2216 1097 2310 1150 τὸν
2345 1098 2505 1155 αὑτὸν
2533 1103 2695 1156 τόπον
2722 1105 2886 1168 δύνει,
2922 1108 3015 1160 καὶ
3045 1109 3150 1161 ὑπὸ
3192 1109 3298 1162 τῶν
3343 1109 3518 1162 αὐτῶν
3548 1111 3776 1182 ἐμπερι-

2216 1183 2546 1256 λαμϐάνεται
2580 1192 2935 1263 παραλλήλων
2975 1194 3205 1259 κύκλων,
3239 1197 3328 1250 καὶ
3357 1194 3416 1262 ἐξ
3461 1200 3574 1251 ἴσου
3602 1203 3772 1255 κεῖται

2217 1279 2352 1348 πρὸς
2372 1280 2440 1334 τὰ
2464 1285 2695 1352 τροπικά
2729 1287 2944 1355 σημεῖα.
2992 1287 3077 1340 Ἐν
3104 1287 3312 1351 τούτοις
3334 1288 3438 1362 γὰρ
3467 1289 3534 1343 τὰ
3569 1293 3770 1362 μεγέθη

2213 1370 2320 1422 τῶν
2351 1373 2570 1444 ἡμερῶν
2602 1376 2694 1428 καὶ
2735 1376 2842 1429 τῶν
2880 1378 3084 1432 νυκτῶν
3126 1380 3234 1444 ἴσα,
3264 1382 3355 1434 καὶ
3387 1382 3454 1434 τὰ
3500 1382 3639 1453 ἄκρα
3665 1382 3772 1436 τῶν

2213 1462 2502 1531 γνωμόνων
2552 1465 2611 1519 ἐν
2665 1468 2777 1530 τοῖς
2829 1465 3140 1539 ὡρολογίοις
3194 1470 3292 1534 τὰς
3347 1473 3518 1536 αὐτὰς
3573 1473 3769 1546 γράφει

2211 1554 2492 1624 γραμμάς-

2235 1684 2242 1692 ”
2749 1693 3141 1748 ΚΕΦΔΛΑΙΟΝ
3172 1696 3243 1750 B’.

2381 1802 2520 1871 Περὶ
2557 1802 2677 1858 τῶν
2703 1806 3257 1877 κατηστερισμέγων
3291 1809 3331 1838 ¹⁶
3355 1807 3592 1869 ζωδίων.

2277 2004 2355 2059 Τὰ
2411 2010 2872 2081 κατηστερισμένα
2925 2012 3099 2086 ἄστρα
3155 2016 3438 2088 διαιρεῖται
3492 2020 3574 2082 είς
3626 2020 3767 2092 μέρη

2203 2093 2347 2166 τρία.
2391 2097 2456 2148 Ἀ
2503 2098 2602 2168 μὲν
2641 2098 2749 2170 γὰρ
2781 2099 2958 2155 αὐτῶν
3005 2103 3098 2156 ἐπὶ
3140 2104 3231 2158 τοῦ
3265 2105 3528 2171 ζωδιακοῦ
3563 2110 3767 2163 κύκλου

2201 2191 2404 2241 κεῖται·
2439 2189 2476 2242 ἃ
2513 2190 2570 2244 δὲ
2615 2191 2826 2260 λέγεται
2867 2193 3086 2267 βόρεια·
3132 2199 3167 2252 ἃ
3199 2199 3255 2251 δὲ
3303 2203 3767 2273 προσαγορεύεται

2199 2275 2366 2330 νότια.
3243 2352 3245 2354 η

2269 2370 2348 2422 Τὰ
2378 2371 2475 2440 μὲν
2509 2367 2600 2427 οὖν
2628 2375 2718 2427 ἐπὶ
2755 2375 2848 2430 τοῦ
2871 2377 3132 2442 ζωδιακοῦ
3167 2381 3363 2436 κύκλου
3394 2385 3624 2453 κείμενά
3645 2389 3767 2441 ἐστι

2197 2457 2264 2511 τὰ
2291 2457 2493 2513 δώδεκα
2537 2462 2720 2527 ζώδια,
2751 2459 2824 2518 ὧν
2864 2466 2963 2530 τὰς
3006 2469 3298 2540 ὀνομασίας
3327 2479 3767 2547 προειρήκαμεν.

2196 2549 2305 2602 Καὶ⁴
2336 2552 2392 2603 ἐν
2421 2553 2532 2617 τοῖς
2572 2553 2777 2610 δώδεκα
2831 2557 3038 2623 ζωδίοις
3067 2561 3209 2626 τινὲς
3247 2564 3492 2635 ἀστέρες,
3533 2567 3622 2620 διὰ
3659 2571 3772 2633 τὰς

2196 2640 2474 2705 ἐπάὐτοῖς
2490 2645 2772 2713 γινομένας
2801 2647 3163 2717 ἐπισημασίας
3183 2689 3195 2713 ,
3231 2650 3360 2712 ἰδίας
3389 2655 3768 2724 προσηγορίας

2195 2729 2478 2800 ἠξιωμένοι
2508 2733 2661 2788 εἰσίν.
2693 2732 2757 2788 Oi
2795 2736 2891 2806 μὲν
2915 2735 3020 2808 γὰρ
3054 2739 3145 2790 ἐπὶ
3181 2739 3273 2792 τοῦ
3302 2740 3513 2813 Ταύρου
3544 2743 3645 2795 ἐπὶ
3670 2743 3764 2796 τοῦ

2193 2819 2358 2873 νώτου
2384 2821 2545 2875 αὐτοῦ
2570 2825 2806 2896 κείμεκοι
2822 2827 3044 2897 ἀστέρες
3058 2827 3147 2881 τὸν
3172 2829 3401 2901 ἀριθμὸν
3425 2832 3502 2896 ἒξ,
3530 2833 3764 2890 καλοῦν-

2191 2926 2280 2968 ται
2314 2911 2580 2975 πλειάδες.

2261 3003 2322 3056 Οί
2343 3003 2398 3055 δὲ
2424 3006 2515 3057 ἐπὶ
2543 3006 2634 3059 τοῦ
2660 3007 2955 3080 βουκρὰνου
2979 3008 3071 3063 τοῦ
3100 3010 3310 3082 Ταύρου
3332 3013 3574 3083 κείμενοι
3600 3017 3762 3071 ἀστέ-

2193 3108 2282 3161 ρες
2313 3093 2403 3147 τὸν
2442 3095 2672 3166 ἀριθμὸν
2713 3099 2894 3163 πέντε,
2937 3100 3219 3156 καλοῦνται
3250 3103 3403 3168 ὑάδες
3424 3121 3436 3134 ’
3469 3107 3497 3158 ὁ
3529 3106 3590 3159 δὲ
3626 3125 3757 3180 προο

1261 3134 1271 3135 ,
1617 3134 1634 3146 ,
1923 3134 2085 3155 ,νην

527 3134 899 3209 Geminorum,
935 3157 1159 3204 vocatur
1192 3168 1431 3225 propus;
1464 3177 1584 3230 qum
1617 3181 1745 3221 vero
1790 3170 1843 3224 in
1878 3171 2086 3232 Cancro

527 3229 804 3269 nphnlnem
863 3238 1136 3269 οίιιιιη-...κ
1195 3254 1503 3269 -.._..___,_.-
1586 3257 1599 3268 .
1697 3259 1710 3269 .
1774 3263 1805 3269 --

2194 3134 2277 3161 rw,
2324 3134 2399 3147 -νν
2442 3134 2669 3166 νιγινμνγ
2721 3134 2894 3163 μινυς,
2939 3134 3219 3156 ’.υινιυυνιαι
3252 3134 3403 3168 uacua”,
3469 3134 3497 3158 υ
3529 3134 3590 3159 οε
3626 3134 3757 3180 πρυο

2194 3184 2318 3253 ηγού
2327 3201 2484 3255 μενος
2511 3186 2619 3240 τῶν
2652 3191 2826 3244 ποδῶν
2855 3191 2960 3245 τῶν
2985 3193 3227 3264 Διδύμων
3254 3196 3386 3268 ἀστὴ
3397 3213 3444 3266 ρ,
3475 3216 3757 3269 προσαγο-

525 3229 804 3287 nebulosa:
863 3238 1138 3296 stellarum
1192 3254 1602 3321 congregationi
1665 3259 1873 3319 similes
1929 3279 2078 3337 sunt,

523 3332 793 3379 vocantur
837 3343 1075 3402 praesepe
1109 3355 1123 3403 ;
1156 3337 1277 3395 duae
1316 3346 1484 3400 stella:
1522 3355 1750 3424 praesepi
1777 3359 1964 3416 vicina:
1989 3380 2082 3418 νος

521 3419 717 3465 cantur
738 3417 909 3485 asini;
935 3424 1088 3478 stella
1125 3426 1320 3499 lucida,
1353 3449 1473 3504 qua:
1495 3417 1578 3494 est
1607 3441 1659 3494 in
1689 3446 1851 3502 corde
1884 3449 2079 3511 Leonis

523 3500 648 3566 sita,
692 3513 1031 3578 cognominis
1076 3518 1150 3572 illi
1199 3521 1339 3590 loco,
1379 3528 1434 3582 in
1469 3547 1575 3601 quo
1617 3539 1792 3606 posita
1841 3553 1943 3610 est,
1986 3564 2081 3603 cor

524 3591 719 3652 Leonis
771 3604 1096 3673 appellatur,
1149 3613 1217 3669 ab
1268 3591 1542 3690 aliquibus
1605 3591 1943 3702 liasiliscus,’

523 3685 740 3754 regulus
789 3694 1138 3768 nominatur;
1181 3719 1246 3760 eo
1290 3711 1433 3778 quod
1478 3714 1532 3768 lii
1596 3720 1687 3788 qui
1749 3724 1894 3781 circa
1935 3729 2078 3789 hunc

520 3775 700 3833 locum
738 3797 1060 3857 nascuntur,
1094 3797 1296 3869 regiam
1329 3803 1617 3864 videantur
1645 3812 1843 3876 habere
1874 3825 2074 3881 nativi-

518 3874 706 3926 tatem.

590 3961 653 4016 At
679 3966 832 4021 stella
858 3971 1156 4042 Splendida,
1178 3997 1300 4051 qua:
1327 3984 1379 4039 in
1405 3988 1625 4048 sinistra
1648 4011 1812 4055 manu
1837 4000 2073 4076 Virginis

514 4052 752 4123 ponitur,
799 4060 946 4128 spica
983 4077 1208 4124 vocatur
1254 4092 1266 4127 :
1311 4083 1365 4129 at
1403 4094 1466 4133 ea
1504 4088 1737 4157 stellula,
1771 4109 1891 4163 qua
1929 4052 2071 4168 :pud

515 4143 754 4168 Ᾱῌηω
788 4148 848 4168 ιτ.
922 4154 933 4166 .
984 4156 995 4168 .
1091 4161 1101 4168 .

512 4143 758 4200 dextram
788 4148 1027 4219 Virginis
1054 4161 1194 4216 alam
1225 4170 1466 4235 ponitur,
1501 4143 1864 4239 vindemiator
1891 4143 2073 4262 appel-

512 4233 654 4262 1ης..-
707 4249 935 4262 -..-.---,
1001 4255 1012 4262 .
1055 4250 1087 4262 .-

1226 4233 1241 4235 _
1454 4233 1461 4235 -
1668 4233 1851 4239 πί---ν-
1891 4233 1957 4260 “r
1998 4233 2070 4248 V"

512 4233 674 4302 latur,
703 4249 938 4308 quatuor
969 4250 1153 4315 stellaa,
1192 4270 1312 4325 quae
1339 4261 1392 4314 in
1423 4275 1665 4327 extrema
1694 4273 1880 4331 dextra
1909 4233 2070 4338 manu

511 4324 737 4398 Aquarii
764 4345 894 4390 sunt
927 4338 1064 4406 sitae,
1081 4348 1434 4407 nominantur
1455 4372 1612 4416 urna.

572 5049 816 5114 Borealia
853 5080 981 5123 vero
1027 5073 1180 5144 signa
1228 5091 1385 5148 sunt,
1431 5102 1550 5156 qua:
1586 5101 1739 5148 extra
1784 5099 2060 5158 zodiacum

499 5140 766 5205 circulum
806 5173 998 5216 versus
1027 5164 1195 5224 Ursus
1245 5173 1351 5228 sita
1407 5187 1573 5235 sunt.‘
1609 5183 1673 5238 Et
1722 5199 1851 5244 sunt
1903 5193 2059 5249 haec:

593 5311 638 5346 ¹⁶
663 5332 752 5384 πρ.
793 5327 1319 5397 κατεστηριγμένων,

569 5471 683 5575 (μ)
712 5478 919 5575 Βόρεια
944 5479 1011 5533 δέ
1046 5483 1239 5575 ἐστιν.
1287 5485 1639 5575 Αειειςὶδῐηοε,
1670 5492 1926 5575 stellasve
1970 5495 2067 5575 lio—

501 5541 698 5643 reales.
733 5541 814 5601 vel
855 5552 1146 5632 australes,
1174 5541 1458 5623 percenset
1481 5541 1693 5643 ratioinie
1720 5563 1927 5643 zodiaci
1953 5565 2066 5618 'cir-

503 5623 611 5643 ο...
670 5631 777 5643 ..η
817 5626 1212 5643 ..._-___-_._-..-

503 5611 642 5711 Culi,l
670 5631 778 5669 non
816 5611 1237 5711 aaquoinolctialis,
1270 5644 1333 5711 es
1368 5611 1482 5710 quo
1513 5631 1826 5711 confirmari
1862 5642 2061 5703 potest,

499 5683 644 5753 quod
685 5683 895 5742 contra'
919 5683 1253 5760 Scaligerum
1301 5683 1588 5756 docuimus
1621 5701 1783 5773 _libro
1821 5683 1903 5769 ιιῖ,
1940 5717 2064 5764 ante

2194 3276 2404 3346 ρεύεται
2433 3280 2712 3351 πρόπουςο
2746 3285 2794 3336 οί
2833 3285 2888 3336 δὲ
2921 3287 2976 3338 ὲν
3020 3286 3095 3357 τῷ
3138 3289 3392 3359 Καρκίνῳ
3429 3291 3761 3359 νεφελοειδει

2190 3374 2458 3443 συστροφῇ
2494 3374 2727 3438 ἐοικότες
2749 3415 2762 3441 ,
2796 3375 3082 3431 καλοῦνται
3117 3381 3286 3451 φάτνη
3315 3397 3328 3412 ⁸
3353 3383 3400 3433 oi
3433 3381 3491 3435 δὲ
3522 3382 3757 3453 πλησίον

2186 3459 2358 3530 αὐτῆς
2387 3462 2479 3516 δύο
2511 3464 2735 3538 ἀστέρες
2785 3467 3044 3538 κείμενοι,
3072 3470 3180 3523 ὄνοι
3229 3475 3751 3543 προσαγορεύονται.

2197 3551 2254 3604 '0
2286 3553 2341 3606 δὲ
2370 3555 2426 3607 ἐν
2456 3559 2520 3627 τῇ
2554 3557 2747 3630 καρδίᾳ
2771 3558 2864 3612 τοῦ
2891 3561 3114 3624 Λέοντος
3139 3563 3384 3633 κείμενος
3416 3565 3597 3637 ἀστὴρ
3625 3566 3760 3639 λαμ.

2185 3645 2339 3715 πρὸς,
2357 3648 2656 3720 ὁμωνύμως
2676 3649 2752 3721 τῷ
2782 3651 2947 3723 τόπῳ,
2973 3654 3056 3722 ἐφ’
3083 3647 3126 3722 ᾦ
3152 3656 3344 3717 κεῖται,
3368 3657 3563 3727 καρδία
3592 3661 3758 3713 Λέον-

2181 3753 2271 3800 τος
2301 3742 2777 3813 προσαγορεύεται,
2810 3745 2913 3797 ὑπὸ
2945 3744 3001 3797 δέ
3027 3762 3185 3799 τινων
3216 3747 3527 3817 βασιλίσκος
3567 3753 3755 3805 καλεῖ-

2180 3845 2267 3882 ται
2291 3845 2304 3859 ·
2341 3831 2420 3883 ὄτι
2459 3833 2704 3887 δοκοῦσιν
2733 3838 2779 3888 oi
2807 3837 2932 3908 περὶ
2957 3837 3046 3890 τὸν
3073 3839 3233 3892 τόπον
3264 3839 3447 3893 τοῦτον
3473 3845 3754 3916 γεννώμεο

2180 3936 2258 3972 νοι
2288 3919 2559 3989 βασιλικὸν
2603 3924 2742 3995 ἔχειν
2769 3923 2827 3978 τὸ
2857 3925 3144 3994 γενέθλιον.

2259 4013 2315 4066 Ὀ
2347 4014 2403 4068 δὲ
2437 4017 2494 4069 ὲν
2542 4016 2687 4089 ἄκρᾳ
2727 4021 2793 4090 τῇ
2847 4021 3107 4092 ἀριστερᾷ
3151 4021 3290 4092 χειρὶ
3333 4021 3432 4092 τῆς
3458 4019 3750 4095 Παρθένου

2178 4104 2425 4174 κείμενος
2450 4107 2698 4179 λαμπρὸς
2727 4111 2922 4183 ἀστὴρ,
2959 4113 3155 4182 στάχυς
3184 4115 3648 4184 προσαγορεύεται
3670 4136 3686 4150 ο
3718 4124 3751 4174 ό

2176 4196 2232 4248 δὲ
2267 4197 2415 4268 παρὰ
2453 4198 2550 4270 τὴν
2579 4199 2754 4264 δεξιὰν
2779 4202 2876 4272 τῆς
2911 4203 3186 4275 Παρθένου
3219 4205 3455 4278 πτέρυγα
3483 4209 3748 4278 κείμενος

2176 4288 2513 4359 ἀστερίσκος,
2537 4294 2918 4365 προτρυγητὴρ
2952 4295 3270 4364 ὀνομάζεται
3297 4315 3308 4327 ·
3339 4299 3384 4351 οἱ
3415 4298 3467 4350 δὲ
3496 4300 3556 4351 ὲν
3585 4302 3747 4376 ἄκρᾳ

2175 4380 2237 4448 τῇ
2269 4379 2415 4452 δεξιᾷ
2440 4383 2582 4452 χειρὶ
2597 4383 2836 4454 κείμενοι
2864 4385 2955 4438 τοῦ
2981 4386 3258 4458 Ὑδροχόου
3283 4391 3535 4461 τέσσαρες
3575 4394 3750 4448 ἀστέ-

2175 4486 2287 4540 ρες,
2323 4471 2549 4536 κάλπεις
2578 4475 2884 4530 καλοῦνται.

2099 4548 2143 4602 Ι)
2240 4560 2302 4612 Οί
2339 4561 2394 4613 δὲ
2440 4563 2546 4616 ἀπὸ
2581 4563 2690 4618 τῶν
2723 4565 2955 4637 οὐραίων
2995 4568 3174 4640 μερῶν
3211 4569 3319 4624 τῶν
3352 4571 3548 4642 ἰχθύων
3596 4576 3752 4630 κατὰ

2168 4927 2415 4998 κείμενος
2457 4930 2708 5002 λαμπρὸς
2757 4933 2952 5006 ἀστὴρ,
2985 4933 3276 5000 σύνδεσμος
3331 4943 3750 5014 προσαγορεύε-

2094 5075 2101 5082 ,
2167 5033 2275 5070 ται.

2240 5108 2436 5180 Βόρεια
2464 5112 2521 5165 δέ
2547 5113 2692 5165 ἐστιν
2719 5111 2851 5183 (ll),
2886 5114 2986 5169 ὅσα
3025 5115 3122 5169 τοῦ
3150 5117 3255 5170 τῶν
3285 5118 3484 5183 ζωδίων
3527 5122 3750 5178 κύκλου

2171 5201 2306 5272 πρὸς
2335 5202 2568 5274 ἄρκτους
2596 5207 2787 5260 κεῖται.
2827 5205 2985 5260 Ἐστι
3019 5208 3076 5262 δὲ
3103 5208 3257 5262 τάδε’
3288 5212 3320 5281 ἡ
3349 5212 3560 5286 μεγάλη
3598 5217 3746 5287 Ἀρ-

2178 5496 2742 5578 iitolemmitempora,
2775 5521 3120 5574 astronomos
3147 5520 3202 5574 in
3233 5521 3510 5576 stellarum
3536 5524 3721 5578 latitu-

2180 5569 2397 5660 dinibus
2428 5569 2787 5660 ‘desigiiand'is
2828 5600 2936 5660 non
2969 5569 3143 5660 solum
3188 5593 3577 5660 azquinoctialis
3621 5599 3739 5650 οἱμ

2181 5642 2322 5712 culi,
2352 5644 2443 5700 sed
2473 5642 2634 5704 etiam
2661 5652 2878 5709 zodiaci.
2908 5658 3168 5716 rationem
3193 5642 3433 5717 duxisse.
