4000 6206
255 301 342 361 769

1251 289 1484 382 GEMifjl
1523 289 1887 382 ELEHENTA
1916 288 2048 352 AS'I‘
2063 297 2299 354 RONOM
2309 296 2421 356 IE1

2758 128 2783 161 λ

3332 304 3437 362 770

253 440 376 485 κτος,
413 422 442 489 ἠ
484 417 674 488 μικρὰ,
703 413 928 487 Δράκων
964 412 994 464 6
1032 410 1122 466 διὰ
1148 409 1256 465 τῶν
1280 378 1515 481 ἄρκτων,
1561 410 1777 480 Ἀρκτο-

1883 410 2020 469 Ursa
2057 414 2246 485 major,
2295 413 2402 472 Urs
2476 429 2679 481 nninor,
2719 413 2892 472 Draco
2932 431 3031 487 per
3066 432 3223 473 ursas
3249 428 3434 476 exten-

254 514 426 591 φύλαξ,
472 511 769 579 Στέφανος,
831 505 1170 574 Ἐνγόνασιν,
1238 500 1538 570 Ὀφιούχος,
1595 501 1775 591 Ὄφις,

254 610 401 681 Δύρα,
432 605 634 675 Ὄρνις,
679 596 908 661 ’οΐστδς,
932 595 1146 659 ζΑετὸς,
1188 591 1400 661 Δελφὶς,
1429 591 1673 662 προτομὴ
1702 590 1782 645 ῖπ.

254 718 362 763 που,
400 694 511 751 καθ’
555 694 861 763 Ἵππαρχον
899 689 1084 752 ἵππος,
1125 684 1369 756 Κηφεὺς,
1424 683 1777 747 Κασσιόπεια,

252 787 570 863 Ἀνδρομέδα,
597 786 865 855 Περσεὺς,
881 782 1139 850 Ἡνίοχος,
1166 775 1452 839 Δελτωτὸν,
1471 775 1563 827 καὶ
1584 777 1612 828 6
1636 772 1783 828 ὓστε-

260 903 331 957 ρον
378 876 862 950 κατηστερισμένος
917 872 1023 927 ὑπὸ
1082 869 1430 940 Καλλιμάχου
1495 865 1782 936 Βερενίκης

260 976 520 1042 πλόκαμος.

311 1063 459 1118 Πάλιν
483 1060 536 1113 δὲ
569 1059 664 1112 καὶ
690 1059 747 1112 ὲν
775 1053 984 1117 τούτοις
1013 1054 1237 1124 ἀστέρες
1268 1051 1408 1113 τινὲς
1440 1048 1576 1111 ίδίας
1604 1045 1781 1116 ἔχουσι

259 1151 586 1227 προσηγορίας
629 1149 718 1203 διὰ
752 1148 850 1211 τὰς
880 1148 1182 1217 όλοσχερείς
1215 1143 1299 1197 ἐπ’
1339 1142 1527 1203 αὐτοῖς
1570 1136 1784 1207 γινομέ-

259 1264 339 1310 νας
365 1241 739 1315 ἐπισημασίας.
786 1242 843 1294 Ὁ
879 1240 975 1311 μὲν
1007 1238 1116 1307 γὰρ
1154 1236 1255 1291 ἀνά
1308 1233 1471 1305 μέσον
1518 1230 1623 1285 τῶν
1656 1246 1781 1282 σκε-

257 1336 347 1391 λῶν
380 1334 465 1388 τοῦ
515 1331 951 1405 ἐἱρκτοφύλακος
999 1329 1247 1400 κείμενος
1278 1323 1450 1423 ἀστὴρ
1476 1320 1772 1423 ,ἐπίσημοῇ

267 1426 556 1501 Ἀρκτοῦρος
581 1424 905 1495 ὀνομάζεται
927 1436 941 1450 ⁸
972 1423 1000 1475 6
1029 1420 1087 1473 δὲ
1130 1417 1278 1489 παρά
1320 1415 1417 1485 τὴν
1461 1413 1642 1483 Λύραν
1668 1413 1780 1501 κεί-

1879 523 1994 573 sus,
2041 510 2421 580 Arctophylax,
2463 510 2699 575 Corona,
2744 509 2799 564 in
2847 510 3099 579 genibus,
3139 509 3436 582 Serpentac

1878 599 2012 661 rius,
2075 598 2330 670 Serpens,
2405 599 2570 672 Lyra,
2623 600 2774 667 Avis,
2825 602 3053 672 Sagitta,
3105 602 3326 673 Aquila,
3380 605 3438 676 8

1878 687 2192 758 Delphinus,
2228 692 2512 761 praesectio
2556 692 2705 763 equi,
2746 692 2829 747 vel
2864 694 3162 749 secundum
3199 694 3438 766 Hippar-

1878 781 2063 844 chum,
2112 796 2308 851 equus,
2359 780 2630 852 Cepheus.
2679 782 3031 854 Cassiopeia,»
3068 784 3434 851 Andromeda,

1879 872 2132 937 Perseus,
2178 874 2386 944 auriga,
2434 872 2708 935 Deltoton,
2748 882 2803 930 et
2836 893 2957 946 quae
3000 888 3185 948 postea
3215 893 3245 933 a
3273 879 3410 936 Calli

1881 967 2073 1020 macho
2102 965 2243 1020 inter
2275 967 2462 1031 stellas
2490 973 2575 1022 est
2608 969 2779 1023 relata
2811 983 2966 1025 coma
2995 970 3306 1029 Berenices.

1952 1056 2162 1111 Rursus
2221 1066 2400 1113 autem
2452 1058 2613 1113 etiam
2666 1059 2721 1114 in
2772 1060 2858 1117 his
2908 1061 3217 1119 borealibus
3268 1066 3438 1136 signis

1880 1148 2044 1203 stellae
2080 1147 2321 1218 quaedam
2352 1150 2598 1220 proprias
2635 1150 2837 1207 habent
2868 1154 3277 1223 appellationes,
3311 1172 3436 1227 pro‘

1882 1248 2000 1307 pter
2036 1256 2129 1296 eas
2176 1255 2312 1310 quas
2356 1242 2575 1308 habent,
2636 1254 2933 1315 utcunque,
2991 1248 3433 1318 significationes.

1884 1329 2015 1383 Nam
2048 1331 2274 1402 insignis
2308 1333 2498 1397 stella,
2535 1349 2655 1404 qua:
2690 1335 2744 1389 in
2775 1336 2951 1390 medio
2984 1352 3205 1391 crurum
3244 1339 3410 1396 Arcto

1883 1423 2125 1494 phylacis
2165 1425 2267 1478 sita
2310 1433 2416 1491 est,
2463 1424 2729 1481 Arcturus
2750 1427 3094 1482 nominatur.
3140 1427 3437 1499 Splendida

259 1500 395 1593 μενος
411 1517 651 1589 λαμπρὸς
677 1515 872 1586 ἀστὴρ,
902 1510 1205 1584 ὁμωνύμως
1220 1509 1323 1579 ὅλῳ
1342 1506 1420 1577 τῷ
1442 1503 1619 1573 ζωδίῳ
1632 1500 1777 1593 Λύρα

1884 1514 2060 1580 stella,
2099 1528 2218 1583 quae
2245 1515 2399 1581 juxta
2429 1513 2625 1587 Lyram
2670 1517 2847 1587 posita
2883 1526 2988 1581 est,
3024 1518 3240 1573 nomine
3272 1521 3437 1575 totius

253 1589 707 1685 προσαγορεύεται·
739 1607 787 1660 ot
834 1605 891 1660 δὲ
937 1606 1015 1658 ὲν·
1043 1603 1187 1675 ἄκρᾳ
1227 1603 1294 1672 τῇ
1342 1597 1602 1670 ἀριστερᾷ
1629 1589 1777 1685 χειρὶ

1884 1601 1969 1656 sui
2018 1603 2289 1657 asterismi
2333 1603 2495 1658 etiam
2551 1604 2692 1677 Lyra
2740 1608 3044 1677 appellatur
3097 1627 3110 1663 :
3157 1624 3279 1679 quae
3310 1626 3438 1667 vero

251 1680 334 1756 τοῦ
376 1700 615 1771 Περσέως
661 1698 903 1768 κείμενοι
953 1692 1179 1766 ἀστέρες
1234 1689 1508 1764 Γοργόνων
1556 1680 1784 1739 καλοῦν-

1881 1692 1942 1747 in
1970 1701 2210 1747 extrema
2248 1707 2411 1749 manu
2443 1694 2666 1749 sinistra
2686 1694 2869 1752 Persei
2906 1698 3024 1753 sitae
3071 1706 3199 1754 sunt
3243 1700 3434 1765 stellae,

251 1811 329 1848 ται
346 1809 358 1822 ’
381 1794 422 1845 οἱ
536 1791 595 1844 ἐν
622 1765 770 1862 ἄκρα
799 1790 867 1861 τῇ
905 1786 1055 1858 δεξιᾷ
1093 1785 1234 1856 χειρὶ
1256 1782 1350 1837 τοῦ
1376 1780 1625 1853 Περσέως
1668 1774 1777 1831 κεί-

1886 1791 2150 1858 vocantur
2182 1785 2352 1843 stellae
2381 1783 2737 1855 Gorgonum;
2784 1804 2905 1857 quae
2945 1805 3076 1845 vero
3121 1791 3177 1844 in
3225 1807 3438 1848 summa
3494 1818 3511 1833 «-

252 1902 383 1956 μενοι
418 1883 726 1952 ἀστερίσκοι
759 1881 951 1934 πυκνοὶ
995 1878 1086 1932 καὶ
1118 1878 1319 1949 μικροὶ,
1350 1877 1427 1938 είς
1455 1873 1779 1943 τὴνἋρπην

250 1972 731 2046 καταστερίζονταιο
782 1975 811 2027 6
858 1973 915 2025 δὲ
968 1974 1026 2026 ἐν
1081 1970 1161 2042 τῷ
1209 1967 1469 2037 εὐωνύμῳ
1504 1964 1639 2036 ὤμῳ
1683 1962 1776 2015 τοῦ

258 2068 474 2137 Ἡνιόχου
498 2065 747 2136 κείμενος
768 2064 1012 2136 λαμπρὸς
1039 2062 1231 2133 ἀστὴρ,
1254 2059 1353 2124 Αἲξ
1383 2053 1776 2129 προσαγορεύει

243 2178 360 2215 ται·
389 2162 433 2212 oi
461 2159 516 2212 δὲ
542 2161 599 2211 ὲν
631 2158 777 2230 ἀκρᾳ
808 2155 901 2210 τοῦ
930 2154 1091 2209 αὐτοῦ
1120 2155 1263 2227 χειρὶ¹
1289 2152 1524 2223 κείμενοι
1564 2145 1779 2218 ἀστερί-

246 2268 352 2306 σκοι
375 2249 478 2313 δύο,
499 2250 718 2320 Ἕριφοι
744 2248 1050 2302 καλοῦνται.

302 2437 459 2491 Νότια
489 2435 545 2489 δέ
571 2435 741 2497 ἐστιν,
771 2431 870 2484 ὅσα
898 2427 993 2482 τοῦ
1023 2426 1130 2480 τῶν
1171 2423 1375 2490 ζωδίων
1415 2421 1613 2476 κύκλου
1646 2418 1779 2491 πρὸς

244 2527 567 2601 μεσημϐρίαν
605 2526 805 2603 κεῖται.
851 2521 1004 2574 Ἔστι
1053 2516 1110 2571 δὲ
1154 2516 1312 2570 τάδε’
1351 2509 1776 2603 Ὠρίων,ᾹΚύων,

240 2600 324 2673 ται
346 2600 621 2688 Προκύων,
651 2612 895 2682 Λαγωὸς,
933 2606 1129 2704 Ἀργὼ,
1156 2605 1388 2704 ἰςδροξη
1407 2601 1649 2674 Κρατὴρ,
1683 2600 1779 2704 K6:

245 2711 348 2783 ραξ,
374 2709 699 2778 Κένταυρος,
735 2701 951 2772 Θηρίον,
980 2698 1009 2751 6
1041 2696 1228 2767 κρατεῖ
1259 2696 1288 2746 6
1316 2691 1642 2761 Κένταυρος,
1688 2691 1778 2740 καὶ

240 2801 565 2874 ϐυρσολόχος,
592 2798 654 2851 δν
694 2794 884 2866 κρατεί
912 2794 940 2845 6
973 2790 1298 2860 Κένταυρος,
1328 2784 1450 2838 καθ’
1478 2785 1776 2874 Ἵππαρχον

240 2873 598 2967 θυμιατήριον,
638 2888 813 2950 νότιος
857 2884 1023 2956 ἰχθὺς,
1057 2880 1236 2943 κύτος,
1264 2877 1405 2949 ὕδωρ
1443 2876 1504 2929 τὸ
1537 2875 1642 2929 ἀπὸ
1684 2873 1776 2967 τοῦ

248 2964 539 3059 ’Υδροχόου,
572 2978 815 3050 ποταμὸς
843 2979 871 3030 6
901 2974 1008 3029 ἀπὸ
1038 2971 1131 3026 τοῦ
1160 2971 1429 3044 Ὠρίωνος,
1453 2968 1624 3030 νότιος
1656 2964 1776 3019 στέ-

237 3095 418 3149 ρανος,
441 3075 548 3129 ὑπὸ
572 3074 632 3126 δέ
662 3087 823 3125 τινων
860 3065 1193 3138 Οὐρανίσκος
1227 3059 1775 3136 προσαγορευόμενος,

237 3170 510 3241 κηρύκειον
539 3163 665 3217 καθ’
696 3162 1017 3231 Ἵππαρχον.

299 3262 460 3316 Πάλιν
503 3258 563 3311 δὲ
610 3258 669 3309 ἐν
719 3253 925 3315 τούτοις
968 3250 1109 3313 τινὲς
1151 3248 1375 3319 ἀστέρες
1419 3244 1554 3310 ἰδίας
1603 3243 1781 3316 ἔχουσι

239 3350 609 3425 προσηγορίας.
654 3348 713 3399 '0
748 3346 845 3418 μὲν
888 3343 997 3415 γὰρ
1038 3343 1097 3395 ὲν
1135 3339 1213 3410 τῷ
1252 3338 1486 3411 Πρόκυνι
1530 3335 1604 3390 ὢν
1645 3336 1783 3406 λαμ-

238 3445 354 3514 πρὸς
371 3443 571 3513 ἀστὴρ,
600 3435 863 3511 Προκύων
893 3433 1135 3487 καλεῖται
1159 3448 1172 3462 ·
1204 3431 1233 3482 6
1275 3429 1329 3483 δὲ
1359 3431 1415 3481 ὲν
1446 3427 1524 3497 τῷ
1559 3427 1781 3496 στόματι

236 3533 315 3589 τοῦ
341 3534 515 3597 Κυνὸς
543 3527 792 3601 λαμπρὸς
821 3526 1014 3598 ἀστὴρ,
1047 3524 1105 3587 ὃς
1129 3523 1273 3575 δοκεί
1289 3522 1386 3594 τὴν
1418 3519 1662 3573 ἐπίτασιν
1686 3517 1783 3589 τὴν

236 3626 328 3679 τῶν
377 3622 681 3694 καυμάτων
731 3621 925 3682 ποιεῖν,
980 3614 1281 3687 ὁμωνύμως
1328 3612 1434 3681 ὅλῳ
1477 3609 1556 3682 τῷ
1610 3609 1782 3680 ζωδίῳ

238 3717 377 3771 Κύων
410 3710 880 3788 προσαγορεύεται
901 3725 916 3741 ο
964 3710 994 3762 6
1040 3707 1096 3761 δὲ
1140 3709 1197 3760 ὲν
1244 3705 1396 3778 ἄκρῳ
1432 3702 1510 3774 τῷ
1542 3700 1782 3774 πηδαλίῳ

234 3811 320 3882 τῆς
354 3807 586 3883 ’Δργοῦς
618 3806 869 3878 κείμενος
898 3800 1143 3873 λαμπρὸς
1173 3797 1365 3869 ἀστὴρ,
1394 3794 1649 3859 Κάνωϐος
1671 3795 1783 3848 ὀνοο

240 3905 468 3973 μάξεται.
501 3896 674 3964 Οὗτος
711 3898 810 3970 μὲν
848 3898 905 3950 ὲν
949 3894 1112 3965 Ῥόδῳ
1138 3891 1504 3964 δυσθεώρητός
1547 3891 1712 3955 ἐστιν,
1748 3887 1780 3961 ἢ

235 3996 497 4060 παντελῶς
520 3995 613 4063 ἀφ’
637 3989 857 4062 ὑψηλῶν
878 3988 1054 4041 τόπων
1081 3988 1271 4058 ὁρᾶται
1287 4002 1303 4016 ·
1328 3987 1383 4037 ὲν
1416 3984 1782 4055 Ἀλεξανδρείᾳ

231 4085 283 4139 δι
318 4087 429 4139 ἐστι
481 4079 765 4144 παντελῶς
804 4077 1070 4149 ἐμφανής.
1120 4076 1311 4145 Σχεδὸν
1361 4073 1468 4145 γὰρ
1520 4074 1777 4145 τέταρτον

237 4175 379 4249 μέρος
409 4175 529 4248 (12)
574 4172 671 4226 τοῦ
701 4170 890 4237 ζωδίου
929 4167 1034 4223 ἀπὸ
1073 4165 1168 4221 τοῦ
1210 4164 1478 4237 ὁρίζοντος
1522 4182 1779 4238 μετεωρι-

235 4271 407 4338 σμένος
446 4267 728 4339 φαίνεται.

752 4483 1135 4540 ΚΕΦΑΛΑΙΟΝ
1181 4482 1218 4535 Γ
1220 4491 1252 4537 ’.

612 4601 750 4672 Περὶ
779 4598 998 4663 ἄξονος
1028 4594 1124 4651 καὶ
1152 4597 1353 4649 πόλων

293 4715 388 4770 Τοῦ
413 4716 475 4770 δὲ
505 4714 713 4783 κόσμου
743 4708 854 4780 (l5)
878 4706 1243 4780 σφαιροειδοῦς
1267 4707 1614 4779 ὑπάρχοντος,
1636 4707 1777 4773 ἄξων

232 4806 453 4861 καλεῖται
494 4808 528 4878 ἡ
556 4804 845 4875 διάμετρος
871 4799 964 4854 τοῦ
995 4798 1219 4869 κόσμου,
1247 4799 1373 4877 περὶ
1395 4800 1458 4869 ῆν
1489 4798 1773 4871 στρέφεται

229 4898 256 4949 6
273 4900 494 4970 κόσμος.
521 4897 604 4951 Τὰ
648 4895 708 4950 δὲ
745 4895 958 4966 πέρατα
986 4889 1078 4944 τοῦ
1126 4888 1309 4955 ἄξονος
1346 4890 1496 4945 πόλοι
1528 4890 1778 4960 λέγονται

230 4989 312 5042 τοῦ
336 4991 566 5065 κόσμου.
613 4989 734 5041 Τῶν
763 4987 821 5042 δὲ
849 4986 1026 5041 πόλων
1071 4988 1100 5040 6
1144 4987 1241 5059 μὲν
1283 4984 1498 5054 λέγεται
1549 4984 1775 5057 βόρειος,

232 5081 269 5132 6-
294 5081 347 5135 δὲ
388 5084 602 5145 νότιος·
640 5079 846 5151 βόρειος
885 5078 983 5150 μὲν
1025 5081 1054 5133 6
1099 5078 1185 5133 διὰ
1214 5078 1411 5142 παντὸς
1457 5079 1776 5149 φαινόμενος

234 5171 299 5237 ὡς
327 5175 456 5247 πρὸς
479 5175 585 5246 τὴν
612 5172 887 5245 ἡμετέραν
913 5172 1139 5237 οἴκησιν,
1174 5172 1341 5236 νότιος
1368 5171 1424 5226 δὲ
1455 5173 1485 5225 6
1525 5171 1613 5226 διὰ
1640 5189 1778 5226 παν-

295 5371 397 5448 (ﬁ?)
429 5373 664 5448 Σχεᾷὸν
684 5377 795 5444 τὰρ
819 5372 1316 5448 τέταρτονμέρος.
1347 5373 1457 5431 lmo
1478 5379 1776 5448 quadrante

235 5442 874 5515 solido,nt"llipparchus
923 5442 1079 5515 docet
1109 5442 1201 5500 lib.
1247 5462 1285 5510 ι,
1321 5462 1469 5501 num.
1496 5442 1605 5502 '26.
1634 5448 1769 5506 Nam

235 5509 456 5570 distabat
477 5531 508 5569 a
538 5509 664 5586 polo
683 5514 943 5586 gradibus
962 5514 1052 5586 ‘58,
1079 5514 1183 5576 ὅθ’,
1213 5516 1355 5585 quod
1377 5525 1432 5570 et
1463 5520 1770 5575 tabularum

235 5585 555 5655 nostrarum
587 5587 939 5655 epilogismus
992 5585 1321 5655 adanpussim
1373 5588 1607 5642 exhibet.
1650 5590 1776 5644 Ale-

236 5654 460 5729 xandria:
483 5652 644 5729 polus
672 5652 846 5710 elatus
873 5661 991 5710 erat
1013 5652 1163 5723 grad.
1193 5655 1419 5729 3l_fere.
1445 5658 1613 5729 Igitur
1643 5674 1772 5729 gra-

237 5719 382 5779 dibus
408 5723 459 5786 7,
484 5719 603 5785 30',
633 5726 737 5781 hoc
782 5730 869 5780 est
915 5719 1106 5784 exacto
1145 5726 1441 5785 ouadrante
1461 5719 1489 5785 ἶ
1515 5719 1771 5788 Canobus

1885 1887 2044 1926 manu
2088 1873 2274 1928 dextra
2312 1874 2500 1931 Persei
2539 1878 2766 1932 stellulae
2796 1880 3003 1936 crebra:
3029 1890 3083 1937 et
3114 1898 3291 1953 parvae
3319 1886 3435 1939 col-

1884 1963 2152 2030 locantur,
2184 1965 2266 2021 hze
2300 1966 2540 2022 elliciunt
2580 1971 3053 2028 constellationem
3084 1975 3236 2031 falcis
3265 1994 3437 2048 ;'qu:e

1883 2052 1939 2107 in
2013 2054 2237 2109 sinistro
2304 2056 2532 2112 humero
2601 2060 2802 2131 aurigae
2872 2064 3095 2132 ponitur
3155 2066 3437 2135 splendida

1876 2144 2058 2209 stella,
2105 2144 2219 2200 haec
2269 2148 2572 2217 appellatur
2619 2150 2796 2221 Capra
2840 2169 2853 2205 :
2910 2166 2966 2208 at
3013 2156 3133 2212 duae
3185 2160 3434 2227 stellulm,

1881 2253 2002 2307 quae
2049 2238 2166 2293 sita:
2209 2248 2337 2295 sunt
2378 2241 2432 2297 in
2485 2243 2729 2315 ejusdem
2779 2261 2993 2303 summa
3040 2266 3230 2319 manu,
3280 2253 3431 2311 Haedi

1882 2338 2164 2385 vocantur.

1950 2421 2224 2479 Australia
2274 2425 2429 2496 signa
2479 2438 2641 2490 sunt.
2694 2446 2815 2500 quae
2866 2445 2896 2487 a
2949 2433 3173 2495 zodiaca
3229 2440 3441 2499 circulo

1881 2529 2071 2571 versus
2132 2518 2409 2574 meridiem
2464 2520 2760 2578 declinant.
2821 2524 2959 2583 Sunt
3016 2538 3196 2586 autem
3250 2534 3364 2591 haec
3420 2556 3436 2593 :

1882 2605 2068 2671 Orion,
2099 2606 2264 2664 Canis
2292 2610 2484 2679 major,
2516 2611 2783 2684 Procyon,
2802 2615 3000 2686 Lepus,
3033 2621 3201 2693 Argo,
3232 2625 3436 2699 Hydra,

1881 2692 2090 2761 Crater,
2146 2698 2383 2767 Corvus,
2444 2702 2774 2768 Centaurus.
2837 2707 2995 2776 Fera,
3061 2692 3216 2771 hasta
3272 2692 3436 2790 quam

1885 2792 2030 2840 tenet
2067 2785 2395 2854 Centaurus,
2440 2793 2737 2847 secundum
2770 2792 3164 2869 Hipparchum,
3206 2785 3321 2868 ara,
3362 2806 3440 2876 pir

1882 2876 1994 2932 scis
2046 2880 2325 2948 australis,
2376 2890 2550 2948 cetus,
2606 2898 2746 2954 aqua
2794 2888 2861 2941 ah
2898 2889 3137 2960 Aquario
3185 2895 3436 2959 veniens,

1882 2968 2079 3027 ﬂuvius
2106 2973 2175 3027 ab
2200 2973 2400 3031 Orione
2430 2978 2678 3042 veniens,
2721 2991 2925 3035 corona
2949 2985 3224 3051 australis,
3254 3004 3373 3058 quae
3403 3006 3436 3045 a

1883 3061 2157 3117 nonnullis
2192 3060 2509 3132 Uraniscus,
2551 3066 2603 3122 id
2650 3079 2754 3137 est,
2794 3088 3021 3144 parvum
3056 3076 3255 3131 coelum
3282 3094 3439 3135 voca-

1882 3155 1989 3213 tur,
2021 3153 2318 3237 secundum
2347 3150 2712 3225 Hipparchum
2740 3177 2871 3219 vero
2900 3166 3189 3237 caduceus.

1866 3266 1877 3279 λ
1950 3240 2163 3299 Rursus
2190 3230 2364 3300 ’etiam
2393 3247 2449 3301 in
2476 3247 2563 3305 his
2594 3254 2924 3310 australibus
2963 3236 3154 3328 signis,
3189 3259 3435 3328 qumdam

1882 3334 2051 3389 stella:
2084 3338 2336 3407 proprias
2386 3338 2588 3398 habent
2634 3347 3042 3416 appellationes.
3096 3347 3227 3404 Nam
3278 3353 3435 3410 stella

1881 3425 2186 3495 splendida,
2222 3444 2340 3499 quae
2378 3440 2462 3487 est
2507 3434 2565 3488 in
2610 3434 2759 3493 Cane
2803 3440 3033 3505 minore,
3076 3439 3345 3515 Procyon,
3379 3444 3432 3501 id

1880 3526 1964 3573 est
2006 3520 2317 3591 praecedens
2359 3525 2537 3591 canis,
2568 3538 2798 3585 vocatur
2840 3549 2853 3585 :
2890 3532 3044 3587 stella
3086 3549 3218 3590 vero
3254 3537 3437 3607 splen-

1880 3607 2031 3674 dida,
2059 3626 2178 3681 quae
2196 3621 2281 3670 est
2305 3615 2360 3670 in
2388 3633 2486 3674 ore
2503 3618 2670 3677 Canis
2697 3623 2943 3695 majoris,
2973 3642 3202 3698 quaeque
3222 3629 3436 3687 videtur

1879 3698 2275 3761 incrementum
2304 3716 2537 3766 aestuum
2573 3712 2804 3781 elIicere,
2833 3715 3023 3773 eodem
3053 3721 3275 3778 nomine
3307 3739 3432 3779 cum

1879 3798 1996 3847 toto
2039 3795 2195 3867 signo
2228 3798 2394 3857 Canis
2442 3804 2782 3874 appellatur;
2838 3808 2932 3863 sed
2982 3810 3211 3883 insignis
3256 3815 3429 3882 stella,

1880 3897 2001 3953 qua:
2042 3887 2257 3944 sita‘est
2290 3890 2347 3946 in
2392 3909 2603 3949 summo
2635 3897 3003 3965 gubernaculo
3041 3902 3197 3958 navis
3234 3904 3430 3975 Argus,

1879 3974 2133 4035 Canobus
2157 3980 2378 4038 dicitur.
2404 3986 2579 4057 Atque
2603 3988 2716 4045 haec
2744 3991 2949 4047 Canobi
2983 3995 3137 4051 stella
3167 3995 3221 4051 in
3242 3995 3432 4053 Rhodo

1881 4068 2166 4128 difﬁculter
2191 4074 2360 4131 videri
2394 4087 2592 4148 potest,
2624 4090 2721 4137 aut
2752 4084 2808 4139 in
2836 4085 2974 4141 locis
3011 4088 3171 4157 plane
3197 4091 3431 4147 excelsis

1879 4173 2100 4234 apparet
2125 4180 2147 4232 ;
2180 4174 2231 4222 at
2261 4169 2601 4228 Alexandriae
2630 4190 2860 4246 prorsus
2890 4179 3003 4235 haec
3034 4181 3203 4238 videri
3233 4192 3428 4253 potest.

1876 4253 2010 4309 Nam
2037 4254 2150 4333 fere
2182 4270 2372 4330 quarta
2406 4264 2569 4334 parte
2590 4267 2732 4339 signi
2754 4268 3027 4341 ‘Canobus
3055 4274 3124 4330 ab
3153 4275 3432 4335 horizonte

1877 4343 2118 4404 elevatus
2150 4362 2393 4421 apparet.

2479 4489 2705 4549 CAPUT
2740 4495 2824 4555 HI.

2413 4625 2487 4680 De
2524 4644 2622 4684 axe
2652 4641 2704 4685 et
2736 4632 2907 4702 polis.‘

1946 4730 2081 4786 Cum
2136 4736 2372 4807 mundus
2416 4740 2732 4807 sphzericam
2772 4745 2967 4802 habeat
3015 4747 3262 4822 ﬁguram,
3312 4751 3430 4813 axis

1875 4830 2101 4878 vocatur
2146 4826 2266 4897 ejus
2310 4828 2591 4898 diameter,
2639 4835 2783 4891 circa
2830 4853 2993 4908 quam
3025 4844 3262 4901 mundus
3296 4862 3431 4903 con-

1875 4915 2123 4973 vertitur.
2196 4916 2577 4980 Extremitates
2637 4942 2766 4982 vero
2837 4932 2955 4986 axis
3007 4933 3264 4992 dicuntur
3316 4940 3428 5010 poli

1876 5008 2063 5065 mundi
2096 5026 2111 5064 :
2155 5012 2403 5082 polorum
2447 5026 2627 5071 autem
2669 5019 2808 5076 alter
2844 5032 3069 5082 vocatur
3106 5008 3333 5096 boreus,
3372 5031 3428 5088 id

1875 5108 1959 5155 est
1990 5103 2258 5171 arcticus;
2300 5106 2437 5161 alter
2462 5110 2662 5174 notius,
2694 5111 2748 5165 id
2791 5121 2875 5168 est
2932 5119 3283 5176 antarcticus.
3322 5119 3427 5176 Bo-

1875 5207 2002 5249 reus
2030 5194 2244 5265 quidem
2271 5212 2486 5270 semper
2511 5210 2750 5273 apparot,
2782 5206 2960 5276 quoad
2989 5218 3229 5266 nostram
3260 5213 3423 5268 habi-

1874 5397 2165 5467 superaba‘t
2197 5398 2553 5459 horizontem.

1944 5468 2057 5536 (l5)
2094 5467 2557 5545 Toﬁﬁéxdo’yov.
2580 5472 2802 5532 Proclns
2826 5476 3088 5545 sphaeram
3121 5493 3273 5533 suam
3300 5481 3416 5535 edi-

1872 5536 2114 5621 ditLqum
2164 5538 2297 5621 nihil
2352 5536 2496 5621 aliud
2537 5552 2820 5621 estuquam
2858 5536 2966 5621 hoc
2995 5548 3207 5621 Gemini
3259 5560 3423 5621 caput

1872 5610 2503 5693 tertitt‘unxetq'nartum,
2543 5610 2745 5686 quibus
2763 5616 3006 5687 ejusdem
3042 5618 3105 5672 l2
3129 5628 3181 5675 et
3207 5610 3424 5693 post're—

1873 5692 1962 5733 mo
1996 5677 2029 5731 2
2060 5678 2322 5736 adtex’uit.
