4000 6206
589 314 684 371 77!

1593 307 1683 363 AD
1715 305 1985 364 EUSEBII
2032 305 2421 366 CHRONICON
2458 309 2817 368 APPENDIX.

3678 320 3792 380 τη

587 434 884 499 talionem;
935 431 1190 486 australis
1239 446 1367 486 vero
1416 443 1634 498 semper
1686 438 1770 484 est
1823 428 2110 484 invisibilis

2235 430 2326 493 τὸς
2369 431 2595 502 ἀόρατος
2637 433 2711 497 ὡς
2755 433 2892 504 πρὸς
2941 433 3032 487 τὸν
3078 434 3338 506 ἡμέτερον
3381 436 3792 509 ὀρίζοντα.Εἷσὶ

583 521 729 594 quad
772 532 1011 576 nostrum
1070 522 1424 576 horizontem.
1486 519 1870 575 Verumtamen
1915 529 2041 575 sunt
2081 522 2135 575 in

583 625 726 672 terra
763 616 878 668 loca
907 613 1173 684 quadam,
1206 615 1294 668 ubi
1330 613 1596 684 contingit
1625 614 1830 682 polum,
1861 613 1952 682 qui
1994 613 2134 683 apud

2244 520 2422 590 μέντοι
2445 523 2595 576 τόποι
2627 523 2771 587 τινὲς
2799 525 2889 578 ἐπὶ
2928 525 3027 594 τῆς
3057 526 3177 594 γῆς,
3213 527 3345 580 ὅπου
3387 527 3673 599 συμϐαίνει
3702 532 3791 586 τὸν

2243 614 2338 683 μὲν
2369 615 2494 685 παρ’
2526 617 2654 686 ἡμῖν
2690 617 2848 669 πόλον
2872 616 2960 669 τὸν
2986 617 3072 669 ἀεὶ
3106 618 3331 690 φανερὸν
3365 620 3595 684 ἐκείνοις
3634 622 3792 692 ἀόρα-

581 721 684 762 nos
708 720 920 776 semper
946 713 1029 760 est
1060 720 1345 786 apparens,
1379 705 1486 758 illis
1512 719 1634 758 esse
1674 702 2002 757 invisibilem
2028 720 2042 768 ;
2082 713 2118 756 ei

2237 720 2327 756 τον
2352 698 2508 767 εἶναι,
2537 705 2626 758 τὸν
2651 706 2707 758 δὲ
2745 707 2872 778 παρ’
2900 707 3031 776 ἡμῖν
3064 706 3291 777 ἀόρατον
3316 707 3546 770 ἐκείνοις
3571 708 3794 778 φανερὸν

582 806 773 854 contra
813 813 935 854 eum
984 799 1185 868 polum,
1231 797 1324 868 qui
1371 799 1511 868 apud
1561 813 1662 852 nos
1707 805 1790 851 est
1823 796 2131 860 invisibilis,

581 893 694 948 illis
738 892 1088 962 conspicuum
1125 905 1286 956 esse;
1327 899 1380 944 et
1424 905 1617 945 rursus
1668 896 1751 944 est
1813 889 1962 942 locus
2013 888 2133 957 qui-

581 983 705 1040 dam
735 985 790 1039 in
817 994 978 1050 terra,
1010 982 1101 1038 ubi
1124 982 1231 1037 duo
1256 982 1311 1036 hi
1342 981 1451 1053 poli
1484 981 1734 1036 similiter
1766 981 1822 1034 in
1852 979 2132 1034 horizonte

575 1075 778 1148 jaceat.

1169 1185 1395 1243 CAPUT
1441 1185 1532 1241 IV.

1050 1301 1126 1356 De
1162 1301 1370 1356 circulis
1409 1301 1646 1369 asp/uerte.

646 1435 985 1492 Circulorum
1023 1433 1246 1502 sphaerae
1284 1432 1373 1485 alii
1412 1441 1538 1487 sunt
1579 1430 1840 1501 paralleli,
1873 1429 1961 1483 alii
1993 1428 2128 1483 obli-

575 1532 689 1602 qui,
738 1529 830 1584 alii
868 1545 964 1599 per
998 1529 1150 1598 polos
1191 1527 1338 1581 ducti
1377 1545 1389 1581 :
1425 1525 1665 1597 paralleli
1693 1534 1840 1586 sunt,
1872 1524 1964 1593 qui
2006 1537 2129 1578 eos-

575 1623 697 1679 dem
719 1623 919 1676 habcnt
949 1621 1101 1692 polos
1120 1635 1243 1674 cum
1274 1618 1497 1674 mundo.
1522 1619 1661 1672 Sunt
1691 1627 1866 1671 autem
1889 1615 2127 1686 quinque

575 1716 814 1790 parallcli
863 1714 1072 1777 circuli,
1109 1711 1366 1773 arcticus,
1397 1712 1617 1766 aestivus
1650 1709 1913 1780 tropicus,
1949 1708 2126 1779 aequi-

573 1807 848 1870 noctialis,
874 1807 1131 1861 hibernus
1150 1804 1395 1874 tropicus
1423 1811 1476 1857 et
1506 1803 1862 1857 antarcticus.

645 1987 890 2042 Arcticus
931 1984 1170 2039 circulus
1213 1983 1377 2054 igitur
1419 1989 1524 2047 est,
1571 1980 1662 2051 qui
1709 1980 1849 2034 inter
1890 1978 2125 2034 circulos

573 2094 788 2148 semper
836 2083 1160 2147 apparentes
1204 2085 1286 2130 est
1334 2073 1627 2133 maximus,
1682 2079 1736 2125 et
1790 2071 2126 2124 horizontem

573 2171 787 2239 attingit
825 2170 878 2223 in
922 2183 1028 2222 uno
1067 2175 1288 2239 puncto,
1317 2173 1571 2234 totusque
1601 2178 1763 2232 supra
1806 2169 2006 2216 terram
2034 2162 2128 2217 de-

573 2262 824 2323 sunitur,
853 2261 1037 2329 inquo
1065 2266 1212 2312 astra
1237 2259 1409 2329 posita
1444 2271 1618 2325 neque
1648 2254 1922 2317 occidunt,
1955 2269 2128 2323 neque

571 2354 844 2413 oriuntur,
883 2349 975 2405 sed
1005 2364 1097 2418 per
1119 2355 1285 2402 totam
1315 2353 1526 2402 noctem
1545 2345 1689 2400 circa
1715 2345 1895 2414 polum
1926 2342 2128 2396 moveri

572 2450 890 2500 cernuntur.
928 2439 1025 2496 Hic
1060 2441 1300 2495 circulus
1346 2440 1402 2493 in
1447 2446 1635 2493 nostro
1680 2439 1811 2493 orbe
1846 2437 2127 2493 habitabili

571 2539 642 2594 ab
668 2535 940 2591 anteriore
971 2533 1103 2604 pede
1137 2548 1278 2588 ursa:
1307 2531 1532 2602 majoris
1568 2529 1914 2585 describitur.

639 2794 964 2869 9Estivus
1007 2793 1250 2864 tropicus
1279 2792 1530 2864 {circulus
1562 2798 1668 2853 est,
1711 2788 1803 2858 qui
1849 2787 1991 2841 inter
2031 2797 2125 2839 eos

568 2887 825 2949 circulos,
856 2886 999 2955 quia
1021 2885 1134 2939 sole
1163 2883 1460 2938 secundum
1494 2879 1679 2934 mundi
1713 2875 2125 2933 conversionem

569 2975 972 3038 describuntur,
1002 2981 1087 3027 est
1132 2974 1366 3026 maxime
1399 2970 1669 3035 borealis;
1699 2983 1862 3037 super
1895 2978 2003 3035 quo
2044 2961 2125 3018 sol

569 3067 899 3125 constitutus
944 3065 1104 3120 eilicit
1151 3065 1392 3120 aestivam
1440 3061 1875 3121 conversionem,
1921 3057 1979 3110 in
2017 3068 2123 3125 qua

2239 790 2372 847 εἶναι
2392 812 2405 825 ·
2436 797 2526 848 καὶ
2555 796 2716 850 πάλιν
2751 797 2863 850 ἔστι
2889 815 2971 861 τις
2995 799 3156 862 τόπος
3184 799 3275 852 ἐπὶ
3306 800 3404 869 τῆς
3435 799 3555 870 γῆς,
3586 800 3719 854 ὅπου
3740 799 3793 852 οἱ

2232 885 2329 938 δύο
2351 886 2500 940 πόλοι
2528 888 2726 959 ὁμοίως
2747 889 2838 941 ἐπὶ
2877 889 2967 943 τοῦ
2992 890 3261 959 ὁρίζοντος
3291 892 3512 946 κεῖνται.

2753 1169 3142 1226 ΚΕΦΑΛΑῘΟΝ
3167 1173 3262 1245 {an

2474 1284 2612 1353 Περὶ
2658 1281 2774 1337 τῶν
2807 1285 2877 1338 ὲν
2907 1285 2980 1353 τῇ
3023 1287 3246 1357 σφαίρᾳ
3288 1287 3545 1340 κύκλων.

2302 1420 2419 1474 Τῶν
2451 1419 2508 1473 δὲ
2535 1421 2593 1473 ὲν
2622 1423 2686 1492 τῇ
2733 1419 2935 1492 σφαίρᾳ
2963 1421 3175 1477 κύκλων
3215 1423 3262 1477 οἱ
3297 1423 3395 1494 μέν
3440 1424 3544 1476 εἰσι
3583 1424 3791 1488 παράλ-

2231 1511 2400 1585 ληλοι,
2429 1515 2477 1566 οἱ
2522 1513 2579 1567 δὲ
2623 1513 2783 1579 λοξοὶ,
2815 1514 2864 1564 οἱ
2905 1514 2961 1566 δὲ
2998 1512 3086 1566 διὰ
3110 1513 3216 1568 τῶν
3261 1517 3473 1568 πόλωνο
3512 1516 3788 1588 παράλλη-

2230 1607 2309 1658 λοι
2353 1606 2448 1676 μὲν
2489 1607 2537 1658 οἱ
2580 1607 2705 1668 τοὺς
2748 1606 2942 1669 αὐτοὺς
2974 1605 3167 1670 πόλους
3207 1606 3415 1676 ἔχοντες
3458 1607 3536 1678 τῷ
3578 1608 3783 1679 κόσμῳ.

2231 1694 2350 1748 Εἰσὶ
2390 1694 2446 1746 δὲ
2496 1693 2822 1765 παράλληλοι
2866 1693 3053 1748 κύκλοι
3098 1695 3276 1759 πέντε,
3315 1697 3592 1768 ἀρκτικὸς,
3644 1698 3788 1768 θερι-

2157 1794 2201 1850 B
2227 1787 2316 1850 νὸς
2345 1787 2616 1858 τροπικδς,
2652 1788 2977 1859 ἰσημερινός,
3003 1789 3303 1860 χειμερινὸς
3341 1792 3621 1860 τροπικός,
3654 1793 3786 1844 ἀντι

2227 1879 2505 1950 αρκτικός.

2313 1970 2592 2042 Ἀρκτικὺς
2638 1970 2734 2042 μὲν
2777 1967 2868 2024 οὖν
2910 1970 3022 2041 (Η)
3069 1975 3182 2025 ἐστι
3228 1971 3420 2036 κύκλος
3450 1973 3480 2024 6
3535 1974 3789 2045 μέγιστος

2226 2062 2333 2117 τῶν
2371 2065 2458 2116 ἀεὶ
2502 2063 2885 2135 θεωρουμένων
2926 2064 3156 2129 κύκλων,
3206 2068 3234 2118 6
3275 2067 3648 2140 ἐφαπτόμενος
3695 2069 3790 2121 τοῦ
3882 2067 3885 2069 “

2225 2155 2492 2226 ὁρίζοντος
2521 2157 2642 2210 καθ’
2673 2157 2731 2210 ἓν
2769 2161 3013 2228 σημεῖον,
3047 2159 3138 2211 καὶ
3175 2159 3293 2222 ὅλος
3339 2160 3474 2230 ὑπὲρ
3515 2160 3618 2229 γῆν
3650 2160 3791 2212 ἁπο-

2226 2246 2629 2318 λαμὸανόμενος
2653 2266 2682 2318 ο,
2719 2251 2775 2302 ἐν
2813 2243 2858 2319 ᾧ
2897 2250 2965 2303 τὰ
3003 2251 3227 2322 κείμενα
3265 2251 3370 2304 τῶν
3399 2252 3615 2322 ἄστρων
3660 2250 3790 2303 οὔτε

2224 2336 2370 2391 δύσιν
2424 2337 2546 2391 οὔτε
2596 2339 2855 2411 ἀνατολὴν
2906 2343 3173 2395 ποιεῖται·
3221 2341 3354 2395 ἀλλὰ
3403 2341 3467 2394 δι’
3513 2342 3642 2412 ὅλης
3685 2341 3791 2410 τῆς

2225 2430 2416 2494 νυκτὸς
2456 2433 2592 2508 περὶ.
2625 2434 2716 2486 τὸν
2748 2434 2906 2490 πόλον
2951 2436 3287 2506 στρεφόμενα
3333 2436 3632 2508 θεωρεῖται.
3679 2433 3788 2490 Οὗ-

2225 2541 2314 2588 τος
2350 2525 2406 2579 δὲ
2445 2526 2474 2578 6
2520 2496 2716 2588 κύκλος
2767 2527 2878 2598 (15)
2924 2529 2983 2580 ὲν
3018 2496 3103 2599 τῇ.
3143 2496 3262 2582 καθ’
3303 2496 3451 2600 ἡμᾶς
3495 2530 3788 2601 οἰκουμένῃ

2226 2615 2330 2668 ὑπὸ
2352 2614 2444 2668 τοῦ
2470 2615 2798 2687 ἐμπροσθίου
2825 2617 2984 2681 ποδὸς
3009 2619 3108 2690 τῆς
3133 2607 3597 2692 μεγάληςᾶρκτου
3632 2637 3793 2688 περι-

2226 2706 2512 2778 γράφεται.

2295 2797 2510 2868 Θερινὸς
2537 2799 2592 2851 δὲ
2618 2799 2870 2872 τροπικός
2893 2799 3087 2862 κύκλος
3108 2801 3254 2853 ἐστὶν
3269 2802 3296 2854 6
3323 2799 3656 2873 βορειότατος
3674 2800 3789 2856 τῶν

2227 2889 2330 2942 ύπὸ
2364 2890 2456 2944 τοῦ
2487 2891 2634 2961 ἡλίου
2663 2891 3016 2962 γραφομένων
3038 2892 3248 2946 κύκλων
3280 2894 3419 2947 κατὰ
3443 2894 3538 2964 τὴν
3565 2892 3660 2946 τοῦ
3688 2894 3784 2946 κό-

2227 2998 2362 3052 σμου
2414 2984 2702 3053 γινομένην
2762 2985 3145 3057 περιστροφὴν,
3191 2986 3275 3054 ἐφ’
3321 2979 3380 3039 οὗ
3425 2987 3713 3056 γενόμενος
3743 2987 3775 3040 6

2223 3073 2372 3142 ⁴ἣλιος
2394 3074 2488 3145 τὴν
2521 3073 2735 3146 θερινὴν
2767 3078 2971 3149 τροπὴν
2998 3080 3246 3130 ποιεῖται·
3278 3079 3334 3130 ὲν
3433 3077 3660 3147 μεγίστη
3687 3077 3786 3146 μὲν

570 3159 888 3230 longissima
921 3157 978 3211 fit
1003 3157 1121 3212 dies
1147 3158 1412 3218 omnium,
1446 3170 1564 3224 qua:
1597 3161 1724 3207 sunt
1751 3152 1804 3205 in
1827 3165 1992 3214 anno,
2017 3161 2118 3202 nox

2226 3135 2410 3218 πασῶν
2442 3135 2548 3219 τῶν
2581 3135 2638 3221 εν
2664 3135 2741 3239 τῷ
2767 3135 2992 3240 ἐνιαυτῷ
3029 3170 3227 3241 ἡμέρα,
3255 3135 3593 3241 ﬂuvium-66
3687 3135 3788 3229 νὺξ

568 3267 700 3307 vero
738 3250 1078 3306 brevissima.
1116 3248 1222 3306 Sed
1255 3257 1377 3319 post
1413 3248 1660 3304 aestivam
1707 3245 2120 3301 conversionem

570 3363 681 3402 non
706 3346 938 3416 amplius
965 3343 1032 3397 ad
1071 3358 1229 3399 ursas
1270 3344 1352 3398 sol
1395 3339 1676 3412 accedere:
1694 3346 1994 3410 spectatur,
2026 3335 2121 3392 sed

569 3441 636 3494 ad
686 3440 882 3492 alteras
924 3437 1107 3490 mundi
1153 3445 1334 3504 partes
1377 3433 1641 3499 vertitur,
1685 3448 1850 3501 quam
1897 3431 1968 3485 ob
2007 3445 2122 3486 rem

571 3533 811 3588 circulus
838 3539 1064 3586 vocatur
1091 3529 1356 3599 tropicus,
1383 3527 1436 3580 id
1459 3533 1542 3581 est
1571 3524 1951 3580 convcrsivus.

640 3623 1060 3694 Equinoctialis
1089 3632 1172 3676 cst
1213 3620 1453 3676 circulus
1489 3617 1762 3672 maximus
1793 3616 1936 3670 inter
1961 3615 2124 3684 quin-

569 3732 675 3788 que
707 3716 1012 3788 parallelos,
1037 3715 1128 3784 qui
1157 3713 1224 3767 ab
1247 3713 1528 3767 horizonte
1560 3708 1841 3778 aequaliter
1871 3717 2118 3772 secatur;

570 3820 630 3863 ut
661 3809 726 3862 de
755 3823 819 3861 eo
838 3806 1212 3862 semicirculus
1249 3819 1413 3874 supra
1447 3810 1651 3858 terram
1681 3806 1953 3862 sumatur,
1985 3789 2120 3851 alter

567 3915 698 3958 vero
747 3899 1120 3955 semicirculus
1177 3898 1279 3952 sub
1318 3897 1631 3958 horizonte,
1677 3907 1840 3962 super
1883 3893 1990 3961 quo
2040 3890 2123 3945 sol

566 3994 895 4049 constitutus
928 3992 1276 4064 aequinoctia,
1296 3989 1476 4055 edicit,
1524 4004 1648 4044 cum
1697 3999 1945 4051 vernum,
1971 3990 2119 4063 )tum

567 4089 900 4142 autumnale.

629 4178 907 4233 llébernus
968 4176 1209 4245 tropicus
1244 4175 1508 4248 :circulus
1566 4181 1652 4230 est
1717 4169 1964 4243 is,'qui
2036 4178 2119 4226 est

2221 3250 2446 3324 γίνεται.
2482 3259 2636 3312 Μετὰ
2672 3259 2938 3331 ’μέντοιγε
2981 3261 3077 3333 τὴν
3111 3261 3321 3333 θερινὴν
3361 3261 3569 3332 τροπὴν
3603 3263 3787 3318 οὐκέτι

2223 3349 2357 3420 πρὸς
2411 3349 2508 3412 τὰς
2557 3351 2785 3422 ἄρκτους
2843 3353 3152 3424 παροδεύων
3199 3355 3227 3406 6
3275 3352 3422 3422 ἥλιος
3473 3353 3783 3425 θεωρεῖται,

2222 3440 2335 3493 ἀλλ’
2368 3443 2460 3495 ἐπὶ
2509 3443 2577 3497 τὰ
2602 3445 2761 3516 ἕτερα
2804 3445 2940 3516 μέρη
2974 3445 3230 3517 τρέπεται
3255 3444 3348 3498 τοῦ
3380 3446 3623 3516 κόσμου⁹
3658 3446 3728 3500 δι’
3753 3445 3783 3499 ὗ

2221 3535 2314 3586 καὶ
2342 3535 2599 3606 κέκληται
2632 3537 2905 3608 τροπικός.

2304 3627 2630 3700 ’ἰσημερινὸς
2662 3629 2717 3680 δέ
2756 3631 2869 3683 ἐστι
2917 3629 3112 3694 κύκλος
3145 3631 3173 3684 6
3207 3616 3459 3701 μέγιστος
3483 3630 3588 3682 τῶν
3620 3630 3777 3684 πέντι

2223 3720 2576 3791 παραλλήλων
2604 3720 2834 3780 κύκλων,
2867 3721 2894 3772 6
2925 3721 3372 3792 διχοτομούμενος
3400 3721 3500 3774 ὑπὸ
3527 3720 3624 3773 τοῦ
3660 3723 3780 3791 6p:-

2224 3810 2434 3876 ζοντος·
2466 3811 2604 3865 ὥστε
2631 3813 2948 3884 ἡμικύκλιον
2991 3815 3086 3885 μὲν
3136 3814 3276 3885 ὑπὲρ
3310 3815 3412 3884 γῆν
3451 3814 3773 3884 ἀπολαμϐάο

2221 3903 2423 3967 νεσθαι,
2452 3904 2770 3976 ἡμικύκλιον
2794 3906 2850 3958 δὲ
2881 3904 2982 3958 ὑπὸ
3013 3905 3102 3959 τὸν
3125 3906 3387 3979 ὁρίζοντα·
3425 3905 3506 3975 ὲφ“
3529 3899 3589 3958 οὗ
3623 3907 3774 3973 γενό-

2225 4008 2382 4061 μενος
2401 3993 2436 4049 ,ὁ
2461 3993 2608 4062 ἥλιος
2636 3993 2730 4057 τὰς
2753 3994 3036 4065 ἰσημερίας
3058 3997 3307 4058 ποιεῖται,
3334 3995 3432 4066 τήν
3470 4012 3529 4047 τε
3555 3995 3776 4066 ἐαρινὴν

2215 4084 2314 4137 -καὶ
2341 4085 2440 4154 τὴν
2478 4085 2890 4157 φθινοπωρινὴν.

2290 4176 2606 4246 Χειμερινὸς
2635 4177 2690 4230 δὲ
2721 4178 2976 4249 τροπικδς
3006 4178 3202 4241 κύκλος
3224 4179 3369 4231 ἐστὶν
3396 4179 3426 4230 6
3458 4175 3771 4236 νοτιωτατος

565 4270 800 4324 maxime
849 4267 1104 4324 australis
1151 4282 1338 4321 eorum
1386 4268 1737 4331 circulorum,
1783 4266 1876 4336 qui
1928 4281 1958 4319 a
2001 4265 2114 4322 sole

2218 4266 2325 4321 τῶν
2355 4268 2455 4320 ὑπὸ
2477 4268 2567 4320 τοῦ
2589 4268 2735 4339 ἡλίου
2763 4269 3116 4340 γραφομένων
3143 4269 3354 4323 κύκλων
3376 4269 3514 4322 κατὰ
3538 4268 3630 4338 τὴν
3667 4267 3776 4321 ὑπὸ

567 4361 866 4415 secundum
913 4359 1281 4430 quotidianam
1323 4359 1509 4413 mundi
1558 4359 1966 4413 conversionem
2023 4358 2118 4411 de-

2218 4361 2308 4414 τοῦ
2345 4361 2544 4430 κόσμου
2587 4360 2880 4431 γενομένην
2909 4362 3273 4432 περιστροφὴν
3291 4377 3306 4392 ο
3347 4360 3429 4428 ἐφ’
3457 4352 3516 4412 οὗ
3545 4359 3772 4430 γενόμε-

565 4455 879 4509 scribuntur
908 4473 919 4509 :
957 4453 1024 4508 ad
1054 4467 1210 4522 quem
1254 4467 1375 4505 cum
1413 4452 1493 4506 sol
1525 4450 1790 4521 pervenit,
1824 4451 2108 4504 hibernam

2218 4469 2304 4516 νος
2331 4453 2358 4503 6
2383 4452 2528 4522 ἥλιος
2569 4451 2663 4522 τὴν
2714 4453 3023 4522 χειμερινὴν
3055 4451 3256 4523 τροπὴν
3283 4453 3534 4516 ποιεῖται,
3568 4453 3626 4504 ὲν
3738 4453 3774 4522 ὴ

565 4543 724 4600 edicit
751 4544 1180 4606 conversionem,
1207 4542 1261 4597 in
1288 4557 1391 4613 qua
1425 4541 1742 4610 longissima
1777 4539 1833 4593 ﬁt
1854 4554 1960 4593 nox
1990 4554 2109 4592 om-

565 4635 712 4690 nium
743 4651 862 4705 quae
893 4643 1019 4690 sunt
1051 4634 1105 4688 in
1134 4647 1309 4699 anno;
1340 4631 1457 4687 dies
1477 4645 1606 4685 vero
1628 4629 1967 4684 brevissima.
2001 4627 2111 4683 Ve-

566 4734 868 4782 rumtamen
907 4733 1029 4797 post
1077 4725 1357 4780 hibernam
1397 4723 1810 4778 conversionem
1848 4735 1951 4777 non
1996 4735 2110 4774 am-

633 4904 744 4972 (M)
791 4902 1085 4970 Ἄρκτικὸς
1119 4903 1236 4971 μὲν
1271 4896 1401 4957 οὖν.
1427 4900 1676 4956 Circulus
1707 4899 1975 4972 ar‘cticus,
1998 4913 2106 4970 quo

563 4969 773 5032 veteres
809 4974 894 5042 usi
924 4983 1069 5037 sunt,
1098 4969 1254 5042 longe
1284 4975 1352 5026 ab
1383 4980 1566 5025 nostro
1594 4981 1647 5024 et
1690 4969 1895 5042 usitato
1929 4969 2107 5024 diver-

564 5062 658 5102 sius
680 5051 783 5098 est.
819 5041 949 5096 Nam
975 5043 1053 5096 illi
1084 5040 1551 5113 θεῶν’ἁειφανερῶν
1582 5040 1873 5113 maximum
1915 5047 2110 5113 vocant

563 5116 858 5178 art-ticum,
912 5112 1069 5180 cujus
1111 5110 1508 5167 semidiametcr
1554 5119 1637 5165 est
1683 5110 1911 5165 altitudo
1960 5111 2104 5180 poli,

563 5191 831 5244 centrum,
858 5183 1014 5250 polus
1040 5183 1250 5237 mundi.
1283 5183 1466 5251 itaque
1495 5197 1610 5252 pro_
1620 5181 1902 5252 regionum
1927 5181 2108 5250 positu

562 5254 746 5322 varius
792 5249 908 5314 est,
958 5267 1021 5304 ac
1062 5253 1234 5322 major
1281 5249 1547 5307 minorve.
1593 5249 1727 5322 Vide
1759 5249 2103 5306 Ptolemnum

563 5321 654 5376 lib.
687 5337 747 5386 ιι,
780 5338 827 5374 c.
865 5322 918 5385 4,
945 5322 1286 5377 Cleomedem
1319 5323 1411 5377 lib.
1447 5339 1484 5386 ι,
1521 5338 1569 5376 c.
1597 5321 1652 5375 ἓ.

633 5393 743 5463 (15)
785 5388 969 5459 Οὗτος
998 5390 1123 5463 δὲό
1155 5394 1392 5458 κύκλος.
1443 5393 1644 5448 Scribit
1677 5391 1960 5463 Geminus
1997 5392 2106 5445 cir-

561 5460 740 5518 culum
765 5465 1025 5518 arcticum
1043 5462 1240 5524 ibi,ubi
1266 5463 1564 5526 habitabat,
1590 5464 1914 5518 delineatum
1939 5460 2105 5518 fuisse

561 5531 820 5606 anteriori
848 5534 997 5606 pede
1037 5533 1462 5606 majorisUrsw.
1495 5537 1665 5605 Igitur
1690 5535 1756 5588 57
1783 5534 1864 5588 vel
1889 5532 1956 5586 58
1997 5534 2104 5586 cir-

561 5601 700 5674 citer
731 5601 988 5673 gradibus
1028 5601 1182 5674 polus
1217 5605 1288 5658 ibi
1331 5621 1492 5674 supra
1525 5601 1876 5674 horizontem
1925 5618 2101 5659 emer-

561 5671 756 5756 gebati
782 5674 871 5756 qui
903 5683 986 5756 est
1017 5671 1500 5756 Qrwciae_}raciii_s.
1529 5675 1727 5756 Verum
1768 5672 1908 5756 inira
1946 5674 2102 5756 longe

563 5743 725 5802 alium
769 5742 929 5806 siuna
972 5745 1174 5800 indicat
1209 5814 1214 5820 η
1244 5742 1374 5799 Nam
1413 5746 1485 5799 ait
1533 5746 1794 5809 circulum
1832 5742 2098 5813 tropicuiu

2220 4535 2458 4614 μεγίστη
2479 4543 2575 4613 μὲν
2605 4543 2789 4596 πασῶν
2818 4543 2923 4596 τῶν
2953 4544 3009 4595 ὲν
3039 4543 3114 4613 τῷ
3143 4541 3372 4612 ἐνιαυτῷ
3393 4541 3487 4605 νὺξ
3509 4541 3773 4594 ἐπιτελεῖ·
3834 4542 3842 4561 ‘

2213 4653 2322 4700 ται,
2358 4635 2611 4706 ἐλαχίστη
2659 4635 2715 4688 δὲ
2761 4636 2960 4707 ἡμέρα.
2989 4635 3142 4689 Μετὰ
3188 4635 3428 4705 μέντοιγε
3457 4634 3552 4705 τὴν
3581 4651 3771 4704 χειμε-

2216 4727 2366 4799 ρινὴν
2409 4726 2615 4799 τροπὴν
2646 4727 2826 4779 ούκέτι
2857 4726 2990 4796 πρὸς
3034 4725 3377 4798 μεσημϐρίαν
3407 4726 3714 4797 παροδεύων
3743 4727 3772 4780 6

2213 4905 2325 4960 illic
2353 4903 2422 4958 ab
2445 4904 2732 4959 borizonte
2762 4903 2835 4956 ita
2866 4902 3052 4967 dividi,
3081 4909 3140 4955 ut
3179 4901 3275 4956 illo
3315 4901 3370 4956 in
3413 4909 3537 4957 octo
3580 4913 3767 4971 partes

2209 4975 2405 5038 diviso,
2437 4976 2677 5044 quinque
2703 4988 2888 5042 supra,
2924 4973 3207 5044 tresinfra
3239 4973 3643 5026 contineantur.
3689 4972 3768 5029 Ex

2209 5061 2316 5115 quo
2342 5041 2678 5114 conchuéns
2707 5041 2991 5115 maximam
3017 5041 3159 5115 diem
3201 5044 3453 5115 horarum
3501 5045 3769 5115 cssecir-

2208 5113 2342 5170 citer
2365 5132 2452 5177 κν,
2473 5113 2535 5170 οι
2546 5115 2741 5170 elevari
2763 5114 2941 5181 polum
2966 5114 3221 5183 gradibus
3240 5128 3347 5183 xu.
3368 5113 3562 5165 Aratus
3584 5113 3651 5166 ad
3673 5129 3770 5182 po-

2208 5186 2486 5240 steriorem
2543 5186 2663 5240 cmli
2711 5182 2986 5252 positum,
3013 5185 3108 5252 qui
3159 5193 3242 5238 est
3290 5182 3654 5246 Macedonia,
3715 5197 3769 5239 et

2207 5253 2570 5324 Hellesponti,
2621 5255 2966 5324 phaenomena
3021 5268 3119 5308 sua
3183 5253 3557 5324 comparavit,
3608 5253 3770 5322 cujus

2205 5329 2526 5380 auctoritate
2554 5325 2700 5378 ducti
2737 5339 2870 5392 pene
2897 5338 3106 5386 omnes,
3127 5324 3217 5393 qui
3248 5324 3314 5376 de
3335 5323 3545 5391 splncra
3578 5335 3770 5389 postea

2207 5397 2559 5464 scripserunt,
2589 5395 2828 5448 eamdem
2856 5395 2961 5462 poli
2984 5395 3335 5448 elevationem
3362 5393 3768 5448 adhibuerunt:

2203 5465 2506 5533 cujusmodi
2559 5468 2780 5533 sphaera:
2826 5464 3038 5518 Aratea:
3083 5464 3188 5518 dici
3227 5470 3580 5533 meruerunt;
3639 5480 3766 5518 cum

2203 5531 2470 5588 Eudoacm
2501 5531 2607 5588 non
2639 5535 2820 5588 minus
2846 5534 3102 5603 appellari
3134 5532 3424 5605 potuerint.
3452 5531 3508 5605 S_i
3541 5534 3766 5605 quidem

2201 5605 2509 5675 Eudoxu-m_
2529 5605 2579 5657 in
2625 5602 2893 5675 onnnibus’
2921 5605 3119 5659 Aratus
3134 5602 3446 5675 expressit.
3474 5602 3768 5675 Legendus

2200 5683 2454 5746 praeterea
2490 5673 2748 5746 Leontius
2792 5671 3233 5740 Mcchanicus,et
3276 5674 3514 5729 Achilles
3557 5671 3766 5730 Tatius

2143 5829 2166 5839 ’Δ
2204 5745 2467 5817 lsagoges,
2508 5762 2554 5801 c.
2589 5745 2677 5800 9.5.
