4000 6206
262 283 359 338 773

1291 278 1525 335 GEMINI
1562 279 1929 337 ELEMENTA
1967 281 2457 340 ASTRONOMUE.

3348 286 3452 342 ττι

257 398 398 469 ἥλιος
435 394 733 466 θεωρεῖται,
761 392 875 448 ἀλλ’
917 394 1008 448 ἐπὶ
1049 395 1118 448 τὰ
1154 396 1317 466 ἕτερα
1372 397 1510 468 μέρη
1551 398 1785 467 τρέπετα

1910 399 2052 469 plius
2089 399 2332 454 cernitur
2379 399 2458 454 sol
2501 413 2690 454 versus
2719 397 2997 453 meridiem
3041 397 3314 464 accedere,
3355 403 3450 456 sed

260 486 345 540 τοῦ
371 485 565 554 κόσμου
585 499 599 512 ο
635 482 700 535 δι’
733 482 761 535 ὃ
792 482 1047 553 κέκληται
1088 483 1181 536 καὶ
1211 476 1362 547 οὗτος
1389 484 1661 555 τροπικός.

336 657 709 729 Ἀνταρκτικὸς
735 656 789 710 δέ
829 659 944 711 ὲστι
973 657 1170 722 κύκλος
1195 661 1307 722 ἴσος
1337 660 1434 712 καὶ
1461 660 1802 732 παράλληλος

260 752 333 823 τῷ
361 749 616 822 ἀρκτικῷ,
649 751 740 803 καὶ
771 751 1140 822 ἐφαπτόμενος
1174 752 1264 805 τοῦ
1293 752 1563 824 ὁρίζοντος
1593 753 1711 806 καθ’
1742 753 1800 805 ἓν

266 848 488 914 σημεῖον,
520 845 615 896 καὶ
658 843 774 907 ὅλος
809 843 913 896 ὑπὸ
943 845 1043 915 γῆν
1073 845 1585 916 ἀπολαμϐανόμενος
1605 861 1617 874 ·
1659 847 1717 898 ὲν
1756 839 1800 914 ᾧ

265 938 324 991 τὰ
365 939 581 1008 κείμενα
644 937 752 990 τῶν
795 937 1006 1008 ἄστρων
1071 937 1156 992 διὰ
1223 939 1418 1001 παντὸς
1473 941 1606 1008 ἡμῖν
1654 939 1799 992 ἐστιν

265 1027 468 1099 ἀόρατα.
568 1012 642 1026 Α

335 1119 436 1170 [ῶν
458 1117 512 1170 δὲ
545 1118 954 1188 προειρημένων
981 1118 1088 1190 (16)
1118 1119 1274 1172 πέντε
1303 1118 1513 1172 κύκλων
1547 1119 1798 1191 μέγιστος

270 1207 354 1279 μὲν
381 1209 406 1260 ὁ
431 1207 750 1276 ἰσημερινός·
772 1206 896 1277 ἑξῆς
925 1205 979 1258 δὲ
1005 1209 1116 1268 τοῖς
1143 1205 1426 1275 μεγέθεσιν
1449 1207 1498 1258 oi
1525 1207 1794 1278 τροπικοί·

269 1298 507 1365 ἐλάχιστοι
543 1295 598 1348 δὲ
631 1295 705 1358 ὡς
742 1295 876 1366 πρὸς
916 1295 1186 1365 ἡμετέραν
1215 1297 1422 1366 οἴκησιν
1448 1297 1496 1348 οἱ
1526 1296 1794 1366 ἀρκτικοί.

328 1391 538 1453 Τούτους
581 1389 638 1442 δὲ
672 1388 796 1449 τοὺς
837 1387 1065 1451 κύκλους
1101 1387 1181 1450 δεῖ
1207 1389 1345 1442 νοεῖν
1375 1387 1629 1451 ἀπλατεῖς
1657 1387 1798 1458 λόγῳ

271 1483 563 1552 Θεωρητοὺς,
599 1483 663 1533 ὲκ
694 1481 790 1552 τῆς
810 1480 914 1532 τῶν
947 1481 1156 1550 ἄστρων
1187 1479 1403 1545 Θέσεως,
1435 1481 1526 1533 καὶ
1554 1479 1654 1549 τῆς
1689 1480 1795 1536 τῶν

268 1576 502 1646 διόπτρων
531 1573 780 1644 θεωρίας,
821 1573 913 1625 καὶ
942 1573 1038 1644 τῆς
1070 1572 1340 1643 ἡμετέρας
1365 1574 1600 1635 ἐπινοίας
1619 1573 1797 1626 διατυ-

267 1666 556 1736 πουμένους.
574 1667 749 1728 Μόνος
777 1665 883 1736 γάρ
912 1666 967 1717 ὲν
995 1664 1072 1735 τῷ
1098 1667 1285 1736 κόσμῳ
1313 1665 1506 1729 κύκλος
1527 1666 1641 1718 ἐστὶ
1664 1665 1795 1718 Θεω-

1908 505 2102 545 rursus
2154 489 2220 542 ad
2274 489 2550 558 oppositas
2614 486 2802 542 mundi
2852 495 3031 556 partes
3080 489 3449 555 convertitur,

1900 581 2128 650 ideoque
2157 580 2337 634 dictus
2361 587 2445 636 est
2483 581 2569 634 nic
2595 579 2832 633 circulus
2863 578 3124 648 tr0picus.

1968 671 2318 726 Antareticus
2360 672 2598 726 circulus
2649 680 2731 726 est
2781 671 3005 740 aequalis
3051 677 3104 724 et
3157 669 3451 740 parallelus

1898 761 2102 816 circulo
2136 763 2359 826 aretico,
2397 771 2451 816 et
2481 761 2749 832 attingens
2788 762 3120 817 horizontem
3148 763 3448 833 in.puncto,

1899 861 2153 923 totusque
2193 852 2334 906 infra
2383 861 2584 906 terram
2637 853 2987 922 desumptus;
3033 854 3091 908 in
3136 870 3245 926 quo
3273 857 3449 926 posita

1899 950 2045 998 astra
2073 959 2290 1013 semper
2318 944 2478 999 nobis
2512 951 2640 999 sunt
2667 944 2980 999 invisibilia.

1966 1097 2113 1151 Inter
2156 1097 2393 1154 circulos
2444 1098 2730 1168 przedictos
2764 1099 3035 1156 maximus
3081 1107 3164 1156 est
3207 1100 3451 1170 acquino—

1896 1189 2109 1256 ctialis;
2150 1189 2381 1258 proximi
2408 1189 2588 1260 quoad
2625 1191 3020 1260 magnitudines
3065 1200 3191 1246 sunt
3218 1193 3410 1262 tropici
3440 1207 3450 1237 ε

1897 1282 2105 1335 minimi
2130 1297 2280 1347 vero,
2309 1279 2488 1351 quoad
2519 1290 2762 1336 nostram
2789 1281 3200 1346 habitationem,
3235 1284 3422 1337 arctici

1965 1372 2075 1428 Hos
2105 1383 2282 1428 autem
2318 1374 2574 1434 circulos.
2603 1389 2726 1428 cum
2767 1376 2875 1428 sint
2910 1376 3214 1431 latitudinis
3259 1392 3449 1447 exper.

1895 1469 1999 1528 tes,
2021 1472 2074 1518 et
2102 1467 2311 1520 ratione
2339 1467 2687 1536 spectabiles,
2733 1476 2912 1523 mente
2941 1477 3150 1537 oportet
3179 1468 3444 1538 cogitare,

1894 1555 1986 1623 qui
2014 1571 2075 1608 ex
2107 1564 2377 1610 astrorum
2405 1559 2584 1628 positu
2609 1564 2663 1612 et
2696 1559 3030 1628 dioptrorum
3057 1559 3424 1628 speculatione

1893 1661 1946 1707 et
1975 1663 2160 1709 nostra
2193 1654 2521 1724 cogitatione
2565 1653 2969 1707 describuntur.
3009 1650 3171 1706 Solus
3213 1652 3355 1706 enim
3391 1653 3442 1707 in

269 1755 405 1827 ρητὺς
433 1757 460 1807 ό
492 1753 585 1806 τοῦ
613 1752 906 1823 γάλακτος·
938 1753 988 1805 οἱ
1014 1752 1070 1805 δὲ
1101 1751 1276 1806 λοιποὶ
1297 1752 1438 1823 λόγῳ
1461 1751 1566 1805 εἰσλ⁵
1589 1750 1785 1822 Θεωρη-

1894 1746 2092 1800 mundo
2117 1747 2348 1800 visibilis
2381 1754 2464 1799 est
2493 1746 2734 1800 circulus
2763 1745 2847 1798 via
2884 1745 3091 1811 lactea;
3133 1745 3324 1816 reliqui
3355 1760 3444 1799 rae

265 1852 351 1904 τοί.
1042 1902 1044 1904 τ

323 1943 473 1995 Πέντε
531 1942 587 1996 δὲ
637 1941 966 2013 παράλληλοι
1015 1940 1172 2010 μόνον
1220 1938 1656 2010 καταγράφονται
1697 1935 1792 1989 κύ-

262 2032 362 2084 κλοι
391 2034 463 2095 εἰς
487 2033 584 2102 τὴν
618 2035 869 2104 σφαῖραν,
897 2031 956 2084 ού
987 2030 1073 2083 διά
1098 2031 1158 2082 τὸ
1188 2029 1344 2099 μόνον
1384 2028 1600 2090 τούτους
1632 2028 1688 2078 ἐν
1715 2024 1791 2096 τῷ

262 2125 426 2194 κόσμῳ
455 2125 824 2196 παραλλήλους
849 2121 1004 2177 εἶναι.
1041 2123 1097 2174 '0
1117 2122 1224 2192 γὰρ
1243 2122 1391 2191 ἥλιος
1414 2119 1533 2174 καθ’
1559 2119 1791 2188 ἑκάστην

260 2218 443 2289 ἡμέραν
481 2218 553 2280 ὼς
594 2219 727 2288 πρὸς
774 2216 1020 2288 αἴσθησιν
1047 2214 1242 2268 κύκλον
1271 2212 1605 2284 παράλληλον
1637 2228 1791 2281 περι-

258 2309 519 2379 στρέφεται
563 2308 642 2378 τῷ
692 2307 986 2378 ἰσημερινῷ
1036 2306 1175 2360 κατὰ
1218 2305 1315 2375 τὴν
1345 2305 1436 2357 ἐπὶ
1463 2303 1555 2356 τοῦ
1587 2303 1788 2373 κόσμου

249 2401 523 2472 γενομένην
552 2401 918 2470 περιστροφὴν
938 2416 949 2428 δ
987 2397 1124 2450 ὥστε
1159 2396 1356 2466 μεταξῦ
1386 2393 1492 2447 τῶν
1521 2395 1790 2466 τροπικῶν

258 2492 443 2546 κύκλων
475 2490 559 2564 ρπ¹
590 2492 668 2554 δίς
698 2489 927 2553 κύκλους
971 2487 1344 2561 παραλλήλους
1367 2485 1670 2558 γράφεσθαι
1689 2486 1790 2538 ὑπὸ

253 2583 332 2636 τοῦ
367 2583 510 2654 ἡλίου
529 2600 544 2614 ο
575 2581 830 2636 τοσαῦται
856 2581 964 2653 γὰρ
988 2579 1191 2652 ἡμέραι
1219 2580 1353 2632 είσὶν
1377 2580 1430 2632 αἱ
1460 2577 1656 2649 μεταξὺ
1685 2578 1789 2632 τῶν

250 2675 462 2745 τροπῶν.

309 2767 554 2838 Φέρονται
604 2766 661 2818 δὲ
703 2765 795 2818 καὶ
846 2765 1041 2828 πάντες
1065 2764 1114 2816 οί
1140 2762 1368 2834 ἀστέρες
1397 2762 1489 2814 ἐπὶ
1516 2759 1790 2832 παραλλήο

251 2856 342 2909 λων
372 2857 580 2910 κύκλων
621 2855 737 2908 καθ’
769 2856 999 2925 ἑκάστην
1022 2854 1254 2925 ἡμέραν.
1301 2852 1788 2922 Συγκαταγρὰφον-

250 2967 326 3003 ται
346 2950 396 3002 δὲ
426 2945 566 3004 οὗτοι
599 2951 795 3004 πάντες
821 2951 899 3010 εἰς
922 2948 1018 3018 τὴν
1042 2949 1293 3017 σφαῖραν,
1327 2945 1413 2997 διὰ
1444 2945 1504 2997 τὸ
1533 2944 1666 3014 πρὸς
1691 2942 1790 3012 μὲν

249 3035 392 3098 ἄλλας
421 3036 795 3106 πραγματείας
817 3036 924 3087 τῶν
950 3038 1006 3089 ὲν
1029 3038 1094 3106 τῇ
1117 3033 1436 3106 ἀστρολογίᾳ
1459 3033 1627 3086 πολλά
1651 3051 1787 3104 συμ-

249 3124 514 3178 causam
533 3144 545 3156 ·
578 3125 696 3178 οὐδὲ
724 3126 830 3196 γὰρ
852 3124 1338 3196 καταστερισθῆναι
1365 3123 1585 3178 δυνατὸν
1607 3123 1786 3189 καλῶς

247 3213 334 3284 τὴν
357 3219 580 3286 σφαῖραν
605 3216 730 3270 ἄνευ
765 3217 978 3268 πάντων
1015 3217 1121 3268 τῶν
1165 3215 1517 3286 παραλλήλων
1552 3215 1784 3281 κύκλων,

247 3304 353 3359 οόδὲ
378 3308 442 3360 τὰ
472 3306 675 3378 μεγέθη
703 3307 810 3360 τῶν
831 3308 1037 3361 νυκτῶν
1062 3308 1280 3361 καὶτῶν
1301 3309 1518 3379 ἡμερῶν
1547 3309 1787 3380 ἀκριϐῶς

245 3396 513 3469 εὑρεθῆναι
575 3398 698 3450 ἄνευ
754 3397 861 3450 τῶν
913 3399 1320 3468 προειρημένων
1367 3398 1608 3452 κύκλωνο
1653 3397 1786 3468 πρὸς

248 3487 475 3557 μέντοιγε
519 3489 616 3559 τὴν
662 3489 883 3559 πρώτην
928 3491 1232 3560 εἰσαγωγὴν
1283 3491 1380 3560 τῆς
1433 3491 1786 3560 ἀστρολογίας

243 3580 378 3632 οὐδὲν
407 3581 750 3650 ἀποτέλεσμα
782 3582 1228 3653 προσφερόμενοι,
1259 3583 1319 3634 ού
1349 3583 1786 3653 καταγράφονται

244 3671 377 3741 ἔντῇ
409 3675 627 3744 σφαίρᾳ.
659 3673 720 3726 Οἱ
745 3673 801 3726 δὲ
835 3673 992 3725 πέντε
1024 3674 1352 3745 παράλληλοι
1380 3674 1587 3738 κύκλοι,
1613 3675 1699 3726 διὰ
1727 3674 1787 3727 τὸ

245 3764 640 3836 ἀποτελέσματά
660 3783 779 3818 τινα
810 3766 1209 3836 προσφέρεσθαι
1229 3767 1554 3838 διωρισμένα
1584 3769 1662 3830 εἰς
1687 3769 1786 3838 τὴν

247 3856 449 3927 πρώτην
463 3875 483 3910 ε
494 3857 765 3927 ίσαγωγὴν
780 3859 875 3927 τῆς
890 3858 1260 3928 ἀστρολογίας,
1275 3858 1692 3929 κατεγράφησαν
1709 3861 1786 3922 εἰς

247 3947 326 4018 τὴν
355 3953 607 4019 σφαῖραν.
625 3951 680 4001 '0
712 3950 805 4018 μὲν
831 3949 936 4019 γὰρ
955 3950 1208 4018 ἀρκτικὸς
1235 3949 1429 4012 κύκλος
1449 3949 1694 4020 ἀφορίζει
1717 3950 1787 4004 τά

248 4039 317 4092 ἀεὶ
347 4031 691 4112 ϐεωρούμένα
737 4039 843 4092 τῶν
880 4039 1091 4110 ἄστρων
1111 4057 1124 4070 ·
1157 4042 1184 4092 ὁ
1211 4040 1265 4092 δὲ
1294 4039 1499 4112 Θερινὸς
1530 4041 1784 4110 τροπικδς

248 4129 423 4191 κύκλος
453 4129 548 4198 τὴν
577 4129 780 4199 τροπὴν
808 4128 1065 4197 περιέχει,
1091 4129 1182 4180 καὶ
1230 4128 1397 4200 πέρας
1430 4129 1544 4181 ἐστὶ
1573 4131 1666 4200 τῆς
1691 4129 1782 4183 τοῦ

246 4219 375 4288 ἡλίου
413 4220 543 4290 πρὸς
582 4221 778 4290 ἄρκτον
808 4219 1152 4288 μεταϐάσεως
1172 4236 1183 4248 ο
1216 4220 1244 4271 ό
1268 4220 1322 4272 δὲ
1355 4220 1660 4290 ίσημερινὸς
1689 4219 1783 4272 κύ-

249 4307 350 4372 κλος
377 4307 474 4371 τὰς
503 4309 794 4379 ίσημερίας
822 4308 1061 4379 περιέχει
1081 4324 1092 4338 ’
1127 4310 1154 4360 ὁ
1180 4308 1236 4361 δὲ
1272 4310 1574 4382 χειμερινὸς
1606 4327 1784 4381 τροπι-

1892 1837 2036 1890 tione
2061 1845 2184 1890 sunt
2211 1839 2556 1908 spectabiles.

1959 1925 2164 1980 Circuli
2203 1943 2329 1982 vero
2356 1929 2598 1998 paralleli
2633 1935 2842 1982 tantum
2875 1927 3114 1997 quim’,’:a.
3147 1927 3202 1982 in
3235 1928 3445 1997 sphaera

1891 2018 2312 2085 describuntur,
2365 2022 2509 2090 quod
2563 2038 2668 2076 non
2722 2032 3005 2091 propterea
3060 2019 3113 2076 lit
3175 2024 3330 2092 quasi
3389 2024 3442 2078 in

1891 2111 2092 2164 mundo
2122 2119 2330 2166 tantum
2372 2113 2424 2166 bi
2456 2122 2639 2168 essent
2682 2115 2948 2184 parallcli.
2989 2114 3121 2168 Nam
3156 2117 3233 2170 sol
3271 2117 3420 2184 quoti

1890 2203 1997 2266 die,
2031 2206 2208 2274 quoad
2254 2222 2498 2267 sensum,
2532 2206 2792 2262 describit
2830 2209 3094 2262 circulum
3127 2211 3444 2280 parallelum

1889 2296 2252 2365 aequinoctiali
2305 2298 2603 2352 secundum
2653 2299 2838 2352 mundi
2877 2300 3304 2355 revolutionem:
3339 2302 3444 2354 ita-

1889 2403 1994 2456 que
2022 2388 2163 2440 inter
2193 2389 2431 2458 tropicos
2470 2391 2706 2444 circulos
2732 2393 2972 2461 paralleli
3003 2394 3192 2447 circuli
3235 2394 3318 2449 bis
3347 2393 3446 2449 l80

1890 2493 1920 2531 a
1949 2480 2062 2534 sole
2092 2479 2507 2549 describuntur;
2538 2490 2618 2535 tot
2655 2485 2801 2537 enim
2828 2482 2947 2538 dies
2981 2491 3108 2538 sunt
3147 2485 3288 2539 inter
3307 2500 3442 2540 con-

1888 2570 2188 2626 versiones.

1955 2747 2228 2805 Feruntur
2253 2749 2414 2805 etiam
2453 2765 2641 2806 omnes
2668 2751 2835 2806 stellae
2869 2751 2922 2805 in
2955 2750 3178 2806 circulis
3209 2751 3444 2819 paralle-

1887 2840 1956 2896 lis
1988 2841 2246 2912 quotidie.
2281 2841 2658 2897 Verumtamen
2696 2859 2800 2896 non
2835 2859 3022 2898 omnes
3053 2844 3240 2897 circuli
3266 2847 3443 2914 paral-

1888 2933 1976 2988 leli
1999 2934 2053 2987 in
2093 2933 2300 3003 sphaera
2331 2933 2735 3000 describuntur,
2761 2935 2923 3005 idque
2957 2945 3258 3005 propterea,
3294 2935 3440 3006 quod

1887 3023 1953 3078 ad
2000 3025 2137 3078 alios
2187 3025 2400 3096 quidem
2449 3035 2714 3081 tractatus
2771 3027 3167 3081 astronomieos
3213 3027 3442 3080 nmltinn

1815 3087 1858 3148 θ
1889 3115 2214 3181 conducant,
2239 3133 2345 3170 non
2379 3118 2523 3171 enim
2549 3118 2806 3188 possibile
2826 3128 2986 3182 esset,
3015 3119 3196 3174 stellas
3220 3127 3362 3174 recte
3386 3119 3442 3174 in

1887 3207 2101 3276 globum
2137 3209 2471 3264 materialem
2518 3211 2723 3265 referre
2770 3211 2889 3265 sine
2921 3212 3174 3266 omnibus
3219 3211 3442 3266 circulis

1886 3299 2157 3368 parallelis
2186 3319 2198 3353 :
2229 3317 2403 3370 neque
2441 3303 2839 3372 magnitudines
2875 3304 3082 3358 dierum
3109 3315 3162 3358 et
3198 3305 3440 3358 nor-tium

1887 3398 2140 3444 accurate
2174 3390 2405 3446 inveniri
2437 3393 2555 3448 sine
2583 3395 2855 3464 praedictis
2883 3395 3104 3449 circulis
3128 3396 3439 3463 parallelis;

1887 3482 2002 3546 sed,
2035 3498 2156 3535 cum
2176 3483 2240 3536 ad
2265 3485 2494 3554 primam
2516 3485 2863 3541 astronomiae
2894 3487 3288 3542 institutionem
3321 3489 3442 3541 nul-

1886 3573 1994 3627 lum
2036 3576 2458 3631 emolumentum
2507 3578 2754 3643 aﬂ‘erant,
2807 3595 2915 3633 non
2961 3580 3346 3634 describuntur
3383 3581 3439 3635 in

1887 3668 2096 3738 sphaera
2119 3687 2132 3721 :
2156 3676 2210 3722 at
2239 3671 2478 3741 quinque
2509 3672 2748 3742 paralleli
2787 3672 2998 3734 circuli,
3025 3688 3092 3726 eo
3121 3675 3263 3744 quod
3288 3679 3439 3730 certa

1887 3761 2129 3831 quaedam
2165 3764 2622 3829 emolumentaad
2658 3763 2885 3832 primam
2912 3765 3258 3818 astronomiae
3287 3765 3439 3821 insti~

1886 3852 2146 3906 tationem
2178 3852 2424 3916 all‘érant,
2456 3852 2510 3906 in
2547 3852 2753 3921 sphaera
2783 3861 2911 3908 sunt
2939 3853 3217 3923 descripti.
3258 3855 3438 3909 Arcti-

1886 3958 1983 3997 cus
2026 3943 2167 3997 enim
2199 3944 2436 3996 circulus
2469 3950 2616 3996 astra
2663 3957 2876 4012 semper
2911 3945 3224 4013 apparentia
3252 3943 3436 3998 deter-

1885 4035 2090 4097 minat;
2125 4035 2344 4088 testivus
2377 4034 2620 4105 tropicus
2651 4035 2895 4090 circulus
2924 4037 3166 4090 aestivam
3209 4051 3437 4092 conver-

1885 4128 2089 4182 sionem
2120 4129 2379 4192 continet,
2406 4136 2458 4183 et
2489 4129 2644 4183 limes
2669 4138 2752 4184 est
2793 4129 3058 4184 transitus
3082 4129 3212 4184 solis
3242 4144 3438 4186 versus

1885 4216 2300 4287 septentrionem
2323 4236 2338 4284 ;
2363 4219 2757 4289 aequinoctialis
2784 4221 3021 4276 circulus
3044 4228 3242 4291 puncta
3267 4222 3437 4291 aqui-

1884 4309 2136 4362 noctialia
2163 4309 2438 4375 continet;
2481 4310 2741 4365 hibernus
2771 4311 3016 4381 tropicus
3047 4312 3287 4366 circulus
3328 4320 3435 4366 ter-

250 4399 325 4464 κὸς
349 4401 543 4464 κύκλος
568 4402 746 4471 τέρμα
771 4401 885 4453 ἐστὶ
914 4404 1010 4470 τῆς
1034 4402 1165 4472 πρὸς
1189 4419 1324 4473 μεση
1335 4403 1529 4473 μϐρίαν
1557 4403 1778 4475 προόδου

1885 4400 2064 4454 minus
2112 4413 2196 4455 εει
2240 4415 2564 4470 progressus
2612 4403 2743 4458 solis
2790 4418 2983 4458 versus
3025 4403 3340 4467 meridiem,
3380 4411 3436 4460 et

251 4491 326 4546 ἐπὶ
362 4493 514 4564 ἡλίῳ,
550 4495 644 4546 καὶ
683 4493 780 4563 τὴν
809 4493 1119 4562 χειμερινὴν
1143 4494 1347 4564 τροπὴν
1382 4494 1641 4565 περιέχει·
1675 4497 1702 4548 ὁ
1725 4495 1782 4547 δὲ

253 4582 584 4654 ἀνταρκτικὸς
619 4583 812 4646 κύκλος
839 4584 906 4634 τὰ
936 4583 1008 4653 μὴ
1037 4582 1382 4654 Θεωρούμενα
1418 4585 1522 4637 τῶν
1571 4586 1782 4654 ἄστρων

253 4673 492 4744 ἀφορίζει.
547 4677 800 4744 Ἔχοντες
849 4671 938 4727 οὖν
978 4675 1245 4742 κεφάλαια
1284 4676 1374 4727 καὶ
1413 4674 1780 4745 ἀποτελέσμα-

253 4777 308 4816 τα
349 4765 626 4837 ὡρισμένα
671 4763 807 4836 πρὸς
863 4764 960 4835 τὴν
1013 4765 1315 4834 εἰσαγωγὴν
1387 4766 1484 4834 τῆς
1533 4764 1781 4835 ἀστρολο-

255 4853 373 4920 γίας,
397 4857 632 4924 εὐλόγως
661 4857 1081 4926 κατεγράφησαν
1115 4858 1191 4919 εἰς
1217 4854 1312 4925 τὴν
1345 4858 1594 4926 σφαῖραν.

311 4945 416 4999 Τῶν
447 4947 504 5000 δὲ
537 4947 944 5018 προειρημένων
991 4947 1147 4999 πέντε
1184 4946 1538 5018 παραλλήλων
1569 4946 1780 5000 κύκλων

255 5037 384 5107 ὁμὲν
403 5039 658 5110 ἀρκτικὸς
679 5038 871 5101 κύκλος
893 5038 1008 5102 ὅλος
1030 5039 1168 5111 ὑπὲρ
1192 5041 1294 5109 γῆν
1321 5037 1776 5107 ἀπολαμϐάνεται,

314 5188 409 5262 (l6)
465 5191 589 5246 Τῶν
652 5191 720 5245 δὲ
772 5193 1225 5262 προειρημένων.
1285 5193 1670 5248 Parallelorum
1723 5193 1775 5247 in

258 5260 438 5326 sphera
467 5263 738 5317 maximus
765 5260 846 5317 est
875 5260 1297 5331 aequinoctialis;
1327 5277 1640 5318 caeterorum
1671 5279 1778 5332 quo

260 5332 459 5399 quisque
482 5333 695 5402 longius
729 5333 909 5387 abillo
932 5333 1152 5392 recedit.
1181 5349 1246 5387 eo
1275 5344 1356 5389 est
1388 5336 1584 5388 minor.
1617 5333 1772 5388 [latio

261 5411 387 5461 vero,
424 5417 579 5471 quam
617 5403 814 5457 habent
844 5405 1078 5458 minores
1102 5403 1166 5457 ad
1197 5406 1508 5467 maximum,
1550 5406 1773 5458 investi-

263 5477 394 5533 gatur
418 5489 478 5526 ea
516 5473 792 5545 methodq,
818 5489 977 5542 quam
1021 5475 1294 5541 attigimus
1330 5475 1466 5526 libro
1488 5492 1578 5528 vn.
1613 5472 1767 5541 Nam,

263 5548 405 5613 utcst
439 5543 622 5613 radius
655 5543 721 5595 ad
762 5543 939 5597 Sinum
963 5545 1336 5611 complemeuti
1377 5545 1646 5598 distantia)
1680 5560 1774 5613 pa-

200 5623 215 5632 "
262 5608 408 5682 ζευειί
433 5611 747 5676 cujuslibet,
785 5614 856 5666 ita
897 5608 1286 5681 aequinoctialis
1318 5613 1384 5667 ad
1430 5608 1768 5682 parallelum.

263 5671 370 5734 Esto
397 5671 624 5742 tropicus
651 5671 867 5740 aestivus
887 5671 1142 5746 gradibus
1165 5683 1234 5735 ει
1259 5671 1465 5738 distans
1491 5688 1558 5739 ab
1591 5699 1772 5754 aequa-

1883 4491 2163 4546 hibernam
2189 4493 2601 4549 conversionem
2645 4496 2924 4564 continet;
2960 4497 3295 4552 antarcticus
3323 4498 3436 4552 cir-

1881 4585 2037 4638 culus
2073 4593 2219 4639 astra
2253 4600 2360 4638 non
2397 4585 2710 4654 apparentia
2755 4587 3100 4641 determinat.
3151 4588 3287 4644 Cum
3330 4589 3434 4661 igi-

1881 4683 1970 4728 tur
2001 4675 2235 4731 habeant
2258 4684 2406 4730 certa
2436 4678 2612 4746 capita
2639 4685 2690 4732 et
2718 4679 3078 4733 emolumenta
3109 4679 3174 4732 ad
3206 4679 3434 4734 institu-

1880 4766 2079 4820 tionem
2107 4768 2469 4832 astronomiae,
2495 4783 2602 4823 non
2630 4769 2747 4824 sine
2777 4769 2987 4824 ratione
3016 4769 3276 4841 descripti
3306 4778 3434 4828 sunt

1879 4857 1932 4911 in
1954 4858 2186 4927 sphaera.

1949 4950 2093 5004 Inter
2119 4951 2361 5020 quinque
2412 4951 2697 5020 praedictos
2731 4952 3019 5022 parallelos
3049 4953 3307 5016 circulos,
3343 4965 3432 5005 ar-

1879 5044 2054 5100 cticus
2080 5045 2322 5100 circulus
2360 5053 2509 5101 totus
2539 5061 2704 5116 supra
2733 5046 3072 5101 horizontem
3101 5047 3426 5102 desumitur.

1879 5203 2032 5267 tore;
2071 5195 2520 5267 complementum
2559 5196 2826 5251 distantia!
2851 5205 2934 5252 est
2961 5196 3114 5267 grad.
3149 5195 3236 5258 68,
3275 5193 3428 5267 cuius

1879 5265 2032 5336 sinus
2071 5265 2263 5318 91555.
2304 5266 2470 5334 Igitur
2504 5281 2565 5320 ea
2611 5268 2890 5335 proportio
2917 5265 2999 5321 est
3033 5265 3429 5336 aequinoctialis

1879 5335 1944 5386 ad
1974 5336 2261 5404 trepicum,
2302 5352 2420 5401 qua:
2450 5344 2531 5391 est
2554 5337 2767 5391 100000
2795 5339 2860 5390 ad
2890 5335 3221 5394 9l355.’boc
3251 5342 3339 5390 est
3363 5336 3430 5388 l0

1880 5404 1945 5457 ad
1974 5408 2006 5458 9
2049 5407 2285 5458 circiter.
2326 5406 2402 5459 lta
2437 5407 2676 5462 circulus
2713 5407 2950 5460 arcticus
2982 5406 3134 5459 Arati
3170 5405 3334 5459 distat
3361 5405 3432 5460 ab

1877 5482 2152 5544 :equatore
2179 5477 2438 5543 gradibus
2466 5477 2555 5538 49,
2589 5493 2618 5529 a
2648 5477 2795 5546 polo,
2829 5478 2920 5531 Η.
2962 5475 3126 5530 Sinus
3164 5475 3430 5546 graduum

1878 5545 1938 5598 41
1981 5556 2063 5598 est
2104 5545 2293 5600 75471.
2339 5546 2568 5601 Proinde
2609 5544 2682 5599 ita
2727 5563 2786 5602 so
2833 5546 2992 5600 habet
3038 5544 3434 5614 aequinoctialis

1879 5613 1944 5667 ad
1979 5615 2240 5667 circulum
2287 5618 2428 5669 hunc
2467 5618 2728 5670 arcticum
2765 5618 2846 5670 uti
2891 5613 3115 5685 100000
3131 5614 3195 5668 ad
3225 5614 3434 5679 754¹Ης

1877 5699 1996 5755 quze
2020 5687 2296 5756 proportio
2322 5688 2431 5741 lere
2459 5695 2543 5742 est
2567 5687 2934 5758 sesquitertia,
2961 5696 3021 5741 ut
3043 5685 3075 5739 4
3107 5685 3172 5740 ad
3203 5685 3256 5739 3.
