4000 6206
541 301 646 355 775

1524 300 1610 355 AD
1648 298 1911 357 EUSEBII
1944 296 2335 356 CHRONICON
2373 295 2732 358 APPENDIX.

3649 301 3766 355 776

538 419 790 478 ﬁstivus
820 421 1064 491 trepicus
1101 422 1340 479 circulus
1377 423 1432 476 in
1460 422 1598 478 duas
1635 430 1818 493 partes
1845 422 2085 493 inaequa-

2199 419 2293 474 566
2321 418 2526 490 θερινὸς
2550 415 2806 489 τροπικὸς
2854 414 3051 477 κύκλος
3092 414 3170 478 είς
3194 414 3285 467 δύο
3315 412 3457 485 μερη
3482 415 3639 469 άνισα
3673 418 3773 470 τέο

541 514 620 568 les
650 520 866 567 secatur
905 512 975 566 ab
993 512 1297 577 horizonte,
1325 521 1379 567 et
1417 522 1757 584 segmentum
1791 513 1972 583 majus
2000 528 2096 569 su-

539 619 635 677 pra
678 615 878 657 terram
925 604 1250 670 desumitur,
1290 604 1471 659 minus
1518 618 1649 660 vero
1688 602 1829 658 infra
1865 611 2093 661 terram.

541 699 612 751 At
641 712 745 751 non
778 712 874 766 per
901 712 1090 751 omnes
1112 696 1360 767 regiones
1393 707 1445 751 et
1490 696 1653 751 urbes
1697 696 1886 752 eodem
1935 696 2096 751 modo

537 790 759 846 aestivus
781 790 1023 860 tropicus
1048 789 1291 844 circulus
1316 795 1533 843 secatur
1564 789 1632 844 ab
1663 788 1965 856 horizonte,
1997 789 2094 844 sed

534 882 690 953 juxta
712 882 989 936 climatum
1014 881 1363 939 diversitates
1383 881 1657 938 diversum
1685 891 2094 956 segmenton

538 990 821 1030 excessum
857 974 1126 1047 contingit
1161 975 1400 1041 evenire,
1442 983 1605 1046 atque
1647 976 1716 1032 iis
1750 976 1968 1047 quidem
1999 976 2094 1047 qui

539 1066 711 1134 magis
744 1065 847 1134 10
870 1079 1031 1134 quam
1072 1080 1190 1128 nos,
1234 1080 1427 1121 versus
1472 1067 1891 1137 septentrionem
1937 1066 2095 1120 habi-

540 1163 676 1219 tant,
708 1155 763 1209 in
797 1165 1072 1225 segmenta
1101 1157 1272 1228 magis
1294 1156 1576 1228 inmquulia
1603 1158 1670 1211 ab
1698 1157 1977 1214 horizonte
2008 1173 2095 1214 se-

538 1246 651 1301 cari
683 1248 951 1317 tropicum
980 1248 1231 1303 aestivum
1270 1248 1517 1319 contigit.
1548 1248 1611 1302 Et
1646 1250 1859 1304 tandem
1888 1258 1975 1307 est
2007 1264 2096 1305 re-

539 1337 628 1406 gio
657 1338 925 1408 quaedam,
962 1338 1017 1393 in
1054 1354 1161 1409 qua
1190 1345 1338 1394 totus
1376 1340 1597 1394 aestivus
1629 1340 1872 1411 tropicus
1914 1341 2095 1396 circu-

534 1429 624 1505 lus
654 1431 711 1484 [lt
738 1446 902 1501 supra
933 1439 1157 1487 terram.
1187 1430 1273 1484 lis
1289 1445 1420 1485 vero
1452 1430 1546 1502 qui
1576 1432 1747 1502 magis
1775 1447 1937 1502 quam
1968 1446 2089 1497 nos,

536 1537 730 1578 versus
750 1522 1032 1579 meridiem
1056 1522 1326 1587 habitant,
1355 1522 1411 1576 in
1440 1530 1714 1595 segmenta
1754 1524 1932 1578 minus
1966 1523 2092 1577 inae-

537 1615 718 1685 qualia
746 1616 967 1670 aestivus
990 1615 1234 1685 tropicus
1255 1614 1497 1670 circulus
1519 1615 1587 1670 ah
1609 1616 1889 1671 horizonte
1912 1623 2092 1672 sectus

536 1714 639 1761 est.
670 1704 735 1759 Et
757 1706 974 1761 tandem
1007 1715 1091 1761 est
1114 1704 1262 1776 regio
1302 1705 1547 1775 quaedam
1583 1722 1776 1762 versus
1816 1705 2091 1762 meridiem

2201 529 2386 585 μνεται
2424 512 2527 565 61:6
2571 510 2663 565 τοῦ
2688 509 2986 582 ὁρίζοντος,
3016 508 3111 562 καὶ
3141 508 3203 561 τὸ
3229 507 3326 579 μὲν
3359 507 3538 579 μεῖζον
3563 510 3771 581 τμῆμα

2197 607 2335 680 ὑπὲρ
2378 607 2479 678 γῆν
2533 604 2991 675 ἀπολαμϐάνεται,
3021 604 3082 658 τδ
3106 604 3162 657 δὲ
3190 603 3487 670 ἔλασσονιτ,
3519 606 3626 659 61:6
3662 607 3773 678 τὴν

2195 698 2317 768 γῆν.
2356 697 2429 750 06
2476 696 2616 750 κατά
2655 697 2834 750 πᾶσαν
2872 695 2931 748 δὲ
2957 694 3139 767 χώραν
3183 696 3275 748 καὶ
3314 695 3465 749 πόλιν
3504 696 3716 766 ὁμοίως
3741 698 3772 749 6

2196 789 2401 860 θερινὸς
2426 788 2680 859 τροπικὸς
2711 788 2909 852 κύκλος
2932 788 3193 857 τέμνεται
3218 787 3323 840 ὑπὸ
3341 785 3436 839 τοῦ
3468 787 3771 858 ὁρίζοντος,

2194 881 2333 936 ἀλλά
2366 880 2515 953 παρά
2542 880 2640 945 τάς
2666 878 2774 933 τῶν
2810 879 3088 950 κλιμάτων
3113 878 3467 950 παραλλαγὰς
3506 880 3777 952 διάφορον

2194 975 2293 1046 τὴν
2313 973 2419 1027 τῶν
2446 971 2744 1044 τμημάτων
2773 970 3042 1043 ὑπεροχὴν
3070 970 3352 1042 συμϐαίνει
3378 971 3639 1039 γίνεσθαι·
3670 971 3779 1026 καὶ

2192 1069 2305 1129 τοῖς
2336 1065 2432 1137 μὲν
2454 1064 2591 1136 πρὸς
2621 1062 2819 1134 ἄρκτον
2855 1062 3051 1134 μᾶλλον
3083 1062 3238 1133 ἡμῶν
3261 1062 3501 1116 οἰκοῦσιν
3547 1065 3625 1127 εἰς
3673 1064 3776 1116 ἀν-

2197 1160 2441 1232 ισαίτερα
2464 1160 2607 1245 μέρη
2642 1158 2929 1230 συμϐαίνει
2956 1157 3246 1228 τέμνεσθαι
3276 1159 3368 1212 τὸν
3400 1158 3609 1245 θερινον
3655 1161 3775 1213 61:6

2191 1251 2285 1305 τοῦ
2309 1244 2602 1323 ὁρίζοντος.
2633 1249 2744 1303 Kal
2776 1248 2947 1321 πέρας
2972 1249 3089 1302 ἐστὶ
3119 1249 3272 1320 χώρα
3306 1267 3410 1314 τις.
3443 1244 3557 1325 ἔινῇ
3584 1250 3713 1315 ὅλος
3743 1254 3775 1306 6

2194 1342 2399 1415 θερινὸς
2450 1342 2707 1414 τροπικδς
2749 1339 2945 1405 κύκλος
2990 1341 3130 1412 ὑπὲρ
3151 1341 3255 1412 γῆν
3283 1342 3509 1411 γίνεται.
3541 1344 3669 1407 Τοῖς
3713 1343 3776 1397 δὲ

2194 1436 2328 1507 πρὸς
2365 1433 2705 1507 μεσημϐρίαν
2735 1433 2933 1505 μᾶλλον
2963 1433 3198 1491 οἰκοῦσιν
3230 1434 3407 1505 ἡμῶν,
3439 1436 3517 1499 είς
3549 1436 3772 1489 ἀνισαί-

2192 1506 2323 1598 τερα
2348 1526 2392 1559 ιθ
2425 1506 2564 1598 μ’έρη
2584 1527 2613 1578 6
2631 1524 2839 1594 θερινὸς
2875 1526 3131 1597 τροπικὸς
3170 1525 3367 1590 κύκλος
3393 1527 3500 1580 ὑπὸ
3528 1527 3623 1580 τοῦ
3649 1528 3773 1599 ὁρί-

2194 1616 2375 1682 ζοντος
2399 1618 2681 1689 τέτμηται.
2716 1616 2826 1671 Καὶ
2851 1616 3021 1687 πέρας
3053 1618 3167 1671 ἐστὶ
3196 1616 3347 1690 χώρα
3381 1636 3464 1683 τις
3496 1620 3633 1691 πρὸς
3661 1637 3771 1690 με-

2194 1708 2467 1781 σημϐρίαν
2493 1711 2624 1780 ἡμῖν
2651 1710 2897 1780 κειμένη,
2933 1711 2991 1762 ἐν
3104 1710 3461 1781 διχπομεῖται
3491 1714 3519 1765 6
3549 1712 3769 1784 θερινὸς

535 1798 697 1855 nobis
727 1799 853 1863 sita,
879 1798 936 1853 in
974 1813 1081 1869 qua
1123 1798 1407 1868 aequaliter
1437 1798 1697 1854 dividitur
1724 1800 1946 1855 aestivus
1975 1806 2092 1852 tro-

2199 1799 2448 1871 τροπικὸς
2477 1798 2672 1862 κύκλος
2703 1790 2808 1853 61:6
2854 1798 2947 1852 τοῦ
2987 1800 3273 1871 ὁρίζοντος·
3309 1801 3540 1855 ἐνταῦθα
3671 1805 3768 1857 τὲ-

536 1892 690 1961 picus
720 1891 962 1946 circulus
995 1891 1063 1945 ah
1091 1890 1381 1946 horizonte
1407 1910 1419 1945 :
1448 1891 1504 1946 in
1531 1892 1634 1946 hoc
1674 1899 1853 1946 autem
1880 1892 2096 1946 climate

539 1991 756 2040 secatur
799 1983 896 2049 ita,
941 1991 998 2038 ut
1031 1997 1156 2037 cum
1202 1989 1352 2038 totus
1384 1983 1621 2039 circulus
1658 1984 1711 2037 in
1749 1992 1873 2037 octo
1913 1989 2096 2053 partes

536 2077 772 2147 aquales
806 2076 1017 2131 divisus
1058 2083 1165 2138 est,
1196 2073 1265 2129 de
1300 2074 1385 2130 his
1432 2078 1675 2145 quinque
1706 2083 1889 2143 partes
1931 2088 2097 2145 supra

536 2169 874 2223 horizontem
918 2168 1295 2234 desumantur,
1329 2175 1442 2223 tres
1492 2182 1620 2221 vero
1668 2165 1812 2220 infra
1849 2166 2098 2221 horizon-

537 2268 663 2312 tem.
704 2257 785 2311 Ad
817 2258 919 2312 hoc
960 2259 1122 2311 clima
1153 2258 1367 2313 videtur
1410 2258 1572 2313 etiam
1597 2257 1796 2312 Aratus
1827 2272 2096 2327 apparen-

539 2350 733 2402 tiarum
793 2356 1080 2402 tractatum
1138 2349 1532 2418 composuisse.
1592 2347 1726 2402 Nam
1776 2349 1843 2404 de
1904 2348 2093 2405 aestivo

538 2440 745 2509 tropico
774 2439 980 2495 circulo
1009 2436 1304 2504 disserens,
1345 2441 1427 2495 sic
1462 2440 1673 2510 inquit:

538 2548 652 2623 ﬂoc
682 2551 909 2607 maxime
937 2553 991 2606 in
1011 2563 1123 2607 octo
1147 2553 1370 2622 mquales
1401 2565 1575 2623 partes
1601 2555 1787 2619 divisa,

540 2619 740 2674 Earum
778 2624 999 2694 quinque
1040 2619 1343 2679 meridiana:
1393 2619 1672 2768 ὺοιυιιηιιῖν
1699 2642 1789 2696 per
1822 2640 2092 2694 supremas

541 2761 581 2768 _
879 2764 890 2768 _
973 2764 983 2768 Δ
1087 2764 1097 2768 _
1170 2763 1180 2768 _
1282 2767 1289 2768 ί
1444 2766 1453 2768 _
1646 2705 1820 2764 partes
1852 2707 2061 2768 τέττιξ,-

1646 2712 1820 2764 partes
1852 2712 2022 2759 term,

540 2761 666 2817 Tres
708 2778 826 2817 vero
871 2764 925 2817 in
963 2763 1325 2834 hemisphwrio
1367 2766 1464 2821 sub
1521 2761 1927 2821 ιεννὶιςωειαιὶδ
1973 2766 2091 2819 huic

1469 2835 1609 2908 [sunt
1645 2838 2021 2891 conversiones.

610 2964 687 3021 Ex
710 2967 808 3020 hac
828 2965 1095 3022 divisione
1129 2968 1399 3038 sequitur,
1425 2967 1804 3038 longissimum
1831 2967 1972 3022 diem
1999 2967 2098 3023 ho-

536 3075 717 3115 rarum
750 3054 1210 3130 aequinoctialium
1240 3060 1356 3114 lieri
1392 3060 1481 3123 15,
1517 3069 1734 3115 noctem
1773 3074 1904 3115 vero
1932 3059 2096 3115 hora-

2199 1908 2384 1963 μνεται
2412 1889 2602 1953 οὕτως,
2624 1890 2782 1954 ὥστε,
2800 1890 2891 1943 τοῦ
2919 1890 3037 1944 ὅλου
3064 1891 3260 1945 κύκλου
3281 1892 3656 1965 διαιρουμένου
3686 1898 3772 1959 είς

2193 1990 2242 2055 η’
2273 1984 2432 2055 μέρη,
2464 1983 2620 2036 πέντε
2664 1983 2760 2053 μὲν
2791 1985 3048 2055 τμήματα
3088 1983 3226 2055 ὑπὲρ
3254 1985 3355 2055 γῆν
3383 1986 3771 2057 ἀπολαμϐάνε-

2196 2074 2337 2139 σθαι,
2369 2075 2493 2147 τρία
2522 2075 2578 2128 δὲ
2610 2076 2715 2129 61:6
2742 2076 2865 2146 γῆν,
2896 2078 3038 2149 Πρὸς
3061 2078 3119 2130 δὲ
3149 2078 3304 2132 τοῦτο
3329 2080 3388 2133 τὸ
3427 2080 3590 2152 κλίμα
3616 2083 3776 2136 δοκεῖ

2193 2167 2285 2219 καὶ
2346 2167 2375 2219 ὁ
2421 2168 2654 2237 Ἀρατος
2706 2169 3232 2242 συντεταχέναι’τὴν
3276 2172 3385 2225 τῶν
3424 2175 3773 2244 φαινομένων

2195 2258 2592 2329 πραγματείαν.
2619 2259 2752 2331 Περὶ
2777 2259 2886 2332 γὰρ
2912 2260 3005 2315 τοῦ
3036 2261 3246 2334 θερινοῦ
3276 2264 3530 2336 τροπικοῦ
3555 2267 3772 2322 κύκλου

2192 2350 2567 2422 διαλεγόμενός
2598 2369 2762 2425 φησιν
2790 2352 2961 2417 οὕτως

2200 2554 2307 2624 Τοῦ
2336 2552 2452 2622 μὲν
2470 2553 2630 2624 ὅσον
2651 2571 2723 2624 ,τε
2744 2555 3011 2623 μάλιστα
3050 2554 3125 2608 δι’
3164 2554 3315 2609 ὀκτὼ
3345 2555 3771 2624 μετρηθῶρτος,

2194 2623 2377 2678 Πέντε
2407 2623 2526 2693 μὲν
2561 2623 3045 2694 eammeam;
3071 2627 3201 2681 καθ’
3239 2626 3537 2694 ὑπέρτατα
3564 2623 3770 2697 γαίης,

2200 2757 2273 2812 Τὰ
2321 2758 2450 2827 τρία
2498 2757 2550 2811 δ’
2593 2758 2662 2811 ἐν
2700 2757 2924 2828 περάτῃ
2948 2775 2962 2789 ·
3018 2759 3228 2829 θέρειοι
3272 2759 3341 2814 δὲ
3379 2763 3434 2815 οἱ
3477 2762 3774 2905 ὲνῖρὲπαί

3577 2852 3609 2887 ε
3681 2854 3768 2889 ιν.

3577 2852 3768 2889 εισιν.

2276 2963 2370 3016 Ἐκ
2395 2962 2450 3016 δὲ
2476 2963 2676 3034 ταύτης
2700 2964 2798 3035 τῆς
2823 2963 3135 3032 διαιρέσεως
3152 2966 3450 3036 ἀκολουθεῖ,
3480 2971 3579 3042 τὴν
3612 2974 3774 3042 μεγί-

2196 3071 2327 3125 στην
2354 3054 2581 3126 ἡμέραν
2617 3055 2773 3125 ὡρῶν
2815 3057 3142 3129 ίσημερινῶν
3176 3061 3419 3128 γίνεσθαι
3463 3071 3546 3130 ιε’,
3579 3065 3677 3139 τὴν
3708 3068 3770 3121 δὲ

535 3169 654 3207 rum
699 3151 1159 3222 aequinoctialium
1188 3150 1243 3206 9.
1270 3149 1328 3205 ln
1357 3151 1638 3209 horizonte
1666 3151 1842 3208 Rhodi
1870 3154 2092 3209 aestivus

2199 3142 2361 3196 νύκτα
2381 3143 2537 3215 ὡρῶν
2566 3144 2892 3216 ίσημερινῶν
2909 3146 2974 3200 θ’.
2992 3149 3080 3204 Ἐν
3103 3149 3160 3203 δὲ
3187 3151 3263 3223 τῷ
3287 3153 3429 3206 κατά
3454 3155 3636 3209 Ῥόδον
3652 3157 3768 3229 (17)

535 3244 779 3314 tr0picus
813 3243 1054 3300 circulus
1086 3243 1155 3297 ab
1200 3243 1485 3309 horizonte
1526 3245 1605 3299 sic
1638 3252 1723 3300 est
1762 3245 1994 3310 divisus,
2033 3254 2095 3300 ut

535 3350 658 3389 cum
689 3343 833 3390 totus
874 3336 1115 3391 circulus
1164 3334 1218 3388 in
1246 3334 1316 3389 48
1345 3345 1527 3406 partes
1564 3335 1859 3401 dividatur,
1906 3351 2093 3391 earum

534 3427 604 3482 29
643 3443 804 3497 supra
832 3428 1165 3484 horizontem
1194 3426 1571 3492 desumantur,
1606 3427 1828 3497 reliquae
1870 3442 1999 3483 vero
2028 3425 2095 3480 l9

539 3514 678 3568 infra
717 3525 938 3571 terram.
992 3514 1070 3569 Ex
1102 3515 1205 3571 hac
1247 3515 1514 3572 divisione
1556 3516 1803 3588 sequitur
1840 3516 2096 3587 longissi-

538 3620 685 3659 mum
711 3607 852 3661 diem
875 3608 930 3661 in
964 3605 1157 3664 Rhodo
1190 3608 1307 3664 ﬁeri
1335 3608 1594 3663 horarum
1629 3608 2093 3679 aequinoctialium

538 3698 604 3751 14
623 3698 744 3768 1/2,
768 3707 975 3792 noctem
991 3717 1120 3757 vero
1146 3701 1402 3757 horarum
1434 3701 1900 3774 aequinoctialium
1916 3701 1950 3757 9
1969 3701 2092 3771 1/2.

604 3873 1021 3944 Equinoctialis
1049 3878 1289 3935 circulus
1321 3894 1420 3951 per
1443 3887 1613 3934 totam
1642 3888 1854 3945 ;terram
1883 3880 2097 3935 habita-

535 3967 697 4023 hileui
738 3970 1019 4038 aequaliter
1045 3979 1265 4027 secatur
1304 3974 1372 4029 ab
1414 3972 1717 4039 horizonte,
1752 3983 1811 4028 ut
1849 3975 2096 4030 semicir-

536 4060 694 4114 culus
735 4076 898 4129 supra
936 4070 1133 4117 terram
1173 4063 1513 4131 desumatur,
1556 4065 1937 4123 semicirculus
1967 4082 2095 4123 vero

536 4150 676 4205 infra
737 4154 1078 4209 terram:ob
1132 4171 1297 4225 quam
1349 4172 1571 4215 causam
1617 4160 1686 4214 ah
1731 4159 1836 4214 hoc
1888 4160 2096 4216 circulo

535 4242 861 4312 aequinoctia
899 4242 1055 4299 ﬁunt.

609 4336 877 4394 llibernus
906 4338 1149 4408 tropicus
1185 4338 1427 4397 circulus
1459 4342 1527 4398 ab
1570 4341 1856 4401 horizonte
1890 4346 1970 4401 sic
2010 4363 2099 4403 se-

538 4442 711 4495 catur,
743 4436 802 4484 ut
827 4431 1010 4487 minus
1039 4442 1378 4501 segmentum
1409 4432 1475 4489 sit
1515 4451 1680 4507 supra
1707 4447 1907 4494 terram
1940 4459 1954 4495 :
1980 4457 2098 4496 ma-

2199 3236 2428 3307 ὁρίζοντι
2448 3237 2475 3289 6
2500 3235 2709 3306 θερινὸς
2730 3239 2985 3309 τροπικὸς
3014 3241 3212 3308 κύκλος
3245 3244 3350 3299 61:6
3376 3246 3469 3301 τοῦ
3491 3249 3770 3321 ὁρίζοντος

2198 3327 2456 3398 τέτμηται
2484 3326 2677 3392 οὕτως,
2717 3328 3008 3398 ὥστε,τοῦ
3044 3334 3165 3389 ὂλου
3207 3337 3405 3392 κύκλου
3433 3339 3770 3413 διῃρημένου

2200 3420 2277 3481 είς
2306 3418 2443 3491 μέρη
2475 3418 2585 3491 μη’,
2620 3420 2686 3474 τὰ
2720 3422 2819 3492 μὲν
2852 3423 2933 3478 κϐ¹
2958 3428 3220 3499 τμήματα
3244 3432 3382 3503 ὑπὲρ
3403 3433 3492 3486 τὸν
3521 3435 3770 3506 ὁρίζοντα

2199 3510 2691 3581 ἀπολαμϐάνεσθαι,
2726 3514 2795 3567 τά
2820 3515 2877 3569 δὲ
2911 3516 2975 3570 ιϐ’
3001 3519 3105 3572 61:6
3127 3520 3248 3592 γῆν.
3291 3523 3386 3576 Ἐκ
3410 3524 3467 3578 δὲ
3492 3526 3595 3597 τῆς
3628 3529 3769 3582 διαι-

2201 3604 2402 3676 ρέσεως
2445 3606 2647 3681 ταύτης
2694 3610 2973 3666 ἀκολουθεῖ
3008 3611 3105 3681 τὴν
3138 3614 3402 3687 μεγίστην
3448 3618 3672 3691 ἡμέραν
3714 3624 3771 3675 ὲν

2210 3697 2374 3769 Ῥόδῳ
2408 3698 2651 3768 γίνεσθαι
2679 3702 2837 3774 ὡρῶν
2874 3704 3201 3777 ίσημερινῶν
3233 3707 3351 3771 ιδςη
3386 3708 3485 3782 τὴν
3509 3710 3569 3765 δὲ
3597 3711 3770 3767 νύκτα

2200 3788 2356 3859 ὡρῶν
2389 3792 2719 3865 ίσημερινῶν
2746 3794 2868 3861 Θςη.

2280 3881 2339 3936 '0
2370 3881 2427 3936 δὲ
2460 3885 2771 3959 ἰσημερινὺς
2796 3887 2992 3953 κύκλος
3020 3890 3140 3944 καθ’
3162 3891 3289 3964 ὅλην
3316 3894 3414 3965 τὴν
3440 3897 3768 3969 οἰκουμένην

2199 3975 2559 4046 διχοτομεῖται
2585 3977 2690 4033 61:6
2710 3978 2803 4032 τοῦ
2833 3979 3122 4050 ὁρίζοντος,
3149 3983 3289 4037 ὥστε
3313 3987 3639 4058 ἡμικύκλιον
3669 3992 3766 4062 μὲν

2201 4066 2339 4139 ὑπὲρ
2373 4066 2476 4137 γῆν
2520 4068 3015 4141 ἀπολαμϐάνεσθαι,
3053 4075 3374 4146 ἡμικύκλιον
3400 4079 3457 4132 δὲ
3490 4081 3595 4134 61:6
3626 4083 3759 4153 γῆνο

2200 4157 2267 4211 δι’
2291 4158 2357 4229 ἢν
2388 4157 2563 4213 αἰτίαν
2593 4159 2696 4213 61:6
2722 4160 2814 4213 τοῦ
2852 4162 3049 4217 κύκλου
3099 4166 3285 4220 τούτου
3308 4171 3363 4222 αί
3417 4172 3692 4243 ἰσημερίαι
3719 4176 3756 4208 ¹⁹

2202 4249 2458 4313 γίνονται.

2254 4402 2261 4409 ,
2285 4344 2342 4401 Ὁ
2367 4344 2424 4397 δὲ
2449 4347 2754 4417 χειμερινὸς
2783 4350 3040 4420 τροπικὸς
3075 4351 3274 4417 κύκλος
3306 4355 3406 4407 ὑπὸ
3428 4354 3517 4408 τοῦ
3555 4357 3761 4427 ὁρίζον-

2201 4452 2292 4499 τος
2309 4438 2563 4508 τέμνεται
2585 4438 2775 4506 οὖτως,
2799 4440 2937 4494 ὥστε
2958 4442 3018 4495 τὸ
3045 4444 3144 4512 μὲν
3162 4443 3384 4499 ἔλασσον
3402 4447 3591 4518 τμῆμα
3618 4450 3761 4523 ὑπὲρ

535 4519 627 4588 jus
669 4536 800 4576 vero
843 4520 987 4575 infra
1038 4529 1261 4577 terram.
1311 4523 1653 4596 lnaequalitas
1694 4538 2095 4600 segmentorum

2202 4528 2306 4599 γῆν
2348 4527 2611 4596 γίνεσθαι,
2638 4531 2698 4585 τὸ
2728 4532 2785 4585 δὲ
2817 4532 2998 4603 μεῖζον
3024 4533 3127 4588 ύπὺ
3159 4537 3279 4607 γῆν.
3329 4536 3389 4591 Ἡ
3424 4538 3481 4592 δὲ
3511 4519 3762 4613 ἀνισότης

538 4611 782 4665 eamdem
804 4611 968 4667 habet
995 4610 1371 4670 diversitatem
1398 4616 1456 4670 in
1476 4617 1729 4673 omnibus
1760 4618 2095 4686 climatihus,

541 4716 661 4770 qua:
697 4701 853 4758 ﬁebat
882 4704 1045 4760 etiam
1087 4706 1141 4759 in
1162 4706 1349 4762 aestivo
1375 4708 1587 4779 tropico
1615 4711 1842 4766 circulo.
1872 4711 2100 4784 Semper

541 4791 683 4844 enim
705 4791 914 4846 alterna
939 4801 1217 4864 segmenta
1240 4797 1576 4866 tropieorum
1597 4798 1928 4856 circulorum
1954 4803 2098 4859 inter

543 4895 603 4935 se
653 4889 780 4936 sunt
826 4884 1074 4952 mqualia.
1130 4882 1212 4938 Ob
1264 4901 1425 4954 quam
1470 4901 1695 4943 causam
1743 4890 2097 4962 longissimus

530 4970 660 5026 dies
714 4973 937 5043 aequalis
991 4983 1075 5029 est
1128 4975 1460 5047 longissima:
1514 4980 1684 5035 nocti.
1753 4982 2100 5042 Antarcticus

544 5062 783 5119 circulus
821 5071 969 5119 totus
995 5065 1136 5119 infra
1175 5066 1513 5125 horizontem
1550 5074 1878 5132 occultatur.

617 5238 693 5293 Ex
752 5238 993 5310 quinque
1052 5245 1326 5312 prmdictis
1383 5250 1656 5320 parallelis
1695 5252 1953 5322 circulis,
2007 5256 2100 5311 alii

636 5392 778 5468 "rp.
812 5397 1107 5471 ἐλάχιστον.
1186 5403 1227 5435 ¹⁸
1255 5403 1298 5473 Ῑ.
1335 5406 1494 5461 ίσαίτ.

623 5552 725 5625 (li)
771 5557 864 5609 Ἐν
897 5556 965 5612 δὲ
992 5557 1072 5624 τῷ
1109 5559 1258 5614 κατὰ
1295 5561 1515 5616 Ῥόδον.
1553 5563 1688 5618 Cum
1739 5564 1812 5620 sit
1856 5564 2101 5620 maxima

420 5664 433 5673 ,
549 5623 663 5679 dies
695 5627 796 5679 sub
826 5629 1079 5696 parallelo
1108 5629 1321 5683 Rhodio
1347 5630 1601 5686 horarum
1644 5634 1710 5687 M
1746 5642 1803 5692 ct
1834 5634 2097 5696 dimidiae.

548 5705 601 5750 et
629 5710 735 5753 nox
765 5698 984 5753 minima
1002 5698 1265 5753 horarum
1289 5700 1322 5754 9
1350 5710 1402 5755 et
1429 5701 1683 5765 dimidiae.
1716 5704 1951 5763 maxima
1981 5706 2101 5762 dies

1593 5408 1634 5440 ¹⁹
1668 5426 1758 5479 7p.
1795 5412 1882 5481 ίση
1891 5412 2122 5481 μεριναί.

2204 4622 2310 4676 τῶν
2336 4623 2635 4693 τμημάτων
2661 4623 2758 4696 τὴν
2790 4625 2957 4697 αὐτὴν
2980 4625 3330 4699 παραλλαγὴν
3361 4629 3474 4700 ἔχει
3508 4632 3597 4685 ἐπὶ
3626 4634 3762 4688 πάν-

2201 4727 2310 4767 των
2338 4713 2446 4766 τῶν
2472 4715 2769 4786 κλιμάτων,
2791 4717 2913 4787 ἥτις
2933 4718 3139 4787 ἐγίνετο
3166 4720 3260 4771 καί¹
3309 4722 3403 4773 ἐπὶ
3439 4721 3532 4775 τοῦ
3557 4722 3764 4794 θερινοῦ

2202 4804 2467 4874 τροπικοῦ
2514 4807 2734 4862 κύκλου.
2772 4807 2870 4861 Διά
2903 4809 3102 4873 παντὸς
3137 4810 3243 4881 γὰρ
3275 4810 3345 4866 τὰ
3373 4813 3598 4879 ἐναλλὰξ
3627 4819 3764 4887 τμή-

2206 4911 2350 4965 ματα
2379 4897 2487 4952 τῶν
2509 4900 2783 4975 τροπικῶν
2809 4901 3021 4957 κύκλων
3058 4902 3145 4957 ῐσα
3165 4903 3415 4977 ἀλλήλοις
3444 4909 3581 4963 ὲστί.
3606 4912 3688 4963 Δι’
3706 4914 3761 4983 ἣν.

2205 4988 2383 5042 αἰτίαν
2413 4991 2445 5061 ἠ
2480 4992 2707 5064 μεγίστη
2748 4992 2928 5064 ἡμέρα
2960 4994 3044 5066 ίση
3089 4996 3204 5049 ἐστὶ
3230 4999 3295 5068 τῇ
3327 5000 3559 5072 μεγίστῃ
3592 5002 3764 5056 νυκτί.

2217 5076 2274 5129 Ὀ
2302 5077 2359 5131 δὲ
2377 5080 2728 5152 ἀνταρκτικὸς
2755 5081 2949 5146 κύκλος
2975 5083 3093 5149 ὅλος
3116 5085 3220 5138 ὑπὸ
3246 5087 3337 5140 τὸν
3367 5088 3618 5159 ὁρίζοντα
3639 5090 3769 5163 κρύ-

2207 5184 2338 5222 πτετ
2344 5188 2398 5225 αι
2407 5209 2421 5226 ο

2278 5262 2398 5318 Τῶν
2431 5263 2487 5318 δὲ
2523 5268 2929 5340 προειρημένων
2965 5272 3123 5325 πέντε
3152 5272 3505 5344 παραλλείαων
3532 5273 3767 5341 κύκλων,

2200 5567 2513 5696 ἒὲριιέἷιῧιίιῖῗ)
2557 5569 2783 5627 totidem
2831 5573 2992 5630 habet
3033 5574 3141 5642 ‘29,
3197 5586 3337 5659 quot
3378 5578 3603 5655 minima
3657 5591 3767 5633 uox
