4000 6206
173 384 276 437 ’ΠἹ

1187 375 1420 432 GEMINI
1464 373 1832 430 ELEHENTA
1890 370 2387 427 ASTRONOMIE.

3311 377 3412 430 778

172 503 320 560 τινῶν
357 499 457 573 μιν
492 499 562 554 τά
589 496 793 569 μεγέθη
822 496 941 551 καθ’
985 497 1112 568 ὃλην
1138 497 1236 568 τὴν
1268 497 1594 567 οἰκουμένην
1621 495 1739 549 δια-

1847 508 1976 548 suas
2009 491 2412 562 magnitudines
2442 507 2537 561 per
2575 500 2746 546 totam
2782 500 2986 547 terram
3022 492 3257 546 retinent
3289 508 3412 548 eas-

173 596 312 666 μένει
342 593 409 646 τά
439 591 610 656 αύτά,
646 591 806 645 τινῶν
825 590 880 644 δὲ
905 589 974 643 τά
997 590 1135 643 αὑτά
1171 586 1374 660 μεγέθη
1409 587 1739 658 μεταπίπτει

168 684 311 756 παρὰ
323 683 388 736 τὰ
411 682 669 752 κλίματα,
691 680 784 734 καὶ
805 677 886 743 οἷς
905 679 1004 751 μὲν
1019 679 1282 750 μείζονες,
1294 675 1373 742 οἷς
1388 678 1442 731 δὲ
1456 677 1739 740 ἐλάσσονες

168 777 218 828 ot
239 774 414 828 κύκλοι
433 773 694 841 γίνονται.
727 773 787 825 Οἱ
820 773 918 844 μὲν
935 772 1042 843 γὰρ
1065 770 1333 842 τροπικοὶ,
1361 771 1452 822 κα)⁵
1472 771 1500 821 6
1537 771 1728 841 ἰσημε-

176 867 306 937 ρινὸς
345 865 468 919 καθ’
514 864 639 935 ὃλην
675 864 772 934 τὴν
815 864 1138 934 οἰκουμένην
1175 862 1278 915 ῐσοι
1309 862 1414 915 εἰσὶ
1435 865 1544 925 τοῖς
1576 862 1736 930 μεγέ-

174 961 338 1014 θεσιν·
384 959 433 1011 oi
474 957 529 1010 δὲ
559 957 807 1027 ἀρκτικοὶ
847 955 1034 1010 κύκλοι
1074 956 1468 1027 μεταπίπτουσι
1495 954 1638 1007 κατὰ
1673 953 1742 1007 τά

175 1051 368 1124 μεγέθη
387 1069 400 1081 ο
432 1050 528 1104 καὶ
551 1044 631 1112 οἷς
659 1048 758 1119 μὲν
783 1046 1044 1120 μείζονες.
1075 1042 1155 1112 οἷς
1184 1048 1239 1100 δὲ
1262 1047 1542 1107 ἐλάττονες
1570 1047 1744 1114 γίνον-

169 1160 274 1198 ται.
301 1143 426 1204 Τοῖς
461 1141 560 1211 μὲν
590 1139 698 1211 γὰρ
732 1139 868 1210 πρὸς
896 1140 1094 1210 ἄρκτον
1141 1137 1348 1191 οἰκοῦσι
1392 1137 1636 1208 μείζονες
1684 1138 1735 1190 οἱ

171 1233 410 1308 ἀρκτικοὶ
433 1231 622 1285 κύκλοι
644 1231 904 1298 γίνονται·
919 1229 1012 1282 τοῦ
1033 1229 1140 1300 γάρ
1157 1228 1319 1282 πόλου
1343 1229 1740 1300 μετεωρότερον

171 1325 506 1398 φαινομένου,
545 1323 758 1394 ἀνάγκη
794 1324 888 1375 καὶ
924 1321 1014 1376 τὸν
1077 1321 1334 1392 ἀρκτικὸν
1387 1320 1605 1386 κύκλον,
1641 1322 1739 1388 ἐφ-

171 1421 464 1490 απτόμενον
494 1415 588 1470 τοῦ
637 1416 932 1488 ὁρίζοντος,
971 1415 1189 1486 μείζονα
1233 1415 1320 1468 ἀεὶ
1355 1413 1551 1483 μᾶλλον
1595 1413 1742 1482 γίνε-

172 1511 314 1565 σθαι⁸
345 1511 461 1573 τοῖς
493 1509 550 1562 δέ
583 1525 663 1561 τοι
693 1508 830 1579 πρὸς
859 1506 1057 1579 ἄρκτον
1073 1508 1117 1538 ὀ
1143 1507 1350 1561 οίκοῦσι
1380 1507 1586 1576 γίνεταί
1611 1523 1740 1560 ποτε

171 1608 198 1658 6
227 1604 431 1676 θερινὸς
474 1601 735 1673 τροπικὸς
767 1599 966 1664 κύκλος
1004 1600 1263 1672 ἀρκτικός
1283 1619 1295 1630 ·
1327 1599 1468 1654 ὥστε
1501 1601 1624 1663 τοὺς
1648 1599 1742 1653 δύο

173 1696 392 1758 κύκλους
433 1694 746 1765 ἐφαρμόσαι
784 1691 1052 1762 ἀλλήλοις,
1098 1692 1188 1744 τὸν
1238 1691 1446 1762 θερινὸν
1482 1691 1740 1762 τροπικὸν

173 1788 380 1848 κύκλον,
415 1784 634 1838 καὶτὸν
688 1783 966 1855 ἀρκτικὸν,
1008 1783 1102 1836 καὶ
1153 1781 1280 1852 μίαν
1331 1781 1515 1836 λαϐεῖν
1564 1779 1736 1846 τάξιν.

173 1881 306 1952 Πρὸς
345 1879 402 1932 δὲ
437 1877 566 1940 τοὺς
598 1849 1036 1947 ἀρκτικωτέρους
1061 1849 1258 1938 τόπους
1285 1873 1496 1928 καὶτοῦ
1527 1872 1738 1945 θερινοῦ
1773 1849 1813 1906 Β

173 1971 421 2046 τροπικοῦ
456 1971 658 2025 κύκλου
690 1969 933 2041 μείζονες
970 1971 1018 2022 οί
1053 1968 1300 2040 ἀρκτικοὶ
1338 1968 1598 2037 γίνονται.

235 2066 411 2137 Πέρας
436 2063 495 2115 δέ
524 2063 640 2115 ἐστι
668 2079 752 2126 τις
782 2059 934 2131 χώρα
961 2060 1096 2134 πρὸς
1125 2059 1325 2132 ἄρκτον
1347 2060 1595 2131 κειμένη,
1621 2060 1678 2112 ὲν

171 2161 196 2212 6
234 2159 328 2228 μὲν
363 2157 526 2220 πόλος
575 2153 719 2208 κατά
764 2153 1008 2226 κορυφὴν
1060 2152 1296 2221 γίνεται·
1327 2155 1356 2205 6
1390 2152 1446 2205 δὲ
1485 2153 1744 2224 ἀρκτικὸς

173 2251 356 2315 κύκλος
396 2250 495 2321 τὴν
524 2247 618 2301 τοῦ
658 2247 928 2319 ὁρίζοντος
955 2247 1138 2317 ἐπέχει
1168 2244 1342 2311 1ιά.ξιν,
1378 2245 1472 2298 καὶ
1502 2245 1745 2317 ἐφαρμόο

173 2342 245 2409 ζει
283 2343 433 2413 αύτῷ
462 2340 605 2394 κατά
635 2338 734 2410 τήν
767 2337 1100 2409 ἐπιστροφὴν
1141 2337 1233 2390 τοῦ
1281 2337 1506 2406 κόσμου,
1542 2335 1635 2388 καὶ
1687 2335 1746 2386 τὸ

172 2435 287 2488 αύτὸ
345 2430 580 2504 μέγεθος
631 2428 894 2500 λαμϐάνει
946 2427 1024 2497 τῷ
1071 2425 1402 2499 ίσημερινῷο
1437 2425 1576 2478 ὣστε
1620 2423 1743 2486 τοὺς

173 2528 302 2597 τρεῖς
328 2523 589 2585 κύκλους,
614 2520 706 2574 τὸν
732 2518 1013 2591 ἀρκτικὸν,
1049 2518 1142 2570 καὶ
1167 2517 1257 2570 τὸν
1289 2515 1620 2588 ίσημερινὸν,
1652 2516 1745 2568 καὶ

173 2621 249 2672 τὸν
267 2600 521 2690 ὁρίζοντα
547 2616 646 2685 τὴν
674 2612 841 2684 αὐτὴν
874 2610 1026 2678 τάξιν
1060 2611 1152 2664 καὶ
1176 2611 1323 2665 θέσιν
1349 2610 1666 2680 λαμϐάνειν.

233 2711 397 2764 Πάλιν
447 2707 505 2760 δὲ
535 2708 648 2768 τοῖς
681 2703 816 2773 πρὸς
861 2701 1204 2772 μεσημϐρίαν
1248 2703 1280 2770 ἡ
1291 2698 1406 2770 μῶν
1434 2697 1668 2751 οἰκοῦσιν
1695 2697 1743 2748 οἱ

178 2803 258 2873 μὲν
283 2801 440 2855 πόλοι
461 2796 836 2867 ταπεινότεροι
867 2793 1141 2863 γίνονται⁹
1177 2793 1227 2845 οἱ
1268 2792 1324 2844 δὲ
1370 2792 1617 2862 ἀρκτικοὶ
1647 2789 1744 2842 κύ-

175 2896 275 2949 γλοι
304 2895 618 2954 ἐλάσσονες.
643 2890 753 2942 Καὶ
795 2887 970 2958 πέρας
1000 2884 1116 2938 ἔστι
1160 2883 1311 2958 χώρα
1352 2901 1434 2947 τις
1473 2883 1607 2955 πρὸς
1647 2899 1742 2952 με-

178 2989 440 3060 σημϐρίαν
486 2984 648 3056 ἡμῶν
691 2981 939 3052 κειμένη’
971 2979 1110 3050 αύτὴ
1139 2978 1196 3031 δέ
1237 2980 1383 3031 ἐστιν
1416 2979 1448 3048 ὴ
1479 2977 1746 3046 λεγομένη

178 3079 265 3132 ὐπὸ
290 3079 383 3131 τὸν
434 3072 770 3146 ἰσημερινὸν,
807 3072 864 3124 ἐν
979 3069 1026 3122 οἱ
1061 3068 1158 3139 μὲν
1193 3067 1346 3120 πόλοι
1375 3067 1466 3120 ἐπὶ
1505 3066 1598 3120 τοῦ
1631 3068 1746 3138 ὁρί-

1844 586 1987 649 dem,
2037 585 2128 638 alii
2169 584 2385 638 easdem
2434 585 2837 655 magnitudines
2872 586 3264 655 mutantjuxta
3309 588 3412 640 ch-

1844 688 2010 741 mata,
2039 688 2094 734 et
2131 679 2252 734 aliis
2293 679 2427 734 locis
2472 679 2728 748 majores,
2773 680 2894 734 aliis
2934 681 3174 734 minores
3209 680 3264 734 hi
3304 678 3415 734 cir-

1844 772 1952 826 culi
1995 771 2149 826 ﬁunt.
2198 771 2414 842 Tropici
2461 773 2602 828 enim
2669 781 2722 827 et
2760 774 3161 842 :equinoctialis
3202 789 3298 844 per
3332 786 3415 829 to-

1843 872 1952 918 tam
1979 873 2180 920 terram
2222 867 2688 936 magnitudinibus
2733 876 2955 921 manent
2994 868 3179 923 iidem.
3214 869 3284 922 At
3323 885 3412 924 ar-

1843 959 1968 1013 ctici
2001 959 2192 1013 circuli
2217 969 2498 1014 mutantur
2525 962 3019 1030 magnitudinibus,
3050 968 3103 1016 et
3128 961 3253 1016 aliis
3275 963 3414 1018 locis

1843 1052 2106 1121 majores,
2143 1052 2265 1107 aliis
2296 1054 2536 1110 minores
2571 1054 2725 1106 ﬁunt.
2767 1054 2835 1108 lis
2873 1055 3015 1108 enim
3088 1055 3182 1125 qui
3223 1069 3416 1109 versus

1845 1144 2272 1216 septentrionem
2315 1147 2584 1208 habitant,
2627 1146 2866 1214 majores
2907 1146 3042 1200 lium
3070 1149 3264 1204 arctici
3305 1151 3417 1203 cir-

1844 1236 1952 1290 culi
1979 1254 1992 1290 :
2023 1251 2146 1290 cum
2185 1237 2332 1292 enim
2374 1237 2531 1306 polus
2563 1237 2726 1290 altius
2755 1236 2998 1291 elevatus
3033 1247 3278 1308 apparet,
3321 1257 3418 1293 ne-

1844 1343 2000 1383 cesse
2025 1337 2109 1384 est
2135 1329 2299 1384 etiam
2341 1331 2602 1384 arcticum
2631 1329 2918 1394 circulum,
2950 1331 3043 1399 qui
3077 1331 3414 1386 horizontem

1845 1419 2084 1488 attingit,
2121 1435 2341 1489 semper
2390 1420 2652 1489 majorem
2705 1420 2861 1484 fieri;
2903 1421 3103 1475 alicubi
3179 1437 3309 1477 vero
3347 1423 3415 1476 iis

1843 1511 1935 1582 qui
1961 1527 2152 1567 versus
2187 1512 2610 1581 septentrionem
2644 1513 2913 1576 habitant,
2946 1513 2994 1568 is
3023 1514 3284 1578 circulus,
3318 1517 3412 1584 qui

1843 1608 1927 1656 est
1955 1601 2177 1656 aestivus
2210 1602 2479 1671 tropicus,
2511 1601 2566 1654 lit
2594 1601 2758 1656 etiam
2790 1603 3052 1668 arcticus,
3087 1604 3160 1657 ita
3208 1611 3267 1658 ut
3302 1607 3415 1658 duo

1845 1692 2038 1747 circuli
2095 1693 2198 1748 sibi
2266 1693 2495 1748 invicem
2546 1702 2886 1764 congruant,
2944 1710 3139 1764 nempe
3188 1696 3414 1750 aestivus

1847 1785 2091 1856 tropicus
2129 1785 2394 1849 circulus,
2427 1794 2482 1841 et
2522 1788 2782 1850 arcticus,
2820 1803 3098 1858 unumque
3139 1789 3416 1859 accipiant

1845 1877 2030 1933 situm.
2059 1877 2128 1931 At
2154 1893 2348 1932 versus
2381 1878 2496 1933 loca
2529 1879 2703 1949 magis
2726 1879 3170 1949 septentrionalia
3203 1883 3414 1945 ,aestivo

1845 1969 2059 2038 tropico
2088 1967 2318 2032 circulo,
2352 1969 2514 2023 etiam
2539 1970 2776 2038 majores
2807 1969 2945 2024 ﬁunt
2975 1971 3166 2024 circuli
3197 1973 3411 2027 arctici.

1917 2059 2161 2116 Tandem
2188 2068 2271 2114 est
2299 2060 2453 2114 locus
2493 2060 2714 2130 quidam
2753 2076 2952 2116 versus
2986 2064 3412 2132 septentrionem

1844 2149 2004 2212 situs,
2047 2148 2104 2202 in
2133 2163 2240 2218 quo
2274 2148 2433 2219 polus
2461 2147 2518 2202 lit
2545 2150 2852 2218 verticalis;
2879 2153 3119 2208 arcticus
3146 2167 3273 2208 vero
3300 2155 3412 2208 cir-

1844 2242 2003 2296 culus
2055 2241 2358 2297 horizontis
2403 2243 2582 2298 locum
2632 2253 2886 2312 occupat,
2945 2244 3105 2315 eique
3161 2249 3416 2317 congruit

1845 2332 2142 2388 secundum
2177 2333 2366 2388 mundi
2398 2334 2836 2399 conversionem,
2885 2344 2940 2389 et
2982 2336 3228 2390 eamdem
3268 2338 3414 2390 acci-

1845 2427 1924 2498 pit
1969 2427 2401 2499 magnitudinem
2448 2443 2574 2482 cum
2624 2429 3016 2500 atquinoctiali,
3073 2434 3148 2484 ita
3197 2440 3256 2486 ut
3300 2444 3414 2487 tres

1845 2520 2061 2581 circuli,
2113 2521 2375 2584 arcticus,
2436 2523 2837 2592 aequinoctialis
2884 2529 2938 2577 et
2980 2522 3212 2578 horizon
3260 2541 3415 2580 eum-

1845 2613 1964 2668 dem
1997 2613 2160 2668 situm
2190 2621 2244 2667 et
2277 2614 2513 2683 positum
2550 2614 2841 2684 accipiant.

1920 2703 2132 2760 Rursus
2174 2704 2242 2760 iis
2288 2705 2380 2774 qui
2427 2719 2456 2758 a
2502 2705 2662 2760 nobis
2705 2721 2897 2761 versus
2942 2705 3224 2762 meridiem
3267 2708 3418 2762 habi-

1847 2805 1984 2864 tant,
2013 2797 2122 2869 poli
2153 2797 2287 2852 [inut
2317 2797 2654 2862 humiliores,
2696 2797 2888 2852 arctici
2915 2813 3046 2853 vero
3079 2797 3273 2853 circuli
3313 2800 3416 2854 mi-

1847 2907 2028 2947 nores.
2065 2889 2130 2944 Et
2167 2891 2385 2945 tandem
2411 2889 2560 2961 regio
2584 2899 2667 2946 est
2690 2890 2937 2961 quaedam
2973 2906 3004 2945 a
3038 2891 3198 2947 nobis
3223 2907 3418 2946 versus

1847 2986 2128 3040 meridiem
2162 2985 2288 3050 sita,
2315 2999 2379 3038 ea
2411 2992 2495 3040 est
2559 2999 2680 3054 qua!
2719 2984 2922 3039 dicitur
2947 3000 3069 3041 esse
3107 2986 3209 3040 sub
3243 2987 3416 3055 aequi-

1848 3077 2094 3140 noctiali,
2138 3077 2192 3130 in
2240 3090 2348 3150 qua
2386 3076 2494 3145 poli
2540 3075 2594 3130 in
2635 3076 2928 3131 .horizonte
2979 3078 3414 3138 constituuntur.

179 3173 335 3236 ζοντος
372 3169 641 3238 γίνονται,
671 3165 720 3216 oi
749 3163 806 3216 δὲ
839 3160 1091 3234 ἀρκτικοὶ
1123 3158 1310 3212 κύκλοι
1344 3157 1570 3211 καθόλου
1594 3159 1743 3211 ἀναι-

1849 3170 2038 3226 arctici
2073 3185 2203 3225 vero
2230 3171 2420 3224 circuli
2445 3185 2671 3240 prorsus
2697 3177 2824 3226 sunt
2847 3171 3044 3226 sublati
3082 3191 3094 3225 :
3128 3171 3201 3224 ita
3234 3179 3293 3225 ut
3321 3187 3420 3241 pro

183 3263 403 3335 ροῦνται·
435 3259 579 3313 ὥστε
627 3256 750 3310 ἀντὶ¹
791 3253 901 3308 τῶν
939 3252 1102 3305 πέντε
1141 3250 1500 3322 παραλλήλων
1531 3248 1743 3303 κύκλων

1847 3261 2090 3331 quinque
2119 3260 2343 3316 circulis
2383 3261 2657 3331 parallelis
2688 3269 2898 3316 tantum
2929 3270 3042 3316 tres
3081 3262 3210 3316 [iant
3236 3265 3420 3333 paral-

179 3361 302 3428 τρεῖς
346 3350 734 3424 παραλλήλους
777 3345 1043 3416 γίνεσθαι,
1072 3343 1197 3406 τούς
1225 3359 1283 3395 τε
1331 3341 1622 3414 τροπικους
1654 3341 1747 3394 καὶ

180 3450 253 3501 τὸν
276 3442 614 3519 ἰσημερινόν.
649 3439 748 3494 Διά
785 3437 894 3509 γὰρ
919 3435 986 3489 τά
1013 3432 1385 3506 προειρημένα
1411 3433 1508 3502 οὐχ
1545 3431 1746 3501 ὑπολη-

182 3543 318 3596 πτέον
372 3535 686 3597 καθολικῶς
716 3529 961 3602 γίνεσθαι
1002 3529 1126 3590 τοὺς
1169 3526 1327 3578 πέντε
1372 3523 1745 3595 παραλλήλους

183 3635 413 3696 κύκλους,
447 3628 560 3683 ἀλλ’
588 3626 664 3689 ὡς
709 3622 846 3695 πρὸς
888 3621 988 3692 τὴν
1015 3617 1287 3690 ἡμετέραν
1331 3615 1652 3685 οἰκουμένην
1685 3615 1746 3666 τὸ

182 3726 354 3797 πλῆθος
413 3720 595 3776 αὐτῶν
633 3714 934 3770 ἐκκεῖσθαι.
971 3713 1091 3765 Εἰσὶ
1125 3710 1233 3782 γάρ
1283 3725 1427 3772 τινες
1456 3707 1742 3778 ὁρίζοντες,

185 3817 230 3867 ἑν
255 3811 328 3880 οἷς
354 3815 517 3890 τρεῖς
561 3811 722 3882 μόνον
755 3804 1090 3878 παράλληλοι
1119 3803 1379 3872 γίνονται.

240 3909 350 3962 Εἰσὶ
459 3906 705 3974 οἰκήσεις
738 3900 850 3968 (18)
895 3897 987 3950 ἐπὶ
1013 3895 1112 3966 τῆς
1153 3894 1277 3964 γῆς,
1309 3886 1383 3945 ὦν
1416 3889 1602 3962 πρώτη
1651 3891 1747 3960 μὲν

181 3998 389 4070 οἴκησις,
429 3994 515 4064 ἐφ’
545 3988 613 4065 ἦς
635 3994 663 4044 6
691 3989 900 4060 θερινὸς
929 3985 1189 4058 τροπικὸς
1225 3982 1420 4045 κύκλος
1453 3979 1747 4049 ἐφάπτεται

184 4089 258 4142 τοῦ
310 4088 625 4161 ὁρίζοντος,
655 4083 748 4137 καὶ
797 4080 894 4152 τὴν
932 4077 1026 4132 τοῦ
1076 4073 1337 4148 ἀρκτικοῦ
1377 4073 1574 4126 κύκλου
1599 4072 1749 4137 τάξιν

183 4177 469 4250 λαμϐάνει·
507 4175 734 4246 δευτέρα
788 4173 846 4226 δὲ
897 4170 1109 4242 οἴκησις
1154 4171 1188 4240 ή
1221 4167 1483 4238 λεγομένη
1515 4165 1619 4217 ὑπὸ
1658 4163 1747 4216 τὸν

186 4272 342 4328 πόλον·
377 4272 548 4344 τρίτη
595 4268 652 4321 δέ
693 4267 842 4320 ἐστιν
881 4265 1111 4334 οἴκησις,
1144 4261 1281 4332 ὑπὲρ
1317 4253 1384 4331 ἦς
1417 4257 1612 4330 μικρὸν
1650 4255 1749 4326 εμ-

187 4367 397 4436 προσθεν
448 4364 773 4435 εἰρήκαμεν,
811 4356 906 4410 καὶ
948 4351 1457 4428 προσαγορευομένη
1503 4350 1610 4404 ὑπὸ
1659 4349 1748 4401 τὸν

187 4456 502 4530 ἰσημερινόν.

1849 3353 1960 3419 leli,
1987 3367 2187 3423 nempe
2215 3352 2322 3408 duo
2357 3353 2573 3424 tr0pici.
2599 3361 2653 3408 et
2676 3354 3094 3424 mquinoctialis.
3128 3353 3247 3409 Non
3269 3357 3418 3412 enim

1849 3445 2272 3502 existimandum
2297 3452 2401 3509 est,
2443 3454 2666 3516 pr0pter
2695 3459 2760 3500 ea
2817 3461 2938 3516 quae
2970 3446 3226 3514 praedicta
3265 3457 3418 3510 sunt.

1850 3538 2235 3594 univcrsaliter
2276 3541 2519 3609 quinque
2552 3555 2674 3594 esse
2700 3539 2988 3608 parallelos
3021 3539 3282 3607 circulos,
3322 3542 3416 3596 sed

1849 3639 2100 3704 respectu
2128 3640 2330 3688 nostra:
2369 3632 2724 3687 habitationis
2775 3632 3180 3687 multitudinem
3226 3648 3416 3689 eorum

1847 3741 1970 3780 esse
2006 3724 2332 3795 expositam.
2385 3722 2524 3778 Sunt
2557 3725 2701 3779 enim
2735 3722 2958 3793 quidam
3000 3723 3334 3789 horizontes,
3368 3728 3418 3778 in

1849 3821 2050 3891 quibus
2075 3826 2290 3873 tantum
2322 3827 2432 3872 tres
2460 3828 2588 3872 sunt
2622 3817 2816 3871 circuli
2844 3817 3111 3886 paralleli.

1893 3911 2062 3966 ‘Sunt
2090 3917 2270 3966 autem
2300 3911 2355 3965 in
2390 3918 2537 3965 terra
2570 3909 2955 3974 habitationes,
2985 3926 3218 3980 quarum
3245 3911 3419 3981 prima

1848 4011 1952 4066 est,
1981 4003 2035 4056 in
2068 4003 2165 4071 ιι
2198 4017 2304 4072 qua
2365 4001 2587 4056 aestivus
2628 4001 2874 4070 tropicus
2921 4001 3163 4056 circulus
3203 4002 3422 4071 attingit

1850 4095 2209 4160 horizontem,
2264 4100 2319 4147 et
2368 4075 2533 4147 situm
2579 4091 2767 4145 arctici
2810 4090 3005 4146 circuli
3053 4090 3291 4162 accipit;
3333 4109 3422 4148 se-

1849 4187 2026 4243 cunda
2059 4195 2143 4242 est
2190 4185 2479 4249 habitatio,
2521 4200 2643 4254 quae
2677 4183 2877 4239 dicitur
2931 4199 3056 4240 esse
3108 4185 3212 4240 sub
3254 4185 3422 4255 pOIu;

1849 4283 2011 4338 tertia
2048 4288 2133 4336 est
2176 4279 2462 4342 habitatio,
2513 4278 2581 4333 de
2611 4293 2718 4350 qua
2767 4279 2930 4347 paulo
2977 4286 3105 4333 ante
3149 4277 3420 4336 diximus.

1850 4391 1971 4446 qua:
1997 4375 2199 4429 dicitur
2227 4389 2350 4429 esse
2383 4373 2488 4429 sub
2511 4372 2902 4444 arquinoetiali.

244 4527 396 4605 Ὅθεν
431 4549 544 4603 οὐδ’
569 4549 605 4618 ἡ
639 4543 788 4612 τάξις
811 4542 917 4595 τῶν
943 4539 1102 4593 πέντε
1138 4535 1494 4610 παραλλήλων
1528 4533 1741 4587 κύκλων

1917 4529 2072 4584 Unde
2098 4545 2167 4584 ne
2194 4529 2332 4585 ordo
2352 4528 2568 4600 quidem
2595 4527 2837 4598 quinque
2867 4527 3250 4598 parallelorum
3279 4528 3422 4583 idem

189 4643 215 4711 ἡ
240 4645 364 4716 αὐτὴ
393 4641 550 4714 παρά
577 4638 740 4693 πᾶσίν
765 4638 911 4689 ἐστιν
931 4650 944 4662 ·
981 4632 1094 4687 ἀλλ’
1128 4633 1186 4683 ἐν
1223 4629 1318 4700 μὲν
1351 4631 1417 4699 τῇ
1443 4626 1564 4681 καθ’
1597 4627 1744 4716 ήμάς

188 4715 457 4806 οίκουμένῃ
492 4729 708 4803 πρῶτος
761 4725 861 4798 μὲν
900 4721 1225 4793 ὀνομάζεται
1250 4720 1278 4772 6
1309 4717 1588 4790 ἀρκτικὸς,
1623 4715 1745 4769 δεύ-

191 4840 319 4896 τερος
347 4827 402 4880 δὲ
432 4828 463 4879 ὁ
503 4821 711 4894 Θερινὸς
742 4814 1021 4890 τροπικὸς,
1047 4813 1228 4884 τρίτος
1256 4810 1312 4864 δὲ
1344 4813 1373 4863 6
1409 4809 1740 4881 ίσημερινὸς,

191 4917 420 4991 τέταρτος
457 4917 518 4971 δὲ
566 4916 596 4968 6
643 4911 951 4983 χειμερινὸς
998 4904 1278 4978 τροπικὸς,
1312 4901 1574 4972 ’πέμπτος
1620 4900 1676 4954 δὲ
1715 4902 1744 4952 6

193 5011 548 5085 ἀνταρκτικός.

248 5083 359 5169 Τοῖς
389 5105 445 5158 δὲ
477 5100 613 5175 πρὸς
643 5099 842 5171 ἄρκτον
871 5093 1068 5167 μᾶλλον
1105 5088 1262 5163 ἡμῶν
1289 5085 1494 5141 οίκοῦσι
1528 5083 1738 5154 γίνεταί

194 5212 302 5249 ποτε
333 5196 546 5267 πρῶτος
580 5191 684 5262 ,μὲν
713 5191 743 5243 6
776 5187 988 5261 θερινὸς
1020 5182 1278 5256 τροπικὸς
1313 5178 1528 5242 κύκλος,
1559 5175 1744 5231 δεύτε-

196 5303 270 5353 ρος
289 5288 342 5342 δὲ
371 5292 400 5344 6
428 5284 713 5358 ἀρκτωὼς,
739 5277 919 5353 τρίτος
949 5275 1007 5330 δὲ
1033 5278 1062 5328 6
1111 5272 1441 5345 ίσημερινὸς.
1486 5271 1740 5340 τέταρτος

268 5444 308 5476 ³⁸
330 5463 417 5513 π).
455 5440 825 5512 μεσημϐρίαν.

259 5561 358 5629 (18)
390 5561 523 5616 Εἰσί
553 5559 622 5613 δὲ
651 5561 940 5626 οὶκησεις.
973 5549 1202 5629 Τι’ἰριοκ
1231 5545 1495 5629 habitatio
1526 5552 1630 5629 est,
1678 5543 1734 5624 in

205 5618 290 5696 qua
322 5618 694 5702 parallelorum
727 5618 987 5702 numerus
1017 5618 1301 5702 minuitur.
1335 5618 1513 5702 Prima
1545 5618 1735 5702 est,

208 5685 292 5766 q'na
323 5685 790 5772 polus—attollitur
819 5696 1081 5772 gradibus
1115 5690 1351 5772 totidem.
1370 5694 1519 5772 quot.
1547 5701 1576 5739 a
1609 5685 1734 5772 polo

211 5763 425 5841 irspicus
445 5774 607 5829 distat
631 5790 644 5826 :
684 5763 1036 5841 unde'arctici
1071 5765 1246 5817 instar
1273 5763 1649 5841 esttropicus,
1678 5763 1732 5841 et

213 5826 653 5912 Nilesﬁloci‘polo
685 5839 892 5896 zodiaci
924 5837 1145 5895 subest,
1172 5847 1245 5895 ac
1267 5828 1527 5908 zodiacus
1561 5826 1733 5884 semel

494 5937 763 5995 ΡΑτκοι..
811 5931 928 5993 Gn.
974 5927 1150 5988 XIX.

1851 4632 1935 4680 est
1961 4624 2104 4692 apud
2136 4637 2326 4678 omnes
2346 4664 2362 4687 ,
2395 4622 2492 4677 sed
2530 4622 2586 4675 in
2612 4631 2798 4677 nostra
2830 4620 3166 4677 habitatione
3204 4623 3419 4697 primus

1851 4715 2163 4770 nominatur
2220 4713 2461 4768 circulus
2511 4713 2786 4775 arcticus,
2865 4714 3141 4769 secundus
3195 4715 3422 4770 aestivus

1849 4807 2093 4876 tr0picus
2116 4845 2130 4869 ,
2188 4806 2382 4860 tertius
2419 4805 2835 4875 aequinoctialis,
2873 4812 3103 4872 quartus
3158 4807 3422 4862 hibernus

1849 4897 2117 4967 tropicus.
2140 4897 2364 4952 uuintus
2396 4896 2747 4951 antarcticus.

1918 5081 1990 5136 lis
2008 5093 2134 5134 vero
2151 5079 2242 5148 qui
2272 5080 2444 5150 magis
2471 5077 2717 5132 habitant
2748 5093 2939 5133 versus
2967 5079 3416 5149 septentrionem,

1849 5189 2010 5246 quam
2045 5188 2166 5236 nos,
2198 5171 2256 5225 lit
2304 5171 2600 5241 aliquando
2652 5170 2864 5240 primus
2895 5173 3121 5226 aestivus
3171 5173 3417 5242 tropicus

1850 5267 2108 5330 circulus,
2141 5264 2414 5320 secundus
2438 5266 2674 5320 arcticus
2699 5304 2716 5332 ,
2752 5269 2946 5321 tertius
2975 5265 3376 5336 aequinoctialis
3402 5305 3418 5327 ,

1843 5542 1897 5598 in
1941 5542 2028 5597 die
2061 5539 2362 5596 horizontis
2409 5537 2585 5593 instar
2627 5537 2809 5592 habet.
2861 5534 3112 5591 Secunda
3155 5537 3420 5598 habitau‘o

1841 5622 1924 5669 est
1947 5614 2034 5666 ubi
2071 5619 2254 5667 vertex
2284 5617 2370 5666 est
2403 5609 2592 5665 mundi
2620 5611 2801 5678 polus.
2839 5609 2972 5663 Nam
3006 5608 3081 5660 ibi
3125 5609 3307 5664 nullus
3333 5624 3420 5663 est

1839 5682 2384 5766 circulnsoarcticus,
2419 5681 2498 5736 uti
2551 5695 2651 5735 nec
2692 5679 2748 5734 in
2784 5681 2970 5740 tertia.
3001 5694 3128 5748 quae
3175 5683 3420 5748 subjucct

1839 5764 2123 5828 aqualori.

3111 5876 3184 5965 es
