4000 6206
225 309 302 366 ῗ81
1271 307 1508 363 GEMINI
1549 307 1916 363 ELEMENTA
1954 307 2450 366 ASTRONOMIK‘I.

3335 309 3437 362 782’.

224 424 505 489 ιιαστασεις
559 423 770 495 ἔχουσιν
811 422 905 476 ἀπ’
940 423 1181 494 ἀλλήλων
1212 426 1260 477 οἱ
1295 424 1481 478 κύκλοι
1501 442 1516 457 ο
1571 427 1682 479 ἀλλ’
1716 427 1766 480 οί

1874 427 1970 482 has
2001 426 2202 481 habent
2227 439 2258 478 a
2297 440 2356 480 se
2413 423 2642 478 invicem
2699 423 2992 478 distantias
3024 442 3034 476 :
3083 423 3276 492 tt-opici
3311 440 3438 476 vero

225 521 314 592 μὲν
345 517 590 590 τροπικοὶ
634 515 821 569 κύκλοι
866 516 974 570 ἀπὸ
1011 514 1104 568 τοῦ
1145 516 1458 588 ἰσημερινοῦ
1491 519 1630 572 κατά
1662 520 1768 572 πᾶν

223 611 435 680 Ξγκλιμα
457 608 556 680 τὴν
581 607 748 678 αὐτὴν
780 608 1076 661 ἀπόστασιν
1104 607 1312 678 ἔχουσιν
1332 626 1346 638 ο
1374 609 1423 661 οί
1448 609 1504 662 δὲ
1524 613 1772 681 τροπικοὶ

223 701 389 754 ιιύκλοι
417 700 527 754 ἀπὸ
577 700 686 752 τῶν
717 700 991 771 ἀρκτικῶν
1028 699 1089 752 ού
1119 700 1216 770 τὴν
1253 701 1419 770 αὐτὴν
1447 701 1628 771 ἔχουσι
1653 703 1770 756 διὰ-

223 809 388 846 στασιν
439 792 581 844 κατά
623 791 831 855 πάντας
872 792 999 855 τοὺς
1048 791 1359 864 ὁρίζοντας,
1403 793 1516 846 ἀλλ⁴
1566 795 1614 846 οξ
1673 795 1770 866 μὲν

223 884 443 947 ἱλασσον,
473 884 522 938 οἱ
549 883 607 936 δὲ
646 882 807 936 πλέον
846 883 1207 955 διεστήκασιν.

290 976 513 1047 Ὁμοίως
545 975 603 1028 δὲ
637 974 756 1027 οὐδὲ
783 977 831 1028 oi
877 975 1127 1046 ἀρκτικοὶ
1155 976 1263 1030 ἀπὸ
1304 975 1412 1030 τῶν
1455 976 1632 1033 πόλων
1673 979 1772 1050 τὴν

223 1067 328 1140 ίσην
357 1069 660 1122 ἀπόστασιν
707 1066 889 1137 έχουσι
931 1067 1072 1120 κατά
1121 1069 1229 1121 πᾶν
1276 1067 1541 1140 ἔγκλιμα·
1575 1069 1692 1124 ἀλλ’
1723 1072 1771 1123 οἱ

225 1160 311 1231 μὲν
335 1159 618 1223 ἐλάσσονα,
644 1159 694 1211 οἱ
726 1158 784 1211 δὲ
809 1157 1046 1213 πλείονα.
1080 1159 1538 1230 Καταγράφονται
1588 1160 1774 1232 μέντοι

221 1269 275 1320 γε
297 1252 461 1304 πᾶσαι
490 1251 546 1303 αἱ
578 1248 918 1320 περιφέρειαι
948 1248 1082 1322 πρὸς
1113 1249 1206 1303 τὸν
1239 1251 1297 1304 ὲν
1323 1253 1387 1322 τῇ
1432 1249 1640 1307 Ἐλλάδι
1662 1253 1775 1323 όρί-

220 1345 382 1408 ζοντα.

280 1431 372 1486 Διά
397 1431 509 1485 τῶν
558 1429 737 1483 πόλων
763 1429 819 1483 δέ
865 1431 972 1483 εἰσι
1015 1430 1223 1494 κύκλοι,
1251 1433 1299 1486 οἱ
1339 1433 1442 1487 ύπό
1474 1451 1634 1488 τινων
1679 1434 1772 1489 κόο

219 1527 378 1596 λουροι
423 1522 970 1598 προσαγορευόμενοι,
1019 1519 1100 1589 οἷς
1135 1525 1485 1597 συμϐέϐηκεν
1529 1528 1623 1581 ἐπὶ
1664 1528 1774 1582 τῶν

221 1617 350 1671 ἰδίων
383 1615 748 1687 περιφερειῶν
781 1617 827 1647 ¹¹
851 1617 974 1680 τοὺς
1015 1616 1108 1670 τοῦ
1151 1617 1354 1690 κόσμου
1384 1619 1578 1684 πόλους
1605 1619 1769 1690 ἔχειν.

219 1711 467 1780 Κόλουροι
515 1709 574 1763 δὲ
630 1708 938 1780 κέκληνται,
988 1709 1077 1764 διὰ
1117 1712 1179 1766 τὸ
1236 1711 1376 1785 μέρη
1421 1713 1553 1768 τινὰ·
1594 1713 1774 1768 αὐτῶν

1871 519 2063 574 circuli
2093 517 2160 572 ab
2188 515 2559 588 aequinoctiali
2620 517 2671 569 in
2721 515 2872 570 omni
2921 514 3140 570 climate
3191 515 3434 571 eamdem

1873 611 2072 666 habent
2114 610 2462 677 distantiam;
2505 608 2599 664 sed
2629 609 2820 680 trapici
2852 609 3042 663 circuli
3095 608 3165 663 ab
3217 609 3438 664 arcticis

1871 719 1978 758 non
2000 706 2243 758 eamdem
2274 701 2800 756 habentdistantiam
2826 701 2882 755 in
2899 700 3153 757 omnibus
3178 700 3436 756 horizon-

1871 792 2038 855 tibus,
2075 791 2169 847 sed
2199 791 2292 846 alii
2325 791 2524 858 minus,
2558 791 2652 846 alii
2679 791 2802 860 plus
2835 791 3062 846 distant.

1943 967 2208 1024 Similiter
2236 983 2411 1038 neque
2451 968 2639 1024 arctici
2683 983 2714 1022 a
2756 967 2897 1040 polis
2924 967 3184 1040 aequalem
3234 969 3438 1026 habent

1873 1064 2187 1119 distantiam
2216 1063 2269 1118 in
2300 1064 2448 1118 omni
2479 1064 2695 1120 climate
2715 1105 2731 1130 ,
2784 1063 2879 1120 sed
2909 1063 3002 1117 alii
3025 1064 3314 1129 minorem,
3343 1065 3434 1118 alii

1874 1155 2158 1225 majorem.
2192 1153 2586 1211 Describuntur
2608 1163 2791 1212 tamen
2822 1171 3012 1211 omnes
3045 1155 3437 1214 circumferen-

1873 1248 1964 1302 tia:
1997 1248 2064 1303 ad
2089 1248 2425 1304 horizontem
2468 1247 2708 1303 Graeciae.

1945 1431 2049 1486 Per
2074 1433 2228 1503 polos
2255 1431 2406 1486 ducti
2437 1430 2631 1486 circuli
2666 1439 2794 1486 sunt
2821 1432 2859 1486 ii
2907 1432 2998 1502 qui
3041 1447 3071 1488 a
3112 1431 3434 1502 quibusdam

1875 1533 2138 1580 vocantur
2164 1524 2355 1586 coluri,
2401 1523 2602 1593 quibus
2655 1523 2917 1594 contingit
2965 1522 3017 1576 in
3049 1522 3284 1594 propriis
3329 1523 3437 1578 cir-

1875 1607 2246 1672 cumfercntit’s
2273 1617 2459 1671 mundi
2494 1616 2648 1686 polos
2685 1616 2904 1671 habere.
2935 1613 3212 1671 Vocantur
3257 1625 3435 1672 autem

1876 1709 2071 1772 coluri,
2106 1724 2170 1764 eo
2194 1709 2340 1780 quod
2382 1724 2568 1764 eorum
2596 1716 2780 1778 partes
2827 1709 3018 1780 aliqua!
3047 1709 3156 1766 sint
3186 1709 3435 1765 invisibi-

220 1801 493 1873 ἁθεὼρητα
537 1801 798 1870 γίνεσθαι.
848 1803 911 1856 Ol
951 1803 1047 1874 μὲν
1078 1803 1185 1875 γὰρ
1217 1803 1392 1858 λοιποὶ
1421 1806 1608 1860 κύκλοι
1636 1810 1772 1861 κατά

1875 1803 1973 1858 les.
2016 1801 2229 1872 Reliqui
2251 1801 2397 1856 enim
2419 1801 2615 1856 circuli
2642 1802 2741 1855 toti
2771 1809 3090 1872 spectantur
3137 1801 3435 1858 secundum

218 1897 302 1969 τὴν
326 1895 697 1969 περιστροφὴν
728 1894 820 1950 τοῦ
862 1896 1066 1967 κόσμου
1099 1897 1208 1950 ὅλοι
1251 1896 1598 1970 θεωροῦνται.
1653 1899 1774 1954 Τῶν

218 1989 265 2042 δὲ
290 1987 564 2060 κολούρων
593 1987 806 2041 κύκλων
851 1988 991 2059 μέρη
1032 1988 1155 2042 τινά
1193 1989 1338 2042 ἐστιν
1371 1988 1676 2062 ἀθεώρητα,
1707 1994 1776 2047 τὰ

220 2080 310 2135 ὑπὸ
331 2081 428 2135 τοῦ
461 2079 820 2152 ἀνταρκτικοῦ
856 2081 960 2134 ὑπὸ
990 2081 1082 2135 τὸν
1115 2081 1364 2152 ὁρίζοντα
1394 2083 1773 2154 ἀπολαμϐανό-

224 2190 365 2243 μενα.
393 2174 702 2245 Γράφονται
731 2171 786 2226 δὲ
817 2165 962 2226 οὗτοι
1004 2173 1054 2225 οἱ
1094 2171 1181 2227 διὰ
1211 2173 1321 2227 τῶν
1351 2173 1526 2227 πόλων
1555 2175 1641 2228 διὰ
1667 2175 1773 2228 τῶν

220 2265 480 2336 τροπικῶν
513 2265 607 2318 καί
651 2262 978 2335 ἰσημερινῶν
1021 2263 1283 2335 σημείων,
1317 2265 1411 2318 καὶ
1455 2267 1536 2329 είς
1563 2265 1605 2318 δ’
1633 2268 1774 2339 μέρη

221 2355 296 2413 [ac
317 2354 589 2427 διαιροῦσι
623 2354 715 2408 τὸν
742 2355 829 2408 διὰ
864 2355 1042 2426 μέσων
1065 2355 1174 2410 τῶν
1203 2354 1407 2421 ζωδίων
1437 2356 1654 2414 κύκλον.

275 2445 440 2512 Λοξος
479 2445 539 2498 δέ
585 2445 700 2498 ἐστι
728 2444 925 2509 κύκλος
953 2448 980 2500 ό
1003 2445 1112 2501 τῶν
1161 2444 1225 2517 ιβ’
1267 2447 1472 2512 ζωδίων
1491 2465 1505 2478 ο
1535 2449 1696 2512 αὐτὸς
1718 2450 1774 2503 δὲ

221 2538 275 2590 ἐκ
297 2543 341 2606 γ’
392 2535 611 2590 κύκλων
645 2535 999 2608 παραλλήλων
1055 2537 1415 2609 συνέστηκενο
1456 2531 1532 2592 ὧν
1575 2539 1625 2592 οἱ
1677 2541 1774 2609 μὲν

219 2630 270 2682 τὸ
298 2629 502 2692 πλάτος
530 2628 807 2700 ἀφορίζειν
840 2629 1086 2698 λέγονται
1117 2629 1211 2683 τοῦ
1242 2630 1506 2695 ζωδιακοῦ
1538 2631 1734 2686 κύκλου
1756 2651 1768 2664 ο

217 2723 241 2775 6
290 2721 343 2775 δὲ
401 2721 493 2774 διὰ
548 2721 726 2792 μέσων
773 2720 880 2776 τῶν
932 2720 1134 2786 ζωδίων
1182 2720 1442 2776 καλεῖται.
1492 2716 1660 2788 Οὗτος
1716 2725 1772 2777 δὲ

217 2815 506 2883 ἐφάπτεται
530 2814 624 2867 δύο
644 2812 856 2868 κύκλων
894 2814 1023 2867 ῐσων
1053 2831 1112 2867 τε
1139 2813 1232 2868 καὶ
1258 2814 1614 2886 παραλλήλων
1632 2832 1646 2844 ’
1678 2816 1771 2870 τοῦ

219 2907 305 2975 μὲν
339 2903 561 2976 θερινοῦ
599 2901 858 2975 τροπικοῦ
889 2901 1029 2956 κατὰ
1059 2902 1156 2974 τὴν
1183 2901 1275 2955 τοῦ
1310 2902 1586 2974 Καρκίνου
1622 2902 1772 2974 πρώ-

217 3014 300 3066 την
340 3000 566 3068 μοῖραν,
599 2995 691 3050 τοῦ
743 2995 798 3048 δὲ
841 2996 1151 3069 χειμερινοῦ
1196 2995 1458 3068 τροπικοῦ
1489 2995 1630 3050 κατά
1673 2996 1774 3065 τὴν

218 3088 298 3142 τοῦ
335 3089 624 3160 Αίγόκερω
672 3086 892 3158 πρώτην
947 3091 1172 3159 μοῖραν·
1221 3087 1312 3140 τὸν
1356 3088 1414 3141 δὲ
1463 3088 1773 3161 ἰσημερινὸν

1877 1893 2061 1948 mundi
2115 1892 2566 1961 conversionem;
2625 1901 2682 1947 at
2739 1893 3050 1949 colurorum
3104 1893 3435 1950 circulorum

1877 1994 2057 2058 partes
2089 1986 2284 2056 aliqua:
2312 1993 2440 2042 sunt
2473 1985 2793 2051 invisibiles,
2828 2000 2906 2040 ea:
2933 1985 3184 2042 videlicet
3225 2002 3345 2057 qua:
3369 1989 3438 2040 ah

1875 2079 2174 2156 antarctico
2203 2079 2306 2135 sub
2343 2079 2624 2134 horizonte
2673 2077 3058 2136 desumuntur.
3112 2077 3439 2134 Scribuntur

1875 2177 2055 2227 autem
2082 2169 2158 2234 hi,
2184 2170 2275 2240 qui
2303 2185 2401 2241 per
2427 2170 2582 2240 polos
2611 2177 2741 2227 sunt
2767 2169 2938 2234 ducti,
2969 2186 3065 2240 per
3093 2177 3296 2241 puncta
3325 2173 3436 2226 sol-

1876 2269 2096 2324 stitialia
2121 2255 2614 2338 et’a'quinoctialia,
2636 2273 2692 2322 et
2720 2264 2772 2320 in
2799 2272 3036 2337 quatuor
3058 2275 3240 2334 partes
3267 2280 3442 2336 aequa-

1876 2358 1955 2414 les
1979 2358 2225 2414 dividunt
2249 2358 2575 2429 eclipticam.

1947 2452 2049 2521 12
2084 2450 2350 2521 Obliquus
2380 2458 2559 2505 autem
2585 2459 2669 2508 est
2689 2452 2930 2508 circulus
2958 2453 3005 2508 is
3030 2453 3120 2522 qui
3151 2450 3438 2508 duodecim

1873 2550 1957 2597 est
1987 2546 2284 2612 signorum.
2323 2541 2423 2598 llic
2457 2558 2582 2598 vero
2609 2559 2676 2599 ex
2711 2545 2889 2599 tribus
2913 2545 3136 2599 circulis
3169 2544 3441 2614 parant-tis

1873 2637 2207 2707 compositus
2241 2643 2364 2702 est,
2418 2651 2651 2707 quorum
2713 2636 2767 2691 hi
2815 2636 3038 2706 quidem
3097 2635 3438 2691 latitudinem

1875 2730 2084 2786 zodiaci
2109 2730 2301 2786 circuli
2331 2730 2694 2787 determinare
2736 2730 3031 2797 dicuntur;
3063 2731 3167 2785 iste
3194 2744 3326 2784 vero
3355 2731 3441 2782 di.

1874 2823 2019 2878 citur
2039 2823 2280 2880 circulus
2309 2839 2405 2894 per
2444 2823 2620 2879 media
2656 2822 2829 2895 signa.
2891 2823 2989 2878 llic
3038 2821 3254 2893 attingit
3301 2821 3440 2878 duas

1874 2915 2110 2971 circulos
2170 2931 2296 2971 cum
2352 2915 2590 2987 aequales
2624 2957 2640 2981 ,
2707 2927 2820 2970 tum
2868 2916 3204 2987 parallelos:
3247 2929 3438 2984 nempie

1873 3009 2121 3063 aestivum
2168 3008 2441 3078 tropicum
2503 3024 2600 3080 per
2646 3009 2842 3064 Cancri
2896 3010 3128 3080 primam
3185 3016 3434 3081 partem;

1877 3102 2162 3158 hibernum
2204 3116 2334 3156 vero
2381 3101 2653 3172 tropicum
2698 3117 2797 3173 per
2816 3101 3148 3172 Capricorni
3206 3102 3434 3172 primani

217 3179 322 3250 δίχα
344 3181 540 3251 τέμνει
572 3177 712 3232 κατὰ
739 3178 836 3250 τὴν
861 3179 954 3232 τοῦ
983 3177 1152 3251 Κριοῦ
1185 3177 1404 3250 πρώτην
1437 3181 1649 3250 μοῖραν,
1684 3181 1772 3234 καὶ

1880 3202 2123 3265 partem;
2161 3194 2592 3265 aequinoctialem
2621 3202 2800 3249 autem
2822 3194 3104 3264 aequaliter
3125 3193 3316 3248 dividit
3341 3209 3438 3262 per

219 3273 343 3326 κατά
384 3272 488 3342 τὴν
521 3270 616 3323 τοῦ
658 3268 831 3338 Ζυγοῦ
863 3269 1085 3341 πρώτην
1120 3271 1332 3342 μοῖραν.
1383 3269 1457 3322 Τὸ
1484 3268 1540 3323 δὲ
1577 3270 1777 3336 πλάτος

217 3365 317 3417 is?!
346 3364 446 3418 τοῦ
473 3362 738 3429 ζωδιακοῦ
777 3361 972 3416 κύκλου
1016 3361 1218 3434 μοιρῶν
1259 3361 1346 3432 ιβ’.
1391 3361 1556 3428 Λοξὸς
1589 3362 1646 3415 δὲ
1681 3362 1774 3416 κέ-

217 3455 398 3528 κληται
425 3457 455 3508 ό
481 3453 741 3520 ζωδιακὸς
770 3452 985 3519 κύκλος,
1008 3453 1098 3508 διά
1125 3451 1186 3505 τὸ
1209 3451 1377 3519 λοξῶς
1402 3451 1621 3524 τέμνειν
1651 3454 1777 3516 τοὺς

219 3547 590 3619 παραλλήλους
617 3544 867 3609 κύκλους.

284 3661 515 3734 Ὀρίζων
547 3660 605 3713 δέ
637 3661 753 3713 ἐστι
796 3657 991 3722 κύκλος
1017 3660 1046 3712 ό
1071 3657 1316 3730 διορίζων
1343 3657 1472 3729 ἡμῖν
1498 3659 1560 3711 τό
1589 3675 1647 3711 τε
1675 3674 1774 3727 φα-

217 3753 354 3824 νερὸν
391 3752 491 3806 καὶ
530 3750 590 3804 τὸ
631 3751 831 3820 ἀφανὲς
874 3751 1036 3821 μέρος
1073 3749 1165 3802 τοῦ
1201 3749 1427 3821 κόσμου,
1454 3751 1548 3803 καὶ
1575 3750 1777 3820 δικοτοο

219 3837 324 3908 μῶν
351 3838 459 3908 τὴν
492 3837 622 3909 ὃλην
658 3840 890 3908 σφαῖραν
934 3836 1028 3890 τοῦ
1059 3836 1262 3908 κόσμου
1283 3853 1297 3868 ·
1336 3837 1476 3892 ὥστε
1513 3839 1777 3909 ἡμισφαί-

218 3945 319 3998 ριον
355 3929 467 4000 μὲν
507 3929 647 3999 ὑπὲρ
709 3927 814 3998 γῆν
870 3927 1383 3999 ἀπολαμϐάνεσθαι,
1424 3929 1778 4000 ἡμισφαίριον

215 4017 264 4071 δὲ
314 4019 428 4074 ὑπὸ
474 4019 599 4089 γῆν.
651 4019 770 4072 Εἰσὶ
820 4020 878 4073 δὲ
912 4020 961 4072 οἱ
984 4020 1255 4092 ὁρίζοντες
1295 4021 1408 4086 δύο,
1455 4017 1534 4087 εἷς
1593 4022 1692 4094 μὲν
1744 4024 1776 4076 6

215 4109 489 4182 αἰσθητὸς,
525 4109 709 4182 ἕτερος
740 4109 796 4163 δὲ
822 4113 851 4164 ό
875 4110 1016 4182 λόγῳ
1059 4110 1347 4184 θεωρητός.
1382 4112 1648 4185 Αἰσθητὸς
1678 4116 1775 4185 μὲν

214 4196 294 4254 οὖν
314 4206 469 4256 ἐστιν
483 4202 678 4274 ὁρίζων
695 4205 724 4257 ό
746 4202 850 4257 ὑπὸ
879 4203 976 4275 τῆς
1000 4204 1271 4276 ἡμετέρας
1302 4204 1478 4276 ὅψεως
1507 4223 1774 4279 περιγρα-

216 4293 441 4366 φόμενος
467 4295 606 4349 κατὰ
628 4295 716 4350 τὸν
744 4297 1220 4368 ἀποτερματισμὺν
1234 4298 1332 4370 τῆς
1359 4298 1697 4370 ὁράσεως,ὂς
1714 4300 1776 4353 οὐ

217 4389 434 4457 μείζονα
447 4390 547 4460 τὴν
563 4389 848 4461 διάμετρον
871 4389 984 4460 ἔχει
1008 4389 1233 4445 σταδίων
1255 4390 1298 4460 β’
1318 4408 1332 4422 ⁸
1350 4393 1380 4446 6
1407 4392 1465 4446 δὲ
1483 4393 1628 4465 λόγῳ
1644 4393 1776 4448 θεω-

216 4482 364 4551 ρητὸς
391 4480 596 4554 ὁρίζων
627 4483 774 4536 ἐστὶν
796 4485 824 4537 6
843 4484 1002 4554 μέχρι
1017 4483 1114 4555 τῆς
1136 4482 1244 4536 τῶν
1261 4484 1514 4539 ἀπλανῶν
1531 4485 1776 4558 ἀστέρων

1877 3286 2083 3342 Arietis
2139 3287 2369 3356 primam
2425 3294 2676 3357 partem,
2731 3294 2785 3342 et
2833 3302 2930 3358 per
2980 3285 3158 3341 Librae
3204 3285 3434 3356 primani

1877 3387 2102 3448 partem.
2150 3376 2404 3433 Latitudo
2432 3379 2640 3434 zodiaci
2681 3385 2766 3434 est
2808 3377 3042 3448 partium
3095 3375 3178 3432 l2.
3232 3376 3440 3432 Dicitur

1877 3467 2133 3524 zodiacus
2161 3467 2402 3524 circulus
2439 3469 2715 3540 obliquus,
2755 3483 2821 3524 eo
2849 3468 2996 3540 quod
3027 3469 3244 3540 oblique
3289 3477 3440 3524 secat

1874 3557 2111 3612 circulos
2134 3558 2440 3628 parallelos.

1948 3647 2185 3706 Horizon
2205 3661 2290 3707 est
2316 3651 2555 3707 circulus
2584 3652 2676 3722 qui
2698 3652 2853 3708 nobis
2882 3652 3166 3723 distinguit
3190 3661 3248 3710 et
3269 3668 3407 3724 appa
3432 3687 3438 3693 -

1878 3750 2086 3798 rentem
2115 3753 2168 3798 et
2189 3758 2297 3798 non
2324 3752 2670 3815 apparentem
2700 3752 2906 3813 partem
2937 3746 3147 3810 mundi,
3177 3752 3233 3800 et
3257 3761 3440 3816 aequa-

1876 3835 2002 3890 liter
2024 3833 2215 3890 dividit
2257 3841 2426 3890 totam
2480 3835 2745 3906 sphaeram
2794 3837 3006 3902 mundi,
3043 3841 3116 3892 ita
3158 3845 3219 3892 ut
3267 3837 3439 3892 hemi-

1875 3927 2166 3998 sphaerium
2198 3943 2364 3997 supra
2395 3936 2596 3983 terram
2623 3928 2966 3994 desumatur,
2995 3929 3435 3999 hemisphaerium

1877 4034 2004 4075 vero
2032 4018 2173 4073 infra
2199 4026 2424 4075 terram.
2451 4019 2591 4075 Sunt
2608 4029 2791 4075 autem
2817 4021 3130 4076 horizontes
3147 4020 3277 4085 duo,
3294 4037 3437 4077 unus

1876 4111 1970 4182 qui
1997 4118 2084 4167 est
2111 4112 2403 4176 sensibilis,
2437 4113 2574 4168 alter
2597 4113 2690 4184 qui
2720 4113 2931 4169 ratione
2957 4115 3273 4185 percipitur.
3301 4113 3436 4169 Sen-

1877 4203 2052 4260 sibilis
2075 4203 2303 4259 horizon
2328 4211 2415 4260 est
2440 4204 2592 4276 quia
2631 4212 2822 4262 nostro
2843 4205 2964 4262 visu
2991 4205 3320 4262 describitur
3348 4223 3436 4263 sc-

1876 4293 2114 4349 cundum
2158 4295 2665 4352 determinationem
2720 4296 2906 4363 visus,
2971 4297 3064 4368 qui
3124 4311 3234 4352 non
3276 4296 3442 4357 habet

1876 4387 2136 4455 majorem
2185 4387 2510 4443 diametrum
2547 4386 2738 4444 stadiis
2761 4387 2904 4443 2000
2929 4405 2944 4454 ;
2973 4396 3030 4442 at
3061 4388 3304 4456 horizon,
3345 4389 3439 4457 qui

1876 4482 2086 4536 ratione
2115 4480 2411 4550 percipitur
2434 4519 2450 4544 .
2481 4482 2727 4552 pervenit
2760 4481 2828 4535 ad
2850 4481 3115 4552 sphaeram
3156 4481 3436 4536 stellarum

215 4573 442 4645 ςφαίρας
488 4573 712 4646 διήκων,
754 4575 849 4629 καὶ
891 4574 1186 4645 διχοτομῶν
1231 4574 1323 4628 τὸν
1374 4575 1493 4629 ὅλον
1547 4575 1769 4646 κόσμον.

1874 4572 2123 4636 lixarum,
2146 4580 2200 4629 et
2227 4580 2403 4627 totum
2432 4574 2692 4629 mundum
2715 4573 2995 4642 aequaliter
3015 4571 3226 4626 dividit.

274 4667 348 4742 Ού
378 4663 526 4719 κατά
551 4667 731 4720 πᾶσαν
759 4666 817 4720 δὲ
845 4665 1017 4729 πόλιν,
1041 4667 1136 4720 καὶ
1172 4663 1354 4738 χώραν
1385 4669 1414 4721 6
1441 4668 1602 4731 αὐτός
1629 4670 1776 4722 ἐστιν

209 4752 433 4824 ὁρίζων·
480 4756 618 4810 ἀλλὰ
661 4755 798 4828 πρὸς
842 4757 943 4828 μὲν
987 4756 1085 4829 τὴν
1135 4756 1385 4828 αἴσθησιν
1439 4757 1624 4828 σχεδὸν
1681 4760 1775 4814 ἐπὶ

213 4845 448 4910 σταδίους
499 4853 543 4901 u'
578 4848 608 4902 6
649 4847 810 4912 αὐτὸς
848 4846 1043 4920 όρίζων
1078 4846 1341 4918 διαμένει,
1384 4847 1526 4903 ὥστε
1562 4849 1654 4903 καὶ
1707 4849 1777 4904 τὰ

212 4937 408 5010 μεγέθη
441 4937 554 4992 τῶν
602 4939 841 5011 ἡμερῶν,
887 4941 980 4994 καὶ
1016 4939 1076 4993 τὸ
1121 4939 1311 5012 κλίμα,
1345 4941 1439 4996 καὶ
1472 4941 1540 4995 τὰ
1597 4943 1775 4998 πάντα

210 5030 507 5100 φαινόμενα
531 5029 600 5083 τὰ
627 5030 765 5084 αύτά
789 5030 1084 5102 διαμένειν.

271 5119 541 5174 Πλειόνων
577 5121 634 5175 δὲ
673 5121 898 5177 σταδίων
929 5124 1225 5194 γινομένων
1257 5125 1398 5179 κατά
1427 5125 1525 5197 τὴν
1554 5127 1770 5198 παραλ-

207 5209 373 5285 λαγὴν
419 5215 521 5285 τῆς
569 5216 852 5285 οἰκήσεως,
901 5215 1082 5289 ἕτερος
1126 5216 1322 5288 ὁρίζων
1377 5218 1582 5287 γίνεται
1633 5218 1766 5290 (20),

209 5305 344 5359 κατά
375 5307 438 5360 τὸ
483 5307 652 5378 κλίμα
695 5307 980 5380 διαφέρων,
1014 5309 1106 5363 καὶ
1139 5310 1314 5365 πάντα
1358 5311 1426 5366 τὰ
1467 5313 1766 5383 φαινόμενα

269 5463 323 5542 ³²⁹
346 5480 443 5531 π).
475 5465 834 5535 ἡμικυκλίων.

270 5613 388 5692 (20)
421 5619 656 5688 Ἕτερος
681 5619 885 5691 ὁρίζων
923 5622 1161 5692 γίνεται.
1184 5619 1258 5673 Ita
1290 5619 1345 5673 in
1374 5618 1747 5692 editis_etAn-

209 5685 429 5762 gnan
449 5685 644 5762 codice
667 5685 731 5746 ac
764 5685 968 5748 nostro.
1003 5691 1506 5762 PerperamAitaque
1535 5688 1744 5762 salma-

1942 4665 2063 4721 Non
2089 4671 2173 4722 est
2198 4673 2379 4720 autem
2408 4665 2550 4720 idem
2592 4665 2818 4720 horizon
2848 4679 2945 4736 per
2969 4679 3159 4720 omnes
3191 4664 3355 4721 urbes
3383 4675 3436 4718 et

1877 4757 2146 4828 regiones,
2174 4756 2270 4812 sed
2300 4756 2480 4828 quoad
2507 4772 2728 4813 sensum
2749 4755 2861 4812 fere
2880 4757 2934 4811 in
2955 4756 3149 4812 stadiis
3167 4756 3274 4812 400
3291 4756 3434 4813 idem

1877 4849 2099 4904 horizon
2126 4857 2430 4919 permanet,
2451 4851 2526 4904 ita
2569 4858 2628 4904 ut
2667 4858 2723 4906 et
2751 4848 3152 4920 magnitudines
3200 4849 3432 4909 dierum.

1875 4950 1928 4996 et
1951 4941 2133 5007 clima,
2168 4951 2223 4997 et
2250 4955 2442 4998 omnes
2471 4942 2798 5013 apparentia
2822 4939 3022 4998 eadem
3058 4951 3432 5011 permaneant.

1944 5122 2082 5178 Cum
2111 5135 2242 5178 vero
2264 5121 2420 5191 plura
2446 5119 2648 5177 fuerint
2685 5119 2861 5176 stadia
2885 5120 3042 5191 juxta
3063 5121 3436 5178 diversitatem

1877 5213 2249 5282 habitationis,
2281 5213 2422 5269 alius
2453 5211 2514 5267 ﬁt
2547 5213 2795 5277 horizon,
2827 5214 3045 5268 climate
3073 5211 3350 5277 differens,
3379 5220 3436 5268 et

1871 5325 2063 5364 omnes
2102 5305 2431 5378 apparentia:
2456 5313 2756 5361 mutantur.
2788 5303 3175 5362 Verumtamen
3218 5319 3434 5378 oportet

1855 5637 1940 5698 ita
1971 5621 2248 5698 διαφέρον,
2280 5626 2427 5698 quod
2478 5623 2611 5698 etsi_
2635 5623 2824 5679 eodem
2855 5625 3121 5689 recurrit,
3163 5633 3342 5683 tamen
3373 5632 3426 5679 et

1853 5691 2085 5760 vulgatae
2115 5691 2335 5752 lectioni
2371 5691 2650 5752 Sententia
2694 5700 2911 5750 constat
2947 5705 3000 5752 et
3046 5707 3246 5752 temere
3277 5700 3421 5751 sntit.

209 5760 318 5812 sius
348 5758 530 5829 (Plin.
563 5759 773 5829 Exora,
805 5779 858 5834 p.
888 5762 984 5819 661
1021 5757 1090 5832 D')
1108 5757 1392 5825 emendat,
1420 5757 1520 5814 καὶ
1543 5757 1603 5815 τὸ
1629 5758 1744 5813 κλί-

1874 5757 2019 5839 εἱιειΤίη
2041 5778 2151 5820 nou
2188 5767 2314 5826 dclr
