4000 6206
518 364 625 421 785
1567 351 1658 405 ιο
1696 345 1963 404 unseen
2000 332 2216 402 annon

2202 340 2398 399 ΝΠ)οΝ
2442 341 2809 397 APPENDIX.
3655 331 3753 401 τοι

519 483 889 538 diversitatem
915 471 1292 536 habitationis,
1317 485 1438 540 qua
1471 469 1574 524 100
1619 467 1793 524 stadia
1830 472 2086 538 superat,
2117 473 2162 530 Α
2191 482 2216 536 μ

2202 462 2533 534 μεταπίπτει.
2570 463 2660 514 Δεῖ
2696 460 2938 532 μέντοιγε
2987 459 3087 530 τὴν
3131 458 3485 540 παραλλαγὴν
3542 476 3644 535 της
3678 464 3752 517 οι.

521 571 692 642 accipi
750 566 1048 642 secundum
1101 578 1382 620 accessum
1431 562 1498 617 ad
1555 560 1980 632 septentrionem
2037 565 2091 614 et
2192 574 2216 609 ν

2202 556 2401 627 κήσεως
2432 553 2528 624 τὴν
2576 552 2717 623 ὑπὲρ
2755 557 2800 604 υ⁹
2835 549 3023 604 στάδια
3067 539 3438 622 λαμϐάνεσθαι
3475 553 3620 607 κατὰ
3659 551 3754 626 τὴν

521 662 822 721 meridiem.
863 641 998 713 Nam
1035 658 1101 712 iis
1129 659 1222 727 qui
1252 657 1496 710 habztant
1549 655 1652 709 sub
1689 653 1880 709 eodem
1913 651 2092 722 paral-
2191 665 2216 700 τ

2202 648 2327 719 πρὸς
2373 647 2574 718 ἄρκτον
2615 646 2707 697 καὶ
2747 643 2881 714 πρὸς
2931 643 3277 715 μεσημϐρίαν
3330 643 3583 716 πάροδον.
3635 645 3756 708 Τοῖς

524 757 650 818 lclo,
687 763 741 810 et
787 753 975 808 decem
1031 750 1272 804 millibus
1324 747 1625 802 stadiorum
1677 761 1706 799 a
1753 761 1812 800 se
1860 745 2092 798 invicem
2195 754 2216 807 ι

2202 735 2293 807 μὲν
2320 735 2428 807 γὰρ
2455 735 2547 787 ἐπὶ
2571 732 2666 785 τοῦ
2704 731 2867 785 αὑτοῦ
2896 729 3242 802 παραλλήλου
3265 731 3491 797 οἰκοῦσι,
3523 733 3620 786 καὶ
3647 733 3758 787 ἀπὸ

524 847 752 910 distant,
775 844 1024 898 diversus
1047 838 1265 910 quidem
1296 847 1381 892 est
1411 836 1662 900 horizon,
1695 835 1790 890 sed
1819 835 1980 890 clima
2009 840 2094 888 est
2195 845 2216 899 ι.

2202 827 2400 899 μυρίων
2431 824 2654 879 σταδίων
2684 825 3038 896 ὑπάρχουσιν,
3071 826 3100 876 6
3131 823 3230 895 μὲν
3258 823 3453 894 ὁρίζων
3498 827 3614 878 ἐστὶ
3640 826 3761 880 6rd-

479 929 483 933 “
525 939 692 1001 idem,
717 948 1017 1004 omnesque
1047 931 1380 1001 apparentia:
1423 936 1552 984 sunt
1583 928 1808 984 similes.
1840 926 1907 980 At
1937 927 2090 996 prin-
2193 938 2216 990 ς

2202 937 2376 990 φορος,
2403 918 2464 970 τὺ
2489 917 2545 970 δὲ
2577 917 2747 988 κλίμα
2778 916 2838 969 τὸ
2865 915 3014 980 αὐτὸ,
3041 915 3135 968 καὶ
3167 916 3343 969 πάντα
3366 916 3432 970 τὰ
3459 918 3764 988 φαινόμενα

526 1027 689 1096 cipiu,
721 1033 774 1079 et
802 1028 938 1079 ﬁnes
977 1023 1188 1078 dierum
1220 1036 1330 1075 non
1381 1021 1541 1076 simul
1588 1020 1843 1074 omnibus
1894 1024 2090 1084 erunt,
2193 1031 2216 1066 τ

2202 1012 2562 1084 παραπλήσια.
2596 1010 2661 1063 Δί
2713 1009 2959 1080 μέντοιγε
2995 1009 3161 1078 ἀρχαὶ
3205 1010 3300 1062 καὶ
3342 1009 3582 1063 τελευταὶ
3641 1009 3762 1063 τῶν

527 1127 620 1195 qui
644 1125 696 1176 in
727 1121 912 1175 eodem
944 1119 1206 1190 parallelo
1233 1116 1502 1173 habitant.
1528 1113 1839 1171 Secundum
1865 1112 2092 1168 rationis
2193 1106 2216 1174 ἦ

2202 1103 2412 1176 ἡμερῶν
2442 1103 2542 1172 ούχ
2570 1101 2686 1172 ἅμα
2732 1102 2897 1154 πᾶσιν
2929 1099 3145 1155 ἔσονται
3189 1103 3300 1164 τοῖς
3331 1101 3422 1153 ἐπὶ
3449 1101 3541 1154 τοῦ
3589 1100 3766 1154 αὑτοῦ

528 1191 705 1287 autem
727 1221 975 1270 exactum
1004 1211 1294 1281 judicium,
1325 1211 1508 1266 statim
1538 1225 1662 1264 cum
1694 1209 1753 1263 lit
1797 1208 1878 1263 vel
1928 1205 2093 1261 mini-
2185 1215 2216 1250 ’τ

2202 1194 2534 1268 παραλλήλου
2579 1193 2786 1247 οἰκοῦσι
2806 1209 2820 1223 ο
2876 1191 3017 1246 κατὰ
3065 1192 3120 1244 6‘s
3171 1191 3269 1264 τὴν
3313 1193 3450 1264 πρὸς
3487 1193 3576 1246 τὸν
3602 1193 3769 1276 λόγον

498 1283 652 1361 ‘mus
680 1318 933 1360 accessus
964 1317 1153 1358 versus
1205 1316 1584 1372 quamcunque
1627 1300 1812 1355 mundi
1863 1309 2091 1369 partem,
2194 1289 2216 1344 ἆ

2202 1287 2476 1360 ἔικρίϐειαν
2538 1287 2654 1358 ἅμα
2713 1284 2792 1357 τῷ
2852 1283 3166 1355 στιγμιαίαν
3221 1284 3452 1356 πάροδον
3509 1284 3769 1353 γενέσθαι

531 1409 768 1458 mutatur
798 1408 851 1455 et
881 1399 1128 1466 horizon,
1152 1405 1206 1453 et
1227 1398 1408 1462 clima,
1435 1411 1736 1466 omnesque
1761 1394 2094 1466 apparentia:
2195 1395 2216 1432 ³

2202 1378 2314 1433 καθ’
2348 1376 2624 1431 ὁποιονοῦν
2659 1376 2822 1447 μέρος
2848 1375 2942 1429 τοῦ
2990 1374 3216 1445 κόσμου,
3248 1373 3574 1445 μεταπίπτει
3607 1374 3705 1428 καὶ
3735 1376 3770 1427 6

532 1503 659 1552 sunt
691 1495 937 1551 diversae.
2194 1474 2216 1526 δ

2202 1470 2409 1544 ὁρίζων,
2455 1469 2548 1524 καὶ
2593 1469 2653 1522 τδ
2697 1468 2952 1538 ἐγκλιμα,
2988 1467 3082 1520 καὶ
3128 1468 3303 1521 πάντα
3349 1467 3418 1521 τὰ
3465 1467 3770 1538 φαινόμενα

2194 1564 2442 1634 διάφορα.

515 1661 524 1670 ’
598 1675 718 1733 Non
753 1675 1079 1732 describitur
1113 1680 1291 1730 autem
1337 1671 1565 1726 horizon
1594 1670 1648 1725 in
1690 1670 1917 1741 sphaeris
1969 1683 2097 1740 pro-

2267 1657 2341 1710 Ού
2372 1655 2778 1724 καταγράφεται
2823 1653 2882 1706 δὲ
2924 1654 2955 1707 6
2985 1653 3180 1725 ὁρίζων
3224 1652 3281 1706 ὲν
3327 1655 3448 1716 ταῖς
3505 1653 3772 1724 σφαίραις

533 1781 649 1845 pter
678 1774 839 1828 talem
871 1786 1128 1833 causam,
1181 1767 1324 1837 quod
1381 1766 1574 1836 reliqui
1631 1764 1821 1819 circuli
1875 1778 2092 1827 omnes,
2131 1749 2216 1845 ηε

2202 1749 2264 1803 δι’
2299 1748 2476 1802 αἰτίαν
2507 1746 2781 1817 τοιαύτην,
2809 1747 2890 1800 ὃτι
2915 1747 2964 1799 οί
3002 1745 3098 1817 μὲν
3128 1745 3305 1798 λοιποϊ
3326 1744 3513 1798 κύκλοι
3539 1747 3771 1809 πάντες,

535 1824 639 1845 rh
880 1824 895 1827 -
1117 1824 1128 1833 .
1200 1824 1212 1837 .
1499 1824 1514 1836 .
2080 1824 2088 1827 .

533 1881 656 1919 cum
685 1863 922 1918 mundus
955 1863 1023 1917 ab
1051 1867 1176 1914 ortu
1203 1859 1259 1912 in
1301 1873 1555 1914 occasum
1590 1856 1779 1920 fertur,
1809 1869 1918 1909 una
1964 1869 2095 1908 con-
2131 1824 2216 1908 B‘l

2202 1837 2495 1910 φερομένου
2527 1836 2620 1890 τοῦ
2657 1836 2860 1907 κόσμου
2900 1837 2993 1889 ἀπ’
3026 1835 3298 1890 ἀνατολῶν
3329 1835 3422 1888 ἐπὶ
3455 1836 3555 1909 τὴν
3587 1835 3770 1900 δύσιν,

532 1962 816 2010 vertantur
845 1960 898 2008 et
930 1952 1032 2020 ipsi
1055 1965 1179 2005 cum
1208 1958 1356 2002 motu
1392 1947 1599 2002 mundi.
1634 1947 1700 1999 At
1729 1944 1954 2000 horizon
1996 1957 2094 1997 na-
2199 1949 2216 1984 ε

2202 1929 2758 2002 συμπεριστρέφονται
2797 1929 2892 1982 καὶ
2942 1927 3096 1981 αὐτοὶ
3141 1926 3258 1998 ἅμα
3310 1929 3378 1998 τῇ
3425 1926 3521 1980 τοῦ
3556 1929 3776 1998 κόσμου

536 2055 657 2100 tura
692 2053 774 2101 est
808 2043 1124 2107 immobilis,
1151 2057 1471 2111 semperque
1508 2040 1756 2094 eumdem
1797 2048 1976 2094 servat
2024 2037 2098 2092 si-
2198 2041 2216 2076 ³

2202 2024 2435 2094 κινήσει·
2470 2023 2499 2074 6
2529 2022 2585 2075 δὲ
2615 2021 2810 2093 ὁρίζων
2841 2022 2956 2074 ἐστὶ
3003 2019 3161 2090 φύσει
3208 2020 3486 2091 ἀκίνητος,
3519 2020 3619 2092 τὴν
3667 2021 3778 2074 a6-

535 2148 669 2194 tum.
702 2136 755 2192 Si
786 2137 949 2208 igitur
971 2107 1286 2190 horizontes
1308 2107 1746 2189 describerentur
1769 2131 1822 2185 in
1849 2131 2096 2202 sphaeris,
2197 2133 2216 2168 ἰ

2202 2115 2294 2186 τὴν
2317 2113 2468 2179 τάξιν
2503 2113 2873 2184 διαφυλάττων
2900 2112 2989 2167 διὰ
3015 2111 3236 2175 παντός.
3266 2113 3328 2165 Εἰ
3362 2107 3454 2165 οὖν
3497 2113 3781 2184 κατεγρά-

536 2229 762 2299 εριιαιιιὶε
794 2204 977 2290 motis,
1011 2226 1351 2296 contingeret
1383 2232 1435 2279 et
1465 2223 1805 2276 horizontem
1853 2222 2054 2275 moveri
2082 2265 2096 2286 ,
2200 2224 2216 2275 ς

2202 2223 2360 2276 φοντο
2392 2207 2442 2258 οἱ
2489 2204 2762 2276 ὁρίζοντες
2815 2208 2877 2259 ὲν
2921 2207 3042 2269 ταῖς
3078 2204 3331 2276 σφαίραις
3385 2206 3786 2275 στρεφομένων

535 2295 589 2373 et
619 2318 734 2374 ﬁeri
759 2317 1108 2373 verticalem:
1144 2295 1288 2386 quod
1320 2330 1430 2369 non
1469 2321 1552 2370 est
1582 2313 1954 2384 cogitandum,
1983 2320 2097 2368 est-
2199 2317 2216 2354 ε

2202 2298 2398 2364 αὐτῶν,
2453 2297 2757 2351 συνέϐαινεν
2802 2297 2867 2350 ἂν
2911 2297 3002 2350 τὸν
3049 2297 3295 2366 ὁρίζοντα
3336 2295 3619 2359 κινεῖσθαι,
3679 2296 3783 2350 καὶ

537 2425 643 2481 que
672 2410 904 2465 alienum
941 2424 971 2463 a
1000 2385 1249 2464 doctrina
1287 2406 1570 2477 sphaerion.
1618 2394 1766 2460 Situs
1795 2415 1976 2460 tamen
2003 2405 2100 2460 ho-
2200 2410 2216 2446 ³

2202 2391 2340 2446 κατὰ
2369 2391 2612 2464 κορυφὴν
2653 2389 2899 2460 γίνεσθαι
2919 2405 2932 2420 ’
2962 2389 3098 2460 ὅπερ
3127 2388 3271 2440 ἐστὶν
3298 2385 3626 2456 ἀδιανόητον,
3683 2387 3784 2439 καὶ

541 2477 766 2558 rizontis
786 2517 851 2558 ex
885 2501 1224 2573 receptaculo
1258 2499 1480 2570 spherae
1511 2498 1852 2570 intelligitur.
2200 2487 2216 2540 ε

2202 2485 2474 2558 ἀλλότριον
2525 2482 2621 2536 τοῦ
2665 2481 2951 2554 σφαιρικοῦ
3002 2481 3182 2550 λόγου·
3243 2478 3380 2532 Ὑπδ
3426 2479 3523 2549 μέν
3571 2495 3638 2546 γε
3675 2477 3785 2548 τῆς

2204 2577 2573 2648 σφαιροθήκης
2628 2574 2738 2646 (21)
2801 2577 2834 2644 ή
2897 2572 2990 2626 τοῦ
3064 2571 3337 2644 ὁρίζοντος
3395 2571 3542 2634 Θέσις
3602 2587 3789 2626 κατα-

2201 2673 2420 2724 νοεῖται.
3789 2667 3791 2669 ’

611 2760 942 2818 Meridianus
971 2769 1054 2818 est
1083 2763 1343 2830 circulus,
1384 2763 1477 2834 qui
1511 2778 1606 2834 per
1633 2763 1821 2817 mundi
1851 2764 2007 2834 polos
2049 2773 2103 2820 et

2270 2762 2656 2836 Μεσημϐρινὸς
2686 2762 2743 2816 δέ
2770 2763 2885 2816 ἐστι
2913 2759 3112 2825 κύκλος
3136 2760 3164 2813 6
3195 2758 3282 2812 διὰ
3312 2758 3419 2811 τῶν
3438 2755 3531 2811 τοῦ
3560 2758 3788 2828 κόσμου

540 2870 635 2928 per
663 2865 919 2926 punctum
946 2857 1204 2912 verticale
1237 2857 1582 2921 describitur,
1606 2857 1677 2911 ad
1705 2872 1865 2927 quem
1902 2857 1993 2912 ubi
2021 2857 2103 2910 sol
2203 2874 2216 2910 τ

2203 2856 2378 2910 πόλων
2422 2856 2639 2911 καὶτοῦ
2691 2856 2831 2909 κατὰ
2869 2854 3111 2927 κορυφὴν
3160 2851 3386 2924 σημείου
3424 2849 3788 2922 γραφόμενος

541 2949 803 3020 pervenit,
827 2947 1142 3003 medietates
1167 2948 1398 3014 dierum,
1427 2957 1482 3004 et
1511 2948 1829 3005 medictates
1859 2949 2101 3005 noctium
2205 2946 2216 3019 1

2205 2946 2484 3020 [κύκλος
2540 2949 2624 3017 ἐφ’
2669 2942 2730 3002 οὗ
2781 2947 3069 3017 γενόμενος
3113 2946 3142 2998 ὁ
3183 2945 3334 3016 ἥλιος
3362 2943 3431 2996 τὰ
3468 2943 3608 3013 μέσα
3669 2940 3787 2994 τῶν

539 3036 719 3092 eﬂicit.
747 3036 840 3092 Est
873 3045 926 3092 et
961 3038 1050 3091 hic
1077 3039 1317 3095 circulus
1358 3040 1647 3096 immobilis
1686 3041 1738 3094 in
1770 3041 2009 3107 mundo,
2049 3049 2104 3097 et
2203 3044 2216 3093 1‘

2203 3040 2423 3112 ἡμερῶν
2449 3040 2540 3093 καὶ
2571 3040 2639 3093 τὰ
2671 3039 2810 3111 μέσα
2848 3038 2954 3092 τῶν
2989 3037 3200 3092 νυκτῶν
3240 3038 3489 3090 ποιεῖται.
3522 3035 3636 3088 Καὶ
3693 3028 3788 3088 οῦ-

539 3129 788 3186 cumdem
817 3130 992 3184 locum
1025 3131 1220 3185 retinet
1262 3131 1316 3185 in
1361 3138 1472 3186 tota
1503 3132 1687 3186 mundi
1723 3133 2099 3188 conversione.
2130 3173 2170 3230 ο
2202 3152 2216 3185 η

2202 3151 2293 3199 τος
2338 3134 2394 3187 δέ
2441 3135 2588 3186 ἐστιν
2639 3133 2668 3186 6
2725 3131 2922 3195 κύκλος
2971 3131 3227 3201 ἀκίνητος
3291 3130 3348 3182 ὲν
3415 3125 3492 3197 τῷ
3559 3127 3787 3198 κόσμῳ,

539 3218 725 3293 Reque
765 3223 851 3276 hic
878 3221 1116 3278 circulus
1154 3224 1482 3278 describitur
1530 3225 1584 3279 in
1625 3225 1854 3296 sphaeris
1881 3226 2103 3282 stellife-
2133 3216 2170 3230 ν
2203 3245 2216 3280 π

2203 3227 2297 3280 καὶ
2345 3224 2443 3297 τὴν
2488 3223 2656 3295 αὐτὴν
2709 3223 2860 3288 τάξιν
2889 3221 3260 3291 διαφυλάσσων
3305 3221 3362 3272 ὲν
3412 3219 3507 3289 ὅλῃ
3557 3219 3625 3288 τῇ
3691 3216 3790 3271 τοῦ

541 3317 640 3380 ris,
669 3330 734 3370 eo
765 3314 911 3386 quod
939 3322 994 3370 et
1045 3315 1338 3373 immobilis
1380 3319 1485 3384 sit,
1514 3333 1614 3375 nec
1640 3319 1806 3374 ullam
1855 3320 2105 3376 admittat
2204 3337 2216 3373 :

2204 3320 2406 3389 κόσμου
2456 3319 2808 3388 περιστροφῇ.
2861 3315 2933 3368 Ού
2988 3313 3396 3386 καταγράφεται
3440 3311 3496 3364 δὲ
3532 3310 3660 3362 οὐδὲ
3699 3303 3793 3363 οῦ-

542 3407 916 3463 mutationcm.
2202 3427 2292 3474 τος
2317 3412 2344 3462 ὁ
2370 3407 2565 3472 κύκλος
2596 3411 2652 3461 ὲν
2677 3410 2795 3471 ταῖς
2823 3407 3343 3479 κατηστερισμέναις
3379 3405 3666 3475 σφαίραις.
3701 3404 3794 3458 διὰ

2203 3502 2264 3556 τὸ
2288 3502 2383 3556 καὶ
2414 3501 2668 3572 ἀκίνητος
2694 3495 2856 3565 εἶναι,
2891 3501 2985 3554 καὶ
3013 3499 3279 3571 μηδεμίαν
3308 3496 3657 3567 ἐπιδέχεσθαι
3701 3513 3796 3569 με·

2207 3594 2504 3648 τάπτωσιν.

613 3673 732 3731 Non
751 3681 836 3731 est
869 3683 1044 3731 autem
1073 3689 1169 3746 per
1199 3688 1388 3731 omnes
1417 3674 1666 3745 regiones
1691 3682 1746 3730 et
1775 3675 1937 3730 urbes
1960 3673 2104 3730 idem

2275 3687 2350 3740 Ού
2382 3684 2525 3740 κατὰ
2556 3685 2736 3738 πᾶσαν
2769 3683 2825 3738 δὲ
2853 3680 3036 3756 χώραν
3067 3683 3163 3737 καὶ
3207 3682 3358 3736 πόλιν
3403 3683 3432 3735 ὁ
3467 3682 3633 3746 αὐτός
3671 3683 3796 3735 ἐστι

544 3767 880 3823 meridianus
907 3785 920 3821 :
953 3768 1048 3824 sed
1072 3767 1250 3838 quoad
1273 3782 1514 3832 sensum,
1547 3768 1660 3823 fere
1686 3767 1752 3822 ad
1786 3766 1959 3822 stadia
1980 3765 2104 3833 500,
2211 3794 2216 3847 ι

2211 3773 2606 3847 μεσημϐρινός·
2649 3773 2784 3827 ἀλλὰ
2829 3773 2962 3845 πρὸς
3009 3773 3106 3844 μὲν
3154 3773 3252 3842 τὴν
3301 3771 3553 3843 αἴσθησιν
3598 3771 3804 3841 σχεδὸν

543 3858 684 3914 idem
713 3869 988 3930 permanet
1027 3859 1400 3917 meridianus:
1446 3858 1630 3930 quoad
1686 3859 1915 3914 rationis
1963 3858 2108 3930 judi-
2206 3867 2216 3918 ἑ

2206 3867 2298 3918 ἐνὶ
2327 3865 2569 3926 σταδίους
2599 3869 2643 3917 τ’
2672 3865 2700 3916 ὁ
2733 3862 2892 3927 αὐτὸς
2928 3861 3299 3934 μεσημϐρινὸς
3331 3861 3572 3932 διαμένει
3593 3878 3608 3891 ο
3648 3861 3798 3934 πρὸς

546 3951 714 4017 clum,
747 3952 928 4008 statim
959 3968 1082 4008 cum
1124 3952 1182 4007 lit
1215 3953 1733 4023 quantulnscunque
1782 3967 2108 4023 progressus
2206 3959 2216 4010 ἑ

2206 3959 2262 4012 δὲ
2288 3957 2384 4029 τὴν
2427 3958 2484 4010 ὲν
2525 3955 2602 4027 τῷ
2627 3955 2770 4027 λόγῳ
2799 3955 3102 4027 ἀκρίϐειαν,
3134 3957 3249 4025 ἅμα
3278 3955 3359 4026 τῷ
3392 3955 3490 4027 τὴν
3513 3955 3800 4025 τυχοῦσαν

545 4046 630 4100 vel
660 4058 851 4099 versus
884 4045 1168 4109 orientem,
1195 4047 1280 4100 vel
1315 4061 1507 4101 versus
1541 4060 1798 4100 occasum
1819 4084 1834 4109 ,
1883 4045 2022 4100 alius
2050 4043 2108 4098 ﬁt
2208 4068 2216 4080 -

2208 4048 2451 4119 γίνεσθαι
2498 4047 2728 4120 πάροδον
2768 4047 2802 4119 ἦ
2853 4048 2990 4119 πρὸς
3033 4047 3295 4120 ἀνατολὴν
3335 4048 3369 4119 ἦ
3420 4046 3557 4118 πρὸς
3607 4047 3798 4110 δύσιν,

547 4139 901 4194 meridianus.
969 4138 1102 4192 Nam
1163 4137 1462 4192 secundum
1517 4153 1866 4209 progressum
1918 4152 2110 4194 versus
2208 4141 2216 4192 1

2208 4140 2393 4212 ἔτερος
2441 4140 2646 4209 γίνεται
2701 4138 3087 4212 μεσημϐρινός.
3138 4139 3296 4192 Κατὰ
3357 4138 3454 4210 μὲν
3523 4137 3633 4209 γὰρ
3686 4137 3804 4209 τὴν

547 4229 994 4302 septentrionem,
1015 4238 1068 4284 et
1090 4244 1281 4284 versus
1311 4229 1613 4293 meridiem,
1635 4229 1851 4284 etiamsi
1883 4228 2109 4284 interce—
2210 4260 2216 4275 ι

2210 4240 2345 4313 πρὸς
2381 4238 2580 4312 ἄρκτον
2613 4237 2868 4310 καὶπρὸς
2899 4235 3244 4310 μεσημϐρίαν
3275 4235 3520 4306 πάροδον,
3546 4235 3643 4287 καὶ
3688 4237 3808 4289 ἐὰν

545 4325 677 4380 dant
709 4322 1007 4378 stadiorum
1036 4321 1221 4375 decem
1274 4321 1475 4388 millia,
1527 4329 1706 4376 tamen
1739 4321 1880 4376 idem
1927 4329 2112 4377 manet
2215 4387 2216 4399 χ

2215 4328 2416 4405 μεταξὺ
2455 4329 2636 4402 μύριοι
2667 4330 2870 4384 στάδιοι
2904 4329 3229 4401 ὑπάρχουσι,
3251 4329 3280 4381 6
3304 4327 3460 4389 αὐτὸς
3491 4325 3644 4396 μένει
3682 4345 3808 4397 με·

546 4417 925 4473 uieridianus:
969 4412 1267 4469 secundum
1319 4429 1670 4484 progressum
1701 4429 1828 4469 vero
1872 4413 1942 4470 ab
1987 4423 2113 4470 ortu
2215 4456 2216 4465 χ

2215 4422 2508 4498 σημϐρινός
2530 4437 2545 4454 ⁸
2582 4421 2723 4476 κατὰ
2772 4421 2830 4475 δὲ
2874 4419 2973 4492 τὴν
3016 4419 3113 4472 ἀπ’
3141 4417 3398 4487 ἀνατολῆς
3439 4416 3574 4489 πρὸς
3625 4417 3812 4473 δύσιν

545 4525 737 4567 versus
757 4522 1010 4566 occasum
1026 4504 1340 4562 diti‘erentize
1359 4506 1631 4562 exsistunt
1656 4506 2105 4562 meridianorum.
2142 4518 2185 4573 ι)
2214 4543 2216 4553 ι

2214 4517 2444 4588 πάροδον
2476 4515 2729 4586 διαφοραὶ
2763 4510 3169 4585 μεσημϐρινῶν.

511 4611 528 4630 ‘
615 4603 881 4674 Obliquus
902 4603 1064 4657 etiam
1089 4606 1172 4656 est
1203 4600 1444 4654 circulus
1475 4600 1572 4655 viae
1603 4599 1808 4655 lactea.
1842 4599 1941 4654 Hic
1966 4601 2110 4655 enim

2281 4607 2445 4674 Λοξδς
2465 4606 2521 4659 δέ
2551 4609 2665 4660 ὲστι
2683 4606 2878 4667 κύκλος
2899 4605 2991 4659 καὶ
3009 4608 3036 4660 ὁ
3053 4603 3147 4658 τοῦ
3173 4603 3458 4672 γάλακτος.
3481 4593 3654 4664 Οὗτος
3697 4603 3815 4673 μὲν

549 4699 788 4754 circulus
831 4694 1022 4766 majori
1065 4691 1352 4748 latitudine
1379 4693 1690 4764 obliquatus
1721 4700 1824 4757 est,
1859 4709 2020 4764 quam
2053 4699 2112 4746 ut

2219 4698 2414 4771 μείζων
2436 4699 2624 4753 πλάτει
2655 4698 2942 4764 λελόξωται
2971 4697 3078 4751 τῶν
3108 4695 3383 4768 τροπικῶν
3425 4692 3666 4757 κύκλων,
3706 4712 3816 4749 συ-

550 4793 692 4846 inter
722 4794 959 4860 tr0picos
989 4789 1354 4849 contineatur,
1382 4795 1436 4842 et
1459 4789 1796 4858 compositus
1818 4795 1990 4845 estex
2035 4798 2115 4845 te-
2214 4808 2216 4818 π

2214 4789 2438 4862 νέστηκε
2465 4790 2523 4843 δὲ
2555 4793 2619 4843 ὲκ
2653 4789 3050 4861 βραχυμερείας
3077 4786 3442 4858 νεφελοειδοῦς
3461 4803 3476 4816 -
3507 4786 3606 4839 καί
3644 4787 3820 4840 ἔστιν

550 4884 760 4938 ιιιιὶιιιιε
791 4882 1092 4936 nebulosa:
1126 4880 1276 4934 solus
1320 4880 1480 4935 etiam
1543 4881 1632 4934 hic
1683 4881 1739 4935 in
1802 4882 2006 4937 mundo
2032 4890 2115 4938 est
2215 4922 2216 4928 η

2215 4884 2273 4936 ὲν
2302 4882 2380 4954 τῷ
2421 4884 2610 4954 κόσμῳ
2647 4885 2804 4954 μόνος
2856 4882 3144 4955 θεωρητόςρ
3195 4879 3309 4952 Οὐχ
3354 4880 3588 4952 ὥρισται
3641 4881 3698 4912 ³³
3751 4881 3817 4935 δὲ

551 4975 903 5044 conspicuus.
938 4972 1070 5043 Ejus
1119 4973 1348 5027 latitudo
1379 4988 1486 5027 non
1527 4980 1611 5028 est
1655 4973 1912 5028 distincta
1943 5015 1958 5038 ,
2015 4975 2108 5030 sed

2217 4976 2380 5030 αὑτοῦ
2414 4980 2473 5030 τδ
2510 4977 2730 5040 πλάτος,
2759 4974 2892 5029 ἀλλὰ
2934 4974 3070 5028 κατὰ
3115 4974 3211 5045 μέν
3243 4991 3366 5028 τινα
3419 4973 3560 5044 μέρη
3587 4972 3821 5027 πλατύ-

551 5067 850 5124 seeundum
882 5066 1015 5120 alias
1065 5074 1248 5136 partes
1291 5065 1377 5119 hic
1427 5066 1664 5120 circulus
1697 5075 1780 5122 est
1811 5068 1994 5131 latior,
2022 5083 2112 5123 sc-
2214 5092 2216 5103 ι

2214 5069 2372 5141 τερός
2404 5071 2538 5128 ἐστι.
2571 5069 2707 5122 κατὰ
2727 5068 2780 5121 δέ
2802 5085 2922 5120 τινα
2944 5068 3270 5139 στενότερος.
3293 5066 3369 5118 Δι’
3401 5067 3592 5137 ⁴ἥντινα
3617 5069 3820 5120 αἰτίαν

551 5158 789 5214 eundum
824 5157 958 5212 alias
999 5158 1299 5227 angustior.
1333 5155 1413 5211 Ob
1450 5172 1611 5227 quam
1641 5171 1862 5213 causam
1896 5159 1948 5212 in
1990 5159 2111 5228 plu-

2216 5162 2273 5212 ὲν
2315 5163 2434 5224 ταῖς
2465 5160 2741 5223 πλείσταις
2768 5159 3025 5231 σφαίραις
3043 5160 3163 5212 οὐδὲ
3194 5157 3607 5229 καταγράφεται
3637 5160 3672 5209 6
3712 5158 3820 5212 τοῦ

552 5249 709 5306 rimis
759 5248 987 5318 sphaeris
1034 5265 1101 5304 ne
1137 5249 1467 5306 describitur
1499 5249 1716 5320 quidem
1769 5252 1868 5305 viae
1930 5251 2115 5305 lacteae
2215 5272 2216 5279 η

2215 5251 2480 5318 γάλακτος
2498 5251 2712 5315 κύκλος.
2738 5253 2890 5304 Ἔστι
2908 5251 2962 5304 δὲ
2983 5252 3075 5305 καὶ
3094 5246 3245 5313 οὗτος
3259 5249 3367 5303 τῶν
3403 5249 3689 5319 μεγίστων
3723 5250 3827 5304 κὺ-

554 5341 812 5398 circulus.
849 5339 944 5396 Est
976 5349 1030 5396 et
1071 5342 1159 5397 hic
1191 5359 1336 5398 unus
1365 5343 1722 5396 maximorum
1757 5343 2111 5397 circulorum.

2216 5344 2378 5397 γλωνσ
2391 5345 2632 5414 μέγιστοι
2646 5344 2753 5414 γὰρ
2767 5347 2822 5396 ἐν
2841 5344 3092 5416 σφαίραις
3108 5343 3350 5412 λέγονται
3368 5341 3556 5394 κύκλοι
3569 5341 3618 5392 οί
3636 5342 3708 5393 τὸ
3721 5344 3826 5394 αύ-

555 5431 770 5486 ﬂaximi
803 5431 948 5487 enim
993 5431 1049 5485 in
1091 5433 1319 5502 sphaaris
1368 5431 1624 5487 dicuntur
1662 5432 1853 5487 circuli
1903 5433 1977 5486 illi
2024 5433 2117 5502 qui

2219 5436 2281 5488 τὸ
2299 5436 2522 5508 κέντρον
2553 5437 2763 5508 ἔχοντες
2801 5441 2859 5510 τῇ
2880 5438 3101 5508 σφαίρᾳ.
3122 5437 3241 5490 Εἰσὶ
3258 5435 3313 5488 δὲ
3341 5435 3588 5506 μέγιστοι
3605 5434 3824 5490 κύκλοι

555 5524 698 5579 idem
753 5539 878 5580 cum
927 5525 1143 5596 sphaera
1185 5525 1387 5580 habent
1428 5535 1696 5581 centrum.
1751 5523 2113 5582 Sunt'autem

2219 5529 2389 5584 ἑπτά·
2429 5529 2761 5603 ίσημερινδς,
2803 5529 3084 5598 ζωδιακὸς,
3131 5528 3224 5584 καὶ
3265 5529 3295 5582 ὁ
3335 5527 3424 5584 διὰ
3462 5527 3651 5600 μέσων
3700 5525 3826 5582 τῶν

621 5679 670 5712 ³³
698 5696 788 5751 γρ.
829 5681 888 5734 ού
925 5679 1272 5752 κεχώρισται.
1351 5672 1356 5678 ’

625 5799 737 5871 (21)
799 5798 932 5856 Ὑπὸ
981 5798 1094 5868 μέν
1144 5815 1213 5868 τε
1265 5794 1374 5866 τῆς
1417 5797 1846 5867 σφαιροθήκης.
1899 5796 2028 5868 Leg.
2088 5797 2216 5858 ἀπό.
