3918 6216
83 350 180 408 7δό

1163 353 1404 410 GEMINI
1442 353 1812 413 ELEMENTA
1851 359 2344 420 ASTRONOIIIE.

3211 369 3314 425 786

83 467 300 536 ζωδίων,
335 470 386 524 oi
425 467 514 524 διὰ
556 470 664 526 τῶν
716 471 907 537 πόλων,
933 470 962 526 ό
1005 472 1122 526 καθ’
1155 472 1393 546 εκάστην
1437 475 1643 542 οἴκησιν

1752 479 1973 534 maximi
2007 479 2490 550 circuli-septem:
2543 479 2973 550 aquinoctialis,
3029 479 3314 549 zodiacus,

80 561 342 633 διορίζων,
366 563 402 615 ό
427 561 812 636 μεσημϐρινὸς,
830 566 860 617 ό
884 563 979 618 τοῦ
1001 565 1289 636 γάλακτος.

1753 578 1809 626 et
1840 571 2080 628 circulus
2114 587 2211 643 per
2256 570 2577 627 medietates
2624 572 2946 643 signorum;
2997 573 3189 628 circuli
3225 588 3318 643 per

82 653 267 722 polos,
294 652 530 708 circulus
559 654 650 724 qui
688 654 744 709 in
789 656 938 711 omni
990 655 1326 714 habitatione
1381 657 1496 730 l3.
1545 659 1716 716 visam
1753 660 1952 716 mundi
1987 667 2198 734 partem
2250 676 2282 717 a
2328 678 2438 719 non
2487 663 2604 719 visa
2642 671 2891 735 separat,
2945 664 3317 728 meridianus,

80 755 140 802 et
163 746 400 805 circulus
430 748 533 804 via:
557 749 770 806 lactea.

597 871 992 928 ΚΕΦΑΔΑΙΟΝ
1035 875 1108 929 E'.

459 987 600 1055 Περὶ
630 987 853 1059 ἡμέρας
883 988 984 1042 καὶ
1012 991 1253 1058 νυκτός.

160 1099 364 1172 Ἡμέρα
395 1102 612 1170 λέγεται
637 1103 827 1174 διχῶς·
861 1104 981 1158 καθ’
1014 1106 1109 1172 ἕνα
1149 1106 1248 1179 μὲν
1279 1123 1477 1179 τροπον
1515 1107 1648 1180 χρόο

77 1207 168 1251 νος
194 1193 222 1244 ό
247 1191 354 1246 ἀπὸ
380 1193 643 1266 ἀνατολῆς
670 1194 820 1266 ἡλίου
851 1196 1012 1269 μέχρι
1043 1196 1245 1263 Edesco;
1265 1216 1277 1226 ο
1309 1198 1430 1253 καθ’
1459 1199 1644 1270 ἕτερον

77 1283 138 1336 δὲ
163 1284 355 1356 τρόπον
383 1287 567 1358 ἡμέρα
613 1287 827 1358 λέγεται
855 1293 1044 1362 χρόνος
1071 1295 1099 1347 ὁ
1138 1293 1228 1361 ἀφ’
1255 1292 1405 1364 ἡλίου
1448 1294 1644 1347 ἀνατο-

77 1375 178 1445 λῆς
213 1376 399 1449 μέχρις
444 1379 599 1450 ἡλίου
640 1379 796 1447 αὖθις
849 1385 1132 1456 ἀνατολῆς.
1179 1386 1331 1440 Ἔστι
1361 1385 1418 1439 δὲ
1461 1385 1643 1458 ἡμέρα

78 1467 221 1522 κατὰ
245 1469 338 1523 τὸν
380 1470 626 1545 δεύτερον
669 1476 867 1547 τρόπον
905 1478 997 1531 τοῦ
1034 1479 1238 1551 κόσμου
1282 1480 1642 1552 περιστροφή,

75 1561 176 1613 καὶ
202 1561 297 1632 τῆς
322 1566 671 1639 περιφερείας
697 1566 1028 1643 [ἀνατολῆς],
1061 1572 1126 1644 ἥν
1151 1573 1181 1626 ὁ
1208 1571 1358 1643 ἥλιος
1387 1570 1645 1643 μεταϐαί-

78 1669 162 1704 νει
200 1653 524 1721 ὑπεναντίως
573 1659 888 1731 κινούμενος
920 1661 997 1734 τῷ
1044 1664 1234 1736 κόσμῳ
1276 1665 1334 1718 ὲν
1373 1667 1439 1736 τῇ
1486 1681 1643 1736 περι-

83 1752 282 1822 στροφῇ
308 1750 401 1806 τοῦ
426 1752 650 1824 κόσμου.
681 1757 758 1810 Δι’
785 1758 852 1829 ἣν
875 1757 1053 1813 αἰτίαν
1077 1759 1184 1812 οὐδ’
1209 1758 1406 1816 ἔστιτὸ
1440 1774 1643 1828 συναμ-

2379 874 2603 933 CAPUT
2657 875 2716 932 ν.

2322 989 2400 1046 De
2438 989 2522 1045 die
2554 1000 2605 1045 et
2641 1000 2818 1070 nocte.

1818 1105 1945 1161 Dies
1990 1105 2193 1160 dicitur
2225 1102 2695 1176 dupliciter,'uno
2725 1107 2886 1163 modo
2919 1118 3132 1180 tempus
3183 1111 3321 1168 illud

1747 1195 1889 1267 quod
1934 1204 2017 1253 est
2050 1197 2117 1252 ab
2149 1206 2271 1252 ortu
2305 1197 2438 1253 solis
2470 1215 2641 1270 usque
2688 1199 2756 1254 ad
2797 1214 3052 1256 occasum
3089 1223 3102 1258 :
3145 1201 3318 1259 altero

1748 1288 1929 1358 modo,
1964 1289 2082 1346 dies
2105 1290 2311 1347 dicitur
2361 1301 2578 1362 tempus
2618 1291 2763 1362 quod
2804 1300 2890 1347 est
2931 1291 3000 1348 ab
3031 1301 3152 1348 ortu
3183 1295 3317 1350 solis

1747 1397 1920 1452 usque
1961 1381 2028 1436 ad
2067 1383 2376 1453 proximum
2419 1395 2597 1438 ortum
2641 1385 2793 1440 solis.
2842 1383 2937 1440 Est
2983 1393 3162 1441 autem
3201 1385 3318 1443 dies

1741 1477 1897 1546 juxta
1932 1474 2229 1530 secundum
2278 1475 2499 1530 modum
2544 1477 2832 1532 conversio
2879 1477 3090 1542 mundi,
3128 1487 3182 1533 et
3226 1496 3316 1535 or-

1749 1574 1838 1620 tus
1871 1565 1989 1636 ejus
2019 1579 2179 1621 arcus
2213 1581 2374 1636 quem
2431 1566 2511 1620 sol
2543 1573 2793 1636 peragrat
2841 1564 2968 1620 dum
3005 1566 3059 1620 in
3090 1581 3320 1622 conver-

1749 1657 1904 1713 sione
1942 1657 2130 1712 mundi
2170 1665 2419 1712 movetur
2456 1666 2648 1713 contra
2693 1659 2975 1713 mundum.
3023 1658 3196 1725 Quam
3246 1661 3318 1714 oh

1747 1761 1966 1802 causam
1998 1764 2174 1818 neque
2208 1749 2574 1819 compositum
2619 1750 2754 1804 illud
2815 1759 3028 1821 tempus
3057 1767 3123 1806 ex
3156 1761 3317 1807 nocte

83 1836 322 1908 φότερον,
351 1839 448 1905 νὺξ
481 1842 576 1895 καὶ
608 1844 790 1917 ήμέρα
822 1847 914 1900 ἐπὶ
939 1847 999 1901 τὸ
1028 1847 1158 1902 αὐτὸ
1197 1847 1285 1920 ίση
1316 1850 1466 1922 πάσῃ
1493 1853 1643 1907 νυκτὶ

1749 1849 1798 1895 et
1852 1839 1938 1895 die
1985 1840 2148 1895 simul
2202 1840 2459 1910 sumptis,
2505 1841 2715 1912 aequale
2765 1849 2850 1897 est
2880 1844 3029 1897 omni
3079 1843 3226 1898 nocti
3259 1852 3314 1899 et

81 1930 177 1983 καὶ
199 1930 372 2004 ἡμέρᾳ
394 1950 408 1963 ·
443 1933 578 1989 ἀλλὰ
612 1938 748 2008 πρὸς
781 1939 880 2010 μὲν
911 1939 1009 2012 τὴν
1050 1940 1300 2012 αἴσθησιν
1328 1941 1418 1997 ίσα
1450 1943 1518 1997 τὰ
1550 1961 1647 2015 με·-

83 2021 214 2094 γέθη
245 2023 357 2077 ἐστί
374 2043 388 2055 ο
421 2026 555 2097 πρὸς
583 2027 640 2082 δὲ
670 2029 770 2102 τὴν
799 2032 858 2084 ὲν
884 2031 962 2104 τῷ
993 2032 1136 2104 λόγῳ
1166 2033 1451 2106 ἀκρίϐειαν
1475 2036 1646 2107 μικρά

83 2127 169 2176 τις
191 2113 277 2168 καὶ
309 2115 703 2190 ἀνεπαίσθητος
740 2123 774 2193 ἡ
811 2123 1155 2196 παραλλαγή.
1189 2126 1260 2178 Δί
1287 2126 1387 2198 μὲν
1417 2126 1524 2200 γὰρ
1551 2126 1643 2182 τοῦ

85 2206 283 2277 κόσμου
311 2214 669 2284 περιστροφαὶ
695 2214 956 2287 ῑσόχρονοί
983 2218 1119 2271 εἰσιν
1140 2235 1155 2249 ·
1187 2221 1243 2273 αἱ
1272 2219 1330 2273 δὲ
1359 2219 1468 2274 τῶν
1488 2238 1645 2293 περι-

85 2301 308 2372 φερειῶν
357 2303 631 2371 ἀνατολαὶ,
666 2306 732 2370 ἃς
761 2311 790 2362 ό
816 2309 967 2380 ἣλιος
1017 2310 1328 2381 μεταϐαίνει
1367 2314 1424 2366 ἐν
1459 2315 1525 2385 τῇ
1547 2313 1645 2367 τοῦ

85 2389 281 2461 κόσμου
300 2398 654 2467 περιστροφῇ,
674 2395 773 2450 οῦκ
798 2400 932 2452 εἰσιν
961 2399 1242 2471 ίσόχρονοι.
1268 2399 1343 2453 Δι’
1378 2401 1444 2472 ἢν
1467 2401 1643 2455 αἰτίαν

82 2483 181 2535 οὐκ
209 2481 318 2537 ἐστι
347 2488 755 2561 συναμφότερον
789 2491 938 2544 πᾶσα
969 2491 1066 2558 νὺξ
1103 2491 1198 2546 καὶ
1231 2492 1412 2564 ἡμέρα
1441 2509 1645 2565 συναμ-

85 2574 308 2646 φοτέρῳ,
341 2577 493 2649 πάσῃ·
515 2579 670 2634 νυκτὶ
699 2581 791 2634 καὶ
818 2581 1004 2654 ἡμέρα
1025 2581 1134 2656 ίση.

153 2760 299 2814 Κατὰ
327 2759 383 2814 δὲ
410 2761 502 2817 τὸν
543 2762 792 2836 δεύτερον
827 2766 1026 2851 τρόπον
1053 2768 1151 2838 τῆς
1183 2768 1497 2840 διαιρέσεως
1535 2768 1642 2822 τῶν

79 2851 320 2923 ἡμερῶν,
359 2854 448 2907 τὸν
479 2855 578 2926 μὲν
608 2856 752 2927 μῆνα
776 2856 1002 2929 λέγομεν
1031 2855 1168 2914 εἶναι
1207 2859 1430 2932 ἡμερῶν
1452 2860 1514 2925 λ’,
1549 2859 1641 2913 τὸν

72 2945 130 2999 δὲ
157 2945 390 3000 ἐνιαυτὸν
415 2947 634 3020 ἡμερῶν
651 2947 741 3014 τξέ
767 2950 916 3020 α’ίδ’⁸
934 2949 1047 3004 ἔστι
1071 2952 1128 3006 δὲ
1149 2951 1210 3004 τὸ
1239 2953 1648 3024 συναμφότερον

65 3036 190 3102 νὺξ,
222 3042 312 3092 καὶ
339 3039 519 3111 ἡμέρα
551 3040 740 3111 χρόνος
765 3042 920 3115 ὡρῶν
956 3043 1286 3116 ίσημερινῶν
1315 3045 1414 3107 κδ’,
1447 3047 1664 3116 ίσημε-ι

65 3130 196 3237 ρινὴ
233 3129 287 3184 δὲ
317 3131 432 3202 ὥρα
462 3133 522 3186 τὸ
551 3135 714 3207 α’ίκδ’
755 3135 917 3207 μέρος
943 3135 1039 3190 τοῦ
1072 3137 1263 3209 χρόνου
1289 3137 1384 3192 τοῦ
1418 3155 1641 3207 συναγο-
1667 3179 1709 3237 c

67 3221 239 3291 μένου
268 3224 329 3276 ἐκ
359 3224 550 3288 νυκτὸς
581 3226 676 3280 καὶ
702 3226 932 3298 ἡμέρας.

147 3313 220 3365 Οὐ
243 3312 381 3367 κατὰ
402 3315 582 3368 πᾶσαν
603 3315 661 3369 δὲ
683 3314 867 3386 χώραν
895 3319 988 3370 καὶ
1009 3317 1161 3372 πόλιν
1184 3319 1254 3372 τὰ
1273 3319 1413 3374 αὐτὰ
1433 3319 1638 3392 μεγέθη

61 3405 179 3457 τῶν
221 3404 436 3477 ἡμερῶν
487 3408 663 3460 ἐστιν’
701 3407 834 3462 ἀλλὰ
871 3412 982 3472 τοῖς
1022 3410 1120 3481 μὲν
1150 3409 1287 3482 πρὸς
1318 3412 1519 3483 ἄρκτον
1558 3411 1657 3464 οί-.

63 3496 232 3552 κοῦσι
265 3498 508 3569 μείζονες
557 3501 652 3554 καὶ
692 3501 898 3574 ἡμέραι
948 3502 1206 3571 γίνονται,
1245 3505 1356 3567 τοῖς
1390 3503 1447 3556 δὲ
1505 3503 1668 3576 πρὸς·

66 3592 419 3662 μεσημϐρίαν
451 3593 758 3657 ἐλάσσονες.

147 3683 298 3736 Ἔστι
322 3683 379 3736 δὲ
406 3685 464 3736 ὲν
497 3684 658 3756 Ῥόδῳ
685 3686 785 3756 μὲν
817 3687 850 3758 ἠ
881 3686 1108 3757 μεγίστη
1141 3687 1323 3758 ἡμέρα
1360 3687 1518 3759 ὡρῶν
1564 3689 1644 3741 lu-

61 3775 344 3846 ημερινῶν
381 3775 615 3847 tam/pr-
642 3777 770 3850 περὶ
801 3777 858 3832 δὲ
901 3777 1116 3851 Ῥώμην
1141 3781 1174 3849 ὴ
1205 3779 1435 3850 μεγίστη
1457 3780 1640 3852 ἡμέρα

58 3868 231 3938 ὡρῶν
258 3869 586 3941 ίσημερινῶν
621 3876 680 3924 ιε’
700 3887 713 3901 °
745 3872 856 3936 τοῖς
883 3871 927 3924 δ’
952 3870 1031 3924 ἔτι
1055 3871 1410 3943 βορειοτέροις
1433 3872 1639 3927 οἰκοῦσι

57 3959 167 4032 τῆς
199 3962 559 4034 Προποντίδος
589 3963 818 4037 μεγίστη
841 3964 1023 4034 ἡμέρα
1045 3963 1251 4034 γίνεται
1278 3964 1436 4037 ὡρῶν
1458 3967 1641 4038 ἰσημε-

61 4049 234 4122 ρινῶν
267 4057 343 4116 ις’
361 4068 376 4082 ο
414 4053 507 4106 καὶ
541 4053 621 4107 ἔτι
652 4056 764 4118 τοῖς
794 4052 1146 4126 βορειοτέροις
1173 4053 1238 4119 ιζ’
1265 4056 1358 4114 καὶ
1389 4062 1454 4127 ιη’
1483 4055 1660 4128 ὡρῶν

56 4146 94 4212 ἡ
135 4143 370 4216 μεγίστη
401 4144 583 4218 ἡμέρα
601 4143 833 4214 γίνεται.

147 4323 276 4377 Ἐπὶ
297 4324 353 4378 δὲ
385 4325 510 4390 τοὺς
535 4325 731 4389 τόπους
763 4324 874 4397 (22)
901 4327 1119 4391 τούτους
1145 4327 1292 4384 δοκεῖ
1309 4329 1403 4382 καὶ
1425 4328 1640 4394 Πυθέας

48 4416 86 4466 6
120 4415 526 4489 Μασσαλιώτης
548 4420 821 4490 παρεῖναι.
851 4419 988 4490 Φησὶ
1015 4420 1144 4488 γοῦν
1178 4424 1236 4476 ὲν
1258 4425 1371 4486 τοῖς
1397 4424 1523 4494 περὶ
1542 4422 1638 4477 τοῦ

1745 1931 1850 1986 diei
1877 1948 1892 1997 ;
1936 1933 2028 1986 sed
2059 1930 2239 2003 quoad
2285 1949 2505 1988 sensum
2538 1934 2941 2004 magnitudines
2975 1943 3102 1990 sunt
3135 1950 3319 2006 aequa-

1745 2022 1854 2087 les,
1896 2023 2072 2093 quoad
2116 2025 2347 2080 rationis
2386 2025 2652 2094 judicium
2703 2043 2869 2096 parva
2904 2027 3150 2098 quaedam
3193 2036 3314 2094 est,

1744 2122 1910 2185 atque
1951 2115 2288 2171 insensibilis
2321 2117 2632 2173 diversitas.
2679 2116 2865 2172 Mundi
2897 2119 3040 2174 enim
3087 2133 3319 2176 conver-

1744 2206 1928 2262 siones
1957 2207 2100 2263 inter
2141 2223 2200 2263 se
2238 2208 2574 2279 temporibus
2612 2218 2742 2264 sunt
2773 2211 3010 2281 aequales
3039 2231 3053 2266 :
3084 2211 3178 2267 sed
3223 2229 3316 2266 ar-

1744 2314 1907 2354 cuum
1933 2299 2305 2386 ascensiones,
2336 2316 2474 2371 quos
2496 2301 2579 2356 sol
2617 2298 2835 2356 c'onlicit
2865 2303 2918 2357 in
2963 2303 3151 2358 mundi
3183 2319 3319 2361 con-

1741 2390 2011 2457 versione,
2063 2409 2171 2448 non
2203 2401 2334 2449 sunt
2369 2394 2709 2466 temporibus
2735 2396 2994 2465 aequales.
3025 2397 3198 2464 Quam
3245 2399 3317 2454 oh

1742 2498 1966 2540 causam
2002 2499 2111 2539 non
2147 2492 2231 2540 est
2273 2487 2638 2556 compositum
2669 2487 2800 2542 illud
2850 2496 3087 2560 tempus,
3121 2504 3319 2561 nempe

1741 2575 1921 2630 omnis
1980 2589 2089 2630 nox
2132 2583 2186 2631 et
2221 2576 2362 2641 dies,
2390 2577 2695 2646 composito
2716 2578 2793 2632 illi
2821 2580 3075 2650 tempori,
3106 2579 3317 2636 scilicet

1740 2668 1890 2722 omni
1918 2668 2064 2722 nocti
2098 2674 2152 2723 et
2179 2668 2307 2735 diei,
2341 2669 2569 2740 aequale.
2646 2713 2650 2717 .

1813 2757 2128 2815 Secundum
2183 2760 2417 2816 alterum
2462 2759 2684 2815 modum
2731 2759 3028 2815 divisionis
3073 2759 3312 2830 dierum,

1742 2867 1982 2908 mensem
2013 2853 2255 2908 dicimus
2282 2866 2406 2908 esse
2429 2851 2642 2909 dierum
2675 2853 2766 2919 50,
2799 2867 3002 2907 annum
3037 2867 3167 2908 vero
3193 2853 3313 2909 die-

1740 2959 1862 2999 rum
1898 2945 2003 3000 565
2019 2945 2149 3016 1]4;
2181 2953 2266 3001 est
2281 2951 2461 3000 autem
2483 2953 2698 3017 tempus
2717 2962 2782 3001 ex
2799 2955 2978 3010 nocte,
2993 2954 3046 3002 et
3065 2946 3151 3002 die
3172 2961 3316 3001 com-

1741 3037 1978 3109 positum
2013 3038 2270 3094 horarum
2301 3039 2761 3109 aequinoctialium
2792 3037 2883 3107 24,
2920 3041 3314 3108 mquinoctialis

1742 3136 1923 3185 autem
1946 3129 2078 3185 liora
2093 3139 2179 3186 est
2203 3130 2225 3185 l
2241 3129 2341 3186 [24
2389 3145 2517 3202 pars
2543 3140 2647 3187 tem
2655 3133 2804 3203 poris
2818 3132 3103 3202 compositi
3119 3148 3193 3188 ex-
3211 3148 3324 3188 no-

1743 3231 1831 3279 cte
1858 3231 1911 3278 et
1945 3224 2058 3280 die.

1813 3316 1934 3372 Non
1990 3327 2118 3374 sunt
2146 3325 2329 3375 autem
2377 3333 2477 3390 per
2524 3333 2716 3374 omnes
2747 3318 3003 3390 regiones
3043 3325 3105 3373 et
3147 3318 3316 3373 urbes

1742 3409 1942 3466 easdem
1995 3409 2402 3481 magnitudines
2431 3410 2669 3476 dierum,
2705 3409 2804 3466 sed
2858 3410 2928 3465 iis
2967 3410 3061 3480 qui
3118 3425 3338 3468 versus"

1742 3501 2169 3572 septentrionem
2207 3501 2459 3558 habitant
2497 3501 2732 3572 majores
2760 3500 2896 3556 ﬁunt
2924 3511 2979 3557 et
3008 3502 3150 3568 dies,
3207 3503 3313 3558 mi-

1740 3611 1905 3652 nores
1937 3609 2067 3650 vero
2099 3595 2167 3650 iis
2195 3595 2287 3666 qui
2322 3610 2518 3650 versus
2549 3595 2830 3651 meridiem
2866 3595 3133 3650 habitant.

1812 3686 1908 3742 Est
1951 3694 2132 3742 autem
2171 3687 2227 3741 in
2278 3684 2472 3740 Rhodo
2523 3685 2841 3756 longissima
2893 3687 3012 3742 dies
3052 3687 3310 3744 horarum

1740 3778 2199 3850 aequinoctialium
2227 3777 2292 3834 M
2321 3776 2464 3849 1/2;
2503 3777 2652 3832 circa
2709 3777 2937 3832 Romam
2991 3779 3312 3850 longissima

1740 3871 1858 3927 dies
1889 3870 2149 3925 horarum
2180 3869 2640 3940 aequinoctialium
2675 3869 2776 3935 l5;
2834 3870 2902 3926 iis
2934 3886 3064 3926 vero
3094 3873 3186 3942 qui
3213 3871 3312 3926 ba-

1741 3963 1918 4018 bitant
1971 3961 2370 4032 aliquantulum
2423 3961 2560 4015 ultra
2603 3959 2934 4032 Paupontida
2971 3977 3161 4019 versus
3205 3964 3309 4018 ho-

1739 4069 1908 4118 ream,
1942 4051 2259 4124 longissima
2299 4050 2418 4106 dies
2467 4052 2518 4105 [lt
2563 4052 2816 4106 horarum
2852 4045 3307 4123 aequinoctialium

1741 4146 1828 4210 16,
1859 4153 1912 4201 et
1963 4144 2142 4200 adhuc
2174 4144 2348 4214 magis
2396 4142 2709 4199 borealibus
2743 4144 2808 4198 l7
2853 4152 2905 4200 et
2935 4143 3001 4200 18
3051 4144 3308 4201 horarum

1657 4238 1659 4240 ’
1740 4238 2055 4309 longissima
2087 4237 2144 4292 ﬁt
2177 4236 2316 4292 dies.

1809 4329 1892 4383 Ad
1923 4329 2043 4384 loca
2085 4328 2201 4383 haec
2231 4327 2452 4382 videtur
2477 4327 2640 4382 etiam
2671 4325 2906 4399 Pytheas
2949 4327 3308 4384 Massiliensis

1740 4421 2064 4476 accessisse.
2124 4418 2304 4490 lnquit
2346 4419 2513 4490 igitur
2547 4419 2790 4475 inlibris
2833 4420 2950 4476 suis
2976 4420 3044 4476 de
3090 4419 3309 4476 Oceano

67 4507 333 4562 Ὠκεανοῦ
368 4511 952 4584 πεπραγματευμένοις
985 4513 1152 4584 αὐτῷ,
1179 4514 1300 4568 ὃτιι
1337 4515 1635 4572 Ἐδείκνυον

1749 4514 1963 4584 scriptis
1995 4514 2110 4569 sic:
2149 4530 2168 4564 ι
2207 4511 2589 4567 Monstrahant
2616 4513 2775 4566 nobis
2801 4512 3053 4574 barbari,
3088 4514 3178 4568 ubi
3223 4513 3309 4569 sol

46 4604 196 4671 ἡμῖν
229 4603 280 4655 οἱ
307 4602 591 4674 βάρϐαροι,
618 4606 753 4658 ὅπου
791 4604 996 4676 om“);
1036 4609 1316 4678 κοιμᾶται.
1351 4608 1637 4664 Συνέϐαινε

45 4692 172 4764 γὰρ
204 4694 336 4764 περὶ
365 4693 586 4759 τούτους
611 4695 734 4758 τοὺς
765 4695 960 4760 τόπους
983 4695 1082 4767 τὴν
1118 4695 1215 4767 μὲν
1246 4695 1417 4758 vipera
1450 4715 1658 4754 παντεος

44 4785 168 4847 λῶς
204 4786 412 4858 μικρὰν
453 4787 717 4856 γίνεσθαι,
774 4787 932 4858 ὡρῶν
972 4782 1054 4851 οἷς
1089 4788 1188 4858 μὲν
1223 4787 1290 4858 β’,
1339 4782 1420 4852 οἷς
1471 4789 1526 4843 δὲ
1558 4798 1636 4859 γ”

44 4875 200 4930 ὥστε
234 4877 375 4947 μετὰ
418 4876 514 4949 τὴν
541 4878 712 4942 δύσιν,
751 4878 945 4949 μικροῦ
992 4877 1380 4949 διαλείμματος
1412 4879 1638 4950 γενομέ-

44 4983 170 5030 you,
207 4968 596 5023 ὲπανατέλλειν
640 4968 840 5033 εὐθέως
869 4969 958 5022 τὸν
1005 4968 1175 5040 ἥλιον.
1212 4987 1232 5021 ι
1265 4968 1489 5040 Κράτης
1521 4969 1576 5022 δὲ
1608 4973 1663 5029 όζ,

39 5061 448 5131 γραμματικός
464 5062 574 5133 (25)
592 5079 723 5133 φησι
749 5061 856 5115 τῶν
884 5061 1066 5115 τόπων
1101 5059 1304 5115 τούτων
1331 5061 1426 5116 καὶ
1453 5062 1633 5134 ’Όμη-

41 5165 148 5220 ρον
185 5150 559 5221 μνημονεῦσαι
591 5154 646 5204 ἐν
670 5147 752 5215 οἷς
791 5169 950 5222 φησιν
989 5151 1309 5216 Ὀδυσσεύςο

117 5305 242 5387 (29)
296 5306 422 5387 ’ῌπί
454 5307 524 5387 qs
553 5309 956 5387 τσὺς-τόπους.
988 5308 1106 5387 ῌρη
1135 5323 1198 5387 ea
1231 5307 1460 5387 praecise
1485 5308 1628 5387 loca,

37 5376 140 5430 ubi
181 5377 428 5430 maxima
451 5377 568 5432 dies
599 5381 657 5431 Iit
703 5380 959 5433 horarum
993 5379 1080 5441 l7,
1108 5380 1191 5434 vel
1225 5376 1310 5434 l8.
1356 5379 1460 5435 Sed
1491 5380 1632 5434 ulte-

35 5447 218 5500 rioris
242 5461 322 5500 eae
355 5463 593 5518 quoque,
628 5450 720 5504 ubi
756 5457 840 5503 est
871 5450 1124 5503 horarum
1155 5449 1216 5504 21
1267 5460 1322 5504 et
1349 5450 1440 5514 22,
1473 5457 1630 5504 υιθι

29 5517 419 5585 sequentibus
460 5517 719 5589 apparet;
748 5519 894 5590 quod
940 5519 994 5573 in
1032 5520 1334 5577 elevatione
1363 5521 1632 5592 graduum

26 5587 132 5644 65.
168 5585 270 5644 66.
305 5603 368 5641 ac
407 5589 664 5644 deinceps
693 5591 893 5644 evenit.

74 5603 132 5649 ἶ),
168 5603 270 5650 υο,
305 5603 368 5641 ac
407 5603 664 5650 ﬂelnCGDS
693 5603 893 5646 evenit.

69 5603 132 5649 υ,
168 5603 270 5650 oo,
305 5603 368 5641 ac
407 5603 598 5644 uemce
637 5607 664 5646 s
693 5603 893 5646 evenit.

110 5657 239 5730 (23)
276 5658 514 5730 Κράτης
557 5607 635 5714 δὲ,
655 5664 687 5715 ό
735 5661 1153 5730 γραμματικός,
1199 5660 1516 5717 Eustathius
1564 5658 1632 5714 ad

24 5726 253 5795 Odyss.
287 5727 355 5791 Κ,
395 5744 586 5801 versus
616 5726 752 5786 illos'
766 5726 1076 5800 exponens.
1105 5726 1200 5801 qui
1227 5747 1258 5786 a
1288 5730 1516 5786 Gemino
1557 5731 1635 5787 ci-

21 5807 261 5864 tantur.
291 5801 369 5855 ait
391 5799 660 5858 Cratetem
693 5799 1324 5873 illiusinterpretationis
1355 5809 1632 5859 auctorem

1741 4606 1984 4661 cubaret.
2045 4603 2341 4659 Eveniebat
2387 4603 2532 4657 enim
2583 4602 2728 4656 circa
2769 4602 2883 4657 haec
2936 4603 3054 4658 loca
3093 4614 3307 4659 noctem

1741 4697 1958 4769 quidem
1989 4696 2146 4752 valde
2179 4710 2402 4767 parvam
2435 4693 2569 4757 ﬁeri,
2607 4694 2690 4749 bis
2716 4695 2934 4765 quidem
2963 4695 3217 4749 horarum
3247 4694 3304 4759 2,

1741 4791 1850 4846 illis
1875 4805 2004 4845 vero
2028 4790 2082 4854 5,
2108 4797 2168 4842 ut
2197 4796 2320 4860 post
2347 4802 2625 4853 occasum,
2650 4803 2815 4858 parvo
2838 4787 3120 4860 intervallo
3149 4787 3309 4842 inter-

1743 4880 1944 4952 posito,
1981 4879 2166 4934 statim
2199 4879 2279 4934 sol
2309 4886 2498 4949 postea
2527 4877 2786 4932 oriretur.
2829 4896 2848 4928 ι
2890 4877 3081 4932 Crates
3125 4866 3309 4946 gram-

1741 4975 1974 5029 maticus
2000 4972 2175 5043 inquit
2199 4973 2393 5026 horum
2418 4972 2662 5026 locorum
2682 4972 2844 5026 etiam
2871 4969 3164 5026 Homerum
3195 4983 3309 5024 me-

1739 5064 1964 5119 minisse
1995 5062 2049 5117 iu
2080 5062 2167 5120 his
2193 5078 2315 5132 quae
2345 5063 2570 5134 Ulysses
2603 5060 2737 5116 dicit
2763 5082 2776 5116 :

1737 5309 2038 5372 exstitisse.
2065 5324 2186 5380 qua:
2216 5306 2549 5380 Homericos.
2564 5325 2769 5366 versus
2791 5307 2862 5380 ad
2878 5307 3304 5380 exquisitiorem

1737 5389 1789 5435 et
1824 5378 2273 5442 mathematicam,
2309 5378 2574 5434 rationem
2618 5380 2805 5449 exigit.
2841 5378 2974 5432 Nam
3007 5379 3306 5448 simplicior

1732 5450 1964 5507 istorum
1997 5450 2265 5506 sententia
2301 5449 2554 5512 traditur,
2610 5459 2774 5504 noctu
2804 5459 2857 5503 et
2892 5449 3125 5502 interdiu
3157 5451 3302 5518 pari-

1735 5529 1818 5576 ter
1849 5536 2068 5590 operam
2096 5520 2312 5574 dedisse
2339 5521 2572 5590 pastioni
2603 5518 3017 5590 Lmstrygonas;
3053 5533 3117 5571 ac
3141 5527 3302 5590 nocte

1735 5588 1952 5660 quidem
1989 5591 2176 5651 boves.
2238 5591 2308 5644 ob
2342 5588 2608 5644 asilorum
2657 5599 2712 5645 et
2755 5588 3023 5660 ejusmodi
3066 5589 3300 5658 pestium

1736 5669 1970 5728 metum;
2011 5661 2077 5715 de
2110 5660 2197 5715 die
2228 5675 2378 5722 vero,
2411 5660 2553 5714 villis
2582 5661 2790 5714 munita
2827 5674 3021 5730 pecora
3063 5660 3303 5730 pavisse.

1737 5730 1907 5786 Porro
1933 5731 2215 5796 κελεύθους
2249 5731 2456 5802 ἤματος
2492 5731 2586 5802 κιρ
2631 5731 2840 5798 νυκτός,
2891 5730 3086 5784 diurna
3121 5740 3173 5802 et
3203 5747 3304 5802 rno-

1739 5812 1926 5858 σιω-πο
1968 5818 2166 5873 pascua
2193 5799 2398 5858 vocari.
2432 5799 2507 5857 ita
2538 5799 2878 5872 Eustathius,
2912 5817 3032 5872 qua:
3071 5800 3324 5875 quidem.
