4000 6206
267 311 366 368 789

1249 315 1483 371 GEMINI
1524 315 1896 370 ELEMENTA
1939 313 2438 372 ASTRONOMLE.

3402 316 3505 373 790

263 427 496 494 ⁴γίνεται·
558 427 722 498 ἑτέρα
764 428 821 482 δὲ
863 430 1142 502 τρίμηνος,
1174 434 1230 485 ὲν
1262 427 1295 508 ᾖ
1333 435 1440 487 ἀπὸ
1482 433 1578 488 τοῦ
1623 434 1830 507 θερινοῦ

1941 433 2236 488 trimestris
2289 432 2429 494 dies,
2468 431 2522 485 in
2555 445 2662 502 qua
2710 429 2778 484 ab
2807 430 2995 485 aestivo
3021 428 3232 500 tr0pieo
3262 429 3327 484 ad
3358 431 3505 485 hori-

263 517 518 590 τροπικοῦ
544 520 636 573 ἐπὶ
671 521 764 574 τὸν
793 521 1040 594 ὁρίζοντα
1069 527 1342 597 καταντᾷ·
1369 528 1462 580 καὶ
1502 528 1680 581 πάντα
1704 527 1828 581 τοῦ·

259 630 350 666 τον
379 612 469 666 τὸν
501 613 690 684 χρόνον
724 615 866 670 κατὰ
896 617 1022 682 τοὺς
1054 619 1193 690 ὑπὲρ
1221 621 1324 690 γῆν
1356 621 1586 685 κύκλους
1620 623 1828 696 παραλ-

260 703 453 776 λήλους
483 705 856 778 ὲνεχθήσεται.
907 710 1056 763 Ἐπεὶ
1083 711 1140 764 δὲ
1174 711 1457 783 συμϐαίνει
1489 713 1588 783 τὴν
1617 714 1829 786 οἴκησιν

173 856 178 860 ι
259 796 461 867 ταύτην
485 799 546 851 ὲν
575 800 718 873 μέσῃ
766 803 830 872 τῇ
864 803 1245 877 κατεψυγμένη
1281 805 1375 858 καὶ
1415 806 1654 878 ἀοικήτῳ
1685 806 1830 880 ζώνῃ

261 888 544 961 ὑπάρχειν,
579 890 792 960 ἀνάγκη
821 890 909 944 διὰ
946 894 1144 957 παντὸς
1169 897 1355 963 νέφεσι
1389 896 1712 967 κατέχεσθαι
1738 897 1830 951 τὸν

261 980 442 1045 τόπον,
484 983 578 1035 καὶ
620 983 712 1036 ἐπὶ
754 984 885 1038 πολὺ
935 985 1096 1056 βάθος
1137 987 1296 1059 ἀέρος
1338 991 1719 1062 συνεστηκέναι
1761 993 1830 1046 τά

259 1071 416 1143 νέφη,
436 1073 531 1127 καὶ
555 1073 629 1145 μὴ
651 1074 907 1129 δύνασθαι
927 1076 1023 1141 τὰς
1045 1077 1138 1131 τοῦ
1161 1078 1312 1149 ἡλίου
1329 1081 1502 1149 αὐγὰς
1523 1083 1832 1137 διακόπτειν

257 1164 324 1217 τὰ
367 1164 533 1236 νέφησ
579 1165 720 1220 ὥστε
769 1167 1002 1236 εὐλόγως
1046 1170 1214 1223 νύκτα
1249 1173 1294 1203 ²⁸
1327 1171 1414 1225 διὰ
1449 1173 1646 1237 παντὸς
1694 1169 1829 1228 εἰναι

257 1257 388 1324 παρ’
416 1255 600 1318 αὐτοῖς
630 1257 837 1321 σκότος.
873 1258 1040 1312 Ὅταν
1066 1261 1163 1330 μὲν
1191 1261 1299 1333 γὰρ
1326 1263 1468 1335 ὑπὲρ
1493 1258 1595 1334 γῆν
1612 1264 1831 1338 ὑπάρχῃ

253 1351 282 1400 ὁ
308 1348 484 1417 ἣλιος,
527 1350 717 1415 σκότος
745 1352 861 1404 ἐστί
887 1355 1014 1424 παρ’
1038 1354 1219 1417 αὐτοῖς
1245 1355 1332 1409 διά
1356 1355 1454 1428 τὴν
1488 1357 1830 1428 παχυμερίαν

256 1441 370 1495 τῶν
398 1442 576 1511 νεφῶν
598 1461 612 1475 ·
643 1444 768 1497 ὅταν
797 1445 853 1498 δὲ
882 1445 986 1497 ὑπὸ
1029 1445 1118 1515 τον
1141 1445 1392 1519 ὁρίζοντα
1427 1451 1455 1503 ό
1486 1449 1637 1518 ἥλιος
1663 1446 1719 1524 ᾗ,
1744 1449 1830 1504 διὰ

254 1534 359 1606 τὴν
381 1537 612 1606 φυσικὴν
639 1537 885 1608 ἀνάγκην
913 1539 1006 1605 νύξ
1036 1541 1150 1592 ἐστι
1186 1542 1315 1611 παρ’
1347 1543 1524 1606 αὐτοῖς
1547 1560 1559 1572 ο
1584 1542 1722 1596 ὥστε
1743 1542 1830 1596 διὰ

258 1627 461 1690 παντὸς
513 1626 814 1697 ἀφώτιστον
853 1629 1033 1684 αὐτῶν
1083 1629 1219 1685 εἶναι
1263 1633 1361 1703 τὴν
1394 1632 1626 1703 οἴκησιν.
1661 1633 1830 1686 Τοῦτο

251 1713 372 1778 οὖν,
408 1717 562 1788 φησὶ,
591 1718 652 1772 τὸ
679 1718 965 1790 λεγόμενόν
997 1722 1142 1775 ἐστιν
1168 1723 1273 1777 ὑπὸ
1298 1723 1390 1776 τοῦ
1429 1724 1650 1796 ποιητοῦ
1670 1743 1687 1759 ο

997 1835 1138 1889 οὐδέ
1170 1838 1302 1890 ποτ’
1332 1838 1553 1904 αὐτοὺς

412 1901 634 1924 ’llll_-,
680 1903 997 1924 .-__1n,,_-l_.
1032 1905 1111 1924 nl,
1334 1909 1346 1924 ο
1439 1910 1450 1924 ο

425 1901 641 1968 Ἠέλιος
669 1903 904 1973 φαέθων
921 1905 1287 1974 ἐπιδέρκεται
1314 1901 1689 1964 ἀκτίνεσσιν.

318 2015 389 2068 Εἰ
424 2016 522 2086 μὲν
567 2011 658 2069 οὖν
707 2015 876 2070 ταῦτα
922 2016 1234 2089 ἐνθυμεῖται
1262 2021 1291 2073 ό
1338 2021 1601 2092 Ὄμηρος,
1648 2020 1835 2093 ἕτερος

248 2104 397 2158 ἔστω
450 2105 633 2173 λόγος·
666 2107 747 2159 ὅτι
789 2106 846 2159 δέ
880 2108 984 2160 εἰσι
1017 2109 1169 2160 τόποι
1201 2108 1362 2173 τινὲς,
1407 2109 1508 2179 τῆς
1536 2109 1640 2180 γῆς
1678 2126 1835 2179 σφαι-

249 2197 495 2268 ροειδοῦς
518 2199 886 2270 ὑπαρχούσης,
907 2198 1120 2270 ἔχοντες
1137 2198 1205 2253 τὰ
1229 2201 1600 2273 προειρημένα
1627 2200 1832 2274 μεγέθη

244 2289 363 2342 τῶν
390 2289 617 2361 ἡμερῶν
640 2290 773 2363 πρὸς
800 2289 1023 2362 ἄλληλα,
1047 2290 1203 2360 δῆλον
1233 2292 1326 2345 ἀπ’
1355 2293 1526 2362 αὐτῆς
1552 2293 1651 2364 τῆς
1677 2294 1836 2362 σφαί-

247 2398 373 2452 ρας.
409 2382 551 2447 Τοὺς
591 2382 836 2452 μέντοιγε
879 2384 1078 2447 τόπους
1110 2383 1331 2448 τούτους
1362 2385 1650 2456 ἀοικήτους
1695 2383 1833 2440 εἰναι

247 2473 542 2544 συμόαίνει
570 2474 658 2526 διὰ
699 2473 796 2546 τὴν
833 2474 926 2528 τοῦ
959 2475 1165 2546 ψύχους
1204 2475 1534 2548 ὑπερϐολήν.
1571 2478 1656 2530 Ἐν
1689 2477 1831 2550 μέσῃ

245 2565 352 2634 γὰρ
387 2559 614 2618 κεῖνται
633 2567 697 2636 τῇ
727 2567 1114 2640 κατεψυγμένη
1145 2565 1308 2640 ζώνῃ.

329 2654 626 2708 Ἀνάπαλιν
652 2655 708 2708 δὲ
734 2659 848 2719 τοῖς
871 2657 1006 2726 πρὸς
1039 2656 1386 2729 μεσημϐρίαν
1418 2656 1656 2712 οἰκοῦσιν
1685 2657 1836 2712 ὲλάσο

246 2765 400 2811 σονες
429 2748 520 2802 ἀεὶ
553 2749 772 2820 μᾶλλον,
809 2750 902 2803 καί
941 2749 1226 2813 ἐλάσσονες
1259 2752 1312 2804 αἰ
1336 2751 1536 2823 ἡμέραι
1557 2752 1828 2821 γίνονται·

245 2843 377 2912 παρ’
406 2828 492 2904 οἷς
525 2842 622 2912 μὲν
657 2842 717 2895 ιδ’
751 2841 910 2914 ὡρῶν
946 2841 1274 2914 ίσημερινῶν
1304 2843 1336 2914 η
1379 2843 1610 2914 μεγίστη
1651 2843 1832 2915 ἡμέρα

243 2937 488 3004 γίνεται,
528 2937 659 3006 παρ’
688 2930 769 2998 οἷς
791 2935 847 2989 δὲ
879 2942 945 3004 ιγ’
971 2936 1037 2988 ’⁷.

313 3029 502 3100 Πέρας
544 3028 602 3081 δέ
629 3030 745 3080 ἐστι
773 3027 923 3100 χώρα
959 3045 1044 3092 τις
1078 3027 1214 3100 πρὸς
1242 3027 1592 3100 μεσημϐρίαν
1632 3028 1834 3100 μᾶλλον

1936 530 2152 578 zontem
2204 521 2504 577 descendit.
2566 521 2744 592 Atque
2787 520 2934 575 omni
2966 518 3068 572 hoc
3120 526 3361 588 tempore
3408 537 3506 590 per

1936 617 2174 674 circulos
2217 615 2533 686 parallelos,
2575 613 2669 684 qui
2711 620 2839 667 sunt
2889 626 3053 681 supra
3098 621 3322 674 terram,
3366 610 3505 666 ferc-

1935 719 2043 764 tur.
2090 709 2228 764 Cum
2277 723 2407 764 vero
2462 708 2744 776 contingat
2799 707 2941 759 hanc
2995 704 3390 759 habitationem
3449 705 3504 758 in

1936 802 2112 858 media
2161 801 2357 872 frigida
2415 809 2577 870 atque
2631 797 2969 852 inhabitabili
3018 811 3152 852 zona
3206 811 3347 860 esse,
3409 811 3505 851 ne-

1935 907 2090 948 cesse
2137 898 2222 948 est
2278 907 2496 962 semper
2539 889 2754 946 nebulis
2795 889 3055 960 occupari
3097 889 3300 952 locum,
3347 895 3401 943 et
3448 888 3503 942 in

1936 997 2130 1054 magna
2161 981 2304 1038 aeris
2333 982 2705 1054 profunditate
2733 981 2966 1037 nebulas
2997 982 3324 1036 constitutas
3355 995 3501 1046 esse,

1935 1090 2036 1130 nec
2063 1091 2222 1146 posse
2256 1076 2388 1130 solis
2421 1074 2606 1131 radios
2643 1075 2872 1131 nebulas
2908 1075 3028 1129 illas
3052 1075 3320 1145 dissipare
3353 1094 3366 1129 :
3404 1075 3506 1128 ita-

1935 1183 2041 1238 que
2091 1179 2517 1224 consentaneum
2572 1177 2655 1223 est
2705 1183 2921 1238 semper
2979 1167 3121 1237 apud
3173 1167 3322 1238 ipsos
3382 1182 3505 1222 esse

1935 1258 2113 1313 noctis
2171 1258 2446 1313 tenebras.
2510 1255 2646 1312 Cum
2703 1258 2848 1313 enim
2885 1273 3050 1327 supra
3102 1265 3303 1312 terram
3343 1255 3508 1315 fuerit.

1937 1351 2039 1414 sol,
2094 1350 2332 1405 tenebrae
2385 1361 2514 1406 sunt
2565 1349 2705 1421 apud
2757 1351 2905 1422 ipsos
2931 1358 3153 1420 propter
3194 1351 3503 1407 crassitrem

1936 1440 2294 1506 nebularum;
2322 1455 2450 1495 cum
2501 1456 2630 1497 vero
2661 1439 2800 1496 infra
2831 1439 3168 1496 horizontem
3205 1441 3284 1495 sol
3317 1440 3502 1508 fuerit,

1935 1542 2153 1603 pr0pter
2185 1533 2490 1588 naturalem
2530 1533 2910 1589 necessitatem
2939 1548 3046 1587 nox
3078 1540 3161 1588 est
3189 1533 3332 1603 apud
3365 1547 3500 1589 eos:

1937 1625 2010 1678 ita
2034 1632 2093 1678 ut
2126 1640 2342 1694 semper
2373 1639 2564 1680 eorum
2592 1624 2860 1680 habitatio
2887 1625 3094 1701 lumine
3136 1632 3342 1684 careat.
3390 1625 3504 1681 Hoc

1937 1717 2121 1788 igitur,
2156 1717 2353 1789 inquit,
2383 1727 2467 1774 est
2510 1717 2643 1773 illud
2673 1717 2817 1788 quod
2849 1733 2880 1772 a
2918 1726 3077 1790 poeta
3104 1718 3327 1775 dicitur:

2290 1875 2351 1905 .3.
2386 1851 2546 1902 neque
2574 1851 2808 1905 unquam
2846 1851 2934 1888 80$

2287 1903 2383 1960 Sol
2429 1903 2704 1976 splendens
2741 1905 2929 1975 aspicit
2963 1904 3149 1958 radiis.

2004 2015 2087 2071 An
2119 2016 2286 2086 igitur
2313 2016 2428 2072 hzec
2468 2018 2667 2089 cogitet
2714 2015 3003 2081 Homerus,
3064 2015 3169 2069 alia
3214 2023 3333 2070 esto
3378 2030 3503 2069 ora-

1933 2106 2046 2174 tio;
2099 2106 2245 2177 quod
2273 2115 2453 2162 autem
2488 2109 2599 2162 sint
2633 2107 2751 2162 loca
2782 2107 3053 2178 quaedam,
3089 2121 3214 2160 cum
3250 2117 3393 2159 terra
3429 2105 3502 2161 sit

1934 2199 2182 2269 globosa,
2237 2213 2360 2269 qua:
2402 2198 2692 2269 prmdictas
2740 2196 3143 2268 magnitudines
3171 2195 3384 2250 dierum
3425 2197 3504 2250 in-

1935 2298 2019 2345 ter
2075 2305 2135 2344 se
2167 2290 2424 2354 habeant,
2469 2289 2818 2346 manifestum
2877 2297 2962 2345 est
3003 2306 3071 2344 ex
3126 2291 3243 2359 ipsa
3279 2289 3504 2358 spbazrau

1935 2381 2125 2452 ﬁgura.
2171 2381 2316 2438 Loca
2357 2391 2506 2438 certe
2550 2383 2666 2437 haec
2705 2382 3086 2438 iuhabitabilia
3134 2398 3260 2437 esse
3284 2383 3502 2437 contiu-

1932 2475 2010 2546 git
2068 2483 2290 2546 propter
2327 2473 2550 2547 frigoris
2579 2491 2888 2532 excessum.
2927 2475 3066 2530 Sunt
3113 2476 3258 2530 enim
3297 2477 3398 2530 sita
3448 2475 3502 2530 in

1934 2569 2111 2624 media
2151 2584 2289 2624 zona
2339 2568 2555 2639 frigida.

2001 2663 2206 2718 Contra
2244 2676 2376 2718 vero
2411 2661 2480 2716 iis
2515 2661 2608 2731 qui
2657 2676 2848 2715 versus
2901 2659 3185 2714 meridiem
3233 2661 3502 2725 habitant,

1933 2756 2173 2812 minores
2207 2771 2419 2827 semper
2444 2762 2500 2810 et
2525 2755 2703 2809 adhuc
2733 2755 2972 2808 minores
3001 2753 3135 2806 fiunt
3167 2753 3313 2816 dies;
3358 2753 3500 2823 apud

1931 2852 2068 2907 alios
2095 2852 2314 2923 quidem
2340 2850 2657 2922 longissima
2685 2849 2803 2905 dies
2829 2857 2915 2904 est
2947 2848 3206 2902 horarum
3258 2847 3500 2917 aequino-

1930 2945 2179 3000 ctialium
2213 2945 2301 3009 14,
2332 2943 2478 3014 apud
2508 2943 2645 2998 alios
2673 2942 2760 2998 15.

2004 3032 2247 3088 Tandem
2304 3041 2388 3088 est
2420 3033 2569 3104 regio
2607 3032 2853 3103 quaedam
2895 3031 3070 3101 magis
3105 3030 3267 3085 nobis
3308 3045 3500 3085 versus

242 3119 405 3190 ἡμῶν
448 3119 699 3189 κειμένη,
742 3119 1006 3190 λεγομένη
1053 3119 1155 3172 ὑπὸ
1186 3119 1277 3173 τὸν
1317 3119 1662 3192 ἰσημερινόν·
1699 3122 1756 3173 ὲν

1935 3125 2217 3181 meridiem
2251 3126 2382 3190 sita,
2417 3141 2539 3196 quae
2575 3125 2779 3180 dicitur
2821 3140 2943 3180 esse
2981 3123 3085 3178 sub
3113 3121 3497 3193 aequinoctiali.

241 3214 289 3264 οἰ
325 3212 435 3282 μὲν
470 3211 624 3265 πόλοι
668 3213 760 3265 ἐπὶ
788 3212 879 3266 τοῦ
924 3213 1196 3285 ὁρίζοντος
1235 3213 1556 3266 πίπτουσιν’
1600 3213 1733 3286 ὀρθὴ
1773 3213 1831 3266 δὲ

242 3301 575 3356 καθίσταται
618 3303 776 3374 ήτοῦ
811 3305 1018 3376 κόσμου
1069 3309 1294 3378 σφαῖρα.
1337 3305 1751 3377 Διχοτομοῦνται
1776 3306 1833 3360 δὲ

246 3394 458 3457 πάντες
490 3396 540 3446 oi
575 3394 905 3467 παράλληλοι
933 3396 1120 3450 κύκλοι
1151 3399 1198 3450 οί
1233 3399 1570 3468 γραφόμενοι
1602 3398 1705 3451 ὑπὸ
1736 3397 1830 3451 τοῦ

241 3488 400 3559 ἡλίου
450 3487 590 3540 κατά
618 3489 665 3519 ’⁸
697 3489 794 3558 τὴν
837 3489 931 3542 τοῦ
962 3489 1172 3560 κόσμου
1217 3490 1508 3561 γινομένην
1540 3507 1832 3562 περιστρο-

242 3583 370 3652 φὴν.
402 3583 484 3635 Δι’
510 3581 577 3652 ἢν
603 3582 780 3636 αἰτίαν
809 3583 1066 3655 ἰσημερία
1094 3583 1184 3637 διὰ
1209 3583 1408 3647 παντός
1435 3584 1550 3636 ἐστι
1579 3585 1708 3656 παρ’
1738 3585 1833 3638 αὑο

239 3679 374 3740 τοῖς.
439 3675 515 3729 Οὐ
559 3674 668 3748 γάρ
705 3677 834 3746 παρ’
863 3677 1028 3746 ἄλλην
1076 3677 1195 3731 τινὰ
1264 3677 1440 3733 αἰτίαν
1484 3679 1518 3750 ἡ
1577 3679 1832 3750 ἀνισότης

238 3767 459 3834 γίνεται
508 3766 615 3820 τῶν
651 3767 893 3838 ἡμερῶν,
921 3767 1055 3822 ἀλλά
1085 3769 1235 3841 παρά
1269 3770 1329 3822 τὸ
1366 3769 1576 3842 ἐξαρμα
1607 3769 1701 3824 τοῦ
1734 3770 1830 3823 πό-

239 3857 328 3910 λου
351 3876 367 3888 ·
418 3856 446 3910 ὃ
475 3856 540 3928 δὴ
577 3856 819 3910 καλεῖται
854 3857 1090 3929 ἐγκλιμα
1121 3860 1214 3912 τοῦ
1263 3859 1488 3931 κόσμου.
1539 3859 1832 3931 Συμεαίνει

237 3950 346 4022 γὰρ
371 3948 468 4002 διὰ
495 3948 584 4002 τὸν
613 3950 987 4021 μετεωρισμδν
1009 3950 1102 4004 τοῦ
1136 3952 1299 4005 πόλου
1333 3951 1440 4005 τῶν
1474 3951 1571 4022 μὲν
1598 3951 1705 4005 ἀπὸ
1736 3951 1830 4005 τοῦ

241 4043 570 4115 ἰσημερινοῦ
605 4043 764 4114 μέχρι
802 4043 898 4096 τοῦ
931 4043 1144 4115 θερινοῢ
1179 4045 1438 4116 τροπικοῦ
1475 4045 1832 4118 γραφομένων

237 4133 465 4187 κύκλων
515 4133 734 4202 μείζονα
780 4134 882 4206 μὲν
912 4135 1176 4205 τμήματα
1227 4135 1366 4208 ὑπὲρ
1409 4137 1511 4206 γῆν
1561 4137 1828 4205 γίνεσθαι,

238 4225 510 4279 ὶλάττονα
537 4225 594 4277 δὲ
626 4225 731 4278 ὑπὸ
761 4225 892 4295 γῆνο
920 4226 1027 4281 τῶν
1051 4226 1109 4279 δὲ
1133 4227 1240 4281 ἀπὸ
1264 4227 1355 4281 τοῦ
1387 4228 1698 4300 ἰσημερινοῦ
1733 4228 1832 4300 μέ-

236 4334 326 4388 χρι
383 4314 482 4369 τοῦ
533 4316 840 4389 χειμερινοῦ
893 4316 1150 4390 τροπικοῦ
1195 4320 1559 4391 γραφομένων
1615 4319 1832 4374 κύκλων

238 4410 507 4464 ἐλάττονα
554 4410 650 4478 μὲν
690 4410 954 4480 τμήματα
987 4409 1128 4482 ὑπὲρ
1155 4411 1260 4480 γῆν
1302 4411 1570 4480 γίνεσθαι,
1609 4412 1834 4483 μείζονα

1935 3216 1991 3271 in
2027 3231 2134 3286 qua
2165 3216 2274 3286 poli
2307 3217 2493 3271 mundi
2532 3215 2591 3270 in
2635 3215 2921 3270 horizonte
2949 3224 3247 3284 ponuntur,
3286 3213 3500 3283 sphaera

1933 3317 2115 3364 autem
2147 3308 2335 3362 mundi
2368 3315 2515 3363 recta
2562 3309 2920 3363 constituitur
2959 3328 2972 3363 :
3007 3309 3288 3378 mqualiter
3320 3316 3499 3361 autem

1933 3408 2191 3458 secantur
2233 3415 2424 3454 omnes
2462 3400 2710 3470 paralleli
2745 3400 2958 3464 circuli,
2995 3400 3088 3470 qui
3120 3399 3502 3454 describuntur

1931 3507 1961 3546 a
1986 3493 2100 3548 sole
2128 3491 2428 3549 secundum
2450 3492 2825 3564 quotidianam
2856 3493 3043 3547 mundi
3067 3492 3500 3547 conversionem.

1932 3582 2106 3650 Quam
2145 3583 2216 3639 ob
2260 3599 2482 3640 causam
2534 3584 2677 3656 apud
2717 3600 2814 3641 eos
2855 3600 3072 3656 semper
3129 3591 3213 3639 est
3261 3583 3502 3654 aequino-

1931 3677 2122 3731 ctium.
2183 3676 2302 3732 Non
2348 3677 2492 3733 enim
2527 3685 2751 3748 propter
2806 3677 2966 3730 aliam
3025 3677 3316 3747 quamdam
3373 3691 3503 3731 cau-

1933 3783 2050 3823 sam
2102 3768 2322 3824 exsistit
2384 3768 2596 3825 dierum
2663 3768 3038 3839 inmqualitas,
3104 3769 3211 3823 nisi
3282 3775 3504 3839 propter

1932 3860 2042 3930 poli
2102 3860 2525 3928 exaltationem,
2573 3877 2694 3932 quae
2743 3861 2933 3915 mundi
2982 3870 3210 3915 vocatur
3275 3861 3503 3914 inclina-

1932 3952 2035 4006 tio.
2111 3951 2303 4007 Evenit
2374 3952 2517 4008 enim
2596 3958 2821 4022 propter
2890 3950 3001 4022 poli
3079 3951 3499 4012 cxaltalionem.

1929 4060 2118 4100 eorum
2159 4046 2492 4100 circulorum
2555 4045 2648 4115 qui
2699 4044 2766 4098 ab
2805 4044 3170 4114 aequinoctiali
3216 4057 3390 4113 usque
3432 4042 3500 4096 ad

1930 4135 2174 4191 aestivum
2199 4137 2466 4210 tropicum
2494 4133 2900 4202 describuntur,
2931 4136 3138 4205 majora
3166 4135 3382 4205 quidem
3410 4149 3503 4188 su-

1930 4243 2026 4298 pra
2067 4236 2272 4283 terram
2320 4243 2442 4284 esse
2488 4237 2793 4300 segmenta,
2854 4230 3068 4283 n'iinora
3125 4237 3302 4283 autem
3357 4226 3502 4281 infra

1931 4327 2132 4375 terram
2165 4339 2178 4374 :
2216 4337 2405 4376 eorum
2436 4337 2588 4386 vero,
2616 4323 2709 4393 qui
2748 4323 2816 4377 ab
2835 4322 3199 4392 aaquinocliali
3225 4322 3291 4376 ad
3321 4321 3503 4377 biber-

1932 4429 2061 4467 num
2094 4414 2366 4484 tropicum
2418 4413 2823 4482 describuntur,
2859 4419 3070 4469 minora
3115 4423 3388 4484 segmenta
3420 4413 3503 4468 in-

235 4504 292 4557 δὲ
320 4503 436 4555 ὑπὸ
474 4503 598 4573 γῆν.
632 4502 800 4556 Ὅπου
841 4502 897 4556 δὲ
927 4505 974 4556 οἰ
1005 4503 1156 4556 πόλοι
1191 4504 1283 4556 ἐπὶ
1310 4491 1416 4557 ’τοῦ
1445 4504 1716 4576 ὁρίζοντος
1741 4507 1830 4558 πί-

1933 4504 2014 4558 fra
2049 4513 2251 4560 terram
2302 4506 2438 4571 ﬁeri,
2487 4507 2696 4576 majora
2732 4523 2861 4562 vero
2912 4523 3075 4578 supra
3119 4513 3342 4560 terram.
3399 4503 3502 4560 Ubi

242 4613 378 4650 πτου
389 4613 494 4660 σιν,
521 4595 913 4668 ἀναιρουμένου
937 4593 1032 4649 τοῦ
1057 4595 1227 4648 αἰτίου
1253 4597 1352 4668 τῆς
1376 4597 1694 4668 ἀνισότητος
1721 4598 1829 4650 τῶν

241 4687 473 4760 ἡμερῶν
493 4687 670 4757 (τοῦτο
695 4674 753 4741 δὲ
781 4683 849 4759 ἦν
878 4687 939 4740 τὸ
972 4687 1249 4758 ἔγκλιμα),
1283 4686 1518 4760 εὐλόγως
1544 4687 1828 4760 συμϐαίνει

240 4781 544 4854 ἰσημερίαν
568 4776 707 4834 εἶναι
731 4780 820 4834 διὰ
851 4781 1049 4844 παντὸς
1084 4782 1213 4851 παρ’
1244 4780 1451 4844 αὐτοῖς.
1486 4781 1699 4844 Πάντας
1731 4781 1829 4852 μὲν

237 4875 348 4947 γὰρ
387 4875 516 4937 τοὺς
557 4872 789 4936 κύκλους
825 4873 854 4925 ό
880 4873 1028 4944 ἥλιος
1058 4873 1346 4943 ἰσοχρόνως
1383 4873 1826 4944 περιστρέφεται,

238 4971 337 5024 καί
368 4971 499 5032 τοὺς
541 4969 810 5040 μείζονας,
845 4968 940 5022 καὶ
981 4969 1105 5031 τοὺς
1135 4967 1448 5029 ὲλάσσονας,
1473 4965 1560 5020 διὰ
1597 4967 1657 5019 τὸ
1699 4966 1827 5038 περί

237 5077 364 5114 τινα
399 5061 630 5130 μένοντα
664 5062 1026 5130 σημεῖα,τοὺς
1041 5059 1254 5124 πόλους,
1273 5059 1518 5128 γίνεσθαι
1547 5059 1644 5130 τὴν
1676 5077 1828 5132 περι-

240 5154 488 5225 στροφὴν
510 5151 601 5204 τοῦ
621 5151 843 5222 κόσμου.
868 5152 1028 5204 ’Ὥστε
1049 5151 1120 5224 μὴ
1134 5151 1283 5224 παρά
1303 5151 1371 5205 τὰ
1390 5150 1591 5223 μεγέθη
1607 5150 1715 5206 τῶν
1731 5152 1827 5205 κύ-

237 5245 411 5309 κλων,
434 5243 572 5297 ἀλλὰ
588 5243 738 5315 παρὰ
753 5244 849 5316 τὴν
865 5245 1153 5314 ἀνισότητα
1172 5245 1280 5298 τῶν
1303 5244 1626 5316 τμημάτων,
1643 5239 1717 5299 ὧν
1735 5246 1828 5315 φέ-

243 5353 405 5408 ρεται
419 5339 448 5390 ό
459 5337 608 5407 ἦλιος
624 5335 728 5389 ὑπὸ
739 5336 864 5405 γῆν,
881 5337 975 5388 καὶ
997 5336 1137 5408 ὑπὲρ
1151 5337 1274 5407 γῆν,
1292 5337 1388 5407 τὴν
1404 5337 1692 5408 ἀνισότητα
1722 5337 1830 5389 τῶν

240 5431 274 5498 ἡ
283 5427 470 5499 μερῶν
483 5427 744 5497 γίνεσθαι.
759 5431 821 5480 Αἱ
838 5428 1082 5499 μέντοιγε
1100 5427 1467 5499 παραυξήσεις
1479 5430 1586 5481 τῶν
1605 5429 1828 5501 ἡμερῶν

241 5517 341 5570 καὶ
375 5515 481 5569 τῶν
514 5517 724 5570 νυκτῶν
755 5518 856 5569 οὐκ
888 5519 1024 5570 εἰσὶν
1057 5519 1114 5571 ὲν
1147 5518 1280 5570 πᾶσι
1313 5520 1427 5582 τοῖς
1455 5517 1666 5584 ζωδίοις
1690 5519 1822 5584 ἴσαι,

240 5606 385 5661 ἀλλά
419 5608 548 5679 περὶ
595 5608 692 5678 μὲν
729 5608 798 5661 τὰ
833 5609 1065 5679 τροπικὰ
1109 5612 1306 5680 σημεῖα
1329 5611 1520 5681 μικραί
1548 5611 1826 5677 παντελῶς

324 5767 376 5798 ’⁸
415 5785 501 5837 γρ.
538 5766 750 5830 νυκτός.
863 5768 906 5799 ³⁷
940 5783 1028 5830 πρ.
1064 5771 1158 5831 ις’.
1237 5766 1282 5798 ’⁸
1313 5783 1402 5835 γρ.
1434 5767 1600 5841 παρά.

1927 4613 2058 4653 vero
2085 4599 2195 4670 poli
2229 4599 2418 4654 mundi
2446 4600 2500 4654 in
2534 4600 2816 4655 horizonte
2840 4601 3044 4669 jacent,
3076 4613 3239 4653 causa
3264 4598 3501 4667 inaequa.

1927 4688 2098 4745 litatis
2145 4689 2358 4744 dierum
2405 4689 2641 4756 sublata,
2685 4705 2806 4760 qua:
2846 4699 2929 4744 est
2964 4689 3243 4743 inclinatio
3288 4689 3498 4751 mundi,

1925 4779 2106 4835 evenit
2140 4787 2200 4834 ut
2257 4782 2642 4851 aequinoctium
2687 4780 2828 4851 apud
2871 4795 2966 4835 eos
2995 4781 3064 4835 sit
3095 4795 3336 4849 semper.
3371 4777 3502 4834 Om-

1927 4886 2023 4926 nes
2057 4871 2202 4924 enim
2239 4872 2475 4926 circulos
2502 4871 2792 4942 parallelos
2826 4871 2907 4926 sol
2950 4871 3252 4941 aequalibus
3291 4877 3502 4940 tempo-

1928 4961 2079 5017 ribus
2124 4971 2399 5034 peragrat,
2436 4961 2559 5018 cum
2606 4964 2860 5033 majores,
2896 4970 3010 5018 tum
3063 4964 3324 5024 minores,
3376 4977 3502 5031 pro-

1933 5065 2116 5124 pterea
2148 5055 2295 5124 quod
2327 5056 2474 5110 circa
2511 5056 2612 5111 lixa
2642 5065 2844 5127 puncta
2882 5072 3075 5127 nempe
3103 5056 3257 5126 polos
3285 5056 3496 5118 mundi,

1933 5149 2026 5202 ﬁat
2055 5136 2342 5203 conversio
2378 5149 2586 5204 mundi.
2621 5148 2808 5220 Itaque
2841 5165 2947 5205 non
2982 5159 3203 5222 propter
3228 5148 3500 5220 magnitu-

1929 5242 2084 5296 dines
2128 5241 2484 5309 circulorum,
2539 5242 2633 5298 sed
2676 5251 2898 5314 propter
2930 5242 3352 5314 inaequalitatem
3412 5256 3498 5296 se-

1929 5343 2291 5406 gmentorum,
2350 5337 2406 5390 in
2467 5337 2666 5407 quibus
2725 5338 2808 5393 sol
2873 5336 3039 5392 fertur
3089 5335 3230 5392 infra
3273 5344 3499 5400 terram,

1925 5433 1980 5480 et
2044 5441 2211 5496 supra
2286 5439 2522 5492 terram,
2583 5430 2641 5484 fit
2702 5429 3039 5499 imequalitas
3094 5428 3327 5483 dierum.
3404 5426 3498 5482 In-

1924 5530 2201 5576 crementa
2283 5537 2413 5578 vero
2481 5523 2690 5579 dierum
2757 5531 2811 5579 et
2879 5524 3118 5578 noctium
3187 5536 3296 5576 non
3371 5527 3498 5575 sunt

1925 5613 1982 5668 in
2046 5614 2303 5673 omnibus
2367 5615 2539 5688 signis
2597 5615 2873 5689 aequalia,
2931 5615 3034 5672 sed.
3091 5617 3236 5672 circa
3291 5614 3497 5684 tropica
