4000 6206
511 283 594 337 mi
1495 293 1586 345 AD
1627 291 1896 349 EUSEBII
1930 290 2324 347 cunomcou
2363 291 2730 348 APPENDIX.
3649 284 3746 344 ω

508 402 702 464 puncta
757 398 983 454 contine
1031 408 1158 455 sunt
1210 417 1378 472 parva
1464 413 1625 475 atque
1697 405 2075 461 insensibilia:

2191 407 2275 458 καὶ
2306 407 2694 479 ἀνεπαίσθητοι
2723 417 3000 475 γίνονται)
3029 401 3169 456 ὥστε
3213 401 3397 473 σχεδὸν
3425 402 3512 471 ἐφ’
3539 400 3751 472 ἡμέρας

509 487 605 559 15
637 488 715 542 ita
745 497 805 542 ut
833 491 948 545 fere
993 509 1165 563 usque
1197 495 1264 549 ad
1319 495 1440 551 dies
1485 497 1841 568 quadraginta
1883 497 2084 552 eadem.

2191 503 2232 564 μ’
2276 495 2385 567 (25)
2413 497 2473 550 τὸ
2500 497 2632 553 αὐτὸ
2670 494 2900 566 μέγεθος
2943 493 3048 547 τῶν
3093 490 3312 564 ἡμερῶν
3359 491 3455 545 καὶ
3502 491 3616 543 τῶν
3663 510 3753 544 νυο

508 581 823 652 magnitudo
873 582 1083 639 dierum
1139 597 1193 640 et
1250 589 1493 642 noctium
1561 598 1893 659 permaneat.
1939 587 2074 643 Nam

508 684 554 726 et
606 676 896 741 accedens,
949 687 1002 733 et
1054 696 1247 736 rursus
1300 681 1588 738 discedens
1615 685 1698 740 sol
1759 701 1790 739 a
1848 683 2076 754 tropicis

509 768 742 832 punctis,
781 768 953 824 efﬁcit
999 769 1347 829 insensibiles
1383 774 1685 829 secundum
1732 775 2078 830 latitudinem

509 871 785 926 accessus,
814 869 873 914 ut
905 865 1293 920 convenienter
1319 881 1494 936 usque
1521 867 1586 921 ad
1619 867 1932 938 praedictam
1957 867 2077 922 die-

510 967 624 1004 rum
649 953 1079 1019 multitudinem,
1108 959 1288 1026 quoad
1324 975 1569 1024 sensum,
1602 961 1735 1015 solis
1768 975 1922 1014 mora
1965 960 2090 1014 fiat-

509 1043 678 1108 Quam
711 1045 782 1100 ob
815 1062 1036 1103 causam
1067 1057 1120 1104 et
1153 1051 1375 1105 maximi
1401 1061 1593 1116 aestus,
1627 1060 1683 1107 et
1718 1054 1954 1108 maxima
1981 1053 2079 1106 fri-

511 1150 637 1196 gora
684 1148 807 1206 post
847 1139 1236 1197 conversiones
1279 1141 1435 1198 ﬁunt.
1495 1143 1634 1198 Cum
1685 1144 1832 1199 enim
1879 1145 1964 1199 bis
2011 1145 2079 1198 ad

511 1228 756 1284 eumdem
805 1231 982 1285 locum
1039 1235 1268 1289 accedat
1307 1236 1590 1302 continue,
1637 1247 1692 1293 et
1727 1238 2080 1293 insensibiles

511 1323 674 1377 faciat
715 1339 992 1391 accessus,
1031 1335 1084 1382 et
1113 1343 1388 1396 recessus,
1423 1334 1813 1388 convenienter
1861 1344 2080 1403 propter

511 1431 713 1471 moram
731 1418 783 1472 in
804 1433 912 1474 uno
942 1421 1063 1475 loco
1080 1437 1225 1477 nunc
1253 1431 1508 1487 aestuum,
1533 1441 1679 1481 nunc
1705 1425 1926 1498 frigoris
1957 1425 2083 1481 effi-

513 1509 584 1561 cit
615 1509 976 1568 intcnsionem
996 1513 1131 1568 :hoc
1154 1524 1335 1575 autem
1357 1516 1521 1571 etiam
1538 1534 1602 1572 ex
1621 1518 1986 1588 gnomonibus
2000 1527 2082 1572 est

512 1600 880 1659 manifestum.
930 1603 1065 1658 Nam
1105 1605 1423 1662 extremitas
1468 1609 1676 1663 umbra:
1713 1609 1769 1663 in
1814 1622 2083 1679 gnomone

513 1691 622 1746 fere
649 1692 719 1746 ad
744 1694 862 1749 dies
885 1695 1246 1767 quadraginta
1269 1707 1552 1767 permanet
1576 1701 1630 1754 in
1655 1699 2077 1770 tr0picislineis.

513 1781 617 1838 Sed
647 1785 792 1840 circa
818 1789 1509 1859 utrumquezequinoctium
1525 1807 1720 1862 magna
1745 1791 2079 1848 incrementa

513 1876 718 1929 dierum
756 1875 926 1944 fiunt,
947 1886 1010 1932 ut
1040 1894 1279 1950 sequens
1311 1881 1430 1938 dies
1459 1898 1490 1936 a
1524 1883 1866 1952 praecedente
1899 1882 2079 1938 sensi-

512 1968 693 2022 biliter
726 1970 928 2024 variet..
949 1969 1123 2036 Quam
1145 1972 1215 2026 ob
1235 1987 1460 2028 causam
1491 1976 1547 2028 in
1573 1975 1872 2045 horologiis
1903 1983 2082 2030 extre—

513 2058 674 2114 mitas
693 2061 962 2117 umbraein
982 2065 1926 2136 gnomoncabtequinoctialicirculo
1943 2081 2083 2136 quo-

513 2147 644 2204 tidie
659 2151 944 2209 sensibiles
961 2155 1442 2211 ellicitdistantias.
1465 2155 1754 2211 Est'autem
1779 2155 2083 2225 causalinaa-

513 2243 789 2310 qualitatis
826 2253 881 2299 et
907 2247 1231 2304 incrementi
1267 2249 1484 2304 dierum
1529 2249 1826 2320 obliquitas
1870 2250 2080 2304 zodiaci

501 2329 726 2406 circuli.
747 2333 976 2406 Attingit
994 2337 1138 2390 enim
1157 2337 1399 2408 tropicos
1427 2337 1686 2404 circulos,
1707 2346 1762 2392 et
1775 2337 2086 2394 adinultam

515 2422 912 2492 longitudinem
966 2436 1256 2486 contactus
1288 2445 1410 2487 sese
1443 2429 1691 2486 extendit
1721 2450 1733 2485 :
1762 2440 1820 2484 ut
1850 2432 1905 2485 in
1953 2431 2084 2485 mul-

513 2513 586 2567 tis
618 2513 754 2572 locis
786 2530 950 2586 parva
977 2517 1050 2572 sit
1079 2518 1340 2574 distantia
1389 2535 1420 2574 a
1462 2519 1670 2575 circulo
1705 2521 1935 2591 tropico.
2005 2521 2084 2575 Ex

513 2607 617 2662 hoc
645 2609 809 2664 etiam
848 2612 1097 2683 sequitur
1129 2617 1208 2686 [ut
1243 2615 1471 2670 mutatio
1515 2624 1926 2686 segmentorum
1985 2632 2081 2671 su-

515 2715 610 2769 pra
642 2709 865 2770 terram,
898 2705 951 2758 in
995 2705 1197 2776 quibus
1229 2707 1310 2762 sol
1344 2705 1539 2772 fertur,
1587 2721 1752 2778 parva
1799 2718 1966 2780 atque
2001 2708 2087 2762 in-

514 2794 944 2864 scnsibilis‘liat,
975 2799 1030 2853 in
1059 2799 1270 2854 circulo
1297 2810 1479 2856 autem
1507 2801 1880 2871 aequinoctiali
1910 2803 1969 2855 fit
1999 2816 2086 2856 se-

512 2888 628 2941 ctio
677 2887 888 2944 zodiaci
934 2890 1127 2946 circuli
1181 2899 1236 2947 et
1280 2894 1682 2964 azquinoctialis
1718 2913 1728 2947 :
1767 2909 1796 2946 a
1844 2894 2086 2948 sectione

513 2980 800 3036 inclinatio
823 2998 1018 3040 versus
1051 2992 1343 3056 utramque
1394 2995 1603 3057 partem
1645 3001 1896 3057 magnam
1939 2985 2085 3041 acci-

2180 587 2320 641 κτῶν
2352 588 2644 659 διαμένειν.
2674 585 3189 659 Προσπορευόμενός
3213 601 3271 637 τε
3301 584 3438 654 γὰρ,
3478 585 3574 637 καὶ
3597 584 3754 638 πάλιν

2177 680 2478 752 ἀποχωρῶν
2490 680 2597 734 ἀπὸ
2609 679 2880 753 τροπικῶν
2892 695 2956 749 ση
2966 676 3149 748 μείων,
3170 676 3396 747 ἀδήλους
3412 679 3644 728 ποιεῖται
3657 675 3757 740 τὰς

2182 773 2323 826 κατὰ
2363 773 2562 836 πλάτος
2586 773 2850 846 παρόδους
2870 789 2883 803 ’
2911 771 3050 824 ὥστε
3081 769 3319 837 εὐλόγως
3351 771 3441 821 ἐπὶ
3475 769 3536 822 τὺ
3563 785 3758 839 προει-

2181 867 2414 938 ρημένον
2442 866 2642 939 πλῆθος
2670 865 2777 918 τῶν
2817 863 3036 938 ἡμερῶν
3082 861 3348 932 ἐπιμονὴν
3389 860 3462 925 ὡς
3491 860 3629 931 πρὸς
3663 857 3758 912 alo

2181 959 2371 1030 σθησιν
2432 961 2558 1032 περὶ
2610 959 2703 1012 τὸν
2752 959 2915 1010 τόπον
2962 954 3208 1025 γίνεσθαι
3255 953 3334 1023 τῷ
3389 951 3545 1023 ἡλίῳ.
3571 951 3650 1002 Δι’
3683 950 3758 1020 ἢν

2179 1053 2357 1106 αἰτίαν
2386 1053 2480 1106 καὶ
2502 1052 2572 1106 τὰ
2597 1053 2827 1122 μέγιστα
2847 1048 3104 1119 καύματα
3131 1046 3226 1100 καὶ
3247 1043 3316 1098 τά
3347 1043 3576 1114 μέγιστα
3603 1040 3760 1112 ψύχη

2179 1146 2319 1199 κατά
2351 1146 2448 1209 τὰς
2497 1144 2704 1217 τροπὰς
2750 1144 2958 1212 γίνεται
2995 1139 3126 1211 (26).
3166 1140 3262 1202 Δὶς
3313 1136 3423 1208 γὰρ
3465 1135 3625 1198 αὐτὸς
3663 1134 3759 1187 τὸν

2180 1234 2338 1288 αὑτὸν
2377 1234 2518 1288 κατὰ
2552 1234 2614 1286 τὸ
2663 1231 2883 1301 συνεχὲς
2929 1227 3384 1299 ἐπιπορευόμενος
3429 1224 3614 1288 τόπον,
3663 1224 3767 1276 καὶ.

2181 1326 2280 1389 τάς
2312 1325 2626 1397 προσόδους,
2658 1324 2752 1378 καί
2779 1324 2878 1387 τάς
2913 1321 3288 1391 ἀποχωρήσεις
3324 1316 3534 1386 ἀδήλως
3570 1315 3759 1368 ποιού-

2184 1436 2362 1490 μενος,
2393 1418 2630 1486 εύλόγως
2662 1420 2726 1472 ἐκ
2754 1417 2855 1486 τῆς
2901 1415 3036 1487 πρὸς
3067 1413 3162 1466 ἕνα
3186 1411 3348 1464 τόπον
3374 1408 3640 1480 ἐπιμονῆς
3666 1407 3758 1460 ett

2185 1512 2282 1582 μὲν
2330 1509 2440 1564 τῶν
2490 1508 2809 1580 καυμάτων,
2857 1507 2946 1561 ὁτέ
3003 1506 3059 1560 δέ
3108 1504 3201 1557 τοῦ
3253 1502 3456 1572 ψύχους
3510 1500 3758 1553 ἐπίτασιν

2183 1607 2436 1660 ποιεῖται.
2463 1601 2817 1674 Πρόδηλον.δέ
2853 1599 3009 1654 τοῦτο
3041 1597 3138 1650 καὶ
3174 1597 3238 1649 ἐκ
3277 1594 3384 1647 τῶν
3427 1593 3758 1664 ὡρολογίων.

2185 1695 2257 1748 Τὸ
2289 1694 2398 1765 γὰρ
2444 1693 2611 1765 ἄκρον
2661 1691 2762 1762 τῆς
2798 1689 2893 1744 τοῦ
2927 1687 3204 1759 γνὼμονος
3249 1688 3406 1749 σκιᾶς
3449 1683 3632 1755 σχεδὸν
3672 1684 3758 1751 ἐφ’

2181 1786 2393 1858 ἡμέρας
2414 1785 2481 1856 ’μ’
2514 1783 2762 1856 ἐπιμένει
2793 1785 2910 1846 ταῖς
2943 1782 3230 1854 τροπικαῖς
3279 1781 3580 1850 γραμμαῖς.
3624 1777 3764 1848 Περὶ

2180 1877 2235 1931 δέ
2265 1877 2361 1941 τὰς
2407 1877 2694 1949 ἰσημερίας
2734 1874 2998 1944 ἑκατέρας
3031 1871 3264 1943 μεγάλαι
3301 1872 3356 1924 αἰ
3388 1867 3766 1942 παραυξήσεις

2181 1967 2286 2020 τῶν
2316 1968 2534 2039 ἡμερῶν
2576 1967 2848 2035 γίνονταν
2895 1963 3036 2016 ῶστε
3094 1962 3193 2032 τὴν
3245 1959 3505 2031 ἐχομένην
3547 1959 3766 2030 ἡμέραν

2181 2059 2281 2129 τῆς
2325 2060 2742 2132 προηγουμένης
2790 2055 3063 2129 αἰσθητῶς
3111 2053 3534 2126 παραλλάσσειν.
3571 2052 3647 2104 Δι’
3697 2052 3767 2123 ἡν

2183 2153 2360 2207 αἰτίαν
2389 2156 2446 2207 ἐν
2481 2155 2593 2217 τοῖς
2622 2150 2930 2224 ὼρολογίοις
2956 2148 3018 2201 τὸ
3046 2149 3212 2218 ἀκρον
3239 2146 3341 2217 τῆς
3368 2145 3460 2199 τοῦ
3483 2145 3767 2216 γνὼμονος

2185 2253 2342 2314 σκιᾶς
2366 2248 2474 2302 ἀπὸ
2493 2245 2584 2300 τοῦ
2615 2243 2928 2316 ἰσημερινοῦ
2957 2241 3159 2296 κύκλου
3189 2240 3448 2312 αἰσθητὰς
3478 2238 3601 2292 καθ’
3624 2238 3769 2311 ἡμέ-

2187 2362 2284 2417 ραν
2316 2341 2414 2405 τὰς
2449 2339 2776 2402 ἀποστάσεις
2802 2339 3049 2391 ποιεῖται.
3088 2335 3246 2388 Αἰτία
3283 2333 3338 2386 δέ
3382 2335 3496 2386 ἐστι
3537 2333 3638 2402 τῆς
3667 2333 3771 2385 ἀν·-

2188 2434 2426 2504 ισότητος
2455 2430 2667 2500 καὶτῆς
2686 2427 2794 2482 τῶν
2817 2425 3036 2499 ἡμερῶν
3067 2422 3458 2496 παραυξὴσεως
3486 2423 3520 2492 ἡ
3542 2420 3774 2492 λοξότης

2185 2525 2278 2580 τοῦ
2318 2521 2581 2589 ζωδιακοῦ
2618 2520 2839 2574 κύκλου.
2873 2516 2994 2570 Τῶν
3045 2515 3144 2587 μὲν
3191 2513 3300 2586 γὰρ
3349 2512 3626 2585 τροπικῶν
3670 2511 3774 2564 κύ-

2186 2619 2327 2672 κλων
2355 2616 2675 2686 ἐφάπτεται,
2706 2610 2802 2666 καί
2842 2609 2936 2662 ἐπὶ
2984 2607 3117 2662 πολὺ
3166 2606 3340 2679 μῆκος
3365 2605 3476 2676 (‘27)
3514 2606 3546 2675 ἡ
3581 2603 3773 2676 ἐπαφὴ

2183 2707 2436 2766 διατείνει
2457 2722 2470 2735 °
2506 2704 2645 2757 ὥστε
2681 2704 2737 2755 ἐν
2774 2698 2953 2770 πολλῷ
2985 2698 3134 2767 τόπῳ
3179 2696 3378 2769 μικρὰν
3414 2696 3523 2748 ἀπὸ
3547 2693 3643 2746 τοῦ
3674 2693 3772 2746 θε-

2191 2798 2336 2871 ρινοῦ
2365 2793 2628 2869 τροπικοῦ
2670 2792 2767 2863 τὴν
2810 2789 3110 2844 ἀπόστασιν
3152 2785 3417 2856 γίνεσθαι.
3461 2782 3776 2837 Ἀκολουθεὶ

2185 2869 2242 2945 δὲ
2273 2871 2448 2959 τούτῳ
2481 2888 2577 2942 καί
2625 2885 2724 2956 τὴν
2758 2880 3112 2954 παραλλαγὴν
3158 2878 3266 2931 τῶν
3316 2877 3643 2949 τμημάτων.
3697 2869 3777 2928 ὧν

2188 2985 2329 3056 ὑπὲρ
2364 2983 2464 3054 γῆν
2495 2981 2721 3053 φέρεται
2749 2979 2778 3031 ὁ
2809 2977 2960 3048 ἥλιος
2985 3018 2998 3042 ,
3027 2973 3226 3044 μικρὰν
3255 2971 3348 3025 καὶ
3373 2969 3778 3040 ἀνεπαίσθητον

514 3075 594 3143 pit
616 3074 684 3128 ab
710 3075 1078 3145 aequinoctiali
1108 3077 1450 3132 distantiam.
1488 3077 1566 3131 Ex
1601 3080 1704 3132 hoc
1735 3077 1985 3148 sequitur
2026 3084 2087 3132 ut

2191 3077 2454 3149 γίνεσθαι.
2486 3075 2606 3128 Ἐπὶ
2629 3075 2688 3132 δὲ⁸
2707 3071 2812 3127 τοῦ
2829 3066 3361 3142 ἰσημερινοῦικύκλου
3389 3066 3532 3138 τομὴ
3558 3067 3775 3136 γίνεται

513 3165 678 3218 etiam
709 3179 907 3235 magna
931 3163 1144 3221 dierum
1180 3165 1273 3220 fiat
1309 3167 1560 3233 mutatio,
1589 3174 1811 3237 propter
1840 3183 2090 3239 segmen-

514 3265 695 3310 torum
724 3271 1036 3322 excessum,
1093 3257 1148 3312 in
1175 3259 1375 3329 quibus
1405 3258 1488 3315 sol
1541 3258 1714 3316 fertur
1746 3275 1911 3331 supra
1951 3261 2092 3316 bori-

516 3356 756 3404 zontem.
789 3348 1019 3420 Propter
1051 3349 1193 3404 hanc
1235 3358 1414 3406 autem
1461 3365 1685 3407 causam
1729 3352 1873 3406 circa
1921 3352 2093 3422 tropi-

518 3455 615 3494 cos
671 3441 908 3496 circulos
949 3457 1116 3512 parva
1157 3451 1321 3514 atque
1364 3445 1714 3500 insensibilia
1754 3446 2090 3501 incrementa

517 3530 732 3584 dierum
779 3540 841 3587 et.
878 3533 1120 3587 noctium
1167 3533 1549 3604 perficiuntur,
1584 3542 1637 3589 et
1697 3533 1811 3590 fere
1843 3536 2091 3592 eamdem

518 3623 880 3679 mutationem
914 3625 1117 3680 habent
1150 3627 1488 3682 incrementa
1515 3644 1529 3680 :
1562 3634 1621 3681 ut
1651 3627 1910 3683 diurnum
1943 3629 2090 3682 circa

518 3713 907 3783 aequinoctium
953 3718 1349 3773 incrementum
1412 3717 1526 3773 fere
1583 3719 1848 3788 nonagies
1879 3718 1951 3772 sit
1978 3734 2101 3774 ma-

515 3807 610 3875 jus
637 3806 835 3861 diunio
897 3807 1045 3863 circa
1098 3809 1488 3866 conversiones
1556 3812 1915 3864 incremento.
1982 3810 2089 3865 Ea-

519 3897 643 3952 dem
677 3904 760 3952 est
783 3898 920 3953 ratio
947 3907 1000 3953 et
1031 3899 1084 3954 in
1107 3899 1321 3954 diurnis
1370 3909 1425 3954 et
1464 3901 1521 3954 in
1575 3899 1896 3957 menstruis.
1943 3897 2092 3958 Sem-

520 3990 615 4058 per
639 3991 782 4044 enim
809 3999 1071 4060 quantum
1100 3990 1219 4046 dies
1243 4000 1497 4062 augetur,
1538 3996 1749 4045 tantum
1787 3989 1951 4046 etiam
1978 4003 2092 4046 nox

521 4083 810 4139 minuitur.
841 4083 1004 4137 Fiunt
1034 4083 1180 4136 enim
1211 4081 1331 4139 dies
1354 4081 1612 4137 noctibus
1644 4082 1878 4152 majores
1906 4082 1962 4135 in
1995 4096 2090 4137 sex

521 4175 717 4245 signis,
741 4175 946 4240 Ariete,
976 4174 1181 4238 Tauro,
1215 4173 1484 4240 Geminis,
1527 4175 1766 4238 Cancro,
1804 4173 2005 4240 Leone,
2038 4182 2092 4228 et

522 4264 766 4338 Virgine,
813 4265 906 4336 qui
947 4267 1341 4323 semicirculus.
1373 4267 1583 4322 zodiaci
1632 4283 1662 4320 a
1715 4268 1890 4337 prima
1940 4275 2092 4337 parte

519 4351 723 4406 Arietis
753 4368 928 4422 usque
959 4353 1025 4406 ad
1075 4353 1411 4407 tricesimam
1462 4364 1671 4424 partem
1726 4353 2092 4426 Virginisvest

2189 3171 2283 3224 τοῦ
2321 3166 2586 3233 ζωδιακοῦ
2621 3165 2822 3218 κύκλου
2857 3165 2992 3235 πρὸς
3039 3164 3129 3217 τὸν
3182 3160 3526 3233 ἰσημερινόν·
3570 3159 3681 3212 ἀπὸ
3714 3159 3774 3212 δὲ

2190 3261 2288 3332 τῆς
2307 3261 2479 3330 τομῆς
2512 3256 2752 3325 ἔγκλισις
2781 3255 2864 3326 ἐφ’
2895 3255 3134 3326 ἑκάτεροι
3169 3251 3409 3324 μεγάλην
3433 3248 3706 3320 λαμϐάνει
3727 3250 3774 3280 ’³

2191 3352 2468 3406 διάστασιν
2505 3347 2614 3402 ἀπὸ
2666 3346 2758 3400 τοῦ
2815 3344 3152 3417 ἰσημερινοῦ⁸
3187 3340 3470 3398 ἀκολουθεῖ
3507 3340 3564 3393 δὲ
3595 3339 3777 3410 τούτῳ

2192 3442 2285 3496 καὶ
2308 3437 2661 3512 παραλλαγὴν
2704 3437 2812 3490 τῶν
2852 3435 3076 3508 ἡμερῶν
3121 3433 3361 3506 μεγάλην
3394 3431 3640 3502 γίνεσθαι
3685 3431 3779 3485 διά

2191 3532 2288 3602 τὴν
2323 3531 2430 3584 τῶν
2475 3530 2780 3602 τμημάτων
2817 3528 3110 3599 ὑπεροχὴν,
3160 3519 3234 3579 ὧν
3273 3526 3500 3598 φέρεται
3546 3525 3578 3576 ὁ
3622 3523 3779 3594 ἥλιος

2193 3622 2334 3695 ὑπὲρ
2357 3623 2481 3694 γῆν.
2523 3622 2621 3677 Διά
2649 3621 2705 3674 δέ
2754 3622 2853 3692 τὴν
2899 3621 3077 3674 αἰτίαν
3119 3619 3320 3690 ταύτην
3355 3618 3484 3689 περί
3524 3616 3626 3688 μὲν
3649 3635 3777 3688 τρο·

2193 3717 2384 3777 πικους
2418 3713 2650 3778 κύκλους
2682 3713 2876 3784 μικραί
2909 3713 3003 3766 καὶ
3033 3710 3416 3781 ἀνεπαίσθητοι
3450 3711 3509 3762 αἰ
3556 3726 3776 3779 παραυ-

2192 3808 2377 3879 ξήσεις
2403 3806 2512 3859 τῶν
2544 3805 2768 3877 ἡμερῶν
2811 3805 2904 3858 καὶ
2951 3803 3059 3858 τῶν
3113 3801 3320 3856 νυκτῶν
3376 3801 3775 3865 ἐπιτελοῦνται,

2191 3900 2284 3954 καὶ
2320 3898 2503 3971 σχεδὸν
2526 3897 2625 3969 τὴν
2661 3898 2830 3969 αὐτὴν
2856 3896 3210 3967 παραλλαγὴν
3245 3895 3456 3967 ἔχουσιν
3479 3897 3533 3948 αἱ
3555 3911 3774 3966 παραυο

2193 3991 2415 4064 ξήσειςο
2451 3991 2592 4045 ὥστε
2643 3991 2741 4062 τὴν
2801 3989 3106 4062 ἡμερησίαν
3156 3989 3283 4060 περί
3334 3988 3433 4059 τὴν
3483 3991 3775 4060 ἰσημερίαν

2193 4083 2532 4154 παραύξησιν
2605 4081 2790 4151 σχεδὸν
2865 4079 3416 4153 ἐνενηκονταπλάσιον
3475 4075 3616 4134 εἶναι
3673 4082 3773 4152 τῆς

2192 4175 2498 4248 ἡμερησίας
2551 4176 2678 4246 περὶ
2722 4172 2932 4245 τροπὰς
2975 4173 3387 4246 παραυξὴσεως.
3429 4170 3489 4228 Ὀ
3521 4173 3576 4226 δὲ
3609 4174 3778 4237 αὐτὸς

2192 4268 2348 4336 λόγος
2401 4268 2494 4321 καὶ
2557 4267 2650 4320 ἐπὶ
2697 4266 2806 4319 τῶν
2852 4267 3172 4339 ἡμερησίων
3221 4267 3314 4320 καί⁸
3364 4267 3454 4318 ἐπὶ
3501 4264 3609 4317 τῶν
3659 4283 3775 4335 μη-

2193 4358 2378 4411 νιαίων
2413 4358 2476 4412 ⁸ο.
2511 4358 2623 4411 Ἀεὶ
2665 4357 2774 4429 γὰρ
2797 4358 2920 4412 ὅσον
2946 4361 2980 4430 ἡ
3004 4357 3184 4429 ἡμέρα
3217 4355 3495 4436 παραύξει,
3545 4353 3776 4407 τοσοῦτο

523 4445 777 4500 borealis.
812 4444 1030 4502 Rursus
1053 4453 1243 4501 noctes
1265 4447 1458 4502 diebus
1489 4455 1618 4502 sunt
1649 4447 1882 4518 majores
1913 4449 1969 4503 in
2005 4465 2088 4505 re-

2197 4450 2290 4504 καὶ
2315 4451 2347 4520 ἡ
2379 4447 2476 4512 νὺξ
2504 4447 2775 4518 μειοῦται.
2803 4449 3044 4502 Γίνονται
3071 4449 3178 4520 γὰρ
3208 4448 3445 4517 μείζονες
3480 4447 3536 4499 αἰ
3561 4445 3776 4516 ἡμέραι

523 4537 685 4608 liquis
708 4537 904 4607 signis,
937 4537 1404 4618 Libra,.Scorpio,
1441 4539 1755 4610 Sagittario,
1801 4541 2089 4611 Capricor-

521 4647 620 4696 no,
653 4631 896 4702 Aquario
944 4640 998 4687 et
1039 4630 1312 4700 Piscibus,
1350 4633 1443 4702 qui
1477 4648 1674 4688 rursus
1713 4633 2106 4690 semicirculus.

593 4789 638 4820 ¹⁹
677 4809 766 4861 γρ.
801 4790 1201 4862 λαμϐάνουσαν.
1255 4791 1301 4822 ⁸⁸
1414 4791 1692 4860 νυχιαίων.

592 4950 703 5020 (95)
745 4950 923 5003 Ὥστε
974 4948 1200 5020 σχεδρν
1243 4949 1334 5020 egi
1361 4946 1684 5020 ήμέραςῆμκ
1743 4945 1986 5020 Scaliger
2041 4948 2108 5003 in,

520 5018 775 5075 Notis'ad
810 5021 1003 5074 librum
1035 5035 1093 5073 Ill
1131 5018 1354 5082 Manilii,
1385 5021 1547 5074 verba
1575 5018 1862 5088 illapoetze
1901 5018 1915 5075 Ξ

633 5111 852 5192 Statque
883 5129 984 5164 una
1006 5123 1198 5165 natura
1233 5111 1369 5178 loco,
1398 5110 1715 5180 paulumque
1737 5111 1993 5179 quiescit;

523 5205 596 5258 ad
637 5220 700 5259 ea
751 5203 938 5266 refert,
976 5219 1096 5269 quae
1150 5204 1254 5258 hoc
1304 5204 1424 5258 loco
1451 5200 1714 5257 Geminus
1757 5203 1825 5257 de
1863 5203 2099 5259 solstitio

523 5273 790 5342 proximis
843 5274 1124 5329 mensibus
1177 5281 1380 5332 narrat,
1423 5274 1680 5326 nimirum
1745 5289 1812 5328 xl.
1881 5273 2102 5327 circiter

523 5345 644 5400 dies
683 5361 820 5414 pene
870 5345 1150 5398 immotum
1178 5346 1232 5398 in
1276 5344 1486 5413 tropico
1534 5345 1741 5397 circulo
1794 5344 2100 5399 consistere

524 5416 693 5486 solem
729 5415 804 5479 ὼς
831 5414 965 5486 πρὸς
990 5415 1258 5484 αἴσθησιν.
1288 5414 1393 5468 Sed
1418 5415 1734 5486 alienumid
1759 5423 1844 5469 est
1863 5430 1892 5466 a
1919 5422 2100 5486 mente

527 5485 749 5548 Manilii,
777 5485 884 5556 qui
906 5486 972 5540 de
1001 5486 1230 5540 hiberno
1261 5496 1501 5555 tempore
1532 5485 1794 5552 loquitur,
1829 5500 1923 5554 per
1950 5485 2096 5554 quod

523 5556 695 5609 maria
727 5555 1091 5621 clauduntur;
1129 5571 1227 5611 nec
1270 5571 1376 5609 non
1409 5563 1552 5609 terra
1586 5556 1700 5624 ipsa
1729 5555 1921 5609 'minus
1955 5557 2098 5608 ultro

522 5626 769 5697 (sineque
808 5627 1241 5682 commeantibus
1275 5634 1438 5696 patet.
1466 5625 1627 5681 Certe
1649 5634 1872 5696 propter
1903 5624 2114 5680 hiemis

523 5697 932 5752 inclementiam
973 5700 1130 5750 tectis
1169 5713 1290 5750 sese
1336 5698 1616 5752 continent
1669 5697 1935 5757 homines,
1981 5703 2036 5747 et
2064 5712 2095 5749 a

525 5770 684 5826 bellis
733 5769 1042 5832 abstinent;
1097 5783 1158 5822 ac
1203 5767 1304 5824 sub
1342 5767 1573 5837 pellibus
1626 5767 1918 5826 hiemant:
1971 5767 2094 5823 ideo

2194 4544 2302 4598 τῶν
2334 4542 2541 4596 νυκτῶν
2571 4545 2629 4596 ὲν
2679 4540 2738 4606 ἒξ
2763 4541 2991 4607 ζωδίοις,
3019 4542 3191 4615 Χριῷ,
3236 4542 3454 4613 Ταύρῳ,
3497 4538 3775 4610 Διδύμοις,

2198 4636 2479 4708 Καρκίνῳ,
2521 4634 2732 4701 Λέοντι,
2769 4634 3062 4708 Παρθένῳ·
3104 4636 3240 4708 ὅπερ
3299 4631 3622 4706 ἡμικύκλιον
3676 4630 3774 4684 τοῦ

2201 4949 2351 5073 ἶεῑιιι
2398 4949 2649 5021 generale
2685 4947 2958 5020 quoddam
2996 4959 3206 5006 natura:
3258 4950 3531 5021 iustitium
3580 4950 3780 5005 indici-

2224 5037 2288 5073 ur
2311 5039 2324 5073 Ξ

2224 5037 2324 5074 ur:

2213 5115 2356 5184 Tunc
2379 5113 2507 5182 riget
2532 5113 2699 5168 omnis
2727 5129 2875 5184 ager,
2891 5112 3132 5168 clausum
3161 5131 3326 5175 mare,
3344 5113 3556 5168 condita
3573 5122 3778 5168 castra.

2210 5180 2323 5236 Nec
2361 5180 2588 5236 tolerant
2619 5180 2817 5238 medias
2852 5183 3042 5239 hiemes
3071 5185 3340 5239 horrentia
3369 5200 3526 5238 saxa.

2207 5251 2430 5324 Statque
2463 5269 2566 5308 uno
2594 5263 2788 5307 natura
2811 5255 2945 5315 loco,
2977 5257 3292 5325 paulumque
3312 5256 3548 5326 quiescit.

2277 5345 2388 5430 (εδ)
2421 5344 2582 5398 Κατὰ
2627 5345 2732 5412 τὰς
2762 5347 2983 5415 τροπὰς
3023 5348 3266 5418 γίνεται.
3319 5347 3630 5419 Legendum
3691 5353 3778 5401 est

2276 5431 2386 5554 (120;)
2423 5487 2529 5540 Kal
2563 5487 2670 5562 ext
2703 5488 2858 5543 πολὺ
2878 5487 3094 5562 μῆκος.
3139 5490 3343 5562 Nempe
3395 5490 3469 5552 ὡς
3514 5487 3650 5560 πρὸς
3687 5485 3780 5540 αξ.

2204 5555 2414 5625 σθησιν,
2450 5567 2516 5630 ut
2548 5558 2710 5628 paulo
2739 5555 3294 5630 ante'diXitgAlioqui
3329 5561 3383 5614 in
3415 5575 3523 5612 uno
3558 5555 3774 5630 tanturn

2199 5621 2500 5756 Erige“;
2537 5621 2839 5685 contactus.
2877 5631 2986 5687 ille.
3027 5629 3162 5688 Vide
3201 5621 3569 5701 Hipparchum
3605 5627 3696 5683 lib.
3728 5621 3773 5692 i,

2239 5715 2254 5751 ι
2337 5740 2348 5752 .
2384 5741 2400 5754 .
2433 5743 2449 5753 .
2510 5739 2522 5752 .

2239 5715 2348 5752 um.
2384 5715 2522 5754 .\.\I.
