4000 6206
256 261 352 316 793
1281 261 1523 318 GEMINI
1563 261 1744 316 ELEM
1753 261 1933 316 ENTA
1962 263 2468 324 'ASTRONOMM'L
3389 268 3506 329 ’196

254 373 514 457 ζωδιακοῦ
541 375 746 450 ,κύκλου
791 378 897 432 ἀπὸ
946 397 1168 451 πρωτης
1219 379 1411 451 μοίρας
1445 377 1615 455 Κριοῦ
1667 378 1830 450 μέχρι

1942 379 2142 436 todiaci
2176 398 2204 436 a
2230 383 2406 455 prima
2431 391 2585 456 parte
2612 383 2787 441 Librae
2818 400 2994 456 usque
3029 385 3099 439 ad
3128 384 3364 444 Piscium
3399 397 3503 445 tn-

255 464 532 549 Παρθένου
587 468 782 538 μοίρας
805 467 849 520 λ’
896 467 1101 540 βόρειόν
1140 472 1277 527 ἐστι.
1326 469 1493 524 Πάλιν
1532 470 1587 522 al
1637 468 1830 532 νύκτες

1942 472 2196 528 cesimam
2245 483 2454 545 partem
2492 477 2750 532 australis
2786 487 2888 533 est.
2934 479 3332 534 lucrctnentum
3369 496 3499 536 vero

260 559 353 612 τῶν
392 559 616 630 ήμερῶν
650 559 890 641 μείζονες
941 563 1032 615 ἐπὶ
1083 566 1196 627 τοῖς
1238 561 1687 632 ἀπολειπομένοις
1727 560 1831 626 ζω-

1942 563 2142 620 lierum
2194 565 2252 621 ﬁt
2285 583 2316 621 a
2343 569 2517 639 prima
2542 578 2694 640 parte
2713 569 3032 641 Capricorni
3058 569 3124 624 ad
3147 567 3499 625 Geminorum

252 651 400 712 δίοις,
431 650 610 722 Ζυγῷ,
637 635 904 724 Σκορπίῳ,
935 653 1157 728 Τοξότῃ,
1185 653 1488 724 Αίγόκερῳ,
1537 651 1826 723 ’Υδροχόῳν

261 742 527 815 Ἰχθύσιν·
563 746 698 818 ὅπερ
747 747 908 800 πάλιν
954 748 1276 820 ἡμικύκλιον
1323 748 1416 801 τού
1440 745 1703 812 ζωδιακοῦ
1736 745 1833 800 κύ-

1929 656 2264 714 tricesimam
2327 668 2576 731 partem:
2612 662 2756 734 quod
2801 662 3085 718 dimidium
3151 670 3237 718 est
3291 662 3501 718 zodiaci

1928 750 2142 806 circuli.

255 837 376 889 ιι).ου
410 836 518 890 ἀπὸ
545 837 718 906 Ζυγοῦ
761 839 984 911 πρώτης
1052 842 1244 913 μοίρας
1289 840 1484 912 μέχρις
1540 838 1758 910 Ἰχθύων
1807 838 2000 912 μοίρας
2039 841 2081 895 λ’
2121 845 2292 898 νότιόν
2337 849 2472 901 ἐστι.
2515 847 2863 919 Παραύξησις
2900 845 2956 902 6‘s
2991 850 3224 920 ⁴ἡμερῶν
3291 848 3504 916 γίνεται

255 934 356 986 ἁπδ
405 932 627 1005 πρώτης
697 936 892 1008 μοίρας
923 939 1201 1011 Αίγὸκερω
1251 939 1412 1012 μέχρι
1438 937 1684 1009 Διδύμων
1730 935 1922 1008 μοίρας
1959 943 2314 1015 τριακοστῆς’
2357 945 2492 1017 ὅπερ
2540 946 2687 1000 ἐστὶν
2725 945 3046 1018 ἡμικύκλιον
3087 947 3178 1000 τοῦ
3232 944 3500 1009 ζωδιακοῦ

256 1024 475 1081 κύκλου.

333 1118 468 1172 Ἀπὸ
499 1119 555 1173 δὲ
585 1119 682 1190 τῆς
729 1122 935 1193 τροπῆς
973 1123 1285 1196 χειμερινῆς
1314 1124 1473 1195 μέχρι
1497 1123 1706 1196 τροπῆς
1743 1121 1831 1175 θε-

257 1209 408 1282 ρινῆς
437 1210 779 1284 παραύξησις
839 1213 1060 1284 ἡμερῶν
1108 1213 1333 1282 γίνεται.
1381 1213 1726 1288 Παραύξησις
1771 1214 1829 1268 δὲ

257 1301 464 1355 νυκτῶν
494 1304 698 1372 γίνεται
730 1306 836 1359 ἀπὸ
870 1306 1142 1378 Καρκίνου
1185 1305 1404 1380 πρώτης
1447 1307 1639 1378 μοίρας
1669 1307 1829 1378 μέχρι

256 1394 482 1459 Τοξότου
513 1396 706 1468 μοίρας
743 1395 807 1462 λ’,
850 1399 998 1470 ὅπερ⁶
1014 1398 1159 1452 ἐστὶν
1196 1399 1515 1470 ἡμικύκλιον
1550 1400 1708 1455 πάλιν
1735 1401 1826 1456 τοῦ

257 1487 518 1551 ζωδιακοῦ
553 1488 752 1543 κύκλου
791 1490 898 1544 ἀπὸ
929 1489 1135 1561 τροπῆς
1177 1490 1393 1563 θερινῆς
1436 1493 1596 1566 μέχρι
1621 1493 1828 1565 τροπῆς

259 1599 336 1650 χει
346 1583 592 1654 μερινῆς.

323 1672 478 1736 Τινὲς
519 1675 618 1744 μὲν
649 1671 742 1729 οὖν
795 1676 1148 1749 διελάμϐανον
1195 1679 1452 1751 μεγίστας
1486 1679 1698 1753 ἡμέρας
1739 1679 1826 1748 γί-

259 1763 440 1817 νεσθαι
475 1765 534 1817 ἐν
561 1767 853 1839 Καρκίνῳ·
895 1770 1128 1842 ἐπείπερ
1159 1773 1214 1825 αί
1245 1771 1450 1845 θεριναὶ
1493 1774 1749 1844 τροπικαὶ
1776 1774 1832 1825 ὲν

258 1857 331 1928 τῷ
359 1859 742 1930 προειρημένῳ
771 1861 944 1934 ζωδίῳ
977 1863 1214 1931 γίνονταί
1233 1881 1246 1895 ο
1279 1865 1538 1936 μεγίστας
1562 1865 1619 1918 δὲ
1634 1865 1831 1928 νύκτας

259 1948 392 2005 εἶναι
420 1954 480 2005 ὲν
513 1953 812 2026 Αίγόκερῳ,
839 1955 959 2007 ἐπεὶ
987 1958 1042 2008 αί
1065 1959 1368 2028 χειμεριναὶ
1388 1957 1587 2027 τροπαὶ
1605 1956 1833 2024 ὲνΑίγὸ-

258 2059 401 2114 κερῳ
428 2043 670 2112 γίνονται
689 2060 702 2073 ·
733 2046 1106 2118 παραπλήσιόν
1135 2064 1187 2099 τι
1228 2047 1505 2111 ποιοῦντες
1534 2047 1835 2118 ἁμάρτημα

259 2133 333 2204 τῷ
356 2135 451 2187 ἐπὶ
477 2133 584 2187 τῶν
612 2135 904 2206 συζυγιῶν.
930 2138 992 2190 El
1018 2138 1114 2209 μὲν
1142 2137 1250 2210 γὰρ
1270 2141 1325 2192 ὲν
1343 2138 1482 2202 ὅλοις
1501 2141 1610 2202 τοῖς
1625 2137 1834 2202 ζῳδίοις

261 2227 500 2295 ἐγίνοντο
519 2230 738 2299 τροπαὶ.
771 2225 839 2300 ἦν
870 2227 936 2283 ἂν
970 2229 1168 2302 ἀληθὲς
1197 2230 1258 2284 τὸ
1291 2230 1711 2303 προειρημένον·
1740 2230 1835 2284 νῦν

260 2318 313 2370 δὲ
342 2317 415 2372 τά
455 2319 556 2390 μὲν
599 2321 838 2392 τροπικὰ
877 2326 1080 2393 σημεῖα
1117 2322 1258 2394 λόγῳ
1301 2323 1552 2394 θεωρητά
1591 2325 1707 2376 ἐστι
1730 2340 1744 2352 ο
1775 2322 1839 2376 τὸ

259 2410 316 2462 δὲ
347 2410 470 2463 ὅλον
500 2410 688 2476 gulam
713 2412 773 2465 τὸ
793 2411 888 2467 τοῦ
919 2414 1193 2486 Καρκίνου
1227 2415 1323 2488 τὴν
1348 2415 1514 2486 αὐτὴν
1539 2415 1836 2470 ἀπόστασιν

262 2503 370 2574 ἔχει
400 2504 510 2558 ἀπὺ
542 2505 635 2558 τοῦ
660 2505 870 2577 θερινοῦ
892 2508 1150 2579 τροπικοῦ
1183 2509 1410 2580 σημείου
1434 2512 1547 2573 τοῖς
1563 2509 1833 2580 Διδύμοις,

263 2599 356 2651 καὶ
386 2599 494 2652 ὑπὸ
521 2599 630 2652 τῶν
672 2599 850 2653 αὐτῶν
892 2602 1254 2674 παραλλήλων
1300 2601 1835 2672 ὲμπεριλαμϐάνεται

263 2690 500 2756 κύκλων,
531 2693 624 2746 καὶ¹
654 2695 718 2746 ὲκ
746 2693 838 2747 τοῦ
871 2692 1034 2748 αὑτοῦ
1065 2694 1232 2748 τόπου
1262 2694 1360 2765 τὴν
1381 2695 1640 2766 ἀνατολὴν
1672 2698 1838 2749 ποιεί-

262 2801 372 2848 ται,
394 2783 489 2838 καὶ
510 2787 590 2849 εἰς
622 2786 713 2840 τὸν
741 2786 903 2839 αὐτὸν
943 2786 1102 2840 τόπον
1127 2786 1224 2858 τὴν
1261 2786 1433 2840 δύσιν.
1464 2788 1584 2840 Εἰσὶ⁶
1617 2785 1724 2859 γὰρ
1748 2787 1838 2841 ἀλ-

266 2876 444 2948 λήλοις
500 2877 647 2943 κατὰ,
693 2878 972 2947 συζυγίαν.
1018 2879 1108 2931 Διὸ
1159 2878 1222 2949 δὴ
1267 2878 1358 2932 καὶ
1387 2878 1457 2932 τὰ
1501 2879 1705 2950 μεγέθη
1728 2879 1838 2933 τῶν

265 2970 485 3041 ἡμερῶν
537 2970 632 3025 καὶ
687 2971 796 3025 τῶν
826 2969 1034 3025 νυκτῶν
1067 2972 1156 3025 ἴσα
1203 2972 1348 3024 ἐστὶν
1387 2973 1444 3024 ὲν
1467 2971 1717 3043 Διδύμοις
1745 2973 1838 3026 καὶ

269 3063 543 3136 Καρκίνῳ.
580 3064 690 3118 Καὶ
724 3063 832 3135 γὰρ
866 3066 922 3118 ὲν
951 3067 1063 3128 τοῖς
1099 3063 1410 3136 ὡρολογίοις
1452 3065 1514 3118 τὸ
1542 3065 1709 3138 ἄκρον
1739 3065 1839 3136 τῆς

269 3155 356 3209 τοῦ
387 3155 663 3227 γνώμονας
713 3158 871 3220 σκιᾶς
900 3156 1000 3220 τὰς
1051 3157 1218 3222 αὑτὰς
1263 3157 1464 3228 γράφει
1492 3155 1756 3229 γραμμὰς
1782 3159 1840 3210 ἐν

269 3247 377 3309 τοῖς
419 3247 835 3318 προειρημένοις
874 3245 1106 3312 ζῳδίοις.
1161 3248 1218 3300 '0
1250 3247 1308 3300 δὲ
1357 3246 1517 3309 αὑτὸς
1565 3248 1720 3318 λόγος
1748 3248 1841 3302 καὶ

271 3339 360 3391 ἐπὶ
389 3337 498 3392 τῶν
533 3337 856 3411 χειμερινῶν
888 3339 1127 3410 τροπῶν.
1175 3339 1308 3392 Οὐδὲ
1344 3341 1452 3410 γὰρ
1488 3341 1575 3393 ἐπ’
1620 3339 1841 3394 ἐκείνων

272 3432 602 3503 ὑποληπτέον
633 3435 690 3485 ὲν
725 3433 833 3503 ὅλῳ
875 3431 954 3504 τῷ
999 3433 1282 3504 Δίγόκερῳ
1341 3432 1602 3505 μεγίστας
1644 3434 1840 3497 νύκτας

269 3526 508 3594 γίνεσθαι
531 3543 544 3557 ο
581 3526 695 3580 ἀλλ’
727 3526 786 3580 ἓν
820 3544 873 3579 τι
908 3529 1133 3599 σημεῖον
1171 3526 1312 3597 λόγῳ
1343 3527 1636 3599 θεωρητόν,
1671 3526 1699 3580 ὃ
1731 3543 1844 3580 κοι-

270 3619 354 3674 νόν
375 3623 524 3673 ἐστιν
553 3619 834 3689 Αἰγόκερω
857 3621 950 3674 καὶ
976 3617 1066 3672 τοῦ
1101 3618 1348 3686 Τοξότου,
1371 3619 1471 3690 τὴν
1502 3620 1673 3692 αὐτὴν
1703 3619 1841 3673 ἁπό-

269 3727 460 3766 στασιν
492 3711 605 3782 ἔχει
652 3712 758 3765 ἀπὸ
806 3712 900 3765 τοῦ
942 3712 1202 3784 τροπικοῦ
1243 3711 1550 3784 χειμερινοῦ
1591 3713 1840 3784 σημείου,

265 3806 360 3858 καὶ
396 3804 503 3858 ὑπὸ
544 3805 653 3857 τῶν
692 3803 870 3858 αὐτῶν
912 3803 1270 3877 παραλλήλων
1307 3804 1842 3876 ὲμπεριλαμϐἀνεται

265 3896 506 3960 κύκλων,
542 3898 636 3951 καὶ
659 3895 804 3951 ἐστιν
834 3896 1082 3966 ἀλλήλοις
1112 3896 1254 3950 κατά
1283 3896 1543 3966 συζυγίαν
1562 3915 1577 3929 ο
1607 3897 1728 3952 ὅθεν
1751 3899 1843 3952 καὶ

263 3990 335 4044 τὰ
363 3989 570 4063 μεγέθη
604 3989 711 4043 τῶν
734 3988 958 4062 ἡμερῶν
990 3989 1082 4043 καὶ
1109 3990 1317 4044 νυκτῶν
1347 3991 1436 4042 ίσα
1476 3990 1623 4043 ἐστὶν
1649 3992 1707 4045 ἐν
1743 3992 1846 4046 Το-

265 4082 399 4156 ξότῃ
452 4083 547 4135 καὶ
602 4082 904 4152 Δίγόκερῳ.
953 4080 1197 4134 Καθόλου
1239 4080 1295 4133 δὲ
1347 4081 1449 4134 ὅσα
1493 4081 1601 4134 τῶν
1641 4082 1844 4147 ζωδίων

265 4176 413 4231 κατά
453 4174 710 4242 συζυγίαν
756 4173 1005 4245 ἀλλήλοις
1042 4174 1311 4245 ὑπάρχει,
1354 4158 1523 4227 ταῦτα
1567 4172 1638 4227 τὰ
1682 4173 1846 4239 ζώδια

269 4268 392 4332 [σας
420 4267 633 4339 ἡμέρας
675 4267 769 4320 καὶ
799 4265 997 4330 νύκτας
1025 4267 1288 4337 περιέχει.
1322 4267 1575 4320 Ἔσονται
1614 4261 1707 4319 οὖν
1736 4265 1845 4320 ἴσαι

265 4360 477 4432 ⁴ἡμέραι
507 4361 564 4411 ἐν
588 4358 837 4430 Διδύμοις
867 4358 960 4411 κα)⁸
983 4358 1260 4429 Καρκίνῳ,
1283 4357 1481 4431 Ταύρῳ
1511 4357 1606 4412 καὶ
1632 4357 1842 4421 Λέοντι,

2006 1116 2088 1173 Ab
2143 1119 2370 1176 hiberna
2402 1123 2761 1178 conversione
2819 1141 2990 1195 usque
3036 1126 3103 1182 ad
3141 1129 3384 1183 mstivam
3438 1130 3500 1184 ﬁt

1935 1209 2149 1266 dierum
2205 1215 2646 1282 incrementum,
2695 1216 2788 1272 sed
2828 1219 3069 1272 noctium
3103 1219 3500 1277 incrementum

1936 1300 1994 1356 lit
2048 1317 2078 1356 a
2108 1302 2302 1358 Cancri
2326 1305 2498 1374 prima
2529 1315 2682 1377 parte
2711 1323 2884 1378 usque
2921 1307 2987 1362 ad
3025 1308 3301 1381 Sagittarii
3333 1314 3505 1368 trice-

1935 1391 2130 1447 simam
2169 1402 2400 1465 partem,
2434 1397 2528 1466 qui
2557 1412 2749 1452 rursus
2774 1398 3154 1454 semicirculus
3186 1409 3270 1455 est
3293 1401 3502 1458 zodiaci

1945 1482 2014 1539 ab
2041 1485 2229 1540 aestiva
2259 1488 2618 1544 conversione
2650 1503 2823 1560 usque
2851 1489 2919 1544 ad
2954 1490 3258 1551 hibernam.

2005 1699 2262 1756 Nonnulli
2297 1701 2462 1773 igitur
2496 1713 2820 1774 putaverunt
2851 1707 3197 1776 longissimas
3231 1706 3350 1762 dies
3384 1707 3503 1764 ﬁeri

1935 1791 1989 1846 in
2023 1791 2235 1848 Cancro
2278 1813 2291 1848 :
2333 1795 2603 1865 siquidem
2636 1799 2836 1852 aestivae
2863 1801 3252 1854 conversiones
3279 1800 3332 1854 in
3354 1800 3504 1856 dicto

1935 1885 2093 1955 signo
2121 1885 2253 1940 [iant
2285 1906 2302 1943 :
2336 1898 2526 1946 noctes
2567 1896 2695 1946 Vero
2745 1892 3009 1948 maximas
3054 1893 3164 1947 lieri
3220 1893 3274 1947 in
3313 1893 3505 1964 Capri-

1934 1990 2123 2040 corno,
2168 1991 2294 2030 cum
2339 1978 2576 2034 hibernae
2620 1980 3006 2036 conversiones
3042 1979 3172 2034 [iant
3195 1981 3250 2034 in
3309 1981 3504 2052 Capri-

1935 2083 2127 2123 corno.
2164 2069 2281 2134 Qua
2341 2070 2398 2124 in
2444 2087 2503 2126 re
2552 2072 2730 2128 simile
2784 2074 3131 2128 committunt
3175 2081 3412 2128 erratum
3453 2074 3506 2129 ei

1938 2159 2085 2227 quod
2116 2160 2471 2215 committunt
2505 2162 2560 2215 in
2605 2163 2846 2234 syzigiis.
2882 2163 2940 2218 Si
2983 2165 3125 2219 enim
3170 2164 3224 2218 in
3265 2166 3393 2220 totis
3431 2166 3508 2221 si-

1938 2251 2061 2319 gnis
2102 2251 2294 2306 llerent
2319 2255 2733 2320 conversiones,
2767 2265 2914 2310 esset
2946 2271 3132 2310 verum
3167 2255 3309 2326 quod
3346 2255 3508 2312 modo

1936 2341 2141 2396 dictum
2185 2349 2273 2398 est
2303 2358 2318 2396 :
2353 2350 2409 2397 at
2447 2359 2593 2400 nunc
2622 2356 2822 2415 puncta
2869 2347 3078 2417 tr0pica
3125 2348 3334 2402 ratione
3381 2357 3510 2404 sunt

1937 2433 2376 2502 contemplabilia
2401 2453 2414 2502 ;
2446 2443 2617 2490 totum
2641 2454 2771 2493 vero
2797 2440 3010 2509 signum
3033 2439 3232 2494 Cancri
3264 2438 3509 2496 eamdem

1937 2524 2253 2580 distantiam
2289 2525 2452 2579 habet
2490 2528 2559 2582 ab
2611 2529 2801 2582 aestivo
2848 2530 3054 2599 tr0pico
3100 2537 3302 2600 puncto
3345 2545 3509 2600 quam

1935 2616 2169 2682 Gemini,
2199 2626 2254 2673 et
2282 2619 2350 2672 ab
2373 2618 2563 2674 iisdem
2599 2621 2872 2690 parallelis
2907 2623 3130 2679 circulis
3154 2623 3512 2693 comprehcn-

1938 2707 2120 2775 ditur;
2153 2717 2208 2763 et
2236 2726 2303 2766 ex
2326 2711 2514 2766 eodem
2551 2711 2671 2766 loco
2697 2719 2875 2766 ortum
2904 2713 3055 2776 facit,
3085 2723 3138 2768 el
3171 2715 3224 2768 in
3255 2714 3509 2769 eumdem

1939 2803 2117 2857 locum
2171 2804 2301 2858 facit
2339 2818 2616 2858 occasum.
2657 2803 2795 2858 Sunt
2839 2806 2986 2860 enim
3038 2805 3152 2859 haec
3199 2807 3353 2876 signa
3405 2808 3510 2862 sibi

1940 2892 2171 2949 invicem
2211 2895 2511 2950 secundum
2547 2895 2845 2966 syzygiam,
2887 2910 2982 2950 seu
3025 2896 3504 2951 eombinationem.

1938 2985 2302 3053 Quamobrem
2359 2990 2521 3043 etiam
2571 2987 2970 3058 magnitudines
3034 2987 3243 3043 dierum
3298 2997 3353 3042 et
3412 3003 3510 3043 no-

1946 3077 2116 3132 ctium
2145 3079 2384 3149 mqualcs
2417 3087 2546 3134 sunt
2575 3079 2629 3133 in
2663 3077 2907 3134 Geminis
2941 3088 2994 3134 et
3021 3079 3251 3135 Cancro.
3298 3078 3510 3134 Etenim

1945 3171 2000 3225 in
2026 3169 2323 3242 horologiis
2352 3171 2668 3227 extremitas
2695 3171 2898 3225 umbrae
2914 3171 2968 3224 in
3001 3185 3268 3240 gnomone
3291 3170 3510 3225 easdem

1944 3261 2116 3319 lineas
2145 3263 2409 3319 describit
2440 3264 2495 3318 in
2525 3263 2687 3320 dictis
2736 3263 2929 3334 signis.
2990 3263 3190 3318 Eadem
3241 3270 3326 3318 est
3371 3262 3513 3318 ratio

1943 3353 2104 3408 etiam
2136 3353 2191 3407 in
2225 3355 2472 3411 hibernis
2505 3355 2980 3411 conversionibus.
3033 3353 3218 3422 Neque
3259 3356 3404 3410 enim
3453 3356 3512 3410 in

1945 3445 2054 3500 illis
2084 3446 2381 3516 putandum
2405 3458 2490 3504 est
2517 3449 2572 3502 in
2618 3456 2730 3502 toto
2784 3447 3118 3518 Capricorno
3163 3446 3513 3518 longissimas

1945 3537 2061 3593 ﬁeri
2094 3546 2327 3596 noctes:
2363 3541 2458 3597 sed
2511 3557 2677 3595 unum
2728 3540 2946 3611 aliquod
2993 3548 3253 3610 punctum
3302 3539 3514 3594 ratione

1947 3631 2361 3703 intelligendum
2405 3648 2695 3689 commune
2732 3641 2817 3689 est
2857 3632 3196 3703 Capricorno
3242 3641 3296 3688 et
3336 3631 3514 3704 Sagit-

1942 3723 2084 3778 tario
2119 3742 2134 3779 :
2167 3732 2342 3779 totum
2367 3741 2496 3781 vero
2543 3727 2758 3798 signum
2803 3725 3147 3797 Capricorni,
3193 3733 3247 3782 et
3299 3727 3514 3796 signum

1947 3816 2226 3888 Sagittarii
2280 3819 2524 3874 eamdem
2574 3819 2776 3873 habent
2831 3819 3149 3874 distantiam
3198 3821 3266 3873 ab
3288 3819 3514 3874 hiberno

1945 3911 2152 3981 tropico
2178 3921 2400 3980 puncto,
2426 3920 2479 3966 et
2509 3913 2576 3966 ab
2597 3912 2787 3967 iisdem
2816 3913 3090 3982 parallelis
3119 3912 3342 3967 circulis
3372 3927 3514 3966 com-

1945 4001 2376 4070 prehenduntur,
2405 4001 2616 4070 sibique
2652 4003 2883 4056 invicem
2913 4009 3040 4056 sunt
3088 4001 3389 4057 secundum
3411 4002 3515 4074 16

1946 4094 2242 4166 syzygiam,
2271 4110 2367 4149 seu
2402 4093 2883 4149 combinationem.
2909 4092 3073 4149 Unde
3102 4093 3264 4148 etiam
3307 4095 3514 4164 magni-

1949 4187 2165 4241 tudines
2203 4187 2412 4242 dierum
2445 4194 2500 4241 et
2529 4187 2770 4242 noctium
2813 4187 3052 4256 aequales
3086 4193 3213 4241 sunt
3248 4186 3302 4240 in
3327 4184 3506 4255 Sagit-

1947 4279 2090 4333 tario
2116 4286 2169 4334 et
2201 4278 2559 4348 Capricorno.
2607 4279 3009 4336 Universaliter
3039 4286 3241 4344 autem,
3291 4293 3411 4348 qua:
3437 4278 3515 4332 si-

1948 4383 2048 4438 gna
2081 4369 2223 4422 inter
2264 4384 2324 4425 se
2382 4377 2510 4424 sunt
2563 4368 2860 4424 secundum
2903 4369 3199 4440 syzygiam,
3252 4381 3313 4422 ea
3361 4368 3514 4438 signa

267 4452 427 4524 Κριῷ
459 4452 554 4505 καὶ
582 4450 861 4522 Παρθένῳ,
903 4450 1098 4520 Ἰχθύσι
1121 4451 1216 4504 καὶ
1243 4449 1420 4521 Ζυγῷ,
1461 4451 1729 4523 ’Υδροχόῳ
1753 4450 1839 4504 καὶ

1950 4462 2188 4531 aequales
2228 4462 2430 4518 habent
2457 4462 2575 4517 dies
2599 4471 2651 4516 et
2672 4470 2879 4516 noctes.
2904 4460 3075 4514 Erunt
3098 4460 3260 4530 igitur
3278 4461 3516 4530 aequales

268 4545 546 4617 Σκορπίῳ,
580 4545 858 4614 Λίγόκερῳ
887 4544 982 4596 καὶ
1005 4543 1226 4615 Τοξότῃ.

343 4806 450 4861 Τοῦ
484 4806 542 4860 δὲ
573 4806 774 4877 κόσμου
815 4805 1183 4876 σφαιροειδοῦς
1231 4804 1584 4877 ὑπάρχοντος,
1628 4805 1719 4858 καὶ
1762 4823 1847 4860 κι-

271 4899 534 4971 νουμένου
575 4897 747 4970 φορὰν
799 4899 1083 4968 ἐγκύκλιον
1114 4899 1206 4951 ἀπ’
1259 4896 1520 4966 ἀνατολῆς
1549 4897 1641 4949 ἐπὶ
1675 4896 1845 4961 δύσιν,

274 4990 566 5062 συμϐαίνει
601 4990 814 5045 ἅπαντα
839 4989 907 5044 τὰ
964 4991 1056 5043 ἐπὶ
1106 4989 1206 5059 τῆς
1257 4988 1489 5060 σφαίρας
1528 4991 1724 5060 σημεῖα
1756 4989 1849 5042 ἐπὶ

273 5083 637 5156 παραλλήλων
673 5083 884 5137 κύκλων
929 5081 1208 5155 φέρεσθαι.
1251 5079 1342 5145 Ἐξ
1388 5074 1448 5132 οὗ
1480 5080 1728 5153 φανερὸν,
1767 5082 1850 5134 ὅτι

274 5180 370 5231 καὶ
398 5177 600 5240 πάντες
632 5176 682 5227 οἱ
718 5175 944 5246 ἀστέρες
990 5175 1083 5228 ἐπὶ
1118 5172 1472 5246 παραλλήλων
1502 5171 1715 5226 κύκλων
1750 5172 1849 5244 τὴν

278 5268 492 5342 κίνησιν
524 5268 826 5323 ποιοῦνται.
853 5267 950 5320 Διά
972 5266 1127 5320 τοῦτο
1153 5267 1210 5320 δὲ
1235 5263 1326 5320 καὶ
1356 5266 1422 5320 ὲκ
1455 5266 1546 5320 τοῦ
1568 5264 1729 5318 αὐτοῦ
1762 5265 1851 5319 τό-

279 5379 381 5416 που
421 5363 622 5425 πάντες
644 5361 694 5414 οἱ
721 5359 977 5423 ἀπλανεῖς
1003 5358 1228 5430 ἀστέρες
1256 5357 1624 5423 ἀνατέλλουσι,
1649 5360 1744 5412 καὶ
1771 5359 1850 5421 είς

279 5459 370 5511 τὸν
399 5459 562 5513 αὐτὸν
595 5457 758 5510 τόπον
785 5455 1029 5510 δύνουσιν
1048 5470 1061 5481 ·
1094 5451 1292 5522 ὁμοίως
1321 5451 1380 5505 δὲ
1425 5453 1520 5505 καὶ
1560 5452 1610 5506 οί
1647 5449 1851 5521 παράλυ

278 5551 429 5620 ληλοι
472 5549 663 5604 κύκλοι
704 5551 769 5602 ἐκ
805 5546 898 5600 τοῦ
941 5543 1102 5599 αὑτοῦ
1143 5545 1307 5598 τόπου
1350 5543 1716 5611 ἀνατέλλουσι,
1758 5543 1853 5597 καὶ

282 5644 362 5705 εἰς
393 5642 485 5698 τὸν
511 5642 671 5696 αὑτὸν
694 5643 854 5695 τόπον
886 5638 1149 5692 δύνουσιν.

365 5733 428 5788 Ὀ
454 5734 512 5789 δὲ
547 5733 653 5789 τῶν
682 5732 885 5801 ζῳδίων
921 5730 1139 5796 κύκλος,
1177 5728 1325 5795 λοξὸς
1358 5728 1432 5784 ὢν
1465 5729 1530 5800 τῇ
1566 5726 1698 5797 πρὸς
1730 5728 1850 5793 τοὺς

1946 4552 2065 4607 dies
2099 4553 2151 4605 in
2173 4551 2418 4607 Geminis
2447 4560 2500 4606 et
2548 4551 2782 4615 Cancro,
2821 4551 2875 4605 in
2910 4551 3092 4604 Tauro
3126 4556 3181 4605 et
3215 4548 3415 4615 Leone,
3459 4549 3516 4605 in

1949 4641 2129 4696 Ariete
2159 4651 2214 4697 et
2242 4639 2489 4713 Virgine,
2517 4638 2572 4695 in
2605 4640 2855 4696 Piscibus
2882 4647 2936 4695 et
2964 4637 3145 4703 Libra,
3183 4641 3240 4694 in
3268 4640 3514 4711 Aquario

1946 4744 2001 4791 et
2032 4732 2279 4806 Scorpio,
2322 4735 2378 4790 in
2408 4735 2750 4806 Capricorno
2773 4739 2826 4788 et
2852 4730 3166 4801 Sagittario.

2017 4828 2154 4881 Cum
2195 4836 2378 4884 autem
2399 4829 2634 4884 mundus
2675 4829 2745 4882 sit
2768 4826 3092 4896 sphaericus,
3139 4836 3192 4881 et
3236 4833 3516 4882 moveatur

1948 4925 2102 4973 motu
2133 4917 2394 4974 circulari
2423 4918 2493 4973 ab
2513 4927 2638 4972 ortu
2661 4917 2728 4972 ad
2743 4931 3025 4981 occasum,
3057 4916 3236 4972 evenit
3256 4920 3516 4974 utomnia

1949 5016 2149 5082 puncta
2206 5009 2261 5064 in
2304 5008 2517 5079 sphzera
2557 5009 2613 5064 in
2671 5009 2945 5081 parallelis
2982 5008 3204 5064 circulis
3249 5008 3513 5070 ferantur.

1947 5101 2026 5156 Ex
2055 5116 2166 5172 quo
2212 5100 2584 5166 manifestum,
2626 5101 2772 5172 quod
2813 5101 2977 5156 etiam
3019 5115 3210 5156 omnes
3247 5101 3416 5156 stellae
3459 5103 3512 5158 in

1949 5195 2222 5266 parallelis
2249 5194 2476 5266 circulis
2508 5205 2713 5250 motum
2743 5191 2965 5248 faciant.
2985 5191 3156 5259 Quam
3191 5194 3260 5248 ob
3293 5209 3514 5250 causam

1948 5288 2111 5343 etiam
2132 5285 2323 5341 eodem
2345 5299 2409 5340 ex
2449 5283 2569 5338 loco
2601 5299 2792 5339 omnes
2818 5283 2988 5338 stella:
3017 5282 3134 5338 lixa:
3160 5283 3432 5350 oriuntur,
3464 5293 3518 5340 et

1951 5380 2006 5434 in
2038 5377 2288 5433 eumdem
2319 5377 2496 5431 locum
2522 5375 2777 5430 occidunt
2809 5396 2823 5430 :
2862 5374 3114 5432 similiter
3135 5384 3312 5430 autem
3334 5385 3387 5431 et
3416 5392 3518 5448 pa-

1955 5471 2134 5526 ralleli
2165 5469 2360 5525 circuli
2387 5484 2454 5524 ex
2483 5469 2678 5525 eodem
2707 5470 2826 5526 loco
2861 5471 3136 5537 oriuntur,
3179 5479 3236 5526 et
3271 5469 3328 5525 in
3367 5485 3520 5526 eum-

1950 5565 2072 5622 dem
2097 5565 2276 5619 loeum
2308 5561 2584 5617 occidunt.

2029 5723 2098 5778 At
2127 5720 2408 5786 zodiacus,
2446 5735 2567 5775 cum
2601 5720 2671 5776 sit
2705 5719 2959 5792 obliquus
2994 5719 3099 5776 situ
3122 5721 3185 5775 ad
3208 5718 3514 5793 parallelos,
