4000 6206
450 281 557 335 795

1449 283 1542 335 Al)
1581 279 1854 334 EUSEBII
1895 279 2292 336 CllliONlCON
2335 275 2698 336 APPENDIX.

3605 275 3704 334 796

451 409 558 448 non
590 392 750 447 habet
780 407 969 448 omnes
1014 398 1198 462 partes
1241 408 1305 448 cx
1361 392 1552 448 eodem
1603 393 1725 446 loco
1759 393 2019 457 orientes,

2130 393 2499 464 παραλλήλους
2515 393 2678 457 Θέσει,
2695 392 2756 444 ού
2781 391 2952 445 πάντα
2969 390 3079 462 ἔχει
3099 390 3166 444 τὰ
3190 391 3328 461 μέρη
3351 391 3414 442 ιιι
3430 389 3524 442 τοῦ
3544 390 3708 446 αὑτοῦ

452 502 551 542 nec
603 487 659 540 in
698 484 950 541 eumdem
1020 483 1200 538 locum
1275 485 1584 540 occidentes
1622 503 1634 538 :
1671 483 2024 553 quamobrem

451 593 624 648 neque
645 575 932 630 duodecim
962 576 1114 646 signa
1135 591 1200 630 ex
1227 574 1417 630 eodem
1460 570 1582 628 loco
1611 575 1888 638 oriuntur,
1931 590 2027 628 ne-

448 685 555 740 que
577 669 630 722 in
657 667 904 722 eumdem
939 667 1117 721 locum
1151 666 1431 720 occidunt.
1471 665 1605 720 Nam
1639 666 1692 720 in
1743 666 2026 720 latitudine

447 759 708 814 zodiacus
738 757 982 811 circulus
1013 765 1170 811 ortus
1199 764 1252 810 et
1275 770 1507 810 occasus
1539 754 1730 810 efficit.
1776 753 1870 808 Est
1925 769 2025 807 au-

448 862 556 906 tem
589 850 824 906 latitudo
867 859 1024 905 ortus
1057 851 1177 918 ejus
1208 849 1591 904 semicirculus
1619 864 1649 902 a
1677 851 1848 919 prima
1874 856 2026 919 parte

444 941 646 997 Cancri
681 943 913 1007 oriente,
943 957 1117 1010 usque
1161 941 1226 994 ad
1273 941 1503 1010 primam
1547 940 1863 1012 Capricorni
1909 956 2028 1011 par-

447 1045 558 1091 tem
591 1035 997 1092 ascendentem.
1047 1033 1264 1100 Quanta
1314 1035 1461 1088 enim
1511 1043 1596 1089 est
1641 1035 1695 1088 in
1743 1033 2028 1090 horizonte

449 1129 660 1183 zodiaci
693 1127 1001 1190 circulatio,
1037 1142 1158 1197 qua:
1202 1134 1288 1180 est
1341 1125 1482 1179 inter
1517 1124 1616 1180 hos
1661 1125 1799 1191 dies,
1839 1132 2027 1181 tantus

448 1229 534 1274 est
570 1219 869 1276 secundum
926 1218 1269 1273 latitudinem
1314 1232 1641 1288 progressus
1697 1218 1921 1272 zodiaca
1971 1219 2025 1272 in

451 1313 755 1366 horizonte.
790 1308 885 1366 His
906 1325 1150 1382 congrua
1177 1311 1341 1364 etiam
1371 1309 1576 1363 Aratus
1605 1308 1868 1375 ostendit,
1900 1324 2028 1365 cum

450 1404 532 1458 sic
557 1403 732 1473 inquit
764 1421 777 1457 :

485 1612 554 1687 4t
591 1608 672 1660 hic
725 1617 931 1687 tantum
962 1622 1153 1687 aquam
1187 1604 1386 1687 Oceani
1423 1608 1639 1687 transit,

471 1680 758 1745 Quantum
793 1695 823 1730 a
852 1675 1184 1744 Capricorno
1209 1676 1408 1730 oriente
1432 1678 1661 1731 maxime

2125 485 2289 538 τόπου
2321 484 2696 547 ἀνατέλλοντα,
2718 485 2811 537 καὶ
2841 486 2919 546 εἰς
2953 483 3043 536 τὸν
3071 481 3232 536 αὐτὸν
3259 481 3421 534 τόπον
3447 479 3674 534 δύνοντα
3691 499 3705 512 ·

2125 576 2191 630 δι’
2220 577 2286 648 ἡν
2313 578 2490 630 αἰτίαν
2523 577 2643 630 οὐδὲ
2685 576 2756 630 τὰ
2800 575 2866 646 ιβ’
2895 575 3058 639 ζώδια
3096 575 3160 627 ἐκ
3207 572 3300 626 τοῦ
3346 571 3509 627 αὑτοῦ
3544 572 3710 626 τύπου

2127 667 2426 732 ἀνατέλλει,
2450 671 2543 722 καὶ¹
2576 671 2655 732 είς
2676 668 2766 722 τὸν
2805 668 2964 722 αὐτὸν
2992 668 3156 720 τόπον
3188 665 3354 719 δύνει.
3397 666 3485 719 Ἐν
3512 665 3710 719 πλάτει

2126 759 2234 832 γὰρ
2260 762 2287 813 ὁ
2311 757 2571 824 ζωδιακὸς
2601 759 2800 824 κύκλος
2829 761 2928 822 τὰς
2963 757 3226 822 ἀνατολὰς
3259 758 3353 812 καὶ
3386 756 3484 821 τὰς
3525 757 3711 822 δύσεις

2128 855 2378 907 ποιεῖται.
2412 853 2566 906 Ἔστι
2591 853 2649 906 δὲ
2685 852 2745 905 τὸ
2796 851 2994 915 πλάτος
3034 850 3198 904 αὐτοῦ
3232 851 3330 920 τῆς
3354 850 3616 922 ἀνατολῆς
3645 851 3708 904 τὸ

2126 945 2232 998 ἀπὸ
2258 946 2349 999 τοῦ
2377 946 2652 1017 Καρκίνου
2687 943 2910 1017 πρώτης
2953 945 3148 1016 μοίρας
3187 943 3582 1013 ἀνατελλούσης
3610 944 3709 1016 μέ-

2126 1055 2245 1110 χρις
2262 1039 2544 1112 Δίγόκερω
2577 1039 2796 1110 πρώτης
2831 1035 3023 1108 μοίρας
3048 1035 3477 1108 ἀναφερομένης.
3511 1035 3705 1105 Ἦλίκη

2126 1129 2233 1200 γάρ
2267 1132 2410 1183 ἐστιν
2443 1129 2554 1200 (28)
2584 1132 2615 1200 ἡ
2661 1128 2860 1200 μεταξὺ
2892 1113 3002 1181 τών
3049 1127 3270 1199 ἡμερῶν
3311 1127 3512 1181 τούτων
3549 1144 3707 1199 περι-

2128 1219 2268 1292 φορά
2303 1221 2492 1274 τούτου
2529 1221 2622 1274 ἐπὶ
2663 1220 2756 1274 τοῦ
2801 1219 3092 1291 ὁρίζοντος,
3140 1218 3439 1290 τηλικαύτη
3493 1219 3640 1272 ἐστὶν
3669 1221 3703 1290 ἡ

2127 1314 2269 1368 κατὰ
2293 1313 2488 1377 πλάτος
2514 1313 2745 1385 πάροδος
2789 1312 2880 1366 ἐπὶ
2912 1311 3005 1366 τοῦ
3045 1313 3317 1383 ὁρίζοντος
3349 1311 3424 1383 τῷ
3456 1312 3706 1386 ζωδιακῷ

2128 1405 2330 1477 κύκλῳ.
2358 1405 2580 1468 Τούτοις
2603 1405 2660 1459 δὲ
2694 1402 2994 1476 συμφώνως
3027 1405 3120 1458 καὶ
3150 1406 3179 1458 ὁ
3204 1405 3437 1476 ’Δρατος
3465 1405 3702 1474 ἀποφαί-

2127 1516 2278 1553 νεται
2300 1499 2472 1569 λέγων
2499 1498 2672 1562 οὕτως
2690 1515 2708 1529 ο

2129 1613 2325 1681 Αὐτὰρ
2371 1611 2456 1680 ὅγ’
2503 1609 2796 1665 Ὠκεανοῖο
2849 1610 3038 1666 τόσον
3077 1611 3494 1680 παραμείϐεται
3531 1610 3704 1681 ὕδωρ,

2133 1685 2366 1737 Ὂσσον
2409 1683 2506 1736 ἀπ’
2529 1681 2887 1750 Αιγοκερῆος
2928 1681 3348 1750 ἀνερχομένοιο
3380 1681 3650 1751 μάλιστα

485 1747 858 1822 AdCancrum
881 1749 1135 1801 orientem
1178 1747 1401 1800 volvitur
1430 1763 1448 1822 ς
1474 1756 1738 1822 quantum
1765 1747 1996 1822 undique

2130 1754 2429 1821 Καρκίνον
2452 1755 2538 1817 εἰς
2575 1747 2821 1822 ἀνιόντα
2845 1747 3188 1805 κυλίνδεται
3206 1769 3219 1782 ο
3251 1747 3445 1822 ὅσσον
3471 1750 3712 1822 ᾀπὰντη

489 1821 674 1877 Oriens
705 1819 957 1883 continet,
980 1827 1184 1870 tantum
1203 1827 1342 1871 certe
1361 1817 1562 1887 quidem
1577 1818 1706 1872 alibi
1726 1817 1985 1875 occidens.

519 1932 576 1986 ln
600 1931 686 1987 his
717 1930 860 1993 enim
900 1929 1224 1984 determinat
1274 1945 1625 2000 progressum
1671 1930 1880 1986 zodiaci
1914 1931 2023 1985 cir-

447 2021 770 2093 culi,quem
816 2019 944 2074 facit
987 2016 1289 2073 secundum
1339 2019 1681 2074 latitudinem
1727 2020 1783 2074 in
1819 2031 1942 2074 ortu
1967 2025 2023 2074 et

447 2131 652 2172 occasu
685 2134 698 2170 :
731 2115 896 2184 idque
925 2119 1295 2182 congruenter
1327 2111 1727 2166 mathematicis
1762 2119 1817 2166 et
1847 2125 2018 2182 appa-

451 2209 658 2264 rentiae.
699 2207 848 2261 Talis
879 2222 1002 2260 cum
1047 2207 1118 2260 sit
1151 2205 1437 2259 inclinatio
1477 2203 1708 2268 zodiaci,
1753 2203 2023 2274 contingit

448 2306 612 2362 etiam
667 2301 1124 2362 dodecatemoria,
1192 2298 1299 2354 etsi
1357 2297 1730 2368 magnitudine
1790 2298 2020 2368 aequalia

449 2404 597 2462 sunt,
628 2403 810 2450 tamen
841 2392 1200 2462 inaequalibus
1249 2391 1588 2461 temporibus
1635 2396 1790 2445 ortus
1838 2398 1892 2446 et
1929 2405 2022 2444 oc-

448 2502 610 2544 casus
652 2487 850 2541 facere.
904 2484 1033 2550 Qua:
1060 2484 1204 2537 enim
1261 2498 1386 2538 cum
1447 2483 1704 2539 zodiacus
1742 2481 1800 2536 fit
1840 2490 2023 2538 rectus

449 2589 628 2636 ortum
652 2578 882 2641 faciunt,
917 2577 1005 2631 illa
1039 2579 1194 2643 signa
1216 2576 1271 2630 in
1305 2576 1541 2631 maximo
1573 2585 1816 2646 tempore
1838 2583 2021 2630 ortum

447 2679 503 2728 et
532 2687 790 2726 occasum
827 2671 1056 2725 faciunt.
1091 2668 1258 2724 Recta
1291 2669 1436 2724 enim
1469 2668 1534 2722 ad
1560 2668 1894 2722 horizontem
1934 2682 2027 2720 ca—

450 2766 606 2831 dunt,
635 2771 693 2819 ut
722 2763 1021 2820 secundum
1048 2761 1473 2831 unumquodque
1495 2768 1756 2830 punctum
1801 2758 1892 2812 flat
1923 2773 2017 2813 or-

451 2864 542 2912 tus
603 2855 766 2926 signi,
821 2863 983 2924 atque
1038 2853 1160 2908 ideo
1202 2867 1455 2921 magnum
1505 2858 1719 2920 tempus
1768 2860 1920 2904 ortus
1971 2857 2027 2904 et

450 2963 679 3003 occasus
701 2952 1073 3000 consumatur.
1097 2945 1228 3010 Quae
1256 2958 1383 2998 vero
1405 2956 1529 2996 cum
1556 2940 1812 2995 zodiacus
1841 2939 1907 2994 ad
1925 2939 2024 2994 ho-

451 3039 716 3094 rizontem
757 3034 815 3088 fit
857 3033 1111 3103 obliquus
1148 3039 1327 3087 ortum
1385 3029 1628 3094 faciunt,
1683 3030 1773 3084 illa
1814 3030 2024 3084 minore

2134 1823 2461 1881 Ἀντέλλων
2488 1821 2711 1892 ἐπέχει,
2738 1823 2967 1876 τόσσον
3003 1839 3071 1891 γε
3097 1822 3216 1891 μὲν
3241 1821 3456 1876 ἄλλοθι
3482 1821 3705 1877 δύνων.

2203 1935 2290 1988 Ἐν
2315 1933 2425 2006 γάρ
2445 1933 2653 1996 τούτοις
2677 1931 2775 2005 τὴν
2811 1931 3044 2004 πάροδον
3085 1933 3335 2003 ἀφορίζει
3367 1932 3463 1987 τοῦ
3507 1932 3707 1998 ζωδια-

2122 2027 2219 2082 κοῦ
2253 2027 2472 2091 κύκλου,
2499 2029 2565 2100 ἥν
2609 2030 2842 2079 ποιεῖται
2871 2024 3012 2078 κατὰ
3059 2024 3260 2090 πλάτος
3309 2027 3401 2079 ἐπὶ
3433 2027 3529 2097 τῆς
3571 2027 3707 2079 ἀνα-

2122 2120 2280 2190 τολῆς
2313 2121 2406 2172 καὶ
2453 2119 2552 2189 τῆς
2591 2118 2796 2180 δύσεως
2823 2115 3130 2188 συμφώνως
3159 2119 3270 2182 τοῖς
3301 2117 3710 2189 μαθηματικοῖς

2123 2213 2217 2266 καὶ
2250 2210 2327 2281 τῷ
2358 2209 2684 2281 φαινομένῳ.
2714 2209 2980 2281 Τοιαύτης
3004 2210 3062 2264 δὲ
3086 2210 3186 2280 τῆς
3209 2210 3506 2278 ἐγκλίσεως
3530 2211 3710 2280 ὑπαρ-

2124 2303 2323 2374 χούῆς
2351 2302 2444 2356 τοῦ
2479 2302 2748 2366 ζωδιακοῦ
2793 2302 3014 2367 κύκλου,
3053 2302 3337 2374 συμϐαίνει
3380 2303 3474 2355 καὶ
3506 2302 3574 2356 τὰ
3606 2303 3708 2356 δω-

2123 2391 2493 2463 δεκατημόρια
2527 2392 2616 2445 ίσα
2643 2391 2773 2446 ὄντα
2798 2393 2939 2446 κατά
2970 2393 3032 2446 τὸ
3064 2392 3292 2464 μέγεθος
3333 2393 3540 2457 ἀνίσοις
3577 2395 3707 2466 χρό-

2125 2502 2234 2548 νοις
2259 2484 2358 2547 τάς
2379 2483 2642 2566 ἀνατολὰς
2668 2485 2762 2538 καὶ
2785 2485 2882 2548 τὰς
2906 2485 3086 2550 δύσεις
3113 2484 3400 2539 ποιεῖσθαι.
3431 2486 3573 2540 Ὅσα
3609 2488 3710 2556 μὲν

2124 2575 2234 2646 γὰρ
2283 2575 2446 2647 ὀρθοῦ
2490 2577 2813 2648 γιγνομένου
2865 2577 2958 2632 τοῦ
3017 2575 3279 2642 ζωδιακοῦ
3326 2577 3564 2638 κύκλου,
3608 2577 3708 2648 τὴν

2125 2669 2386 2740 ἀνατολὴν
2414 2673 2668 2735 ποιεῖται,
2695 2673 2877 2724 ἐκεῖνα
2898 2669 2968 2724 τὰ
2989 2669 3154 2736 ζώδια
3174 2672 3232 2723 ὲν
3255 2668 3492 2741 πλείστῳ
3517 2669 3557 2702 ³³
3579 2671 3708 2742 χρό-

2125 2778 2200 2832 νῳ
2223 2761 2323 2832 τὴν
2357 2761 2619 2835 ἀνατολὴν
2659 2765 2752 2817 καὶ
2793 2763 2892 2834 τὴν
2917 2762 3068 2816 δύσιν
3099 2765 3353 2816 ποιεῖται.
3401 2760 3568 2832 ’ορθά
3596 2763 3707 2833 γὰρ

2126 2852 2278 2925 παρά
2303 2853 2396 2908 τὸν
2426 2855 2676 2926 ὁρίζοντα
2725 2855 3097 2926 παραπίπ-ιιει⁸
3127 2853 3267 2908 ὥστε
3313 2853 3436 2907 καθ’
3470 2853 3529 2906 ἒν
3570 2854 3706 2906 ἒκα-

2129 2961 2250 2998 στον
2269 2947 2492 3017 σημεῖον
2519 2946 2611 3000 τοῦ
2636 2946 2824 3011 ζωδίου
2845 2946 2943 3017 τὴν
2963 2945 3226 3018 ἀνατολὴν
3245 2945 3489 3015 γίνεσθαι
3507 2961 3521 2976 ⁸
3545 2944 3635 2998 διὰ
3650 2945 3707 2997 δὲ

2127 3038 2282 3092 τοῦτο
2302 3039 2467 3094 πολὺν
2491 3040 2679 3110 χρόνον
2695 3039 3074 3093 ἀναλίσκεσθαι
3103 3039 3200 3110 τῆς
3216 3038 3478 3108 ἀνατολῆς
3499 3038 3593 3092 καὶ
3607 3036 3709 3105 τῆς

451 3141 694 3200 tempore
723 3128 995 3181 oriuntur.
1050 3123 1186 3179 Nam
1223 3124 1387 3180 etiam
1422 3124 1578 3194 signa
1616 3123 1835 3193 obliqua
1884 3123 2020 3176 inci-

2130 3129 2354 3195 δύσεως⁸
2393 3132 2493 3184 ὅσα
2526 3132 2582 3185 δὲ
2605 3131 2832 3200 πλαγίου
2877 3131 3160 3202 γινομένου
3192 3131 3284 3184 τοῦ
3303 3129 3572 3194 ζωδιακοῦ
3604 3127 3705 3183 κύ-

451 3225 587 3281 dunt
611 3223 664 3276 in
698 3221 1058 3282 horizontem,
1084 3226 1144 3272 ut
1172 3217 1468 3273 secundum
1505 3217 1706 3272 multas
1733 3216 1870 3271 alias
1903 3227 2021 3286 par-

451 3326 537 3374 tes
562 3315 922 3372 simulortum
958 3311 1182 3376 faciant,
1212 3318 1374 3380 atque
1406 3307 1528 3364 ideo
1563 3309 1802 3363 velocem
1838 3315 2019 3362 ortum
2047 3363 2060 3375 ,

451 3407 732 3476 contingat
759 3404 896 3459 fieri.
932 3400 1090 3458 Unde
1112 3401 1275 3458 etiam
1304 3399 1436 3455 illud
1491 3399 1638 3470 quod
1693 3398 1836 3469 apud
1882 3398 2020 3453 Ara-

453 3508 567 3554 tum
598 3497 834 3560 dicitur,
879 3495 1144 3566 quaeritur
1175 3491 1449 3563 quomodo
1480 3499 1534 3546 et
1577 3491 1634 3545 in
1686 3491 2019 3561 longissimis

451 3590 732 3652 noctibus.
762 3597 816 3644 ct
846 3589 900 3643 in
933 3587 1291 3650 brevissimis,
1323 3601 1417 3641 sex
1445 3585 1599 3656 signa
1637 3584 1917 3647 oriantur,
1964 3593 2020 3640 et

455 3701 551 3742 sex
579 3683 861 3744 occidant,
902 3696 1025 3735 cum
1065 3680 1306 3735 noctium
1357 3678 1648 3733 diversitas
1684 3677 1755 3732 sit
1799 3689 2013 3747 magna.

458 3779 595 3832 Dicit
617 3788 796 3831 autem
827 3775 907 3829 sic
939 3775 1140 3861 Aratus
1172 3793 1185 3828 :

2124 3222 2286 3285 κλου,
2341 3224 2476 3294 πρὸς
2523 3225 2614 3278 τὸν
2668 3223 2916 3296 ὁρίζοντα
2969 3225 3068 3296 τὴν
3117 3223 3382 3294 ἀνατολὴν
3435 3224 3704 3286 ποιεῖται,

2126 3319 2310 3372 ἐκεῖνα
2340 3319 2400 3371 ἐν
2433 3318 2670 3372 ὲλὰττονι
2705 3319 2880 3391 χρόνῳ
2907 3317 3328 3390 ἐπαναφέρεται.
3360 3314 3572 3383 Πλάγια
3600 3315 3710 3386 γὰρ

2121 3410 2465 3482 παραπίπτει
2501 3412 2597 3465 καὶ
2639 3411 2707 3464 τὰ
2744 3411 2908 3476 ζώδια
2955 3410 3090 3482 πρὸς
3120 3411 3210 3463 τὸν
3250 3407 3497 3480 ὁρίζοντα
3523 3423 3536 3436 °
3565 3405 3706 3460 ὥστε

2121 3503 2242 3556 κατ’
2272 3501 2406 3557 ἄλλα
2438 3502 2607 3556 πολλά
2641 3503 2782 3573 μέρη
2813 3502 2928 3572 ἅμα
2971 3502 3070 3573 τὴν
3111 3501 3372 3570 ἀνατολὴν
3411 3497 3704 3552 ποιεῖσθαι.

2120 3591 2220 3646 Διά
2249 3592 2305 3646 δὲ
2347 3593 2508 3648 τοῦτο
2551 3595 2647 3647 καὶ
2706 3596 2929 3665 ταχεῖαν
2970 3594 3068 3665 τὴν
3117 3591 3378 3664 ἀνατολὴν
3420 3589 3710 3662 συμϐαίνει

2121 3684 2384 3751 γίνεσθαι.
2417 3683 2580 3737 Ὅθεν
2623 3684 2716 3738 καὶ
2755 3685 2816 3738 τὸ
2858 3685 2988 3758 παρ’
3033 3686 3243 3756 Ἀράτῳ
3292 3683 3577 3754 λεγόμενον
3605 3682 3705 3752 ζη-

2121 3775 2312 3835 τεῖται,
2359 3775 2475 3837 πῶς
2517 3775 2611 3828 καὶ
2657 3776 2714 3828 ὲν
2761 3780 2880 3840 ταῖς
2935 3778 3304 3848 μακροτάταις
3359 3773 3478 3840 νυξὶ
3520 3773 3617 3826 καὶ
3649 3773 3706 3824 ὲν

454 3872 572 3932 ταῖς
641 3868 1002 3940 βραχυτάταις
1055 3867 1115 3932 ἓξ
1153 3867 1599 3938 δωδεκατημόρια
1641 3863 1941 3928 ἀνατέλλει,
1978 3867 2068 3920 καὶ
2131 3868 2190 3934 ἓξ
2237 3870 2416 3936 δύνει,
2476 3872 2576 3944 τῆς
2627 3873 2981 3945 παραλλαγῆς
3036 3873 3145 3928 τῶν
3197 3871 3405 3928 νυκτῶν
3467 3869 3707 3943 μεγάλης

455 3965 821 4038 ὑπαρχούσης.
882 3965 948 4019 Ἦ
999 3965 1107 4037 γὰρ
1165 3965 1395 4037 μεγίστη
1449 3962 1543 4032 νὺξ
1607 3962 1706 4034 τῆς
1753 3961 2037 4036 ἐλαχίστης
2093 3965 2347 4038 ὑπερέχει
2415 3967 2564 4040 ὥρας
2619 3969 2935 4040 ίσημερινάς
2998 3968 3084 4034 ιζ’.
3155 3970 3316 4039 Λέγει
3358 3968 3416 4022 δὲ
3471 3965 3706 4036 ’Ἄρατος

453 4057 626 4120 οὕτως
643 4074 656 4086 ·

1099 4174 1333 4229 ....omni
1358 4174 1410 4227 in
1445 4183 1615 4227 nocte.

496 4243 599 4313 Sea:
623 4261 826 4313 semper
853 4245 1100 4298 occidunt
1132 4243 1460 4298 duodecima:
1486 4252 1663 4309 partes
1689 4241 1881 4296 circuli

499 4311 742 4370 Totidem
762 4317 1006 4369 oriuntur
1037 4331 1055 4368 :
1092 4316 1144 4368 in
1171 4323 1374 4367 tantam
1399 4314 1781 4384 longitudinem
1802 4314 1994 4382 quantis

533 4474 575 4505 “
613 4491 702 4544 πρ.
742 4473 968 4526 πλείονι.

2135 4213 2148 4225 .
2229 4210 2244 4224 .
2325 4209 2340 4226 .
2420 4209 2433 4222 .
2515 4209 2528 4220 .
2609 4209 2622 4221 .
2699 4167 2867 4237 πάσῃ
2896 4168 2966 4222 δὲ
2989 4166 3283 4222 ἐπὶνυκτὶ
3320 4165 3432 4236 (ἓ9)

2134 4239 2245 4304 Ἐξ
2265 4239 2352 4294 ἀεὶ
2381 4239 2634 4294 δύνουσι
2673 4238 3044 4306 δυωδεκάδες
3069 4239 3337 4306 κύκλοιο,

2137 4311 2356 4366 Τόσσαι
2375 4310 2426 4364 δ’
2449 4309 2840 4366 ἀντέλλουσι·
2866 4305 3052 4366 τόσον
3070 4309 3122 4365 δ’
3147 4308 3247 4363 ἐπὶ
3264 4305 3460 4378 μῆκος
3478 4305 3701 4372 ἑκάστη

538 4581 647 4653 (‘28)
691 4583 897 4649 Ἢλίκη
941 4580 1053 4651 γάρ
1089 4579 1278 4632 ἐστιν.
1333 4575 1657 4653 Horizontis
1692 4592 1879 4653 arcum
1919 4574 2030 4653 Ade-
2057 4579 2103 4634 ι)
2131 4578 2243 4652 net.
2274 4568 2388 4623 lloc
2410 4570 2556 4653 enim
2581 4568 2807 4653 circulis
2842 4569 3097 4653 omnibus
3144 4567 3397 4653 maximis
3426 4570 3700 4653 convenit,

463 4647 670 4712 scribit,
714 4653 804 4722 qui
857 4647 1306 4722 inter—punctum
1345 4649 1578 4701 ortivum
1618 4647 1934 4722 Capricorni
1963 4661 2026 4700 ac

462 4725 657 4780 Cancri
706 4718 1062 4792 interceptus'
1093 4730 1196 4775 est.
1230 4718 1415 4792 Itaque
1459 4720 1731 4790 περιφορά
1770 4720 1925 4792 idem
1944 4725 2029 4792 est

463 4795 609 4866 quod
635 4787 978 4866 περιφέρεια.
1011 4792 1115 4866 Sed
1145 4807 1249 4845 vox
1269 4787 1458 4866 τούτου
1470 4787 1852 4866 _espungenda
1877 4787 2028 4866 vide-

467 4859 578 4926 tur,
613 4859 719 4933 pro'
743 4859 849 4935 qua
890 4864 1170 4935 incodice
1207 4861 1372 4916 veteri
1404 4861 1563 4935 τοῦτο
1597 4861 1821 4935 legitur,
1858 4859 2029 4935 nihilo

467 4930 775 5004 since—rius;
802 4933 908 4988 Sed
942 4934 1089 4987 Arati
1126 4947 1337 4993 versus,
1359 4932 1451 5002 qui
1482 4932 1548 5004 ab
1589 4930 1818 5004 Gemino
1849 4930 2030 4984 decla-

465 5002 680 5069 rantur,
733 5004 1110 5059 obscurissimi
1161 5011 1320 5068 sunt;
1365 5011 1424 5056 ut
1473 5002 1651 5056 minus
1703 5003 1960 5056 miremur
2005 5013 2036 5069 a

469 5068 711 5136 Theone.
738 5076 852 5130 sive
875 5074 1202 5129 scholiorum
1227 5073 1491 5134 miscella.
1507 5081 1559 5127 et
1583 5072 1650 5126 ab
1668 5071 1870 5126 Avieno
1893 5068 2037 5124 haud

468 5148 602 5202 satis
640 5146 940 5200 intellectas
976 5143 1165 5200 fuisse.
1212 5143 1302 5198 Sic
1353 5145 1496 5199 enim
1539 5143 1834 5212 explicant,
1870 5137 2037 5212 quasi

469 5217 574 5272 hoc
605 5218 803 5270 Aratus
845 5215 946 5270 sibi
998 5215 1154 5281 velit;
1185 5214 1523 5268 tantumdem
1575 5210 1641 5269 ei:
1693 5214 1786 5267 illo
1831 5210 2037 5266 circulo

471 5301 636 5356 supra
690 5294 887 5340 terram
921 5285 991 5340 ab
1034 5285 1242 5340 oriente
1293 5284 1628 5353 Capricorno
1665 5285 1730 5338 ad
1774 5285 2034 5356 orientem

472 5352 656 5426 patere
694 5356 988 5420 Cancrum,
1013 5364 1274 5426 quantum
1324 5352 1426 5426 sub
1454 5363 1596 5409 terra
1643 5362 1725 5408 est
1767 5369 1795 5426 a
1825 5352 2038 5426 Cancro

473 5422 539 5482 ad
561 5427 971 5496 Capricornum.
1003 5422 1080 5480 Ita
1107 5425 1315 5480 Theon.
1349 5423 1544 5481 Festus
1565 5433 1743 5479 autem
1766 5422 2033 5476 Avienus:

547 5539 648 5595 Ille
684 5551 854 5596 autem
889 5541 1085 5598 Oceani
1120 5550 1326 5594 tantum
1355 5538 1619 5594 descendit
1649 5539 1704 5592 in
1733 5553 1932 5608 (τίμιον,

548 5611 814 5680 Quantum
845 5631 876 5666 a
904 5613 1127 5668 caeruleo
1160 5611 1324 5666 distat
1356 5611 1560 5666 Cancro
1588 5609 1966 5677 Capricornus.

475 5705 607 5772 Quae
637 5708 904 5764 sententia
941 5705 1225 5778 nugatoria
1261 5712 1364 5772 est,
1412 5719 1585 5775 neque
1625 5702 1693 5757 ad
1733 5717 1846 5760 rem
1876 5701 2040 5773 perti-

2131 4642 2223 4712 qui
2254 4641 2531 4710 :equaliter
2560 4639 2628 4694 ab
2655 4639 3282 4712 horizontedividuntur.
3319 4639 3432 4712 [mo
3462 4640 3705 4712 inASphaa-

2135 4707 2194 4766 ra
2235 4707 2382 4766 recta
2408 4726 2697 4766 commune
2733 4711 2783 4764 id
2802 4717 2882 4765 est
2905 4709 3176 4778 parallelis
3212 4707 3485 4762 omnibus.
3505 4709 3702 4762 Aratus

2134 4791 2311 4836 autem
2325 4781 2599 4850 peculiare
2616 4781 2818 4850 aliquid
2841 4777 3063 4834 zodiaco
3077 4779 3283 4833 circulo
3303 4777 3549 4833 versibus
3573 4781 3703 4850 iisce

2134 4849 2452 4922 complexus
2474 4863 2575 4907 est.
2607 4851 2685 4907 Ne
2714 4849 2904 4914 multa,
2923 4850 3101 4922 ὅσσον,
3119 4857 3172 4903 et
3191 4849 3380 4902 τόσσον
3404 4849 3702 4922 secundum

2137 4918 2500 4984 latitudinem,
2533 4931 2593 4976 ut
2621 4929 2838 4981 vocant.
2872 4921 3122 4981 ortivam,
3156 4922 3268 4974 sive
3304 4918 3446 4973 κατά
3480 4920 3698 4985 πλάτος,

2139 5010 2246 5048 non
2273 4995 2415 5048 κατὰ
2453 4993 2626 5064 μῆκος
2658 4992 3062 5064 intelligendum
3097 5000 3201 5054 est,
3242 4997 3301 5064 ut
3339 4990 3496 5044 docet
3522 4991 3699 5045 Gemi-

2133 5069 2261 5118 ‘nus.
2312 5061 2586 5130 Quantum
2621 5065 2694 5117 ait
2744 5063 3087 5116 intervallum
3120 5073 3204 5114 est
3248 5061 3390 5115 inter
3440 5069 3696 5128 punctum

2139 5135 2460 5195 horizontis.
2495 5150 2523 5188 a
2552 5149 2660 5202 quo
2690 5133 3058 5202 Capricornus
3087 5131 3365 5202 oritur.ret
3396 5131 3528 5185 illud
3559 5131 3699 5185 unde

2137 5204 2348 5259 Cancer
2372 5201 2620 5260 exortum
2663 5201 2824 5265 facit,
2859 5211 3063 5256 tantam
3098 5201 3306 5256 oriendi
3347 5202 3700 5257 occidendive

2141 5275 2476 5330 latitudinem
2506 5274 2664 5328 habet
2687 5273 2977 5336 zodiacus,
3012 5289 3074 5327 ac
3112 5283 3318 5328 tantum
3343 5273 3602 5342 spatium,
3636 5272 3701 5325 ab

2139 5342 2377 5409 Oceano,
2405 5344 2455 5398 id
2484 5353 2568 5399 est
2606 5345 2889 5398 horizonte
2918 5344 3171 5399 attollens
3216 5357 3356 5405 sese.
3389 5342 3702 5414 complecti-

2144 5423 2250 5475 tur.
2283 5416 2640 5484 similiterque
2668 5414 2941 5469 occidens.

2215 5486 2326 5557 (29)
2363 5484 2534 5554 Πάσῃ
2555 5482 2626 5538 δὲ
2651 5485 2748 5539 ἐπὶ
2769 5485 2962 5557 νυκτί.
2993 5483 3047 5557 Si
3072 5482 3417 5557 Soliuianum
3437 5483 3702 5557 exercita-

2145 5552 2316 5613 toreni
2352 5552 2646 5619 auscultes,
2687 5554 2962 5624 vapulabit
3000 5555 3221 5620 Aratus,
3264 5555 3354 5624 qui
3397 5552 3700 5608 δυωδεκάδα

2145 5628 2284 5685 dixit
2323 5642 2422 5698 pro
2475 5626 2796 5698 duodecima
2842 5633 3026 5696 parte,
3068 5641 3192 5698 cum
3243 5624 3701 5698 sitduodenarius

2145 5700 2264 5772 ipse
2295 5691 2459 5756 totus.
2495 5697 2628 5755 Nam
2661 5691 3039 5755 Casaubonum
3065 5696 3363 5769 redarguit,
3389 5694 3535 5767 quod
3561 5691 3700 5768 apud
