3918 6216
291 239 390 292 797

1327 245 1567 301 GEMINI
1601 246 1972 302 ELEMENTA
2009 246 2500 306 ΔδΤΙιΟΝΟΜιΕ.

3432 252 3536 309 798

289 353 421 436 I‘V‘igé'
448 351 558 436 αιεί
590 354 964 436 accirentur,
999 357 1149 436 ᾆσον
1172 358 1252 436 ,τέ
1279 374 1397 436 περί
1421 361 1610 436 ἥμισυ
1639 363 1852 436 κύκλοι

1988 364 2113 420 Nox
2142 383 2343 436 semper
2384 375 2460 420 est
2495 373 2732 436 extensa,
2754 376 3004 432 quantam
3037 364 3282 420 mediam
3314 367 3500 420 circuli

302 413 663 494 ’A'pxoyérnc
689 426 806 480 ἀπὸ
835 413 1052 494 νυκτὸς
1089 413 1551 500 ἁείρεταίῦιίῖἶέθι

375 542 680 612 Ἀπορείται
702 541 786 614 δὴ,
816 542 933 607 πῶς
954 546 1047 598 καὶ
1070 548 1127 598 ὲν
1146 548 1265 610 ταῖς
1293 547 1661 618 μακροτάταις
1689 549 1783 602 καὶ
1807 550 1865 602 ὲν

286 634 408 696 ταῖς
464 632 828 704 βραχυτάταις
881 634 1031 700 νυξὶν
1075 637 1397 708 ἡμικύκλιον
1446 641 1541 694 τοῦ
1595 641 1861 707 ζωδιακοῦ

288 723 486 776 κύκλου
521 725 616 778 καὶ
665 726 962 793 ἀνατέλλει,
1011 728 1106 782 καὶ
1155 729 1320 786 δύνει.
1363 732 1578 787 Γίνεται
1618 733 1673 786 δὲ
1707 733 1865 789 τοῦτο

285 814 374 868 δια
399 815 495 887 τὴν
531 817 774 886 ἔγκλισιν
804 818 900 872 τοῦ
946 818 1213 884 ζωδιακοῦ
1248 823 1468 878 κύκλου.
1504 825 1603 880 Διὰ
1630 826 1738 898 γὰρ
1765 827 1863 898 τὴν

284 905 546 980 λοξότητα
573 911 630 964 ὲν
659 910 865 975 ἀνίσοις
905 913 1116 984 χρόνοις
1143 915 1443 981 ἀνατέλλει,
1489 919 1583 970 καὶ
1624 917 1766 970 δύνει
1793 919 1862 972 τὰ

283 1001 380 1054 τοῦ
411 1002 674 1065 ζωδιακοῦ
710 1003 956 1079 [κύκλου]
990 1008 1310 1079 ἡμικύκλια.
1334 1010 1732 1064 Ταπεινοτάτου
1759 1011 1860 1082 μὲν

285 1093 393 1165 γὰρ
418 1093 568 1158 ὄντος
592 1094 687 1150 τοῦ
737 1099 1000 1163 ζωδιακοῦ
1049 1099 1246 1155 κύκλου
1294 1103 1432 1174 πρὸς
1469 1102 1560 1156 τὸν
1587 1102 1857 1176 ὁρίζοντα,

286 1186 424 1258 ὅπερ
463 1189 973 1263 γίνεταιςΑίγόκερω
1007 1192 1229 1264 πρώτης
1261 1195 1455 1266 μοίρας
1496 1195 1860 1266 μεσουρανού-

289 1295 410 1349 σης,
441 1283 658 1352 ταχεῖαν
693 1285 902 1337 ποεῖται
927 1284 1026 1354 τὴν
1056 1284 1320 1358 ἀνατολὴν
1343 1285 1404 1338 τὸ
1439 1284 1762 1357 ἡμικύκλιον
1797 1284 1857 1338 τὸ

285 1371 392 1425 ἀπὸ
415 1371 507 1424 τοῦ
527 1373 694 1446 Κριοῦ
720 1374 938 1446 πρώτης
962 1375 1153 1447 μοίρας
1173 1375 1332 1447 μέχρι
1354 1375 1632 1447 Παρθένου
1663 1377 1857 1448 μοίρας

287 1460 349 1514 λ’.
386 1463 618 1528 Πλάγιον
645 1464 754 1535 γὰρ
783 1465 1118 1536 παραπίπτει
1147 1465 1298 1538 παρὰ
1337 1467 1429 1520 τὸν
1455 1466 1724 1538 ὁρίζοντα,
1761 1468 1856 1520 καὶ

286 1554 457 1608 πολλὰ
495 1557 632 1628 μέρη
667 1556 782 1628 ἅμα
813 1559 910 1631 τὴν
941 1558 1202 1630 ἀνατολὴν
1231 1561 1484 1613 ποιεῖται.
1533 1559 1850 1632 Ὀρθοτάτου

281 1647 338 1700 δὲ
364 1647 514 1712 ὄντος
538 1649 630 1702 τοῦ
661 1649 924 1714 ζωδιακοῦ
942 1649 1162 1713 κύκλου,
1184 1652 1320 1724 ὅπερ
1347 1651 1554 1721 γίνεται
1575 1652 1848 1724 Καρκίνου

279 1739 505 1813 πρώτης
556 1742 750 1814 μοίρας
811 1742 1249 1815 μεσουρανούσης
1272 1721 1299 1807 ,⁷
1334 1747 1558 1814 ταχεῖαν
1618 1721 1848 1798 ποιεῖται
1879 1721 1922 1775 Β

276 1833 377 1906 τὴν
413 1833 675 1906 ἀνατολὴν
697 1834 758 1888 τὸ
779 1835 1101 1907 ἡμικύκλιον
1130 1836 1192 1889 τὸ
1233 1835 1342 1890 ἀπὸ
1368 1835 1462 1889 τοῦ
1503 1835 1674 1905 Ζυγοῦ
1708 1834 1852 1907 πρώ-

273 1941 378 1996 της
411 1925 605 1997 μοίρας
633 1926 825 2000 μέχρις
865 1927 1083 2000 Ἰχθύων
1115 1927 1306 1999 μοίρας
1331 1929 1376 1981 λ’
1396 1945 1408 1958 ·
1442 1927 1563 1981 ὅθεν
1591 1928 1647 1980 ὲν
1675 1925 1850 1996 πολλῷ

272 2018 453 2089 χρόνῳ
479 2017 576 2090 τὴν
609 2019 883 2090 ἀναφορὰν
926 2023 1175 2074 ποιεῖται.
1224 2019 1475 2088 Εύλόγως
1524 2015 1614 2072 οὖν
1661 2020 1753 2072 καὶ
1792 2021 1850 2071 ἐν

271 2114 398 2174 ταῖς
425 2115 757 2183 χειμεριναίς
786 2111 904 2177 νυξὶ
931 2113 1026 2166 καὶ
1065 2114 1122 2166 ὲν
1166 2115 1286 2176 ταῖς
1327 2111 1564 2184 θεριναῖς
1593 2111 1653 2176 ἒξ
1681 2111 1846 2177 ζώὸια

272 2203 578 2269 ἀνατέλλει,
614 2205 706 2258 καὶ
747 2202 805 2270 ἒξ
845 2204 1011 2270 ξώδια
1052 2205 1208 2259 δύνει.
1271 2206 1334 2258 Οί
1386 2204 1494 2277 γὰρ
1543 2205 1850 2258 ἀνατολικοὶ

271 2297 478 2368 χρόνοι,
521 2297 628 2350 τῶν
671 2297 874 2361 ζῳδίων
911 2297 1040 2350 ίσων
1079 2296 1249 2364 όντων
1298 2296 1439 2350 κατά
1490 2296 1552 2348 τὸ
1599 2295 1846 2366 μέγεθος,

271 2389 447 2442 ἄνισοι
484 2387 719 2455 γίνονται
749 2385 891 2441 κατὰ
914 2388 1040 2450 τοὺς
1074 2387 1319 2458 χρόνους.
1358 2386 1467 2439 Καὶ
1511 2388 1568 2438 ὲν
1604 2385 1702 2455 μὲν
1730 2387 1850 2448 ταῖς

271 2483 608 2553 χειμεριναίς
635 2479 754 2544 νυξὶ
779 2479 846 2533 τὰ
880 2479 1228 2550 πολυχρόνιον
1269 2477 1564 2547 ποιούμενα
1592 2475 1686 2546 τὴν
1713 2476 1847 2528 ἀνα-

269 2573 434 2644 τολὴν
458 2570 815 2642 ἀναφέρεται·
842 2572 899 2623 ὲν
939 2569 997 2622 δὲ
1021 2572 1141 2632 ταῖς
1192 2568 1428 2640 θεριναῖς
1478 2565 1596 2632 νυξὶ
1642 2564 1714 2620 τὰ
1750 2583 1849 2620 τα-

268 2669 424 2736 χεῖαν
456 2665 755 2735 ποιούμενα
784 2665 881 2736 τὴν
916 2662 1179 2734 ἀνατολὴν
1219 2661 1519 2716 ἀνατέλλει.

346 2758 409 2812 Οἱ
445 2758 544 2828 μὲν
582 2752 675 2810 οὖν
705 2757 917 2828 ἀρχαῖοι
958 2754 1209 2826 καθάπερ
1247 2754 1338 2806 ἐπὶ
1368 2754 1476 2806 τῶν
1512 2751 1653 2806 κατὰ
1683 2749 1850 2814 συζυ-

270 2850 401 2919 γίαν
434 2850 639 2915 ζωδίων
670 2849 944 2920 ἠγνόησαν
964 2887 978 2912 ,
1011 2845 1184 2910 οὕτως
1231 2845 1325 2899 καὶ
1371 2845 1428 2897 ὲν
1459 2847 1569 2907 τοῖς
1606 2841 1852 2896 ἀνατολι-

272 2947 393 3007 κοῖς
420 2944 630 3015 χρόνοις
660 2942 766 2996 τῶν
793 2941 996 3007 ζῳδίων
1021 2940 1339 3012 διήμαρτον.
1385 2938 1849 3010 Ὑποστησάμενοι

2035 436 2080 488 Α
2106 429 2261 490 nocte
2279 437 2552 502 incipiente
2579 429 2839 489 attollitur
2864 452 3022 504 supra
3052 447 3266 491 (errant.

2041 549 2333 606 Dubitatur
2367 551 2480 620 jam
2513 549 2789 621 quomodo
2826 551 2990 605 etiam
3025 551 3079 604 in
3116 551 3451 621 longissimis
3477 562 3533 608 et

1967 644 2020 698 in
2047 644 2386 699 brevissimis
2407 644 2660 699 noctibus
2684 642 3069 698 semicirculus
3092 645 3299 699 zodiaci
3320 655 3373 698 et
3389 645 3536 699 oria-

1963 745 2053 789 tur
2091 742 2146 790 et
2174 735 2408 790 occidat.
2456 734 2544 789 Fit
2579 743 2759 788 autem
2791 736 2916 805 _hoc
2963 743 3181 806 prepter
3228 736 3536 792 inclinatio-

1961 845 2087 884 nem
2117 828 2348 884 zodiaci.
2379 826 2512 882 Nam
2543 836 2762 900 propter
2792 827 3186 898 obliquitatem,
3221 829 3274 883 in
3325 835 3535 900 tempo-

1965 921 2118 977 ribus
2165 921 2524 992 inazqualibus
2545 923 2797 974 oriuntur
2825 929 2878 975 et
2903 921 3162 976 occidunt
3195 922 3400 976 zodiaci
3446 937 3537 978 se-

1960 1012 2251 1067 micirculi.
2282 1011 2417 1066 Nam
2466 1027 2589 1065 cum
2616 1011 2874 1066 zodiacus
2909 1013 3014 1083 17
3048 1012 3285 1068 circulus
3311 1025 3394 1068 est
3429 1013 3534 1066 hn-

1961 1105 2227 1160 millimus
2259 1105 2325 1158 ad
2349 1104 2710 1170 horizontem,
2763 1104 2907 1175 quod
2943 1106 3002 1158 lit
3042 1120 3164 1159 cum
3211 1105 3532 1176 Capricorni

1960 1196 2135 1266 prima
2163 1211 2290 1266 pars
2325 1195 2558 1250 medium
2599 1193 2723 1248 coeli
2769 1201 2933 1257 tenet,
2984 1195 3223 1248 velocem
3268 1195 3398 1250 facit
3441 1212 3535 1250 or-

1957 1295 2070 1341 tum
2105 1287 2482 1343 semicirculus
2539 1287 2631 1356 qui
2676 1295 2760 1341 est
2802 1287 2871 1339 ab
2911 1285 3112 1340 Arietis
3151 1286 3324 1356 prima
3377 1294 3533 1356 parte

1958 1393 2131 1448 usque
2152 1376 2220 1431 ad
2243 1375 2480 1447 Virginis
2511 1385 2719 1446 partem
2749 1375 3098 1432 tricesimam.
3135 1375 3268 1430 Nam
3311 1376 3532 1448 oblique

1955 1471 2102 1526 cadit
2142 1470 2208 1524 ad
2245 1470 2605 1537 horizontem,
2659 1477 2713 1524 et
2755 1470 2810 1523 in
2852 1469 3038 1524 multis
3082 1469 3326 1539 partibus
3368 1468 3530 1524 simul

1953 1576 2131 1621 ortum
2165 1564 2313 1620 facit.
2354 1563 2490 1619 Cum
2546 1579 2674 1618 vero
2731 1563 2988 1617 zodiacus
3033 1571 3118 1618 est
3156 1561 3527 1628 rectissimus,

1951 1656 2097 1726 quod
2133 1656 2209 1721 lit,
2231 1671 2354 1710 cum
2382 1653 2555 1724 prima
2588 1669 2714 1724 pars
2745 1653 2940 1708 Cancri
2993 1652 3231 1708 medium
3277 1651 3401 1706 cmli
3443 1659 3529 1708 te-

1953 1756 2067 1815 net,
2096 1748 2336 1803 velocem
2360 1746 2490 1802 facit
2511 1740 2694 1802 orttim
2725 1756 2777 1801 et
2797 1747 3175 1801 semicirculus
3233 1745 3326 1814 qui
3372 1754 3456 1801 est
3499 1760 3528 1798 ιι

1953 1838 2132 1894 Librae
2175 1839 2349 1909 prima
2389 1846 2543 1908 parte
2574 1853 2746 1907 usque
2794 1836 2859 1890 ad
2904 1835 3142 1892 Piscium
3181 1845 3389 1900 partem
3434 1836 3528 1889 tri-

1951 1915 2206 1986 cesimam
2237 1949 2248 1984 :
2281 1930 2427 1984 unde
2465 1930 2519 1983 in
2542 1929 2700 1998 longo
2719 1936 2962 1999 tempore
2985 1937 3164 1982 ortum
3197 1927 3345 1982 facit.
3386 1926 3532 1982 Con-

1951 2021 2233 2076 venienter
2260 2019 2426 2088 igitur
2452 2031 2505 2073 et
2541 2018 2593 2072 in
2625 2018 2870 2073 hibernis
2892 2018 3165 2081 noctibus,
3202 2025 3256 2072 et
3299 2016 3352 2070 in
3382 2016 3550 2088 aceti-5

1950 2111 2052 2175 vis,
2097 2127 2192 2166 sex
2218 2111 2373 2182 signa
2406 2112 2678 2174 oriuntur,
2701 2117 2755 2164 et
2777 2125 2867 2164 sex
2912 2109 3067 2182 signa
3089 2109 3365 2164 occidunt.
3392 2107 3526 2162 Nam
3551 2155 3553 2159 .

1950 2205 2122 2259 ortiva
2172 2211 2453 2274 tempora.
2509 2205 2610 2259 etsi
2676 2204 2831 2274 signa
2874 2203 3050 2273 quoad
3104 2202 3528 2273 magnitudinem

1951 2305 2077 2351 sunt
2105 2297 2355 2366 aequalia,
2411 2296 2546 2350 fiunt
2588 2297 2872 2366 inaequalia
2919 2295 3218 2352 secundum
3261 2302 3526 2363 tempora.

1951 2389 2016 2442 Et
2038 2390 2257 2458 quidem
2277 2391 2331 2444 in
2372 2390 2616 2445 hibernis
2658 2391 2914 2446 noctibus
2960 2405 3022 2444 ea
3073 2390 3229 2460 signa
3277 2390 3529 2443 oriuntur

1949 2494 2069 2549 qua:
2105 2479 2320 2532 tardum
2353 2479 2558 2535 faciunt
2585 2489 2764 2535 ortum
2792 2499 2806 2548 ;
2854 2480 2909 2534 in
2938 2479 3142 2535 aestivis
3181 2481 3433 2536 noctibus
3463 2493 3529 2536 ea

1950 2569 2202 2622 oriuntur
2229 2569 2382 2639 signa
2402 2584 2522 2638 qua:
2549 2569 2785 2624 velocem
2819 2570 3027 2624 faciunt
3062 2580 3266 2626 ortum.

2021 2765 2244 2822 Veteres
2273 2765 2468 2837 igitur,
2506 2765 2962 2838 quemadmodum
3013 2781 3122 2821 non
3164 2774 3312 2822 recte
3364 2768 3525 2823 intel-

1951 2858 2200 2914 lexerunt
2246 2859 2399 2930 signa
2437 2847 2852 2922 combinatoria,
2887 2858 2969 2914 sic
3015 2859 3178 2913 etiam
3223 2859 3280 2913 in
3332 2860 3526 2914 ortivis

1951 2949 2290 3021 temporibus
2318 2950 2598 3020 signorum
2637 2957 2976 3004 erraverunt.
3011 2949 3146 3004 Cum
3182 2949 3328 3005 enim
3380 2965 3524 3020 pra:-

272 3034 384 3106 γὰρ
412 3035 698 3107 ὀρθότατον
737 3029 873 3088 εἶναι
905 3034 997 3086 τὸν
1038 3031 1298 3096 ζωδιακὸν
1327 3031 1545 3094 κύκλον,
1573 3032 1848 3103 Καρκίνου

1957 3039 2376 3121 supposuissent
2402 3040 2684 3094 zodiacum
2713 3041 2977 3095 circulum
3009 3048 3123 3094 tum
3152 3041 3520 3096 rectissimum

275 3128 500 3200 πρώτης
540 3127 732 3199 μοίρας
779 3126 1252 3198 μεσουρανούσηςθ
1307 3126 1428 3180 ἐπεὶ
1477 3124 1618 3179 κατά
1667 3126 1852 3179 τοῦτον

271 3222 366 3276 τὸν
413 3222 601 3292 καιρὸν
645 3220 921 3274 ἀνατέλλει
963 3220 1060 3290 μὲν
1111 3220 1320 3288 Ζυγὸς,
1353 3219 1498 3271 δύνει
1539 3218 1596 3270 δὲ
1643 3218 1811 3289 Κριός
1836 3235 1851 3249 ο

275 3313 625 3384 ἀπεφήναντο
650 3313 707 3365 ὲν
739 3311 976 3381 πλείστῳ
1005 3311 1103 3380 μὲν
1136 3311 1312 3381 χρόνῳ
1329 3309 1638 3364 ἀνατέλλειν
1661 3310 1852 3379 Ζυγδν,

271 3408 332 3459 ἐν
366 3403 604 3475 πλείστῳ
646 3402 702 3456 δὲ
735 3402 911 3474 χρόνῳ
943 3400 1118 3454 δύνειν
1162 3401 1352 3471 Κριόν.
1394 3400 1562 3454 Πάλιν
1605 3401 1724 3454 ἐπεὶ
1755 3418 1854 3454 τα-

275 3496 590 3560 πεινότατος
621 3496 830 3566 γίνεται
863 3495 892 3546 ὁ
923 3495 1029 3548 τῶν
1062 3493 1268 3558 ζωδίων
1310 3493 1530 3556 κύκλος,
1575 3493 1855 3562 Αἱγόκερω

276 3587 501 3659 πρώτης
543 3587 737 3660 μοίρας
773 3586 1246 3658 μεσουρανούσης,
1283 3586 1425 3640 κατά
1455 3584 1643 3640 τοῦτον
1677 3585 1854 3638 δὲ.τὸν

270 3681 467 3752 καιρὸν
500 3678 780 3736 ἀνατέλλει
816 3678 914 3750 μὲν
948 3679 1137 3750 Κριὸς,
1165 3677 1306 3732 δύνει
1333 3678 1391 3731 δὲ
1419 3677 1588 3746 Ζυγός
1612 3693 1623 3704 ·
1652 3678 1857 3748 ἀπε,φή-

271 3789 432 3826 ναντο
475 3772 573 3841 μὲν
617 3772 848 3842 τάχιστα
895 3770 1206 3825 ἀνατέλλειν
1250 3770 1449 3841 Κριὸν,
1487 3769 1752 3842 ἐλαχίστῳ
1796 3771 1853 3824 δὲ

274 3865 457 3935 χρόνῳ
474 3863 651 3917 δύνειν
676 3862 867 3932 Ζυγόν.
893 3863 1062 3916 Πάλιν
1091 3862 1215 3917 ἐπεὶ
1245 3862 1416 3933 μέσην
1448 3861 1690 3930 ἔγκλισιν
1717 3862 1854 3933 λαμ-

276 3957 431 4011 ϐάνει
451 3960 480 4010 ό
510 3957 617 4010 τῶν
646 3955 851 4020 ζωδίων
880 3955 1078 4020 κύκλος
1102 3955 1239 4028 πρὸς
1271 3955 1361 4009 τὸν
1389 3953 1658 4026 ὁρίζοντα,
1681 3954 1851 4027 Κριοῦ

276 4049 501 4122 πρώτης
545 4048 736 4120 μοίρας
783 4046 1256 4120 μεσουρανούσης,
1295 4047 1390 4100 καὶ
1421 4045 1594 4114 Ζυγοῦ
1630 4044 1851 4117 πρώτης

279 4143 473 4215 μοίρας
507 4140 972 4214 μεσουρανούσης⁶
996 4139 1272 4195 ἀνατέλλει
1302 4137 1399 4210 μὲν
1428 4139 1728 4210 Καρκίνος,
1758 4137 1850 4191 δύ-

261 4251 358 4306 νει
391 4234 448 4287 δὲ
481 4234 820 4306 Αίγόκερως·
859 4231 999 4285 ὥστε
1038 4233 1200 4302 μέσον
1231 4230 1421 4303 χρόνον
1460 4231 1559 4302 τῆς
1592 4229 1851 4300 ἀνατολῆς

274 4324 419 4395 ἔχειν
449 4325 745 4396 Καρκίνον,
777 4325 872 4378 καὶ
909 4323 1072 4394 μέσον
1104 4323 1293 4394 χρόνον
1326 4324 1425 4396 τῆς
1453 4323 1657 4387 δύσεως
1689 4323 1849 4391 Αἰγό-

1953 3146 2095 3195 esse,
2131 3145 2254 3185 cum
2285 3129 2484 3185 Cancri
2529 3130 2702 3200 prima
2745 3146 2873 3201 pars
2912 3130 3147 3185 medium
3185 3130 3309 3184 cmli
3357 3139 3524 3184 tene-

1953 3231 2070 3289 ret;
2113 3237 2348 3292 cumque
2399 3221 2502 3276 hoc
2555 3229 2807 3292 ιοιηροι·ο
2829 3223 3037 3277 oriatur
3065 3222 3263 3286 Libra,
3307 3223 3524 3278 occidat

1953 3307 2148 3363 Aries:
2183 3308 2308 3363 inde
2362 3316 2670 3364 statuerunt
2732 3310 3050 3380 longissimo
3095 3319 3338 3381 tempore
3385 3314 3520 3368 oriri

1954 3398 2193 3463 Libram,
2227 3406 2280 3454 et
2312 3399 2632 3470 longissimo
2683 3406 2924 3470 tempore
2969 3401 3220 3458 occidere
3259 3402 3519 3459 Arietem.

1956 3488 2170 3546 Rursus
2191 3506 2315 3545 cum
2345 3491 2682 3547 humillimus
2718 3492 2810 3546 flat
2838 3493 3120 3559 zodiacus,
3152 3495 3325 3565 prima
3372 3504 3524 3566 parte

1953 3583 2274 3655 Capricorni
2306 3592 2521 3640 tenente
2555 3584 2791 3640 medium
2832 3587 2984 3651 coali,
3016 3596 3069 3642 et
3125 3587 3228 3643 hoc
3274 3596 3521 3659 tempore

1953 3677 2167 3731 oriatur
2192 3676 2370 3739 Aries,
2404 3676 2566 3731 Libra
2601 3677 2816 3732 occidat
2848 3697 2861 3732 :
2897 3686 3207 3735 statuerunt
3235 3682 3517 3737 celerrime

1955 3769 2091 3824 oriri
2130 3769 2393 3834 Arietem,
2437 3781 2492 3825 et
2523 3771 2809 3826 celerrimo
2840 3779 3084 3844 tempore
3139 3774 3389 3829 occidere
3430 3773 3524 3828 Li-

1954 3861 2133 3916 bram.
2165 3858 2378 3915 Rursus
2414 3876 2536 3914 cum
2567 3861 2797 3916 mediam
2822 3862 3227 3918 inclinationem
3267 3865 3522 3918 zodiacus

1953 3960 2068 4005 tum
2097 3949 2166 4004 ad
2199 3950 2535 4005 horizontem
2566 3951 2814 4022 accipiat,
2851 3969 2974 4006 cum
3010 3954 3183 4022 prima
3210 3969 3337 4023 pars
3368 3955 3524 4010 Arie~

1955 4045 2026 4099 tis
2050 4043 2288 4098 medium
2320 4042 2441 4098 coeli
2474 4054 2726 4112 occupat,
2757 4053 2809 4098 et
2839 4043 3015 4098 Libra:
3039 4059 3164 4114 pars
3189 4045 3362 4115 prima
3408 4062 3522 4100 me-

1958 4134 2110 4188 dium
2143 4132 2268 4188 οωιὶ
2299 4139 2467 4193 tenet,
2497 4133 2711 4186 oriatur
2740 4143 2918 4188 autem
2967 4131 3176 4188 Cancer
3204 4141 3260 4188 et
3309 4134 3523 4189 occidat

1955 4225 2330 4296 Capricornus
2372 4243 2386 4279 :
2425 4231 2736 4279 statuerunt
2789 4225 2971 4295 igitur,
3022 4225 3258 4280 medium
3307 4234 3522 4296 tempus

1956 4325 2111 4372 ortus
2138 4317 2339 4372 habere
2367 4316 2659 4383 Cancrum,
2689 4325 2742 4372 et
2775 4317 3010 4372 medium
3041 4327 3251 4390 tempus
3288 4333 3519 4375 occasus

274 4433 471 4488 xspwv'
500 4417 662 4470 πάλιν
681 4416 737 4470 δὲ
757 4415 951 4486 Χηλῶν
974 4416 1434 4486 μεσουρανουσῶν,
1466 4416 1627 4486 μέσον
1654 4417 1844 4487 χρόνον

1957 4410 2378 4481 Capricornum;
2412 4426 2604 4466 rursus
2636 4408 2818 4464 Chelis
2850 4409 3084 4465 medium
3136 4411 3256 4467 οωιί
3287 4412 3524 4466 tenenti-

275 4510 374 4582 τῆς
399 4510 664 4581 ἀνατολῆς
697 4508 806 4574 ἕξει
830 4509 1161 4580 Αίγόκερως,
1198 4510 1291 4564 καὶ
1335 4509 1496 4579 μέσον
1522 4510 1621 4579 τῆς
1652 4509 1852 4572 δύσεως

275 4604 468 4675 χρόνον
495 4602 786 4674 Καρκίνος.
838 4601 902 4654 Ἡ
934 4601 990 4654 δὲ
1018 4601 1250 4672 τοσαύτη
1285 4601 1497 4664 ἔκθεσις
1528 4601 1634 4655 τῶν
1662 4603 1852 4657 ἀνατο-

275 4693 443 4747 λικῶν
482 4694 688 4765 χρόνων
739 4691 892 4763 παρά
933 4694 1045 4756 τοῖς
1093 4691 1338 4764 ἀρχαίοις
1383 4693 1500 4744 ἐστὶ
1555 4693 1853 4764 διημαρτη-

279 4787 437 4858 μένη.
482 4785 632 4839 Ἐπεὶ
670 4785 778 4856 γὰρ
814 4785 1035 4856 Δίδυμοι
1080 4783 1174 4837 καὶ
1219 4784 1492 4855 Καρκίνος
1539 4785 1637 4857 τὴν
1683 4781 1852 4855 αὐτὴν

275 4876 518 4945 ἔγκλισιν
568 4874 782 4946 ἔχουσιν
833 4875 890 4926 ὲν
933 4872 1010 4944 τῷ
1054 4870 1302 4942 ζωδιακῷ
1351 4870 1536 4941 κύκλῳ
1580 4871 1714 4942 πρὸς
1761 4870 1851 4924 τὸν

274 4965 555 5039 ὁρίζοντα,
588 4968 680 5020 καὶ
710 4967 809 5036 τὴν
845 4965 1015 5036 αὐτὴν
1047 4963 1345 5018 ἀπόστασιν
1374 4962 1481 5016 ἀπὸ
1511 4961 1603 5016 τοῦ
1638 4960 1850 5030 θερινοῦ

280 5118 606 5190 Strabonem
632 5118 725 5190 lib.
761 5134 822 5190 ιι,
852 5118 1212 5190 ἑξηκοντάδας
1236 5131 1334 5188 pro
1367 5115 1473 5170 alia
1502 5130 1634 5190 voce
1653 5113 1847 5185 depra-

277 5199 403 5242 vata
437 5189 651 5258 restitui
695 5187 1328 5258 jubens,‘sexagesimas
1360 5187 1851 5258 Apartesinterpre-

279 5267 427 5331 tatus
452 5259 541 5314 sit.
570 5257 680 5331 Hoc
699 5256 830 5314 sero
860 5256 1320 5331 salmasiuslpag.
1346 5256 1477 5331 664)
1497 5257 1644 5331 _ideo
1667 5273 1850 5331 repre-

282 5330 490 5392 hendit,
527 5329 669 5400 quod
711 5345 773 5383 ea
808 5330 1032 5383 notione
1071 5326 1416 5400 scribendum
1453 5326 1847 5400 ἑξηκῳτάδας.

281 5401 329 5453 si
361 5400 579 5470 quidem
607 5399 919 5472 ἑξηκοντάς,
947 5399 1141 5472 inquit,
1169 5409 1252 5455 est
1298 5399 1708 5472 sexagenarius,
1739 5414 1847 5472 non

284 5469 411 5539 pars
438 5469 810 5540 sexagesima;
841 5477 982 5526 sicut
1009 5470 1171 5533 δεκάς
1204 5485 1311 5524 non
1341 5469 1548 5524 decima
1574 5483 1719 5540 pars,
1753 5469 1847 5523 sed

283 5538 528 5595 decuria.
563 5538 871 5596 Secundum
916 5540 1019 5594 hoc
1053 5540 1464 5610 grammaticum
1505 5538 1848 5594 interdictum

284 5612 652 5666 vadimonium
704 5613 872 5665 Arato
916 5609 1159 5676 dicetur;
1193 5627 1292 5664 nec
1333 5625 1589 5665 recusare
1625 5609 1845 5678 poterit,

283 5682 418 5739 uuin
454 5682 519 5738 ad
541 5681 778 5738 tribunal
817 5679 1068 5738 Salmasii
1100 5696 1226 5737 reus
1255 5681 1471 5746 citetur,
1511 5679 1656 5750 quod
1686 5678 1845 5734 δωδε-

1954 4501 2075 4567 bus,
2099 4501 2336 4556 medium
2381 4510 2596 4572 tempus
2623 4512 2776 4556 ortus
2806 4501 3024 4556 habebit
3049 4500 3435 4572 Capricornus,
3464 4514 3519 4559 et

1953 4593 2191 4647 medium
2250 4601 2465 4664 tempus
2512 4609 2744 4649 occasus
2776 4593 3006 4650 Cancer.
3050 4594 3197 4651 Talis
3249 4595 3518 4664 expositio

1952 4683 2253 4738 ortivorum
2294 4692 2595 4754 temporum
2643 4683 2786 4754 apud
2833 4694 3044 4741 veteres
3085 4683 3218 4740 falsa
3245 4696 3348 4742 est.
3381 4685 3542 4761 Cum.

1953 4778 2098 4830 enim
2131 4773 2342 4830 Gemini
2379 4783 2432 4830 et
2463 4775 2674 4831 Cancer
2712 4777 2958 4832 eamdem
3018 4778 3250 4833 habeant
3286 4779 3517 4833 inclina-

1953 4868 2155 4920 tionem
2210 4866 2263 4920 in
2291 4867 2518 4922 zodiaco
2544 4867 2612 4921 ad
2661 4866 3020 4933 horizontem,
3049 4870 3403 4941 eamdemque
3429 4871 3482 4925 di
3501 4901 3517 4912 -

1958 4960 2215 5014 stantiam
2243 4959 2310 5014 ab
2326 4960 2511 5014 aestivo
2537 4961 2747 5031 tropico
2774 4960 2952 5031 signo,
2986 4970 3040 5017 et
3067 4962 3280 5018 dierum
3309 4964 3518 5036 magni-

1952 5113 2120 5186 κάδας
2149 5113 2430 5186 scripserit
2466 5131 2565 5186 pro
2603 5116 2995 5180 δωδεκατάδας.
3040 5116 3112 5174 Ut
3151 5120 3293 5174 enim
3332 5120 3401 5173 ab
3428 5134 3516 5182 eo.

1951 5184 2108 5261 quod
2151 5193 2234 5261 est
2281 5184 2588 5261 ἑξηκοστός,
2618 5187 2841 5261 deflecti
2874 5190 2983 5261 yult
3023 5189 3122 5261 τὴν
3165 5188 3517 5261 ὲξηκοστὰδα,

1952 5255 2031 5310 sic
2062 5255 2129 5330 ab
2152 5253 2513 5330 δέκατοςηνοι
2536 5258 2837 5330 δωδέκατος
2866 5253 3101 5330 formare
3130 5253 3397 5330 oportebit
3431 5253 3518 5314 δεὲ

1951 5325 2216 5400 κατάδας,
2268 5327 2353 5400 vel
2402 5327 2792 5400 δωδεκατάδας.
2841 5329 3031 5400 Apage
3095 5325 3194 5385 has
3242 5331 3513 5400 ineptias:

1949 5395 2107 5472 τούτο
2153 5397 2569 5472 νομοθετοῦντός
2610 5400 2726 5472 ἐστι
2764 5395 3199 5472 τοίςίόνόμασιν,
3239 5395 3347 5454 οὐχ’
3383 5401 3518 5472 ἀληέ

1951 5465 2231 5541 θεύοντος,
2248 5476 2309 5520 ιιι
2340 5483 2464 5522 cum
2492 5468 2834 5525 Nazianzeno
2878 5465 3091 5541 loquar.
3121 5465 3400 5526 Pestremo
3427 5465 3521 5541 vel

1953 5535 2150 5591 Strabo
2201 5538 2316 5610 ipse
2368 5541 2697 5595 correctoris
2747 5535 3016 5596 licentiam
3068 5543 3325 5605 refrenat,
3373 5540 3515 5610 apud

1950 5623 2109 5688 quem
2161 5609 2350 5688 paucis
2397 5617 2521 5688 post
2561 5611 2650 5665 illa
2687 5611 2956 5681 versibus,
3004 5611 3112 5670 τῶν
3150 5609 3517 5683 ὲξηκοντάδων

1955 5679 2272 5734 vocabulum
2308 5679 2519 5750 legitur.
