4000 6206
323 293 421 348 θοι
1353 293 1591 353 GEMINI
1627 292 1898 350 ELEMEN

1996 337 2001 348 .
2041 295 2533 355 ΑετιιοΝοΜιι.
3454 307 3560 362 802

324 413 547 484 γένηται
570 411 648 483 τῷ
672 410 809 484 ήλίφ
830 426 848 446 ο
874 410 1031 480 τοῦτο
1055 411 1113 466 δέ
1138 415 1254 467 ἔστι
1283 416 1410 487 περὶ
1430 415 1528 487 τὴν
1557 413 1893 487 διχομηνίαν.

1999 419 2290 488 opponitur
2319 419 2444 476 soli.
2477 418 2592 474 Hoc
2623 419 2682 474 tit
2707 418 2855 475 circa
2889 421 3128 476 medium
3161 437 3426 478 mensem.
3462 424 3560 480 Est

327 495 482 552 Ἐστι
513 499 572 552 δὲ
596 503 844 572 μηνιαῖος
874 501 1061 573 χρόνος
1078 503 1426 576 (51)ήμερῶν
1451 505 1532 559 κθ¹
1567 505 1700 578 α’[βν
1729 505 1894 578 α’[λγ

2000 517 2176 564 autem
2213 519 2550 565 menstruum
2579 518 2796 583 tempus
2819 513 3026 568 dierum
3048 513 3120 568 29
3153 514 3256 586 1/2
3297 515 3468 586 1/55;
3503 517 3559 570 in

321 591 450 651 ινδὲ
469 591 550 663 τῷ
574 593 811 665 μηνιαίῳ
825 594 1002 667 χρόνῳ
1025 596 1057 666 ἡ
1086 596 1281 668 σελήνη
1309 597 1690 670 διαπορεύεται
1717 601 1805 654 τόν
1837 619 1896 655 τε

1997 614 2278 656 menstruo
2309 613 2484 657 autem
2505 611 2745 673 tempore
2775 604 2898 659 luna
2930 615 3184 678 peragrat
3213 614 3267 662 et
3291 609 3559 661 cii-culum

319 684 427 736 τῶν
467 683 672 748 ζωδίων
718 686 949 753 κύκλον,
982 688 1076 742 καὶ
1117 688 1197 742 ἔτι
1241 689 1340 760 τὴν
1387 692 1740 764 περιφέρειαν
1772 693 1838 766 ἣν
1863 697 1898 748 6

319 775 470 844 ἥλιος
507 777 566 830 ὲν
594 775 672 847 τῷ
707 779 940 850 μηνιαίῳ
978 780 1155 851 χρόνῳ
1191 782 1270 844 είς
1295 780 1364 834 τὰ
1389 783 1628 853 ἑπόμενα
1657 785 1766 841 τῶν
1793 785 1898 851 ζω-

320 866 446 920 δίων
477 867 812 938 μεταϐαίνει.
845 869 990 943 Αὐτὴ
1029 870 1084 924 δέ
1117 872 1263 925 ἐστιν
1303 873 1378 937 ὡς
1411 873 1636 942 ἔγγιστα
1668 877 1856 942 ξωδίου
1881 895 1895 910 ο

320 957 459 1012 ὥστε
487 960 547 1012 ὲν
574 958 651 1030 τῷ
681 961 917 1033 μηνιαίῳ
951 963 1126 1034 χρόνῳ
1157 963 1225 1032 ιγ’
1258 963 1422 1028 ζώδια
1455 966 1529 1029 ὡς
1557 966 1782 1037 ἔγγιστα
1815 986 1899 1023 κι-

319 1052 530 1106 νεῖσθαι
577 1053 677 1125 τὴν
728 1053 971 1127 σελήνην.
1011 1056 1164 1108 Ἔστι
1209 1056 1267 1110 δὲ
1300 1058 1335 1109 6
1380 1059 1477 1128 μὲν
1516 1060 1748 1132 ἀκριϐὴς
1793 1079 1896 1133 μη-

320 1147 485 1208 νιαῖος
499 1145 708 1215 χρόνος,
721 1146 972 1218 καθάπερ
985 1146 1216 1219 εἴρηται,
1235 1149 1454 1220 ἡμερῶν
1465 1149 1545 1203 κθ⁹
1563 1148 1698 1223 2273'
1710 1153 1872 1224 α’ίλγΙ
1880 1170 1894 1184 ⁸

321 1237 370 1288 οἱ
386 1235 444 1289 δὲ
465 1237 602 1308 πρὸς
624 1238 724 1310 τὴν
751 1239 1030 1310 πολιτικὴν
1051 1241 1270 1312 ἀγωγὴν
1289 1242 1472 1313 ὁλοσχε
1483 1244 1633 1315 ρέστε
1643 1262 1731 1316 ρον
1759 1246 1896 1318 λαμ-

323 1323 608 1396 ϐανόμενοι
633 1331 870 1400 μηνιαῖοι
887 1330 1067 1402 χρόνοι
1087 1332 1222 1386 εἰσὶν
1243 1333 1466 1406 ἡμερῶν
1492 1334 1557 1388 κθ
1584 1336 1669 1406 a'/
1672 1335 1736 1406 β’,
1757 1335 1895 1391 ὥστε

322 1419 411 1470 τὸν
448 1418 670 1491 δίμηνον
710 1421 901 1492 χρόνον
931 1422 1180 1490 γενέσθαι
1215 1425 1436 1496 ἡμερῶν
1474 1425 1572 1480 νθ’.
1611 1429 1770 1482 Ὅθεν
1809 1428 1896 1483 διὰ

322 1509 522 1582 ταύτην
550 1511 648 1584 τὴν
673 1513 857 1567 ·αίτίαν
880 1514 929 1566 ot
960 1513 1103 1568 κατὰ
1124 1514 1276 1569 πόλιν
1302 1517 1468 1588 μῆνες
1501 1519 1723 1587 ἐναλλὰξ
1745 1522 1898 1590 ἄγον-

323 1619 410 1656 ται
437 1603 665 1676 πλήρεις
695 1604 787 1658 καὶ
829 1604 1027 1658 κοῖλοιο
1063 1605 1153 1660 διὰ
1178 1607 1237 1658 τὸ
1266 1608 1367 1678 τὴν
1407 1608 1638 1681 σελήνην
1670 1610 1894 1683 δίμηνον

323 1696 357 1765 ή
364 1695 545 1767 μερῶν
576 1691 716 1748 εἶναι
743 1695 845 1752 νθ’.

405 1830 497 1884 Ἐκ
535 1830 592 1884 δὲ
629 1830 832 1886 τούτων
855 1834 1144 1904 συνάγεται
1169 1837 1199 1889 ὁ
1231 1835 1372 1890 κατὰ
1395 1837 1623 1910 σελήνην
1651 1838 1892 1903 ἐνιαυτὸς

323 1922 545 1992 ἡμερῶν
585 1922 711 1976 τνδ’.
753 1925 878 1978 Ἐὰν
912 1926 1019 1998 γὰρ
1051 1927 1148 1991 τὰς
1187 1927 1280 1981 τοῦ
1333 1929 1498 2001 μηνὸς
1544 1931 1756 2002 ἡμέρας
1794 1931 1893 1996 τὰς

320 2012 407 2067 κθ¹
431 2014 564 2086 α’[β¹
591 2015 886 2082 δωδεκάκις
916 2019 1498 2094 πολλαπλασιάσωμεν,
1530 2023 1895 2097 ἀποτελεσθή-

331 2121 508 2160 σονται
549 2107 753 2179 ἡμέραι
795 2111 853 2163 αί
898 2110 991 2164 τοῦ
1025 2108 1167 2167 κατὰ
1216 2114 1445 2187 σελήνην
1477 2115 1725 2169 ἐνιαυτοῦ
1767 2115 1890 2172 τνὸ’.

325 2197 522 2262 ’Λλλος
558 2199 666 2270 γάρ
691 2202 805 2254 ἐστι
835 2202 956 2254 καθ’
979 2202 1128 2272 ἥλιον
1153 2205 1423 2270 ἐνιαυτὸς,
1459 2207 1552 2260 καὶ
1573 2206 1730 2270 ἄλλος
1755 2208 1895 2261 κατὰ

321 2290 570 2363 σελήνην.
607 2292 666 2345 '0
713 2292 810 2363 μὲν
841 2294 948 2366 γὰρ
987 2294 1078 2348 τοῦ
1121 2296 1270 2367 ἡλίου
1313 2297 1378 2350 ιϐ’
1409 2297 1615 2362 ζωδίων
1658 2299 1769 2371 ἔχει
1798 2317 1896 2353 πε-

323 2381 585 2454 ριδρομὴν
609 2382 702 2436 τοῦ
731 2383 901 2455 ήλίου’
926 2386 1061 2459 ὅπερ
1089 2388 1224 2441 εἰσιν
1257 2389 1460 2460 ἡμέραι
1480 2391 1585 2456 τξε’
1609 2391 1756 2460 α’]δν·
1787 2393 1815 2443 ὁ
1838 2391 1895 2445 δὲ

319 2473 420 2544 τῆς
455 2476 712 2547 σελήνης,
755 2476 823 2529 ιδ’
860 2478 1043 2549 μηνῶν
1097 2481 1340 2552 περιέχει
1383 2484 1572 2555 χρόνον
1603 2485 1704 2555 τῆς
1747 2485 1898 2556 σελή-

323 2583 444 2637 νης,
466 2570 605 2639 ὅπερ
647 2568 797 2622 ἐστὶν
845 2570 1049 2641 ἡμέραι
1093 2572 1228 2638 τνδ’,
1277 2573 1398 2626 ἐπεὶ
1446 2573 1568 2627 οὔτε
1609 2577 1636 2627 6
1686 2575 1790 2646 μὴν
1838 2575 1897 2641 ἐξ

323 2657 458 2710 ὅλων
489 2659 711 2730 ἡμερῶν
734 2660 1078 2731 συνέστηκεν,
1100 2661 1222 2717 οὔτε
1248 2665 1276 2716 6
1304 2664 1423 2718 καθ’
1453 2664 1604 2736 ἡλιον
1633 2668 1894 2732 ἐνιαυτός.

338 2749 610 2821 Ἐζητεῖτο
653 2746 744 2805 οὖν
776 2751 966 2823 χρόνος
1012 2753 1116 2807 ὑπὸ
1156 2754 1264 2808 τῶν
1309 2755 1669 2829 ἀστρολόγων,
1705 2758 1764 2823 ὃς
1809 2777 1899 2813 πε-

320 2841 496 2913 ριέχει
544 2842 673 2907 ὅλας
717 2843 931 2915 ἡμέρας
951 2884 966 2910 ,
1020 2847 1112 2899 καὶ
1155 2845 1308 2914 ὅλους
1351 2849 1557 2920 μῆνας,
1607 2850 1699 2904 καὶ⁷
1746 2851 1898 2914 ὅλους

314 2929 628 2994 ἐνιαυτούς.

1997 691 2301 752 zodiacum,
2326 701 2657 764 etpraalerea
2677 710 2798 749 eum
2826 711 3014 750 arcum
3051 713 3210 767 quem
3234 700 3313 752 sol
3335 698 3389 752 in
3417 715 3564 753 men-

1990 792 2151 838 struo
2186 791 2430 854 tempore
2483 785 2540 839 in
2575 789 2967 856 consequentia
3011 789 3164 859 signa
3203 791 3421 844 transit.
3462 789 3561 846 llic

1993 889 2158 930 arcus
2189 886 2366 930 autem
2399 877 2509 932 fere
2559 886 2644 933 est
2674 878 2838 933 unius
2884 880 3042 951 signi.
3092 883 3275 952 Itaque
3305 883 3359 937 in
3409 900 3562 939 men-

1996 972 2151 1019 struo
2173 973 2410 1036 tempore
2429 967 2554 1020 luna
2569 968 2678 1022 fere
2698 969 2762 1022 15
2779 969 2932 1039 signa
2953 973 3240 1040 percurrit.
3267 972 3362 1028 Est
3378 982 3558 1030 autem

1991 1067 2243 1114 exactum
2276 1067 2613 1113 menstruum
2657 1068 2888 1131 tempus,
2917 1062 3058 1117 sicut
3083 1063 3286 1118 dictum
3315 1076 3418 1130 est,
3441 1067 3560 1121 die-

1995 1163 2117 1202 rum
2135 1148 2323 1220 291/2
2344 1151 2508 1222 U35,
2539 1167 2659 1222 quae
2677 1168 2802 1206 vero
2829 1163 3103 1208 menstrua
3123 1165 3363 1225 tempora
3388 1158 3453 1211 ad
3480 1158 3561 1213 ci-

1996 1242 2152 1297 vilem
2169 1258 2324 1297 usum
2344 1243 2524 1298 Ininus
2543 1254 2794 1301 accurate
2811 1256 3121 1310 sumuntur,
3135 1264 3194 1303 ea
3209 1259 3332 1303 sunt
3352 1251 3559 1306 dierum
3604 1256 3609 1262 '

1993 1333 2063 1388 29
2103 1335 2226 1406 4/2,
2267 1338 2340 1390 ita
2378 1344 2436 1390 ut
2483 1337 2740 1394 bimestre
2799 1347 3013 1410 tempus
3063 1341 3156 1395 ﬁat
3198 1342 3407 1398 dierum
3444 1344 3558 1399 59:

1997 1431 2142 1483 unde
2176 1437 2396 1498 pr0pter
2426 1429 2566 1486 hanc
2596 1446 2817 1486 causam
2851 1434 3037 1489 civiles
3079 1450 3294 1491 menses
3323 1438 3562 1491 alterna-

1993 1521 2090 1574 tim
2139 1530 2376 1590 aguntur
2415 1523 2582 1591 pleni,
2614 1532 2668 1576 et
2709 1524 2827 1578 cavi
2862 1544 2874 1579 :
2908 1534 3195 1597 propterea
3241 1528 3389 1598 quod
3431 1530 3559 1584 luna

1995 1609 2272 1666 bimestris
2299 1611 2372 1667 sit
2393 1613 2605 1666 dierum
2637 1613 2725 1668 59.

2061 1833 2138 1889 Ex
2173 1834 2258 1890 his
2287 1844 2468 1892 autem
2487 1837 3173 1908 colligiturlunarisannus
3199 1842 3412 1899 dierum
3431 1842 3558 1900 554.

1993 1927 2049 1983 Si
2079 1930 2223 1984 enim
2252 1931 2415 1986 unius
2457 1933 2660 1987 mensis
2691 1933 2810 1988 dies
2842 1933 3035 2004 291/2
3059 1935 3348 1992 duodecies
3378 1939 3561 1992 multi-

1992 2021 2413 2092 plicaverimus,
2465 2023 2766 2078 ellicientur
2826 2025 3038 2081 lunaris
3086 2030 3214 2082 anni
3273 2027 3390 2085 dies
3423 2029 3560 2088 554.

1992 2113 2149 2168 Alius
2177 2115 2320 2168 enim
2357 2127 2442 2170 est
2477 2131 2651 2171 annus
2683 2117 2898 2183 solaris,
2932 2128 2986 2171 et
3021 2119 3162 2173 alius
3195 2133 3372 2175 annus
3406 2120 3563 2176 luna-

1992 2205 2090 2260 ris.
2115 2206 2323 2262 Solaris
2345 2206 2490 2261 enim
2522 2222 2698 2261 annus
2763 2210 2924 2263 habet
2963 2209 3251 2264 circuitum
3284 2212 3416 2266 solis
3464 2227 3564 2282 per

1994 2299 2062 2354 12
2090 2299 2264 2370 signa,
2298 2300 2392 2368 qui
2427 2299 2723 2355 babetdies
2759 2301 2864 2356 565
2902 2300 3002 2372 1ίι
3029 2320 3044 2356 :
3075 2311 3128 2356 at
3159 2303 3365 2358 lunaris
3385 2319 3564 2360 annus

1996 2393 2244 2446 continet
2298 2398 2513 2460 tempus
2566 2391 2634 2445 1‘2
2659 2394 2928 2448 mensium
2977 2394 3274 2460 lunarium,
3305 2398 3450 2465 quod
3477 2406 3564 2452 est

1993 2483 2202 2538 dierum
2241 2482 2365 2536 554.
2400 2481 2677 2550 Siquidem
2710 2499 2812 2537 nec
2842 2485 3046 2540 mensis
3071 2501 3134 2540 ex
3165 2487 3394 2558 integris
3436 2504 3563 2544 con-

1993 2584 2101 2631 stat
2154 2574 2366 2638 diebus,
2421 2590 2522 2628 nec
2549 2589 2727 2629 annus
2763 2577 2980 2632 solaris.
3017 2577 3374 2642 Qtizerebatur
3397 2582 3564 2652 igitur

1997 2676 2210 2738 tempus
2239 2667 2310 2722 ab
2357 2668 2652 2737 astrologis
2699 2668 2844 2737 quod
2888 2669 3129 2738 integros
3166 2671 3303 2735 dies,
3328 2681 3382 2727 et
3417 2674 3559 2728 inte-

1993 2777 2124 2834 gros
2148 2776 2382 2825 menses,
2415 2771 2468 2816 et
2490 2761 2730 2831 integros
2749 2774 2924 2814 annos
2947 2761 3276 2819 contineret.

392 3068 659 3140 Πρόθεσις
684 3068 794 3142 γὰρ
817 3064 887 3142 ἦν
907 3072 1020 3134 τοῖς
1046 3071 1292 3145 ἀρχαίοις
1319 3073 1426 3145 (52)
1451 3075 1576 3140 τοὺς
1600 3077 1697 3148 μὲν
1723 3078 1898 3150 μῆνας

2067 3073 2412 3144 Propositum
2455 3071 2600 3128 enim
2642 3071 2744 3126 fuit
2775 3071 3052 3128 veteribus
3095 3085 3310 3126 menses
3339 3070 3559 3141 quidem

313 3157 475 3227 ἄγειν
518 3159 664 3213 κατὰ
703 3161 930 3233 σελήνην
953 3202 968 3227 ,
996 3165 1121 3228 τοὺς
1157 3164 1212 3217 δὲ
1255 3168 1530 3231 ἐνιαυτοὺς
1573 3169 1694 3222 καθ’
1726 3171 1894 3242 ήλιον.

311 3252 396 3304 Τὸ
423 3251 532 3324 γὰρ
562 3252 668 3306 ὑπὸ
691 3254 798 3308 τῶν
823 3254 1003 3326 νόμων
1033 3256 1127 3310 καὶ
1151 3257 1259 3312 τῶν
1287 3261 1550 3332 χρησμῶν
1592 3265 1900 3335 παραγγελ-

309 3345 548 3417 λόμενον
570 3385 584 3410 ,
609 3347 671 3400 τὸ
701 3346 848 3401 θύειν
888 3348 1028 3404 κατὰ
1057 3350 1125 3419 γ’,
1152 3352 1316 3424 ήγουν
1344 3353 1412 3407 τὰ
1442 3355 1672 3430 πάτρια,
1701 3359 1896 3429 μῆνας,

314 3439 558 3511 ἡμέρας,
595 3440 899 3506 ἐνιαυτούς·
943 3442 1103 3498 τοῦτο
1134 3444 1377 3500 διέλαϐον
1422 3447 1660 3514 ἅπαντες
1699 3453 1747 3504 οἱ
1777 3452 1902 3506 ’Έλ-

313 3530 481 3604 ληνες
525 3530 606 3604 τῷ
647 3533 774 3598 τοὺς
807 3534 903 3605 μὲν
951 3537 1226 3602 ἐνιαυτοὺς
1275 3540 1579 3611 συμφώνως
1624 3543 1775 3614 ἄγειν
1822 3546 1900 3620 τῷ

315 3625 481 3696 ήλίῳ,
529 3625 629 3689 τὰς
663 3625 720 3679 δὲ
759 3627 971 3699 ἡμέρας
1024 3630 1118 3684 καὶ
1163 3632 1289 3695 τοὺς
1338 3633 1512 3704 μῆνας
1559 3638 1624 3707 τῇ
1682 3638 1897 3715 σελήνῃ.

320 3721 485 3771 Ἔστι
511 3717 572 3770 δὲ
608 3718 666 3770 τδ
702 3719 799 3789 μὲν
829 3719 950 3772 καθ’
977 3721 1129 3792 ἥλιον
1169 3723 1323 3793 ἄγειν
1368 3727 1496 3790 τοὺς
1534 3729 1811 3795 ἐνιαυτοὺς
1840 3734 1902 3786 τὸ

317 3813 452 3884 περὶ
484 3811 584 3874 τὰς
619 3811 789 3876 αὐτὰς
825 3811 971 3885 ῶρας
994 3815 1087 3869 τοῦ
1117 3817 1359 3872 ἐνιαυτοῦ
1392 3819 1490 3884 τὰς
1516 3822 1687 3888 αὑτὰς
1713 3823 1902 3890 Θυσίας

317 3908 436 3968 τοῖς
470 3903 613 3966 θεοῖς
644 3905 1029 3971 ἐπιτελεῖσθαι,
1058 3910 1150 3962 καὶ
1189 3910 1289 3982 τὴν
1335 3911 1432 3982 μὲν
1469 3914 1687 3986 ἐαρινὴν
1714 3915 1902 3971 θυσίαν

316 3993 411 4048 διὰ
439 3995 644 4058 παντὸς
675 3995 817 4049 κατὰ
842 3995 903 4049 τὸ
926 3995 1025 4066 ἔαρ
1052 3999 1414 4055 συντελεῖσθαι
1437 4043 1450 4067 ,
1477 4003 1574 4076 τὴν
1601 4006 1656 4059 δὲ
1687 4005 1903 4080 θερινὴν

319 4087 472 4142 κατὰ
520 4085 582 4139 τὸ
625 4086 806 4159 θέρος·
851 4089 1049 4160 ὁμοίως
1093 4091 1148 4144 δὲ
1189 4093 1282 4146 καὶ
1332 4100 1474 4150 κατὰ
1514 4097 1641 4160 τοὺς
1685 4098 1902 4164 λοιποὺς

319 4178 560 4250 καιροὺς
587 4177 678 4231 τοῦ
719 4178 870 4243 ἔτους
911 4179 1012 4245 τὰς
1044 4182 1214 4247 αὐτὰς
1241 4184 1428 4251 θυσίας
1464 4188 1700 4242 πίπτειν.
1733 4190 1903 4244 Τοῦτο

321 4271 438 4342 γὰρ
473 4269 738 4324 ὑπέλαϐον
767 4275 1033 4346 προσηνὲς
1065 4274 1158 4328 καὶ
1192 4279 1580 4350 κεχαρισμένον
1612 4279 1750 4335 εἶναι
1789 4286 1903 4349 τοῖς

325 4362 496 4425 Θεοῖς.
524 4361 694 4416 Τοῦτο
737 4363 794 4417 δὲ
835 4365 1008 4430 ἄλλως
1045 4368 1144 4421 οὐκ
1190 4367 1256 4422 ἂν
1289 4370 1503 4426 δύναιτο
1536 4374 1807 4443 γενέσθαι,
1852 4380 1901 4432 εί

2000 3183 2160 3238 agere
2189 3165 2484 3222 secundum
2532 3164 2738 3229 lunam,
2777 3177 2950 3218 annos
2980 3178 3109 3218 vero
3135 3163 3432 3218 secundum
3466 3178 3560 3218 so—

1998 3260 2124 3316 lem.
2161 3257 2315 3326 Quod
2342 3258 2484 3314 enim
2536 3271 2565 3310 a
2605 3256 2815 3327 legibus
2845 3263 2900 3311 et
2940 3255 3179 3312 oraculis
3212 3254 3562 3324 praecipieba-

1997 3357 2108 3414 tur,
2141 3359 2201 3403 ut
2230 3348 2602 3403 sacrificarent
2653 3347 2955 3402 secundum
3009 3348 3113 3398 tria
3134 3387 3147 3406 ,
3181 3346 3430 3400 videlicet
3465 3361 3560 3418 pa-

1999 3444 2125 3506 tria,
2151 3457 2390 3504 menses,
2420 3440 2559 3504 dies,
2595 3454 2804 3506 annos;
2846 3439 2946 3493 boc
2982 3438 3054 3492 ita
3103 3438 3361 3492 distincte
3397 3438 3564 3492 facie-

1998 3535 2128 3590 bant
2154 3533 2396 3589 universi
2431 3531 2626 3598 Graeci,
2660 3540 2718 3586 ut
2743 3546 2916 3585 annos
2944 3538 3168 3601 agerent
3199 3539 3568 3601 congruenter

2000 3643 2121 3683 cum
2153 3625 2301 3692 sole;
2339 3625 2455 3681 dies
2486 3640 2638 3687 vero,
2682 3632 2737 3679 ct
2779 3639 2995 3678 menses
3035 3639 3157 3678 cum
3205 3622 3356 3678 luna.
3393 3622 3568 3676 Porro

2002 3718 2301 3774 secundum
2351 3719 2520 3773 sulem
2576 3732 2750 3771 annos
2805 3730 2966 3785 agere
3007 3724 3091 3771 est
3148 3718 3295 3770 circa
3345 3717 3564 3770 easdem

2000 3819 2352 3882 tempestates
2396 3811 2522 3863 anni
2558 3810 2745 3864 eadem
2780 3807 3050 3863 sacriﬁcia
3089 3807 3197 3862 diis
3246 3807 3468 3877 perlici;
3509 3812 3568 3860 et

2000 3919 2226 3970 vernum
2283 3903 2607 3958 sacrilicium
2649 3916 2863 3970 semper
2890 3901 2945 3954 in
2991 3915 3120 3954 vere
3168 3898 3562 3962 censummari,

2000 3996 2248 4052 aestivum
2287 4003 2466 4049 autem
2499 3994 2554 4048 in
2582 4001 2770 4047 aestate
2807 4009 2819 4046 :
2855 3991 3108 4046 similiter
3139 3999 3192 4044 et
3232 3990 3285 4044 in
3336 3990 3565 4060 reliquis

2002 4089 2128 4142 anni
2157 4086 2493 4157 temporibus
2522 4085 2710 4140 eadem
2731 4083 3000 4140 sacrilicia
3025 4082 3240 4138 cadere.
3275 4081 3391 4137 Hoc
3415 4083 3563 4137 enim

2000 4179 2261 4251 putabant
2288 4185 2571 4248 acceptum
2600 4187 2654 4232 et
2682 4186 2892 4247 gratum
2925 4191 3048 4231 esse
3083 4175 3210 4232 diis.
3235 4172 3350 4229 Hoc
3379 4183 3561 4229 autem

2003 4276 2159 4331 aliter
2186 4273 2302 4330 ﬁeri
2325 4288 2430 4328 non
2457 4279 2662 4343 posset,
2694 4272 2800 4326 nisi
2827 4270 3214 4326 conversiones
3246 4268 3567 4324 solstitiales

2003 4375 2056 4423 el.
2082 4366 2407 4437 aequinoctia
2443 4364 2499 4417 in
2542 4362 2735 4416 iisdem
2776 4359 2984 4414 zodiaci
3021 4359 3154 4413 locis
3201 4357 3410 4411 ﬁerent.
3460 4353 3562 4408 Sc-

327 4455 405 4527 μὴ
438 4454 498 4508 αἱ
528 4455 726 4526 τροπαὶ
749 4457 842 4510 καὶ
867 4459 921 4511 αί
959 4460 1237 4532 ἰσημερίαι
1271 4463 1400 4535 περὶ
1429 4467 1554 4530 τοὺς
1591 4468 1786 4534 αὐτοὺς
1810 4469 1898 4524 τό-

2001 4459 2240 4517 cundum
2278 4459 2462 4512 lunam
2509 4469 2639 4511 vero
2682 4454 2800 4509 dies
2852 4467 3010 4523 agere
3037 4461 3118 4505 est
3150 4449 3276 4510 tale,
3323 4458 3383 4503 ut
3430 4462 3564 4502 con-

325 4564 470 4611 πους
494 4547 781 4617 γίγνοιντο.
804 4549 877 4603 T6
898 4550 954 4604 δὲ
973 4552 1113 4606 κατὰ
1145 4554 1370 4625 σελήνην
1391 4555 1542 4626 ἄγειν
1570 4558 1669 4624 τὰς
1689 4561 1903 4635 ἡμέρας

323 4639 572 4695 τοιοῦτόν
615 4642 762 4705 ἐστι,
795 4641 856 4695 τὸ
900 4641 1206 4709 ἀκολούθως
1238 4649 1350 4710 τοῖς
1388 4648 1489 4719 τῆς
1532 4649 1757 4723 σελήνης
1801 4671 1906 4724 φω-

322 4733 548 4802 τισμοῖς
572 4731 670 4794 τὰς
694 4733 1062 4805 προσηγορίας
1082 4733 1189 4788 τῶν
1218 4736 1438 4808 ἡμερῶν
1468 4739 1730 4808 γίνεσθαι.
1772 4742 1905 4798 Ἀπὸ

325 4822 440 4895 γὰρ
473 4821 579 4875 τῶν
602 4822 700 4894 τῆς
734 4821 961 4894 σελήνης
989 4825 1282 4898 φωτισμῶν
1313 4828 1370 4882 αί
1411 4831 1766 4904 προσηγορίαι
1796 4833 1904 4888 τῶν

325 4915 556 4989 ἡμερῶν
587 4916 1105 4988 κατωνομάσθησαν.

409 5046 570 5126 Ἐνῇ
617 5053 714 5124 μὲν
756 5053 864 5125 γὰρ
906 5055 1086 5127 ἡμέρᾳ
1142 5055 1242 5112 νέα
1289 5058 1322 5129 ή
1384 5057 1577 5132 σελήνη
1631 5062 1899 5131 φαίνεται,

328 5143 477 5199 κατὰ
514 5143 835 5217 συναλοιφὴν
864 5147 1122 5219 νεομηνία
1149 5149 1194 5180 ⁸⁸
1222 5151 1633 5224 προσηγορεύθη
1653 5171 1667 5186 ο
1696 5155 1754 5208 ὲν
1843 5155 1901 5210 δὲ

401 5300 448 5333 ²¹
479 5305 525 5370 f.
555 5317 645 5354 νου
654 5319 838 5375 μηνια.

407 5458 518 5533 (51)
557 5461 722 5514 Ἔστι
757 5459 824 5533 δὲ
846 5460 1121 5532 μηνιαῖος
1147 5466 1383 5533 χρόνος.
1414 5463 1528 5520 Non
1554 5472 1779 5522 exactus
1809 5466 1897 5524 hic

336 5527 545 5611 lunaris
595 5527 1208 5603 sytygiaa'rnodusesl",
1258 5543 1316 5590 ιιι
1342 5527 1427 5590 ἐχ
1476 5552 1598 5608 pag.
1638 5538 1704 5591 21
1761 5553 1896 5594 eon-

338 5602 524 5740 £9823
555 5671 843 5741 Πρόθεσις
871 5671 980 5743 γὰρ
1007 5670 1086 5746 ﬁt
1118 5673 1242 5746 τοῖς
1266 5676 1552 5746 ἀρχαίοις.
1592 5675 1690 5731 Hic
1733 5679 1898 5733 mini-

342 5753 492 5795 mum
535 5756 736 5799 annum
788 5753 1012 5812 usurpat
1035 5744 1308 5803 Geminus
1342 5744 1456 5808 iuro
1486 5747 1699 5810 maiori.
1734 5760 1788 5806 et
1831 5765 1899 5807 ex

1999 4563 2196 4626 gruant
2243 4567 2370 4607 cum
2423 4551 2567 4604 lunae
2624 4543 3120 4602 illuminationibus
3176 4541 3565 4612 appellationes

1999 4647 2233 4702 dierum.
2264 4643 2398 4699 Nam
2429 4659 2457 4696 a
2485 4643 2627 4697 lunae
2651 4636 3139 4694 illuminatiouibus
3168 4633 3563 4704 appellationes

1999 4739 2209 4796 dierum
2233 4745 2360 4794 sunt
2382 4733 2760 4793 denominata.

2070 5061 2128 5117 In
2152 5075 2258 5132 qua
2284 5060 2428 5116 enim
2461 5057 2549 5113 die
2571 5056 2699 5111 luna
2736 5057 2958 5124 apparet
2986 5062 3146 5110 nova,
3175 5061 3239 5103 ea
3272 5059 3368 5116 per
3393 5057 3557 5116 synas

2002 5157 2242 5229 loepben,
2277 5169 2375 5210 seu
2428 5141 3209 5222 compositionem,veopnvia,
3245 5139 3299 5195 id
3331 5145 3435 5204 est,
3462 5151 3561 5191 no-

1997 5465 2246 5537 pluribns
2298 5461 2575 5537 conﬂato;
2609 5455 2914 5537 cuiusmodi
2950 5450 3558 5537 eratrectae-texissen-

1999 5519 2437 5599 iteadccaeteris;
2468 5533 2558 5602 qui
2611 5519 2789 5586 annus
2827 5525 3149 5602 Cleostrati,
3190 5525 3273 5578 vel
3317 5519 3558 5602 Harpali,

1998 5591 2080 5662 vel
2108 5606 2354 5668 Metonis,
2376 5591 2468 5658 aut
2488 5591 2699 5672 Calippi
2729 5599 2998 5655 nominari
3025 5601 3402 5656 consueverat.
3434 5591 3559 5644 Haec

1997 5678 2084 5736 vel
2122 5678 2304 5749 pueris
2335 5677 2584 5749 ignorare
2622 5689 2732 5730 non
2754 5673 2899 5727 licet.
