4000 6206
499 311 616 367 803

1533 311 1622 364 AD
1663 309 1931 367 EUSEBII
1975 307 2373 365 CllllONlCON
2413 307 2776 364 APPENDIX.

3645 315 3746 371 mil

521 425 784 478 vilumum
811 422 1138 493 appellatur;
1177 424 1230 477 in
1259 439 1364 496 qua
1385 437 1513 478 vero
1539 424 1628 482 die
1657 425 1952 480 secundam
1987 424 2038 479 fa

2172 425 2355 496 ἡμέρᾳ
2405 423 2500 496 τὴν
2525 407 2791 495 ’δευτέραν
2817 425 2980 493 φάσιν
3013 427 3268 489 ποιεῖται,
3295 425 3557 499 δευτέραν
3591 443 3755 500 προσ-

518 517 594 571 cit
623 515 1039 586 apparitionem.
1071 531 1189 570 eam
1215 514 1507 570 secundam
1558 516 1739 570 lunam
1781 524 2073 584 vocarunt;

512 608 906 678 apparitionem
955 607 1116 668 lunae,
1144 623 1265 678 qua:
1293 607 1439 662 circa
1482 606 1720 662 medium
1763 609 1968 664 mensis
1997 610 2074 672 (it,

511 699 582 752 ab
612 699 730 768 ipso
753 707 976 765 eventu,
1000 699 1336 770 διχομηνίαν,
1362 699 1520 752 idest
1549 701 1890 755 medietatem
1925 716 2077 754 inen-

510 791 590 847 sis
615 791 990 853 nominarunt,
1026 805 1091 844 ac
1138 791 1447 844 summatim
1476 805 1667 846 omnes
1711 791 1830 848 dies
1863 808 1894 846 a
1936 794 2076 848 luna:

509 883 1004 940 illuminationibus
1033 883 1476 938 denominarnnt.
1524 881 1682 938 Unde
1710 885 1873 940 etiam
1910 886 2074 940 trice-

509 977 703 1032 simam
730 976 934 1030 mensis
963 976 1267 1038 diemmum
1293 975 1484 1029 ultima
1510 977 1600 1038 sit,
1637 975 1706 1030 ab
1739 977 1856 1046 ipso
1878 988 2071 1032 eventu

509 1071 752 1126 triacada
793 1077 1078 1125 vocarunt.
1111 1067 1212 1122 llis
1259 1076 1627 1123 consentanea
1670 1070 1832 1124 etiam
1875 1071 2072 1124 Aratus

506 1165 564 1220 in
625 1164 1080 1236 appellationibus
1132 1161 1344 1216 dierum
1407 1162 1765 1226 demonstrat,
1811 1177 1934 1216 cum
1990 1162 2071 1219 sic

508 1257 682 1327 inquit
710 1275 724 1310 :

505 1365 696 1438 Nonne
724 1369 883 1429 vides,
920 1385 1037 1422 cum
1059 1383 1222 1438 parva
1250 1363 1497 1438 carnibus
1533 1363 1658 1417 luna

519 1437 726 1506 Vesperi
753 1434 1078 1506 apparuerit,
1101 1435 1383 1490 crescentis
1412 1434 1562 1486 docet

504 1503 701 1562 Mensis
741 1503 1002 1579 (signum)
1040 1508 1159 1561 inde
1203 1521 1318 1558 cum
1352 1507 1554 1574 primus
1583 1503 1831 1572 splendor
1861 1506 2063 1588 cli/[un-

507 1647 573 1698 Ut
604 1645 844 1698 umbram
871 1645 1058 1708 faciat,
1080 1644 1245 1698 tendit
1275 1641 1346 1694 ad
1371 1654 1617 1712 quartum
1641 1644 1800 1699 diem.
1871 1575 2061 1647 [duum

504 1717 633 1771 Octo
669 1716 778 1770 dies
817 1717 870 1769 in
901 1714 1068 1769 medio
1100 1715 1222 1769 orbe
1259 1713 1474 1768 luminis
1507 1717 1830 1770 medietatem
1867 1718 2060 1783 mensis

1601 1785 1737 1858 [tota
1763 1786 1896 1855 facie
1926 1788 2056 1858 (35).
2095 1798 2135 1855 ιι

499 1853 713 1922 Semper
733 1865 908 1910 autem
937 1855 1042 1908 alio
1076 1864 1304 1924 tempore
1325 1857 1462 1910 alias
1491 1853 1687 1923 frontes
1722 1853 1988 1913 inclinans

502 1927 729 1990 Dixerit,
759 1937 922 1992 quota
946 1928 1137 1981 mensis
1165 1944 1362 1982 aurora
1391 1929 1854 1981 circumvotvatur.

501 2065 692 2136 194:1
739 2065 822 2120 his
877 2065 1019 2119 enim
1059 2065 1344 2137 perspicue
1385 2065 1564 2136 inquit
1600 2066 1668 2118 ab
1711 2065 2061 2120 illuminatio—

496 2157 658 2211 nibus
683 2157 824 2211 luna:
850 2156 1240 2226 appellationes
1269 2158 1480 2212 dierum
1507 2157 1887 2212 denominatus
1915 2174 2057 2214 esse.

498 2247 671 2315 Ilnjus
710 2248 854 2317 quod
881 2247 1177 2302 secundum
1229 2248 1410 2302 lunam
1445 2256 1700 2302 accurate
1731 2248 1846 2304 dies
1885 2246 2058 2304 Graeci

497 2349 682 2410 agant,
737 2349 1112 2406 argumentum
1143 2347 1226 2392 est
1265 2339 1390 2402 hoc,
1436 2339 1582 2410 quod
1642 2341 1773 2395 solis
1825 2340 2058 2410 eclipses

497 2435 628 2484 llnnt
661 2432 713 2483 in
749 2428 1008 2494 triacade,
1030 2429 1134 2484 hoc
1179 2437 1262 2484 est
1288 2429 1376 2484 die
1398 2428 1692 2484 tricesima.
1725 2428 1878 2483 Tunc
1912 2430 2054 2483 enim

490 2524 617 2578 luna
646 2523 995 2593 conjungitur
1021 2537 1144 2576 cum
1177 2522 1312 2582 sole.
1341 2529 1395 2577 et
1417 2522 1470 2576 in
1501 2523 1688 2577 eodem
1724 2521 1890 2594 gradu
1923 2538 2056 2576 con-

480 2613 752 2671 stituitur.
789 2614 954 2668 Lunae
985 2629 1112 2667 vero
1140 2613 1370 2684 eclipses
1431 2613 1750 2684 contingant
1799 2629 1862 2670 ea
1900 2622 2057 2670 nocte

490 2721 612 2780 que
635 2705 808 2759 tendit
843 2703 908 2757 ad
941 2701 1285 2757 medietatem
1316 2705 1540 2760 mensis.
1581 2704 1734 2758 Tunc
1781 2706 1925 2760 enim
1969 2721 2056 2760 se-

485 2795 723 2849 cundum
753 2793 1074 2848 diametrum
1103 2795 1228 2847 luna
1263 2793 1362 2848 soli
1390 2793 1716 2865 opponitur,
1761 2800 1814 2846 et
1863 2793 2056 2848 incidit

483 2886 538 2937 in
579 2882 823 2935 umbram
851 2890 1028 2937 terrae.
1051 2883 1187 2937 Cum
1218 2883 1381 2954 igitur
1396 2893 1449 2938 et
1470 2884 1596 2938 anni
1617 2892 1866 2938 accurate
1884 2899 2054 2954 agan-

485 2981 575 3028 tur
604 2973 900 3029 secundum
937 2975 1103 3029 solem
1125 3013 1141 3037 ,
1176 2983 1230 3028 et
1260 2989 1475 3030 menses
1510 2985 1564 3029 et
1607 2975 1724 3031 dies
1751 2976 2050 3030 secundum

479 3067 699 3134 lunam,
745 3076 872 3121 tunc
900 3074 1093 3137 putant
1127 3065 1298 3120 Graeci
1339 3082 1397 3122 se
1424 3067 1721 3122 secundum
1748 3067 1927 3138 patria
1963 3083 2050 3122 sa-

2174 515 2478 588 ηγόρευσαν
2496 532 2509 545 ο
2540 515 2637 586 τὴν
2667 515 2723 568 δὲ
2760 515 2901 568 κατὰ
2933 500 3095 586 μέσον
3121 513 3214 568 τοῦ
3243 515 3409 586 μηνὸς
3455 517 3753 589 γινομένην

2177 607 2337 676 φασιν
2368 606 2466 677 τῆς
2499 605 2724 677 σελήνης
2756 606 2864 660 ἀπὸ
2884 605 3046 660 αὑτοῦ
3073 605 3164 659 τοῦ
3195 606 3584 677 συμϐαίνοντος
3608 609 3748 680 διχο-

2178 699 2376 771 μηνίαν
2401 699 2682 753 ἐκάλεσαν.
2719 701 2828 754 Καὶ
2853 699 3080 753 καθόλου
3107 699 3165 753 δέ
3197 700 3374 763 πάσας
3399 699 3498 764 τὰς
3533 701 3750 772 ἡμέρας

2174 794 2282 848 ἀπὸ
2299 794 2408 847 τῶν
2427 795 2525 866 τῆς
2554 793 2782 865 σελήνης
2803 792 3095 864 φωτισμῶν
3118 794 3566 866 προσωνόμασαν.
3585 795 3750 848 Ὅθεν

2173 887 2265 939 καὶ
2285 887 2384 957 τὴν
2411 885 2736 958 τριακοστὴν
2761 885 2853 940 τοῦ
2883 886 3048 958 μηνὸς
3071 885 3284 957 ἡμέραν
3320 887 3554 958 ἐσχάτην
3580 883 3749 943 οὖσαν

2172 978 2279 1031 ἀπὸ
2301 977 2465 1031 αὐτοῦ
2490 978 2582 1031 τοῦ
2607 978 2992 1048 συμϐαίνοντος
3012 979 3279 1049 τριακάδα
3303 979 3586 1034 ἐκάλεσαν.
3615 981 3748 1034 Τού-

2170 1087 2282 1134 τοις
2308 1071 2364 1124 δὲ
2394 1071 2702 1134 ἀκολούθως
2740 1072 2835 1125 καὶ
2865 1074 2895 1125 ὁ
2930 1073 3161 1142 Ἄρατος
3192 1072 3286 1124 ἐπὶ
3325 1071 3434 1125 τῶν
3470 1088 3748 1144 προσηγο-

2169 1161 2303 1232 ριῶν
2334 1162 2442 1215 τῶν
2470 1161 2690 1234 ἡμερῶν
2717 1162 3095 1233 ἀποφαίνεται,
3123 1163 3292 1233 λέγων
3320 1161 3492 1227 οὕτως
3509 1180 3524 1194 ο

2166 1386 2294 1455 Οὐχ
2322 1384 2521 1453 ὀρὰας,
2557 1387 2730 1456 ὀλίγη
2751 1385 2868 1455 μὲν
2901 1384 3046 1439 ὅταν
3077 1383 3367 1456 κεράεσσι
3384 1384 3617 1456 σελήνη

2175 1456 2539 1523 Ἐσπερόθεν
2572 1455 2871 1524 φαίνηται,
2910 1456 3254 1523 ἀεξομένοιο
3285 1455 3558 1510 διδάσκει

2164 1526 2388 1593 Μηνὸς,
2415 1527 2512 1580 ὅτε
2540 1527 2739 1595 πρώτη
2768 1527 3160 1580 ἀποκίὸνατιιι
3186 1527 3439 1582 αὐτόθεν
3459 1526 3638 1596 αὐγὴ,

2156 1661 2402 1715 Ὀσσον
2428 1659 2761 1715 ἐπισκιὰειν
2790 1660 2886 1713 ἐπὶ
2925 1660 3203 1728 τέτρατον
3223 1656 3380 1729 ἦμαρ
3407 1660 3602 1716 ἰοῦσα.

2177 1731 2350 1785 Ὀκτὼ
2368 1732 2419 1784 δ’
2438 1733 2508 1785 ἑν
2526 1731 2758 1800 δικάσει
2777 1749 2790 1761 ·
2814 1731 2869 1784 δι
2873 1732 3105 1801 χόμηνα
3118 1731 3190 1784 δὲ
3207 1731 3388 1784 παντὶ
3411 1732 3731 1801 προσώπῳ.

2160 1867 2282 1920 Αιεί
2307 1866 2358 1920 δ’
2385 1867 2648 1921 ἄλλοθεν
2675 1867 2837 1922 ἄλλα
2860 1869 3324 1935 παρακλίνουσα
3348 1869 3588 1938 μέτωπα

2158 1939 2324 2006 Εἵρῃ,
2353 1939 2646 2007 ὀποσταίη
2672 1940 2864 2007 μηνὸς
2898 1938 3302 2008 περιτέλλεται
3332 1939 3471 2007 ἠώς.

2169 2049 2262 2103 Ἐν
2288 2049 2396 2122 γάρ
2423 2049 2628 2114 τούτοις
2657 2051 2840 2120 σαφῶς
2866 2067 3028 2120 φησιν
3059 2051 3124 2104 ἐκ
3156 2050 3264 2105 τῶν
3293 2052 3589 2119 φωτισμῶν
3625 2053 3729 2121 τῆς

2163 2143 2390 2215 σελήνης
2432 2143 2530 2209 τὰς
2576 2145 2942 2215 προσηγορίας
2982 2144 3090 2197 τῶν
3141 2145 3360 2217 ἡμερῶν
3409 2148 3730 2216 κατωνομά·

2163 2235 2303 2288 σθαι.
2336 2234 2440 2288 Τοῦ
2480 2235 2535 2288 δέ
2565 2235 2705 2288 κατά
2738 2235 2966 2305 σελήνην
2997 2234 3148 2304 ἄγειν
3181 2234 3423 2306 ἀκριϐῶς
3452 2234 3551 2299 τὰς
3593 2237 3732 2307 ἡμέ-

2163 2343 2261 2398 ρας
2296 2327 2645 2398 παράδειγμά
2670 2327 2785 2380 ἐστι
2812 2326 2874 2380 τὺ
2894 2327 2992 2390 τὰς
3021 2326 3118 2397 μὲν
3139 2327 3231 2380 τοῦ
3269 2326 3424 2397 ἡλίου
3455 2328 3726 2398 ἐκλείψεις

2160 2418 2403 2486 γίνεσθαι
2429 2421 2495 2489 τῇ
2540 2418 2810 2489 τριακάδι.
2844 2418 2977 2471 Τότε
3009 2417 3118 2491 γὰρ
3146 2418 3414 2472 συνοδεύει
3445 2420 3478 2489 ἡ
3527 2420 3724 2491 σελήνη

2156 2511 2234 2582 τῷ
2263 2511 2416 2582 ἡλίῳ,
2452 2513 2543 2564 καὶ
2585 2512 2726 2565 κατά
2763 2511 2862 2584 τὴν
2901 2511 3068 2583 αὐτὴν
3107 2515 3298 2583 μοῖραν
3340 2512 3571 2580 γίνεται.
3616 2513 3727 2575 Τὰς

2156 2601 2212 2654 δὲ
2236 2603 2334 2673 τῆς
2379 2602 2604 2674 σελήνης
2645 2603 2912 2673 ἐκλείψεις
2940 2603 3095 2657 νυκτὶ
3135 2606 3198 2674 τῇ
3244 2602 3478 2675 φερούσῃ
3520 2607 3599 2667 είς
3626 2605 3727 2674 τὴν

2154 2695 2490 2766 διχομηνίαν.
2534 2697 2666 2750 Τότε
2698 2696 2804 2769 γὰρ
2833 2697 2975 2751 κατὰ
3007 2695 3294 2767 διάμετρον
3321 2695 3528 2765 γίνεται
3560 2698 3594 2767 ἡ
3633 2713 3721 2748 σε-

2154 2787 2286 2859 λήνη
2311 2788 2388 2859 τῷ
2408 2788 2562 2860 ἡλίῳ,
2598 2789 2688 2843 καὶ
2716 2790 2974 2861 ἐμπίπτει
3008 2791 3086 2852 εἰς
3113 2789 3173 2841 τὸ
3199 2788 3298 2857 τῆς
3329 2788 3432 2857 γῆς
3458 2787 3720 2857 σκίασμα.

2155 2882 2326 2934 Ὅταν
2375 2878 2466 2935 οὗν
2515 2881 2608 2935 καὶ
2652 2883 2701 2936 οἱ
2745 2882 2980 2935 ἐνιαυτοὶ
3022 2881 3263 2952 ἀκριϐῶς
3310 2881 3552 2949 ἄγωνται
3599 2882 3720 2935 καθ’

2151 2973 2320 3044 ἥλιον,
2361 2974 2453 3026 καὶ
2493 2975 2540 3026 oi
2589 2973 2777 3044 μῆνες,
2813 2974 2904 3026 καὶ
2945 2975 3002 3026 αἱ
3031 2975 3236 3045 ἡμέραι
3282 2973 3424 3026 κατά
3468 2974 3718 3046 σελήνην,

2150 3066 2268 3120 τότε
2300 3064 2603 3136 νομίζουσιν
2641 3067 2689 3120 oi
2723 3067 2980 3138 Ἕλληνες
3017 3067 3157 3121 κατά
3193 3069 3263 3122 τά
3304 3069 3506 3141 πάτρια
3534 3069 3682 3122 θύειν
3703 3087 3716 3098 ·

479 3161 761 3226 eriticare;
797 3159 898 3215 hoc
937 3167 1116 3214 autem
1166 3167 1250 3214 est
1287 3159 1477 3216 iisdem
1525 3161 1862 3230 temporibus
1919 3167 2046 3216 anni

2149 3157 2304 3211 τοῦτο
2329 3157 2373 3211 δ’
2401 3158 2516 3211 ἐστὶ
2542 3157 2682 3211 κατὰ
2713 3159 2836 3221 τοὺς
2860 3159 3053 3223 αὐτοὺς
3089 3161 3313 3232 καιροὺς
3343 3160 3436 3215 τοῦ
3472 3162 3718 3215 ἐνιαυτοῦ

476 3253 663 3308 eadem
695 3251 960 3307 sacrilicia
997 3251 1103 3307 diis
1130 3266 1532 3307 consummare.
1586 3252 1764 3323 Atque
1808 3251 2046 3325 Egyptii

477 3344 696 3414 quidem
720 3344 1054 3399 contrariam
1089 3341 1294 3398 Graecis
1321 3350 1376 3398 et
1397 3344 1724 3398 sententiam
1754 3353 1807 3400 et
1847 3360 2047 3415 propo-

473 3435 639 3491 situm
665 3435 988 3490 habuerunt.
1007 3433 1190 3504 Neque
1206 3437 1348 3490 enim
1367 3451 1539 3490 annos
1556 3444 1722 3506 agunt
1745 3437 2042 3492 secundum

473 3527 666 3588 solem,
687 3542 863 3597 neque
888 3542 1104 3582 menses
1125 3534 1179 3582 et
1201 3525 1319 3582 dies
1347 3527 1647 3582 secundum
1693 3528 1877 3583 lunam
1899 3569 1913 3589 .
1946 3530 2043 3584 sed

477 3619 696 3688 propria
731 3617 963 3688 quadam
1000 3621 1208 3674 ratione
1247 3628 1372 3674 sunt
1404 3619 1509 3674 usi.
1543 3617 1748 3674 Volunt
1776 3620 1920 3675 enim
1946 3636 2038 3675 sa-

471 3709 676 3765 criﬁcia
699 3708 804 3765 diis
831 3709 946 3764 ﬁeri
968 3725 1076 3764 non
1108 3711 1407 3766 secundum
1449 3709 1588 3766 idem
1623 3718 1838 3782 tempus
1870 3714 2038 3779 anni;

472 3803 567 3860 sed
600 3818 662 3857 ea
693 3817 789 3872 per
836 3817 1026 3857 omnes
1054 3803 1181 3856 anni
1221 3803 1552 3873 quadrantes
1581 3803 1681 3870 ire,
1724 3810 1779 3857 et
1821 3803 1934 3858 ﬁeri
1973 3820 2035 3860 ex

471 3893 663 3948 aestivo
697 3890 836 3948 festo
862 3901 915 3948 et
951 3890 1327 3957 liibernum,ct
1355 3893 1688 3957 autumnale,
1705 3902 1758 3946 et
1787 3908 2034 3948 vernum.

471 3987 654 4055 Agunt
683 3987 827 4040 enim
883 4001 1085 4040 annum
1131 3985 1340 4040 dierum
1387 3984 1527 4047 365,
1570 3984 1856 4040 duodecim
1892 3986 2036 4041 enim

472 4093 688 4132 menses
712 4087 880 4147 agunt
911 4078 980 4132 30
1035 4079 1266 4142 dierum,
1296 4088 1350 4132 et
1381 4079 1624 4148 quinque
1668 4079 1786 4134 dies
1815 4086 2035 4149 epactas

473 4169 698 4224 addunt.
726 4169 829 4223 Sed
861 4167 1218 4238 quadrantem
1249 4170 1398 4224 illum
1421 4169 1526 4224 diei
1565 4186 1675 4225 non
1707 4171 2035 4226 intercalant

466 4269 692 4332 propter
718 4259 1028 4331 pmdictam
1070 4275 1328 4326 causam;
1368 4269 1426 4316 ut
1455 4262 1708 4318 videlicet
1757 4265 1864 4319 illis
1895 4265 2032 4322 festa

467 4353 788 4422 anticipent.
829 4351 1038 4436 Namin
1063 4361 1297 4422 quatuor
1329 4353 1488 4410 annis
1518 4370 1628 4409 uno
1669 4354 1758 4410 die
1789 4355 2028 4428 Aigyptii

466 4446 726 4501 deﬁciunt
753 4463 783 4500 a
818 4446 952 4512 sole,
983 4444 1038 4498 in
1054 4443 1123 4498 40
1158 4445 1316 4498 annis
1342 4444 1530 4499 decem
1551 4443 1744 4501 diebus
1775 4446 2028 4502 deﬁcient

466 4545 686 4608 propter
716 4553 917 4594 annum
977 4537 1129 4594 solis.
1165 4535 1352 4607 Itaque
1392 4537 1556 4592 etiam
1585 4537 1804 4592 totidem
1835 4538 2027 4596 diebus

464 4630 762 4700 anticipant
793 4629 1028 4693 festa,ut
1053 4645 1120 4684 ne
1134 4629 1451 4699 contingant
1476 4628 1776 4684 secundum
1809 4631 2027 4686 eosdem

463 4723 796 4794 quadrantes
825 4723 975 4777 anni.
1002 4723 1062 4778 ln
1102 4721 1261 4777 annis
1294 4737 1422 4776 vero
1460 4720 1562 4777 120
1613 4731 1891 4784 menstrua
1921 4726 2028 4780 erit

465 4816 720 4881 varietas,
752 4815 1091 4886 respiciendo
1121 4831 1246 4870 cum
1269 4814 1334 4888 ad
1367 4830 1567 4870 annum
1597 4815 1730 4871 solis
1752 4856 1768 4880 ,
1807 4827 1918 4872 tum
1957 4818 2024 4873 ad

465 4909 592 4964 anni
616 4908 967 4978 quadrantes.
992 4907 1351 4974 Quamobrem
1385 4916 1626 4963 erratum
1674 4909 1828 4973 illud,
1875 4911 2021 4980 quod

464 5002 605 5074 apud
631 5000 848 5056 Grazcos
887 4999 1285 5064 circumfertur,
1321 5016 1447 5054 cum
1494 5009 1719 5072 propter
1764 5003 2023 5072 temporis

462 5093 854 5164 longitudinem
899 5093 1282 5162 approbatione
1333 5093 1553 5164 dignum
1610 5095 1682 5149 sit
1731 5094 2021 5160 habitum,

461 5175 624 5239 etiam
655 5183 721 5237 ad
754 5193 938 5238 nostra
969 5199 1139 5253 usque
1168 5193 1408 5254 tempora
1453 5200 1551 5254 pro
1584 5201 1712 5242 vero
1753 5187 2020 5241 creditum

421 5273 581 5341 ,l‘uit.
606 5275 802 5330 Putant
827 5277 970 5331 enim
994 5276 1210 5348 plurimi
1255 5273 1566 5334 Graecorum
1595 5278 1650 5333 in
1695 5277 1892 5334 festum
1923 5276 2029 5333 lsi-

528 5431 574 5463 ³³
607 5450 696 5502 rp.
725 5438 854 5504 ρκε’.

465 5645 472 5650 .
527 5584 637 5661 ('53)
674 5589 726 5646 Id
756 5590 1073 5662 estintegro
1104 5589 1234 5646 orbe
1259 5589 1465 5662 lucens:

527 5657 640 5730 (54)
681 5665 744 5717 Οἱ
780 5661 896 5732 μὲν
933 5657 1040 5732 γᾶρ
1071 5662 1394 5730 Αἰγύπτιοι.
1426 5658 1523 5714 Hic
1556 5659 1710 5732 locus
1742 5657 2006 5732 Solirliani

411 5755 415 5759 ’
456 5729 898 5791 commentatoris
925 5729 1153 5803 castigat
1183 5745 1445 5797 errorem,
1481 5731 1575 5802 qui
1609 5746 1809 5786 annum
1843 5729 2010 5802 [Egy-

2147 3251 2245 3314 τὰς
2270 3250 2435 3314 αὐτὰς
2462 3249 2651 3314 θυσίας
2673 3253 2782 3313 τοῖς
2814 3249 2954 3314 θεοῖς
2982 3251 3364 3306 συντελεῖσθαι.
3393 3253 3456 3306 Ut
3487 3255 3588 3324 μὲν
3610 3254 3720 3325 γὰρ

2145 3341 2428 3411 Αἰγύπτιοι
2469 3341 2579 3412 (54)
2619 3341 2717 3412 τὴν
2750 3342 2995 3396 ἐναντίαν
3035 3341 3285 3414 διάληψιν
3326 3345 3420 3397 καὶ
3462 3345 3718 3416 πρόθεσιν

2143 3434 2408 3506 ἐσχήκασι
2453 3435 2566 3496 τοῖς
2611 3433 2885 3502 Ἕλλησιν.
2929 3432 3066 3487 Uine
3109 3433 3217 3506 γὰρ
3266 3437 3390 3499 τοὺς
3440 3437 3718 3500 ἐνιαυτοὺς

2143 3525 2336 3595 ἄγουσι
2365 3525 2487 3579 καθ’
2517 3525 2687 3594 ἦλιον,
2717 3523 2840 3579 οὗτε
2873 3526 3001 3588 τοὺς
3043 3526 3218 3597 μῆνας
3245 3527 3338 3580 καὶ
3370 3526 3467 3592 τὰς
3503 3529 3718 3602 ἡμέρας

2143 3615 2283 3669 κατά
2311 3615 2408 3686 τὴν
2454 3615 2712 3686 σελήνηνο
2761 3614 2874 3667 ἀλλ’
2909 3615 3012 3686 ἰδίᾳ
3039 3617 3146 3668 τινὶ
3187 3616 3480 3669 ὑποστάσει
3515 3635 3716 3691 κεχρη-

2145 3707 2293 3777 μένοι
2327 3706 2452 3760 εἰσί.
2495 3706 2783 3760 Βούλονται
2817 3706 2925 3779 γὰρ
2953 3707 3049 3772 τὰς
3085 3707 3274 3772 θυσίας
3305 3711 3415 3773 τοῖς
3464 3709 3606 3776 θεοῖς
3637 3715 3710 3784 μὴ

2140 3799 2282 3853 κατά
2311 3799 2402 3853 τὸν
2428 3799 2589 3854 αὑτὸν
2629 3800 2814 3870 καιρὸν
2851 3800 2944 3852 τοῦ
2985 3801 3228 3854 ἐνιαυτοῦ
3262 3801 3508 3870 γίνεσθαι
3530 3821 3543 3834 ο
3577 3805 3711 3858 ἀλλὰ

2139 3890 2227 3943 διὰ
2254 3890 2441 3943 πασῶν
2464 3889 2572 3943 τῶν
2593 3889 2686 3943 τοῦ
2713 3890 2956 3943 ἐνιαυτοῦ
2978 3889 3136 3963 ὡρῶν
3163 3891 3387 3946 διελθεῖν
3407 3911 3420 3923 ο
3445 3895 3540 3948 καὶ
3567 3897 3710 3965 γίνε-

2139 3986 2263 4040 σθαι
2292 3985 2390 4058 τὴν
2415 3985 2631 4058 θερινὴν
2669 3985 2857 4058 ἑορτὴν
2884 3985 2978 4040 καὶ
3023 3990 3356 4060 χειμερινὴν,
3388 3992 3480 4044 καὶ
3524 3992 3707 4062 φθινο-

2138 4079 2413 4150 πωρινὴν,
2466 4078 2561 4132 καὶ
2607 4079 2848 4151 ἐαρινήν.
2897 4080 3121 4148 ’Λγουσι
3169 4079 3277 4152 γὰρ
3325 4081 3416 4134 τὸν
3466 4083 3705 4137 ἐνιαυτὸν

2136 4171 2356 4244 ἡμερῶν
2406 4173 2732 4244 τριακοσίων
2783 4170 3042 4243 ἐξήκοντα
3092 4173 3294 4228 πέντε·
3348 4173 3550 4229 δώδεκα
3595 4178 3702 4248 γάρ

2137 4266 2314 4336 μῆνας
2358 4263 2550 4333 ἄγουσι
2598 4263 3109 4338 τριακονθημέρουςκ
3145 4266 3238 4319 καὶ
3280 4267 3437 4322 πέντε
3488 4267 3698 4338 ἡμέρας

2134 4356 2417 4424 ἐπάγουσι.
2450 4355 2524 4409 Τὸ
2556 4354 2611 4408 δὲ
2640 4355 2764 4427 civ/6'
2795 4356 2893 4410 ούκ
2921 4356 3184 4426 ἐπάγουσι
3206 4358 3294 4412 διὰ
3325 4359 3419 4430 τὴν
3445 4375 3696 4431 προειρη-

2138 4447 2304 4520 μένην
2351 4446 2525 4501 αἰτίαν
2548 4487 2564 4510 ,
2597 4447 2683 4500 ἵνα
2723 4447 2908 4510 αὐτοῖς
2943 4448 3370 4514 ἁναποδίζωνται
3405 4452 3457 4504 αἱ
3486 4452 3692 4521 ἐορταί.

2143 4540 2231 4592 Ἐν
2263 4536 2370 4610 γὰρ
2393 4540 2503 4602 τοῖς
2529 4537 2570 4590 δ’
2605 4537 2748 4592 ἔτεσι
2777 4539 2874 4610 μιᾷ
2895 4540 3077 4613 ἡμέρᾳ
3107 4541 3391 4614 ύστεροῦσι
3427 4543 3570 4616 παρά
3603 4544 3696 4598 τὸν

2129 4630 2328 4702 ήλιον·¹
2355 4633 2411 4682 ἐν
2457 4629 2515 4683 δὲ
2550 4632 2661 4693 τοῖς
2704 4636 2756 4702 μ’
2794 4631 2936 4684 ἔτεσι
2989 4637 3018 4684 ι’
3061 4633 3295 4706 ἡμέραις
3340 4635 3697 4707 ύστερήσουσι

2129 4720 2282 4794 παρά
2329 4722 2418 4775 τὸν
2460 4719 2552 4774 τοῦ
2584 4721 2732 4792 ἡλίου
2766 4723 3009 4777 ἐνιαυτόν
3034 4741 3047 4754 ·
3088 4724 3229 4778 ὥστε
3261 4726 3352 4779 καὶ
3409 4727 3700 4795 τοσαύταις

2129 4813 2360 4887 ἡμέραις
2399 4812 2808 4879 ἀναποδίζουσιν
2837 4817 2891 4870 αἱ
2921 4816 3121 4887 ἑορταὶ,
3163 4817 3298 4890 πρὸς
3338 4817 3398 4870 τὸ
3434 4821 3508 4890 μὴ
3556 4821 3700 4888 γίνε-

2127 4905 2250 4959 σθαι
2279 4906 2418 4959 κατὰ
2438 4905 2537 4971 τὰς
2562 4906 2730 4970 αὑτὰς
2771 4905 2920 4979 ὥρας
2945 4905 3037 4960 τοῦ
3071 4906 3337 4961 ἐνιαυτοῦ.
3373 4909 3460 4962 Ἐν
3499 4910 3555 4963 δὲ
3587 4914 3700 4975 τοῖς

2126 5005 2206 5072 ρκ’
2237 4999 2280 5030 ⁸³
2302 4998 2447 5053 ἔτεσι
2475 5001 2721 5070 μηνιαῖον
2747 4999 2898 5053 ἐσται
2931 4999 2993 5053 τὸ
3039 4999 3408 5072 παράλλαγμα
3440 5003 3534 5056 καὶ
3561 5003 3697 5074 πρὸς

2121 5091 2211 5145 τὸν
2237 5091 2331 5144 τοῦ
2372 5091 2524 5162 ἡλίου
2554 5091 2815 5155 ἐνιαυτὸν,
2848 5091 2943 5146 καὶ
2989 5092 3126 5164 πρὸς
3167 5091 3266 5156 τὰς
3305 5092 3448 5146 κατά
3480 5095 3544 5147 τὸ
3575 5093 3694 5160 ἔτος

2125 5183 2294 5255 ὥρας.
2321 5185 2399 5238 Δι’
2429 5185 2494 5256 ῆν
2523 5183 2697 5237 αἰτίαν
2727 5184 2820 5238 καὶ
2847 5184 2908 5236 τὺ
2938 5184 3365 5257 περιφερόμενον
3388 5186 3694 5258 ἁμάρτημα

2127 5275 2280 5349 παρά
2315 5279 2424 5341 τοῖς
2469 5275 2722 5349 Ἕλλησιν
2761 5277 2827 5330 ἐκ
2871 5277 3080 5333 πολλῶν
3123 5278 3331 5352 χρόνων
3383 5279 3692 5352 παραδοχῆς

2112 5588 2347 5659 ptiacnm
2383 5589 2452 5642 ita
2479 5591 2798 5664 contexuit,
2832 5600 2889 5647 ut
2935 5600 3130 5664 praeter
3172 5593 3289 5650 dies
3317 5608 3518 5649 cccuv
3542 5593 3688 5650 hom

2115 5675 2206 5717 sex
2231 5661 2521 5730 quotannis
2553 5661 2941 5720 insererentur;
