3918 6216
234 291 343 348 808

1285 285 1519 341 GEMINI
1561 285 1740 342 ELEM
1750 285 1930 342 ENTA
1967 285 2464 344 ASTRONOMIE.

3381 291 3488 349 306

237 406 541 480 ἠξιωμένον
567 403 729 477 μέχρι
749 402 858 460 τῶν
879 403 996 457 καθ’
1028 403 1176 474 ἡμᾶς
1195 401 1404 475 χρόνων
1433 401 1806 456 πεπίστευται.

1914 404 2020 470 dis,
2054 404 2355 460 secundum
2382 401 2669 472 Egyptios
2709 409 2764 457 et
2813 401 3115 458 secundum
3162 401 3449 460 Eudoxum
3471 444 3488 460 .

250 497 720 569 Ύπολαμόἀνουσι
758 495 868 569 γὰρ
901 496 950 550 οἱ
979 494 1218 548 πλεῖστοι
1261 494 1372 566 (55)
1407 494 1514 548 τῶν
1545 495 1813 566 Ἑλλήνων

240 592 359 662 ἅμα
400 593 509 654 τοῖς
557 587 734 652 Ἰσίοις
766 588 886 641 κατ’
925 586 1256 655 Αἰγυπτίους
1290 585 1385 639 καὶ
1430 585 1549 637 κατ’
1589 583 1813 650 Εῠδοξον

236 681 378 738 εἶναι
416 679 730 752 χειμερινὰς
753 678 958 752 τροπάς
977 696 990 709 °
1026 679 1162 750 ὅπερ
1189 678 1306 731 ἐστὶ
1339 678 1652 731 παντάπασι
1681 676 1814 747 ψεῦ-

232 774 342 838 δος.
370 773 516 842 Μηνὶ
547 771 654 842 γὰρ
696 770 802 841 ὅλῳ
831 769 1202 842 παραλλάσσει
1244 769 1311 822 τὰ
1357 770 1496 822 Ἵσια
1538 768 1672 840 πρὸς
1715 768 1814 831 τὰς

235 864 549 935 χειμερινὰς
583 863 811 934 τροπάς.
854 861 1055 935 Ἐρῤύη
1082 861 1140 914 δὲ
1172 861 1232 914 τὸ
1253 860 1555 930 ἁμάρτημα
1583 859 1690 912 ἀπὸ
1715 861 1813 932 τῆς

233 954 640 1028 προειρημένης
687 955 901 1017 αἰτίαςο
950 953 1056 1024 πρὸ
1095 951 1204 1023 γὰρ
1253 957 1334 1022 ρκ’
1371 950 1505 1003 ἐτῶν
1550 950 1810 1003 συνέπεσε

232 1048 353 1102 κατ’
377 1047 544 1110 αὑτὰς
579 1046 678 1110 τὰς
705 1045 1020 1117 χειμερινὰς
1043 1044 1248 1117 τροπὰς
1279 1043 1508 1112 ἄγεσθαι
1535 1042 1604 1095 τὰ
1633 1043 1808 1096 Ἰσια·

231 1139 293 1192 ὲν
323 1138 467 1192 ἔτεσι
504 1138 561 1191 δὲ
594 1138 855 1209 τέσσαρσι
903 1139 1033 1208 μιᾶς
1070 1135 1283 1208 ἡμέρας
1331 1134 1548 1204 ἐγένετο
1600 1133 1811 1204 παράλ·

232 1229 443 1300 λαγμα.
483 1229 652 1282 Τοῦτο
695 1225 786 1282 οὖν
833 1230 932 1283 οὐκ
971 1228 1235 1300 αἰσθητὴν
1286 1226 1412 1298 ἔσχε
1456 1226 1810 1298 παραλλαγὴν

231 1323 374 1393 πρὸς
405 1323 498 1386 τὰς
539 1324 656 1376 κατ’
685 1321 802 1386 ἔτος
837 1321 1004 1394 ὥρας.
1043 1322 1130 1374 Ἐν
1170 1320 1314 1374 ἔτεσι
1354 1319 1410 1373 δὲ
1437 1327 1488 1390 μ’
1519 1321 1740 1392 ἡμερῶν
1778 1322 1809 1373 ι’

227 1415 452 1484 ἐγένετο
500 1414 886 1485 παράλλαγμα.
942 1413 1063 1466 Οὐδ’
1116 1412 1288 1476 οὕτως
1348 1411 1610 1485 αἰσθητὴν
1672 1409 1809 1466 εἶναι

230 1506 514 1576 συμϐαίνει
545 1507 641 1577 τὴν
668 1504 1042 1576 παραλλαγήν.
1076 1505 1212 1557 Νυνὶ
1255 1503 1504 1575 μέντοιγε
1553 1503 1809 1574 μηνιαίας

227 1597 525 1668 γινομένης
553 1596 909 1668 παραλλαγῆς
939 1597 996 1648 ὲν
1026 1593 1108 1667 ρκ’
1143 1595 1339 1658 ἔτεσιν,
1373 1593 1676 1666 ὑπερϐολὴν
1708 1594 1808 1646 οὐκ

228 1689 618 1742 ἀπολείπουσιν
673 1689 897 1758 ἀγνοίας
959 1689 1007 1742 οἱ
1067 1687 1524 1758 διαλαμϐάνοντες
1586 1687 1644 1740 ὲν
1698 1689 1810 1751 τοῖς

242 1779 422 1847 Ἶσέοις
449 1784 568 1835 κατ’
593 1782 940 1850 Αἰγυπτίους,
975 1781 1065 1834 καὶ
1091 1781 1208 1833 κατ’
1243 1777 1468 1844 Εὔδοξον
1495 1777 1594 1842 τὰς
1627 1795 1810 1850 χειμεο

236 1874 391 1944 ρινὰς
416 1874 621 1938 τροπὰς
647 1869 804 1928 εἶναι.
835 1874 951 1944 Μιᾷ
979 1873 1075 1943 μὲν
1103 1871 1212 1942 γὰρ
1241 1870 1422 1942 ἡμέρᾳ
1443 1869 1476 1941 ἢ
1499 1869 1618 1924 δυσὶ
1643 1869 1810 1922 διενε-

227 1965 429 2036 χθῆναι
469 1964 812 2036 ἐνδεχόμενόν
853 1965 1000 2017 ἐστι·
1053 1965 1298 2035 μηνιαῖον
1341 1961 1397 2015 δὲ
1443 1961 1810 2032 παράλλαγμα

229 2057 491 2112 ἀδύνατόν
537 2059 650 2109 ἐστι
678 2055 878 2110 λαϐεῖν.
914 2055 1021 2108 Καὶ
1049 2055 1155 2129 γὰρ
1192 2054 1260 2107 τὰ
1290 2053 1494 2124 μεγέθη
1537 2054 1644 2106 τῶν
1677 2056 1811 2125 ἠμε-

233 2149 347 2222 ρῶν
378 2149 618 2219 ἐλέγχειν
660 2148 904 2210 δύναται,
939 2146 1177 2218 μεγάλην
1223 2146 1416 2217 ἔχοντα
1457 2145 1810 2217 παραλλαγὴν

233 2243 372 2314 πρὸς
401 2241 498 2304 τὰς
526 2239 840 2311 χειμερινὰς
868 2239 1096 2311 τροπάς.
1135 2238 1243 2292 Καὶ
1285 2238 1340 2292 αί
1366 2237 1474 2292 τῶν
1502 2238 1810 2310 ὡρολογίων

231 2333 585 2404 καταγραφαὶ
615 2331 871 2402 ὲκδήλους
899 2330 1111 2385 ποιοῦσι
1148 2330 1246 2391 τὰς
1275 2331 1396 2384 κατ’
1431 2329 1686 2400 ἀλήθειαν
1722 2346 1809 2398 γι-

233 2423 468 2494 νομένας
512 2409 740 2492 τροπὰς,
784 2421 878 2473 καὶ
921 2419 1154 2488 μάλιστα
1203 2420 1332 2490 παρ’
1378 2419 1696 2486 Αἰγυπτίοις
1752 2420 1810 2472 ἐν

237 2514 615 2584 παρατηρήσει
655 2512 987 2582 γενομένοις.
1046 2511 1207 2565 Ὅθεν
1251 2511 1319 2565 τὰ
1362 2513 1504 2565 Ἰσια
1547 2510 1810 2582 πρότερον

238 2603 340 2673 μὲν
364 2603 526 2673 ἤγετο
549 2603 594 2635 ⁸³
621 2603 759 2656 κατὰ
799 2602 896 2666 τὰς
935 2605 1249 2674 χειμερινὰς
1282 2603 1520 2672 τροπάς·
1559 2602 1652 2656 καὶ
1681 2602 1812 2674 πρό-

233 2708 393 2762 τερον
419 2693 464 2745 δ’
509 2691 589 2745 ἔτι
631 2692 772 2746 κατά
814 2693 1030 2764 Θερινὰς
1073 2694 1310 2765 τροπάς’
1343 2694 1419 2757 ὼς
1461 2693 1552 2746 καὶ
1590 2695 1810 2765 Ἐρατο-

238 2783 433 2856 σθένης
461 2783 568 2854 (56)
597 2785 654 2837 ἐν
684 2784 762 2855 τῷ
798 2785 934 2853 Περὶ
971 2784 1081 2852 τῆς
1124 2784 1541 2852 ὀκταετηρίδος
1571 2786 1811 2856 ὑπομνή-

1916 498 2172 553 hibernas
2207 497 2596 551 conversiones
2651 495 2912 549 incidere.
2965 493 3121 561 Quod
3171 492 3371 549 falsum
3403 511 3490 551 est

1913 591 2156 644 omnino.
2190 588 2376 644 Mense
2407 587 2552 642 enim
2599 595 2713 641 toto
2769 586 2968 641 festum
3017 586 3178 644 Isidis
3226 585 3492 642 distatab

1912 681 2158 736 hibernis
2185 679 2653 735 conversionibus.
2672 677 2852 732 Fluxit
2878 687 3058 732 autem
3088 686 3332 733 erratum
3358 677 3491 733 illud

1911 789 1978 828 ex
2016 788 2182 827 causa
2214 771 2503 842 praedicta;
2538 786 2665 825 nam
2720 779 2846 825 ante
2892 771 2991 826 1ἓο
3047 786 3222 826 annos
3263 772 3493 842 contigit

1913 871 1974 918 ut
2027 863 2223 918 festum
2260 861 2420 918 Isidis
2462 862 2518 916 in
2577 862 2709 932 ipsis
2743 861 2990 917 hibernis
3037 862 3490 918 conversionibus

1913 963 2168 1026 ageretur
2201 974 2212 1009 :
2244 955 2299 1008 in
2335 955 2494 1010 annis
2525 964 2703 1009 autem
2737 962 2972 1024 quatuor
3005 955 3166 1010 unius
3191 954 3295 1010 diei
3327 955 3490 1010 ﬁebat

1910 1047 2161 1102 variatio.
2186 1046 2296 1101 Hoc
2318 1048 2482 1116 igitur
2503 1062 2610 1100 non
2630 1046 2815 1100 habuit
2835 1046 3147 1102 sensibilem
3171 1048 3490 1102 varietatem

1912 1141 1980 1194 ad
2008 1140 2134 1194 anni
2160 1147 2532 1210 tempestates.
2555 1140 2612 1192 In
2637 1139 2795 1193 annis
2826 1146 3005 1193 autem
3032 1139 3102 1194 60
3129 1138 3270 1195 facta
3291 1148 3373 1196 est
3395 1139 3490 1198 de-

1911 1243 2028 1283 cem
2053 1229 2261 1284 dierum
2285 1229 2530 1284 variatio.
2555 1226 2665 1281 Nec
2695 1227 2776 1282 sic
2801 1228 3017 1296 quidem
3049 1231 3225 1284 evenit
3250 1231 3489 1285 sensibi-

1911 1321 2013 1376 Iem
2039 1321 2150 1377 ﬁeri
2175 1323 2547 1377 mutationem.
2571 1320 2639 1375 At
2677 1337 2820 1376 nunc
2845 1337 2968 1379 cum
2995 1324 3047 1376 in
3079 1323 3236 1378 annis
3268 1322 3369 1377 120
3397 1321 3488 1376 Iiat

1913 1421 2192 1468 menstrua
2231 1413 2490 1475 varietas,
2513 1428 2800 1468 excessum
2834 1414 3155 1484 ignorantiae
3181 1429 3287 1468 non
3323 1415 3490 1470 relin-

1910 1514 2084 1576 quunt
2102 1505 2134 1558 ii
2159 1506 2251 1575 qui
2270 1513 2461 1574 putant
2477 1507 2528 1560 in
2549 1507 2685 1562 festo
2703 1505 2880 1570 Isidis,
2901 1505 3489 1578 secundum/Egyplios

1909 1604 1964 1652 et
1991 1598 2292 1654 secundum
2319 1597 2626 1658 Eudoxum,
2649 1599 2908 1654 hibernas
2934 1599 3047 1654 ﬁeri
3075 1600 3486 1654 conversiones.

1910 1689 2031 1746 Uno
2049 1692 2194 1746 enim
2243 1690 2332 1746 die
2359 1699 2451 1745 aut
2479 1691 2696 1747 duobus
2723 1693 3017 1749 dissentire
3041 1693 3254 1762 aliquos
3285 1692 3389 1746 hac
3421 1692 3489 1747 de

1912 1797 1969 1834 re
1999 1780 2262 1850 possibile
2290 1789 2407 1846 est;
2463 1790 2518 1835 at
2570 1790 2908 1837 menstruam
2941 1783 3258 1839 varietatem
3293 1783 3487 1848 latere,

1912 1873 2244 1942 impossibile
2265 1881 2371 1929 est.
2403 1873 2617 1928 Etenim
2650 1873 3055 1944 magnitudines
3099 1873 3332 1936 dierum,
3362 1888 3485 1928 cum

1911 1964 2144 2020 habeant
2178 1979 2430 2036 magnam
2481 1966 2838 2020 mutationem
2873 1966 2927 2019 in
2973 1965 3219 2020 hibernis
3258 1980 3487 2020 conver-

1911 2057 2178 2137 sionibus,
2214 2071 2308 2112 eos
2376 2071 2605 2127 arguere
2650 2067 2900 2128 possunt.
2953 2056 3019 2111 Et
3080 2057 3486 2127 horologiorum

1911 2146 2308 2217 descriptiones
2337 2145 2659 2203 manifestas
2678 2147 2880 2202 faciunt
2898 2162 3055 2202 veras
3072 2147 3483 2211 conversiones,

1910 2245 1965 2294 et
1995 2240 2226 2294 maxime
2254 2237 2397 2310 apud
2434 2236 2850 2310 IEgyptios,qui
2872 2254 2965 2295 eas
2996 2239 3310 2294 observant.
3333 2236 3488 2295 Unde

1912 2331 2107 2386 festum
2132 2330 2292 2387 Isidis
2328 2331 2479 2402 prius
2514 2332 2737 2403 quidem
2782 2332 2943 2387 ﬁebat
2975 2332 3031 2386 in
3077 2330 3323 2386 hibernis
3351 2345 3486 2385 con-

1909 2423 2291 2477 versionibus:
2324 2432 2377 2479 et
2416 2425 2595 2479 adhuc
2623 2426 2778 2495 prius
2831 2425 2885 2479 in
2919 2424 3128 2479 aestivis
3165 2423 3488 2478 conversio-

1909 2513 2112 2568 nibus:
2147 2514 2290 2568 sicut
2340 2524 2392 2569 et
2449 2513 2836 2570 Eratosthenes
2879 2517 2932 2569 in
2973 2512 3366 2569 commentario
3411 2509 3490 2567 De

1910 2605 2220 2659 octaeteride
2263 2605 2506 2660 meminit
2537 2623 2550 2658 :
2581 2613 2634 2658 et
2672 2615 2862 2675 agetur
2896 2607 3093 2659 iterum
3125 2606 3178 2658 in
3201 2617 3487 2669 autumno,

1909 2707 1962 2752 et
1985 2698 2038 2750 iti
2067 2698 2273 2752 aestivis
2308 2696 2798 2760 conversionibus,
2837 2702 2892 2750 et
2947 2695 3002 2749 in
3041 2710 3191 2760 vere,
3221 2703 3276 2748 et
3316 2695 3370 2748 in
3403 2694 3488 2748 hic

1911 2790 2096 2845 bernis
2127 2788 2604 2843 conversionibus.
2647 2787 2706 2841 In
2754 2788 2912 2842 annis
2951 2792 3097 2841 enim
3148 2785 3287 2856 1460
3326 2801 3488 2841 omne

238 2893 372 2946 ματι
402 2877 760 2948 μνημονεύειο
800 2879 895 2930 καὶ
933 2876 1229 2948 ἀχθήσεται
1262 2878 1423 2931 πάλιν
1445 2877 1585 2931 κατὰ
1629 2878 1808 2946 φθινό-

1912 2878 2110 2935 festum
2142 2878 2376 2934 transire
2410 2885 2625 2948 oportet
2677 2893 2774 2947 per
2806 2891 2999 2932 omnes
3042 2876 3172 2929 anni
3216 2874 3490 2945 quadran-

235 2983 442 3040 πωρον,
475 2971 569 3023 καὶ
602 2969 744 3024 κατὰ
777 2969 873 3033 τὰς
909 2968 1127 3042 Θερινὰς
1160 2969 1390 3041 τροπὰς,
1436 2970 1531 3024 καὶ
1569 2969 1710 3023 κατὰ
1749 2970 1808 3024 τὸ

1912 2979 2022 3039 tes;
2057 2979 2112 3028 et
2147 2987 2341 3027 rursus
2381 2971 2596 3026 restitui
2631 2970 2699 3025 ad
2741 2969 2884 3025 idem
2943 2979 3154 3039 tempus
3192 2968 3344 3022 anui.
3382 2967 3490 3037 2o

235 3057 358 3128 ξαρ,
388 3060 479 3112 καὶ
507 3061 647 3114 κατὰ
670 3060 767 3124 τὰς
794 3061 1107 3132 χειμερινὰς
1130 3061 1358 3132 τροπάς.
1401 3063 1488 3115 Ἐν
1519 3062 1661 3118 ἔτεσι
1700 3065 1808 3138 γὰρ

1915 3063 2157 3136 Ᾱεεγριὶἰ
2212 3064 2380 3134 igitur
2461 3063 2764 3119 secundum
2825 3061 3100 3133 propriam
3163 3060 3488 3133 liypothesin

236 3149 428 3218 χιλίοις
447 3151 812 3222 τετρακοσίοις
833 3151 1092 3222 ἐξήκοντα
1121 3152 1334 3206 ἃπασαν
1365 3153 1556 3224 ἑορτὴν
1584 3154 1810 3209 διελθεῖν

235 3241 322 3294 δεῖ
363 3241 449 3295 διὰ
480 3242 669 3297 πασῶν
713 3243 819 3296 τῶν
855 3243 948 3296 τοῦ
997 3242 1243 3298 ἐνιαυτοῦ
1291 3244 1472 3316 ὡρῶν,
1513 3248 1608 3300 καὶ
1651 3249 1810 3302 πάλιν

236 3331 749 3405 ἀποκατασταθῆναι
783 3337 875 3388 ἐπὶ
918 3335 1008 3387 τὸν
1050 3335 1210 3388 αὐτὸν
1259 3336 1448 3407 καιρὸν
1491 3336 1584 3390 τοῦ
1632 3337 1806 3403 ἔτους.

1917 3156 2180 3227 propositi
2207 3156 2363 3222 linis;
2393 3154 2566 3210 Graeci
2593 3171 2742 3219 vero,
2767 3169 2892 3208 cum
2917 3153 3248 3208 contrariam
3268 3164 3491 3206 semen-

1915 3249 2044 3302 tiam
2079 3248 2338 3313 habeant,
2381 3261 2556 3302 annos
2595 3256 2762 3317 agunt
2795 3245 3096 3301 secundum
3133 3245 3336 3307 solem,
3371 3243 3490 3296 dies

1915 3356 2064 3403 vero,
2094 3349 2148 3396 et
2173 3355 2391 3395 menses
2425 3339 2728 3394 secundum
2760 3338 2966 3392 lunam.

238 3423 306 3478 Oi
333 3422 546 3495 μὲνοῦν
586 3426 867 3495 Αἰγύπτιοι
910 3427 1050 3479 κατὰ
1079 3427 1176 3498 τὴν
1213 3427 1350 3480 ἰδίαν
1392 3427 1692 3483 ὑπόστασιν
1758 3430 1852 3484 τοῦ
1902 3432 2265 3504 προκειμένου
2309 3430 2518 3496 τέλους,
2563 3432 2612 3486 οἱ
2661 3431 2718 3484 δὲ
2763 3429 3046 3500 Ἕλληνες,
3095 3428 3192 3497 τὴν
3242 3426 3492 3480 ἐναντίαν

236 3517 463 3588 γνώμην
515 3516 764 3587 ἔχοντες,
817 3518 946 3582 τοὺς
1003 3519 1101 3590 μὲν
1151 3522 1426 3585 ἐνιαυτοὺς
1479 3521 1599 3575 καθ’
1651 3521 1802 3592 ἥλιον
1837 3523 2050 3593 ἄγουσι,
2091 3528 2216 3590 τοὺς
2268 3527 2325 3580 δὲ
2370 3527 2544 3598 μῆνας
2577 3524 2670 3578 κς.ιὶ¹
2711 3523 2811 3587 τὰς
2860 3521 3074 3594 ἡμέρας
3143 3520 3284 3574 κατά
3332 3519 3489 3592 σελή-

237 3628 358 3681 νην.

311 3703 359 3736 ³⁸
389 3720 476 3772 γρ.
507 3703 739 3770 ἐγένετο.

311 3796 447 3868 (55)
476 3794 989 3868 ῘΥπολιῃιϐᾁν-ουσι
1029 3796 1138 3865 γὰρ
1167 3798 1222 3850 οἱ
1263 3797 1557 3852 πλεῖστοι.
1614 3795 1806 3854 Mii‘um

235 3863 331 3940 est
356 3863 620 3940 Achillem
656 3863 885 3940 _Tatiuin
921 3863 1191 3940 ineodem
1228 3883 1413 3940 errore
1451 3870 1656 3940 versari
1682 3886 1804 3940 cap.

234 3939 311 4012 ‘25
345 3937 557 4012 ls_agqg_.
588 3937 688 3989 sub
715 3937 895 4012 linem.
927 3935 1094 4006 Igitur
1119 3937 1263 4006 quod
1292 3938 1395 3992 lsia
1425 3939 1554 4012 olim
1602 3940 1655 4012 in
1683 3935 1807 4012 τρο-

239 4009 351 4072 πὰς
396 4009 748 4070 incidissent,
785 4007 836 4061 id
869 4023 993 4062 esse
1033 4015 1352 4078 perpetuum
1402 4007 1810 4064 arbitrabauiur

242 4078 503 4148 imperiti.
539 4078 686 4143 Quos
727 4093 792 4131 ex
835 4091 900 4131 eo
944 4076 1142 4148 rcl’ellit
1173 4076 1454 4148 Geminus,
1491 4079 1636 4148 quod
1684 4089 1810 4136 ante

241 4147 420 4204 annos
464 4162 591 4209 cxx,
644 4163 805 4217 quam
856 4147 1148 4210 scribebat,
1201 4147 1334 4202 illud
1379 4147 1689 4212 accidisset,
1743 4166 1808 4203 ac

243 4220 469 4301 proinde
498 4227 739 4301 tempore
773 4232 887 4301 suo
906 4219 1138 4301 solidunm
1165 4217 1278 4301 iam
1301 4234 1562 4301 .ipenseinn
1608 4221 1808 4301 festum

242 4286 387 4344 idem
422 4289 628 4362 τροπάς
650 4286 1266 4362 anteverteret._Sc_alig.
1299 4288 1392 4362 lib.
1428 4289 1572 4362 I|_De
1599 4289 1804 4362 emend.

244 4371 426 4425 ιιηιρ..
450 4355 625 4430 capite
648 4357 723 4412 De
739 4367 988 4412 octaeter.
1015 4355 1248 4430 Eudoxi,
1262 4374 1326 4412 ex
1341 4357 1444 4414 hoc
1461 4359 1672 4415 Gemini
1688 4363 1808 4430 loco

241 4427 533 4500 colligebat
588 4427 868 4482 Eudoxum
921 4428 1302 4500 octaeteridem
1354 4444 1507 4484 suam
1571 4431 1639 4485 ab
1685 4428 1806 4486 lsiis

243 4497 585 4569 auspicatum
635 4515 776 4562 esse,
818 4499 975 4567 quasi
1009 4500 1110 4569 hoc
1157 4497 1417 4552 Geminus
1448 4500 1690 4561 diceret,
1737 4503 1805 4554 ab

244 4567 393 4625 anno
424 4571 535 4629 illo,
585 4570 727 4623 unde
771 4567 1154 4623 octaeteridem
1209 4584 1363 4622 suam
1395 4571 1667 4624 inchoavit
1697 4569 1805 4623 Eu-

243 4641 443 4704 doxus,
480 4641 544 4694 ad
579 4650 788 4693 aetatem
817 4654 970 4694 suam
1001 4654 1174 4692 annos
1200 4642 1414 4707 elapsos
1438 4656 1559 4694 esse
1587 4649 1804 4694 centum

243 4719 300 4766 et
334 4711 542 4782 viginti.
581 4713 745 4763 I’orro
778 4724 900 4782 cum
937 4707 1214 4762 Eudoxum
1261 4723 1404 4782 anno
1436 4711 1596 4764 tertio
1628 4713 1805 4782 olym-

246 4778 424 4852 piadis
459 4797 552 4835 CIII
587 4779 971 4852 octaeteridem
1013 4794 1166 4852 suam
1214 4780 1445 4848 coepisse
1493 4789 1661 4849 putet,
1686 4778 1803 4833 Na-

243 4850 532 4908 bonassari
561 4865 862 4904 cccuxxui
885 4867 899 4914 ;
923 4850 968 4901 si
988 4852 1051 4902 ad
1080 4850 1224 4902 hunc
1242 4865 1412 4904 annos
1430 4851 1655 4918 adjicias
1676 4866 1802 4914 cxx,

243 4927 446 4979 conliet
493 4937 666 4975 annus
701 4919 1066 4974 Nabonassari
1101 4935 1206 4983 niv,
1245 4933 1354 4988 quo
1390 4922 1662 4975 scribebat
1699 4919 1806 4975 Ge-

245 4995 447 5048 minus.
485 4993 561 5045 Ita
581 4995 682 5044 erit
711 4990 1017 5061 Hipparcho
1047 4990 1330 5061 vetnsiior.
1358 4989 1444 5061 AAd
1470 4991 1608 5061 hanc
1649 4991 1806 5045 dubi-

247 5067 508 5118 tationem
558 5062 693 5115 nihil
724 5077 781 5117 se
812 5059 954 5131 quod
989 5060 1313 5129 respondeat
1356 5059 1554 5131 habere
1583 5060 1802 5116 fatetur.

248 5134 359 5189 Sed
392 5135 570 5187 nullus
601 5134 684 5184 hic.
706 5130 1141 5186 eratihzesitandi
1170 5134 1342 5185 locus.
1384 5130 1499 5184 Non
1532 5132 1676 5186 enim
1705 5131 1804 5186 Isia

248 5207 306 5260 in
337 5206 619 5273 ipsiusmet
663 5201 899 5255 Eudoxei
928 5203 1053 5254 anni
1086 5202 1245 5270 primi
1270 5203 1475 5269 τροπάς
1505 5204 1806 5256 incurrisse

247 5278 367 5328 vult
403 5273 664 5326 Geminus
697 5282 821 5325 ante
853 5286 954 5325 cxx
991 5287 1163 5327 annos
1199 5288 1360 5341 quam
1398 5273 1681 5333 scriberet.
1717 5287 1808 5325 ve-

248 5361 372 5400 rum
424 5345 479 5396 in
526 5345 673 5396 illum
727 5344 901 5414 ipsum
944 5341 1112 5414 diem,
1147 5343 1198 5394 in
1231 5357 1391 5414 quem
1436 5341 1641 5414 τροπάς
1699 5341 1809 5395 Eii-

246 5417 424 5470 doxus
454 5410 761 5482 coniecerat
782 5432 794 5466 :
815 5413 1011 5481 cuique
1035 5410 1218 5465 allixas
1245 5410 1604 5467 easdem'esse
1635 5421 1808 5482 poste-

247 5488 385 5540 ritas
415 5485 670 5553 deinceps
701 5486 877 5553 omnis
900 5483 1272 5553 existimabat,
1303 5484 1499 5536 solaris
1534 5485 1804 5552 anticipa-

245 5555 416 5609 tionis
463 5550 680 5625 ignara.
730 5552 839 5608 [Vos
894 5550 1175 5625 Eudoxum
1241 5567 1386 5606 circa
1445 5550 1805 5623 olympiad‘ein

247 5640 417 5680 xcvm
469 5623 777 5678 condidisse
821 5624 1202 5676 octaeteridem
1261 5638 1414 5676 suam
1466 5625 1806 5678 ostendimus

248 5696 346 5773 lib.
377 5712 425 5773 ii
446 5693 523 5773 pe
561 5695 731 5750 doctr.
764 5703 943 5761 temp.,
979 5709 1097 5773 cap.
1117 5693 1599 5773 _6,_quontempo_re
1623 5694 1806 5747 solsti-

249 5769 386 5822 tium
417 5767 698 5821 hibernum
749 5778 935 5822 verum
982 5763 1210 5819 cadebat
1239 5761 1297 5818 in
1326 5761 1635 5820 Decembris
1677 5779 1800 5829 xxv,

1917 3792 2153 3846 medium
2186 3791 2239 3846 in
2274 3807 2422 3846 xxvi.
2457 3790 2574 3844 Jam
2602 3789 2728 3856 Isia,
2759 3789 2826 3844 de
2857 3787 3058 3859 quibus
3092 3786 3354 3843 Geminus
3403 3791 3487 3846 lo-

1917 3866 2123 3933 quitur,
2155 3879 2218 3917 ea
2254 3877 2373 3916 esse
2408 3862 2831 3933 videnlur._quae
2866 3860 2935 3933 ab
2966 3875 3078 3914 xvu
3113 3861 3198 3912 die
3220 3859 3486 3933 Atliyr'ad

1916 3929 1990 3988 ix
2022 3933 2241 3995 fiebant,
2285 3941 2343 3985 ut
2372 3933 2530 3987 testis
2559 3939 2643 3985 est
2683 3929 3008 3984 Plutarchus
3041 3937 3200 3981 tract.
3232 3929 3306 3982 De
3334 3929 3490 3987 ’lside

1915 4015 1964 4057 et
1989 4003 2199 4058 Osiride
2231 4003 2374 4072 (pag.
2408 4001 2512 4056 566
2534 4001 2666 4056 edit.
2697 3999 3084 4072 Graeco-Lat).
3115 3997 3247 4052 Nam
3266 4014 3335 4072 ea
3367 4001 3490 4056 πέν-

1918 4073 2072 4144 οιμα,
2119 4082 2174 4127 et
2226 4069 2474 4142 lugubria
2526 4072 2697 4126 fuisse
2727 4071 2954 4144 scribit;
2994 4078 3046 4124 et
3069 4069 3217 4144 inter
3252 4069 3486 4144 illorum

1914 4139 2110 4198 causas
2143 4139 2304 4197 hanc'
2327 4148 2595 4202 recenset,
2631 4143 2776 4212 quod
2812 4140 3114 4212 contractis
3159 4139 3352 4212 diebus
3389 4157 3488 4212 no-

1915 4224 2030 4269 ctes
2065 4217 2195 4266 liant
2238 4212 2531 4282 longiores.
2569 4209 2924 4265 AfAchilles
2955 4209 3146 4282 Tatius
3179 4211 3358 4278 capite
3389 4210 3483 4272 2'5,

1914 4286 2073 4339 docet
2117 4284 2190 4337 ob
2239 4280 2376 4336 hanc
2430 4281 2675 4338 eamdem
2708 4297 2929 4352 causam
2960 4280 3084 4352 Isia,
3118 4295 3239 4350 quae
3273 4284 3334 4352 in
3359 4297 3487 4352 τρο⁴

1916 4355 2023 4418 πὰς
2055 4355 2323 4414 incidunt,
2368 4353 2437 4406 ab
2466 4352 2737 4422 Egyptiis
2779 4351 3044 4422 celebrari
3077 4349 3258 4422 solita.
3297 4349 3488 4422 Quare

1914 4427 2118 4503 nullum
2146 4425 2258 4503 jam
2286 4421 2653 4503 dubium__est,
2691 4424 2758 4476 de
2779 4421 3147 4503 .quibus_lsiis
3176 4421 3486 4503 intelligen-

1839 4483 2013 4549 Ddus
2048 4497 2118 4548 sit
2146 4483 2444 4548 'Geaiinus.
2497 4483 2652 4546 Ilunc
2705 4483 2851 4547 enim
2904 4499 3114 4544 certum
3167 4499 3250 4546 est
3303 4483 3380 4546 dé'
3415 4491 3486 4546 iis

1909 4581 2087 4636 agere,
2142 4579 2263 4636 quae
2311 4580 2423 4636 xvii
2473 4566 2651 4636 Athyr
2698 4564 2929 4636 inibant.
2967 4562 3197 4636 Athyr,
3233 4563 3479 4636 inquam,

1906 4631 2048 4706 vagi,
2084 4631 2190 4689 non
2229 4633 2522 4706 JulianiAet
2565 4631 2675 4687 lixi.
2714 4633 2833 4699 Quo
2863 4631 3042 4706 posito
3077 4631 3365 4706 l'acileerit
3397 4634 3484 4684 iii-

1908 4701 2174 4775 vestigare
2205 4705 2350 4776 quod
2382 4722 2410 4758 a
2434 4703 2908 4776 Geminoteinpus
2941 4703 3042 4776 hoc
3077 4701 3198 4776 loco
3227 4703 3485 4776 designe-

1910 4786 2013 4829 tur.
2051 4770 2303 4829 Nam'ut
2354 4791 2462 4830 xvii
2513 4773 2629 4844 dies
2659 4770 2832 4844 Athyr
2873 4770 3298 4844 in_Decembri_s
3353 4770 3483 4826 xxvi

1908 4846 2133 4911 incidat,
2167 4861 2393 4901 necesse
2426 4855 2509 4900 est
2552 4840 2903 4899 Neomeniam
2953 4840 3146 4911 Tuotlr
3177 4842 3375 4896 cadere
3427 4844 3485 4896 in

1908 4909 2160 4970 Octobris
2193 4931 2267 4970 xi.
2317 4915 2371 4968 Id
2423 4917 2620 4969 accidit
2665 4915 2897 4984 primum
2931 4909 3482 4984 annoNabouassari

1908 5001 2039 5049 nLii,
2073 4995 2270 5057 quarto
2292 4987 2614 5056 Olympiadis
2642 4979 2802 5048 έχων,
2832 4982 3036 5052 periodi
3065 4979 3481 5057 Julianaeﬁsll

1907 5058 2060 5112 Adde
2091 5051 2263 5126 igitur
2291 5051 2464 5110 annos
2498 5057 2619 5118 120,
2653 5051 2880 5124 exsistet
2910 5067 3087 5106 annus
3135 5051 3337 5126 periodi
3383 5051 3485 5106 Ju-

1909 5129 2064 5182 liana:
2093 5122 2254 5190 {657,
2289 5136 2515 5197 quartus
2545 5122 2870 5196 Olympiadis
2913 5139 3114 5197 cultv1
3144 5122 3484 5197 Urbis_con-

1907 5198 2030 5254 dita:
2064 5191 2333 5252 ncnxxvu'.
2385 5195 2548 5252 Sullae
2585 5191 2767 5264 itaque
2811 5205 3055 5263 tempore
3085 5191 3267 5245 ﬂoruit
3299 5192 3486 5256 Gemi-

1908 5286 2011 5325 nus
2040 5281 2244 5324 noster.
2279 5267 2332 5322 In
2352 5268 2444 5322 lib.
2479 5284 2515 5320 ιι
2549 5266 2624 5318 De
2645 5266 2886 5319 doctrina
2919 5275 3237 5334 temporum,
3271 5279 3391 5334 cap.
3422 5265 3481 5330 6,

1909 5357 2015 5394 non
2044 5341 2289 5393 inultum
2334 5339 2637 5392 ablusimus
2683 5338 2751 5388 ab
2795 5336 2896 5387 hoc
2928 5335 3161 5386 calculo.
3217 5333 3322 5389 Sed
3342 5333 3483 5404 τρο-

1908 5409 2016 5473 mi;
2049 5409 2256 5464 Eudoxi
2291 5424 2355 5463 ex
2395 5407 2673 5462 communi
2701 5415 2754 5458 et
2783 5403 3153 5475 Sealigeriaua
3213 5403 3484 5459 sententia

1908 5481 2295 5535 constituimus
2341 5487 2539 5549 quarto
2579 5479 2666 5532 die
2699 5484 2839 5549 post
2889 5474 3213 5549 solstitium,
3267 5475 3337 5549 in_
3372 5490 3482 5549 xxx

1908 5549 2243 5615 Decembris,
2301 5545 2373 5602 ιι(
2410 5564 2476 5602 ex
2530 5545 2814 5618 Iiypotliesi
2862 5545 3250 5618 et_Cuncessis
3291 5546 3483 5600 abillo

1907 5623 2080 5699 Pellite;
2099 5613 2506 5699 argumentatio
2530 5613 2729 5699 nostra
2746 5613 3092 5699 procederet.

1977 5691 2088 5763 (56)
2135 5681 2242 5763 Ὦς
2286 5690 2384 5743 καί
2421 5681 2896 5763 μἘραεοσςθένης.
2946 5682 3122 5755 Hujus
3173 5683 3300 5740 libri
3347 5681 3488 5739 Era.

1907 5757 2178 5818 tosthenis
2209 5760 2459 5817 meminit
2491 5767 2545 5816 et
2577 5757 2787 5813 Tatius.
