4000 6206
477 330 580 387 807

1497 329 1588 382 AD
1627 327 1890 386 EUSEBII
1923 327 2318 386 CBBONICON
2359 327 2717 384 APPENDIX.

3621 325 3727 376 $.08

547 445 771 500 Veteres
793 444 956 514 igitur
977 443 1209 514 agebant
1231 458 1452 499 menses
1493 445 1564 499 50
1595 444 1807 500 dierum
1832 464 1846 513 ;
1885 462 2040 502 men-

2219 452 2281 503 Oi
2313 451 2410 520 μὲν
2437 445 2529 502 οὖν
2577 447 2790 519 ἀρχαῖοι
2841 445 2967 508 τοὺς
3005 443 3176 515 μῆνας
3218 440 3730 514 τριακονθημέρους

479 553 567 593 ses
597 545 775 592 autem
808 537 1158 591 intercalares
1207 545 1429 608 propter
1478 551 1679 591 annum
1727 538 1880 594 solis.
1907 538 2042 593 Cum

480 637 658 683 autem
697 644 789 698 per
819 628 1188 698 apparentiam
1232 629 1415 682 statim
1442 630 1644 684 veritas
1676 630 2047 702 deprehende-

479 730 649 781 retur,
702 736 766 775 eo
822 721 966 791 quod
999 720 1118 774 dies
1157 729 1215 774 et
1242 736 1455 776 menses
1492 737 1598 775 non
1657 724 2048 793 responderent

479 814 654 876 lunae,
691 814 818 866 anni
866 828 998 867 vero
1048 827 1153 866 non
1192 822 1553 882 congruerent
1582 829 1704 867 cum
1755 816 1890 878 sole,
1921 816 2047 870 hinc

477 903 789 974 quaerebant
815 902 1116 972 periodum,
1145 916 1264 970 qua:
1283 901 1335 954 in
1357 901 1517 956 annis
1540 904 1893 972 responderet
1915 905 2043 970 soli,

480 994 535 1048 in
575 993 855 1048 mensibus
888 1008 1015 1047 vero
1037 999 1090 1044 et
1139 991 1334 1046 diebus
1379 991 1540 1046 lunae.
1573 993 1828 1050 Coutiuet
1864 1004 2044 1048 autem

479 1086 644 1156 hujus
667 1084 873 1156 periodi
909 1093 1121 1154 tempus
1163 1084 1406 1152 integros
1437 1100 1673 1150 menses,
1706 1095 1760 1141 et
1806 1087 2046 1155 integros

477 1180 617 1245 dies,
651 1190 706 1234 et
749 1182 984 1251 integros
1015 1193 1206 1233 annos.
1240 1177 1477 1232 Primam
1528 1189 1707 1234 autem
1741 1183 2046 1234 Constitue-

474 1284 603 1328 runt
637 1274 916 1342 periodum
952 1271 1321 1334 octaeteridis,
1361 1287 1483 1342 quae
1541 1272 1784 1326 continet
1832 1287 2046 1326 menses

477 1365 692 1437 quidem
735 1365 824 1430 99,
870 1365 923 1419 in
978 1365 1177 1434 quibus
1230 1363 1587 1420 intercalares
1652 1379 1868 1418 menses
1915 1373 2048 1418 sunt

478 1467 614 1525 tres,
644 1459 758 1512 dies
788 1474 917 1512 vero
936 1458 1099 1518 299.2,
1141 1464 1194 1511 et
1233 1471 1404 1511 annos
1451 1465 1597 1511 octo.
1633 1455 2046 1510 Constituerunt

477 1559 652 1604 autem
684 1550 1012 1604 octaeterida
1041 1549 1142 1602 hoc
1192 1547 1351 1601 modo
1378 1547 1546 1602 :Cum
1577 1548 1718 1601 enim
1751 1563 1929 1602 annus
1958 1561 2050 1603 so-

476 1643 606 1696 laris
631 1643 699 1695 sit
726 1643 934 1698 dierum
965 1640 1203 1709 5651/4,
1225 1656 1400 1695 annus
1435 1655 1562 1695 vero
1592 1640 1800 1695 lunaris
1834 1639 1903 1694 sit
1932 1637 2048 1694 die-

478 1747 598 1786 rum
629 1734 752 1794 554,
791 1741 1119 1802 acceperunt
1142 1748 1446 1794 excessum,
1480 1747 1588 1802 quo
1624 1731 1837 1788 excedit
1870 1745 2046 1786 annus

2149 541 2310 617 ἦγον
2338 543 2463 606 τοὺς
2498 541 2553 594 δὲ
2583 537 2909 610 ἐμϐολίμους
2951 538 3077 606 παρ’
3109 535 3367 590 ἐνιαυτόν.
3404 534 3631 605 Ταχέως
3672 534 3735 587 δὲ

2153 634 2258 688 ὑπὸ
2295 631 2389 685 τοῦ
2435 628 2758 700 φαινομένου
2792 625 3154 697 ἐλεγχομένης
3197 625 3295 693 τῆς
3337 624 3597 695 ἀληθείας
3642 623 3736 676 διὰ

2149 726 2211 779 τὸ
2255 723 2354 787 τὰς
2386 722 2597 794 ἡμέρας
2630 720 2723 773 καὶ
2770 719 2897 780 τοὺς
2952 715 3250 786 μῆναςσμὴ
3299 718 3610 785 συμφωνεῖν
3659 717 3734 786 τῇ

2153 819 2372 890 σελήνῃ,
2393 819 2518 879 τοὺς
2543 816 2586 868 δ’
2617 813 2898 875 ὲνιαυτοῦς
2924 810 2997 882 μὴ
3025 813 3254 880 στοιχεῖν
3280 808 3357 878 τῷ
3379 808 3532 879 ἡλίῳ.
3559 807 3734 861 Ὅθεν

2152 911 2373 983 ἐζήτουν
2405 909 2448 940 ³⁸
2489 906 2755 978 περίοδον,
2799 905 2917 975 ἥτις
2960 901 3101 956 κατὰ
3145 901 3243 972 μὲν
3276 902 3400 964 τοὺς
3443 902 3734 961 ἐνιαυτοὺς

2152 1001 2228 1071 τῷ
2253 1000 2387 1070 ήλίῳ
2432 997 2804 1069 συμφωνήσει,
2850 993 2993 1047 κατὰ
3027 993 3083 1045 δὲ
3117 993 3244 1054 τοὺς
3279 991 3453 1061 μῆνας
3501 988 3598 1042 καὶ
3625 988 3731 1052 τὰς

2149 1089 2362 1160 ἡμέρας
2387 1091 2452 1160 τῇ
2483 1087 2696 1160 σελήνῃ.
2729 1086 2976 1157 Περιέχει
2999 1083 3055 1137 δὲ
3083 1085 3112 1137 ὁ
3134 1083 3235 1153 τῆς
3259 1083 3504 1153 περιόδου
3533 1083 3732 1154 χρόνος

2151 1178 2304 1240 ὅλους
2337 1177 2536 1248 μῆνας,
2571 1177 2663 1229 καὶ
2691 1176 2817 1239 ὅλας
2851 1175 3082 1246 ἡμέρας,
3115 1175 3207 1227 καὶ
3237 1173 3389 1236 ὅλους
3419 1172 3728 1234 ἐνιαυτούς.

2152 1269 2371 1340 Πρῶτον
2404 1269 2460 1322 δὲ
2501 1270 2890 1339 συνεστήσαντο
2917 1269 3014 1337 τὴν
3045 1267 3289 1339 περίοδον
3329 1266 3426 1336 τῆς
3461 1267 3733 1334 ὀκταετη-

2154 1359 2315 1430 ρίδος,
2347 1361 2470 1429 ἥτις
2505 1360 2748 1431 περιέχει
2782 1361 2890 1434 μὲν⁸
2913 1361 3088 1430 μῆνας
3116 1357 3220 1426 ἥθ’,
3245 1361 3302 1411 ὲν
3326 1353 3407 1421 οἷς
3436 1357 3731 1428 ἐμϐόλιμοι

2150 1457 2220 1519 γ’,
2249 1451 2462 1523 ἡμέρας
2506 1452 2564 1506 δὲ
2605 1451 2773 1523 βλκβ’,
2803 1453 2896 1524 ἐτη
2925 1453 2981 1505 δὲ
3010 1459 3078 1524 η’.
3106 1452 3510 1523 Συνεστήσαντο
3539 1451 3596 1504 δὲ
3625 1452 3732 1521 τὴν

2151 1543 2503 1614 ὀκταετηρίδα
2532 1545 2623 1597 τὸν
2674 1544 2872 1616 τρόπον
2924 1543 3131 1596 τοῦτον⁶
3177 1542 3329 1596 Ἐπεὶ
3376 1543 3484 1613 γὰρ
3527 1543 3555 1594 δ
3601 1541 3730 1594 καθ’

2150 1634 2299 1705 ἥλιον
2328 1637 2570 1699 ἐνιαυτὸς
2596 1635 2816 1708 ήμερῶν
2843 1637 2956 1688 ἐστι
2977 1634 3105 1701 τξε’,
3124 1633 3272 1706 tif/6'.
3293 1637 3321 1688 ὁ
3335 1634 3389 1687 δὲ
3407 1633 3548 1687 κατὰ
3566 1631 3733 1703 σελή-

2151 1742 2248 1796 νην
2281 1725 2519 1788 ἐνιαυτός
2549 1728 2694 1778 ἐστιν
2731 1726 2950 1797 ήμερῶν
2976 1726 3102 1791 τνδ’,
3133 1725 3322 1778 ἔλαϐον
3361 1723 3457 1794 τὴν
3485 1723 3732 1794 ὑπερὸοο

479 1826 675 1882 solaris
699 1841 896 1879 annum
927 1825 1194 1880 lunarem.
1216 1823 1485 1880 Excessus
1511 1835 1688 1880 autem
1723 1823 1812 1878 hic
1832 1832 1915 1878 est
1938 1822 2041 1877 die-

2147 1815 2244 1888 λὴν
2278 1815 2342 1886 ἢν
2377 1816 2631 1888 ὑπερέχει
2659 1818 2687 1869 ὁ
2714 1816 2835 1870 καθ’
2861 1816 3010 1888 ἥλιον
3055 1815 3296 1879 ἐνιαυτὸς
3335 1815 3428 1866 τοῦ
3460 1814 3599 1867 κατὰ
3639 1831 3732 1866 σε-

478 1939 598 1977 rum
649 1925 703 1978 ll
743 1921 863 1994 1/4.
906 1921 966 1975 Si
1016 1922 1178 1992 igitur
1242 1921 1540 1975 secundum
1582 1920 1766 1973 lunam
1823 1932 2050 1986 agamus

475 2030 716 2077 menses,
746 2015 798 2068 in
850 2029 992 2068 anno
1035 2013 1349 2068 deliciemus
1393 2012 1462 2066 ab
1509 2027 1654 2066 anno
1681 2011 1812 2066 solis
1859 2009 2050 2066 diebus

475 2103 536 2158 il
569 2104 691 2175 ιλιι.
725 2103 1095 2169 Qumsiverunt
1122 2104 1301 2174 igitur,
1324 2103 1538 2172 quoties
1562 2102 1616 2155 lii
1652 2101 1768 2155 dies
1793 2101 2053 2170 multipli-

469 2197 580 2250 cati
597 2195 828 2249 efliciant
853 2197 1090 2261 integros
1121 2196 1237 2249 dies
1259 2203 1312 2249 et
1343 2195 1583 2260 integros
1614 2207 1852 2248 menses.
1871 2193 2051 2278 octies

470 2301 602 2356 ergo
629 2287 961 2355 multiplicati
989 2287 1224 2342 eﬂiciunt
1268 2287 1508 2356 integros
1549 2284 1666 2340 dies
1701 2293 1754 2339 et
1807 2285 2051 2354 integros

473 2391 688 2430 menses
705 2394 718 2440 ;
738 2378 851 2432 dies
865 2376 1078 2446 quidem
1097 2377 1185 2439 90,
1206 2393 1420 2432 menses
1437 2392 1562 2432 vero
1579 2384 1710 2431 tres.
1732 2373 1786 2429 Si
1810 2375 1972 2446 igitur
1994 2375 2048 2428 in

472 2467 780 2535 annojuxta
794 2470 960 2522 solem
977 2469 1258 2524 delicimus
1274 2469 1464 2525 diebus
1487 2469 1540 2523 ll
1564 2469 1682 2540 1/4,
1703 2467 2047 2522 manifestum

471 2561 717 2629 estquod
739 2562 790 2613 in
810 2571 934 2616 octo
954 2564 1111 2617 annis
1134 2563 1446 2620 deliciemus
1471 2563 1624 2632 juxta
1657 2563 1823 2618 solem
1853 2560 2046 2614 diebus

471 2650 563 2717 90,
584 2653 673 2723 qui
699 2661 823 2707 sunt
853 2671 1068 2710 menses
1093 2665 1222 2712 tres.
1257 2657 1428 2724 Quam
1446 2657 1514 2712 ob
1534 2671 1752 2712 causam
1775 2655 1828 2708 in
1853 2653 2043 2724 quavis

472 2744 798 2798 octacteride
830 2751 940 2800 tres
963 2757 1195 2818 aguntur
1225 2764 1440 2804 menses
1469 2747 1842 2808 intercalares,
1877 2743 2046 2799 utde-

2153 1906 2338 1978 λήνην.
2355 1907 2474 1960 Εἰσὶ
2505 1907 2561 1960 δὲ
2585 1909 2788 1979 ἡμέραι
2812 1915 2876 1962 ια’
2893 1907 3042 1978 α’ίδκ
3061 1907 3184 1960 Ἐὰν
3207 1906 3316 1978 ἄρα
3329 1905 3467 1960 κατά
3492 1905 3733 1977 σελήνην

2152 1996 2373 2068 ἄγωμεν
2425 1999 2550 2061 τοὺς
2599 1998 2772 2069 μῆνας
2822 1999 2879 2051 ἐν
2926 1997 3005 2068 τῷ
3057 1996 3309 2067 ἐνιαυτῷ,
3355 1997 3732 2068 ὑστερήσομεν

2150 2090 2363 2162 ἡμέρας
2389 2091 2539 2162 παρά
2565 2091 2656 2144 τὸν
2679 2091 2771 2144 τοῦ
2809 2092 2958 2162 ήλίου
2987 2092 3227 2146 ἐνιαυτὸν
3251 2090 3478 2153 raw/6.
3498 2088 3733 2161 Ἐζήτη-

2153 2196 2250 2234 σαν
2271 2177 2363 2234 οὖν
2401 2181 2631 2245 ποσάκις
2658 2183 2817 2236 αὑταὶ
2855 2185 2910 2237 αἱ
2937 2184 3140 2254 ἡμέραι
3167 2181 3731 2236 πλυπλασιασθεῖσαι

2150 2273 2500 2328 ἀποτελοῦσιν
2532 2275 2658 2338 ὅλας
2685 2275 2898 2348 ἡμέρας
2927 2278 3019 2330 καὶ
3041 2276 3196 2339 ὅλους
3232 2276 3425 2347 μῆνας.
3465 2275 3731 2338 Ὀκτάκις

2150 2362 2240 2420 οὖν
2263 2365 2808 2421 πολυπλασιασθεῖσαι
2838 2366 3190 2421 ἀποτελοῦσιν
3228 2366 3354 2429 ὅλας
3377 2365 3591 2438 ἡμέρας
3629 2367 3733 2417 καὶ

2149 2457 2302 2520 ὅλους
2339 2456 2539 2528 μῆναςο
2571 2457 2782 2529 ἡμέρας
2829 2459 2926 2529 μὲν
2953 2456 3023 2525 ιζ,
3057 2457 3232 2529 μῆνας
3275 2458 3332 2510 δὲ
3361 2460 3530 2527 τρεῖς.
3568 2457 3732 2510 Ἐπεὶ

2148 2544 2240 2602 οὖν
2270 2551 2326 2602 ὲν
2363 2548 2440 2619 τῷ
2467 2550 2693 2622 ὲνιαυτῷ
2725 2551 2875 2621 παρὰ
2915 2551 3003 2604 τὸν
3030 2550 3180 2622 ἣλιον
3216 2550 3550 2622 ὑστεροῦμεν
3582 2551 3732 2619 ήμέ-

2151 2658 2250 2714 ρας
2273 2640 2338 2696 ια⁹
2354 2643 2476 2713 α’[δ
2486 2685 2500 2707 ,
2517 2645 2766 2715 φανερὸν,
2785 2646 2864 2697 ὅτι
2895 2647 2951 2698 ὲν
2967 2648 3077 2708 τοῖς
3093 2651 3139 2714 η’
3157 2643 3329 2696 ἐτεσιν
3351 2645 3475 2697 ὐστε
3485 2644 3616 2714 ρήσο
3623 2659 3730 2712 μεν

2148 2733 2298 2806 παρὰ
2323 2733 2413 2787 τὸν
2434 2735 2584 2806 ἥλιον
2605 2737 2816 2808 ἡμέρας
2837 2741 2907 2804 ις,
2945 2737 3106 2808 αἴπερ
3134 2737 3238 2790 εἰσὶ
3265 2737 3429 2807 μῆνες
3455 2735 3523 2804 γ’.
3550 2736 3627 2787 Δι’
3658 2737 3730 2804 ἦν

474 2831 648 2888 fectus
685 2835 777 2904 qui
821 2836 874 2888 lit
909 2837 1138 2908 singulis
1194 2839 1351 2894 annis
1379 2853 1409 2891 a
1453 2838 1598 2901 sole,
1651 2836 1954 2906 repleatur,
1988 2840 2041 2887 et

2147 2829 2323 2881 αἰτίαν
2363 2829 2481 2882 καθ’
2523 2830 2757 2902 ἑκάστην
2791 2831 3142 2902 ὀκταετηρίδα
3174 2834 3322 2902 τρεῖς
3367 2831 3586 2898 ἄγονται
3618 2827 3733 2898 μῆ-

473 2936 665 2981 rursus
701 2941 730 2979 a
757 2929 1016 2998 principio
1040 2970 1054 2992 ,
1097 2945 1220 2984 cum
1267 2937 1393 2985 octo
1446 2929 1572 2984 anni
1602 2927 1804 2983 fuerint
1845 2924 2040 2995 elapsi,

474 3012 614 3070 festa
649 3029 953 3089 congruant
985 3021 1051 3076 ad
1093 3022 1308 3076 easdem
1349 3021 1473 3075 anni
1513 3027 1882 3091 tempestates.
1927 3016 2042 3071 Hoc

472 3108 617 3162 enim
651 3125 771 3164 cum
798 3113 872 3176 lit,
898 3114 1165 3169 sacrificia
1194 3114 1300 3170 diis
1336 3129 1549 3184 semper
1580 3113 1932 3184 perlicientur
1981 3109 2037 3163 in

473 3201 664 3260 iisdem
694 3209 819 3263 anni
850 3211 1281 3281 tempestatibus.

553 3469 663 3532 1am
697 3490 823 3530 vero
847 3489 968 3529 cum
989 3490 1203 3530 menses
1235 3474 1604 3539 intercalares,
1632 3483 1894 3544 quantum
1921 3472 2034 3528 fieri
2068 3475 2114 3538 ο

473 3575 708 3641 poterat,
743 3582 809 3621 ex
841 3583 994 3638 aequo
1041 3568 1374 3622 collocarent
1419 3566 1615 3638 (neque
1663 3567 1804 3621 enim
1848 3580 2042 3636 exspe-

475 3658 732 3715 ctandum
785 3667 922 3721 erat,
976 3659 1150 3714 donec
1192 3670 1469 3715 menstrua
1517 3661 1666 3716 fieret
1711 3660 1940 3713 variatio
1975 3657 2042 3713 ad

473 3753 865 3824 apparentiam,
911 3769 1086 3822 neque
1111 3753 1267 3821 juxta
1298 3755 1531 3808 solarem
1578 3768 1798 3809 cursum
1831 3753 2040 3823 integer

477 3845 682 3899 mensis
702 3851 819 3898 erat
842 3846 1304 3917 antevertemlus),
1343 3847 1413 3901 ob
1440 3862 1558 3903 eam
1605 3861 1827 3900 causam
1869 3845 2044 3899 inter-

474 3938 686 3993 calares
738 3952 953 3991 menses
980 3938 1384 3993 constituerunt
1439 3940 1522 4009 agi
1573 3937 1627 3992 in
1669 3937 1830 3992 tertio
1864 3952 2039 3999 anno,

471 4037 530 4085 et
559 4031 772 4100 quinto.
794 4039 849 4085 et
881 4039 1104 4096 octavo;
1151 4029 1290 4085 duos
1339 4030 1556 4100 quidem
1589 4045 1825 4096 menses,
1875 4030 2045 4085 inter-

471 4119 635 4190 ieclis
665 4121 877 4175 duobus
906 4121 1062 4174 annis
1082 4135 1096 4170 :
1118 4134 1284 4173 unum
1320 4135 1449 4173 vero
1481 4133 1745 4183 mensem,
1772 4132 1880 4172 uno
1905 4118 2038 4170 dnuo

475 4223 624 4270 taxat
657 4231 800 4270 anno
825 4215 1167 4282 interposito.
1193 4211 1338 4265 Nihil
1381 4222 1561 4267 autem
1606 4212 1790 4277 refert,
1825 4209 2038 4266 etiamsi

475 4307 531 4362 in
563 4308 685 4362 aliis
714 4308 871 4361 annis
897 4305 1141 4360 eamdem
1184 4304 1596 4374 dispositionem
1630 4302 2038 4358 intercalarium

475 4400 740 4458 mensium
772 4397 970 4469 aliquis
997 4397 1218 4451 laceret.
1261 4395 1454 4464 Agitur
1487 4404 1666 4450 autem
1699 4394 1910 4448 lunaris
1941 4408 2042 4447 an-

477 4507 578 4549 nus
606 4492 814 4547 dierum
857 4491 961 4546 554
982 4510 994 4546 :
1014 4505 1174 4561 quam
1191 4488 1260 4545 ob
1285 4503 1505 4545 causam
1534 4495 1862 4559 putaverunt
1891 4503 2042 4542 men-

577 4605 622 4638 ⁸⁸
653 4606 694 4673 f.
723 4604 968 4660 ἐντεῦθεν

543 4695 654 4768 (37)
691 4698 768 4750 Ai‘
803 4695 881 4764 ἡν
904 4698 1118 4749 ηιτίαν.
1144 4691 1666 4768 Animadvertendus
1700 4691 1789 4768 hic
1820 4701 1903 4747 est
1925 4707 2040 4746 em-

469 4763 796 4824 bolimorum
834 4763 1119 4821 mensium
1178 4766 1316 4820 situs
1377 4763 1430 4816 in
1487 4763 1844 4824 octaeteride.
1893 4778 2032 4832 quos

2145 2936 2235 2982 νες
2267 2919 2568 2992 ἐμϐόλιμοι,
2601 2923 2688 2976 ἴνα
2719 2923 2779 2976 τὸ
2807 2923 2926 2976 καθ’
2964 2923 3192 2976 ἕκαστον
3229 2923 3472 2977 ἐνιαυτὸν
3499 2922 3728 2992 γινόμε-

2146 3028 2233 3064 νον
2267 3010 2530 3084 ἔλλειμμα
2560 3015 2694 3086 πρὸς
2723 3016 2812 3069 τὸν
2839 3017 2987 3088 ἥλιον
3019 3017 3406 3090 ἀναπληρωθῇ,
3433 3018 3528 3068 καὶ
3557 3014 3728 3068 πάλιν

2146 3103 2203 3171 ἐξ
2237 3104 2430 3175 ἀρχῆς.
2466 3105 2779 3162 διελθόντων
2822 3110 2930 3164 τῶν
2970 3119 3016 3182 η’
3065 3111 3221 3178 ἑτῶν,
3273 3108 3636 3181 συμφωνῶσιν
3668 3110 3726 3161 αί

2138 3200 2321 3270 ἑορταὶ
2365 3201 2499 3272 πρὸς
2544 3202 2642 3267 τὰς
2675 3204 2844 3269 αὑτὰς
2876 3205 3044 3277 ὧρας.
3090 3206 3376 3278 Γινομένου
3411 3206 3468 3259 δὲ
3506 3205 3727 3270 τούτου,

2144 3291 2198 3341 αί
2219 3289 2395 3345 θυσίαι
2419 3297 2527 3358 τοῖς
2555 3293 2694 3359 θεοῖς
2717 3295 2804 3350 διὰ
2825 3298 3022 3360 παντὸς
3061 3297 3559 3370 ὲπιτελεσθήσονται
3582 3299 3728 3352 κατὰ

2145 3384 2242 3448 τὰς
2267 3387 2434 3453 αὑτάς
2463 3389 2607 3462 ὥρας
2628 3390 2720 3445 τοῦ
2749 3393 3013 3447 ἐνιαυτοῦ.

2219 3480 2354 3552 Ἤδη
2416 3483 2664 3553 μέντοιγε
2707 3486 2832 3548 τοὺς
2877 3485 3206 3556 ἐμϐολίμους
3248 3484 3601 3551 διατάξαντες
3645 3486 3726 3550 ὡς

2142 3566 2210 3643 ἦν
2244 3573 2589 3646 ἐνδεχόμενον
2628 3576 2858 3647 μάλιστα
2895 3578 2962 3632 δι’
2994 3579 3107 3631 ἴσου
3134 3595 3147 3608 ·
3184 3577 3306 3632 οὔτε
3352 3578 3460 3650 γάρ
3497 3581 3726 3649 περιμέ-

2143 3675 2254 3712 νειν
2283 3658 2381 3724 δεῖ,
2415 3661 2520 3725 ἕως
2554 3659 2614 3717 οῦ
2647 3667 2891 3734 μηνιαῖον
2924 3666 3144 3736 γένηται
3183 3667 3554 3738 παράλλαγμα
3585 3669 3723 3738 πρὸς

2144 3752 2204 3806 τδ
2233 3755 2570 3825 φαινόμενον,
2602 3755 2723 3808 οὔτε
2756 3757 3158 3829 προλαμϐάνειν
3190 3757 3339 3830 παρὰ
3377 3759 3467 3811 τὸν
3493 3757 3721 3829 ἡλιακὸν

2143 3844 2341 3917 δρόμον
2389 3847 2689 3918 μῆνα-ὅλον
2715 3864 2727 3877 ⁸
2777 3848 2844 3901 δι’
2887 3849 2952 3920 ἣν
2996 3850 3174 3903 αἰτίαν
3219 3852 3345 3913 τοὺς
3391 3850 3721 3921 ἐμϐολίμους

2149 3937 2320 4008 μῆνας
2348 3938 2539 4002 ἔταξαν
2560 3941 2786 4008 ἄγεσθαι
2815 3944 2871 3995 ὲν
2889 3941 2966 4013 τῷ
2987 3943 3152 4014 τρίτῳ
3178 3943 3308 4003 ἔτει,
3335 3943 3429 3996 καὶ
3460 3945 3719 4014 πέμπτῳ,

2147 4030 2239 4082 καὶ
2263 4029 2431 4101 ὀγδόῳ
2451 4048 2464 4062 ο
2494 4031 2588 4085 δύο
2619 4034 2716 4104 μὲν
2757 4034 2932 4104 μῆνας
2963 4034 3161 4106 μεταξὺ
3201 4034 3292 4088 δύο
3329 4034 3466 4087 ἑτῶν
3492 4034 3719 4087 πιπτόν⁶

2143 4137 2270 4187 των,
2303 4123 2395 4176 ἕνα
2423 4124 2480 4176 δὲ
2513 4124 2714 4195 μεταξὺ
2739 4127 2855 4190 ἑνὸς
2877 4127 3122 4182 ἐνιαυτοῦ
3147 4127 3438 4199 ἀγομένου.
3463 4127 3629 4181 Οὐδὲν
3659 4127 3714 4180 δὲ

2144 4213 2408 4285 διαφέρει,
2439 4215 2530 4268 ἐὰν
2569 4219 2662 4272 καὶ
2701 4219 2757 4271 ὲν
2803 4219 2983 4284 ἄλλοις
3020 4221 3165 4273 ἔτεσι
3202 4220 3300 4292 τὴν
3334 4219 3498 4292 αὐτὴν
3525 4219 3710 4273 διάτα-

2147 4301 2225 4367 ξιν
2247 4303 2353 4356 τῶν
2389 4305 2697 4378 ὲμόολίμων
2733 4309 2917 4380 μηνῶν
2952 4309 3243 4381 ποιήσηταί
3276 4328 3378 4374 τις.
3407 4312 3625 4379 ’Δγεται
3649 4308 3709 4362 δὲ

2143 4399 2172 4450 ὁ
2204 4398 2344 4451 κατὰ
2397 4400 2626 4473 σελήνην
2677 4403 2919 4467 ἐνιαυτὸς
2966 4404 3184 4475 ἡμερῶν
3226 4404 3330 4458 τνδ¹
3357 4422 3370 4435 ·
3418 4404 3483 4458 δι’
3517 4405 3584 4473 ήν
3625 4405 3711 4456 αι-

2143 4489 2260 4542 τίαν
2293 4491 2405 4562 (57)
2440 4493 2706 4549 ὑπέλαϐον
2752 4491 2890 4550 εἶναι
2939 4495 3030 4549 τὸν
3087 4494 3228 4549 κατὰ
3282 4496 3505 4566 σελήνην
3561 4492 3710 4564 μῆνα

2143 4693 2332 4770 eodem
2357 4694 2410 4749 in
2441 4711 2585 4752 anno
2609 4741 2624 4760 ,
2659 4699 2752 4753 sed
2784 4699 3042 4770 paulatim
3074 4697 3417 4770 dispensatos
3439 4707 3562 4770 e_sse
3585 4693 3712 4770 τοὺς

2143 4764 2472 4840 ἐμϐολίμους
2519 4762 2881 4833 asserebant;
2935 4762 3389 4840 quemadmodum
3447 4762 3712 4817 Geminus

471 4822 820 4913 anno_tertio,
848 4837 1060 4913 quinto,
1095 4843 1154 4913 et
1179 4841 1379 4913 octavo
1408 4833 1758 4913 interealatos
1782 4822 2026 4913 esse-do-
2061 4822 2113 4884 Ι)
2136 4822 2352 4906 egregie
2393 4822 2732 4895 demonstrat
2755 4822 2896 4913 {qui
2942 4822 3164 4910 quidem
3201 4840 3438 4913 scriptor
3461 4846 3706 4913 propter

468 4919 574 4966 cet.
599 4907 756 4963 Falso
787 4902 914 4978 ergo
957 4905 1283 4968 Macrobius,
1314 4911 1367 4960 et
1393 4911 1518 4958 ante
1549 4903 1695 4956 hunc
1724 4902 1943 4959 Solinus
1971 4905 2027 4960 in

470 4980 577 5034 ﬁne
597 4977 943 5033 uctaeteridis
971 4986 1081 5032 tres
1121 4978 1323 5032 solidos
1356 4989 1571 5030 menses
1600 4980 1752 5028 extra
1780 4977 2025 5030 ordinem

472 5049 770 5104 inculcatos
807 5063 835 5100 a
867 5047 1070 5104 Graecis
1100 5057 1350 5103 asserunt
1380 5065 1392 5100 :
1431 5045 1503 5099 ita
1545 5056 1603 5098 ut
1645 5061 1818 5100 nonus
1853 5060 2028 5101 annus

470 5120 883 5188 quadringentis
912 5127 965 5173 et
998 5129 1229 5186 quatuor
1273 5118 1462 5171 diebus
1505 5116 1890 5186 explicaretur,
1925 5116 2028 5170 hoc

471 5197 556 5243 est
585 5190 874 5257 nonaginta
903 5189 967 5241 ad
1009 5189 1312 5257 ordinarios
1333 5202 1520 5241 cccuv
1545 5188 1830 5253 adjunctus
1867 5201 2028 5256 cape-

471 5267 572 5312 ret.
609 5255 887 5326 Nunquam
924 5260 992 5311 ita
1031 5255 1202 5311 Gneei
1243 5275 1441 5311 annum
1475 5273 1632 5312 suum
1683 5255 2025 5312 ordinarunt.

472 5328 658 5392 itaque
686 5328 1045 5398 παράκουσμα
1075 5328 1218 5383 istud
1251 5337 1334 5383 est
1380 5328 1586 5389 Solini;
1631 5344 1790 5398 quem
1827 5337 2029 5383 temere

472 5408 774 5453 assectatus
810 5407 894 5451 est
931 5399 1256 5456 Macrobius.
1301 5399 1434 5454 Cum
1479 5401 1622 5453 enim
1654 5400 1870 5467 legisset
1914 5399 2022 5461 ille,

473 5467 528 5522 in
584 5469 909 5523 octaeterinle
964 5468 1148 5524 Grzcca
1213 5485 1425 5524 menses
1491 5484 1612 5524 esse
1672 5469 2024 5524 intercalares

472 5545 615 5600 tres,
650 5540 763 5593 sive
814 5542 907 5602 ita,
959 5549 1200 5595 vertente
1249 5539 1576 5595 octaeteride
1605 5539 1829 5593 totidem
1872 5546 2025 5592 extra

469 5608 714 5680 ordinem
749 5610 1040 5678 imputatos
1069 5627 1188 5665 esse
1235 5625 1446 5664 menses
1478 5610 1823 5680 ἐμϐολίμους,
1861 5617 2021 5676 puta-

469 5679 548 5751 lit
573 5678 781 5751 ἁθρόως
811 5690 864 5735 et
909 5684 962 5735 in
1012 5681 1258 5736 eumdem
1293 5678 1521 5734 annum
1552 5696 1673 5735 esse
1710 5688 2020 5751 congestos.

470 5738 807 5819 νεκροὶ-συί
849 5752 924 5806 ita
971 5751 1300 5817 scribebant,
1357 5767 1464 5806 non
1513 5753 1699 5823 utique
1747 5738 1930 5819 simul,
1967 5757 2024 5806 et

2136 4904 2246 4977 nun
2273 4904 2605 4964 uetustatem
2653 4904 2839 4977 modo,
2879 4904 2982 4966 sed'
3021 4925 3179 4965 usum
3232 4904 3710 4977 ctitintﬁoclrina:

2138 4976 2418 5101 ιιιιῇιιε,ιρῗ
2445 4981 2748 5046 scientiam,
2777 4973 3050 5038 sexcentis
3081 4979 3286 5036 Solinis
3319 4991 3386 5030 ac
3415 4973 3709 5029 Macrobiia

2138 5057 2328 5101 anteet}
2374 5066 2386 5101 ι
2419 5088 2433 5101 .

2137 5049 2433 5103 antecellit.

2204 5117 2391 5174 Credit
2425 5117 2738 5189 Soliniagnus
2777 5124 3183 5189 commentator
3216 5116 3516 5189 tSalmasw
3561 5115 3703 5171 Plin.

2135 5191 2348 5242 exercit.
2401 5204 2454 5259 p.
2498 5187 2562 5242 i9
2608 5187 2648 5241 Β
2677 5197 2730 5241 et
2760 5188 2823 5254 C)
2871 5188 2925 5241 in
2955 5187 3327 5259 descriptione
3361 5190 3449 5242 illa
3485 5187 3693 5259 Graeca-

2135 5259 2272 5312 nica:
2311 5258 2740 5319 interealationis
2776 5273 2881 5312 non
2913 5261 3203 5315 convenire
3236 5258 3572 5314 Macrobium
3619 5258 3702 5311 in-

2135 5336 2215 5383 ter
2245 5336 2300 5382 et
2328 5329 2613 5383 Soliuum:
2648 5330 2789 5398 quod
2835 5329 3056 5384 Solinus
3097 5346 3240 5383 anno
3280 5345 3424 5384 nouo
3467 5330 3701 5382 interea-

2132 5398 2274 5452 latus
2360 5413 2480 5453 esse
2517 5468 2526 5469 ί
2560 5401 2839 5469 scripserit
2906 5415 3120 5454 menses
3177 5409 3323 5462 tres,
3402 5401 3516 5453 sive
3584 5399 3699 5469 dies

2131 5469 2421 5540 nonaginta
2452 5487 2464 5522 :
2496 5468 2599 5535 Qui
2642 5468 2779 5522 anno
2815 5487 2950 5524 nouo
2993 5472 3222 5524 restituti
3267 5469 3554 5540 eﬁiciebant
3589 5468 3698 5521 dies

2130 5539 2536 5608 quadringentos
2589 5540 2945 5610 quadraginta
2988 5553 3238 5610 quatuor,
3289 5539 3342 5594 at
3401 5540 3702 5610 Macrobius

2132 5607 2309 5682 octavo
2349 5607 2548 5680 quoque
2577 5607 2714 5682 (uiuo
2744 5607 2814 5664 id'
2837 5607 3146 5682 dicat—esse
3177 5611 3496 5682 perfectum.
3545 5607 3702 5682 Nulla

2132 5679 2274 5753 inter
2315 5678 2408 5753 eos
2455 5678 2764 5753 discordia;
2812 5699 2986 5751 neque
3021 5678 3243 5738 Solinus
3272 5683 3541 5753 principio
3571 5678 3698 5732 anni

2130 5751 2260 5807 noui
2319 5748 2699 5808 intercalatum
2758 5748 2914 5810 csae’
2943 5753 3135 5826 docet,
3207 5748 3331 5810 cuin
3393 5748 3468 5808 id'
3504 5759 3698 5808 octavo
