4000 6206
302 351 406 406 815

1311 353 1545 410 GEMINI
1585 355 1952 411 ELEMENTA
1992 352 2478 410 ASTRONOMLE.

3398 357 3506 417 814

291 463 602 528 πλεονάζειν
661 464 784 528 τοὺς
838 465 1060 539 πλήρεις
1107 469 1214 522 τῶν
1249 471 1440 528 κοίλων
1483 475 1686 545 μηνῶν.
1717 476 1849 530 Οὐδὲ

1957 475 2129 541 Quam
2175 477 2246 529 ob
2313 488 2532 530 causam
2587 481 2802 543 oportet
2851 473 3042 544 plenos
3068 493 3286 534 menses
3320 480 3504 551 plures

295 558 400 628 μὴν
429 558 488 610 ὲν
537 561 646 621 τοῖς
669 572 717 630 η’
767 561 908 614 ἔτεσι
934 564 1079 633 τρεῖς
1110 558 1201 617 οὖν
1241 563 1402 618 ἔνεισι
1431 568 1595 636 μῆνες
1635 569 1848 639 ἐμϐόλι-

294 668 400 720 μοι.
432 653 494 704 Εἰ
524 653 622 722 μὲν
664 654 770 727 γὰρ
811 651 878 726 ἦν
911 657 939 708 ὁ
964 659 1204 722 ἐνιαυτὸς
1231 659 1259 710 ό
1287 661 1427 713 κατά
1462 661 1686 733 σελήνην
1715 665 1850 734 ἠμε-

295 743 401 813 ρῶν
444 745 571 808 τνδ’,
597 741 665 815 ἦν
712 746 778 800 ἂν
835 750 868 819 ὴ
922 749 1159 822 ὑπεροχὴ
1203 752 1295 806 τοῦ
1345 751 1569 823 ἡλιακοῦ
1604 755 1846 808 ἐνιαυτοῦ

294 835 511 904 ἡμερῶν
542 833 607 888 ια’
640 837 758 908 αλδ.
789 831 956 891 Αὗται
986 839 1043 892 δὲ
1063 841 1283 905 ὀκτάκις
1302 843 1848 897 πολυπλασιασθεῖσαι

293 926 659 998 συνεπλήρουν
714 929 781 981 ἂν
822 931 947 993 τοὺς
999 937 1046 998 γ’
1080 932 1253 1002 μῆνας
1310 935 1434 997 τοὺς
1483 935 1843 1005 ἐμϐολίμους·

293 1017 407 1068 νυνὶ
447 1017 505 1069 δὲ
546 1019 574 1069 ὁ
620 1021 758 1074 κατὰ
795 1021 1020 1093 σελήνην
1059 1023 1299 1089 ἐνιαυτὸς
1327 1025 1568 1097 ἀκριϐῶς
1594 1029 1709 1080 ἐστι
1745 1028 1847 1080 τνδ¹

290 1107 366 1169 ὡς
395 1106 622 1176 ἔγγιστα
669 1112 874 1180 τρίτου.
917 1114 1042 1167 Ἐὰν
1071 1110 1166 1168 οὖν
1196 1116 1484 1188 ἀφέλωμεν
1513 1117 1580 1170 τὰ
1604 1118 1706 1171 τνδ¹
1741 1120 1848 1187 αίγ

291 1200 397 1254 ἀπὸ
416 1200 522 1253 τῶν
547 1200 652 1266 eis}
669 1203 792 1274 αίδ,
817 1205 1329 1277 καταλειφθήσονται
1353 1208 1556 1280 ἡμέραι
1585 1217 1634 1273 ι’,
1663 1217 1730 1264 ια’
1749 1213 1849 1263 6w-

289 1287 544 1354 δεκάδες·
586 1283 746 1345 αὗται
794 1293 851 1346 δὲ
896 1296 1439 1352 ὀκταπλασιασθεῖσαι
1497 1300 1847 1354 ἀποτελοῦσιν

289 1380 502 1451 ἡμέρας
520 1384 605 1448 πξν
631 1385 737 1454 αίγ
761 1385 836 1449 ὡς
856 1385 1095 1457 ἔγγιστα.
1121 1386 1289 1445 Δῦται
1314 1391 1370 1444 δὲ
1391 1393 1589 1464 ἡμέραι
1616 1396 1675 1447 οι)
1708 1413 1816 1466 σνμ
1832 1425 1846 1437 -

291 1470 554 1541 πληροῦσι
600 1480 648 1541 γ’
687 1474 881 1545 μῆνας.
929 1477 1008 1530 Δι’
1054 1479 1120 1550 ἢν
1148 1479 1324 1534 αἰτίαν
1349 1481 1408 1534 οὐ
1443 1482 1524 1534 δεῖ
1555 1485 1766 1552 ἀγνοεῖν
1790 1487 1847 1538 ὲν

289 1565 400 1625 τοῖς
422 1570 473 1633 η’
497 1564 639 1617 ἔτεσι
665 1566 712 1634 γ’
746 1568 916 1637 μῆνας
951 1568 1274 1642 ἐμϐολίμους
1307 1573 1380 1644 μὴ
1409 1572 1665 1628 δύνασθαι
1688 1571 1844 1629 εἶναι.

291 1651 462 1706 Τοῦτο
493 1653 548 1712 δὲ
591 1657 682 1708 καὶ
723 1656 809 1709 διὰ
842 1658 941 1728 τῆς
959 1661 1597 1734 ιέννεακαιδεκαετηρίδος
1620 1665 1848 1735 φανερὸν

289 1743 519 1810 γίνεται.
582 1747 667 1798 Ἑν
716 1748 822 1820 γὰρ
861 1751 970 1812 τοῖς
1009 1749 1073 1803 ιϐ’
1121 1751 1263 1805 ἔτεσι
1303 1751 1345 1816 ζ’
1373 1754 1538 1823 μῆνες
1564 1754 1844 1825 ἐμϐόλιμοι

1947 579 2068 619 esse
2094 564 2243 617 cavis
2292 563 2593 618 mensibus.
2644 562 2829 635 Neque
2888 582 3021 621 vero
3076 568 3132 622 in
3165 576 3292 624 octo
3345 576 3504 629 annis

1948 661 2060 709 tres
2081 654 2190 723 jam
2224 655 2409 709 insunt
2431 669 2646 709 menses
2675 655 3045 713 intercalares.
3083 657 3137 712 Si
3159 659 3302 714 enim
3327 675 3504 718 annus

1948 745 2157 800 lunaris
2187 753 2331 800 esset
2382 746 2595 800 dierum
2643 747 2768 811 554.
2817 749 3015 804 solaris
3059 765 3235 806 annus
3265 730 3504 808 haberet

1947 852 2226 891 excessum
2245 837 2451 891 dierum
2472 838 2531 890 11
2575 838 2692 906 1/4.
2714 840 2778 891 Ili
2798 842 2965 895 octies
2997 843 3339 912 multiplicati
3362 860 3507 899 com-

1949 929 2159 997 plorent
2189 935 2299 983 tres
2327 943 2541 983 menses
2581 915 2958 986 intercalares.
3011 931 3168 987 Nunc
3188 949 3317 989 vero
3347 937 3504 990 luna-

1950 1019 2027 1071 ris
2047 1019 2478 1092 annuspra’cise
2503 1026 2588 1074 est
2618 1019 2827 1074 dierum
2856 1021 3081 1092 5541/5
3102 1022 3234 1080 fere.
3263 1021 3318 1078 Si
3340 1026 3506 1096 igitur

1949 1109 2052 1161 554
2075 1109 2170 1178 l/3
2188 1109 2497 1164 auferamus
2528 1125 2558 1162 a
2589 1110 2693 1164 565
2733 1111 2834 1181 1/4
2863 1112 3240 1183 relinquentur
3279 1117 3396 1172 dies
3437 1117 3506 1194 10

1950 1195 2124 1266 11/19.
2159 1216 2171 1250 :
2205 1197 2296 1266 qui
2334 1213 2426 1266 per
2452 1197 2487 1252 8
2517 1199 2862 1268 multiplicati
2891 1201 3129 1257 eﬂiciunt
3162 1205 3282 1261 dies
3311 1201 3505 1278 871/3

1952 1286 2081 1341 fere.
2136 1289 2199 1340 Hi
2258 1298 2435 1342 autem
2481 1288 2598 1344 dies
2653 1307 2759 1344 non
2810 1295 3083 1362 complent
3132 1305 3243 1352 tres
3269 1314 3504 1355 menses.

1951 1377 2122 1444 Quam
2151 1379 2221 1435 ob
2253 1395 2473 1435 causam
2497 1397 2603 1435 non
2627 1383 3161 1452 estignorandumin
3196 1399 3320 1444 octo
3345 1392 3504 1448 annis

1950 1480 2064 1526 tres
2096 1473 2684 1528 niensesintercalares
2711 1490 2820 1529 non
2844 1491 3004 1544 posse
3019 1493 3162 1534 esse.
3188 1479 3301 1536 Hoc
3327 1492 3504 1536 autem

1947 1562 2111 1616 etiam
2143 1578 2237 1631 per
2261 1563 2878 1631 enneakazdecaeterida,
2912 1567 2965 1622 id
2995 1578 3080 1622 est
3111 1569 3391 1638 periodum
3440 1554 3508 1625 19

1949 1667 2238 1715 annorum,
2273 1653 2329 1706 lit
2361 1655 2729 1710 manifestum.
2770 1654 2827 1708 In
2855 1657 3015 1712 anuis
3047 1659 3192 1712 enim
3233 1659 3300 1714 19
3334 1677 3506 1731 agun-

1953 1752 2042 1798 tur
2066 1744 2097 1796 7
2127 1760 2343 1799 menses
2372 1745 2745 1809 intercalares,
2769 1755 2823 1801 et
2849 1762 2915 1801 ex
2944 1748 3244 1817 majoribus
3293 1761 3503 1821 tempo-

289 1839 531 1905 ἄγονται,
575 1841 670 1891 καὶ
714 1841 778 1894 ὲκ
842 1841 1096 1896 πλειόνων
1155 1845 1362 1915 χρόνων
1409 1849 1758 1918 συμφωνήσει
1813 1850 1845 1918 ἡ

1951 1836 2101 1890 ribus
2130 1845 2392 1907 congruet
2419 1838 3045 1894 enneakzedecaeterisin
3075 1842 3340 1897 mensium
3379 1860 3504 1898 usu.

289 1929 849 2002 ὲννεακαιδεκαετηρὶς
905 1934 1044 1986 κατὰ
1088 1935 1186 2005 τὴν
1232 1935 1338 1987 τῶν
1369 1937 1551 2008 μηνῶν
1586 1939 1806 2007 ἀγωγήν
1830 1955 1843 1968 °

289 2022 346 2074 ὲν
402 2023 510 2092 ἄρα
552 2027 669 2086 ταῖς
717 2023 858 2077 ὀκτὼ
898 2026 1522 2099 ὲννεακαιδεκαετηρίσιν
1569 2030 1847 2100 ἐμϐόλιμοι

292 2114 457 2183 μῆνες
501 2115 822 2185 ἀχθήσονται
869 2125 974 2181 νς’.
1013 2119 1099 2170 Ἐν
1132 2117 1189 2170 δὲ
1233 2122 1296 2189 τῇ
1325 2121 1656 2192 ὀκταετηρίδι
1685 2121 1848 2191 μῆνες

289 2204 573 2275 ἐμϐόλιμοι
603 2205 819 2274 ἄγονται
848 2214 896 2276 γ’
918 2225 930 2237 ·
964 2209 1021 2259 ἐν
1055 2209 1161 2279 ἄρα
1195 2213 1314 2272 ταῖς
1351 2209 1414 2263 ιϐ’
1447 2211 1845 2282 ὀκταετηρίσιν,

289 2295 424 2364 ὅπερ
457 2297 603 2348 ἐστὶν
649 2296 743 2367 ἔτη
797 2299 926 2369 ρνβ⁹,
966 2299 1241 2370 ἐμϐόλιμοι
1287 2301 1504 2368 ἄγονται
1536 2301 1630 2365 νς.
1673 2303 1760 2354 Ἐν
1790 2303 1846 2355 δὲ

287 2386 362 2456 τῷ
392 2388 542 2458 αὐτῷ
595 2389 768 2460 χρόνῳ
805 2391 944 2444 κατὰ
985 2392 1082 2462 τὴν
1110 2394 1708 2466 ὲννεακαιδεκαετηρίδα
1749 2395 1847 2466 τὴν

293 2478 684 2548 συμφωνοῦσαν
706 2483 816 2544 τοῖς
838 2483 1173 2553 φαινομένοις
1200 2484 1480 2554 ἐμϐόλιμοι
1508 2487 1672 2557 μῆνες
1699 2488 1848 2554 ἄγον-

287 2587 372 2622 ται
396 2578 503 2635 ν;”·
520 2572 657 2624 ὥστε
675 2571 982 2636 πλεονάζειν
1004 2573 1101 2645 τὴν
1121 2576 1472 2646 όκταετηρίδα
1499 2577 1577 2629 ἐν).
1601 2578 1727 2647 μηνὶ
1753 2579 1777 2628 ἐ
1785 2595 1847 2646 μ-

291 2662 514 2734 ϐολίμῳ.
531 2664 640 2717 Οὐκ
655 2666 812 2736 ᾶραή
845 2665 1165 2736 όκταετηρὶς
1191 2670 1336 2737 τρεῖς
1355 2668 1528 2737 μῆνας
1556 2667 1666 2737 ἔχει
1687 2669 1849 2738 ἐμϐο-

288 2753 504 2824 λίμουςο
537 2754 670 2808 ἀλλά
693 2755 783 2808 καὶ
811 2757 949 2809 κατά
964 2755 1117 2809 τοῦτο
1143 2757 1556 2829 διημάρτηταιή
1583 2758 1842 2828 περίοδος.

358 2845 579 2917 Διόπερ,
607 2845 792 2918 ἐπειδὴ
820 2848 1264 2920 διημαρτημένην
1288 2845 1424 2901 εἶναι
1457 2849 1728 2902 συνέϐαινε
1753 2849 1848 2920 τὴν

292 2937 646 3008 ὀκταετηρίδα
683 2939 820 2991 κατά
859 2939 1051 2999 πάντα,
1097 2938 1286 3009 ἑτέραν
1316 2940 1559 3009 περίοδον
1591 2944 1846 3012 συνεστή-

293 3043 452 3078 σαντο
472 3027 572 3097 τὴν
599 3027 698 3097 τῆς
739 3028 1361 3100 ὲννεακαιδεκαετηρίδος
1406 3032 1453 3084 οἱ
1487 3033 1611 3102 περὶ
1637 3032 1846 3102 Εὐκτή-

293 3137 427 3186 μονα
455 3120 567 3191 (si)
601 3160 616 3182 ,
648 3122 740 3174 καὶ
774 3122 1056 3187 Φίλιππον,
1091 3123 1184 3176 καὶ
1207 3123 1489 3178 Κάλιππον
1511 3125 1843 3197 ἀστρολόγοι.
1871 3173 1918 3235 c

290 3295 472 3342 versu,
503 3285 560 3332 et
593 3293 712 3348 qua:
740 3278 1066 3347 respondent
1098 3295 1128 3334 e
1155 3279 1361 3334 directo
1393 3281 1649 3334 horarum
1680 3283 1846 3337 ratio—

288 3351 433 3404 cinia
470 3349 756 3418 capiantur
785 3369 796 3402 :
825 3352 898 3402 ita
929 3357 988 3420 ut
1033 3350 1078 3402 si
1129 3355 1384 3419 scrupula
1437 3351 1629 3404 diurna
1675 3353 1845 3420 prima

288 3423 421 3480 sint.
455 3434 576 3484 qua:
606 3420 690 3474 his
741 3419 1089 3490 respondent,
1144 3435 1240 3490 pro
1284 3422 1454 3490 horis,
1490 3432 1544 3475 et
1592 3419 1844 3476 horarum

289 3490 566 3558 scrupulis
596 3489 786 3560 primis
815 3489 1134 3543 habeantur.
1173 3489 1229 3543 Si
1259 3489 1515 3560 scrupula
1536 3492 1730 3545 diurna
1761 3509 1846 3547 se-

288 3565 470 3632 cunda
509 3559 788 3632 pr0posita
819 3561 950 3621 sint,
986 3561 1131 3613 horae
1159 3561 1269 3614 sint
1295 3559 1589 3630 primorum
1620 3577 1848 3632 scrupu-

288 3631 468 3683 lorum
524 3631 739 3691 instar;
789 3639 845 3683 et
895 3633 1149 3698 scrupula
1216 3635 1386 3699 prima
1444 3631 1845 3699 secundorum;

286 3710 456 3769 atque
490 3699 562 3752 ita
590 3700 846 3767 deinceps
875 3715 984 3752 tino
1009 3702 1179 3768 gradu
1209 3701 1462 3770 scrupula
1493 3701 1844 3756 descendant.

287 3771 368 3824 Ad
402 3771 547 3822 hunc
582 3784 710 3838 ergo
738 3771 958 3822 modum
987 3769 1091 3823 ista
1123 3769 1577 3839 computabimus.

1167 3885 1326 3938 Horae

358 3955 444 4008 δι’
555 3951 819 4021 Scrupula
855 3953 1048 4008 diurna
1207 3955 1274 4006 I2
1343 3955 1426 4008 ειν
1535 3953 1598 4018 0"
1703 3954 1777 4007 0"’

361 4025 459 4078 50"
553 4024 800 4080 Secunda
1239 4024 1274 4076 0
1343 4025 1414 4078 20
1535 4028 1568 4078 0
1713 4029 1747 4079 0

397 4135 475 4189 8'"
547 4135 729 4190 Tertia
1241 4137 1275 4191 0
1379 4136 1414 4191 0
1537 4137 1572 4189 5
1680 4137 1747 4190 12

361 4209 488 4262 20⁹”’
555 4205 758 4272 Quarta
1242 4209 1276 4260 0
1381 4212 1416 4258 0
1537 4210 1572 4259 0
1714 4210 1747 4261 8

1213 4321 1282 4375 ιε
1351 4321 1434 4376 ιιν
1507 4323 1602 4376 45η
1673 4322 1784 4376 20"

362 4434 576 4490 Rursus
612 4450 677 4489 ετ
713 4435 950 4490 secunda
979 4434 1161 4489 tabula
1202 4434 1589 4504 investigemus
1635 4442 1769 4505 quot
1799 4435 1852 4488 in

513 4320 734 4375 Summa
765 4321 1022 4376 horarum

297 4521 598 4577 sexagenas
639 4506 865 4560 diurnas
893 4515 1295 4559 commutentur
1323 4506 1466 4577 horae
1497 4505 1584 4565 12.
1630 4505 1735 4568 μ’,
1768 4506 1848 4566 3",
1876 4505 1927 4575 ἶ)

295 4575 652 4639 ἳοηίεοάεῐη
681 4577 930 4646 cautione
958 4583 1192 4638 servata,
1225 4582 1282 4627 ut
1307 4577 1350 4628 si
1385 4575 1532 4628 horae
1565 4579 1854 4646 proposita:

295 4650 427 4708 sint,
454 4661 573 4715 qua:
600 4647 668 4701 iis
699 4645 1021 4714 respondent
1051 4646 1398 4714 sexagesima
1428 4647 1636 4714 primae,
1660 4662 1856 4700 secun-

293 4719 400 4774 dae.
433 4729 563 4777 etc.,
595 4724 659 4768 ut
688 4716 742 4770 in
770 4717 951 4770 tabula
982 4724 1181 4769 notata:
1211 4722 1358 4776 sunt,
1392 4716 1711 4769 habeantur.
1759 4716 1855 4769 Sin

298 4802 401 4856 pro
422 4787 572 4839 horis
602 4789 853 4854 scrupula
883 4794 1272 4855 proponantur,
1304 4794 1418 4838 tum
1450 4786 1594 4840 horae
1619 4789 1673 4838 in
1703 4801 1856 4840 sexa-

299 4858 509 4926 gesima
560 4857 731 4924 prima
791 4857 1004 4926 horaria
1051 4856 1461 4926 convertendae,
1519 4857 1854 4925 sexagesima

295 4925 471 4996 prima
507 4926 563 4980 in
611 4929 868 4981 secunda.
903 4925 1014 4980 Hoc
1057 4926 1218 4978 modo
1247 4925 1428 4994 itaque
1470 4928 1608 4978 ratio
1638 4935 1856 4980 consta-

295 4998 398 5050 bit.

369 5127 527 5182 Hora:
919 5128 985 5181 12
1160 5129 1244 5184 30'
1348 5129 1408 5183 0"
1517 5131 1590 5185 0'"
1697 5132 1784 5180 0""

369 5198 638 5269 Scrupula
915 5197 999 5252 Μ’
1197 5201 1218 5252 1
1314 5201 1384 5253 50
1521 5203 1556 5254 0
1694 5200 1730 5254 0

367 5309 635 5380 Scrupula
950 5314 1010 5365 δ”
1188 5315 1221 5368 0
1347 5314 1380 5367 0
1523 5315 1554 5366 7
1661 5314 1730 5367 '50

367 5381 636 5450 Scrupula
912 5381 1022 5434 eum
1184 5385 1218 5437 ο
1349 5385 1383 5436 0
1524 5386 1558 5438 ο
1665 5386 1732 5437 50

371 5495 596 5550 Summa
1155 5498 1234 5551 '5I'
1311 5499 1404 5552 50"
1529 5498 1601 5550 8'"
1659 5497 1784 5552 20""

367 5587 486 5659 ιιι)
518 5592 582 5659 οι
614 5590 744 5657 περὶ
791 5589 1161 5658 Εὐκτήμονα.
1208 5589 1400 5644 Mirum
1431 5590 1497 5646 de
1537 5591 1747 5644 Metone
1776 5598 1856 5643 ta-

300 5658 481 5713 cuisse
507 5658 810 5721 Geminum,
843 5661 928 5712 cui
960 5671 1138 5713 tamen
1176 5662 1442 5729 praecipue
1488 5662 1765 5715 inventum
1792 5661 1854 5712 il-

300 5729 386 5782 lud
415 5729 921 5784 decemnovennalis
949 5731 1084 5786 cvcli
1110 5732 1390 5785 tribuitur.

372 5797 732 5868 Hipparchus,
765 5801 852 5854 lib.
905 5817 940 5861 i,
969 5789 1199 5869 Philippi
1247 5802 1566 5857 auctoritate
1604 5800 1852 5856 Attalum

1950 1926 2124 1997 Igitur
2174 1928 2226 1981 in
2288 1936 2411 1982 octo
2462 1929 2701 1999 periodis
2747 1931 2812 1984 19
2845 1946 3115 1986 annorum
3153 1934 3506 1989 intercalares

1947 2035 2163 2074 menses
2188 2028 2419 2088 agentur
2452 2020 2546 2084 56,
2586 2022 2988 2078 inoctaeteride
3017 2039 3234 2079 menses
3271 2027 3503 2081 interca-

1948 2112 2090 2166 lares
2141 2121 2378 2180 aguntur
2433 2122 2564 2166 tres.
2621 2113 2788 2183 Igitur
2839 2115 2891 2168 in
2952 2115 3018 2168 19
3067 2117 3503 2180 octaeteridibus,

1946 2221 2067 2276 quae
2093 2205 2301 2260 faciunt
2329 2222 2504 2260 annos
2556 2206 2679 2268 152,
2738 2207 3092 2261 intercalares
3133 2216 3367 2278 aguntur
3413 2204 3502 2262 57.

1947 2297 2005 2350 In
2058 2297 2246 2352 eodem
2303 2307 2545 2368 tempore
2587 2299 2640 2351 in
2711 2298 2935 2367 periodo
2997 2297 3506 2358 deceinnovennali,

1947 2404 2066 2458 quae
2127 2391 2458 2458 apparentiis
2509 2389 2814 2459 congruit,
2875 2389 3227 2446 intercalares
3289 2406 3508 2444 menses

1947 2489 2181 2547 aguntur
2205 2479 2290 2532 56.
2323 2478 2509 2548 Itaque
2537 2481 2828 2534 octaeteris
2885 2495 2995 2534 uno
3038 2496 3226 2535 mense
3271 2480 3509 2534 interea-

1946 2569 2049 2623 lari
2111 2579 2335 2640 superat
2401 2570 2685 2640 periodum
2750 2572 3323 2628 decemnovennalem.
3391 2571 3508 2626 Non

1947 2661 2112 2730 igitur
2154 2663 2448 2715 octaeteris
2497 2670 2678 2732 potest
2739 2670 2851 2715 tres
2904 2673 3119 2716 nienses
3156 2663 3509 2718 intercalares
3549 2688 3554 2693 ·

1946 2753 2144 2808 habere
2177 2771 2192 2819 ;
2240 2754 2332 2809 sed
2363 2765 2416 2808 et
2443 2755 2554 2808 haec
2572 2754 2826 2822 periodus
2851 2754 2903 2806 in
2933 2754 3034 2806 hoc
3057 2753 3262 2807 fefellit.

2015 2845 2120 2915 23
2156 2845 2518 2912 Quamobrem
2540 2862 2663 2900 cum
2686 2847 3025 2915 contingeret
3058 2844 3386 2899 octaeterida
3413 2859 3508 2912 per

1946 2938 2127 2990 omnia
2193 2938 2486 3000 aberrare,
2527 2939 2684 2992 aliam
2755 2939 3162 2992 constituerunt
3200 2935 3505 3004 periodum.

1947 3043 2138 3097 nempe
2184 3029 2764 3094 decemnoveimalem,
2817 3029 3138 3093 Euctemon,
3195 3024 3502 3097 Philippus,

1947 3119 2206 3191 Calippus
2226 3121 2506 3192 astrologi.
2553 3120 2928 3177 Observarunt
2956 3123 3101 3176 enim
3143 3122 3196 3176 in
3243 3121 3312 3174 19
3348 3122 3508 3176 amiis

1947 3277 2242 3348 redarguit,
2273 3279 2364 3346 qui
2410 3277 2551 3332 diem
2595 3279 2648 3332 in
2677 3277 2884 3332 Graecia
2937 3277 3315 3347 longissimum
3363 3277 3509 3330 scri-

1945 3356 2127 3416 pserat
2173 3363 2291 3401 eam
2321 3349 2387 3401 ad
2423 3349 2801 3402 brevissimum
2843 3348 3039 3401 habere
3073 3350 3362 3407 rationem,
3382 3362 3510 3416 qua:

1943 3415 2028 3471 est
2056 3418 2295 3486 quinque
2341 3417 2407 3470 ad
2438 3419 2566 3480 tria,
2597 3434 2720 3471 cum
2779 3427 2956 3471 tamen
2993 3417 3250 3470 Eudoxus
3281 3423 3336 3470 et
3379 3415 3506 3471 Pbi-

1947 3488 2123 3555 lippus
2154 3495 2475 3556 asseverent
2495 3488 2760 3556 ejusmodi
2791 3502 2934 3549 esse,
2978 3487 3157 3556 qualis
3183 3493 3268 3540 est
3303 3486 3510 3556 duode-

1946 3560 2050 3610 cim
2083 3556 2149 3609 ad
2174 3564 2399 3626 septem.
2437 3555 2570 3610 Nam
2601 3573 2723 3612 cum
2752 3557 2977 3610 Eudoxo
2999 3555 3360 3626 consentiens
3380 3555 3511 3610 Plii-

1949 3627 2127 3694 lippus
2171 3625 2432 3681 dOcuerat
2488 3627 2681 3696 tropici
2737 3635 3098 3696 segmentum,
3149 3625 3293 3696 quod
3343 3641 3507 3696 supra

1947 3705 2147 3750 terram
2179 3707 2284 3759 est,
2313 3712 2432 3752 eam
2460 3697 2658 3751 habere
2692 3698 2953 3749 rationem
2982 3697 3049 3751 ad
3079 3697 3307 3751 alterum
3363 3700 3510 3766 quod

1948 3766 2052 3819 sub
2077 3776 2221 3836 terra
2243 3775 2346 3829 est,
2370 3783 2490 3836 quae
2513 3776 2597 3821 est
2625 3767 2910 3836 duodecim
2934 3767 2998 3818 ad
3023 3775 3248 3836 septem.
3277 3766 3508 3834 Ὁμοίως

1947 3836 2005 3888 δὲ
2068 3835 2240 3906 τούτῳ
2286 3835 2402 3889 και
2426 3837 2534 3888 τῶν
2589 3837 2717 3907 περὶ
2759 3835 3022 3889 Φίλιππον
3065 3835 3505 3907 ἁναγραφόντων,

1990 3921 2109 3959 ιιειη
2197 3915 2250 3960 ει
2330 3906 2788 3975 συγκαταδύσεις,
2845 3913 2900 3958 et
2976 3906 3335 3968 συνανατολάς
3398 3906 3508 3960 τῶν

1990 3923 2109 3959 ιιειη
2197 3923 2250 3960 ει
2330 3923 2752 3975 συγκαταουσεις
2773 3946 2788 3968 ,
2845 3923 2900 3958 ει
2976 3923 3335 3968 συνανατολας
3398 3923 3503 3960 των

1949 3923 2182 4045 ἓστρων.
2211 3978 2364 4046 quasi
2389 3978 2453 4029 ad
2481 3979 2645 4030 situm
2673 3975 2894 4030 Graeciae
2919 3977 3314 4046 conscripsisse
3340 3975 3503 4028 dicit:

1951 4044 2073 4098 cum
2124 4044 2302 4099 tamen
2336 4047 2388 4100 in
2434 4063 2498 4100 eo
2540 4048 2650 4100 sint
2682 4046 3020 4100 liallucinati.
3059 4044 3222 4114 Igitur
3251 4054 3404 4100 ortus
3432 4051 3508 4100 si-

1951 4116 2138 4170 derum
2198 4123 2253 4168 et
2295 4130 2525 4170 occasus
2559 4117 2842 4186 proposuit
2873 4115 2924 4168 in
2957 4123 3334 4236 parapegmate.
3384 4114 3510 4168 Phi-

1952 4185 2148 4236 linnus.
2178 4183 2500 4236 Plutarchus
2543 4188 2594 4236 in
2627 4195 2784 4236 tract-
2815 4205 2828 4236 :
2865 4186 2985 4236 Ὅτι
3036 4185 3146 4236 οὐδ
3205 4183 3310 4236 (ην
3342 4185 3510 4236 ἐστιν

1952 4185 2148 4253 lippus.
2178 4183 2500 4239 Plutarchus
2543 4183 2594 4238 iii
2627 4183 2784 4241 tract.
2815 4205 2828 4238 :
2865 4183 2985 4237 Ὅτι
3036 4183 3178 4238 οὐδὲ
3205 4183 3310 4252 ζῇν
3342 4185 3512 4239 ἐστιν

1951 4254 2141 4321 ἡδέως
2193 4255 2316 4308 κατ’
2361 4257 2725 4324 Ἐπίκουρον,
2777 4256 3022 4324 ejusdem
3054 4253 3284 4324 Philippi
3318 4255 3509 4310 inven-

1953 4333 2068 4377 tum
2115 4340 2236 4378 esse
2275 4327 2484 4384 scribit,
2521 4327 3039 4380 deumnstrationem
3081 4325 3376 4380 schematis
3429 4327 3511 4378 lti-

1955 4409 2074 4448 nte:
2109 4395 2270 4465 Τίνας
2314 4395 2554 4465 οἰόμεθα,
2605 4395 2698 4448 καὶ
2739 4396 2973 4464 πηλίκας
3003 4394 3193 4464 ἡδονὰς
3240 4395 3347 4448 ἀπὸ
3371 4411 3510 4463 γεωο

1958 4464 2181 4534 μετρίας
2236 4464 2563 4535 δρέπεσθαι,
2633 4465 2725 4518 καὶ
2781 4465 3166 4535 ἀστρολογίας,
3221 4465 3512 4535 Εὐκλείδην

1954 4533 2231 4605 γράφοντα
2267 4533 2335 4587 τὰ
2365 4535 2634 4597 διοπτικά,
2682 4536 2774 4588 καὶ
2820 4533 3079 4587 Φίλιππον
3127 4534 3514 4589 ἀποδεικνύντα

1957 4604 2084 4676 περὶ
2121 4604 2212 4658 τοῦ
2247 4608 2520 4675 σχήματος
2551 4607 2650 4676 τῆς
2686 4605 2948 4675 σελήνης;
3004 4605 3175 4676 Quas
3199 4613 3261 4676 et
3287 4615 3512 4676 quantas

1957 4673 2239 4741 voluptates
2279 4673 2536 4729 credimus
2576 4673 2617 4727 θ’
2628 4673 2910 4745 geometria
2931 4686 2979 4731 et
3010 4673 3305 4745 astrologia
3331 4674 3511 4727 decer-

1956 4745 2122 4813 psisse
2160 4745 2449 4810 Euclidem,
2479 4763 2596 4798 cum
2639 4745 2885 4798 scriberet
2923 4745 3184 4812 dioptica;
3221 4745 3512 4798 PHILIPPUI

1955 4815 2401 4869 demonstratione
2446 4817 2510 4870 de
2559 4816 2730 4885 ﬁgura
2781 4816 2917 4868 luna:
2970 4817 3156 4867 litteris
3216 4814 3514 4885 inundata?

1957 4885 2163 4940 Plinius
2191 4887 2283 4939 lib.
2316 4902 2468 4949 xvui,
2512 4883 2630 4954 cap.
2665 4887 2753 4945 51,
2784 4885 3109 4954 Philippum,
3142 4883 3326 4937 laudat
3354 4899 3515 4955 para-

1959 4957 2221 5024 pegtnatis
2259 4966 2554 5012 auctorem.
2587 4959 2640 5008 in
2689 4971 2796 5024 quo
2831 4956 3106 5009 stellarum
3154 4962 3308 5007 ortus
3347 4969 3512 5024 occa-

1958 5022 2160 5093 susque
2208 5025 2591 5094 descripserat,
2633 5022 2857 5094 perinde
2891 5039 2954 5080 ac
3001 5025 3306 5093 Calippum,
3358 5022 3514 5076 Dosi-

1959 5095 2163 5154 theum,
2201 5094 2502 5155 Eudoxum,
2538 5104 2592 5148 et
2623 5097 2778 5152 alios.
2809 5095 2900 5164 qui
2931 5095 3132 5163 passim
3178 5095 3256 5164 ab
3275 5094 3514 5164 antiquis

1956 5180 2021 5218 eo
2069 5166 2285 5219 nomine
2315 5167 2570 5218 citantur.
2625 5162 3190 5218 Deinde'consentiunt
3238 5162 3392 5232 (quod
3434 5173 3512 5217 est

1957 5236 2160 5305 rarum)
2220 5234 2534 5299 PHILIPPUS,
2596 5234 2879 5303 Calippus,
2925 5233 3237 5305 Desit/reus,
3292 5232 3514 5305 Par_me-

1959 5301 2154 5365 uiscus,
2189 5305 2387 5366 Conon,
2422 5305 2627 5366 Criton,
2673 5301 3024 5368 Democritus,
3072 5303 3348 5362 Eudoxus,
3387 5301 3511 5367 Ion,

1959 5391 2010 5429 tv
2037 5373 2163 5429 Kal.
2200 5375 2380 5432 Octob.
2409 5375 2678 5444 Capellam
2699 5376 2957 5429 matutino
2985 5375 3201 5437 exoriri,
3233 5383 3284 5426 et
3310 5389 3369 5428 ιιι
3397 5371 3514 5425 Ka-

1958 5446 2096 5500 lend.
2140 5445 2354 5500 deos.
2409 5448 2546 5501 Tum
2581 5447 2672 5501 lib.
2725 5463 2740 5500 ι
2792 5447 2878 5514 ἰιιᾼ
2895 5445 3516 5514 ειιιειοεοῐεενὶριοτιιιη

1955 5527 2300 5570 externorum
2345 5517 2436 5571 lib.
2494 5532 2622 5571 xvm
2666 5531 2789 5570 cum
2837 5512 3094 5579 Thalete,
3134 5513 3379 5572 Eudoxo.
3410 5513 3520 5566 Ca—

1957 5587 2121 5656 lippo.
2161 5586 2435 5647 Dositheo,
2479 5595 2609 5642 etc..
2659 5587 2968 5640 nominatur
2998 5583 3296 5656 Philippus.
3334 5582 3516 5656 Ptole-

1956 5652 2123 5711 maeus
2150 5659 2201 5711 in
2239 5659 2375 5711 libro
2405 5656 2480 5710 De
2499 5657 2783 5726 signiﬁcat.
2815 5652 3258 5726 ﬁxarumfGraéce
3293 5653 3512 5726 a_nobis

1954 5726 2119 5786 edito.
2155 5727 2382 5798 Philippi
2417 5721 2735 5798 parapegma
2764 5721 2873 5781 non
2900 5725 3298 5798 seme_|_laud_at.
3329 5721 3510 5798 'I‘hotli

1956 5811 2091 5852 xxx:
2119 5800 2176 5853 ’0
2205 5791 2379 5861 κοινδς
2409 5791 2641 5861 Ἵππον,
2671 5798 2764 5851 καὶ
2805 5795 3156 5867 Ἀνδρομέδας
3182 5793 3312 5863 ἑῷος
3341 5791 3512 5846 δύνει.
