3918 6216
289 304 395 361 817

1318 308 1553 367 GEMINI
1591 310 1960 367 ELEME‘A‘TA
1991 312 2477 375 ASTRONOMM'I.

3421 320 3526 378 818

290 418 555 491 ἀνατολὴν
611 416 825 489 βλέπει·
850 419 945 475 καὶ
993 420 1121 476 ὅταν
1158 420 1397 494 προδύνη
1426 422 1520 477 τοῦ
1555 424 1725 495 ἡλίου,
1775 425 1867 477 καὶ

1973 427 2193 497 respicit
2222 447 2235 481 :
2270 436 2325 483 et
2358 426 2709 483 cum‘ocerdit
2736 437 2863 484 ante
2887 428 3055 484 solem
3082 470 3097 497 ,
3136 438 3192 487 et
3212 445 3336 487 cum
3365 434 3527 489 occi-

290 513 421 585 δταν
447 510 810 585 ὲπικαταδύνῃ
841 511 918 584 τῷ
945 511 1103 584 ἡλίῳ,
1126 513 1502 585 ὲπέστραπται
1533 517 1594 569 τὸ
1618 516 1868 590 λαμπρὸν

292 602 431 674 πρὸς
460 602 553 656 τὸν
577 602 748 674 ἡλιον.
804 604 892 657 Ἐν
925 603 982 656 δέ
1017 621 1127 658 τισι
1155 604 1263 658 τῶν
1302 605 1523 677 ἡμερῶν
1557 609 1866 679 παρατετή-

291 712 450 769 ρηται
492 698 526 768 ἡ
554 695 749 767 σελήνη
780 695 918 750 κατὰ
942 696 1003 750 τὸ
1046 697 1266 751 σπάνιον
1304 698 1769 753 ὲπικαταδύνουσα
1790 698 1867 770 τῷ

290 788 441 860 ἡλίῳ,
464 788 559 840 καὶ⁵
580 788 641 841 τὸ
686 788 934 861 λαμπρὸν
962 787 1160 860 ἔχουσα
1185 789 1376 860 βλέπον
1399 790 1534 860 πρὸς
1563 791 1662 861 τὴν
1692 791 1864 845 δύσιν.

287 879 762 953 Παρύλάξασαδὲ
794 882 859 951 τῇ
892 880 1045 933 νυκτὶ
1065 880 1200 952 πρὸς
1239 880 1331 934 τὸν
1366 880 1548 951 ἥλιον,
1600 881 1695 935 καὶ
1735 899 1869 953 προ-

284 971 613 1026 ανατείλασα
664 971 757 1025 τοῦ
801 971 986 1041 ἡλίου,
1043 971 1103 1024 τὸ
1147 971 1396 1044 λαμπρὸν
1455 972 1653 1044 ἔχουσα
1730 971 1868 1025 θεω-

286 1068 461 1137 ρ·.ῖται
493 1061 632 1135 πρὸς
662 1063 947 1136 ἀνατολήν.
986 1060 1076 1127 Ἐξ
1095 1055 1154 1116 οὗ
1176 1064 1428 1136 φανερὸν,
1456 1066 1539 1118 ὅτι
1592 1066 1626 1136 ή
1671 1064 1868 1135 σελήνη

289 1157 395 1212 ὑπὸ
441 1153 538 1208 τοῦ
600 1153 747 1226 ήλίου
802 1154 1113 1225 φωτίζεται.
1184 1156 1633 1228 Παρατετήρηται
1665 1155 1722 1208 δὲ
1776 1157 1869 1210 καὶ

286 1245 353 1300 τὰ
399 1246 643 1302 τοιαῦτα.
704 1247 832 1301 Ὅτε
867 1247 964 1318 μὲν
998 1248 1107 1320 γὰρ
1141 1248 1279 1301 κατὰ
1322 1247 1635 1320 χειμερινὰς
1660 1247 1869 1320 τροπὰς

288 1338 546 1412 ὑπάρχων
576 1341 605 1394 6
635 1339 784 1412 ἡλιος
848 1338 1137 1411 ὰνατέλλῃ,
1165 1338 1287 1393 τότε
1323 1338 1385 1391 τὸ
1414 1336 1736 1409 μεσαίτατον
1766 1337 1861 1392 τοῦ

291 1433 702 1504 πεφωτισμένον
726 1432 916 1503 βλέπει
946 1432 1084 1504 πρὸς
1136 1432 1228 1486 τὸν
1257 1431 1406 1503 ἥλιον
1427 1447 1441 1461 ·
1463 1430 1608 1484 ὥστε
1646 1430 1744 1502 τήν
1771 1430 1867 1494 τὰς

290 1524 514 1597 κεραίας
569 1522 1029 1593 ὲπιζευγνύουσαν
1085 1524 1184 1595 τῆς
1240 1522 1467 1595 σελήνης
1512 1521 1723 1576 εὐθεῖαν
1747 1521 1869 1593 δίχα

287 1615 542 1688 καὶπρὸς
575 1614 742 1689 ὀρθὰς
769 1615 1063 1688 τέμνεσθαι
1096 1614 1201 1669 ὑπὸ
1229 1614 1329 1686 τῆς
1361 1613 1576 1677 εὐθείας
1596 1612 1703 1667 τῶν
1734 1614 1856 1682 ἀγοο

286 1707 470 1778 μένων
498 1707 606 1762 ἀπὸ
637 1707 732 1761 τοῦ
772 1707 999 1779 κέντρου
1028 1706 1123 1762 τοῦ
1149 1705 1299 1778 ήλίου
1322 1705 1415 1758 ἐπὶ
1440 1704 1539 1777 τὴν
1560 1703 1868 1776 διχοτομίαν

287 1797 389 1868 τῆς
417 1796 647 1869 σελήνης
674 1816 686 1829 ·
714 1798 841 1852 ὅταν
869 1797 925 1851 δὲ
947 1797 1089 1852 κατὰ
1117 1795 1333 1869 θερινὰς
1369 1794 1578 1865 τροπὰς
1607 1794 1864 1867 ὑπάρχων
1898 1780 1939 1838 Β

286 1890 552 1963 ἀνατέλλῃ
585 1894 615 1946 ό
644 1891 813 1963 ἥλιος,
842 1891 1007 1946 πάλιν
1045 1890 1344 1963 έστραπται
1373 1889 1433 1943 τὸ
1457 1888 1618 1961 μέσον
1642 1886 1737 1942 τοῦ
1768 1904 1864 1942 πε·-

286 1980 629 2052 φωτισμένου
660 1981 798 2052 πρὸς
828 1981 891 2035 τὸ
926 1982 1089 2052 μέσον
1126 1979 1221 2034 τοῦ
1267 1979 1449 2053 ἡλίου·
1487 1978 1627 2033 ὥστε
1668 1978 1867 2049 ὁμοίως

282 2071 710 2141 διχοτομεῖσθαι,
740 2073 838 2127 καὶ
866 2072 1003 2144 πρὸς
1036 2071 1201 2144 ὀρθὰς
1227 2071 1520 2142 τέμνεσθαι
1557 2071 1654 2144 τὴν
1681 2087 1867 2143 προει-

283 2161 537 2239 ρημένην
565 2161 799 2216 εὐθεῖαν.
831 2162 906 2216 To
929 2162 985 2216 δὲ
1010 2162 1143 2217 αὐτὸ
1177 2162 1386 2231 γίνεται
1418 2163 1511 2216 καὶ
1531 2162 1624 2215 ὲπὶ
1644 2161 1752 2215 τῶν
1779 2159 1870 2215 δύ-

286 2269 431 2307 σεων
460 2270 475 2284 ·
508 2252 648 2306 ὥστε
681 2255 774 2308 καὶ
801 2254 887 2309 διὰ
917 2253 1106 2309 τούτου
1130 2253 1226 2308 τοῦ
1262 2254 1491 2327 σημείου
1518 2254 1866 2323 συνάγεσθαι,

283 2347 374 2400 ὅτι
403 2346 508 2400 ὑπὸ
538 2346 632 2400 τοῦ
663 2346 814 2419 ἡλίου
846 2347 1139 2417 φωτίζεται
1166 2349 1199 2420 ἡ
1246 2348 1461 2419 σελήνη.
1518 2346 1871 2418 Πεφωτισμέ-
1916 2354 1935 2373 ⁶

282 2454 380 2492 νον
405 2437 649 2508 μέντοιγε
670 2438 758 2492 διὰ
794 2439 992 2503 παντὸς
1033 2441 1201 2511 αὐτῆς
1232 2441 1292 2493 τὸ
1315 2438 1427 2493 ἴσον
1460 2439 1607 2493 ἐστὶν
1640 2437 1713 2503 ὡς
1742 2440 1871 2509 ήμι-

287 2529 573 2602 σφαίριον·
612 2530 674 2582 οὐ
703 2529 951 2599 φαίνεται
992 2530 1051 2582 δὲ
1105 2530 1193 2584 διὰ
1229 2531 1428 2594 παντὸς
1459 2529 1627 2599 αὐτῆς
1656 2529 1717 2582 τὸ
1761 2530 1872 2584 ίσον

285 2624 703 2696 πεφωτισμένον
724 2625 800 2690 ὡς
826 2625 962 2698 πρὸς
994 2625 1093 2697 τὴν
1123 2624 1396 2697 ἡμετέραν
1427 2624 1635 2695 ὅρασιν,
1664 2622 1752 2675 διὰ
1771 2620 1872 2686 τὰς

286 2717 428 2788 πρὸς
474 2717 567 2771 τὸν
599 2716 747 2788 ἦλιον
785 2716 1130 2779 ἀποστάσεις.
1173 2715 1342 2769 Ὅταν
1392 2715 1489 2786 μὲν
1540 2712 1650 2793 γὰρ
1695 2714 1754 2765 ὲν
1802 2714 1868 2783 τῇ

282 2808 540 2880 τριακάδι
571 2810 628 2862 ὲν
680 2811 748 2880 τῇ
807 2802 942 2880 αὐτῇ
1005 2807 1168 2881 μοίρᾳ
1197 2807 1419 2878 γένηται
1471 2808 1500 2860 ό
1523 2805 1672 2877 ήλιος
1708 2806 1802 2859 καὶ
1835 2806 1868 2876 ἡ

284 2900 513 2971 σελήνη,
537 2901 659 2954 τότε
675 2900 736 2953 τὸ
771 2901 1128 2972 ἡμισφαίριον
1152 2896 1598 2969 ὲπεστραμμένον
1632 2896 1765 2968 πρὸς
1786 2895 1875 2949 τδν

282 2992 461 3063 ἥλιον,
496 2991 950 3063 ἀπεστραμμένον
1006 2990 1063 3043 δὲ
1118 2990 1225 3044 ἀπὸ
1253 2990 1356 3059 τῆς
1386 2988 1659 3061 ἡμετέρας
1678 2986 1872 3058 ὅψεως,

1971 512 2051 569 dit
2081 524 2203 586 post
2222 517 2416 583 solem,
2447 532 2575 586 pars
2605 516 2898 588 splendens
2947 517 3015 574 ad
3071 519 3239 575 solem
3265 536 3527 585 conversa

1969 612 2075 660 est.
2102 604 2162 661 In
2189 608 2518 677 quibusdam
2542 616 2724 663 autem
2756 609 2948 666 diebus
2965 610 3253 667 observata
3279 619 3364 669 est
3398 613 3524 669 luna

1969 712 2097 753 raro
2131 699 2382 755 occidere
2408 711 2529 770 post
2565 700 2756 765 solem,
2786 707 2840 756 et
2886 701 3086 757 habere
3104 711 3312 774 partem
3343 706 3526 774 splen-

1968 790 2152 845 didam
2192 790 2571 861 respicientem
2601 806 2881 847 occasum.
2907 790 3041 846 Cum
3082 807 3212 848 vero
3258 803 3526 851 nocturno

1973 891 2219 952 tempore
2243 883 2470 938 alternis
2493 882 2666 937 variat
2694 882 2760 937 ad
2784 882 2977 949 solem,
3008 891 3062 939 et
3089 894 3214 942 ante
3231 886 3399 942 solem
3420 888 3528 943 ori-

1968 981 2091 1041 tur;
2123 974 2338 1029 videtur
2354 973 2726 1045 splendentem
2758 981 2966 1043 partem
2996 973 3197 1031 habere
3224 976 3291 1031 ad
3321 982 3521 1032 ortum.

1970 1065 2127 1122 Unde
2169 1066 2522 1123 manifestum
2578 1075 2664 1123 est
2726 1068 2911 1122 lunam
2956 1081 2988 1122 a
3054 1068 3169 1124 sole
3208 1068 3522 1124 illuminari.

1970 1157 2268 1216 Observata
2301 1167 2433 1215 sunt
2464 1167 2518 1215 et
2541 1159 2689 1214 talia.
2723 1158 2859 1215 Cum
2901 1161 3049 1221 enim
3072 1162 3154 1218 sol
3202 1161 3258 1217 in
3282 1162 3525 1220 hibernis

1972 1252 2429 1308 conversionibus
2459 1251 2733 1309 exsistens
2757 1253 2953 1321 oritur,
3007 1262 3136 1310 tunc
3174 1254 3413 1310 medium
3461 1256 3527 1310 il-

1971 1343 2252 1398 luminataz
2308 1343 2482 1414 partis
2526 1343 2669 1398 lunae
2718 1343 2942 1415 respicit
2986 1342 3054 1398 ad
3100 1344 3304 1400 solem:
3349 1345 3426 1401 ita
3469 1357 3527 1401 ut

1968 1442 2119 1490 recta
2157 1435 2323 1501 linea,
2354 1450 2477 1506 qua:
2527 1449 2735 1490 cornua
2766 1434 2909 1491 lunae
2963 1434 3268 1506 conjungit,
3303 1439 3521 1506 aequali-

1969 1533 2071 1589 ter,
2132 1535 2187 1580 et
2244 1525 2312 1580 ad
2362 1525 2591 1597 angulos
2638 1531 2820 1582 rectos
2863 1532 3077 1582 secetur
3106 1541 3137 1579 a
3166 1534 3313 1582 recta
3336 1542 3522 1582 earum

1971 1615 2263 1681 linearum,
2291 1631 2412 1686 qua:
2447 1615 2725 1670 ducuntur
2764 1630 2795 1669 a
2834 1622 3025 1671 centro
3084 1615 3217 1671 solis
3253 1617 3317 1672 ad
3342 1632 3524 1688 aequa-

1970 1707 2076 1763 lem
2130 1707 2426 1764 sectionem
2484 1707 2667 1773 lunae;
2703 1722 2827 1762 cum
2879 1721 3007 1763 vero
3068 1709 3151 1763 sol
3220 1708 3275 1763 in
3320 1708 3523 1764 testivis

1968 1799 2245 1856 exsistens
2297 1785 2750 1855 conversionibus
2789 1798 2984 1864 oritur,
3024 1814 3215 1856 rursus
3262 1799 3525 1857 medietas

1968 1891 2289 1946 illuminatae
2316 1891 2488 1960 partis
2522 1891 2666 1945 luna:
2706 1904 2972 1948 conversa
3027 1897 3112 1948 est
3179 1890 3247 1946 ad
3286 1891 3523 1947 medium

1967 1970 2134 2049 sulis;
2203 1984 2279 2038 ita
2339 1993 2395 2037 ut
2442 1982 2695 2038 similiter
2751 1982 3053 2052 aequaliter,
3090 1989 3147 2037 et
3194 1981 3262 2037 ad
3299 1982 3527 2053 angulos

1968 2082 2148 2130 rectos
2180 2081 2396 2130 secetur
2422 2074 2676 2144 praedicta
2699 2082 2865 2130 recta.
2908 2072 3050 2130 Idem
3097 2073 3156 2128 ﬁt
3194 2080 3249 2129 et
3291 2075 3345 2128 in
3371 2088 3529 2130 occa-

1970 2164 2153 2231 sibus;
2185 2172 2244 2219 ut
2275 2178 2369 2234 per
2399 2163 2502 2219 hoc
2534 2164 2698 2219 etiam
2733 2163 2948 2235 signum
2979 2162 3288 2233 colligatur,
3349 2177 3378 2216 a
3414 2162 3528 2218 sole

1970 2256 2153 2309 lunam
2205 2254 2523 2309 illuminari.
2573 2250 2959 2308 Verumtamen
3001 2264 3130 2322 pars
3155 2250 3299 2306 luna:
3347 2250 3526 2306 media

1972 2354 2227 2416 tanquam
2286 2344 2725 2415 hemisphaerium
2770 2357 2985 2414 semper
3015 2341 3526 2398 illuminatur:.nou

1971 2448 2156 2494 tamen
2196 2453 2414 2508 semper
2441 2446 2666 2509 apparet
2688 2436 2807 2507 ejus
2839 2450 2968 2507 pars
2990 2435 3167 2491 media
3194 2434 3518 2495 illuminata.

1952 2529 2152 2600 .quoad
2203 2539 2449 2585 nostrum
2483 2538 2788 2600 aspectum.
2815 2534 3037 2599 propter
3088 2526 3207 2597 ejus
3247 2541 3277 2580 a
3317 2527 3431 2584 sole
3453 2527 3532 2581 di-

1975 2620 2249 2676 stantiam.
2278 2620 2415 2675 Cum
2450 2621 2597 2675 enim
2622 2618 2712 2673 die
2744 2619 3022 2673 tricesimo
3053 2618 3107 2672 in
3141 2616 3331 2674 eodem
3353 2618 3528 2690 gradu

1974 2712 2177 2768 fuerint
2209 2712 2291 2767 sol
2324 2718 2377 2767 et
2408 2711 2556 2776 luna,
2586 2721 2700 2763 tum
2732 2709 3173 2779 hemisphaerium
3203 2723 3529 2765 conversum

1975 2804 2192 2877 quidem
2219 2805 2285 2859 ad
2316 2803 2510 2867 solem,
2551 2815 2802 2857 aversum
2856 2814 2986 2855 vero
3037 2814 3067 2854 a
3102 2799 3314 2856 visione
3340 2811 3532 2856 nostra

1974 2896 2333 2959 illuminatur,
2382 2891 2557 2948 fertur
2592 2893 2736 2948 enim
2779 2892 2907 2946 luna
2960 2888 3103 2945 infra
3147 2890 3354 2959 solem,
3405 2906 3531 2946 cum

1978 3003 2104 3044 vero
2152 2987 2375 3042 alternis
2429 2985 2643 3056 vicibus
2705 2984 2835 3040 luna
2865 2985 3041 3041 variat
3072 2983 3143 3039 ad
3186 2983 3355 3040 solem
3384 2984 3532 3038 circa

289 3082 618 3153 φωτίζεται·
681 3083 940 3136 ὑποκάτω
987 3082 1093 3154 γὰρ
1153 3083 1186 3152 ἡ
1240 3080 1439 3152 σελήνη
1502 3080 1723 3152 φέρεται
1780 3076 1870 3132 τοῦ

1978 3080 2340 3141 novilunium,
2382 3087 2513 3134 tunc
2551 3079 2679 3132 luna
2735 3077 2932 3132 falcata
2986 3085 3241 3148 apparet;
3272 3086 3396 3130 nam
3432 3075 3530 3132 he-

287 3174 476 3246 ἡλίου·
517 3176 648 3229 ὅταν
693 3174 750 3228 δὲ
792 3169 1167 3247 παραλλάξῃή
1213 3173 1409 3246 σελήνη
1441 3173 1577 3244 πρὸς
1615 3171 1706 3225 τὸν
1727 3170 1874 3241 ἣλιον

290 3266 424 3337 περὶ
474 3265 572 3338 τὴν
629 3266 925 3336 νουμηνίαν
948 3306 963 3331 ,
1046 3266 1164 3319 τότε
1239 3263 1521 3337 μηνοειδὴς
1581 3266 1614 3335 ή
1677 3262 1872 3333 σελήνη

290 3355 605 3429 θεωρεῖται·
636 3356 730 3410 τοῦ
762 3358 867 3429 γὰρ
906 3356 1266 3428 ἡμισφαιρίου
1318 3354 1413 3408 τοῦ
1463 3353 1874 3424 πεφωτισμένου

296 3445 489 3516 μικρὸν
550 3445 713 3517 μέρος
770 3446 1164 3517 παρακλίνεται
1237 3445 1373 3516 πρὸς
1449 3444 1549 3516 τήν
1601 3442 1875 3514 ἡμετέραν

290 3536 512 3606 ὅρασιν·
574 3538 700 3590 ὅταν
758 3537 816 3591 δὲ
869 3538 1047 3609 ἀπέχῃ
1100 3538 1134 3608 ἡ
1192 3536 1386 3608 σελήνη
1442 3535 1549 3588 ἀπὸ
1595 3534 1688 3588 τοῦ
1722 3534 1875 3605 ἡλίου

292 3631 351 3682 ὲν
374 3632 494 3692 ταῖς
521 3627 716 3700 ἑφεξῆς
746 3630 1003 3702 ἡμέραις,
1034 3630 1217 3683 πλεῖον
1245 3628 1330 3682 ἀεὶ
1361 3628 1455 3681 καὶ
1491 3626 1667 3681 πλεῖον
1687 3626 1749 3680 τὸ
1780 3642 1877 3680 πε-

286 3720 636 3792 φωτισμένον
663 3723 753 3791 ὑφ’
778 3721 936 3793 ἡμῶν
978 3722 1294 3791 θεωρεῖται·
1332 3721 1461 3774 ὅταν
1491 3719 1547 3773 δὲ
1577 3719 1639 3772 τὸ
1664 3718 1765 3788 αίδ
1783 3718 1877 3789 μέ-

295 3829 390 3885 ρος
416 3814 512 3867 τοῦ
540 3813 805 3877 ζωδιακοῦ
853 3814 1053 3867 κύκλου
1103 3813 1318 3886 ἀπόσχῃ
1352 3812 1570 3883 σελήνη,
1598 3809 1877 3881 διχότομος

292 3907 596 3980 θεωρεῖται·
632 3907 752 3961 τότε
780 3906 889 3978 γὰρ
919 3905 1273 3978 ἡμισφαιρίου
1323 3903 1419 3957 τοῦ
1465 3901 1873 3973 πεφωτισμένον

294 4000 404 4055 ὑπὸ
432 3999 527 4053 τοῦ
551 3999 702 4071 ἡλίου
730 4000 792 4053 τὸ
816 4000 989 4071 ἥμισυ
1022 4000 1109 4068 ἐφ’
1137 3998 1286 4069 ήμᾶς
1323 3996 1724 4067 ὲπέστραπται·
1754 3991 1873 4063 μεί-

294 4094 449 4160 ζονος
475 4092 533 4146 δὲ
560 4091 856 4163 γενομένου
884 4089 980 4144 τοῦ
1011 4090 1374 4161 διαστήματος
1398 4087 1499 4157 τῆς
1523 4086 1750 4158 σελήνης
1769 4082 1876 4138 ἀπὸ

293 4183 391 4238 τοῦ
412 4184 581 4256 ἡλίου,
615 4185 797 4255 μεῖζον
817 4183 913 4237 καὶ
938 4184 998 4235 τὸ
1015 4180 1424 4251 πεφωτισμένον
1447 4197 1460 4209 ·
1491 4179 1619 4232 ὅταν
1650 4176 1708 4230 δὲ
1734 4174 1875 4229 κατὰ

292 4276 584 4349 διάμετρον
621 4276 843 4347 γένηται
874 4274 953 4345 τῷ
996 4273 1149 4345 ήλίῳ,
1183 4273 1244 4326 τὸ
1293 4268 1702 4342 πεφωτισμένον
1748 4270 1878 4339 ἡμι-

299 4369 552 4442 σφαίριον
576 4368 815 4423 ἐναντίον
852 4367 1058 4436 γίνεται
1092 4366 1225 4436 πρὸς
1242 4366 1338 4436 τὴν
1369 4363 1643 4437 ἡμετέραν
1665 4361 1874 4433 ὅρασιν.

1977 3171 2275 3244 ωἱεριιωτίἰ
2306 3170 2414 3243 24
2452 3169 2742 3225 illuminati
2798 3184 2965 3239 parva
3021 3183 3147 3240 pars
3180 3167 3422 3223 declinat
3462 3166 3533 3223 ad

1975 3278 2218 3323 nostram
2258 3266 2555 3330 visionem;
2598 3278 2721 3318 cum
2762 3278 2893 3319 vero
2926 3262 3080 3318 abest
3108 3261 3236 3316 luna
3274 3274 3309 3314 ε
3339 3259 3533 3317 solein

1975 3357 2166 3413 diebus
2227 3355 2601 3426 sequentibus,
2663 3355 2783 3425 plus
2835 3368 3055 3425 semper
3104 3353 3173 3409 de
3229 3351 3533 3407 illuminata

1978 3456 2130 3520 parte
2168 3464 2200 3502 a
2244 3448 2402 3502 nobis
2462 3446 2799 3519 conspicitur
2829 3463 2844 3513 ;
2870 3460 2996 3500 cum
3043 3451 3223 3500 autem
3261 3459 3361 3515 per
3396 3459 3535 3514 qua-

1975 3541 2222 3597 drantem
2253 3538 2465 3595 zodiaci
2495 3537 2688 3593 circuli
2736 3536 2974 3592 abfuerit
3033 3536 3186 3601 luna,
3246 3534 3533 3590 dimidiata

1975 3642 2229 3704 apparet;
2261 3638 2394 3686 tunc
2421 3631 2567 3687 enim
2604 3628 2974 3700 hemisphaerii
3019 3627 3314 3684 illuminati
3353 3641 3383 3682 a
3416 3628 3535 3683 sole

1975 3722 2245 3778 medietas
2271 3722 2336 3776 ad
2368 3736 2471 3777 nos
2493 3736 2761 3777 conversa
2793 3727 2916 3787 est;
2956 3735 3080 3775 cum
3107 3720 3281 3790 major
3307 3718 3366 3775 fit
3394 3720 3536 3777 luna:

1977 3831 2005 3870 a
2031 3815 2146 3871 sole
2175 3815 2459 3876 distantia.
2493 3814 2659 3869 etiam
2685 3813 2861 3883 major
2894 3821 2980 3869 est
3013 3822 3143 3882 pars
3184 3811 3486 3866 illuminata
3515 3829 3532 3877 ;

1975 3922 2099 3961 cum
2130 3915 2312 3963 autem
2337 3904 2588 3975 opposita
2619 3902 2782 3958 fuerit
2805 3902 2931 3970 soli,
2974 3902 3335 3957 illuminatum
3365 3901 3537 3957 hemi-

1977 3998 2269 4070 sphaerium
2328 4005 2517 4051 nostro
2570 3992 2890 4064 conspectui
2921 3991 3168 4047 offertur.
3207 3989 3275 4043 Et
3321 3999 3382 4045 ut
3411 3990 3537 4044 uni-

1972 4105 2130 4145 verse
2189 4088 2366 4144 dicam
2401 4128 2417 4152 ,
2473 4085 2778 4143 secundum
2835 4085 3103 4140 rationem
3150 4081 3534 4139 distantiarum

1974 4176 2379 4249 magnitudines
2428 4176 2887 4230 illuminationum
2948 4180 3284 4247 spectantur.
3314 4172 3537 4229 Postre-

1974 4283 2086 4330 mo,
2114 4282 2236 4321 cum
2270 4266 2397 4320 luna
2432 4268 2659 4322 subierit
2688 4268 2880 4331 solem,
2917 4279 3112 4336 expers
3170 4264 3392 4320 luminis
3441 4278 3537 4335 ap-

1978 4365 2150 4429 paret.
2193 4355 2644 4427 Hemisphaarium
2676 4358 2821 4412 enim
2850 4358 2974 4429 ejus
3005 4357 3367 4413 illuminatum
3415 4372 3541 4412 sur-

301 4460 418 4514 Καὶ
451 4458 678 4514 καθόλου
703 4460 759 4513 δὲ
775 4459 911 4531 πρὸς
939 4457 1096 4526 λόγον
1110 4456 1219 4510 τῶν
1243 4456 1573 4510 διαστάσεων
1583 4453 1653 4507 τὰ
1669 4451 1870 4525 μεγέθη

1976 4463 2096 4503 sum
2148 4445 2214 4499 ad
2276 4447 2445 4502 solem
2504 4463 2828 4504 conversum
2872 4455 2989 4503 est:
3041 4448 3186 4503 unde
3245 4448 3368 4517 jure
3411 4463 3538 4517 pars

295 4552 410 4607 τῶν
465 4551 762 4623 φωτισμῶν
818 4551 1122 4622 θεωρεῖται.
1154 4547 1228 4601 Τὸ
1262 4547 1318 4600 δὲ
1366 4546 1694 4608 τελευταῖον,
1743 4544 1871 4597 ὅταν

299 4644 648 4717 δποτροχάσῃ
673 4643 752 4714 τῷ
782 4642 917 4715 ἡλίῳ
941 4644 974 4712 ή
1016 4641 1236 4711 σελήνη,
1258 4638 1560 4709 ἀφώτιστος
1591 4636 1867 4706 βλέπεται.

300 4736 377 4789 Τδ
396 4736 503 4807 γὰρ
527 4734 880 4807 ἡμισφαίριον
900 4733 1072 4803 αὐτῆς
1086 4732 1146 4785 τὸ
1162 4728 1569 4800 πεφωτισμένον
1597 4727 1709 4781 ἄνω
1738 4725 1871 4797 πρὸς

299 4827 393 4880 τὸν
411 4826 559 4897 ἥλιον
576 4826 943 4899 ὲπέστραπται
961 4843 976 4856 ·
1003 4823 1124 4879 ὅθεν
1156 4822 1390 4890 εὐλόγως
1415 4821 1543 4890 ἡμῖν
1564 4817 1872 4889 ἀθεώρητον

303 4919 509 4986 γίνεται
541 4917 603 4971 τὺ
624 4916 1032 4988 πεφωτισμένον
1077 4915 1241 4986 μέρος
1264 4914 1365 4985 τῆς
1392 4913 1638 4985 σελήνης.
1681 4912 1770 4975 Ἐξ
1797 4903 1872 4964 ὧν

302 5010 556 5080 φανερὸν,
600 5010 680 5063 ὃτι
740 5010 773 5081 ή
826 5009 1021 5079 σελήνη
1077 5006 1182 5060 ὑπὸ
1226 5005 1320 5059 τοῦ
1362 5004 1511 5076 ἡλίου
1555 5003 1869 5075 φωτίζεται.

305 5098 584 5169 Λαμὸάνει
604 5099 663 5153 δὲ
709 5101 833 5162 τοὺς
864 5099 1071 5162 πάντας
1097 5097 1505 5169 σχηματισμοὺς
1537 5098 1572 5168 ή
1599 5096 1792 5168 σελήνη
1816 5097 1872 5149 ὲν

306 5188 387 5260 τῷ
420 5190 652 5261 μηνιαίῳ
677 5189 851 5261 χρόνῳ
875 5190 1160 5262 τέσσαρας,
1185 5191 1267 5253 δὶς
1296 5190 1490 5252 αὐτοὺς
1515 5187 1867 5241 ἀποτελοῦσα.

307 5280 429 5334 Είσὶ
466 5280 523 5334 δὲ
558 5282 607 5334 ot
655 5283 1022 5353 σχηματισμοὶ
1066 5283 1196 5350 οἵδε,
1226 5283 1529 5353 μηνοειδὴς,
1571 5280 1871 5351 διχότομος,

306 5370 667 5442 ἀμφίκυρτος,
691 5371 1040 5444 πανσέληνος.
1076 5373 1373 5445 Μηνοειδὴς
1405 5373 1500 5444 μὲν
1535 5367 1628 5426 οὖν
1665 5370 1874 5441 γίνεται

311 5480 351 5515 π
384 5464 437 5532 ρὶ
458 5463 552 5526 τὰς
595 5463 769 5535 ἀρχὰς
816 5464 921 5517 τῶν
955 5464 1136 5535 μηνῶν
1164 5482 1178 5496 ·
1227 5466 1505 5537 διχότομος
1524 5463 1583 5518 δὲ
1626 5460 1754 5534 περὶ
1776 5461 1876 5533 τὴν

1978 4541 2120 4595 lunae
2154 4540 2461 4593 illuminata
2487 4554 2593 4594 non
2627 4547 2926 4611 spectatur.
2961 4538 3038 4594 Ex
3093 4540 3294 4610 quibus
3349 4541 3540 4595 mani-

1977 4633 2175 4689 festum
2200 4642 2303 4695 est,
2337 4634 2523 4688 lunam
2545 4648 2575 4686 a
2615 4635 2729 4689 sole
2763 4633 3080 4689 illuminari.
3117 4632 3329 4704 Accipit
3359 4644 3539 4689 autem

1977 4742 2168 4781 omnes
2196 4728 2659 4797 contigurationes
2690 4728 2819 4781 luna
2868 4735 3102 4797 quatuor
3157 4726 3214 4782 in
3259 4741 3541 4782 menStruo

1978 4826 2246 4888 tempore,
2283 4819 2368 4874 bis
2391 4835 2485 4875 cas
2515 4820 2776 4876 efﬁciens.
2828 4817 2966 4874 Sunt
3019 4829 3198 4873 autem
3237 4817 3542 4889 conﬁgun-

1980 4909 2161 4964 tiones
2220 4908 2323 4972 hae,
2389 4908 2609 4972 falcata,
2662 4909 2966 4969 dimidiata.
3026 4908 3250 4980 gibbosa
3279 4919 3334 4963 et
3360 4909 3536 4979 plena.

1981 5001 2201 5056 Falcata
2228 5004 2461 5058 ellicitur
2492 5006 2640 5059 circa
2684 5006 2952 5075 principia
3007 5004 3314 5073 mensium;
3376 5005 3539 5060 dimi-
3578 5028 3597 5041 ε

1979 5094 2125 5149 diata
2155 5097 2302 5148 circa
2331 5096 2473 5151 diem
2529 5106 2777 5152 octavam
2843 5114 3078 5159 mensus;
3126 5098 3352 5168 gibbosa
3391 5098 3539 5152 circa

1979 5184 2356 5240 duodecimam
2388 5204 2405 5252 ;
2433 5193 2486 5241 et
2518 5187 2673 5256 plena
2708 5188 2852 5241 circa
2899 5188 3240 5242 medietatem
3296 5188 3540 5243 mensis:

1981 5290 2043 5329 ac
2080 5289 2272 5330 rursus
2304 5276 2528 5347 gibbosa
2562 5287 2684 5346 post
2716 5277 3060 5332 medietatem
3093 5279 3332 5345 mensis;
3384 5282 3544 5331 dmu-

1979 5367 2129 5422 diata
2180 5366 2326 5421 circa
2384 5368 2698 5422 vicesimam
2762 5368 3014 5430 tertiam;
3054 5375 3108 5424 et
3155 5368 3355 5431 falcata
3397 5370 3542 5422 circa

1980 5468 2254 5513 extremos
2280 5472 2513 5513 menses.

307 5555 499 5625 ὀγδόην
524 5557 617 5610 τοῦ
652 5559 845 5629 μηνός·
877 5558 1215 5630 ἀμφίκυρτος
1241 5559 1295 5615 δὲ
1315 5560 1440 5633 περὶ
1474 5557 1573 5631 τὴν
1609 5555 1942 5626 δωδεκάτην·
1986 5551 2315 5622 πανσέληνος
2338 5552 2393 5605 δὲ
2420 5550 2545 5621 περὶ
2567 5550 2665 5622 τήν
2695 5549 3024 5622 διχομηνίαν.
3053 5549 3162 5602 Καὶ
3177 5549 3338 5604 πάλιν
3382 5548 3549 5619 ἀμφί-

314 5663 508 5718 κυρτος
545 5650 680 5719 μετὰ
727 5650 822 5721 τὴν
866 5651 1211 5722 διχομηνίαν·
1259 5651 1536 5724 διχότομος
1582 5651 1639 5705 δὲ
1695 5649 1821 5722 περὶ
1845 5646 1943 5719 τὴν
1977 5643 2225 5716 εἰκοστὴν
2266 5642 2489 5715 τρίτην·
2529 5644 2809 5715 μηνοειδής
2847 5642 2901 5696 δὲ
2934 5643 3057 5713 περὶ
3090 5639 3156 5695 τὰ
3200 5639 3401 5715 ἔσχατα
3433 5638 3543 5693 τῶν

331 5740 535 5809 μηνῶν.
