4000 6206
459 345 568 406 819

1451 329 1794 387 APPENDIX
1835 328 1925 383 AD
1962 324 2231 382 EUSEBH
2270 322 2686 381 CHRONICON.

3585 314 3688 368 εω

532 459 652 516 Non
681 467 895 525 semper
926 458 1108 508 autem
1151 449 1206 504 in
1237 449 1428 505 diebus
1475 447 1717 518 ejusdem
1777 445 2014 502 nominis

2193 444 2266 497 Οὐ
2292 443 2379 496 διὰ
2408 441 2605 503 παντὸς
2648 439 2704 492 δὲ
2727 440 2784 490 ἐν
2824 436 2942 498 τιιῐς
2976 431 3279 504 ὁμωνύμοις
3310 431 3548 502 ἡμέραις
3570 435 3693 497 τοὺς

463 551 684 612 easdem
717 545 1185 618 conﬁgurationes
1219 543 1348 598 luna
1381 542 1561 606 eﬁicit,
1598 543 1691 597 sed
1742 542 1797 595 in
1831 541 2015 595 diver-

463 647 544 703 sis
603 641 796 697 diebus
853 636 1154 694 secundum
1203 634 1622 705 inaequalitatem
1650 641 1850 688 motus.
1886 632 2020 687 Cum

465 733 612 788 enim
670 727 955 784 celerrima
983 734 1088 791 est,
1121 736 1343 797 apparet
1381 725 1506 779 luna
1560 723 1756 778 falcata
1788 723 1908 794 ipso
1936 723 2024 779 die

463 819 766 887 novilunii;
827 833 951 874 cum
1004 816 1341 878 tardissima,
1388 813 1476 869 die
1523 814 1706 878 tertio,
1734 821 1789 868 et
1842 821 2024 867 manet

466 913 667 969 falcata
701 909 977 965 interdum
1010 922 1181 977 usque
1203 906 1272 960 ad
1310 904 1452 960 diem
1504 905 1754 974 quintum
1788 923 1803 968 ;
1858 905 2024 958 inter-

470 1011 599 1064 dum
631 1021 756 1062 cum
793 1002 1098 1059 tardissima
1118 1008 1412 1070 est,usque
1440 999 1505 1052 ad
1527 997 1816 1070 septimum
1846 998 2022 1059 diem;

467 1099 749 1156 dimidiata
781 1095 1038 1158 edicitur,
1069 1107 1194 1148 cum
1221 1101 1306 1148 est
1337 1092 1697 1153 velocissima,
1730 1091 1873 1145 circa
1902 1103 2022 1143 sex-

468 1203 618 1258 tum;
684 1205 809 1245 cum
861 1186 1195 1248 tardissima,
1251 1185 1400 1239 circa
1469 1191 1755 1248 octavum;
1801 1181 2025 1252 gibbosa

470 1283 723 1347 efﬁcitur,
755 1295 877 1336 cum
892 1263 986 1334 est
1017 1276 1322 1340 celerrima,
1357 1275 1502 1330 circa
1534 1274 1801 1328 decimum
1834 1290 1851 1339 ;
1900 1287 2024 1326 cum

473 1385 558 1434 est
606 1375 938 1437 tardissima,
970 1371 1115 1426 circa
1152 1370 1250 1437 i3;
1283 1370 1442 1440 plena
1473 1367 1736 1429 redditur,
1771 1380 1892 1421 cum
1943 1371 2027 1418 est

469 1467 772 1533 celerrima,
837 1463 983 1518 circa
1044 1461 1144 1528 15;
1208 1475 1332 1514 cum
1380 1457 1708 1520 tardissima,
1743 1457 1887 1509 circa
1920 1454 2024 1520 i7;

469 1558 698 1629 gibbosa
729 1553 992 1617 secundo,
1023 1567 1146 1607 cum
1181 1559 1262 1606 est
1297 1549 1604 1607 celerrima.
1643 1546 1700 1600 ﬁt
1746 1545 1892 1600 circa
1935 1543 2024 1607 18,

466 1663 589 1702 cum
624 1646 957 1707 tardissima,
992 1643 1136 1697 circa
1165 1641 1266 1704 22;
1297 1639 1576 1694 dimidiata
1612 1636 1874 1700 secundo,
1902 1651 2026 1690 cum

465 1745 550 1792 est
588 1737 895 1799 celerrima,
925 1735 1072 1789 circa
1101 1732 1192 1794 2i,
1219 1747 1343 1788 cum
1367 1729 1703 1794 tardissima,
1754 1729 1902 1783 circa
1928 1727 2020 1793 25;

2129 535 2324 598 αὐτοὺς
2385 529 2796 605 σχηματισμοὺς
2848 532 2880 598 ἡ
2930 525 3122 596 σελήνη
3152 521 3416 576 ἀποτελεῖ.
3467 521 3610 574 Ἀλλ’
3635 523 3694 574 ἐν

2133 625 2408 696 διαφόροις
2456 622 2689 694 ἡμέραις
2732 619 2870 673 κατὶι
2919 617 3015 688 τὴν
3056 614 3367 685 ἀνωμαλίαν
3407 613 3510 684 τῆς
3547 616 3696 685 κινη-

2131 736 2286 781 σεως.
2321 717 2560 788 Ταχίστη
2591 715 2687 783 μὲν
2715 713 2824 782 γὰρ
2854 710 3100 780 φαίνεται
3126 709 3158 778 ἡ
3192 708 3385 778 σελήνη
3411 705 3697 776 μηνοειδὴς

2129 814 2194 882 τῇ
2243 809 2534 879 νουμηνίαν
2594 805 2894 878 βραδυτάτη
2949 801 3004 854 δὲ
3043 803 3108 871 τῇ
3165 799 3338 871 τρίτη.
3381 798 3496 850 Καὶ
3548 796 3696 867 μένει

2133 900 2438 973 μηνοειδὴς,
2471 899 2558 952 ὁτὲ
2609 897 2708 969 μὲν
2733 897 2779 928 ⁸ο
2801 895 2904 958 ἕως
2924 895 3022 964 τῆς
3051 892 3326 962 πέμπτης,
3358 888 3449 940 ότέ
3489 887 3545 940 δέ
3569 888 3694 958 βρα-

2129 995 2374 1057 δύτατον,
2401 992 2503 1055 ἕως
2539 991 2636 1061 τῆς
2675 987 2906 1058 ἑϐδόμης
2925 1003 2938 1015 ·
2970 983 3245 1054 διχότομος
3276 981 3331 1034 δὲ
3363 979 3572 1047 γίνεται
3595 996 3694 1030 τα-

2131 1084 2285 1155 χίστη
2316 1084 2414 1154 μὲν
2446 1082 2573 1153 περὶ
2621 1081 2718 1151 τὴν
2767 1078 2954 1148 ἕκτην,
3007 1073 3312 1146 βραδυτάτη
3343 1071 3399 1124 δὲ
3430 1071 3563 1139 περὶ
3597 1069 3696 1138 τὴν

2131 1173 2318 1244 ὀγδόην
2343 1189 2359 1204 ο
2402 1172 2743 1243 ἀμφίκυρτος
2788 1168 2845 1221 δὲ
2886 1167 3092 1235 γίνεται
3154 1164 3280 1233 περὶ
3331 1160 3429 1232 τὴν
3461 1159 3699 1226 δεκάτην

2131 1265 2380 1335 ταχίστη,
2447 1260 2750 1332 βραδυτάτη
2781 1259 2838 1311 δὲ
2877 1256 3004 1328 περὶ
3026 1255 3122 1327 τὴν
3158 1259 3251 1322 ty”
3276 1250 3610 1320 πανσέληνος
3641 1248 3698 1300 δέ

2133 1357 2336 1425 γίνεται
2361 1354 2587 1425 ταχίστη
2625 1353 2719 1422 μὲν
2751 1350 2888 1421 περὶ
2907 1347 3002 1419 τὴν
3040 1353 3126 1415 ιγ’,
3157 1342 3460 1416 βραδυτάτη
3480 1341 3538 1394 δὲ
3571 1340 3700 1412 περὶ

2131 1449 2230 1520 τὴν
2267 1446 2346 1510 ιζ’.
2417 1445 2778 1516 Ἀμφίκυρτος
2843 1440 2899 1494 δέ
2933 1441 2993 1492 τὸ
3035 1436 3303 1507 δεύτερον,
3333 1435 3568 1506 ταχίστη
3604 1433 3701 1503 μὲν

2134 1538 2415 1594 ἀνατέλλει
2446 1536 2572 1608 περῖ⁵
2604 1534 2701 1606 τὴν
2748 1541 2836 1605 ιη’,
2875 1529 3177 1604 βραδυτάτη
3210 1529 3267 1582 δέ
3295 1529 3424 1601 περὶ
3460 1527 3561 1598 τὴν
3595 1524 3701 1597 κβ⁹.

2134 1630 2422 1701 Διχότομος
2450 1627 2506 1680 δέ
2563 1626 2768 1694 γίνεται
2803 1623 2864 1676 τὸ
2889 1623 3134 1694 δεύτερον
3177 1619 3403 1690 ταχίστη
3443 1619 3546 1688 μὲν
3573 1618 3702 1690 περὶ

2133 1723 2230 1793 τὴν
2283 1721 2470 1774 εἰκάδα
2527 1720 2618 1773 καὶ
2664 1719 2823 1789 μίαν,
2886 1715 3186 1786 βραδυτάτη
3235 1714 3290 1768 δὲ
3336 1713 3464 1782 περὶ
3487 1713 3588 1784 τὴν
3621 1713 3699 1765 εί-

471 1828 662 1884 falcata
713 1823 954 1882 secundo
985 1823 1065 1888 ﬁt,
1095 1837 1220 1877 cum
1252 1831 1338 1877 est
1374 1819 1684 1884 celerrima,
1739 1820 1886 1874 circa
1915 1818 1986 1872 25
2009 1860 2024 1885 ,

2139 1816 2270 1870 κάδα
2319 1817 2412 1869 καὶ
2441 1815 2630 1885 τρίτην
2656 1830 2668 1843 ο
2705 1811 2988 1882 μηνοειδὴς
3024 1809 3080 1861 δέ
3103 1807 3310 1877 γίνεται
3333 1807 3392 1860 τὺ
3413 1806 3698 1876 δεύτερον,

468 1917 594 1971 cum
647 1923 730 1971 est
784 1913 1117 1975 tardissima.
1169 1913 1313 1966 circa
1336 1909 1426 1964 26.
1460 1909 1655 1964 Totum
1680 1917 1858 1964 autem
1891 1915 2028 1962 tem-

469 2025 573 2079 pus
606 2017 944 2063 menstruum
978 2013 1064 2061 est
1093 2006 1302 2060 dierum
1336 2004 1405 2058 29
1435 2004 1536 2074 1/2
1593 2003 1714 2073 1/5.
1760 2000 1852 2053 Est
1881 2001 2026 2054 enim

471 2097 674 2154 mensis
705 2104 918 2167 tempus
943 2111 974 2149 a
1005 2094 1392 2165 conjunctione
1443 2094 1507 2147 ad
1545 2091 1984 2161 conjunctionem
2011 2105 2026 2154 ;

472 2205 502 2241 a
535 2187 833 2257 plenilunio
855 2185 923 2239 ad
945 2185 1323 2256 plenilunium,
1372 2183 1686 2253 conjunctio
1739 2190 1916 2236 autem
1945 2189 2026 2234 est

471 2289 683 2346 tempus
734 2276 790 2330 in
853 2292 960 2345 quo
1013 2277 1094 2331 sol
1145 2283 1198 2330 et
1227 2276 1354 2328 luna
1376 2274 1428 2328 in
1452 2272 1642 2328 eodem
1699 2272 1870 2342 gradu
1897 2286 2057 2351 σου-ο

472 2371 795 2427 s'ituuntur.
829 2369 984 2435 Quod
1013 2369 1278 2438 contingit
1315 2367 1402 2422 die
1429 2365 1497 2420 30
1525 2364 1748 2420 mensis.

1089 2562 1317 2619 CAPUT
1355 2561 1488 2616 VIII.

1006 2657 1084 2711 De
1134 2657 1314 2725 eclipsi
1354 2657 1502 2710 solis.

548 2768 690 2824 Solis
729 2767 960 2838 eclipses
1008 2766 1142 2822 ﬁunt
1197 2783 1262 2822 ex
1308 2765 1631 2836 interpositu
1703 2763 1864 2820 lunae.
1893 2761 2031 2816 Cum

474 2862 622 2916 enim
680 2861 763 2917 sol
821 2860 1073 2930 superius
1096 2859 1322 2923 feratur,
1355 2860 1483 2913 luna
1511 2857 1762 2919 inferius,
1810 2870 1934 2910 cum
1975 2857 2032 2908 in

472 2951 661 3008 endem
690 2951 860 3024 gradu
889 2951 1088 3004 fuerint
1121 2951 1202 3004 sol
1232 2959 1285 3004 et
1319 2950 1444 3003 luna
1476 2949 1578 3004 sub
1619 2948 1786 3002 solem
1809 2946 2032 3002 subiens

474 3047 578 3099 ista
603 3042 773 3098 ofﬁcit
791 3043 958 3097 radiis
992 3043 1143 3104 solis,
1178 3042 1269 3111 qui
1304 3041 1369 3095 ad
1404 3056 1502 3096 nos
1531 3041 1800 3095 feruntur.
1832 3037 2031 3103 Quam-

2126 1906 2353 1977 ταχίστη
2407 1905 2504 1976 μὲν
2534 1902 2659 1974 περὶ
2685 1902 2782 1973 τὴν
2815 1901 2999 1954 εἰκάδα
3050 1900 3145 1953 καὶ⁴
3170 1897 3446 1968 πέμπτην,
3495 1895 3697 1967 βραδυ-

2130 1999 2265 2069 τάτη
2297 1997 2354 2050 δὲ
2381 1996 2508 2068 περὶ
2535 1995 2629 2066 τὴν
2668 1993 2856 2047 εἰκάδα
2881 1993 2973 2046 καὶ
3005 1991 3189 2062 ἕκτην.
3225 1989 3280 2043 ’0
3307 1988 3362 2041 δὲ
3391 1990 3499 2052 πᾶς
3527 2006 3692 2060 μηνι-

2130 2092 2244 2153 αἴος
2260 2089 2444 2160 χρόνος
2460 2087 2680 2158 ἡμερῶν
2695 2088 2808 2138 ἐστι
2825 2085 2901 2139 κθ⁹
2918 2085 3021 2154 αίβ
3038 2083 3163 2153 αίγ·
3183 2082 3294 2134 ἔστι
3307 2080 3412 2151 γὰρ
3432 2081 3541 2150 μὴν
3561 2079 3695 2150 χρόο

2130 2199 2219 2244 νος
2247 2180 2355 2235 ἀπὸ
2377 2179 2596 2232 συνόδου
2619 2180 2697 2240 εἰς
2722 2178 2956 2240 σύνοδον,
2991 2175 3097 2228 ἀπὸ
3115 2176 3215 2244 τῆς
3245 2174 3580 2243 πανσελήνου
3600 2168 3698 2224 ἐπὶ

2131 2274 2227 2345 τὴν
2260 2273 2608 2343 πανσέληνον·
2645 2271 2854 2335 σύνοδος
2880 2271 2937 2324 δέ
2960 2272 3075 2324 ἐστι
3101 2269 3306 2341 χρόνος,
3339 2270 3396 2320 ὲν
3415 2260 3459 2334 ᾧ
3486 2268 3514 2319 ό
3540 2266 3698 2336 ἡλιος

2133 2367 2224 2420 καὶ
2255 2368 2287 2436 ἡ
2316 2366 2508 2436 σελήνη
2539 2365 2595 2417 ἐν
2623 2368 2686 2436 τῇ
2719 2366 2854 2436 αὐτῇ
2890 2364 3052 2436 μοίρᾳ
3073 2364 3329 2433 γίνονται.
3349 2363 3526 2434 Ὅπερ
3556 2378 3696 2432 συμο

2135 2458 2305 2512 σαίνει
2329 2460 2394 2528 τῇ
2420 2457 2691 2528 τριακάδι.

2653 2566 3040 2620 ΚΕΦΑΛΑΙΟΝ
3084 2567 3164 2620 Η’.

2536 2659 2672 2727 Περὶ
2719 2659 3043 2726 ἐκλείψεως
3077 2658 3272 2725 ἡλίου.

2201 2775 2266 2826 Ai
2293 2772 2384 2826 τοῦ
2412 2772 2562 2843 ἡλίου
2593 2769 2859 2840 ἐκλείψεις
2909 2767 3148 2837 γίνονται
3189 2769 3307 2819 κατ’
3364 2766 3700 2838 ἐπιπρόσθη-

2136 2881 2219 2918 σιν
2243 2863 2489 2934 σελήνης.
2508 2860 2923 2932 Μετεωροτέρου
2949 2859 3057 2930 γάρ
3085 2859 3384 2930 φερομένου
3408 2857 3502 2910 τοῦ
3519 2859 3694 2927 ἡλίου,

2132 2955 2515 3025 ταπεινοτέρας
2544 2954 2599 3007 δέ
2650 2954 2746 3023 τῆς
2786 2951 3041 3022 σελήνης,
3069 2952 3192 3003 ὅταν
3232 2949 3370 3002 κατά
3400 2949 3497 3021 τὴν
3527 2950 3700 3018 αὐτὴν

2137 3051 2326 3120 μοῖραν
2341 3048 2559 3120 γένηται
2593 3048 2620 3099 ὁ
2647 3045 2794 3118 ἥλιος
2817 3045 2906 3098 καὶ
2929 3046 2961 3115 ἡ
2997 3043 3211 3114 σελήνη,
3236 3043 3701 3115 ὑποτροχάσασαὴ

475 3137 663 3190 ohrem
723 3150 792 3189 ne
841 3134 1126 3188 dicendum
1155 3133 1372 3202 quidem
1411 3143 1516 3196 est,
1547 3147 1640 3187 eas
1673 3131 1888 3200 proprie
1911 3145 2031 3183 esse

2139 3139 2331 3209 σελήνη
2355 3138 2432 3208 τῷ
2454 3139 2588 3208 ἡλίῳ
2611 3137 2956 3208 ἀντιφράττει
2979 3138 3098 3198 ταῖς
3124 3135 3229 3188 ἀπὸ
3249 3135 3340 3188 τοῦ
3369 3134 3517 3205 ἡλίου
3544 3153 3705 3206 φερο-

475 3229 728 3298 eclipses,
785 3226 881 3281 sed
931 3225 1392 3296 interpositiones.
1436 3223 1570 3276 Nam
1625 3223 1756 3277 solis
1814 3221 2030 3290 quidem

476 3323 625 3376 nulla
661 3335 786 3389 pars
819 3333 1055 3387 unquam
1087 3316 1338 3381 deﬁciet;
1372 3316 1530 3370 nobis
1593 3329 1723 3370 vero
1763 3316 1877 3384 ipse
1915 3312 2034 3366 red-

476 3415 624 3467 ditur
655 3411 940 3466 invisibilis
993 3418 1213 3480 propter
1243 3409 1609 3464 incursionem
1652 3409 1810 3461 lunae.
1861 3406 2032 3472 Quam

476 3507 548 3559 ob
606 3519 826 3557 causam
890 3519 958 3557 ne
999 3503 1238 3572 aequales
1287 3500 1505 3570 quidem
1561 3515 1754 3554 rursus
1803 3499 2034 3566 eclipses

480 3599 650 3662 ﬁunt;
692 3597 786 3651 sed
817 3595 1116 3652 secundum
1143 3595 1418 3650 climatum
1451 3593 1783 3648 diﬁ‘erentias
1829 3607 2035 3661 magna:

478 3688 823 3744 diversitates
863 3687 996 3741 ﬁunt
1067 3687 1214 3740 circa
1281 3685 1677 3757 magnitudines
1722 3683 2030 3751 eclipsium.

479 3780 680 3836 Eodem
712 3781 858 3834 enim
913 3789 1157 3846 tempore
1208 3778 1331 3834 aliis
1378 3787 1523 3832 totus
1562 3776 1744 3831 deﬁcit
1772 3776 1886 3840 sol;
1913 3774 2035 3829 aliis

480 3873 744 3928 medietas
787 3873 958 3936 solis;
994 3873 1116 3927 aliis
1154 3873 1334 3926 minor
1391 3887 1518 3941 pars
1554 3869 1877 3933 medietate;
1913 3867 2036 3921 aliis

479 3965 626 4020 nulla
662 3981 787 4034 pars
817 3964 1040 4018 omnino
1075 3963 1207 4018 solis
1252 3963 1484 4017 deﬁcere
1512 3962 1744 4016 videtur.
1777 3959 1910 4014 Nam
1942 3959 2034 4028 qui

479 4057 724 4112 habitant
781 4056 834 4109 in
868 4054 1252 4125 perpendiculo
1299 4053 1728 4124 interpositionis
1757 4053 1916 4116 luuze,
1953 4051 2037 4105 his

477 4155 630 4202 totus
663 4148 743 4200 sol
775 4146 1177 4210 absconditur;
1220 4147 1307 4214 qui
1371 4161 1496 4199 vero
1543 4151 1695 4198 extra
1748 4141 2037 4212 perpendi-

479 4240 662 4294 culum
714 4245 920 4308 partem
960 4237 1196 4304 aliquam
1237 4235 1673 4304 interpositionis
1699 4234 1918 4295 habent,
1969 4232 2037 4286 iis

479 4346 608 4404 pars
639 4330 820 4400 aliqua
847 4329 979 4382 solis
1013 4327 1244 4381 deﬁcere
1297 4327 1544 4391 videtur;
1589 4328 1684 4396 qui
1709 4339 1835 4380 vero
1863 4325 2038 4378 omni-

478 4439 550 4479 no
578 4429 726 4477 extra
767 4418 1232 4490 interpositionem
1282 4417 1549 4480 habitant,
1596 4417 1683 4471 his
1724 4415 1870 4471 nulla
1912 4428 2038 4482 pars

2141 3232 2328 3301 μέναις
2360 3231 2548 3297 αὐγαῖς
2576 3229 2708 3300 πρὸς
2742 3230 2906 3298 ἡμᾶς.
2943 3229 3140 3298 Διόπερ
3163 3226 3283 3279 οὐδὲ
3309 3228 3498 3296 ῥητέον
3532 3228 3703 3288 αὑτὰς

2135 3322 2336 3393 κυρίως
2368 3322 2655 3390 ἐκλείψεις,
2705 3321 2818 3373 ἀλλ’
2840 3319 3279 3390 ἐπιπροσθησεις.
3315 3317 3419 3370 Τοῦ
3463 3319 3563 3388 μὲν
3595 3319 3705 3389 γὰρ

2139 3415 2286 3484 ἡλίου
2345 3414 2465 3466 ούδέ
2523 3413 2580 3464 ἓν
2617 3413 2778 3483 μέρος
2821 3411 3070 3464 οὐδέποτε
3134 3409 3399 3478 ἐκλείψει·
3460 3411 3594 3479 ἡμῖν
3647 3408 3704 3463 δὲ

2137 3507 2442 3578 ἀθεώρητος
2471 3507 2675 3574 γίνεται
2709 3503 2795 3557 διὰ
2851 3503 2946 3574 τὴν
2977 3502 3366 3572 ἐπιπρόσθησιν
3411 3501 3509 3570 τῆς
3542 3500 3701 3571 σελὴ-

2138 3615 2253 3669 νης.
2277 3599 2354 3649 Δι’
2380 3597 2445 3666 ἣν
2467 3596 2640 3650 αἰτίαν
2668 3596 2774 3649 ούδ⁹
2809 3594 2918 3647 ἴσαι
2951 3594 3110 3647 πάλιν
3137 3596 3192 3648 αἱ
3228 3593 3497 3662 ἐκλείψεις
3523 3594 3701 3661 γίνον-

2136 3707 2226 3742 ται
2251 3705 2264 3719 ·
2286 3689 2421 3741 ἀλλὰ
2453 3689 2590 3742 κατὰ
2617 3687 2713 3750 τὰς
2741 3688 2848 3739 τῶν
2872 3686 3146 3756 κλιμάτων
3177 3685 3436 3756 διαφορὰς
3467 3685 3694 3756 μεγάλαι

2139 3779 2736 3851 παραλλαγα“ιγίνονται
2761 3779 2888 3847 περὶ
2917 3777 2984 3830 τά
3017 3777 3218 3847 μεγέθη
3251 3777 3358 3829 τῶν
3383 3777 3686 3846 ἐκλείψεων.

2136 3871 2288 3924 Κατὰ
2325 3871 2431 3941 γὰρ
2452 3870 2541 3923 τὸν
2564 3871 2721 3924 αὑτὸν
2750 3871 2936 3940 χρόνον
2968 3869 3074 3937 (45)
3100 3863 3186 3938 οἷς
3222 3869 3318 3938 μὲν
3347 3869 3464 3932 ὅλος
3491 3871 3520 3921 ὁ
3551 3869 3692 3940 ⁴ἣλιος

2136 3963 2394 4024 ἐκλείπει,
2411 3956 2489 4025 οἷς
2503 3962 2630 4014 δὲτὸ
2645 3962 2832 4031 ἥμισυ,
2847 3957 2925 4024 οἷς
2941 3961 2995 4014 δέ
3015 3960 3073 4012 τὸ
3089 3961 3305 4014 ἔλαττον
3320 3961 3412 4013 τοῦ
3431 3961 3687 4031 ἡμίσεωςο

2135 4049 2216 4117 οἷς
2231 4055 2285 4106 δέ
2297 4053 2392 4124 τὴν
2418 4054 2589 4124 ἀρχὴν
2617 4053 2768 4106 οὐδὲν
2786 4054 2949 4124 μέρος
2964 4053 3056 4106 τοῦ
3076 4053 3227 4123 ἡλίου
3243 4051 3549 4116 ἐκλελοιπὸς
3565 4051 3690 4104 θεω-

2143 4149 2330 4218 ρεῖται.
2365 4147 2516 4198 Ὅσοι
2546 4147 2640 4217 μέν
2662 4145 2768 4216 γὰρ
2797 4146 2934 4200 κατὰ
2955 4145 3178 4198 κάθετον
3211 4145 3416 4199 οίκοῦσι
3451 4146 3548 4216 τῆς
3581 4147 3690 4197 ἐπι-

2143 4239 2511 4310 ποοσθὴσεως,
2537 4239 2744 4302 τούτοις
2771 4239 2890 4302 ὅλος
2912 4238 3219 4311 ἀθεώρητος
3239 4239 3446 4308 γίνεται
3473 4240 3501 4290 ὁ
3535 4237 3693 4308 ἥλιος·

2137 4335 2250 4395 τοῖς
2280 4331 2336 4384 δέ
2373 4331 2475 4395 ἔξω
2520 4331 2682 4402 μέρος
2708 4349 2760 4383 τι
2793 4331 2893 4400 τῆς
2927 4333 3370 4403 ἐπιπροσθησεως
3400 4330 3574 4400 ἔχουσι
3604 4326 3696 4398 μέε

2148 4441 2235 4494 ρος
2265 4441 2320 4475 τι
2347 4422 2440 4476 τοῦ
2485 4422 2635 4492 ἡλίου
2685 4421 2992 4486 ἐκλελοιπὸς
3041 4423 3293 4493 βλέπεται
3313 4438 3327 4452 ’
3376 4424 3489 4484 τοῖς
3518 4420 3571 4473 δέ
3601 4417 3700 4482 ἔξω

478 4516 612 4570 solis
668 4513 872 4568 deﬁcit.
928 4513 1082 4579 Quod
1133 4518 1312 4564 autem
1342 4511 1643 4565 secundum
1697 4509 2032 4575 interiectum

2145 4513 2446 4585 ὁλοσχερῶς
2475 4515 2572 4584 τῆς
2612 4515 3052 4585 ἐπιπροσθὴσεως
3089 4514 3324 4568 οἰκοῦσιν
3359 4514 3510 4566 οὐδὲν
3551 4513 3703 4582 μέρος

481 4607 624 4660 luna:
649 4607 728 4661 sol
757 4606 996 4668 deﬁciat,
1046 4605 1342 4659 maximum
1383 4611 1469 4658 est
1499 4609 1899 4671 argumentum,
1930 4613 2038 4651 non

483 4699 597 4753 ﬁeri
621 4699 673 4751 in
717 4699 820 4751 alio
843 4698 931 4752 die
969 4698 1223 4766 eclipses,
1273 4696 1379 4751 nisi
1415 4702 1625 4748 tantum
1661 4695 1714 4746 in
1739 4691 2038 4752 tricesimo,

477 4807 600 4845 cum
634 4792 758 4844 luna
785 4790 1133 4859 conjungitnr
1159 4805 1282 4842 cum
1308 4789 1460 4854 sole;
1494 4798 1547 4842 et
1579 4787 1704 4840 hinc
1752 4785 1892 4840 idem
1949 4801 2040 4838 co-

479 4883 760 4948 gnoscitur
783 4922 798 4942 ,
822 4881 967 4950 quod
1003 4895 1100 4950 pro
1123 4881 1332 4936 ratione
1359 4881 1600 4935 locorum
1640 4878 2040 4948 magnitudines

479 4971 765 5042 eclipsium
796 4975 946 5025 liant.

571 5215 614 5245 ⁸⁸
649 5215 689 5282 f.
721 5214 809 5267 ὁτὲ
838 5211 936 5283 μὲν
961 5214 1206 5286 ταχίστη,
1236 5222 1288 5268 et
1321 5231 1441 5269 mox
1475 5214 1776 5285 βραδυτάτη

550 5369 663 5440 (45)
700 5369 863 5426 Κατὰ
897 5371 1008 5440 γὰρ
1043 5371 1150 5426 τὸν
1175 5370 1362 5426 αὐτὸν
1390 5374 1631 5442 χρόνον.
1677 5371 1919 5426 Totusne
1968 5370 2049 5425 sol

480 5441 771 5510 aliquando
819 5442 1063 5505 deﬁciat,
1119 5458 1188 5496 an
1242 5441 1544 5513 pars’ejus
1597 5443 1776 5513 aliqua
1837 5456 2053 5510 semper

476 5521 740 5582 emergat,
779 5514 1090 5580 obducique
1133 5520 1392 5581 nequeat,
1441 5529 1552 5568 non
1601 5515 1742 5568 inter
1777 5513 2050 5582 principes

479 5581 620 5653 artis
648 5582 792 5637 illius
825 5585 1101 5638 convenit.
1134 5582 1268 5636 Nam
1301 5591 1460 5637 :rtate
1490 5593 1676 5638 nostra
1701 5581 1887 5653 Tycha
1920 5581 2048 5634 Bra-

484 5651 622 5706 beus
657 5653 871 5720 negavit
895 5653 962 5707 ab
993 5655 1142 5714 luna,
1168 5654 1463 5723 quamlibet
1488 5653 1718 5721 deiecta,
1745 5651 1919 5707 totum
1944 5653 2046 5707 ob.

485 5724 700 5779 scurari
739 5737 896 5794 posse
937 5725 1068 5782 solis
1107 5724 1324 5793 orbem;
1364 5738 1424 5780 ac
1470 5723 1764 5782 diametros
1805 5733 2044 5796 aspecta-

2151 4607 2244 4658 τοῦ
2272 4606 2424 4677 ηλίου
2482 4606 2790 4670 ἐκλελοιπὸς
2847 4606 3147 4678 θεωρεῖται.
3191 4607 3310 4659 Ὅτι
3343 4605 3399 4658 δὲ
3446 4603 3582 4658 κατὰ
3611 4603 3705 4672 τὴν

2154 4695 2543 4768 ὲπιπρόσθησιν
2607 4697 2704 4767 τῆς
2749 4695 2971 4766 σελήνης
3003 4698 3030 4749 ὁ
3061 4695 3210 4765 ἥλιος
3254 4694 3516 4756 ἐκλείπει,
3558 4692 3706 4762 μέγι-

2152 4802 2274 4837 στον
2326 4786 2624 4856 τεκμήριον
2673 4786 2733 4838 τὸ
2764 4785 2836 4855 μὴ
2889 4784 3127 4853 γίνεσθαι
3167 4786 3224 4837 ἐν
3250 4783 3383 4856 ἄλλῃ
3409 4783 3588 4853 ἡμέρᾳ
3615 4779 3708 4842 τὰς

2150 4877 2438 4946 ἐκλείψεις.
2463 4875 2574 4930 ἀλλ’
2606 4879 2662 4928 ἐν
2700 4881 2763 4948 τῇ
2788 4880 3076 4946 τριακοστῇ
3114 4877 3290 4946 μόνον,
3323 4877 3410 4930 ὅτε
3445 4873 3709 4928 συνοδεύει

2151 4968 2182 5030 ἡ
2218 4969 2410 5028 σελήνη
2439 4966 2517 5037 τῷ
2545 4967 2700 5038 ἡλίῳ,
2745 4968 2834 5020 καὶ
2865 4970 2929 5020 ἐκ
2960 4967 3051 5020 τοῦ
3083 4968 3216 5038 πρὸς
3255 4968 3409 5036 λόγον
3435 4968 3542 5020 τῶν
3565 4967 3709 5039 οἰκή-

2150 5078 2282 5110 σεων
2309 5065 2376 5113 τά
2412 5060 2615 5130 μεγέθη
2651 5060 2756 5112 τῶν
2790 5058 3077 5129 ἐκλείψεων
3118 5058 3380 5127 γίνεσθαι.

2159 5369 2306 5451 biles.
2329 5372 2471 5451 lungite
2503 5370 2740 5451 minores
2774 5370 2826 5424 in
2854 5374 3108 5451 syrygiis,
3137 5387 3298 5442 quam
3331 5376 3561 5437 salares,
3583 5390 3709 5430 con-

2159 5440 2354 5494 stituit.
2393 5439 2603 5508 Pugnat
2632 5447 2810 5495 autem
2843 5439 2907 5496 ei:
2943 5439 3169 5499 adverso
3204 5453 3442 5500 veterum
3478 5447 3709 5500 auctori-

2158 5519 2274 5590 tas;
2324 5518 2454 5590 tuna
2479 5511 2848 5590 experimenta
2894 5514 3011 5590 ipsa
3057 5529 3373 5590 magnorum
3418 5516 3707 5590 artiﬁcum.

2157 5579 2652 5661 \’_ide_Keplerum,.
2684 5582 2860 5649 capite
2963 5579 3173 5661 Optimi
3200 5589 3586 5661 astronomiae,
3621 5585 3709 5640 ubi

2159 5652 2404 5724 pluribus
2421 5651 2687 5724 exemplis
2719 5655 2981 5724 approbat
3013 5656 3181 5711 solem
3218 5656 3510 5724 aliquando
3538 5665 3708 5710 totum

2155 5737 2312 5792 posse
2342 5722 2586 5789 deﬁcere,
2621 5724 2762 5791 quod
2803 5725 2886 5779 hic
2931 5723 3188 5782 Ge‘ninus
3224 5722 3409 5783 noster
3459 5726 3706 5793 aﬁirmat,
