  <div class='ocr_page' id='page_1' title='image "/cluster/home/n/w/nwhite01/storage/ocr_20150623/19/hvd.32044073501199/418.png"; bbox 0 0 4000 6206; ppageno 0'>
   <div class='ocr_carea' id='block_1_1' title="bbox 313 272 415 332">
    <p class='ocr_par' dir='ltr' id='par_1_1' title="bbox 313 272 415 332">
     <span class='ocr_line' id='line_1_1' title="bbox 313 272 415 332; baseline -0.02 0"><span class='ocrx_word' id='word_1_1' title='bbox 313 272 415 332; x_wconf 66' lang='grc'><strong>811</strong></span> 
     </span>
    </p>
   </div>
   <div class='ocr_carea' id='block_1_2' title="bbox 839 388 1354 443">
    <p class='ocr_par' dir='ltr' id='par_1_2' title="bbox 839 388 1354 443">
     <span class='ocr_line' id='line_1_2' title="bbox 839 388 1354 443; baseline 0.004 -2"><span class='ocrx_word' id='word_1_2' title='bbox 839 389 1107 442; x_wconf 74' lang='grc' dir='ltr'><strong>ΚΕΦΑΛΔ</strong></span> <span class='ocrx_word' id='word_1_3' title='bbox 1116 388 1232 443; x_wconf 85' lang='lat' dir='ltr'><strong>ION</strong></span> <span class='ocrx_word' id='word_1_4' title='bbox 1275 388 1354 443; x_wconf 71' lang='grc' dir='ltr'>ϐ’.</span> 
     </span>
    </p>
   </div>
   <div class='ocr_carea' id='block_1_3' title="bbox 623 504 1580 576">
    <p class='ocr_par' dir='ltr' id='par_1_3' title="bbox 623 504 1580 576">
     <span class='ocr_line' id='line_1_3' title="bbox 623 504 1580 576; baseline 0.002 -19"><span class='ocrx_word' id='word_1_5' title='bbox 623 505 764 573; x_wconf 87' lang='grc' dir='ltr'>Περί</span> <span class='ocrx_word' id='word_1_6' title='bbox 798 504 1125 575; x_wconf 72' lang='grc' dir='ltr'><strong>ἐκλείψεως</strong></span> <span class='ocrx_word' id='word_1_7' title='bbox 1154 504 1266 575; x_wconf 83' lang='grc' dir='ltr'>τῆς</span> <span class='ocrx_word' id='word_1_8' title='bbox 1290 505 1580 576; x_wconf 71' lang='grc' dir='ltr'>σελήνης.</span> 
     </span>
    </p>
   </div>
   <div class='ocr_carea' id='block_1_4' title="bbox 388 615 1897 691">
    <p class='ocr_par' dir='ltr' id='par_1_4' title="bbox 388 615 1897 691">
     <span class='ocr_line' id='line_1_4' title="bbox 388 615 1897 691; baseline -0.001 -20"><span class='ocrx_word' id='word_1_9' title='bbox 388 617 455 671; x_wconf 84' lang='grc' dir='ltr'>Δί</span> <span class='ocrx_word' id='word_1_10' title='bbox 487 616 585 687; x_wconf 80' lang='grc' dir='ltr'>τῆς</span> <span class='ocrx_word' id='word_1_11' title='bbox 617 615 847 689; x_wconf 83' lang='grc' dir='ltr'><strong>σελήνης</strong></span> <span class='ocrx_word' id='word_1_12' title='bbox 873 615 1144 689; x_wconf 89' lang='grc' dir='ltr'>ἐκλείψεις</span> <span class='ocrx_word' id='word_1_13' title='bbox 1173 617 1411 687; x_wconf 85' lang='grc' dir='ltr'>γίνονται</span> <span class='ocrx_word' id='word_1_14' title='bbox 1440 617 1583 673; x_wconf 87' lang='grc' dir='ltr'><strong>κατά</strong></span> <span class='ocrx_word' id='word_1_15' title='bbox 1607 618 1706 691; x_wconf 78' lang='grc' dir='ltr'><strong>τήν</strong></span> <span class='ocrx_word' id='word_1_16' title='bbox 1734 619 1813 685; x_wconf 85' lang='grc' dir='ltr'><strong>εἰς</strong></span> <span class='ocrx_word' id='word_1_17' title='bbox 1836 616 1897 670; x_wconf 86' lang='grc' dir='ltr'><strong>τδ</strong></span> 
     </span>
    </p>
   </div>
   <div class='ocr_carea' id='block_1_5' title="bbox 314 709 1898 785">
    <p class='ocr_par' dir='ltr' id='par_1_5' title="bbox 314 709 1898 785">
     <span class='ocr_line' id='line_1_5' title="bbox 314 709 1898 785; baseline 0.002 -23"><span class='ocrx_word' id='word_1_18' title='bbox 314 710 565 782; x_wconf 76' lang='grc' dir='ltr'><strong>σκίασμα</strong></span> <span class='ocrx_word' id='word_1_19' title='bbox 602 710 702 783; x_wconf 84' lang='grc' dir='ltr'>τῆς</span> <span class='ocrx_word' id='word_1_20' title='bbox 742 711 847 782; x_wconf 80' lang='grc' dir='ltr'>γῆς</span> <span class='ocrx_word' id='word_1_21' title='bbox 886 709 1166 783; x_wconf 78' lang='grc' dir='ltr'>έμπτωσιν</span> <span class='ocrx_word' id='word_1_22' title='bbox 1198 713 1295 784; x_wconf 79' lang='grc' dir='ltr'>τῆς</span> <span class='ocrx_word' id='word_1_23' title='bbox 1342 712 1588 785; x_wconf 89' lang='grc' dir='ltr'>σελήνης.</span> <span class='ocrx_word' id='word_1_24' title='bbox 1629 710 1898 783; x_wconf 77' lang='grc' dir='ltr'>Καθάπερ</span> 
     </span>
    </p>
   </div>
   <div class='ocr_carea' id='block_1_6' title="bbox 311 800 1895 878">
    <p class='ocr_par' dir='ltr' id='par_1_6' title="bbox 311 800 1895 878">
     <span class='ocr_line' id='line_1_6' title="bbox 311 800 1895 878; baseline -0.001 -22"><span class='ocrx_word' id='word_1_25' title='bbox 311 803 427 873; x_wconf 72' lang='grc' dir='ltr'><strong>γὰρ</strong></span> <span class='ocrx_word' id='word_1_26' title='bbox 459 804 555 857; x_wconf 72' lang='grc' dir='ltr'>καὶ</span> <span class='ocrx_word' id='word_1_27' title='bbox 585 803 654 856; x_wconf 85' lang='grc' dir='ltr'>τὰ</span> <span class='ocrx_word' id='word_1_28' title='bbox 672 802 835 857; x_wconf 88' lang='grc' dir='ltr'>λοιπά</span> <span class='ocrx_word' id='word_1_29' title='bbox 859 803 968 857; x_wconf 80' lang='grc' dir='ltr'><strong>τῶν</strong></span> <span class='ocrx_word' id='word_1_30' title='bbox 996 804 1282 875; x_wconf 87' lang='grc' dir='ltr'>σωμάτων,</span> <span class='ocrx_word' id='word_1_31' title='bbox 1309 803 1652 878; x_wconf 74' lang='grc' dir='ltr'>φωτιζόμενα</span> <span class='ocrx_word' id='word_1_32' title='bbox 1671 802 1776 857; x_wconf 81' lang='grc' dir='ltr'><strong>ὑπὸ</strong></span> <span class='ocrx_word' id='word_1_33' title='bbox 1801 800 1895 855; x_wconf 80' lang='grc' dir='ltr'>τοῦ</span> 
     </span>
    </p>
   </div>
   <div class='ocr_carea' id='block_1_7' title="bbox 310 891 1895 968">
    <p class='ocr_par' dir='ltr' id='par_1_7' title="bbox 310 891 1895 968">
     <span class='ocr_line' id='line_1_7' title="bbox 310 891 1895 968; baseline 0.001 -21"><span class='ocrx_word' id='word_1_34' title='bbox 310 891 493 965; x_wconf 77' lang='grc' dir='ltr'>ἡλίου,</span> <span class='ocrx_word' id='word_1_35' title='bbox 530 893 689 959; x_wconf 69' lang='grc' dir='ltr'>σκιὰς</span> <span class='ocrx_word' id='word_1_36' title='bbox 714 893 1032 961; x_wconf 81' lang='grc' dir='ltr'>ἀποϐάλλει,</span> <span class='ocrx_word' id='word_1_37' title='bbox 1065 895 1207 950; x_wconf 73' lang='grc' dir='ltr'>οὕτω</span> <span class='ocrx_word' id='word_1_38' title='bbox 1230 896 1325 951; x_wconf 79' lang='grc' dir='ltr'>καὶ</span> <span class='ocrx_word' id='word_1_39' title='bbox 1358 897 1391 967; x_wconf 85' lang='grc' dir='ltr'><strong>ἡ</strong></span> <span class='ocrx_word' id='word_1_40' title='bbox 1423 896 1519 967; x_wconf 82' lang='grc' dir='ltr'>γῆ,</span> <span class='ocrx_word' id='word_1_41' title='bbox 1554 895 1895 968; x_wconf 82' lang='grc' dir='ltr'>φωτιζομένη</span> 
     </span>
    </p>
   </div>
   <div class='ocr_carea' id='block_1_8' title="bbox 310 981 1898 1058">
    <p class='ocr_par' dir='ltr' id='par_1_8' title="bbox 310 981 1898 1058">
     <span class='ocr_line' id='line_1_8' title="bbox 310 981 1898 1058; baseline 0.003 -24"><span class='ocrx_word' id='word_1_42' title='bbox 310 981 422 1034; x_wconf 81' lang='grc' dir='ltr'><strong>ὑπὸ</strong></span> <span class='ocrx_word' id='word_1_43' title='bbox 463 982 557 1036; x_wconf 91' lang='lat'><strong>106</strong></span> <span class='ocrx_word' id='word_1_44' title='bbox 599 982 772 1054; x_wconf 86' lang='grc' dir='ltr'>ἡλίου,</span> <span class='ocrx_word' id='word_1_45' title='bbox 820 983 978 1038; x_wconf 86' lang='grc' dir='ltr'>σκιάν</span> <span class='ocrx_word' id='word_1_46' title='bbox 1026 984 1339 1041; x_wconf 85' lang='grc' dir='ltr'>ἀποϐάλλει.</span> <span class='ocrx_word' id='word_1_47' title='bbox 1374 986 1483 1039; x_wconf 72' lang='grc' dir='ltr'><strong>Καὶ</strong></span> <span class='ocrx_word' id='word_1_48' title='bbox 1514 986 1613 1057; x_wconf 80' lang='grc' dir='ltr'><strong>ήδη</strong></span> <span class='ocrx_word' id='word_1_49' title='bbox 1652 986 1898 1058; x_wconf 83' lang='grc' dir='ltr'><strong>μέντοιγε</strong></span> 
     </span>
    </p>
   </div>
   <div class='ocr_carea' id='block_1_9' title="bbox 307 1073 1897 1150">
    <p class='ocr_par' dir='ltr' id='par_1_9' title="bbox 307 1073 1897 1150">
     <span class='ocr_line' id='line_1_9' title="bbox 307 1073 1897 1150; baseline 0.004 -25"><span class='ocrx_word' id='word_1_50' title='bbox 307 1073 402 1126; x_wconf 82' lang='grc' dir='ltr'>διὰ</span> <span class='ocrx_word' id='word_1_51' title='bbox 430 1073 492 1127; x_wconf 84' lang='grc' dir='ltr'><strong>τὸ</strong></span> <span class='ocrx_word' id='word_1_52' title='bbox 518 1073 749 1144; x_wconf 79' lang='grc' dir='ltr'>μέγεθος</span> <span class='ocrx_word' id='word_1_53' title='bbox 766 1075 865 1146; x_wconf 82' lang='grc' dir='ltr'><strong>τῆς</strong></span> <span class='ocrx_word' id='word_1_54' title='bbox 889 1076 992 1147; x_wconf 83' lang='grc' dir='ltr'>γῆς</span> <span class='ocrx_word' id='word_1_55' title='bbox 1014 1076 1279 1149; x_wconf 72' lang='grc' dir='ltr'><strong>εἰλικρινῆ</strong></span> <span class='ocrx_word' id='word_1_56' title='bbox 1308 1077 1592 1149; x_wconf 72' lang='grc' dir='ltr'>συμϐαίνει</span> <span class='ocrx_word' id='word_1_57' title='bbox 1617 1078 1715 1150; x_wconf 80' lang='grc' dir='ltr'>τὴν</span> <span class='ocrx_word' id='word_1_58' title='bbox 1740 1078 1897 1133; x_wconf 87' lang='grc' dir='ltr'>σκιάν</span> 
     </span>
    </p>
   </div>
   <div class='ocr_carea' id='block_1_10' title="bbox 311 1160 1897 1242">
    <p class='ocr_par' dir='ltr' id='par_1_10' title="bbox 311 1160 1897 1242">
     <span class='ocr_line' id='line_1_10' title="bbox 311 1160 1897 1242; baseline 0.004 -26"><span class='ocrx_word' id='word_1_59' title='bbox 311 1160 459 1218; x_wconf 83' lang='grc' dir='ltr'>εἶναι</span> <span class='ocrx_word' id='word_1_60' title='bbox 481 1165 577 1218; x_wconf 77' lang='grc' dir='ltr'>καὶ</span> <span class='ocrx_word' id='word_1_61' title='bbox 609 1165 849 1236; x_wconf 79' lang='grc' dir='ltr'>βαθεῖαν.</span> <span class='ocrx_word' id='word_1_62' title='bbox 877 1167 1045 1221; x_wconf 85' lang='grc' dir='ltr'>Ὅταν</span> <span class='ocrx_word' id='word_1_63' title='bbox 1067 1163 1160 1222; x_wconf 81' lang='grc' dir='ltr'>οὖν</span> <span class='ocrx_word' id='word_1_64' title='bbox 1191 1168 1332 1223; x_wconf 88' lang='grc' dir='ltr'><strong>κατά</strong></span> <span class='ocrx_word' id='word_1_65' title='bbox 1363 1169 1655 1242; x_wconf 84' lang='grc' dir='ltr'>διάμετρον</span> <span class='ocrx_word' id='word_1_66' title='bbox 1676 1169 1897 1242; x_wconf 86' lang='grc' dir='ltr'>γένηται</span> 
     </span>
    </p>
   </div>
   <div class='ocr_carea' id='block_1_11' title="bbox 312 1255 1898 1335">
    <p class='ocr_par' dir='ltr' id='par_1_11' title="bbox 312 1255 1898 1335">
     <span class='ocr_line' id='line_1_11' title="bbox 312 1255 1898 1335; baseline 0.006 -27"><span class='ocrx_word' id='word_1_67' title='bbox 312 1258 349 1326; x_wconf 87' lang='grc' dir='ltr'><strong>ἡ</strong></span> <span class='ocrx_word' id='word_1_68' title='bbox 385 1255 583 1329; x_wconf 80' lang='grc' dir='ltr'>σελήνη</span> <span class='ocrx_word' id='word_1_69' title='bbox 608 1256 684 1328; x_wconf 85' lang='grc' dir='ltr'>τῷ</span> <span class='ocrx_word' id='word_1_70' title='bbox 713 1258 870 1330; x_wconf 81' lang='grc' dir='ltr'>ἡλίῳ,</span> <span class='ocrx_word' id='word_1_71' title='bbox 895 1260 1016 1313; x_wconf 91' lang='grc' dir='ltr'>τότε</span> <span class='ocrx_word' id='word_1_72' title='bbox 1040 1259 1133 1315; x_wconf 75' lang='grc' dir='ltr'>καὶ</span> <span class='ocrx_word' id='word_1_73' title='bbox 1159 1261 1220 1314; x_wconf 86' lang='grc' dir='ltr'>τὸ</span> <span class='ocrx_word' id='word_1_74' title='bbox 1244 1261 1487 1332; x_wconf 84' lang='grc' dir='ltr'>σκίασμα</span> <span class='ocrx_word' id='word_1_75' title='bbox 1508 1262 1606 1332; x_wconf 89' lang='grc' dir='ltr'>τῆς</span> <span class='ocrx_word' id='word_1_76' title='bbox 1634 1263 1739 1335; x_wconf 80' lang='grc' dir='ltr'>γῆς</span> <span class='ocrx_word' id='word_1_77' title='bbox 1758 1263 1898 1318; x_wconf 85' lang='grc' dir='ltr'><strong>κατά</strong></span> 
     </span>
    </p>
   </div>
   <div class='ocr_carea' id='block_1_12' title="bbox 312 1349 1903 1427">
    <p class='ocr_par' dir='ltr' id='par_1_12' title="bbox 312 1349 1903 1427">
     <span class='ocr_line' id='line_1_12' title="bbox 312 1349 1903 1427; baseline 0.005 -26"><span class='ocrx_word' id='word_1_78' title='bbox 312 1349 611 1421; x_wconf 85' lang='grc' dir='ltr'>διάμετρον</span> <span class='ocrx_word' id='word_1_79' title='bbox 640 1351 849 1419; x_wconf 88' lang='grc' dir='ltr'>γίνεται</span> <span class='ocrx_word' id='word_1_80' title='bbox 882 1351 961 1424; x_wconf 83' lang='grc' dir='ltr'>τῷ</span> <span class='ocrx_word' id='word_1_81' title='bbox 986 1352 1141 1425; x_wconf 84' lang='grc' dir='ltr'>ἡλίῳ.</span> <span class='ocrx_word' id='word_1_82' title='bbox 1166 1352 1328 1408; x_wconf 86' lang='grc' dir='ltr'>Ὀθεν</span> <span class='ocrx_word' id='word_1_83' title='bbox 1361 1355 1394 1426; x_wconf 94' lang='grc' dir='ltr'><strong>ή</strong></span> <span class='ocrx_word' id='word_1_84' title='bbox 1431 1354 1628 1427; x_wconf 77' lang='grc' dir='ltr'>σελήνη</span> <span class='ocrx_word' id='word_1_85' title='bbox 1657 1372 1903 1409; x_wconf 86' lang='grc' dir='ltr'>ταπεινο-</span> 
     </span>
    </p>
   </div>
   <div class='ocr_carea' id='block_1_13' title="bbox 313 1442 1899 1520">
    <p class='ocr_par' dir='ltr' id='par_1_13' title="bbox 313 1442 1899 1520">
     <span class='ocr_line' id='line_1_13' title="bbox 313 1442 1899 1520; baseline 0.005 -26"><span class='ocrx_word' id='word_1_86' title='bbox 313 1442 452 1513; x_wconf 82' lang='grc' dir='ltr'>τέρα</span> <span class='ocrx_word' id='word_1_87' title='bbox 480 1444 755 1515; x_wconf 77' lang='grc' dir='ltr'>φερομένη</span> <span class='ocrx_word' id='word_1_88' title='bbox 784 1445 880 1499; x_wconf 81' lang='grc' dir='ltr'>τοῦ</span> <span class='ocrx_word' id='word_1_89' title='bbox 908 1447 1260 1518; x_wconf 83' lang='grc' dir='ltr'>σκιάσματος,</span> <span class='ocrx_word' id='word_1_90' title='bbox 1281 1447 1515 1518; x_wconf 82' lang='grc' dir='ltr'>εὐλόγως</span> <span class='ocrx_word' id='word_1_91' title='bbox 1540 1447 1801 1520; x_wconf 73' lang='grc' dir='ltr'>ἐμπίπτει</span> <span class='ocrx_word' id='word_1_92' title='bbox 1820 1449 1899 1513; x_wconf 91' lang='grc' dir='ltr'><strong>εἰς</strong></span> 
     </span>
    </p>
   </div>
   <div class='ocr_carea' id='block_1_14' title="bbox 314 1535 1898 1616">
    <p class='ocr_par' dir='ltr' id='par_1_14' title="bbox 314 1535 1898 1616">
     <span class='ocr_line' id='line_1_14' title="bbox 314 1535 1898 1616; baseline 0.006 -28"><span class='ocrx_word' id='word_1_93' title='bbox 314 1535 378 1589; x_wconf 81' lang='grc' dir='ltr'>τὸ</span> <span class='ocrx_word' id='word_1_94' title='bbox 407 1536 654 1607; x_wconf 85' lang='grc' dir='ltr'>σκίασμα</span> <span class='ocrx_word' id='word_1_95' title='bbox 672 1536 773 1608; x_wconf 84' lang='grc' dir='ltr'>τῆς</span> <span class='ocrx_word' id='word_1_96' title='bbox 794 1537 919 1607; x_wconf 84' lang='grc' dir='ltr'>γῆς.</span> <span class='ocrx_word' id='word_1_97' title='bbox 962 1540 1071 1593; x_wconf 79' lang='grc' dir='ltr'><strong>Ἀεὶ</strong></span> <span class='ocrx_word' id='word_1_98' title='bbox 1092 1540 1228 1595; x_wconf 85' lang='grc' dir='ltr'>δὲτὸ</span> <span class='ocrx_word' id='word_1_99' title='bbox 1249 1541 1518 1613; x_wconf 78' lang='grc' dir='ltr'>ἐμπίπτον</span> <span class='ocrx_word' id='word_1_100' title='bbox 1540 1542 1710 1613; x_wconf 76' lang='grc' dir='ltr'>αὐτῆς</span> <span class='ocrx_word' id='word_1_101' title='bbox 1735 1544 1898 1616; x_wconf 81' lang='grc' dir='ltr'>μέρος</span> 
     </span>
    </p>
   </div>
   <div class='ocr_carea' id='block_1_15' title="bbox 318 1628 1891 1708">
    <p class='ocr_par' dir='ltr' id='par_1_15' title="bbox 318 1628 1891 1708">
     <span class='ocr_line' id='line_1_15' title="bbox 318 1628 1891 1708; baseline 0.004 -27"><span class='ocrx_word' id='word_1_102' title='bbox 318 1629 398 1692; x_wconf 76' lang='grc' dir='ltr'><strong>είς</strong></span> <span class='ocrx_word' id='word_1_103' title='bbox 421 1628 484 1682; x_wconf 83' lang='grc' dir='ltr'>τὸ</span> <span class='ocrx_word' id='word_1_104' title='bbox 515 1629 761 1701; x_wconf 84' lang='grc' dir='ltr'>σκίασμα</span> <span class='ocrx_word' id='word_1_105' title='bbox 792 1631 891 1701; x_wconf 84' lang='grc' dir='ltr'>τῆς</span> <span class='ocrx_word' id='word_1_106' title='bbox 918 1632 1021 1703; x_wconf 80' lang='grc' dir='ltr'>γῆς</span> <span class='ocrx_word' id='word_1_107' title='bbox 1050 1632 1355 1703; x_wconf 78' lang='grc' dir='ltr'>ἀφώτιστον</span> <span class='ocrx_word' id='word_1_108' title='bbox 1381 1634 1697 1704; x_wconf 88' lang='grc' dir='ltr'>γίνεταιτοῦ</span> <span class='ocrx_word' id='word_1_109' title='bbox 1716 1635 1891 1708; x_wconf 87' lang='grc' dir='ltr'>ἡλίου,</span> 
     </span>
    </p>
   </div>
   <div class='ocr_carea' id='block_1_16' title="bbox 1345 267 2524 332">
    <p class='ocr_par' dir='ltr' id='par_1_16' title="bbox 1345 267 2524 332">
     <span class='ocr_line' id='line_1_16' title="bbox 1345 267 2524 332; baseline -0.007 -1"><span class='ocrx_word' id='word_1_110' title='bbox 1345 274 1584 331; x_wconf 71' lang='lat' dir='ltr'><strong>GEMINI</strong></span> <span class='ocrx_word' id='word_1_111' title='bbox 1623 271 1995 332; x_wconf 72' lang='lat' dir='ltr'><strong>ELEMENTA</strong></span> <span class='ocrx_word' id='word_1_112' title='bbox 2034 267 2524 328; x_wconf 66' lang='lat' dir='ltr'><strong>ASTRONOMIE.</strong></span> 
     </span>
    </p>
   </div>
   <div class='ocr_carea' id='block_1_17' title="bbox 1917 392 1967 449">
    <p class='ocr_par' dir='ltr' id='par_1_17' title="bbox 1917 392 1967 449">
     <span class='ocr_line' id='line_1_17' title="bbox 1917 392 1967 449; baseline 0 0"><span class='ocrx_word' id='word_1_113' title='bbox 1917 392 1967 449; x_wconf 77' lang='grc' dir='ltr'><strong>Α</strong></span> 
     </span>
    </p>
   </div>
   <div class='ocr_carea' id='block_1_18' title="bbox 3456 268 3564 324">
    <p class='ocr_par' dir='ltr' id='par_1_18' title="bbox 3456 268 3564 324">
     <span class='ocr_line' id='line_1_18' title="bbox 3456 268 3564 324; baseline -0.009 0"><span class='ocrx_word' id='word_1_114' title='bbox 3456 268 3564 324; x_wconf 67' lang='grc' dir='ltr'><em>8ὶῖ</em></span> 
     </span>
    </p>
   </div>
   <div class='ocr_carea' id='block_1_19' title="bbox 2534 381 3048 454">
    <p class='ocr_par' dir='ltr' id='par_1_19' title="bbox 2534 381 3048 454">
     <span class='ocr_line' id='line_1_19' title="bbox 2534 381 3048 454; baseline -0.002 -16"><span class='ocrx_word' id='word_1_115' title='bbox 2534 382 2640 454; x_wconf 75' lang='lat'><strong>25</strong></span> <span class='ocrx_word' id='word_1_116' title='bbox 2675 381 2905 438; x_wconf 81' lang='lat' dir='ltr'><strong>CAPUT</strong></span> <span class='ocrx_word' id='word_1_117' title='bbox 2959 381 3048 439; x_wconf 80' lang='lat' dir='ltr'><strong>Ix.</strong></span> 
     </span>
    </p>
   </div>
   <div class='ocr_carea' id='block_1_20' title="bbox 2488 494 3085 567">
    <p class='ocr_par' dir='ltr' id='par_1_20' title="bbox 2488 494 3085 567">
     <span class='ocr_line' id='line_1_20' title="bbox 2488 494 3085 567; baseline 0 -17"><span class='ocrx_word' id='word_1_118' title='bbox 2488 496 2566 552; x_wconf 82' lang='lat' dir='ltr'><strong>De</strong></span> <span class='ocrx_word' id='word_1_119' title='bbox 2602 494 2882 567; x_wconf 74' lang='lat' dir='ltr'><strong>eclipsibus</strong></span> <span class='ocrx_word' id='word_1_120' title='bbox 2924 498 3085 551; x_wconf 73' lang='lat' dir='ltr'><strong>tum.</strong></span> 
     </span>
    </p>
   </div>
   <div class='ocr_carea' id='block_1_21' title="bbox 2067 610 3567 684">
    <p class='ocr_par' dir='ltr' id='par_1_21' title="bbox 2067 610 3567 684">
     <span class='ocr_line' id='line_1_21' title="bbox 2067 610 3567 684; baseline 0.001 -17"><span class='ocrx_word' id='word_1_121' title='bbox 2067 611 2236 668; x_wconf 62' lang='lat' dir='ltr'><strong>Lunae</strong></span> <span class='ocrx_word' id='word_1_122' title='bbox 2265 612 2502 684; x_wconf 88' lang='lat' dir='ltr'><strong>eclipses</strong></span> <span class='ocrx_word' id='word_1_123' title='bbox 2538 613 2677 668; x_wconf 76' lang='lat' dir='ltr'><strong>fiunt</strong></span> <span class='ocrx_word' id='word_1_124' title='bbox 2707 611 3011 670; x_wconf 87' lang='lat' dir='ltr'><strong>secundum</strong></span> <span class='ocrx_word' id='word_1_125' title='bbox 3043 610 3395 667; x_wconf 89' lang='lat' dir='ltr'><strong>incidentiam</strong></span> <span class='ocrx_word' id='word_1_126' title='bbox 3424 611 3567 668; x_wconf 72' lang='lat' dir='ltr'><strong>luna:</strong></span> 
     </span>
    </p>
   </div>
   <div class='ocr_carea' id='block_1_22' title="bbox 2000 703 3568 773">
    <p class='ocr_par' dir='ltr' id='par_1_22' title="bbox 2000 703 3568 773">
     <span class='ocr_line' id='line_1_22' title="bbox 2000 703 3568 773; baseline -0.001 -12"><span class='ocrx_word' id='word_1_127' title='bbox 2000 706 2055 762; x_wconf 88' lang='lat' dir='ltr'><strong>in</strong></span> <span class='ocrx_word' id='word_1_128' title='bbox 2085 707 2340 763; x_wconf 86' lang='lat' dir='ltr'><strong>umbram</strong></span> <span class='ocrx_word' id='word_1_129' title='bbox 2387 714 2569 762; x_wconf 69' lang='lat' dir='ltr'><strong>terras.</strong></span> <span class='ocrx_word' id='word_1_130' title='bbox 2602 704 3074 773; x_wconf 80' lang='lat' dir='ltr'><strong>Quemadmodum</strong></span> <span class='ocrx_word' id='word_1_131' title='bbox 3100 703 3244 759; x_wconf 90' lang='lat' dir='ltr'><strong>enim</strong></span> <span class='ocrx_word' id='word_1_132' title='bbox 3276 711 3332 760; x_wconf 89' lang='lat' dir='ltr'><strong>et</strong></span> <span class='ocrx_word' id='word_1_133' title='bbox 3359 704 3568 773; x_wconf 87' lang='lat' dir='ltr'><strong>reliqua</strong></span> 
     </span>
    </p>
   </div>
   <div class='ocr_carea' id='block_1_23' title="bbox 1997 795 3567 871">
    <p class='ocr_par' dir='ltr' id='par_1_23' title="bbox 1997 795 3567 871">
     <span class='ocr_line' id='line_1_23' title="bbox 1997 795 3567 871; baseline -0.004 -16"><span class='ocrx_word' id='word_1_134' title='bbox 1997 815 2253 871; x_wconf 88' lang='lat' dir='ltr'><strong>corpora,</strong></span> <span class='ocrx_word' id='word_1_135' title='bbox 2299 814 2425 855; x_wconf 93' lang='lat' dir='ltr'><strong>cum</strong></span> <span class='ocrx_word' id='word_1_136' title='bbox 2464 814 2495 852; x_wconf 85' lang='lat' dir='ltr'><strong>a</strong></span> <span class='ocrx_word' id='word_1_137' title='bbox 2525 799 2640 855; x_wconf 91' lang='lat' dir='ltr'><strong>sole</strong></span> <span class='ocrx_word' id='word_1_138' title='bbox 2681 797 3078 862; x_wconf 90' lang='lat' dir='ltr'><strong>illuminantur,</strong></span> <span class='ocrx_word' id='word_1_139' title='bbox 3125 795 3349 851; x_wconf 86' lang='lat' dir='ltr'><strong>umbras</strong></span> <span class='ocrx_word' id='word_1_140' title='bbox 3396 795 3567 866; x_wconf 86' lang='lat' dir='ltr'><strong>proji-</strong></span> 
     </span>
    </p>
   </div>
   <div class='ocr_carea' id='block_1_24' title="bbox 1999 886 3566 954">
    <p class='ocr_par' dir='ltr' id='par_1_24' title="bbox 1999 886 3566 954">
     <span class='ocr_line' id='line_1_24' title="bbox 1999 886 3566 954; baseline -0.005 -6"><span class='ocrx_word' id='word_1_141' title='bbox 1999 893 2173 954; x_wconf 88' lang='lat' dir='ltr'><strong>ciunt,</strong></span> <span class='ocrx_word' id='word_1_142' title='bbox 2224 892 2306 948; x_wconf 89' lang='lat' dir='ltr'><strong>sic</strong></span> <span class='ocrx_word' id='word_1_143' title='bbox 2351 891 2518 946; x_wconf 92' lang='lat' dir='ltr'><strong>etiam</strong></span> <span class='ocrx_word' id='word_1_144' title='bbox 2565 900 2751 954; x_wconf 87' lang='lat' dir='ltr'><strong>terra,</strong></span> <span class='ocrx_word' id='word_1_145' title='bbox 2800 903 2925 944; x_wconf 93' lang='lat' dir='ltr'><strong>cum</strong></span> <span class='ocrx_word' id='word_1_146' title='bbox 2973 903 3004 943; x_wconf 87' lang='lat' dir='ltr'><strong>a</strong></span> <span class='ocrx_word' id='word_1_147' title='bbox 3042 887 3160 944; x_wconf 87' lang='lat' dir='ltr'><strong>sole</strong></span> <span class='ocrx_word' id='word_1_148' title='bbox 3208 886 3566 951; x_wconf 88' lang='lat' dir='ltr'><strong>illuminatur,</strong></span> 
     </span>
    </p>
   </div>
   <div class='ocr_carea' id='block_1_25' title="bbox 1997 978 3563 1055">
    <p class='ocr_par' dir='ltr' id='par_1_25' title="bbox 1997 978 3563 1055">
     <span class='ocr_line' id='line_1_25' title="bbox 1997 978 3563 1055; baseline -0.005 -17"><span class='ocrx_word' id='word_1_149' title='bbox 1997 985 2217 1055; x_wconf 88' lang='lat' dir='ltr'><strong>projicit</strong></span> <span class='ocrx_word' id='word_1_150' title='bbox 2262 984 2536 1039; x_wconf 84' lang='lat' dir='ltr'><strong>umbram.</strong></span> <span class='ocrx_word' id='word_1_151' title='bbox 2581 981 2646 1035; x_wconf 81' lang='lat' dir='ltr'><strong>Et</strong></span> <span class='ocrx_word' id='word_1_152' title='bbox 2683 988 2830 1037; x_wconf 87' lang='lat' dir='ltr'><strong>certe</strong></span> <span class='ocrx_word' id='word_1_153' title='bbox 2870 979 2984 1049; x_wconf 83' lang='lat' dir='ltr'><strong>jam</strong></span> <span class='ocrx_word' id='word_1_154' title='bbox 3031 986 3255 1050; x_wconf 91' lang='lat' dir='ltr'><strong>propter</strong></span> <span class='ocrx_word' id='word_1_155' title='bbox 3294 978 3563 1049; x_wconf 80' lang='lat' dir='ltr'><strong>magnitu-</strong></span> 
     </span>
    </p>
   </div>
   <div class='ocr_carea' id='block_1_26' title="bbox 1999 1068 3569 1145">
    <p class='ocr_par' dir='ltr' id='par_1_26' title="bbox 1999 1068 3569 1145">
     <span class='ocr_line' id='line_1_26' title="bbox 1999 1068 3569 1145; baseline -0.005 -13"><span class='ocrx_word' id='word_1_156' title='bbox 1999 1077 2183 1132; x_wconf 86' lang='lat' dir='ltr'><strong>dinem</strong></span> <span class='ocrx_word' id='word_1_157' title='bbox 2234 1083 2399 1132; x_wconf 69' lang='lat' dir='ltr'><strong>terrze</strong></span> <span class='ocrx_word' id='word_1_158' title='bbox 2435 1072 2727 1145; x_wconf 76' lang='lat' dir='ltr'><strong>contingit,</strong></span> <span class='ocrx_word' id='word_1_159' title='bbox 2766 1073 3016 1127; x_wconf 86' lang='lat' dir='ltr'><strong>umbram</strong></span> <span class='ocrx_word' id='word_1_160' title='bbox 3061 1071 3181 1141; x_wconf 85' lang='lat' dir='ltr'><strong>ejus</strong></span> <span class='ocrx_word' id='word_1_161' title='bbox 3220 1068 3569 1128; x_wconf 72' lang='lat' dir='ltr'><strong>manifestam</strong></span> 
     </span>
    </p>
   </div>
   <div class='ocr_carea' id='block_1_27' title="bbox 1997 1160 3569 1238">
    <p class='ocr_par' dir='ltr' id='par_1_27' title="bbox 1997 1160 3569 1238">
     <span class='ocr_line' id='line_1_27' title="bbox 1997 1160 3569 1238; baseline -0.004 -16"><span class='ocrx_word' id='word_1_162' title='bbox 1997 1175 2053 1222; x_wconf 90' lang='lat' dir='ltr'><strong>et</strong></span> <span class='ocrx_word' id='word_1_163' title='bbox 2107 1166 2625 1238; x_wconf 86' lang='lat' dir='ltr'><strong>profundam-esse.</strong></span> <span class='ocrx_word' id='word_1_164' title='bbox 2667 1165 2802 1219; x_wconf 83' lang='lat' dir='ltr'><strong>Cum</strong></span> <span class='ocrx_word' id='word_1_165' title='bbox 2848 1163 3015 1235; x_wconf 76' lang='lat' dir='ltr'><strong>igitur</strong></span> <span class='ocrx_word' id='word_1_166' title='bbox 3056 1163 3183 1217; x_wconf 86' lang='lat' dir='ltr'><strong>luna</strong></span> <span class='ocrx_word' id='word_1_167' title='bbox 3227 1161 3327 1218; x_wconf 89' lang='lat' dir='ltr'><strong>soli</strong></span> <span class='ocrx_word' id='word_1_168' title='bbox 3365 1160 3569 1215; x_wconf 73' lang='lat' dir='ltr'><strong>diame~</strong></span> 
     </span>
    </p>
   </div>
   <div class='ocr_carea' id='block_1_28' title="bbox 1998 1252 3570 1331">
    <p class='ocr_par' dir='ltr' id='par_1_28' title="bbox 1998 1252 3570 1331">
     <span class='ocr_line' id='line_1_28' title="bbox 1998 1252 3570 1331; baseline -0.005 -17"><span class='ocrx_word' id='word_1_169' title='bbox 1998 1260 2212 1316; x_wconf 83' lang='lat' dir='ltr'><strong>traliter</strong></span> <span class='ocrx_word' id='word_1_170' title='bbox 2264 1258 2597 1331; x_wconf 89' lang='lat' dir='ltr'><strong>opponitur,</strong></span> <span class='ocrx_word' id='word_1_171' title='bbox 2657 1264 2790 1312; x_wconf 89' lang='lat' dir='ltr'><strong>tunc</strong></span> <span class='ocrx_word' id='word_1_172' title='bbox 2866 1270 3081 1326; x_wconf 91' lang='lat' dir='ltr'><strong>quoque</strong></span> <span class='ocrx_word' id='word_1_173' title='bbox 3149 1265 3309 1311; x_wconf 81' lang='lat' dir='ltr'><strong>terra:</strong></span> <span class='ocrx_word' id='word_1_174' title='bbox 3377 1252 3570 1308; x_wconf 88' lang='lat' dir='ltr'><strong>umbra</strong></span> 
     </span>
    </p>
   </div>
   <div class='ocr_carea' id='block_1_29' title="bbox 1997 1345 3568 1422">
    <p class='ocr_par' dir='ltr' id='par_1_29' title="bbox 1997 1345 3568 1422">
     <span class='ocr_line' id='line_1_29' title="bbox 1997 1345 3568 1422; baseline -0.006 -14"><span class='ocrx_word' id='word_1_175' title='bbox 1997 1351 2388 1408; x_wconf 75' lang='lat' dir='ltr'><strong>diametraliter</strong></span> <span class='ocrx_word' id='word_1_176' title='bbox 2442 1350 2737 1422; x_wconf 84' lang='lat' dir='ltr'><strong>opponitur</strong></span> <span class='ocrx_word' id='word_1_177' title='bbox 2805 1347 2931 1405; x_wconf 88' lang='lat' dir='ltr'><strong>soli.</strong></span> <span class='ocrx_word' id='word_1_178' title='bbox 3008 1345 3159 1402; x_wconf 87' lang='lat' dir='ltr'><strong>Unde</strong></span> <span class='ocrx_word' id='word_1_179' title='bbox 3212 1346 3380 1411; x_wconf 89' lang='lat' dir='ltr'><strong>luna,</strong></span> <span class='ocrx_word' id='word_1_180' title='bbox 3443 1359 3568 1399; x_wconf 91' lang='lat' dir='ltr'><strong>cum</strong></span> 
     </span>
    </p>
   </div>
   <div class='ocr_carea' id='block_1_30' title="bbox 1998 1437 3572 1514">
    <p class='ocr_par' dir='ltr' id='par_1_30' title="bbox 1998 1437 3572 1514">
     <span class='ocr_line' id='line_1_30' title="bbox 1998 1437 3572 1514; baseline -0.005 -16"><span class='ocrx_word' id='word_1_181' title='bbox 1998 1443 2227 1500; x_wconf 85' lang='lat' dir='ltr'><strong>inferius</strong></span> <span class='ocrx_word' id='word_1_182' title='bbox 2269 1443 2477 1500; x_wconf 88' lang='lat' dir='ltr'><strong>feratur</strong></span> <span class='ocrx_word' id='word_1_183' title='bbox 2519 1457 2683 1514; x_wconf 92' lang='lat' dir='ltr'><strong>quam</strong></span> <span class='ocrx_word' id='word_1_184' title='bbox 2732 1440 2961 1507; x_wconf 88' lang='lat' dir='ltr'><strong>umbra,</strong></span> <span class='ocrx_word' id='word_1_185' title='bbox 3017 1438 3329 1495; x_wconf 88' lang='lat' dir='ltr'><strong>necessario</strong></span> <span class='ocrx_word' id='word_1_186' title='bbox 3379 1437 3572 1492; x_wconf 90' lang='lat' dir='ltr'><strong>incidit</strong></span> 
     </span>
    </p>
   </div>
   <div class='ocr_carea' id='block_1_31' title="bbox 1998 1530 3569 1605">
    <p class='ocr_par' dir='ltr' id='par_1_31' title="bbox 1998 1530 3569 1605">
     <span class='ocr_line' id='line_1_31' title="bbox 1998 1530 3569 1605; baseline -0.007 -12"><span class='ocrx_word' id='word_1_187' title='bbox 1998 1539 2056 1593; x_wconf 85' lang='lat' dir='ltr'><strong>in</strong></span> <span class='ocrx_word' id='word_1_188' title='bbox 2102 1539 2353 1594; x_wconf 88' lang='lat' dir='ltr'><strong>umbram</strong></span> <span class='ocrx_word' id='word_1_189' title='bbox 2408 1544 2589 1593; x_wconf 67' lang='lat' dir='ltr'><strong>terrae.</strong></span> <span class='ocrx_word' id='word_1_190' title='bbox 2635 1535 2862 1605; x_wconf 84' lang='lat' dir='ltr'><strong>Semper</strong></span> <span class='ocrx_word' id='word_1_191' title='bbox 2904 1540 3087 1588; x_wconf 89' lang='lat' dir='ltr'><strong>autem</strong></span> <span class='ocrx_word' id='word_1_192' title='bbox 3130 1546 3262 1604; x_wconf 87' lang='lat' dir='ltr'><strong>pars</strong></span> <span class='ocrx_word' id='word_1_193' title='bbox 3290 1530 3432 1601; x_wconf 84' lang='lat' dir='ltr'><strong>ejus,</strong></span> <span class='ocrx_word' id='word_1_194' title='bbox 3460 1545 3569 1600; x_wconf 86' lang='lat' dir='ltr'><strong>qua</strong></span> 
     </span>
    </p>
   </div>
   <div class='ocr_carea' id='block_1_32' title="bbox 1999 1623 3571 1692">
    <p class='ocr_par' dir='ltr' id='par_1_32' title="bbox 1999 1623 3571 1692">
     <span class='ocr_line' id='line_1_32' title="bbox 1999 1623 3571 1692; baseline -0.004 -7"><span class='ocrx_word' id='word_1_195' title='bbox 1999 1631 2055 1685; x_wconf 79' lang='lat' dir='ltr'><strong>in</strong></span> <span class='ocrx_word' id='word_1_196' title='bbox 2098 1629 2349 1685; x_wconf 85' lang='lat' dir='ltr'><strong>umbram</strong></span> <span class='ocrx_word' id='word_1_197' title='bbox 2397 1638 2559 1685; x_wconf 72' lang='lat' dir='ltr'><strong>terra:</strong></span> <span class='ocrx_word' id='word_1_198' title='bbox 2604 1625 2817 1692; x_wconf 89' lang='lat' dir='ltr'><strong>incidit,</strong></span> <span class='ocrx_word' id='word_1_199' title='bbox 2852 1642 2963 1681; x_wconf 89' lang='lat' dir='ltr'><strong>non</strong></span> <span class='ocrx_word' id='word_1_200' title='bbox 3010 1624 3351 1680; x_wconf 88' lang='lat' dir='ltr'><strong>illuminatur</strong></span> <span class='ocrx_word' id='word_1_201' title='bbox 3388 1638 3419 1676; x_wconf 91' lang='lat' dir='ltr'><strong>a</strong></span> <span class='ocrx_word' id='word_1_202' title='bbox 3456 1623 3571 1678; x_wconf 87' lang='lat' dir='ltr'><strong>sole</strong></span> 
     </span>
    </p>
   </div>
   <div class='ocr_carea' id='block_1_33' title="bbox 315 1715 1904 1800">
    <p class='ocr_par' dir='ltr' id='par_1_33' title="bbox 315 1719 1897 1800">
     <span class='ocr_line' id='line_1_33' title="bbox 315 1719 1897 1800; baseline 0.006 -29"><span class='ocrx_word' id='word_1_203' title='bbox 315 1719 405 1773; x_wconf 86' lang='grc' dir='ltr'><strong>διά</strong></span> <span class='ocrx_word' id='word_1_204' title='bbox 435 1720 537 1793; x_wconf 82' lang='grc' dir='ltr'><strong>τήν</strong></span> <span class='ocrx_word' id='word_1_205' title='bbox 558 1721 953 1793; x_wconf 76' lang='grc' dir='ltr'>ὲπιπρόσθησιν</span> <span class='ocrx_word' id='word_1_206' title='bbox 981 1725 1079 1795; x_wconf 86' lang='grc' dir='ltr'><strong>τῆς</strong></span> <span class='ocrx_word' id='word_1_207' title='bbox 1109 1726 1232 1797; x_wconf 83' lang='grc' dir='ltr'>γῆς.</span> <span class='ocrx_word' id='word_1_208' title='bbox 1256 1726 1388 1780; x_wconf 85' lang='grc' dir='ltr'>Τότε</span> <span class='ocrx_word' id='word_1_209' title='bbox 1414 1728 1524 1799; x_wconf 82' lang='grc' dir='ltr'><strong>γὰρ</strong></span> <span class='ocrx_word' id='word_1_210' title='bbox 1557 1728 1649 1782; x_wconf 74' lang='grc' dir='ltr'><strong>ἐπὶ</strong></span> <span class='ocrx_word' id='word_1_211' title='bbox 1672 1728 1771 1800; x_wconf 82' lang='grc' dir='ltr'>τῆς</span> <span class='ocrx_word' id='word_1_212' title='bbox 1801 1729 1897 1781; x_wconf 80' lang='grc' dir='ltr'><strong>αὐ-</strong></span> 
     </span>
    </p>
   </div>
   <div class='ocr_carea' id='block_1_34' title="bbox 2006 1715 3571 1800">
    <p class='ocr_par' dir='ltr' id='par_1_34' title="bbox 2006 1715 3571 1794">
     <span class='ocr_line' id='line_1_34' title="bbox 2006 1715 3571 1794; baseline -0.004 -18"><span class='ocrx_word' id='word_1_213' title='bbox 2006 1729 2219 1794; x_wconf 89' lang='lat' dir='ltr'><strong>propter</strong></span> <span class='ocrx_word' id='word_1_214' title='bbox 2246 1721 2702 1778; x_wconf 91' lang='lat' dir='ltr'><strong>intercursionem</strong></span> <span class='ocrx_word' id='word_1_215' title='bbox 2732 1727 2911 1775; x_wconf 78' lang='lat' dir='ltr'><strong>terrae.</strong></span> <span class='ocrx_word' id='word_1_216' title='bbox 2944 1715 3097 1773; x_wconf 89' lang='lat' dir='ltr'><strong>Tunc</strong></span> <span class='ocrx_word' id='word_1_217' title='bbox 3123 1718 3267 1773; x_wconf 89' lang='lat' dir='ltr'><strong>enim</strong></span> <span class='ocrx_word' id='word_1_218' title='bbox 3294 1716 3351 1772; x_wconf 89' lang='lat' dir='ltr'><strong>in</strong></span> <span class='ocrx_word' id='word_1_219' title='bbox 3380 1716 3571 1772; x_wconf 90' lang='lat' dir='ltr'><strong>eadem</strong></span> 
     </span>
    </p>
   </div>
   <div class='ocr_carea' id='block_1_35' title="bbox 316 1810 1898 1889">
    <p class='ocr_par' dir='ltr' id='par_1_35' title="bbox 316 1810 1898 1889">
     <span class='ocr_line' id='line_1_35' title="bbox 316 1810 1898 1889; baseline 0.006 -27"><span class='ocrx_word' id='word_1_220' title='bbox 316 1811 416 1881; x_wconf 82' lang='grc' dir='ltr'>τῆς</span> <span class='ocrx_word' id='word_1_221' title='bbox 445 1810 661 1875; x_wconf 84' lang='grc' dir='ltr'>εὐθείας</span> <span class='ocrx_word' id='word_1_222' title='bbox 689 1811 899 1880; x_wconf 86' lang='grc' dir='ltr'>γίνεται</span> <span class='ocrx_word' id='word_1_223' title='bbox 924 1816 953 1867; x_wconf 85' lang='grc' dir='ltr'><strong>ό</strong></span> <span class='ocrx_word' id='word_1_224' title='bbox 977 1813 1127 1886; x_wconf 74' lang='grc' dir='ltr'>ἡλιος</span> <span class='ocrx_word' id='word_1_225' title='bbox 1151 1816 1297 1887; x_wconf 83' lang='grc' dir='ltr'><strong>καὶὴ</strong></span> <span class='ocrx_word' id='word_1_226' title='bbox 1319 1817 1409 1888; x_wconf 81' lang='grc' dir='ltr'>γῆ,</span> <span class='ocrx_word' id='word_1_227' title='bbox 1441 1818 1535 1871; x_wconf 83' lang='grc' dir='ltr'><strong>καί</strong></span> <span class='ocrx_word' id='word_1_228' title='bbox 1560 1818 1621 1871; x_wconf 83' lang='grc' dir='ltr'>τὸ</span> <span class='ocrx_word' id='word_1_229' title='bbox 1654 1817 1898 1889; x_wconf 86' lang='grc' dir='ltr'>σκίασμα</span> 
     </span>
    </p>
   </div>
   <div class='ocr_carea' id='block_1_36' title="bbox 314 1906 1897 1981">
    <p class='ocr_par' dir='ltr' id='par_1_36' title="bbox 314 1906 1897 1981">
     <span class='ocr_line' id='line_1_36' title="bbox 314 1906 1897 1981; baseline 0.005 -24"><span class='ocrx_word' id='word_1_230' title='bbox 314 1907 415 1976; x_wconf 74' lang='grc' dir='ltr'>τῆς</span> <span class='ocrx_word' id='word_1_231' title='bbox 448 1906 575 1976; x_wconf 85' lang='grc' dir='ltr'>γῆς,</span> <span class='ocrx_word' id='word_1_232' title='bbox 608 1908 704 1960; x_wconf 72' lang='grc' dir='ltr'>καὶ</span> <span class='ocrx_word' id='word_1_233' title='bbox 737 1909 770 1980; x_wconf 93' lang='grc' dir='ltr'><strong>ή</strong></span> <span class='ocrx_word' id='word_1_234' title='bbox 805 1907 1023 1981; x_wconf 79' lang='grc' dir='ltr'>σελήνη.</span> <span class='ocrx_word' id='word_1_235' title='bbox 1060 1909 1137 1961; x_wconf 86' lang='grc' dir='ltr'><strong>Δι’</strong></span> <span class='ocrx_word' id='word_1_236' title='bbox 1177 1909 1244 1981; x_wconf 85' lang='grc' dir='ltr'><strong>ήν</strong></span> <span class='ocrx_word' id='word_1_237' title='bbox 1283 1910 1465 1965; x_wconf 82' lang='grc' dir='ltr'>αἰτίαν</span> <span class='ocrx_word' id='word_1_238' title='bbox 1501 1910 1620 1965; x_wconf 82' lang='grc' dir='ltr'>οὐδὲ</span> <span class='ocrx_word' id='word_1_239' title='bbox 1658 1912 1897 1980; x_wconf 90' lang='grc' dir='ltr'>γίνονται</span> 
     </span>
    </p>
   </div>
   <div class='ocr_carea' id='block_1_37' title="bbox 315 1996 1894 2075">
    <p class='ocr_par' dir='ltr' id='par_1_37' title="bbox 315 1996 1894 2075">
     <span class='ocr_line' id='line_1_37' title="bbox 315 1996 1894 2075; baseline 0.004 -26"><span class='ocrx_word' id='word_1_240' title='bbox 315 1996 591 2068; x_wconf 78' lang='grc' dir='ltr'>ἐκλείψεις</span> <span class='ocrx_word' id='word_1_241' title='bbox 625 1999 722 2071; x_wconf 80' lang='grc' dir='ltr'>τῆς</span> <span class='ocrx_word' id='word_1_242' title='bbox 761 1999 992 2072; x_wconf 78' lang='grc' dir='ltr'>σελήνης</span> <span class='ocrx_word' id='word_1_243' title='bbox 1038 2002 1096 2056; x_wconf 88' lang='grc' dir='ltr'><strong>ἐν</strong></span> <span class='ocrx_word' id='word_1_244' title='bbox 1138 2002 1272 2074; x_wconf 79' lang='grc' dir='ltr'>ἄλλη</span> <span class='ocrx_word' id='word_1_245' title='bbox 1318 2002 1535 2075; x_wconf 80' lang='grc' dir='ltr'>ἡμέρᾳ,</span> <span class='ocrx_word' id='word_1_246' title='bbox 1584 2002 1697 2056; x_wconf 84' lang='grc' dir='ltr'>ἀλλ’</span> <span class='ocrx_word' id='word_1_247' title='bbox 1740 2004 1797 2056; x_wconf 86' lang='grc' dir='ltr'><strong>ἐν</strong></span> <span class='ocrx_word' id='word_1_248' title='bbox 1829 2004 1894 2074; x_wconf 79' lang='grc' dir='ltr'>τῇ</span> 
     </span>
    </p>
   </div>
   <div class='ocr_carea' id='block_1_38' title="bbox 316 2088 1897 2166">
    <p class='ocr_par' dir='ltr' id='par_1_38' title="bbox 316 2088 1897 2166">
     <span class='ocr_line' id='line_1_38' title="bbox 316 2088 1897 2166; baseline 0.004 -25"><span class='ocrx_word' id='word_1_249' title='bbox 316 2088 626 2162; x_wconf 82' lang='grc' dir='ltr'>διχομηνίᾳ.</span> <span class='ocrx_word' id='word_1_250' title='bbox 663 2091 796 2144; x_wconf 84' lang='grc' dir='ltr'>Τότε</span> <span class='ocrx_word' id='word_1_251' title='bbox 830 2092 937 2164; x_wconf 87' lang='grc' dir='ltr'>γὰρ</span> <span class='ocrx_word' id='word_1_252' title='bbox 970 2092 1113 2147; x_wconf 88' lang='grc' dir='ltr'><strong>κατά</strong></span> <span class='ocrx_word' id='word_1_253' title='bbox 1152 2093 1443 2166; x_wconf 84' lang='grc' dir='ltr'>διάμετρον</span> <span class='ocrx_word' id='word_1_254' title='bbox 1484 2094 1693 2164; x_wconf 89' lang='grc' dir='ltr'>γίνεται</span> <span class='ocrx_word' id='word_1_255' title='bbox 1732 2097 1765 2166; x_wconf 89' lang='grc' dir='ltr'><strong>ἡ</strong></span> <span class='ocrx_word' id='word_1_256' title='bbox 1807 2111 1897 2148; x_wconf 87' lang='grc' dir='ltr'>σε·</span> 
     </span>
    </p>
   </div>
   <div class='ocr_carea' id='block_1_39' title="bbox 319 2177 1896 2254">
    <p class='ocr_par' dir='ltr' id='par_1_39' title="bbox 319 2177 1896 2254">
     <span class='ocr_line' id='line_1_39' title="bbox 319 2177 1896 2254; baseline 0.004 -24"><span class='ocrx_word' id='word_1_257' title='bbox 319 2177 457 2251; x_wconf 84' lang='grc' dir='ltr'>λήνη</span> <span class='ocrx_word' id='word_1_258' title='bbox 501 2179 580 2251; x_wconf 80' lang='grc' dir='ltr'>τῷ</span> <span class='ocrx_word' id='word_1_259' title='bbox 614 2181 763 2253; x_wconf 85' lang='grc' dir='ltr'>ἡλίῳ.</span> <span class='ocrx_word' id='word_1_260' title='bbox 815 2182 1059 2236; x_wconf 88' lang='grc' dir='ltr'>Γίνονται</span> <span class='ocrx_word' id='word_1_261' title='bbox 1093 2183 1340 2253; x_wconf 80' lang='grc' dir='ltr'>μέντοιγε</span> <span class='ocrx_word' id='word_1_262' title='bbox 1372 2184 1539 2237; x_wconf 77' lang='grc' dir='ltr'>πᾶσαι</span> <span class='ocrx_word' id='word_1_263' title='bbox 1577 2185 1631 2237; x_wconf 86' lang='grc' dir='ltr'><strong>αἰ</strong></span> <span class='ocrx_word' id='word_1_264' title='bbox 1662 2183 1762 2254; x_wconf 82' lang='grc' dir='ltr'>τῆς</span> <span class='ocrx_word' id='word_1_265' title='bbox 1806 2200 1896 2237; x_wconf 88' lang='grc' dir='ltr'>σε·-</span> 
     </span>
    </p>
   </div>
   <div class='ocr_carea' id='block_1_40' title="bbox 321 2270 1900 2349">
    <p class='ocr_par' dir='ltr' id='par_1_40' title="bbox 321 2270 1900 2349">
     <span class='ocr_line' id='line_1_40' title="bbox 321 2270 1900 2349; baseline 0.003 -25"><span class='ocrx_word' id='word_1_266' title='bbox 321 2270 490 2343; x_wconf 87' lang='grc' dir='ltr'>λήνης</span> <span class='ocrx_word' id='word_1_267' title='bbox 532 2272 799 2344; x_wconf 72' lang='grc' dir='ltr'>ἐκλείψεις</span> <span class='ocrx_word' id='word_1_268' title='bbox 838 2272 971 2327; x_wconf 81' lang='grc' dir='ltr'>ίσαι’</span> <span class='ocrx_word' id='word_1_269' title='bbox 1010 2276 1065 2329; x_wconf 92' lang='grc' dir='ltr'><strong>αἰ</strong></span> <span class='ocrx_word' id='word_1_270' title='bbox 1106 2276 1203 2346; x_wconf 85' lang='grc' dir='ltr'>μὲν</span> <span class='ocrx_word' id='word_1_271' title='bbox 1238 2276 1348 2348; x_wconf 90' lang='grc' dir='ltr'><strong>γάρ</strong></span> <span class='ocrx_word' id='word_1_272' title='bbox 1381 2275 1806 2349; x_wconf 87' lang='grc' dir='ltr'>ἐπιπροσθήσεις</span> <span class='ocrx_word' id='word_1_273' title='bbox 1841 2277 1900 2330; x_wconf 92' lang='grc' dir='ltr'>αἱ</span> 
     </span>
    </p>
   </div>
   <div class='ocr_carea' id='block_1_41' title="bbox 318 2364 1901 2440">
    <p class='ocr_par' dir='ltr' id='par_1_41' title="bbox 318 2364 1901 2440">
     <span class='ocr_line' id='line_1_41' title="bbox 318 2364 1901 2440; baseline 0.004 -24"><span class='ocrx_word' id='word_1_274' title='bbox 318 2364 601 2435; x_wconf 76' lang='grc' dir='ltr'>γινόμεναι</span> <span class='ocrx_word' id='word_1_275' title='bbox 629 2367 688 2431; x_wconf 76' lang='grc' dir='ltr'><strong>ἐν</strong></span> <span class='ocrx_word' id='word_1_276' title='bbox 715 2367 834 2429; x_wconf 82' lang='grc' dir='ltr'>ταῖς</span> <span class='ocrx_word' id='word_1_277' title='bbox 863 2365 958 2418; x_wconf 83' lang='grc' dir='ltr'>τοῦ</span> <span class='ocrx_word' id='word_1_278' title='bbox 988 2365 1139 2437; x_wconf 82' lang='grc' dir='ltr'>ἡλίου</span> <span class='ocrx_word' id='word_1_279' title='bbox 1162 2366 1434 2437; x_wconf 74' lang='grc' dir='ltr'>ἐκλείψεσι</span> <span class='ocrx_word' id='word_1_280' title='bbox 1460 2366 1613 2440; x_wconf 88' lang='grc' dir='ltr'><strong>παρά</strong></span> <span class='ocrx_word' id='word_1_281' title='bbox 1630 2367 1729 2432; x_wconf 85' lang='grc' dir='ltr'>τὰς</span> <span class='ocrx_word' id='word_1_282' title='bbox 1750 2369 1901 2440; x_wconf 87' lang='grc' dir='ltr'>οἰκή-</span> 
     </span>
    </p>
   </div>
   <div class='ocr_carea' id='block_1_42' title="bbox 322 2456 1897 2533">
    <p class='ocr_par' dir='ltr' id='par_1_42' title="bbox 322 2456 1897 2533">
     <span class='ocr_line' id='line_1_42' title="bbox 322 2456 1897 2533; baseline 0.003 -24"><span class='ocrx_word' id='word_1_283' title='bbox 322 2474 436 2520; x_wconf 89' lang='grc' dir='ltr'>σεις</span> <span class='ocrx_word' id='word_1_284' title='bbox 462 2456 710 2529; x_wconf 80' lang='grc' dir='ltr'>διάφοροι</span> <span class='ocrx_word' id='word_1_285' title='bbox 744 2457 1006 2527; x_wconf 90' lang='grc' dir='ltr'>γίνονται,</span> <span class='ocrx_word' id='word_1_286' title='bbox 1040 2459 1107 2513; x_wconf 87' lang='grc' dir='ltr'><strong>δι’</strong></span> <span class='ocrx_word' id='word_1_287' title='bbox 1134 2460 1200 2531; x_wconf 72' lang='grc' dir='ltr'><strong>ἡν</strong></span> <span class='ocrx_word' id='word_1_288' title='bbox 1231 2460 1411 2515; x_wconf 91' lang='grc' dir='ltr'>αἰτίαν</span> <span class='ocrx_word' id='word_1_289' title='bbox 1452 2460 1549 2514; x_wconf 71' lang='grc' dir='ltr'>καὶ</span> <span class='ocrx_word' id='word_1_290' title='bbox 1584 2460 1654 2514; x_wconf 82' lang='grc' dir='ltr'>τὰ</span> <span class='ocrx_word' id='word_1_291' title='bbox 1693 2460 1897 2533; x_wconf 85' lang='grc' dir='ltr'>μεγέθη</span> 
     </span>
    </p>
   </div>
   <div class='ocr_carea' id='block_1_43' title="bbox 320 2547 1901 2623">
    <p class='ocr_par' dir='ltr' id='par_1_43' title="bbox 320 2547 1901 2623">
     <span class='ocr_line' id='line_1_43' title="bbox 320 2547 1901 2623; baseline 0.004 -24"><span class='ocrx_word' id='word_1_292' title='bbox 320 2547 428 2600; x_wconf 85' lang='grc' dir='ltr'>τῶν</span> <span class='ocrx_word' id='word_1_293' title='bbox 457 2547 754 2619; x_wconf 80' lang='grc' dir='ltr'>ἐκλείψεων</span> <span class='ocrx_word' id='word_1_294' title='bbox 777 2548 1009 2622; x_wconf 82' lang='grc' dir='ltr'>διάφορα</span> <span class='ocrx_word' id='word_1_295' title='bbox 1037 2550 1263 2619; x_wconf 87' lang='grc' dir='ltr'>γίνεται·</span> <span class='ocrx_word' id='word_1_296' title='bbox 1291 2551 1347 2604; x_wconf 89' lang='grc' dir='ltr'><strong>αί</strong></span> <span class='ocrx_word' id='word_1_297' title='bbox 1375 2551 1432 2604; x_wconf 87' lang='grc' dir='ltr'>δὲ</span> <span class='ocrx_word' id='word_1_298' title='bbox 1466 2550 1774 2623; x_wconf 83' lang='grc' dir='ltr'>ἐμπτώσεις</span> <span class='ocrx_word' id='word_1_299' title='bbox 1803 2552 1901 2623; x_wconf 82' lang='grc' dir='ltr'>τῆς</span> 
     </span>
    </p>
   </div>
   <div class='ocr_carea' id='block_1_44' title="bbox 323 2641 1939 2717">
    <p class='ocr_par' dir='ltr' id='par_1_44' title="bbox 323 2641 1939 2717">
     <span class='ocr_line' id='line_1_44' title="bbox 323 2641 1939 2717; baseline 0.004 -24"><span class='ocrx_word' id='word_1_300' title='bbox 323 2641 554 2713; x_wconf 85' lang='grc' dir='ltr'>σελήνης</span> <span class='ocrx_word' id='word_1_301' title='bbox 577 2643 658 2707; x_wconf 87' lang='grc' dir='ltr'><strong>εἰς</strong></span> <span class='ocrx_word' id='word_1_302' title='bbox 678 2642 740 2695; x_wconf 81' lang='grc' dir='ltr'>τὸ</span> <span class='ocrx_word' id='word_1_303' title='bbox 766 2642 1013 2715; x_wconf 85' lang='grc' dir='ltr'>σκίασμα</span> <span class='ocrx_word' id='word_1_304' title='bbox 1043 2644 1156 2698; x_wconf 84' lang='grc' dir='ltr'>ῐσαι</span> <span class='ocrx_word' id='word_1_305' title='bbox 1182 2646 1354 2698; x_wconf 82' lang='grc' dir='ltr'>πᾶσαι</span> <span class='ocrx_word' id='word_1_306' title='bbox 1382 2645 1620 2714; x_wconf 89' lang='grc' dir='ltr'>γίνονται</span> <span class='ocrx_word' id='word_1_307' title='bbox 1642 2645 1784 2700; x_wconf 83' lang='grc' dir='ltr'>κατὰ</span> <span class='ocrx_word' id='word_1_308' title='bbox 1802 2644 1902 2717; x_wconf 84' lang='grc' dir='ltr'>τὴν</span> <span class='ocrx_word' id='word_1_309' title='bbox 1936 2706 1939 2709; x_wconf 96' lang='lat'><em>_</em></span> 
     </span>
    </p>
   </div>
   <div class='ocr_carea' id='block_1_45' title="bbox 323 2732 1903 2808">
    <p class='ocr_par' dir='ltr' id='par_1_45' title="bbox 323 2732 1903 2808">
     <span class='ocr_line' id='line_1_45' title="bbox 323 2732 1903 2808; baseline 0.003 -21"><span class='ocrx_word' id='word_1_310' title='bbox 323 2734 491 2805; x_wconf 81' lang='grc' dir='ltr'>αὐτὴν</span> <span class='ocrx_word' id='word_1_311' title='bbox 517 2732 777 2804; x_wconf 69' lang='grc' dir='ltr'>ἔκλειψιν.</span> <span class='ocrx_word' id='word_1_312' title='bbox 818 2735 956 2808; x_wconf 85' lang='grc' dir='ltr'>Ἤδη</span> <span class='ocrx_word' id='word_1_313' title='bbox 985 2736 1233 2807; x_wconf 85' lang='grc' dir='ltr'>μέντοιγε</span> <span class='ocrx_word' id='word_1_314' title='bbox 1268 2737 1328 2790; x_wconf 86' lang='grc' dir='ltr'>οὐ</span> <span class='ocrx_word' id='word_1_315' title='bbox 1360 2737 1448 2791; x_wconf 86' lang='grc' dir='ltr'><strong>διά</strong></span> <span class='ocrx_word' id='word_1_316' title='bbox 1473 2737 1671 2803; x_wconf 84' lang='grc' dir='ltr'>παντὸς</span> <span class='ocrx_word' id='word_1_317' title='bbox 1697 2739 1759 2791; x_wconf 83' lang='grc' dir='ltr'>τὸ</span> <span class='ocrx_word' id='word_1_318' title='bbox 1791 2736 1903 2791; x_wconf 86' lang='grc' dir='ltr'>ῐσον</span> 
     </span>
    </p>
   </div>
   <div class='ocr_carea' id='block_1_46' title="bbox 323 2826 1905 2902">
    <p class='ocr_par' dir='ltr' id='par_1_46' title="bbox 323 2826 1905 2902">
     <span class='ocr_line' id='line_1_46' title="bbox 323 2826 1905 2902; baseline 0.004 -23"><span class='ocrx_word' id='word_1_319' title='bbox 323 2826 564 2880; x_wconf 75' lang='grc' dir='ltr'>ἐκλείπει</span> <span class='ocrx_word' id='word_1_320' title='bbox 587 2827 686 2899; x_wconf 82' lang='grc' dir='ltr'>τῆς</span> <span class='ocrx_word' id='word_1_321' title='bbox 710 2828 959 2901; x_wconf 85' lang='grc' dir='ltr'>σελήνης.</span> <span class='ocrx_word' id='word_1_322' title='bbox 987 2829 1157 2884; x_wconf 88' lang='grc' dir='ltr'>Ὅταν</span> <span class='ocrx_word' id='word_1_323' title='bbox 1178 2829 1286 2902; x_wconf 87' lang='grc' dir='ltr'><strong>γὰρ</strong></span> <span class='ocrx_word' id='word_1_324' title='bbox 1306 2829 1394 2885; x_wconf 86' lang='grc' dir='ltr'><strong>διά</strong></span> <span class='ocrx_word' id='word_1_325' title='bbox 1416 2831 1581 2902; x_wconf 87' lang='grc' dir='ltr'>μέσου</span> <span class='ocrx_word' id='word_1_326' title='bbox 1608 2830 1701 2884; x_wconf 82' lang='grc' dir='ltr'><strong>τοῦ</strong></span> <span class='ocrx_word' id='word_1_327' title='bbox 1730 2830 1905 2886; x_wconf 87' lang='grc' dir='ltr'>ἐκλει-</span> 
     </span>
    </p>
   </div>
   <div class='ocr_carea' id='block_1_47' title="bbox 325 2919 1903 2996">
    <p class='ocr_par' dir='ltr' id='par_1_47' title="bbox 325 2919 1903 2996">
     <span class='ocr_line' id='line_1_47' title="bbox 325 2919 1903 2996; baseline 0.004 -23"><span class='ocrx_word' id='word_1_328' title='bbox 325 2919 517 2973; x_wconf 85' lang='grc' dir='ltr'>πτικοῦ</span> <span class='ocrx_word' id='word_1_329' title='bbox 543 2923 581 2992; x_wconf 90' lang='grc' dir='ltr'><strong>ἡ</strong></span> <span class='ocrx_word' id='word_1_330' title='bbox 618 2921 815 2995; x_wconf 87' lang='grc' dir='ltr'>σελήνη</span> <span class='ocrx_word' id='word_1_331' title='bbox 844 2921 941 2994; x_wconf 82' lang='grc' dir='ltr'>τὴν</span> <span class='ocrx_word' id='word_1_332' title='bbox 966 2922 1200 2993; x_wconf 83' lang='grc' dir='ltr'>πάροδον</span> <span class='ocrx_word' id='word_1_333' title='bbox 1228 2924 1471 2994; x_wconf 84' lang='grc' dir='ltr'>ποιῆται,</span> <span class='ocrx_word' id='word_1_334' title='bbox 1508 2923 1608 2995; x_wconf 76' lang='grc' dir='ltr'><strong>ὕλη</strong></span> <span class='ocrx_word' id='word_1_335' title='bbox 1640 2926 1903 2996; x_wconf 82' lang='grc' dir='ltr'>ἐμπίπτει</span> 
     </span>
    </p>
   </div>
   <div class='ocr_carea' id='block_1_48' title="bbox 326 3013 1903 3091">
    <p class='ocr_par' dir='ltr' id='par_1_48' title="bbox 326 3013 1903 3091">
     <span class='ocr_line' id='line_1_48' title="bbox 326 3013 1903 3091; baseline 0.005 -26"><span class='ocrx_word' id='word_1_336' title='bbox 326 3013 404 3076; x_wconf 73' lang='grc' dir='ltr'><strong>εἰς</strong></span> <span class='ocrx_word' id='word_1_337' title='bbox 436 3014 498 3067; x_wconf 79' lang='grc' dir='ltr'>τὸ</span> <span class='ocrx_word' id='word_1_338' title='bbox 543 3015 787 3083; x_wconf 86' lang='grc' dir='ltr'>σκίασμα</span> <span class='ocrx_word' id='word_1_339' title='bbox 819 3015 920 3087; x_wconf 82' lang='grc' dir='ltr'>τῆς</span> <span class='ocrx_word' id='word_1_340' title='bbox 952 3017 1075 3089; x_wconf 75' lang='grc' dir='ltr'>γῆς’</span> <span class='ocrx_word' id='word_1_341' title='bbox 1124 3016 1264 3071; x_wconf 82' lang='grc' dir='ltr'>ὥστε</span> <span class='ocrx_word' id='word_1_342' title='bbox 1305 3020 1601 3088; x_wconf 80' lang='grc' dir='ltr'>ἀναγκαῖον</span> <span class='ocrx_word' id='word_1_343' title='bbox 1643 3020 1739 3073; x_wconf 75' lang='grc' dir='ltr'>καὶ</span> <span class='ocrx_word' id='word_1_344' title='bbox 1775 3020 1903 3091; x_wconf 82' lang='grc' dir='ltr'>ὃλην</span> 
     </span>
    </p>
   </div>
   <div class='ocr_carea' id='block_1_49' title="bbox 325 3088 1977 3183">
    <p class='ocr_par' dir='ltr' id='par_1_49' title="bbox 325 3088 1977 3183">
     <span class='ocr_line' id='line_1_49' title="bbox 325 3088 1977 3183; baseline 0.005 -27"><span class='ocrx_word' id='word_1_345' title='bbox 325 3104 493 3175; x_wconf 70' lang='grc' dir='ltr'>αὐτὴν</span> <span class='ocrx_word' id='word_1_346' title='bbox 522 3105 815 3161; x_wconf 82' lang='grc' dir='ltr'>ἐκλείπειν.</span> <span class='ocrx_word' id='word_1_347' title='bbox 859 3109 1027 3163; x_wconf 84' lang='grc' dir='ltr'>Ὅταν</span> <span class='ocrx_word' id='word_1_348' title='bbox 1055 3108 1112 3162; x_wconf 85' lang='grc' dir='ltr'>δὲ</span> <span class='ocrx_word' id='word_1_349' title='bbox 1147 3108 1466 3182; x_wconf 86' lang='grc' dir='ltr'>παράψηται</span> <span class='ocrx_word' id='word_1_350' title='bbox 1493 3110 1587 3165; x_wconf 90' lang='lat'><strong>106</strong></span> <span class='ocrx_word' id='word_1_351' title='bbox 1629 3088 1902 3183; x_wconf 82' lang='grc' dir='ltr'>σκιάσμα-</span> <span class='ocrx_word' id='word_1_352' title='bbox 1929 3088 1977 3153; x_wconf 81' lang='lat' dir='ltr'>c</span> 
     </span>
    </p>
   </div>
   <div class='ocr_carea' id='block_1_50' title="bbox 325 3198 1905 3273">
    <p class='ocr_par' dir='ltr' id='par_1_50' title="bbox 325 3198 1905 3273">
     <span class='ocr_line' id='line_1_50' title="bbox 325 3198 1905 3273; baseline 0.004 -22"><span class='ocrx_word' id='word_1_353' title='bbox 325 3213 437 3264; x_wconf 77' lang='grc' dir='ltr'>τος,</span> <span class='ocrx_word' id='word_1_354' title='bbox 470 3198 636 3271; x_wconf 83' lang='grc' dir='ltr'>μέρος</span> <span class='ocrx_word' id='word_1_355' title='bbox 663 3217 717 3253; x_wconf 85' lang='grc' dir='ltr'><strong>τι</strong></span> <span class='ocrx_word' id='word_1_356' title='bbox 748 3201 846 3272; x_wconf 83' lang='grc' dir='ltr'>τῆς</span> <span class='ocrx_word' id='word_1_357' title='bbox 882 3200 1109 3273; x_wconf 88' lang='grc' dir='ltr'>σελήνης</span> <span class='ocrx_word' id='word_1_358' title='bbox 1132 3200 1392 3255; x_wconf 80' lang='grc' dir='ltr'>ἐκλείπει’</span> <span class='ocrx_word' id='word_1_359' title='bbox 1421 3200 1536 3255; x_wconf 77' lang='grc' dir='ltr'>ἔστι</span> <span class='ocrx_word' id='word_1_360' title='bbox 1559 3201 1617 3255; x_wconf 77' lang='grc' dir='ltr'>δὲ</span> <span class='ocrx_word' id='word_1_361' title='bbox 1640 3202 1701 3256; x_wconf 86' lang='grc' dir='ltr'><strong>τὺ</strong></span> <span class='ocrx_word' id='word_1_362' title='bbox 1728 3202 1905 3257; x_wconf 83' lang='grc' dir='ltr'>ἐκλει-</span> 
     </span>
    </p>
   </div>
   <div class='ocr_carea' id='block_1_51' title="bbox 328 3290 1906 3368">
    <p class='ocr_par' dir='ltr' id='par_1_51' title="bbox 328 3290 1906 3368">
     <span class='ocr_line' id='line_1_51' title="bbox 328 3290 1906 3368; baseline 0.004 -26"><span class='ocrx_word' id='word_1_363' title='bbox 328 3290 518 3344; x_wconf 82' lang='grc' dir='ltr'>πτικὸν</span> <span class='ocrx_word' id='word_1_364' title='bbox 553 3291 724 3363; x_wconf 75' lang='grc' dir='ltr'>αὐτῆς</span> <span class='ocrx_word' id='word_1_365' title='bbox 767 3292 969 3365; x_wconf 85' lang='grc' dir='ltr'>μοιρῶν</span> <span class='ocrx_word' id='word_1_366' title='bbox 1001 3292 1113 3347; x_wconf 86' lang='grc' dir='ltr'>δύο.</span> <span class='ocrx_word' id='word_1_367' title='bbox 1167 3294 1254 3348; x_wconf 88' lang='grc' dir='ltr'>Ἐν</span> <span class='ocrx_word' id='word_1_368' title='bbox 1285 3293 1395 3366; x_wconf 90' lang='grc' dir='ltr'><strong>γάρ</strong></span> <span class='ocrx_word' id='word_1_369' title='bbox 1422 3294 1598 3366; x_wconf 85' lang='grc' dir='ltr'>τούτῳ</span> <span class='ocrx_word' id='word_1_370' title='bbox 1638 3294 1717 3367; x_wconf 81' lang='grc' dir='ltr'><strong>τῷ</strong></span> <span class='ocrx_word' id='word_1_371' title='bbox 1755 3296 1906 3368; x_wconf 84' lang='grc' dir='ltr'>τόπῳ</span> 
     </span>
    </p>
   </div>
   <div class='ocr_carea' id='block_1_52' title="bbox 328 3381 1903 3456">
    <p class='ocr_par' dir='ltr' id='par_1_52' title="bbox 328 3381 1903 3456">
     <span class='ocr_line' id='line_1_52' title="bbox 328 3381 1903 3456; baseline 0.004 -22"><span class='ocrx_word' id='word_1_372' title='bbox 328 3381 506 3445; x_wconf 80' lang='grc' dir='ltr'>πάσας</span> <span class='ocrx_word' id='word_1_373' title='bbox 531 3381 630 3445; x_wconf 87' lang='grc' dir='ltr'><strong>τάς</strong></span> <span class='ocrx_word' id='word_1_374' title='bbox 652 3381 924 3453; x_wconf 79' lang='grc' dir='ltr'>ἐκλείψεις</span> <span class='ocrx_word' id='word_1_375' title='bbox 953 3382 1237 3454; x_wconf 86' lang='grc' dir='ltr'>συμϐαίνει</span> <span class='ocrx_word' id='word_1_376' title='bbox 1264 3384 1363 3455; x_wconf 84' lang='grc' dir='ltr'><strong>τῆς</strong></span> <span class='ocrx_word' id='word_1_377' title='bbox 1388 3384 1617 3456; x_wconf 82' lang='grc' dir='ltr'>σελήνης</span> <span class='ocrx_word' id='word_1_378' title='bbox 1638 3385 1903 3454; x_wconf 86' lang='grc' dir='ltr'>γίνεσθαι.</span> 
     </span>
    </p>
   </div>
   <div class='ocr_carea' id='block_1_53' title="bbox 340 3472 1907 3549">
    <p class='ocr_par' dir='ltr' id='par_1_53' title="bbox 340 3472 1907 3549">
     <span class='ocr_line' id='line_1_53' title="bbox 340 3472 1907 3549; baseline 0.003 -23"><span class='ocrx_word' id='word_1_379' title='bbox 340 3473 432 3526; x_wconf 84' lang='grc' dir='ltr'>Ἐκ</span> <span class='ocrx_word' id='word_1_380' title='bbox 459 3473 520 3528; x_wconf 82' lang='grc' dir='ltr'>δὲ</span> <span class='ocrx_word' id='word_1_381' title='bbox 546 3472 753 3529; x_wconf 82' lang='grc' dir='ltr'>τούτων</span> <span class='ocrx_word' id='word_1_382' title='bbox 780 3476 1031 3547; x_wconf 83' lang='grc' dir='ltr'>φανερὸν,</span> <span class='ocrx_word' id='word_1_383' title='bbox 1066 3477 1149 3530; x_wconf 85' lang='grc' dir='ltr'>ὃτι</span> <span class='ocrx_word' id='word_1_384' title='bbox 1179 3478 1237 3529; x_wconf 89' lang='grc' dir='ltr'><strong>αἰ</strong></span> <span class='ocrx_word' id='word_1_385' title='bbox 1261 3476 1364 3547; x_wconf 84' lang='grc' dir='ltr'>τῆς</span> <span class='ocrx_word' id='word_1_386' title='bbox 1386 3476 1614 3549; x_wconf 87' lang='grc' dir='ltr'>σελήνης</span> <span class='ocrx_word' id='word_1_387' title='bbox 1638 3477 1907 3548; x_wconf 77' lang='grc' dir='ltr'>ἐκλείψεις</span> 
     </span>
    </p>
   </div>
   <div class='ocr_carea' id='block_1_54' title="bbox 327 3565 1902 3640">
    <p class='ocr_par' dir='ltr' id='par_1_54' title="bbox 327 3565 1902 3640">
     <span class='ocr_line' id='line_1_54' title="bbox 327 3565 1902 3640; baseline 0.003 -23"><span class='ocrx_word' id='word_1_388' title='bbox 327 3565 567 3632; x_wconf 84' lang='grc' dir='ltr'>γίνονται</span> <span class='ocrx_word' id='word_1_389' title='bbox 600 3567 741 3620; x_wconf 90' lang='grc' dir='ltr'><strong>κατά</strong></span> <span class='ocrx_word' id='word_1_390' title='bbox 769 3566 870 3638; x_wconf 81' lang='grc' dir='ltr'><strong>τήν</strong></span> <span class='ocrx_word' id='word_1_391' title='bbox 898 3570 979 3631; x_wconf 90' lang='grc' dir='ltr'><strong>εἰς</strong></span> <span class='ocrx_word' id='word_1_392' title='bbox 1003 3567 1063 3621; x_wconf 84' lang='grc' dir='ltr'><strong>τὺ</strong></span> <span class='ocrx_word' id='word_1_393' title='bbox 1087 3567 1327 3640; x_wconf 89' lang='grc' dir='ltr'>σκίασμα</span> <span class='ocrx_word' id='word_1_394' title='bbox 1355 3567 1456 3638; x_wconf 79' lang='grc' dir='ltr'>τῆς</span> <span class='ocrx_word' id='word_1_395' title='bbox 1478 3569 1581 3640; x_wconf 81' lang='grc' dir='ltr'>γῆς</span> <span class='ocrx_word' id='word_1_396' title='bbox 1602 3568 1902 3640; x_wconf 74' lang='grc' dir='ltr'>ἔμπτωσινσ</span> 
     </span>
    </p>
   </div>
   <div class='ocr_carea' id='block_1_55' title="bbox 329 3657 1909 3734">
    <p class='ocr_par' dir='ltr' id='par_1_55' title="bbox 329 3657 1909 3734">
     <span class='ocr_line' id='line_1_55' title="bbox 329 3657 1909 3734; baseline 0.004 -25"><span class='ocrx_word' id='word_1_397' title='bbox 329 3658 464 3729; x_wconf 80' lang='grc' dir='ltr'>πρὸς</span> <span class='ocrx_word' id='word_1_398' title='bbox 488 3657 644 3727; x_wconf 88' lang='grc' dir='ltr'>λόγον</span> <span class='ocrx_word' id='word_1_399' title='bbox 669 3658 780 3731; x_wconf 75' lang='grc' dir='ltr'><strong>γὰρ</strong></span> <span class='ocrx_word' id='word_1_400' title='bbox 817 3660 917 3730; x_wconf 80' lang='grc' dir='ltr'>τῆς</span> <span class='ocrx_word' id='word_1_401' title='bbox 955 3660 1096 3714; x_wconf 87' lang='grc' dir='ltr'><strong>κατά</strong></span> <span class='ocrx_word' id='word_1_402' title='bbox 1123 3661 1324 3725; x_wconf 81' lang='grc' dir='ltr'>πλάτος</span> <span class='ocrx_word' id='word_1_403' title='bbox 1354 3662 1621 3733; x_wconf 86' lang='grc' dir='ltr'>κινήσεως</span> <span class='ocrx_word' id='word_1_404' title='bbox 1649 3662 1751 3733; x_wconf 84' lang='grc' dir='ltr'>τῆς</span> <span class='ocrx_word' id='word_1_405' title='bbox 1771 3665 1909 3734; x_wconf 88' lang='grc' dir='ltr'>ἡμε-</span> 
     </span>
    </p>
   </div>
   <div class='ocr_carea' id='block_1_56' title="bbox 334 3750 1905 3826">
    <p class='ocr_par' dir='ltr' id='par_1_56' title="bbox 334 3750 1905 3826">
     <span class='ocr_line' id='line_1_56' title="bbox 334 3750 1905 3826; baseline -0.011 -3"><span class='ocrx_word' id='word_1_406' title='bbox 334 3750 518 3823; x_wconf 79' lang='grc' dir='ltr'>ρησίου</span> <span class='ocrx_word' id='word_1_407' title='bbox 555 3751 656 3821; x_wconf 76' lang='grc' dir='ltr'><strong>τῆς</strong></span> <span class='ocrx_word' id='word_1_408' title='bbox 689 3750 919 3823; x_wconf 79' lang='grc' dir='ltr'>σελήνης</span> <span class='ocrx_word' id='word_1_409' title='bbox 950 3753 1018 3805; x_wconf 82' lang='grc' dir='ltr'><strong>τὰ</strong></span> <span class='ocrx_word' id='word_1_410' title='bbox 1060 3752 1264 3825; x_wconf 79' lang='grc' dir='ltr'>μεγέθη</span> <span class='ocrx_word' id='word_1_411' title='bbox 1302 3752 1411 3807; x_wconf 83' lang='grc' dir='ltr'><strong>τῶν</strong></span> <span class='ocrx_word' id='word_1_412' title='bbox 1443 3753 1737 3823; x_wconf 77' lang='grc' dir='ltr'>ἐκλείψεων</span> <span class='ocrx_word' id='word_1_413' title='bbox 1767 3754 1905 3826; x_wconf 84' lang='grc' dir='ltr'>σύμ-</span> 
     </span>
    </p>
   </div>
   <div class='ocr_carea' id='block_1_57' title="bbox 332 3843 1973 3918">
    <p class='ocr_par' dir='ltr' id='par_1_57' title="bbox 332 3843 1973 3918">
     <span class='ocr_line' id='line_1_57' title="bbox 332 3843 1973 3918; baseline 0.003 -22"><span class='ocrx_word' id='word_1_414' title='bbox 332 3860 482 3911; x_wconf 75' lang='grc' dir='ltr'>φωνα</span> <span class='ocrx_word' id='word_1_415' title='bbox 514 3843 740 3912; x_wconf 80' lang='grc' dir='ltr'>γίνεται’</span> <span class='ocrx_word' id='word_1_416' title='bbox 782 3846 874 3897; x_wconf 76' lang='grc' dir='ltr'>καὶ</span> <span class='ocrx_word' id='word_1_417' title='bbox 905 3847 961 3898; x_wconf 85' lang='grc' dir='ltr'><strong>ἐν</strong></span> <span class='ocrx_word' id='word_1_418' title='bbox 991 3844 1172 3910; x_wconf 81' lang='grc' dir='ltr'>ἄλλαις</span> <span class='ocrx_word' id='word_1_419' title='bbox 1206 3846 1440 3918; x_wconf 88' lang='grc' dir='ltr'>ἡμέραις</span> <span class='ocrx_word' id='word_1_420' title='bbox 1479 3846 1539 3899; x_wconf 78' lang='grc' dir='ltr'>οὐ</span> <span class='ocrx_word' id='word_1_421' title='bbox 1573 3847 1811 3916; x_wconf 88' lang='grc' dir='ltr'>γίνονται</span> <span class='ocrx_word' id='word_1_422' title='bbox 1848 3849 1905 3901; x_wconf 85' lang='grc' dir='ltr'><strong>αί</strong></span> <span class='ocrx_word' id='word_1_423' title='bbox 1964 3844 1973 3853; x_wconf 80' lang='grc'><strong>’</strong></span> 
     </span>
    </p>
   </div>
   <div class='ocr_carea' id='block_1_58' title="bbox 332 3933 1691 4008">
    <p class='ocr_par' dir='ltr' id='par_1_58' title="bbox 332 3933 1691 4008">
     <span class='ocr_line' id='line_1_58' title="bbox 332 3933 1691 4008; baseline 0.001 -20"><span class='ocrx_word' id='word_1_424' title='bbox 332 3934 427 4005; x_wconf 82' lang='grc' dir='ltr'>τῆς</span> <span class='ocrx_word' id='word_1_425' title='bbox 456 3934 684 4006; x_wconf 85' lang='grc' dir='ltr'>σελήνης</span> <span class='ocrx_word' id='word_1_426' title='bbox 711 3933 1002 4005; x_wconf 81' lang='grc' dir='ltr'>ἐκλείψεις,</span> <span class='ocrx_word' id='word_1_427' title='bbox 1036 3934 1174 4006; x_wconf 84' lang='grc' dir='ltr'>πλὴν</span> <span class='ocrx_word' id='word_1_428' title='bbox 1203 3936 1262 3988; x_wconf 89' lang='grc' dir='ltr'><strong>ἐν</strong></span> <span class='ocrx_word' id='word_1_429' title='bbox 1290 3937 1355 4007; x_wconf 82' lang='grc' dir='ltr'>τῇ</span> <span class='ocrx_word' id='word_1_430' title='bbox 1380 3935 1691 4008; x_wconf 83' lang='grc' dir='ltr'>διχομηνίᾳ.</span> 
     </span>
    </p>
   </div>
   <div class='ocr_carea' id='block_1_59' title="bbox 868 4049 1365 4105">
    <p class='ocr_par' dir='ltr' id='par_1_59' title="bbox 868 4049 1365 4105">
     <span class='ocr_line' id='line_1_59' title="bbox 868 4049 1365 4105; baseline 0.006 -3"><span class='ocrx_word' id='word_1_431' title='bbox 868 4049 1265 4104; x_wconf 80' lang='grc' dir='ltr'><strong>ΚΕΦΑΛΑΙΟΝ</strong></span> <span class='ocrx_word' id='word_1_432' title='bbox 1309 4051 1365 4105; x_wconf 76' lang='grc' dir='ltr'>ι’.</span> 
     </span>
    </p>
   </div>
   <div class='ocr_carea' id='block_1_60' title="bbox 331 4163 1904 4245">
    <p class='ocr_par' dir='ltr' id='par_1_60' title="bbox 331 4163 1904 4245">
     <span class='ocr_line' id='line_1_60' title="bbox 331 4163 1904 4245; baseline 0.001 -28"><span class='ocrx_word' id='word_1_433' title='bbox 331 4163 449 4218; x_wconf 82' lang='grc' dir='ltr'>Ὀτι</span> <span class='ocrx_word' id='word_1_434' title='bbox 476 4165 591 4233; x_wconf 78' lang='grc' dir='ltr'>τὴν</span> <span class='ocrx_word' id='word_1_435' title='bbox 613 4166 896 4219; x_wconf 74' lang='grc' dir='ltr'>ἐναντίαν</span> <span class='ocrx_word' id='word_1_436' title='bbox 919 4163 1000 4230; x_wconf 85' lang='grc' dir='ltr'>τῷ</span> <span class='ocrx_word' id='word_1_437' title='bbox 1022 4165 1229 4245; x_wconf 55' lang='grc' dir='ltr'>κόσμῳ</span> <span class='ocrx_word' id='word_1_438' title='bbox 1255 4166 1501 4233; x_wconf 78' lang='grc' dir='ltr'>κίνησιν</span> <span class='ocrx_word' id='word_1_439' title='bbox 1525 4167 1579 4219; x_wconf 87' lang='grc' dir='ltr'><strong>οἰ</strong></span> <span class='ocrx_word' id='word_1_440' title='bbox 1602 4164 1904 4234; x_wconf 71' lang='grc' dir='ltr'>πλάνητες</span> 
     </span>
    </p>
   </div>
   <div class='ocr_carea' id='block_1_61' title="bbox 942 4248 1272 4289">
    <p class='ocr_par' dir='ltr' id='par_1_61' title="bbox 942 4248 1272 4289">
     <span class='ocr_line' id='line_1_61' title="bbox 942 4248 1272 4289; baseline 0.006 -2"><span class='ocrx_word' id='word_1_441' title='bbox 942 4248 1272 4289; x_wconf 80' lang='grc' dir='ltr'>ποιουνται.</span> 
     </span>
    </p>
   </div>
   <div class='ocr_carea' id='block_1_62' title="bbox 412 4349 1903 4423">
    <p class='ocr_par' dir='ltr' id='par_1_62' title="bbox 412 4349 1903 4423">
     <span class='ocr_line' id='line_1_62' title="bbox 412 4349 1903 4423; baseline -0.001 -19"><span class='ocrx_word' id='word_1_442' title='bbox 412 4350 471 4404; x_wconf 87' lang='lat'><strong>&#39;0</strong></span> <span class='ocrx_word' id='word_1_443' title='bbox 502 4351 706 4421; x_wconf 89' lang='grc' dir='ltr'>κόσμος</span> <span class='ocrx_word' id='word_1_444' title='bbox 733 4352 961 4405; x_wconf 85' lang='grc' dir='ltr'>κινεῖται</span> <span class='ocrx_word' id='word_1_445' title='bbox 992 4349 1164 4422; x_wconf 77' lang='grc' dir='ltr'>φορὰν</span> <span class='ocrx_word' id='word_1_446' title='bbox 1192 4350 1479 4419; x_wconf 75' lang='grc' dir='ltr'>ἐγκύκλιον</span> <span class='ocrx_word' id='word_1_447' title='bbox 1515 4351 1609 4405; x_wconf 77' lang='grc' dir='ltr'><strong>ἀπ’</strong></span> <span class='ocrx_word' id='word_1_448' title='bbox 1639 4350 1903 4423; x_wconf 87' lang='grc' dir='ltr'>ἀνατολης</span> 
     </span>
    </p>
   </div>
   <div class='ocr_carea' id='block_1_63' title="bbox 1998 1813 3572 1879">
    <p class='ocr_par' dir='ltr' id='par_1_63' title="bbox 1998 1813 3572 1879">
     <span class='ocr_line' id='line_1_63' title="bbox 1998 1813 3572 1879; baseline -0.004 -9"><span class='ocrx_word' id='word_1_449' title='bbox 1998 1816 2143 1871; x_wconf 87' lang='lat' dir='ltr'><strong>linea</strong></span> <span class='ocrx_word' id='word_1_450' title='bbox 2187 1824 2338 1871; x_wconf 89' lang='lat' dir='ltr'><strong>recta</strong></span> <span class='ocrx_word' id='word_1_451' title='bbox 2377 1815 2795 1872; x_wconf 88' lang='lat' dir='ltr'><strong>constituuntur</strong></span> <span class='ocrx_word' id='word_1_452' title='bbox 2825 1813 2928 1878; x_wconf 86' lang='lat' dir='ltr'><strong>sol,</strong></span> <span class='ocrx_word' id='word_1_453' title='bbox 2977 1821 3145 1879; x_wconf 88' lang='lat' dir='ltr'><strong>terra,</strong></span> <span class='ocrx_word' id='word_1_454' title='bbox 3176 1813 3370 1868; x_wconf 91' lang='lat' dir='ltr'><strong>umbra</strong></span> <span class='ocrx_word' id='word_1_455' title='bbox 3413 1818 3572 1865; x_wconf 69' lang='lat' dir='ltr'><strong>terra</strong></span> 
     </span>
    </p>
   </div>
   <div class='ocr_carea' id='block_1_64' title="bbox 1997 1903 3570 1979">
    <p class='ocr_par' dir='ltr' id='par_1_64' title="bbox 1997 1903 3570 1979">
     <span class='ocr_line' id='line_1_64' title="bbox 1997 1903 3570 1979; baseline -0.004 -15"><span class='ocrx_word' id='word_1_456' title='bbox 1997 1916 2051 1964; x_wconf 88' lang='lat' dir='ltr'><strong>et</strong></span> <span class='ocrx_word' id='word_1_457' title='bbox 2077 1908 2227 1963; x_wconf 90' lang='lat' dir='ltr'><strong>luna.</strong></span> <span class='ocrx_word' id='word_1_458' title='bbox 2263 1908 2438 1975; x_wconf 84' lang='lat' dir='ltr'><strong>Quam</strong></span> <span class='ocrx_word' id='word_1_459' title='bbox 2466 1910 2538 1964; x_wconf 90' lang='lat' dir='ltr'><strong>ob</strong></span> <span class='ocrx_word' id='word_1_460' title='bbox 2567 1922 2793 1965; x_wconf 85' lang='lat' dir='ltr'><strong>causam</strong></span> <span class='ocrx_word' id='word_1_461' title='bbox 2819 1923 2888 1964; x_wconf 90' lang='lat' dir='ltr'><strong>ne</strong></span> <span class='ocrx_word' id='word_1_462' title='bbox 2924 1907 3062 1963; x_wconf 84' lang='lat' dir='ltr'><strong>fiunt</strong></span> <span class='ocrx_word' id='word_1_463' title='bbox 3092 1905 3312 1979; x_wconf 83' lang='lat' dir='ltr'><strong>quidem</strong></span> <span class='ocrx_word' id='word_1_464' title='bbox 3340 1903 3570 1973; x_wconf 87' lang='lat' dir='ltr'><strong>eclipses</strong></span> 
     </span>
    </p>
   </div>
   <div class='ocr_carea' id='block_1_65' title="bbox 1998 1996 3573 2070">
    <p class='ocr_par' dir='ltr' id='par_1_65' title="bbox 1998 1996 3573 2070">
     <span class='ocr_line' id='line_1_65' title="bbox 1998 1996 3573 2070; baseline -0.004 -15"><span class='ocrx_word' id='word_1_465' title='bbox 1998 2001 2144 2056; x_wconf 77' lang='lat' dir='ltr'><strong>lunae</strong></span> <span class='ocrx_word' id='word_1_466' title='bbox 2183 2000 2240 2055; x_wconf 88' lang='lat' dir='ltr'><strong>in</strong></span> <span class='ocrx_word' id='word_1_467' title='bbox 2284 2001 2393 2055; x_wconf 92' lang='lat' dir='ltr'><strong>alio</strong></span> <span class='ocrx_word' id='word_1_468' title='bbox 2434 1999 2542 2066; x_wconf 89' lang='lat' dir='ltr'><strong>die,</strong></span> <span class='ocrx_word' id='word_1_469' title='bbox 2575 1999 2681 2056; x_wconf 88' lang='lat' dir='ltr'><strong>nisi</strong></span> <span class='ocrx_word' id='word_1_470' title='bbox 2724 2000 2782 2055; x_wconf 92' lang='lat' dir='ltr'><strong>in</strong></span> <span class='ocrx_word' id='word_1_471' title='bbox 2809 2000 3130 2070; x_wconf 87' lang='lat' dir='ltr'><strong>plenilunio.</strong></span> <span class='ocrx_word' id='word_1_472' title='bbox 3161 1996 3315 2053; x_wconf 85' lang='lat' dir='ltr'><strong>Tunc</strong></span> <span class='ocrx_word' id='word_1_473' title='bbox 3355 1996 3503 2052; x_wconf 90' lang='lat' dir='ltr'><strong>enim</strong></span> <span class='ocrx_word' id='word_1_474' title='bbox 3540 2009 3573 2049; x_wconf 89' lang='lat' dir='ltr'><strong>e</strong></span> 
     </span>
    </p>
   </div>
   <div class='ocr_carea' id='block_1_66' title="bbox 1999 2091 3571 2163">
    <p class='ocr_par' dir='ltr' id='par_1_66' title="bbox 1999 2091 3571 2163">
     <span class='ocr_line' id='line_1_66' title="bbox 1999 2091 3571 2163; baseline -0.001 -17"><span class='ocrx_word' id='word_1_475' title='bbox 1999 2091 2268 2148; x_wconf 88' lang='lat' dir='ltr'><strong>diametro</strong></span> <span class='ocrx_word' id='word_1_476' title='bbox 2297 2092 2426 2147; x_wconf 90' lang='lat' dir='ltr'><strong>luna</strong></span> <span class='ocrx_word' id='word_1_477' title='bbox 2460 2091 2757 2163; x_wconf 89' lang='lat' dir='ltr'><strong>opponitur</strong></span> <span class='ocrx_word' id='word_1_478' title='bbox 2793 2093 2921 2151; x_wconf 88' lang='lat' dir='ltr'><strong>soli.</strong></span> <span class='ocrx_word' id='word_1_479' title='bbox 2956 2091 3343 2147; x_wconf 75' lang='lat' dir='ltr'><strong>Verumtamen</strong></span> <span class='ocrx_word' id='word_1_480' title='bbox 3381 2103 3571 2144; x_wconf 90' lang='lat' dir='ltr'><strong>omnes</strong></span> 
     </span>
    </p>
   </div>
   <div class='ocr_carea' id='block_1_67' title="bbox 2000 2184 3573 2257">
    <p class='ocr_par' dir='ltr' id='par_1_67' title="bbox 2000 2184 3573 2257">
     <span class='ocr_line' id='line_1_67' title="bbox 2000 2184 3573 2257; baseline 0 -18"><span class='ocrx_word' id='word_1_481' title='bbox 2000 2187 2143 2240; x_wconf 71' lang='lat' dir='ltr'><strong>lunae</strong></span> <span class='ocrx_word' id='word_1_482' title='bbox 2166 2185 2399 2256; x_wconf 90' lang='lat' dir='ltr'><strong>eclipses</strong></span> <span class='ocrx_word' id='word_1_483' title='bbox 2433 2184 2569 2240; x_wconf 82' lang='lat' dir='ltr'><strong>ﬁunt</strong></span> <span class='ocrx_word' id='word_1_484' title='bbox 2593 2186 2867 2257; x_wconf 85' lang='lat' dir='ltr'><strong>aequales;</strong></span> <span class='ocrx_word' id='word_1_485' title='bbox 2902 2201 3028 2241; x_wconf 88' lang='lat' dir='ltr'><strong>nam</strong></span> <span class='ocrx_word' id='word_1_486' title='bbox 3055 2184 3419 2247; x_wconf 77' lang='lat' dir='ltr'><strong>incursiones.</strong></span> <span class='ocrx_word' id='word_1_487' title='bbox 3451 2199 3573 2254; x_wconf 74' lang='lat' dir='ltr'><strong>quae</strong></span> 
     </span>
    </p>
   </div>
   <div class='ocr_carea' id='block_1_68' title="bbox 2000 2275 3574 2349">
    <p class='ocr_par' dir='ltr' id='par_1_68' title="bbox 2000 2275 3574 2349">
     <span class='ocr_line' id='line_1_68' title="bbox 2000 2275 3574 2349; baseline -0.002 -18"><span class='ocrx_word' id='word_1_488' title='bbox 2000 2277 2057 2331; x_wconf 88' lang='lat' dir='ltr'><strong>in</strong></span> <span class='ocrx_word' id='word_1_489' title='bbox 2092 2278 2223 2333; x_wconf 86' lang='lat' dir='ltr'><strong>solis</strong></span> <span class='ocrx_word' id='word_1_490' title='bbox 2262 2277 2558 2348; x_wconf 88' lang='lat' dir='ltr'><strong>eclipsibus</strong></span> <span class='ocrx_word' id='word_1_491' title='bbox 2593 2276 2748 2345; x_wconf 82' lang='lat' dir='ltr'><strong>ﬁunt,</strong></span> <span class='ocrx_word' id='word_1_492' title='bbox 2781 2284 3003 2349; x_wconf 85' lang='lat' dir='ltr'><strong>propter</strong></span> <span class='ocrx_word' id='word_1_493' title='bbox 3031 2277 3151 2332; x_wconf 91' lang='lat' dir='ltr'><strong>loca</strong></span> <span class='ocrx_word' id='word_1_494' title='bbox 3179 2275 3574 2331; x_wconf 87' lang='lat' dir='ltr'><strong>habitationum</strong></span> 
     </span>
    </p>
   </div>
   <div class='ocr_carea' id='block_1_69' title="bbox 2000 2366 3574 2440">
    <p class='ocr_par' dir='ltr' id='par_1_69' title="bbox 2000 2366 3574 2440">
     <span class='ocr_line' id='line_1_69' title="bbox 2000 2366 3574 2440; baseline -0.002 -17"><span class='ocrx_word' id='word_1_495' title='bbox 2000 2368 2230 2425; x_wconf 74' lang='lat' dir='ltr'><strong>diversae</strong></span> <span class='ocrx_word' id='word_1_496' title='bbox 2298 2371 2628 2437; x_wconf 75' lang='lat' dir='ltr'><strong>efﬁciuntur,</strong></span> <span class='ocrx_word' id='word_1_497' title='bbox 2689 2371 2760 2427; x_wconf 90' lang='lat' dir='ltr'><strong>ob</strong></span> <span class='ocrx_word' id='word_1_498' title='bbox 2816 2370 2874 2426; x_wconf 88' lang='lat' dir='ltr'><strong>id</strong></span> <span class='ocrx_word' id='word_1_499' title='bbox 2945 2371 3109 2427; x_wconf 88' lang='lat' dir='ltr'><strong>etiam</strong></span> <span class='ocrx_word' id='word_1_500' title='bbox 3173 2366 3574 2440; x_wconf 68' lang='lat' dir='ltr'><strong>magnitudines</strong></span> 
     </span>
    </p>
   </div>
   <div class='ocr_carea' id='block_1_70' title="bbox 1999 2460 3577 2533">
    <p class='ocr_par' dir='ltr' id='par_1_70' title="bbox 1999 2460 3577 2533">
     <span class='ocr_line' id='line_1_70' title="bbox 1999 2460 3577 2533; baseline -0.004 -15"><span class='ocrx_word' id='word_1_501' title='bbox 1999 2462 2286 2533; x_wconf 87' lang='lat' dir='ltr'><strong>eclipsium</strong></span> <span class='ocrx_word' id='word_1_502' title='bbox 2335 2463 2600 2518; x_wconf 88' lang='lat' dir='ltr'><strong>solarium</strong></span> <span class='ocrx_word' id='word_1_503' title='bbox 2645 2463 2876 2519; x_wconf 79' lang='lat' dir='ltr'><strong>diversae</strong></span> <span class='ocrx_word' id='word_1_504' title='bbox 2914 2462 3220 2517; x_wconf 87' lang='lat' dir='ltr'><strong>redduntur</strong></span> <span class='ocrx_word' id='word_1_505' title='bbox 3266 2477 3280 2513; x_wconf 89' lang='lat'><strong>:</strong></span> <span class='ocrx_word' id='word_1_506' title='bbox 3332 2469 3389 2515; x_wconf 92' lang='lat' dir='ltr'><strong>at</strong></span> <span class='ocrx_word' id='word_1_507' title='bbox 3435 2460 3577 2513; x_wconf 65' lang='lat' dir='ltr'><strong>luna:</strong></span> 
     </span>
    </p>
   </div>
   <div class='ocr_carea' id='block_1_71' title="bbox 2003 2554 3575 2626">
    <p class='ocr_par' dir='ltr' id='par_1_71' title="bbox 2003 2554 3575 2626">
     <span class='ocr_line' id='line_1_71' title="bbox 2003 2554 3575 2626; baseline -0.001 -18"><span class='ocrx_word' id='word_1_508' title='bbox 2003 2554 2316 2610; x_wconf 70' lang='lat' dir='ltr'><strong>incidentia:</strong></span> <span class='ocrx_word' id='word_1_509' title='bbox 2345 2556 2403 2610; x_wconf 92' lang='lat' dir='ltr'><strong>in</strong></span> <span class='ocrx_word' id='word_1_510' title='bbox 2434 2555 2684 2611; x_wconf 88' lang='lat' dir='ltr'><strong>umbram</strong></span> <span class='ocrx_word' id='word_1_511' title='bbox 2720 2556 2857 2611; x_wconf 82' lang='lat' dir='ltr'><strong>[lunt</strong></span> <span class='ocrx_word' id='word_1_512' title='bbox 2901 2571 3095 2612; x_wconf 87' lang='lat' dir='ltr'><strong>omnes</strong></span> <span class='ocrx_word' id='word_1_513' title='bbox 3124 2554 3364 2626; x_wconf 75' lang='lat' dir='ltr'><strong>aequales</strong></span> <span class='ocrx_word' id='word_1_514' title='bbox 3392 2557 3448 2608; x_wconf 85' lang='lat' dir='ltr'><strong>in</strong></span> <span class='ocrx_word' id='word_1_515' title='bbox 3481 2568 3575 2608; x_wconf 90' lang='lat' dir='ltr'><strong>ea-</strong></span> 
     </span>
    </p>
   </div>
   <div class='ocr_carea' id='block_1_72' title="bbox 2002 2645 3577 2717">
    <p class='ocr_par' dir='ltr' id='par_1_72' title="bbox 2002 2645 3577 2717">
     <span class='ocr_line' id='line_1_72' title="bbox 2002 2645 3577 2717; baseline -0.001 -17"><span class='ocrx_word' id='word_1_516' title='bbox 2002 2645 2125 2701; x_wconf 87' lang='lat' dir='ltr'><strong>dem</strong></span> <span class='ocrx_word' id='word_1_517' title='bbox 2158 2646 2371 2717; x_wconf 90' lang='lat' dir='ltr'><strong>eclipsi.</strong></span> <span class='ocrx_word' id='word_1_518' title='bbox 2421 2646 2543 2702; x_wconf 77' lang='lat' dir='ltr'><strong>Jam</strong></span> <span class='ocrx_word' id='word_1_519' title='bbox 2588 2662 2720 2703; x_wconf 86' lang='lat' dir='ltr'><strong>vero</strong></span> <span class='ocrx_word' id='word_1_520' title='bbox 2763 2661 2876 2702; x_wconf 90' lang='lat' dir='ltr'><strong>non</strong></span> <span class='ocrx_word' id='word_1_521' title='bbox 2926 2661 3144 2716; x_wconf 80' lang='lat' dir='ltr'><strong>semper</strong></span> <span class='ocrx_word' id='word_1_522' title='bbox 3177 2646 3406 2717; x_wconf 86' lang='lat' dir='ltr'><strong>aequalis</strong></span> <span class='ocrx_word' id='word_1_523' title='bbox 3446 2659 3577 2714; x_wconf 87' lang='lat' dir='ltr'><strong>pars</strong></span> 
     </span>
    </p>
   </div>
   <div class='ocr_carea' id='block_1_73' title="bbox 2004 2737 3577 2811">
    <p class='ocr_par' dir='ltr' id='par_1_73' title="bbox 2004 2737 3577 2811">
     <span class='ocr_line' id='line_1_73' title="bbox 2004 2737 3577 2811; baseline -0.002 -16"><span class='ocrx_word' id='word_1_524' title='bbox 2004 2740 2147 2795; x_wconf 79' lang='lat' dir='ltr'><strong>lunae</strong></span> <span class='ocrx_word' id='word_1_525' title='bbox 2211 2739 2413 2797; x_wconf 84' lang='lat' dir='ltr'><strong>deficit.</strong></span> <span class='ocrx_word' id='word_1_526' title='bbox 2470 2740 2609 2796; x_wconf 88' lang='lat' dir='ltr'><strong>Cum</strong></span> <span class='ocrx_word' id='word_1_527' title='bbox 2656 2740 2801 2796; x_wconf 91' lang='lat' dir='ltr'><strong>enim</strong></span> <span class='ocrx_word' id='word_1_528' title='bbox 2859 2754 2956 2811; x_wconf 90' lang='lat' dir='ltr'><strong>per</strong></span> <span class='ocrx_word' id='word_1_529' title='bbox 3006 2737 3247 2794; x_wconf 89' lang='lat' dir='ltr'><strong>medium</strong></span> <span class='ocrx_word' id='word_1_530' title='bbox 3306 2737 3577 2792; x_wconf 87' lang='lat' dir='ltr'><strong>circulum</strong></span> 
     </span>
    </p>
   </div>
   <div class='ocr_carea' id='block_1_74' title="bbox 2004 2829 3577 2904">
    <p class='ocr_par' dir='ltr' id='par_1_74' title="bbox 2004 2829 3577 2904">
     <span class='ocr_line' id='line_1_74' title="bbox 2004 2829 3577 2904; baseline -0.003 -17"><span class='ocrx_word' id='word_1_531' title='bbox 2004 2834 2318 2904; x_wconf 88' lang='lat' dir='ltr'><strong>eclipticum</strong></span> <span class='ocrx_word' id='word_1_532' title='bbox 2370 2834 2499 2889; x_wconf 86' lang='lat' dir='ltr'><strong>luna</strong></span> <span class='ocrx_word' id='word_1_533' title='bbox 2557 2834 2857 2891; x_wconf 86' lang='lat' dir='ltr'><strong>transitum</strong></span> <span class='ocrx_word' id='word_1_534' title='bbox 2908 2831 3062 2900; x_wconf 86' lang='lat' dir='ltr'><strong>facit,</strong></span> <span class='ocrx_word' id='word_1_535' title='bbox 3113 2840 3227 2887; x_wconf 89' lang='lat' dir='ltr'><strong>tota</strong></span> <span class='ocrx_word' id='word_1_536' title='bbox 3279 2829 3472 2885; x_wconf 86' lang='lat' dir='ltr'><strong>incidit</strong></span> <span class='ocrx_word' id='word_1_537' title='bbox 3517 2831 3577 2884; x_wconf 88' lang='lat' dir='ltr'><strong>in</strong></span> 
     </span>
    </p>
   </div>
   <div class='ocr_carea' id='block_1_75' title="bbox 2007 2922 3577 2997">
    <p class='ocr_par' dir='ltr' id='par_1_75' title="bbox 2007 2922 3577 2997">
     <span class='ocr_line' id='line_1_75' title="bbox 2007 2922 3577 2997; baseline -0.001 -18"><span class='ocrx_word' id='word_1_538' title='bbox 2007 2925 2256 2980; x_wconf 89' lang='lat' dir='ltr'><strong>umbram</strong></span> <span class='ocrx_word' id='word_1_539' title='bbox 2309 2934 2492 2982; x_wconf 71' lang='lat' dir='ltr'><strong>terrae.</strong></span> <span class='ocrx_word' id='word_1_540' title='bbox 2538 2925 2732 2997; x_wconf 85' lang='lat' dir='ltr'><strong>Itaque</strong></span> <span class='ocrx_word' id='word_1_541' title='bbox 2778 2924 3151 2981; x_wconf 88' lang='lat' dir='ltr'><strong>necessarium</strong></span> <span class='ocrx_word' id='word_1_542' title='bbox 3195 2930 3300 2988; x_wconf 90' lang='lat' dir='ltr'><strong>est,</strong></span> <span class='ocrx_word' id='word_1_543' title='bbox 3347 2931 3409 2977; x_wconf 91' lang='lat' dir='ltr'><strong>ut</strong></span> <span class='ocrx_word' id='word_1_544' title='bbox 3457 2922 3577 2993; x_wconf 83' lang='lat' dir='ltr'><strong>ipsa</strong></span> 
     </span>
    </p>
   </div>
   <div class='ocr_carea' id='block_1_76' title="bbox 2007 3017 3577 3089">
    <p class='ocr_par' dir='ltr' id='par_1_76' title="bbox 2007 3017 3577 3089">
     <span class='ocr_line' id='line_1_76' title="bbox 2007 3017 3577 3089; baseline 0.001 -17"><span class='ocrx_word' id='word_1_545' title='bbox 2007 3024 2123 3073; x_wconf 90' lang='lat' dir='ltr'><strong>tota</strong></span> <span class='ocrx_word' id='word_1_546' title='bbox 2178 3017 2415 3076; x_wconf 83' lang='lat' dir='ltr'><strong>deﬁciat.</strong></span> <span class='ocrx_word' id='word_1_547' title='bbox 2476 3018 2614 3075; x_wconf 90' lang='lat' dir='ltr'><strong>Cum</strong></span> <span class='ocrx_word' id='word_1_548' title='bbox 2677 3033 2807 3075; x_wconf 84' lang='lat' dir='ltr'><strong>vero</strong></span> <span class='ocrx_word' id='word_1_549' title='bbox 2859 3018 3079 3089; x_wconf 78' lang='lat' dir='ltr'><strong>attingit</strong></span> <span class='ocrx_word' id='word_1_550' title='bbox 3125 3019 3399 3083; x_wconf 89' lang='lat' dir='ltr'><strong>umbram,</strong></span> <span class='ocrx_word' id='word_1_551' title='bbox 3449 3032 3577 3089; x_wconf 89' lang='lat' dir='ltr'><strong>pars</strong></span> 
     </span>
    </p>
   </div>
   <div class='ocr_carea' id='block_1_77' title="bbox 2006 3110 3577 3183">
    <p class='ocr_par' dir='ltr' id='par_1_77' title="bbox 2006 3110 3577 3183">
     <span class='ocr_line' id='line_1_77' title="bbox 2006 3110 3577 3183; baseline 0.001 -19"><span class='ocrx_word' id='word_1_552' title='bbox 2006 3110 2189 3181; x_wconf 87' lang='lat' dir='ltr'><strong>aliqua</strong></span> <span class='ocrx_word' id='word_1_553' title='bbox 2242 3112 2385 3166; x_wconf 75' lang='lat' dir='ltr'><strong>lunae</strong></span> <span class='ocrx_word' id='word_1_554' title='bbox 2446 3111 2630 3167; x_wconf 82' lang='lat' dir='ltr'><strong>deficit</strong></span> <span class='ocrx_word' id='word_1_555' title='bbox 2687 3128 2723 3173; x_wconf 73' lang='grc' dir='ltr'><strong>ε,</strong></span> <span class='ocrx_word' id='word_1_556' title='bbox 2760 3126 2889 3183; x_wconf 88' lang='lat' dir='ltr'><strong>pars</strong></span> <span class='ocrx_word' id='word_1_557' title='bbox 2943 3117 3126 3167; x_wconf 88' lang='lat' dir='ltr'><strong>autem</strong></span> <span class='ocrx_word' id='word_1_558' title='bbox 3182 3110 3396 3172; x_wconf 86' lang='lat' dir='ltr'><strong>circuli,</strong></span> <span class='ocrx_word' id='word_1_559' title='bbox 3455 3126 3577 3181; x_wconf 70' lang='lat' dir='ltr'><strong>quae</strong></span> 
     </span>
    </p>
   </div>
   <div class='ocr_carea' id='block_1_78' title="bbox 2007 3201 3575 3274">
    <p class='ocr_par' dir='ltr' id='par_1_78' title="bbox 2007 3201 3575 3274">
     <span class='ocr_line' id='line_1_78' title="bbox 2007 3201 3575 3274; baseline 0 -17"><span class='ocrx_word' id='word_1_560' title='bbox 2007 3203 2193 3258; x_wconf 91' lang='lat' dir='ltr'><strong>lunam</strong></span> <span class='ocrx_word' id='word_1_561' title='bbox 2226 3202 2460 3259; x_wconf 82' lang='lat' dir='ltr'><strong>deficere</strong></span> <span class='ocrx_word' id='word_1_562' title='bbox 2485 3202 2638 3269; x_wconf 81' lang='lat' dir='ltr'><strong>facit,</strong></span> <span class='ocrx_word' id='word_1_563' title='bbox 2667 3211 2751 3259; x_wconf 90' lang='lat' dir='ltr'><strong>est</strong></span> <span class='ocrx_word' id='word_1_564' title='bbox 2779 3205 3011 3259; x_wconf 81' lang='lat' dir='ltr'><strong>duorum</strong></span> <span class='ocrx_word' id='word_1_565' title='bbox 3041 3203 3332 3274; x_wconf 75' lang='lat' dir='ltr'><strong>graduum.</strong></span> <span class='ocrx_word' id='word_1_566' title='bbox 3376 3201 3436 3257; x_wconf 83' lang='lat' dir='ltr'><strong>In</strong></span> <span class='ocrx_word' id='word_1_567' title='bbox 3470 3202 3575 3257; x_wconf 81' lang='lat' dir='ltr'><strong>hoc</strong></span> 
     </span>
    </p>
   </div>
   <div class='ocr_carea' id='block_1_79' title="bbox 2005 3293 3577 3368">
    <p class='ocr_par' dir='ltr' id='par_1_79' title="bbox 2005 3293 3577 3368">
     <span class='ocr_line' id='line_1_79' title="bbox 2005 3293 3577 3368; baseline -0.001 -18"><span class='ocrx_word' id='word_1_568' title='bbox 2005 3298 2151 3351; x_wconf 88' lang='lat' dir='ltr'><strong>enim</strong></span> <span class='ocrx_word' id='word_1_569' title='bbox 2193 3297 2315 3353; x_wconf 89' lang='lat' dir='ltr'><strong>loco</strong></span> <span class='ocrx_word' id='word_1_570' title='bbox 2343 3311 2538 3353; x_wconf 87' lang='lat' dir='ltr'><strong>omnes</strong></span> <span class='ocrx_word' id='word_1_571' title='bbox 2567 3296 2804 3368; x_wconf 84' lang='lat' dir='ltr'><strong>eclipses</strong></span> <span class='ocrx_word' id='word_1_572' title='bbox 2836 3296 2979 3351; x_wconf 71' lang='lat' dir='ltr'><strong>luna:</strong></span> <span class='ocrx_word' id='word_1_573' title='bbox 3015 3296 3283 3367; x_wconf 76' lang='lat' dir='ltr'><strong>contingit</strong></span> <span class='ocrx_word' id='word_1_574' title='bbox 3316 3295 3451 3351; x_wconf 89' lang='lat' dir='ltr'><strong>fieri.</strong></span> <span class='ocrx_word' id='word_1_575' title='bbox 3498 3293 3577 3349; x_wconf 79' lang='lat' dir='ltr'><strong>Ex</strong></span> 
     </span>
    </p>
   </div>
   <div class='ocr_carea' id='block_1_80' title="bbox 2006 3385 3577 3458">
    <p class='ocr_par' dir='ltr' id='par_1_80' title="bbox 2006 3385 3577 3458">
     <span class='ocr_line' id='line_1_80' title="bbox 2006 3385 3577 3458; baseline -0.001 -17"><span class='ocrx_word' id='word_1_576' title='bbox 2006 3387 2093 3443; x_wconf 81' lang='lat' dir='ltr'><strong>bis</strong></span> <span class='ocrx_word' id='word_1_577' title='bbox 2116 3387 2465 3443; x_wconf 88' lang='lat' dir='ltr'><strong>manifestum</strong></span> <span class='ocrx_word' id='word_1_578' title='bbox 2492 3399 2594 3454; x_wconf 87' lang='lat' dir='ltr'><strong>est,</strong></span> <span class='ocrx_word' id='word_1_579' title='bbox 2620 3386 2766 3458; x_wconf 88' lang='lat' dir='ltr'><strong>quod</strong></span> <span class='ocrx_word' id='word_1_580' title='bbox 2797 3388 2938 3442; x_wconf 64' lang='lat' dir='ltr'><strong>lunae</strong></span> <span class='ocrx_word' id='word_1_581' title='bbox 2965 3387 3195 3457; x_wconf 89' lang='lat' dir='ltr'><strong>eclipses</strong></span> <span class='ocrx_word' id='word_1_582' title='bbox 3216 3385 3349 3440; x_wconf 81' lang='lat' dir='ltr'><strong>ﬁant</strong></span> <span class='ocrx_word' id='word_1_583' title='bbox 3381 3400 3577 3441; x_wconf 87' lang='lat' dir='ltr'><strong>secun-</strong></span> 
     </span>
    </p>
   </div>
   <div class='ocr_carea' id='block_1_81' title="bbox 2005 3477 3577 3543">
    <p class='ocr_par' dir='ltr' id='par_1_81' title="bbox 2005 3477 3577 3543">
     <span class='ocr_line' id='line_1_81' title="bbox 2005 3477 3577 3543; baseline 0.001 -10"><span class='ocrx_word' id='word_1_584' title='bbox 2005 3480 2134 3534; x_wconf 90' lang='lat' dir='ltr'><strong>dum</strong></span> <span class='ocrx_word' id='word_1_585' title='bbox 2168 3478 2521 3536; x_wconf 90' lang='lat' dir='ltr'><strong>incidentiam</strong></span> <span class='ocrx_word' id='word_1_586' title='bbox 2567 3480 2622 3534; x_wconf 87' lang='lat' dir='ltr'><strong>in</strong></span> <span class='ocrx_word' id='word_1_587' title='bbox 2667 3481 2918 3534; x_wconf 87' lang='lat' dir='ltr'><strong>umbram</strong></span> <span class='ocrx_word' id='word_1_588' title='bbox 2966 3487 3163 3543; x_wconf 65' lang='lat' dir='ltr'><strong>terra);</strong></span> <span class='ocrx_word' id='word_1_589' title='bbox 3199 3493 3328 3533; x_wconf 89' lang='lat' dir='ltr'><strong>nam</strong></span> <span class='ocrx_word' id='word_1_590' title='bbox 3363 3477 3577 3534; x_wconf 83' lang='lat' dir='ltr'><strong>ratione</strong></span> 
     </span>
    </p>
   </div>
   <div class='ocr_carea' id='block_1_82' title="bbox 2005 3571 3578 3631">
    <p class='ocr_par' dir='ltr' id='par_1_82' title="bbox 2005 3571 3578 3631">
     <span class='ocr_line' id='line_1_82' title="bbox 2005 3571 3578 3631; baseline -0.003 -1"><span class='ocrx_word' id='word_1_591' title='bbox 2005 3573 2187 3630; x_wconf 87' lang='lat' dir='ltr'><strong>diurni</strong></span> <span class='ocrx_word' id='word_1_592' title='bbox 2217 3580 2400 3629; x_wconf 84' lang='lat' dir='ltr'><strong>motus</strong></span> <span class='ocrx_word' id='word_1_593' title='bbox 2424 3574 2564 3630; x_wconf 77' lang='lat' dir='ltr'><strong>luna:</strong></span> <span class='ocrx_word' id='word_1_594' title='bbox 2587 3573 2887 3631; x_wconf 90' lang='lat' dir='ltr'><strong>secundum</strong></span> <span class='ocrx_word' id='word_1_595' title='bbox 2918 3571 3259 3629; x_wconf 90' lang='lat' dir='ltr'><strong>latitudinem</strong></span> <span class='ocrx_word' id='word_1_596' title='bbox 3291 3572 3424 3626; x_wconf 85' lang='lat' dir='ltr'><strong>fiunt</strong></span> <span class='ocrx_word' id='word_1_597' title='bbox 3445 3585 3578 3626; x_wconf 90' lang='lat' dir='ltr'><strong>con-</strong></span> 
     </span>
    </p>
   </div>
   <div class='ocr_carea' id='block_1_83' title="bbox 2005 3662 3578 3737">
    <p class='ocr_par' dir='ltr' id='par_1_83' title="bbox 2005 3662 3578 3737">
     <span class='ocr_line' id='line_1_83' title="bbox 2005 3662 3578 3737; baseline -0.001 -18"><span class='ocrx_word' id='word_1_598' title='bbox 2005 3681 2155 3737; x_wconf 70' lang='lat' dir='ltr'><strong>grum</strong></span> <span class='ocrx_word' id='word_1_599' title='bbox 2202 3665 2490 3735; x_wconf 90' lang='lat' dir='ltr'><strong>eclipsium</strong></span> <span class='ocrx_word' id='word_1_600' title='bbox 2534 3666 2970 3736; x_wconf 81' lang='lat' dir='ltr'><strong>magnitudines,</strong></span> <span class='ocrx_word' id='word_1_601' title='bbox 3004 3672 3059 3720; x_wconf 93' lang='lat' dir='ltr'><strong>et</strong></span> <span class='ocrx_word' id='word_1_602' title='bbox 3104 3664 3162 3719; x_wconf 89' lang='lat' dir='ltr'><strong>in</strong></span> <span class='ocrx_word' id='word_1_603' title='bbox 3211 3663 3335 3719; x_wconf 89' lang='lat' dir='ltr'><strong>aliis</strong></span> <span class='ocrx_word' id='word_1_604' title='bbox 3384 3662 3578 3720; x_wconf 80' lang='lat' dir='ltr'><strong>diebus</strong></span> 
     </span>
    </p>
   </div>
   <div class='ocr_carea' id='block_1_84' title="bbox 2006 3756 3391 3830">
    <p class='ocr_par' dir='ltr' id='par_1_84' title="bbox 2006 3756 3391 3830">
     <span class='ocr_line' id='line_1_84' title="bbox 2006 3756 3391 3830; baseline 0 -18"><span class='ocrx_word' id='word_1_605' title='bbox 2006 3772 2115 3814; x_wconf 90' lang='lat' dir='ltr'><strong>non</strong></span> <span class='ocrx_word' id='word_1_606' title='bbox 2141 3756 2276 3813; x_wconf 85' lang='lat' dir='ltr'><strong>fiunt</strong></span> <span class='ocrx_word' id='word_1_607' title='bbox 2306 3758 2525 3814; x_wconf 89' lang='lat' dir='ltr'><strong>lunares</strong></span> <span class='ocrx_word' id='word_1_608' title='bbox 2557 3759 2811 3830; x_wconf 87' lang='lat' dir='ltr'><strong>eclipses,</strong></span> <span class='ocrx_word' id='word_1_609' title='bbox 2847 3759 2953 3815; x_wconf 87' lang='lat' dir='ltr'><strong>nisi</strong></span> <span class='ocrx_word' id='word_1_610' title='bbox 2980 3757 3036 3813; x_wconf 91' lang='lat' dir='ltr'><strong>in</strong></span> <span class='ocrx_word' id='word_1_611' title='bbox 3068 3758 3391 3829; x_wconf 87' lang='lat' dir='ltr'><strong>pleniluuio.</strong></span> 
     </span>
    </p>
   </div>
   <div class='ocr_carea' id='block_1_85' title="bbox 2628 4047 2961 4104">
    <p class='ocr_par' dir='ltr' id='par_1_85' title="bbox 2628 4047 2961 4104">
     <span class='ocr_line' id='line_1_85' title="bbox 2628 4047 2961 4104; baseline 0.003 -1"><span class='ocrx_word' id='word_1_612' title='bbox 2628 4047 2857 4103; x_wconf 80' lang='lat' dir='ltr'><strong>CAPUT</strong></span> <span class='ocrx_word' id='word_1_613' title='bbox 2894 4047 2961 4104; x_wconf 86' lang='grc' dir='ltr'>Χ.</span> 
     </span>
    </p>
   </div>
   <div class='ocr_carea' id='block_1_86' title="bbox 2044 4159 3537 4232">
    <p class='ocr_par' dir='ltr' id='par_1_86' title="bbox 2044 4159 3537 4232">
     <span class='ocr_line' id='line_1_86' title="bbox 2044 4159 3537 4232; baseline -0.001 -17"><span class='ocrx_word' id='word_1_614' title='bbox 2044 4160 2199 4228; x_wconf 80' lang='lat' dir='ltr'><strong>Quod</strong></span> <span class='ocrx_word' id='word_1_615' title='bbox 2229 4164 2559 4217; x_wconf 79' lang='lat' dir='ltr'><strong>contrarium</strong></span> <span class='ocrx_word' id='word_1_616' title='bbox 2594 4162 2787 4218; x_wconf 79' lang='lat' dir='ltr'><strong>mundo</strong></span> <span class='ocrx_word' id='word_1_617' title='bbox 2826 4172 3025 4218; x_wconf 65' lang='lat' dir='ltr'><strong>uratum</strong></span> <span class='ocrx_word' id='word_1_618' title='bbox 3058 4161 3281 4232; x_wconf 69' lang='lat' dir='ltr'><strong>planetae</strong></span> <span class='ocrx_word' id='word_1_619' title='bbox 3318 4159 3537 4229; x_wconf 70' lang='lat' dir='ltr'><strong>faciant.</strong></span> 
     </span>
    </p>
   </div>
   <div class='ocr_carea' id='block_1_87' title="bbox 2075 4342 3579 4409">
    <p class='ocr_par' dir='ltr' id='par_1_87' title="bbox 2075 4342 3579 4409">
     <span class='ocr_line' id='line_1_87' title="bbox 2075 4342 3579 4409; baseline -0.008 0"><span class='ocrx_word' id='word_1_620' title='bbox 2075 4353 2311 4409; x_wconf 84' lang='lat' dir='ltr'><strong>Mundus</strong></span> <span class='ocrx_word' id='word_1_621' title='bbox 2354 4357 2606 4404; x_wconf 80' lang='lat' dir='ltr'><strong>movetur</strong></span> <span class='ocrx_word' id='word_1_622' title='bbox 2639 4354 2791 4401; x_wconf 89' lang='lat' dir='ltr'><strong>motu</strong></span> <span class='ocrx_word' id='word_1_623' title='bbox 2822 4343 3084 4401; x_wconf 87' lang='lat' dir='ltr'><strong>circulari</strong></span> <span class='ocrx_word' id='word_1_624' title='bbox 3125 4343 3192 4397; x_wconf 85' lang='lat' dir='ltr'><strong>ab</strong></span> <span class='ocrx_word' id='word_1_625' title='bbox 3222 4350 3345 4398; x_wconf 91' lang='lat' dir='ltr'><strong>ortu</strong></span> <span class='ocrx_word' id='word_1_626' title='bbox 3387 4342 3455 4397; x_wconf 87' lang='lat' dir='ltr'><strong>ad</strong></span> <span class='ocrx_word' id='word_1_627' title='bbox 3486 4356 3579 4397; x_wconf 94' lang='lat' dir='ltr'><strong>oc-</strong></span> 
     </span>
    </p>
   </div>
   <div class='ocr_carea' id='block_1_88' title="bbox 332 4438 1904 4516">
    <p class='ocr_par' dir='ltr' id='par_1_88' title="bbox 332 4440 1901 4514">
     <span class='ocr_line' id='line_1_88' title="bbox 332 4440 1901 4514; baseline -0.001 -19"><span class='ocrx_word' id='word_1_628' title='bbox 332 4441 421 4496; x_wconf 74' lang='grc' dir='ltr'>ἐπὶ</span> <span class='ocrx_word' id='word_1_629' title='bbox 455 4441 625 4495; x_wconf 86' lang='grc' dir='ltr'>δύσιν.</span> <span class='ocrx_word' id='word_1_630' title='bbox 663 4442 817 4496; x_wconf 84' lang='grc' dir='ltr'>Ὅσοι</span> <span class='ocrx_word' id='word_1_631' title='bbox 860 4441 970 4514; x_wconf 85' lang='grc' dir='ltr'>γὰρ</span> <span class='ocrx_word' id='word_1_632' title='bbox 1008 4440 1074 4495; x_wconf 84' lang='grc' dir='ltr'>ἂν</span> <span class='ocrx_word' id='word_1_633' title='bbox 1108 4440 1215 4495; x_wconf 78' lang='grc' dir='ltr'><strong>τῶν</strong></span> <span class='ocrx_word' id='word_1_634' title='bbox 1245 4441 1486 4513; x_wconf 82' lang='grc' dir='ltr'>ἀστέρων</span> <span class='ocrx_word' id='word_1_635' title='bbox 1520 4441 1659 4513; x_wconf 90' lang='grc' dir='ltr'><strong>μετά</strong></span> <span class='ocrx_word' id='word_1_636' title='bbox 1683 4441 1781 4513; x_wconf 82' lang='grc' dir='ltr'>τὴν</span> <span class='ocrx_word' id='word_1_637' title='bbox 1806 4440 1901 4494; x_wconf 87' lang='lat'><strong>106</strong></span> 
     </span>
    </p>
   </div>
   <div class='ocr_carea' id='block_1_89' title="bbox 2006 4438 3579 4516">
    <p class='ocr_par' dir='ltr' id='par_1_89' title="bbox 2009 4438 3579 4516">
     <span class='ocr_line' id='line_1_89' title="bbox 2009 4438 3579 4516; baseline -0.009 -10"><span class='ocrx_word' id='word_1_638' title='bbox 2009 4466 2223 4506; x_wconf 91' lang='lat' dir='ltr'><strong>casum.</strong></span> <span class='ocrx_word' id='word_1_639' title='bbox 2253 4445 2389 4501; x_wconf 82' lang='lat' dir='ltr'><strong>Nam</strong></span> <span class='ocrx_word' id='word_1_640' title='bbox 2434 4458 2775 4516; x_wconf 59' lang='lat' dir='ltr'><strong>quaecunque</strong></span> <span class='ocrx_word' id='word_1_641' title='bbox 2804 4441 2976 4497; x_wconf 69' lang='lat' dir='ltr'><strong>Stellae</strong></span> <span class='ocrx_word' id='word_1_642' title='bbox 3008 4447 3130 4509; x_wconf 87' lang='lat' dir='ltr'><strong>post</strong></span> <span class='ocrx_word' id='word_1_643' title='bbox 3164 4438 3297 4494; x_wconf 86' lang='lat' dir='ltr'><strong>solis</strong></span> <span class='ocrx_word' id='word_1_644' title='bbox 3325 4451 3579 4493; x_wconf 85' lang='lat' dir='ltr'><strong>occasum</strong></span> 
     </span>
    </p>
   </div>
   <div class='ocr_carea' id='block_1_90' title="bbox 330 4533 1902 4607">
    <p class='ocr_par' dir='ltr' id='par_1_90' title="bbox 330 4533 1902 4607">
     <span class='ocr_line' id='line_1_90' title="bbox 330 4533 1902 4607; baseline -0.001 -19"><span class='ocrx_word' id='word_1_645' title='bbox 330 4535 481 4605; x_wconf 84' lang='grc' dir='ltr'>ἡλίου</span> <span class='ocrx_word' id='word_1_646' title='bbox 507 4534 657 4588; x_wconf 85' lang='grc' dir='ltr'>δύσιν</span> <span class='ocrx_word' id='word_1_647' title='bbox 692 4535 831 4607; x_wconf 80' lang='grc' dir='ltr'>πρὸς</span> <span class='ocrx_word' id='word_1_648' title='bbox 855 4537 922 4606; x_wconf 78' lang='grc' dir='ltr'>τῇ</span> <span class='ocrx_word' id='word_1_649' title='bbox 949 4534 1179 4605; x_wconf 82' lang='grc' dir='ltr'>ἀνατολῇ</span> <span class='ocrx_word' id='word_1_650' title='bbox 1210 4533 1548 4606; x_wconf 86' lang='grc' dir='ltr'>θεωρηθῶσι,</span> <span class='ocrx_word' id='word_1_651' title='bbox 1578 4533 1902 4606; x_wconf 89' lang='grc' dir='ltr'>προϐαινού-</span> 
     </span>
    </p>
   </div>
   <div class='ocr_carea' id='block_1_91' title="bbox 332 4623 1901 4699">
    <p class='ocr_par' dir='ltr' id='par_1_91' title="bbox 332 4623 1901 4699">
     <span class='ocr_line' id='line_1_91' title="bbox 332 4623 1901 4699; baseline -0.002 -18"><span class='ocrx_word' id='word_1_652' title='bbox 332 4644 429 4699; x_wconf 90' lang='grc' dir='ltr'><strong>σης</strong></span> <span class='ocrx_word' id='word_1_653' title='bbox 460 4627 560 4698; x_wconf 79' lang='grc' dir='ltr'>τῆς</span> <span class='ocrx_word' id='word_1_654' title='bbox 584 4628 797 4692; x_wconf 79' lang='grc' dir='ltr'>νυκτὸς,</span> <span class='ocrx_word' id='word_1_655' title='bbox 831 4623 1282 4698; x_wconf 63' lang='grc' dir='ltr'>μετεωριζόμενοι</span> <span class='ocrx_word' id='word_1_656' title='bbox 1313 4626 1509 4696; x_wconf 79' lang='grc' dir='ltr'>μᾶλλον</span> <span class='ocrx_word' id='word_1_657' title='bbox 1530 4626 1616 4678; x_wconf 80' lang='grc' dir='ltr'>ἀεὶ</span> <span class='ocrx_word' id='word_1_658' title='bbox 1644 4626 1737 4678; x_wconf 69' lang='grc' dir='ltr'>καὶ</span> <span class='ocrx_word' id='word_1_659' title='bbox 1764 4625 1901 4696; x_wconf 85' lang='grc' dir='ltr'>μᾶλ-</span> 
     </span>
    </p>
   </div>
   <div class='ocr_carea' id='block_1_92' title="bbox 329 4711 1903 4787">
    <p class='ocr_par' dir='ltr' id='par_1_92' title="bbox 329 4711 1903 4787">
     <span class='ocr_line' id='line_1_92' title="bbox 329 4711 1903 4787; baseline 0.002 -21"><span class='ocrx_word' id='word_1_660' title='bbox 329 4714 418 4767; x_wconf 92' lang='grc' dir='ltr'><strong>λον</strong></span> <span class='ocrx_word' id='word_1_661' title='bbox 454 4712 801 4787; x_wconf 55' lang='grc' dir='ltr'>θεωροῦντας</span> <span class='ocrx_word' id='word_1_662' title='bbox 843 4711 960 4769; x_wconf 81' lang='grc' dir='ltr'>εἶτα</span> <span class='ocrx_word' id='word_1_663' title='bbox 989 4714 1274 4785; x_wconf 80' lang='grc' dir='ltr'>βλέπονται</span> <span class='ocrx_word' id='word_1_664' title='bbox 1304 4714 1440 4787; x_wconf 76' lang='grc' dir='ltr'>πρὸς</span> <span class='ocrx_word' id='word_1_665' title='bbox 1470 4717 1537 4786; x_wconf 80' lang='grc' dir='ltr'><strong>τῇ</strong></span> <span class='ocrx_word' id='word_1_666' title='bbox 1572 4717 1903 4787; x_wconf 83' lang='grc' dir='ltr'>μεσουρανή-</span> 
     </span>
    </p>
   </div>
   <div class='ocr_carea' id='block_1_93' title="bbox 331 4806 1903 4881">
    <p class='ocr_par' dir='ltr' id='par_1_93' title="bbox 331 4806 1903 4881">
     <span class='ocr_line' id='line_1_93' title="bbox 331 4806 1903 4881; baseline 0.003 -21"><span class='ocrx_word' id='word_1_667' title='bbox 331 4825 429 4862; x_wconf 89' lang='grc' dir='ltr'>σει·</span> <span class='ocrx_word' id='word_1_668' title='bbox 452 4807 851 4880; x_wconf 84' lang='grc' dir='ltr'>προϐαινούσης</span> <span class='ocrx_word' id='word_1_669' title='bbox 879 4807 935 4861; x_wconf 75' lang='grc' dir='ltr'>δὲ</span> <span class='ocrx_word' id='word_1_670' title='bbox 959 4807 1061 4878; x_wconf 84' lang='grc' dir='ltr'>τῆς</span> <span class='ocrx_word' id='word_1_671' title='bbox 1092 4806 1305 4871; x_wconf 79' lang='grc' dir='ltr'>νυκτὸς,</span> <span class='ocrx_word' id='word_1_672' title='bbox 1331 4807 1743 4880; x_wconf 85' lang='grc' dir='ltr'>ἀποκλινόμενοι</span> <span class='ocrx_word' id='word_1_673' title='bbox 1768 4811 1903 4881; x_wconf 72' lang='grc' dir='ltr'>πρὸς</span> 
     </span>
    </p>
   </div>
   <div class='ocr_carea' id='block_1_94' title="bbox 326 4900 1902 4974">
    <p class='ocr_par' dir='ltr' id='par_1_94' title="bbox 326 4900 1902 4974">
     <span class='ocr_line' id='line_1_94' title="bbox 326 4900 1902 4974; baseline 0.002 -21"><span class='ocrx_word' id='word_1_674' title='bbox 326 4901 425 4974; x_wconf 80' lang='grc' dir='ltr'>τὴν</span> <span class='ocrx_word' id='word_1_675' title='bbox 465 4900 616 4955; x_wconf 84' lang='grc' dir='ltr'>δύσιν</span> <span class='ocrx_word' id='word_1_676' title='bbox 656 4902 706 4955; x_wconf 90' lang='grc' dir='ltr'><strong>οί</strong></span> <span class='ocrx_word' id='word_1_677' title='bbox 748 4901 900 4954; x_wconf 73' lang='grc' dir='ltr'>αὐτοὶ</span> <span class='ocrx_word' id='word_1_678' title='bbox 930 4901 1155 4971; x_wconf 80' lang='grc' dir='ltr'>ἀστέρες</span> <span class='ocrx_word' id='word_1_679' title='bbox 1190 4900 1540 4973; x_wconf 75' lang='grc' dir='ltr'>θεωροῦνται·</span> <span class='ocrx_word' id='word_1_680' title='bbox 1593 4903 1687 4956; x_wconf 81' lang='grc' dir='ltr'>καὶ</span> <span class='ocrx_word' id='word_1_681' title='bbox 1729 4903 1902 4974; x_wconf 81' lang='grc' dir='ltr'>πέρας</span> 
     </span>
    </p>
   </div>
   <div class='ocr_carea' id='block_1_95' title="bbox 326 4992 1902 5067">
    <p class='ocr_par' dir='ltr' id='par_1_95' title="bbox 326 4992 1902 5067">
     <span class='ocr_line' id='line_1_95' title="bbox 326 4992 1902 5067; baseline -0.001 -19"><span class='ocrx_word' id='word_1_682' title='bbox 326 4995 573 5058; x_wconf 83' lang='grc' dir='ltr'>δύνοντες</span> <span class='ocrx_word' id='word_1_683' title='bbox 610 4993 864 5066; x_wconf 76' lang='grc' dir='ltr'>ὁρῶνταιο</span> <span class='ocrx_word' id='word_1_684' title='bbox 912 4994 1006 5047; x_wconf 75' lang='grc' dir='ltr'>καὶ</span> <span class='ocrx_word' id='word_1_685' title='bbox 1049 4994 1206 5047; x_wconf 79' lang='grc' dir='ltr'>τοῦτο</span> <span class='ocrx_word' id='word_1_686' title='bbox 1250 4992 1644 5066; x_wconf 51' lang='grc' dir='ltr'>καθ’)κάστην</span> <span class='ocrx_word' id='word_1_687' title='bbox 1690 4995 1902 5067; x_wconf 82' lang='grc' dir='ltr'>ἡμέραν</span> 
     </span>
    </p>
   </div>
   <div class='ocr_carea' id='block_1_96' title="bbox 328 5086 1902 5159">
    <p class='ocr_par' dir='ltr' id='par_1_96' title="bbox 328 5086 1902 5159">
     <span class='ocr_line' id='line_1_96' title="bbox 328 5086 1902 5159; baseline -0.001 -17"><span class='ocrx_word' id='word_1_688' title='bbox 328 5088 418 5142; x_wconf 73' lang='grc' dir='ltr'>ἐπὶ</span> <span class='ocrx_word' id='word_1_689' title='bbox 443 5087 662 5141; x_wconf 87' lang='grc' dir='ltr'>πάντων</span> <span class='ocrx_word' id='word_1_690' title='bbox 694 5086 936 5158; x_wconf 86' lang='grc' dir='ltr'>ἀστέρων</span> <span class='ocrx_word' id='word_1_691' title='bbox 958 5086 1187 5155; x_wconf 85' lang='grc' dir='ltr'>γίνεται.</span> <span class='ocrx_word' id='word_1_692' title='bbox 1215 5086 1377 5139; x_wconf 81' lang='grc' dir='ltr'>Ὥστε</span> <span class='ocrx_word' id='word_1_693' title='bbox 1407 5086 1658 5159; x_wconf 74' lang='grc' dir='ltr'>φανερὸν,</span> <span class='ocrx_word' id='word_1_694' title='bbox 1681 5088 1762 5141; x_wconf 86' lang='grc' dir='ltr'>ὅτι</span> <span class='ocrx_word' id='word_1_695' title='bbox 1782 5087 1902 5151; x_wconf 85' lang='grc' dir='ltr'>ὅλος</span> 
     </span>
    </p>
   </div>
   <div class='ocr_carea' id='block_1_97' title="bbox 325 5176 1901 5250">
    <p class='ocr_par' dir='ltr' id='par_1_97' title="bbox 325 5176 1901 5250">
     <span class='ocr_line' id='line_1_97' title="bbox 325 5176 1901 5250; baseline -0.001 -17"><span class='ocrx_word' id='word_1_696' title='bbox 325 5183 352 5233; x_wconf 83' lang='grc' dir='ltr'><strong>ό</strong></span> <span class='ocrx_word' id='word_1_697' title='bbox 384 5179 592 5250; x_wconf 83' lang='grc' dir='ltr'>κόσμος</span> <span class='ocrx_word' id='word_1_698' title='bbox 625 5178 761 5231; x_wconf 80' lang='grc' dir='ltr'>πᾶσι</span> <span class='ocrx_word' id='word_1_699' title='bbox 798 5181 910 5241; x_wconf 81' lang='grc' dir='ltr'>τοῖς</span> <span class='ocrx_word' id='word_1_700' title='bbox 952 5177 1036 5246; x_wconf 78' lang='grc' dir='ltr'>ἐφ’</span> <span class='ocrx_word' id='word_1_701' title='bbox 1077 5176 1267 5230; x_wconf 75' lang='grc' dir='ltr'>ἑαυτοῦ</span> <span class='ocrx_word' id='word_1_702' title='bbox 1313 5176 1503 5249; x_wconf 85' lang='grc' dir='ltr'>μέρεσι</span> <span class='ocrx_word' id='word_1_703' title='bbox 1544 5181 1774 5231; x_wconf 85' lang='grc' dir='ltr'>κινεῖται</span> <span class='ocrx_word' id='word_1_704' title='bbox 1806 5181 1901 5232; x_wconf 68' lang='grc' dir='ltr'>καὶ</span> 
     </span>
    </p>
   </div>
   <div class='ocr_carea' id='block_1_98' title="bbox 325 5260 1900 5340">
    <p class='ocr_par' dir='ltr' id='par_1_98' title="bbox 325 5260 1900 5340">
     <span class='ocr_line' id='line_1_98' title="bbox 325 5260 1900 5340; baseline -0.001 -16"><span class='ocrx_word' id='word_1_705' title='bbox 325 5273 418 5324; x_wconf 83' lang='grc' dir='ltr'><strong>ἀπ’</strong></span> <span class='ocrx_word' id='word_1_706' title='bbox 450 5270 713 5340; x_wconf 82' lang='grc' dir='ltr'>ἀνατολῆς</span> <span class='ocrx_word' id='word_1_707' title='bbox 744 5271 836 5323; x_wconf 78' lang='grc' dir='ltr'>ἐπὶ</span> <span class='ocrx_word' id='word_1_708' title='bbox 876 5260 1045 5323; x_wconf 85' lang='grc' dir='ltr'>δύσιν.</span> <span class='ocrx_word' id='word_1_709' title='bbox 1085 5270 1207 5322; x_wconf 85' lang='grc' dir='ltr'>Ὅτι</span> <span class='ocrx_word' id='word_1_710' title='bbox 1248 5269 1303 5323; x_wconf 82' lang='grc' dir='ltr'>δὲ</span> <span class='ocrx_word' id='word_1_711' title='bbox 1342 5268 1628 5339; x_wconf 79' lang='grc' dir='ltr'>ἐγκύκλιον</span> <span class='ocrx_word' id='word_1_712' title='bbox 1667 5274 1900 5323; x_wconf 84' lang='grc' dir='ltr'>ποιεῖται</span> 
     </span>
    </p>
   </div>
   <div class='ocr_carea' id='block_1_99' title="bbox 323 5362 1901 5435">
    <p class='ocr_par' dir='ltr' id='par_1_99' title="bbox 323 5362 1901 5435">
     <span class='ocr_line' id='line_1_99' title="bbox 323 5362 1901 5435; baseline 0.003 -22"><span class='ocrx_word' id='word_1_713' title='bbox 323 5364 420 5432; x_wconf 70' lang='grc' dir='ltr'>τὴν</span> <span class='ocrx_word' id='word_1_714' title='bbox 454 5362 761 5434; x_wconf 66' lang='grc' dir='ltr'>προφορὰν,</span> <span class='ocrx_word' id='word_1_715' title='bbox 793 5362 1057 5433; x_wconf 85' lang='grc' dir='ltr'>πρόδηλον</span> <span class='ocrx_word' id='word_1_716' title='bbox 1084 5363 1148 5414; x_wconf 86' lang='grc' dir='ltr'><strong>ἐκ</strong></span> <span class='ocrx_word' id='word_1_717' title='bbox 1172 5362 1266 5414; x_wconf 82' lang='grc' dir='ltr'><strong>τοῦ</strong></span> <span class='ocrx_word' id='word_1_718' title='bbox 1291 5363 1499 5426; x_wconf 87' lang='grc' dir='ltr'>πάντας</span> <span class='ocrx_word' id='word_1_719' title='bbox 1519 5363 1644 5428; x_wconf 81' lang='grc' dir='ltr'>τοὺς</span> <span class='ocrx_word' id='word_1_720' title='bbox 1667 5364 1901 5435; x_wconf 85' lang='grc' dir='ltr'>ἀστέρας</span> 
     </span>
    </p>
   </div>
   <div class='ocr_carea' id='block_1_100' title="bbox 325 5452 1901 5520">
    <p class='ocr_par' dir='ltr' id='par_1_100' title="bbox 325 5452 1901 5520">
     <span class='ocr_line' id='line_1_100' title="bbox 325 5452 1901 5520; baseline 0.002 -14"><span class='ocrx_word' id='word_1_721' title='bbox 325 5456 387 5507; x_wconf 79' lang='grc' dir='ltr'><strong>ἐκ</strong></span> <span class='ocrx_word' id='word_1_722' title='bbox 418 5455 511 5509; x_wconf 88' lang='lat'><strong>106</strong></span> <span class='ocrx_word' id='word_1_723' title='bbox 539 5454 704 5508; x_wconf 77' lang='grc' dir='ltr'>αὐτοῦ</span> <span class='ocrx_word' id='word_1_724' title='bbox 732 5454 898 5508; x_wconf 89' lang='grc' dir='ltr'>τόπου</span> <span class='ocrx_word' id='word_1_725' title='bbox 921 5452 1250 5518; x_wconf 84' lang='grc' dir='ltr'>ἀνατέλλειν,</span> <span class='ocrx_word' id='word_1_726' title='bbox 1286 5456 1379 5509; x_wconf 82' lang='grc' dir='ltr'>καὶ</span> <span class='ocrx_word' id='word_1_727' title='bbox 1406 5457 1487 5520; x_wconf 90' lang='grc' dir='ltr'><strong>εἰς</strong></span> <span class='ocrx_word' id='word_1_728' title='bbox 1516 5456 1608 5510; x_wconf 87' lang='grc' dir='ltr'>τὸν</span> <span class='ocrx_word' id='word_1_729' title='bbox 1633 5457 1793 5509; x_wconf 74' lang='grc' dir='ltr'>αὑτὸν</span> <span class='ocrx_word' id='word_1_730' title='bbox 1815 5458 1901 5509; x_wconf 88' lang='grc' dir='ltr'>τό-</span> 
     </span>
    </p>
   </div>
   <div class='ocr_carea' id='block_1_101' title="bbox 326 5547 1899 5622">
    <p class='ocr_par' dir='ltr' id='par_1_101' title="bbox 326 5547 1899 5622">
     <span class='ocr_line' id='line_1_101' title="bbox 326 5547 1899 5622; baseline 0.003 -23"><span class='ocrx_word' id='word_1_731' title='bbox 326 5563 425 5600; x_wconf 87' lang='grc' dir='ltr'><strong>πον</strong></span> <span class='ocrx_word' id='word_1_732' title='bbox 457 5547 653 5601; x_wconf 77' lang='grc' dir='ltr'>δύνειν·</span> <span class='ocrx_word' id='word_1_733' title='bbox 709 5547 789 5600; x_wconf 70' lang='grc' dir='ltr'><strong>έτι</strong></span> <span class='ocrx_word' id='word_1_734' title='bbox 834 5547 925 5601; x_wconf 73' lang='grc' dir='ltr'>καὶ</span> <span class='ocrx_word' id='word_1_735' title='bbox 969 5547 1057 5601; x_wconf 83' lang='grc' dir='ltr'><strong>διά</strong></span> <span class='ocrx_word' id='word_1_736' title='bbox 1086 5547 1193 5601; x_wconf 78' lang='grc' dir='ltr'>τῶν</span> <span class='ocrx_word' id='word_1_737' title='bbox 1234 5547 1501 5621; x_wconf 85' lang='grc' dir='ltr'>διόπτρων</span> <span class='ocrx_word' id='word_1_738' title='bbox 1535 5547 1899 5622; x_wconf 76' lang='grc' dir='ltr'>θεωρούμενοι</span> 
     </span>
    </p>
   </div>
   <div class='ocr_carea' id='block_1_102' title="bbox 327 5638 1898 5714">
    <p class='ocr_par' dir='ltr' id='par_1_102' title="bbox 327 5638 1898 5714">
     <span class='ocr_line' id='line_1_102' title="bbox 327 5638 1898 5714; baseline 0.009 -30"><span class='ocrx_word' id='word_1_739' title='bbox 327 5639 527 5701; x_wconf 69' lang='grc' dir='ltr'>πάντες</span> <span class='ocrx_word' id='word_1_740' title='bbox 569 5639 621 5690; x_wconf 87' lang='grc' dir='ltr'>οἱ</span> <span class='ocrx_word' id='word_1_741' title='bbox 670 5638 896 5709; x_wconf 83' lang='grc' dir='ltr'>ἀστέρες</span> <span class='ocrx_word' id='word_1_742' title='bbox 948 5639 1223 5708; x_wconf 74' lang='grc' dir='ltr'>φαίνονται</span> <span class='ocrx_word' id='word_1_743' title='bbox 1269 5638 1557 5708; x_wconf 78' lang='grc' dir='ltr'>ἐγκύκλιον</span> <span class='ocrx_word' id='word_1_744' title='bbox 1588 5641 1898 5714; x_wconf 83' lang='grc' dir='ltr'>ποιούμενοι</span> 
     </span>
    </p>
   </div>
   <div class='ocr_carea' id='block_1_103' title="bbox 329 5733 1687 5808">
    <p class='ocr_par' dir='ltr' id='par_1_103' title="bbox 329 5733 1687 5808">
     <span class='ocr_line' id='line_1_103' title="bbox 329 5733 1687 5808; baseline 0.003 -23"><span class='ocrx_word' id='word_1_745' title='bbox 329 5734 423 5804; x_wconf 67' lang='grc' dir='ltr'>τὴν</span> <span class='ocrx_word' id='word_1_746' title='bbox 459 5734 668 5807; x_wconf 83' lang='grc' dir='ltr'>κίνησιν</span> <span class='ocrx_word' id='word_1_747' title='bbox 701 5734 793 5806; x_wconf 79' lang='grc' dir='ltr'><strong>ὅλῃ</strong></span> <span class='ocrx_word' id='word_1_748' title='bbox 830 5736 893 5805; x_wconf 81' lang='grc' dir='ltr'>τῇ</span> <span class='ocrx_word' id='word_1_749' title='bbox 923 5736 1237 5807; x_wconf 76' lang='grc' dir='ltr'>περιαγωγῇ</span> <span class='ocrx_word' id='word_1_750' title='bbox 1266 5733 1373 5789; x_wconf 79' lang='grc' dir='ltr'>τῶν</span> <span class='ocrx_word' id='word_1_751' title='bbox 1401 5735 1687 5808; x_wconf 78' lang='grc' dir='ltr'>διόπτρων.</span> 
     </span>
    </p>
   </div>
   <div class='ocr_carea' id='block_1_104' title="bbox 2010 4530 3576 4606">
    <p class='ocr_par' dir='ltr' id='par_1_104' title="bbox 2010 4530 3576 4606">
     <span class='ocr_line' id='line_1_104' title="bbox 2010 4530 3576 4606; baseline -0.01 -9"><span class='ocrx_word' id='word_1_752' title='bbox 2010 4541 2078 4597; x_wconf 90' lang='lat' dir='ltr'><strong>ad</strong></span> <span class='ocrx_word' id='word_1_753' title='bbox 2123 4548 2305 4596; x_wconf 85' lang='lat' dir='ltr'><strong>ortum</strong></span> <span class='ocrx_word' id='word_1_754' title='bbox 2348 4535 2795 4606; x_wconf 78' lang='lat' dir='ltr'><strong>conspiciuntur,</strong></span> <span class='ocrx_word' id='word_1_755' title='bbox 2859 4532 2942 4587; x_wconf 78' lang='lat' dir='ltr'><strong>lue</strong></span> <span class='ocrx_word' id='word_1_756' title='bbox 3004 4530 3334 4601; x_wconf 89' lang='lat' dir='ltr'><strong>procedente</strong></span> <span class='ocrx_word' id='word_1_757' title='bbox 3386 4535 3576 4595; x_wconf 88' lang='lat' dir='ltr'><strong>nocte,</strong></span> 
     </span>
    </p>
   </div>
   <div class='ocr_carea' id='block_1_105' title="bbox 2011 4618 3583 4701">
    <p class='ocr_par' dir='ltr' id='par_1_105' title="bbox 2011 4618 3583 4701">
     <span class='ocr_line' id='line_1_105' title="bbox 2011 4618 3583 4701; baseline -0.006 -15"><span class='ocrx_word' id='word_1_758' title='bbox 2011 4631 2184 4701; x_wconf 80' lang='lat' dir='ltr'><strong>magis</strong></span> <span class='ocrx_word' id='word_1_759' title='bbox 2214 4627 2494 4698; x_wconf 80' lang='lat' dir='ltr'><strong>magisque</strong></span> <span class='ocrx_word' id='word_1_760' title='bbox 2528 4640 2744 4695; x_wconf 90' lang='lat' dir='ltr'><strong>semper</strong></span> <span class='ocrx_word' id='word_1_761' title='bbox 2769 4622 2971 4678; x_wconf 83' lang='lat' dir='ltr'><strong>elevari</strong></span> <span class='ocrx_word' id='word_1_762' title='bbox 2998 4629 3354 4690; x_wconf 85' lang='lat' dir='ltr'><strong>spectantur;</strong></span> <span class='ocrx_word' id='word_1_763' title='bbox 3386 4618 3583 4676; x_wconf 83' lang='lat' dir='ltr'><strong>deinde</strong></span> 
     </span>
    </p>
   </div>
   <div class='ocr_carea' id='block_1_106' title="bbox 2011 4714 3577 4785">
    <p class='ocr_par' dir='ltr' id='par_1_106' title="bbox 2011 4714 3577 4785">
     <span class='ocr_line' id='line_1_106' title="bbox 2011 4714 3577 4785; baseline -0.004 -11"><span class='ocrx_word' id='word_1_764' title='bbox 2011 4721 2266 4776; x_wconf 79' lang='lat' dir='ltr'><strong>videntur</strong></span> <span class='ocrx_word' id='word_1_765' title='bbox 2296 4722 2348 4774; x_wconf 91' lang='lat' dir='ltr'><strong>in</strong></span> <span class='ocrx_word' id='word_1_766' title='bbox 2383 4718 2564 4775; x_wconf 87' lang='lat' dir='ltr'><strong>medio</strong></span> <span class='ocrx_word' id='word_1_767' title='bbox 2589 4718 2735 4772; x_wconf 69' lang='lat' dir='ltr'><strong>cceli.</strong></span> <span class='ocrx_word' id='word_1_768' title='bbox 2767 4714 3156 4785; x_wconf 79' lang='lat' dir='ltr'><strong>Progrediente</strong></span> <span class='ocrx_word' id='word_1_769' title='bbox 3186 4722 3365 4767; x_wconf 88' lang='lat' dir='ltr'><strong>autem</strong></span> <span class='ocrx_word' id='word_1_770' title='bbox 3395 4723 3577 4778; x_wconf 81' lang='lat' dir='ltr'><strong>nocte,</strong></span> 
     </span>
    </p>
   </div>
   <div class='ocr_carea' id='block_1_107' title="bbox 2009 4806 3583 4871">
    <p class='ocr_par' dir='ltr' id='par_1_107' title="bbox 2009 4806 3583 4871">
     <span class='ocr_line' id='line_1_107' title="bbox 2009 4806 3583 4871; baseline -0.005 -3"><span class='ocrx_word' id='word_1_771' title='bbox 2009 4812 2286 4869; x_wconf 81' lang='lat' dir='ltr'><strong>declinare</strong></span> <span class='ocrx_word' id='word_1_772' title='bbox 2340 4812 2405 4865; x_wconf 90' lang='lat' dir='ltr'><strong>ad</strong></span> <span class='ocrx_word' id='word_1_773' title='bbox 2462 4825 2722 4865; x_wconf 88' lang='lat' dir='ltr'><strong>occasum</strong></span> <span class='ocrx_word' id='word_1_774' title='bbox 2769 4808 2971 4864; x_wconf 45' lang='lat' dir='ltr'><strong>eaedem</strong></span> <span class='ocrx_word' id='word_1_775' title='bbox 3016 4806 3187 4861; x_wconf 74' lang='lat' dir='ltr'><strong>stellae</strong></span> <span class='ocrx_word' id='word_1_776' title='bbox 3219 4806 3491 4871; x_wconf 82' lang='lat' dir='ltr'><strong>videntur,</strong></span> <span class='ocrx_word' id='word_1_777' title='bbox 3527 4813 3583 4861; x_wconf 89' lang='lat' dir='ltr'><strong>ct</strong></span> 
     </span>
    </p>
   </div>
   <div class='ocr_carea' id='block_1_108' title="bbox 2010 4897 3581 4971">
    <p class='ocr_par' dir='ltr' id='par_1_108' title="bbox 2010 4897 3581 4971">
     <span class='ocr_line' id='line_1_108' title="bbox 2010 4897 3581 4971; baseline -0.004 -14"><span class='ocrx_word' id='word_1_778' title='bbox 2010 4904 2228 4959; x_wconf 84' lang='lat' dir='ltr'><strong>tandem</strong></span> <span class='ocrx_word' id='word_1_779' title='bbox 2255 4902 2505 4957; x_wconf 86' lang='lat' dir='ltr'><strong>occidere</strong></span> <span class='ocrx_word' id='word_1_780' title='bbox 2548 4908 2882 4971; x_wconf 85' lang='lat' dir='ltr'><strong>spectantur.</strong></span> <span class='ocrx_word' id='word_1_781' title='bbox 2916 4898 3093 4969; x_wconf 81' lang='lat' dir='ltr'><strong>Atque</strong></span> <span class='ocrx_word' id='word_1_782' title='bbox 3120 4897 3223 4952; x_wconf 92' lang='lat' dir='ltr'><strong>hoc</strong></span> <span class='ocrx_word' id='word_1_783' title='bbox 3248 4897 3494 4968; x_wconf 89' lang='lat' dir='ltr'><strong>quotidie</strong></span> <span class='ocrx_word' id='word_1_784' title='bbox 3527 4899 3581 4951; x_wconf 91' lang='lat' dir='ltr'><strong>in</strong></span> 
     </span>
    </p>
   </div>
   <div class='ocr_carea' id='block_1_109' title="bbox 2010 4990 3579 5064">
    <p class='ocr_par' dir='ltr' id='par_1_109' title="bbox 2010 4990 3579 5064">
     <span class='ocr_line' id='line_1_109' title="bbox 2010 4990 3579 5064; baseline -0.008 -9"><span class='ocrx_word' id='word_1_785' title='bbox 2010 4999 2267 5055; x_wconf 88' lang='lat' dir='ltr'><strong>omnibus</strong></span> <span class='ocrx_word' id='word_1_786' title='bbox 2310 4998 2368 5051; x_wconf 85' lang='lat' dir='ltr'><strong>fit</strong></span> <span class='ocrx_word' id='word_1_787' title='bbox 2414 4995 2608 5052; x_wconf 89' lang='lat' dir='ltr'><strong>stellis.</strong></span> <span class='ocrx_word' id='word_1_788' title='bbox 2661 4994 2848 5064; x_wconf 88' lang='lat' dir='ltr'><strong>Itaque</strong></span> <span class='ocrx_word' id='word_1_789' title='bbox 2890 4990 3242 5048; x_wconf 88' lang='lat' dir='ltr'><strong>manifestum</strong></span> <span class='ocrx_word' id='word_1_790' title='bbox 3283 4997 3388 5054; x_wconf 90' lang='lat' dir='ltr'><strong>est,</strong></span> <span class='ocrx_word' id='word_1_791' title='bbox 3434 4990 3579 5060; x_wconf 89' lang='lat' dir='ltr'><strong>quod</strong></span> 
     </span>
    </p>
   </div>
   <div class='ocr_carea' id='block_1_110' title="bbox 2010 5082 3583 5154">
    <p class='ocr_par' dir='ltr' id='par_1_110' title="bbox 2010 5082 3583 5154">
     <span class='ocr_line' id='line_1_110' title="bbox 2010 5082 3583 5154; baseline -0.008 -8"><span class='ocrx_word' id='word_1_792' title='bbox 2010 5098 2158 5146; x_wconf 90' lang='lat' dir='ltr'><strong>totus</strong></span> <span class='ocrx_word' id='word_1_793' title='bbox 2192 5089 2429 5143; x_wconf 89' lang='lat' dir='ltr'><strong>mundus</strong></span> <span class='ocrx_word' id='word_1_794' title='bbox 2470 5104 2592 5143; x_wconf 88' lang='lat' dir='ltr'><strong>cum</strong></span> <span class='ocrx_word' id='word_1_795' title='bbox 2631 5086 2887 5141; x_wconf 89' lang='lat' dir='ltr'><strong>omnibus</strong></span> <span class='ocrx_word' id='word_1_796' title='bbox 2929 5085 3046 5141; x_wconf 87' lang='lat' dir='ltr'><strong>suis</strong></span> <span class='ocrx_word' id='word_1_797' title='bbox 3081 5082 3330 5154; x_wconf 88' lang='lat' dir='ltr'><strong>partibus</strong></span> <span class='ocrx_word' id='word_1_798' title='bbox 3363 5096 3583 5136; x_wconf 84' lang='lat' dir='ltr'><strong>movea-</strong></span> 
     </span>
    </p>
   </div>
   <div class='ocr_carea' id='block_1_111' title="bbox 2010 5173 3583 5251">
    <p class='ocr_par' dir='ltr' id='par_1_111' title="bbox 2010 5173 3583 5251">
     <span class='ocr_line' id='line_1_111' title="bbox 2010 5173 3583 5251; baseline -0.006 -15"><span class='ocrx_word' id='word_1_799' title='bbox 2010 5192 2118 5244; x_wconf 86' lang='lat' dir='ltr'><strong>tur,</strong></span> <span class='ocrx_word' id='word_1_800' title='bbox 2146 5191 2200 5236; x_wconf 90' lang='lat' dir='ltr'><strong>et</strong></span> <span class='ocrx_word' id='word_1_801' title='bbox 2227 5181 2442 5251; x_wconf 85' lang='lat' dir='ltr'><strong>quidem</strong></span> <span class='ocrx_word' id='word_1_802' title='bbox 2480 5180 2550 5234; x_wconf 88' lang='lat' dir='ltr'><strong>ab</strong></span> <span class='ocrx_word' id='word_1_803' title='bbox 2581 5187 2703 5233; x_wconf 90' lang='lat' dir='ltr'><strong>ortu</strong></span> <span class='ocrx_word' id='word_1_804' title='bbox 2734 5192 2927 5233; x_wconf 77' lang='lat' dir='ltr'><strong>versus</strong></span> <span class='ocrx_word' id='word_1_805' title='bbox 2956 5191 3237 5231; x_wconf 81' lang='lat' dir='ltr'><strong>occasum.</strong></span> <span class='ocrx_word' id='word_1_806' title='bbox 3266 5173 3423 5242; x_wconf 88' lang='lat' dir='ltr'><strong>Quod</strong></span> <span class='ocrx_word' id='word_1_807' title='bbox 3453 5187 3583 5229; x_wconf 83' lang='lat' dir='ltr'><strong>vero</strong></span> 
     </span>
    </p>
   </div>
   <div class='ocr_carea' id='block_1_112' title="bbox 2009 5265 3577 5334">
    <p class='ocr_par' dir='ltr' id='par_1_112' title="bbox 2009 5265 3577 5334">
     <span class='ocr_line' id='line_1_112' title="bbox 2009 5265 3577 5334; baseline -0.006 -7"><span class='ocrx_word' id='word_1_808' title='bbox 2009 5274 2334 5328; x_wconf 87' lang='lat' dir='ltr'><strong>circularem</strong></span> <span class='ocrx_word' id='word_1_809' title='bbox 2390 5270 2556 5324; x_wconf 88' lang='lat' dir='ltr'><strong>faciat</strong></span> <span class='ocrx_word' id='word_1_810' title='bbox 2601 5277 2835 5328; x_wconf 89' lang='lat' dir='ltr'><strong>motum,</strong></span> <span class='ocrx_word' id='word_1_811' title='bbox 2866 5282 2933 5322; x_wconf 74' lang='lat' dir='ltr'><strong>ex</strong></span> <span class='ocrx_word' id='word_1_812' title='bbox 2980 5282 3046 5320; x_wconf 87' lang='lat' dir='ltr'><strong>eo</strong></span> <span class='ocrx_word' id='word_1_813' title='bbox 3078 5265 3429 5334; x_wconf 75' lang='lat' dir='ltr'><strong>manifestum</strong></span> <span class='ocrx_word' id='word_1_814' title='bbox 3468 5269 3577 5326; x_wconf 86' lang='lat' dir='ltr'><strong>est,</strong></span> 
     </span>
    </p>
   </div>
   <div class='ocr_carea' id='block_1_113' title="bbox 2009 5356 3583 5436">
    <p class='ocr_par' dir='ltr' id='par_1_113' title="bbox 2009 5356 3583 5436">
     <span class='ocr_line' id='line_1_113' title="bbox 2009 5356 3583 5436; baseline -0.006 -16"><span class='ocrx_word' id='word_1_815' title='bbox 2009 5366 2157 5436; x_wconf 90' lang='lat' dir='ltr'><strong>quod</strong></span> <span class='ocrx_word' id='word_1_816' title='bbox 2200 5381 2390 5420; x_wconf 87' lang='lat' dir='ltr'><strong>omnes</strong></span> <span class='ocrx_word' id='word_1_817' title='bbox 2441 5362 2612 5417; x_wconf 75' lang='lat' dir='ltr'><strong>stella:</strong></span> <span class='ocrx_word' id='word_1_818' title='bbox 2642 5377 2707 5415; x_wconf 79' lang='lat' dir='ltr'><strong>ex</strong></span> <span class='ocrx_word' id='word_1_819' title='bbox 2738 5359 2927 5414; x_wconf 81' lang='lat' dir='ltr'><strong>eodem</strong></span> <span class='ocrx_word' id='word_1_820' title='bbox 2964 5357 3084 5412; x_wconf 80' lang='lat' dir='ltr'><strong>loco</strong></span> <span class='ocrx_word' id='word_1_821' title='bbox 3120 5358 3391 5421; x_wconf 88' lang='lat' dir='ltr'><strong>oriantur,</strong></span> <span class='ocrx_word' id='word_1_822' title='bbox 3426 5364 3481 5412; x_wconf 92' lang='lat' dir='ltr'><strong>et</strong></span> <span class='ocrx_word' id='word_1_823' title='bbox 3524 5356 3583 5411; x_wconf 82' lang='lat' dir='ltr'><strong>in</strong></span> 
     </span>
    </p>
   </div>
   <div class='ocr_carea' id='block_1_114' title="bbox 2010 5449 3585 5519">
    <p class='ocr_par' dir='ltr' id='par_1_114' title="bbox 2010 5449 3585 5519">
     <span class='ocr_line' id='line_1_114' title="bbox 2010 5449 3585 5519; baseline -0.006 -6"><span class='ocrx_word' id='word_1_824' title='bbox 2010 5455 2260 5513; x_wconf 90' lang='lat' dir='ltr'><strong>eumdem</strong></span> <span class='ocrx_word' id='word_1_825' title='bbox 2327 5455 2502 5509; x_wconf 87' lang='lat' dir='ltr'><strong>locum</strong></span> <span class='ocrx_word' id='word_1_826' title='bbox 2575 5451 2877 5517; x_wconf 80' lang='lat' dir='ltr'><strong>occidant;</strong></span> <span class='ocrx_word' id='word_1_827' title='bbox 2936 5456 3197 5519; x_wconf 57' lang='lat' dir='ltr'><strong>praeterea</strong></span> <span class='ocrx_word' id='word_1_828' title='bbox 3266 5449 3429 5503; x_wconf 88' lang='lat' dir='ltr'><strong>etiam</strong></span> <span class='ocrx_word' id='word_1_829' title='bbox 3484 5462 3585 5517; x_wconf 84' lang='lat' dir='ltr'><strong>per</strong></span> 
     </span>
    </p>
   </div>
   <div class='ocr_carea' id='block_1_115' title="bbox 2009 5538 3565 5621">
    <p class='ocr_par' dir='ltr' id='par_1_115' title="bbox 2009 5538 3565 5621">
     <span class='ocr_line' id='line_1_115' title="bbox 2009 5538 3565 5621; baseline -0.004 -18"><span class='ocrx_word' id='word_1_830' title='bbox 2009 5550 2225 5621; x_wconf 86' lang='lat' dir='ltr'><strong>di0ptra</strong></span> <span class='ocrx_word' id='word_1_831' title='bbox 2282 5562 2473 5601; x_wconf 86' lang='lat' dir='ltr'><strong>omnes</strong></span> <span class='ocrx_word' id='word_1_832' title='bbox 2522 5545 2691 5601; x_wconf 76' lang='lat' dir='ltr'><strong>stella:</strong></span> <span class='ocrx_word' id='word_1_833' title='bbox 2732 5548 2991 5614; x_wconf 67' lang='lat' dir='ltr'><strong>spectatae</strong></span> <span class='ocrx_word' id='word_1_834' title='bbox 3050 5541 3302 5596; x_wconf 77' lang='lat' dir='ltr'><strong>videntur</strong></span> <span class='ocrx_word' id='word_1_835' title='bbox 3353 5538 3565 5597; x_wconf 85' lang='lat' dir='ltr'><strong>circula</strong></span> 
     </span>
    </p>
   </div>
   <div class='ocr_carea' id='block_1_116' title="bbox 2011 5631 3591 5700">
    <p class='ocr_par' dir='ltr' id='par_1_116' title="bbox 2011 5631 3591 5700">
     <span class='ocr_line' id='line_1_116' title="bbox 2011 5631 3591 5700; baseline -0.004 -4"><span class='ocrx_word' id='word_1_836' title='bbox 2011 5658 2124 5697; x_wconf 88' lang='lat' dir='ltr'><strong>rem</strong></span> <span class='ocrx_word' id='word_1_837' title='bbox 2167 5649 2374 5698; x_wconf 86' lang='lat' dir='ltr'><strong>motum</strong></span> <span class='ocrx_word' id='word_1_838' title='bbox 2409 5638 2588 5695; x_wconf 85' lang='lat' dir='ltr'><strong>facere</strong></span> <span class='ocrx_word' id='word_1_839' title='bbox 2616 5638 2669 5693; x_wconf 89' lang='lat' dir='ltr'><strong>in</strong></span> <span class='ocrx_word' id='word_1_840' title='bbox 2701 5645 2811 5693; x_wconf 85' lang='lat' dir='ltr'><strong>tota</strong></span> <span class='ocrx_word' id='word_1_841' title='bbox 2843 5634 3305 5693; x_wconf 82' lang='lat' dir='ltr'><strong>circumductioue</strong></span> <span class='ocrx_word' id='word_1_842' title='bbox 3340 5631 3591 5700; x_wconf 83' lang='lat' dir='ltr'><strong>dioptro-</strong></span> 
     </span>
    </p>
   </div>
   <div class='ocr_carea' id='block_1_117' title="bbox 2007 5751 2148 5792">
    <p class='ocr_par' dir='ltr' id='par_1_117' title="bbox 2007 5751 2148 5792">
     <span class='ocr_line' id='line_1_117' title="bbox 2007 5751 2148 5792; baseline -0.007 0"><span class='ocrx_word' id='word_1_843' title='bbox 2007 5751 2126 5792; x_wconf 87' lang='lat' dir='ltr'><strong>rum</strong></span> <span class='ocrx_word' id='word_1_844' title='bbox 2138 5777 2148 5791; x_wconf 89' lang='lat'><strong>.</strong></span> 
     </span>
    </p>
   </div>
  </div>
