4000 6206
521 315 629 373 823

593 428 663 482 At
706 428 791 483 sol
839 428 906 482 ab
963 442 1162 483 occasu
1217 444 1410 485 versus
1458 437 1638 483 ortum
1706 429 1879 484 fertur
1930 437 2078 482 motu
2106 431 2152 487 Α

522 519 797 575 contrario
835 520 1057 574 mundo.
1100 518 1215 575 Iloc
1260 520 1609 577 manifestum
1653 528 1734 576 est
1782 536 1848 575 ex
1887 521 2078 582 stellis.

521 629 643 684 qua:
678 620 804 667 ante
845 612 1014 667 solem
1055 613 1326 666 oriuntur.
1355 610 1489 666 Nam
1532 628 1867 682 quaecunque
1911 612 2085 667 stellai

524 712 650 758 ante
681 694 860 758 ortum
892 704 1025 759 solis
1053 711 1305 773 spectata:
1335 703 1537 758 fuerint
1562 705 1696 760 oriri
1722 712 1847 759 ante
1888 704 2077 769 solem,

523 798 604 850 lue
631 795 986 864 sequentibus
1028 795 1280 851 noctibus
1314 796 1686 865 tempestivius
1725 795 2078 865 conspiciun-

520 898 609 943 tur
664 888 796 941 oriri
841 896 967 942 ante
1018 888 1210 950 solem,
1260 896 1421 957 atque
1460 888 1562 941 hoc
1611 887 1670 941 ﬁt
1722 887 1983 941 continuo
2022 889 2078 941 in

519 975 773 1031 omnibus
807 976 1076 1030 noctibus.
1108 973 1262 1029 Unde
1305 976 1657 1031 manifestum
1701 986 1803 1040 est.
1845 976 1989 1046 quod
2022 976 2076 1030 in

517 1068 909 1138 consequentia
950 1068 1104 1138 signa
1146 1069 1227 1123 sol
1276 1069 1556 1138 procedat,
1607 1085 1737 1147 cum,
1774 1070 1844 1124 ab
1878 1083 2077 1125 occasu

517 1176 709 1215 versus
747 1169 924 1215 ortum
968 1169 1249 1215 moveatur
1287 1170 1477 1215 contra
1524 1161 1711 1216 mundi
1748 1171 1972 1216 motum.
2019 1160 2076 1216 Si

515 1268 646 1308 vero
674 1252 741 1307 ab
770 1263 893 1307 ortu
927 1268 1119 1308 versus
1158 1269 1413 1309 occasum
1457 1253 1689 1309 ferretur
1721 1255 1825 1318 sol,
1864 1270 2078 1324 semper

517 1345 855 1416 contingeret
899 1361 993 1400 eas
1035 1345 1243 1408 stellas,
1280 1361 1401 1416 quae
1440 1346 1593 1416 prius
1624 1347 1922 1410 orirentur,
1969 1346 2075 1401 mi—

516 1436 661 1492 nime
694 1451 973 1507 apparere.
1018 1436 1151 1491 Nam
1193 1437 1249 1491 in
1296 1439 1665 1493 antecedentia
1704 1439 1974 1496 transiens
2002 1440 2077 1495 si-

513 1543 639 1598 gna,
693 1528 922 1583 debebat
974 1544 1068 1585 eas
1129 1528 1245 1585 suis
1294 1529 1465 1584 radiis
1520 1530 1858 1596 obscurare;
1909 1530 2077 1586 stella:

511 1620 680 1683 enim,
731 1635 856 1674 cum
917 1636 1085 1690 prope
1140 1621 1308 1676 solem
1362 1623 1585 1686 fuerint,
1643 1639 1750 1677 non
1803 1622 2073 1688 videntur,

513 1721 694 1781 utpote
718 1728 746 1767 a
771 1715 885 1769 sole
916 1714 1240 1769 obscurata).
1269 1714 1339 1768 At
1362 1716 1465 1770 hoc
1494 1733 1601 1770 nou
1628 1720 1685 1770 lit
1720 1736 1732 1770 :
1758 1717 1852 1771 sed
1883 1717 2070 1778 stellae,

510 1820 631 1873 qua:
664 1805 817 1875 prius
846 1805 1122 1869 oriuntur,
1158 1808 1515 1876 sequentibus
1564 1808 1818 1863 noctibus
1860 1822 2076 1878 semper

511 1894 682 1964 magis
712 1895 991 1966 magisque
1022 1896 1090 1949 ab
1116 1905 1236 1949 ortu
1262 1897 1574 1952 distantiam
1603 1899 1800 1953 habere
1826 1909 2076 1969 spectan-

510 1995 600 2039 tur
635 2005 647 2040 :
682 1987 754 2040 ita
791 1996 849 2041 ut
893 1998 1175 2044 menstruo
1207 1996 1449 2060 tempore
1480 1998 1651 2044 totum
1697 1991 1911 2060 signum
1945 2006 2076 2044 con-

509 2079 830 2134 stellationis
872 2089 998 2134 ante
1050 2082 1219 2135 solem
1259 2084 1487 2145 oriatur,
1523 2082 1665 2150 quod
1710 2082 1860 2152 prius
1907 2081 2073 2135 radiis

508 2171 641 2227 Solis
694 2171 1073 2227 occultabatur
1126 2191 1140 2226 :
1200 2186 1414 2241 semper
1459 2172 1604 2226 enim
1650 2171 1782 2225 illud
1834 2171 2069 2242 signum,

510 2263 656 2330 quod
701 2262 869 2317 solem
919 2263 1185 2331 sequitur,
1216 2278 1246 2315 a
1276 2264 1390 2318 sole
1425 2262 1482 2316 ﬁt
1520 2263 1810 2324 invisibile,
1854 2272 2073 2333 propter

513 2352 694 2407 radios
725 2353 865 2408 solis
898 2372 911 2407 :
946 2352 1075 2406 illud
1100 2370 1247 2418 vero,
1269 2354 1408 2424 quod
1440 2354 1688 2424 praecedit
1719 2355 1909 2418 solem,
1934 2372 2069 2410 cou-

507 2443 756 2512 spicitur.
822 2443 879 2498 In
949 2454 1228 2500 menstruo
1293 2453 1473 2501 autem
1545 2455 1787 2516 tempore
1856 2448 2068 2517 signum

507 2553 741 2605 sequens
774 2554 987 2607 semper
1013 2550 1096 2593 est
1128 2540 1417 2604 invisibile,
1438 2556 1562 2594 cum
1592 2541 1669 2595 sol
1702 2540 1767 2593 ad
1804 2540 1854 2595 id
1883 2549 2066 2595 trans-

506 2638 593 2682 cat
623 2645 637 2696 ;
670 2631 981 2699 praecedens
1024 2648 1149 2685 vero
1192 2632 1427 2702 signum,
1472 2649 1594 2687 cum
1642 2633 1807 2687 distat
1834 2632 2065 2687 duorum

508 2725 787 2793 signorum
829 2724 1030 2795 spatio,
1076 2727 1447 2795 conspicitur;
1493 2739 1655 2797 atque
1702 2728 1805 2783 hoc
1841 2728 1895 2781 in
1928 2728 2065 2781 duo-

506 2815 680 2870 decim
713 2817 884 2887 signis
920 2833 1132 2888 semper
1163 2820 1240 2873 Iit.
1277 2818 1320 2872 E
1346 2819 1545 2888 quibus
1577 2820 1923 2889 manifestum
1956 2828 2060 2882 est,

501 2907 766 2978 26quod
795 2908 897 2972 sol,
927 2924 1049 2963 cum
1077 2919 1266 2965 contra
1294 2909 1481 2963 mundi
1512 2921 1714 2964 motum
1749 2909 1976 2974 feratur,
2007 2911 2060 2965 in

502 3002 910 3070 consequentia,
944 3010 997 3056 et
1032 3016 1138 3055 non
1183 3003 1238 3056 in
1280 3003 1647 3057 antecedentia
1697 3003 1851 3074 signa
1883 3014 2061 3058 trans-

502 3089 635 3144 itum
668 3092 848 3146 faciat.

570 3270 910 3330 Manifestius
958 3281 1135 3329 autem
1195 3273 1249 3327 in
1292 3274 1415 3328 luna
1470 3274 1804 3344 conspicitur
1851 3283 2053 3330 motus.

498 3359 633 3416 Nam
665 3374 717 3417 ct
750 3362 865 3434 ipsa
897 3374 1084 3419 contra
1110 3374 1313 3420 motum
1342 3366 1526 3421 mundi
1553 3367 1621 3421 ab
1652 3382 1847 3421 occasu
1866 3381 2054 3420 versus

498 3464 676 3511 Ortum
725 3457 938 3512 videtur
985 3458 1188 3511 moveri
1225 3474 1237 3507 :
1276 3458 1375 3511 hoc
1420 3467 1597 3512 autem
1650 3458 1706 3512 in
1747 3473 1849 3512 una
1896 3467 2054 3513 nocte

500 3556 678 3617 potest
724 3548 1050 3618 deprehendi
1091 3566 1187 3619 per
1235 3549 1518 3613 visionem,
1569 3567 1694 3606 cum
1741 3551 2051 3621 apparentia

499 3639 869 3694 testimonium
927 3642 1178 3710 przebeat.
1228 3640 1363 3694 Cum
1417 3642 1560 3695 enim
1618 3642 1758 3712 apud
1815 3642 2049 3711 aliquam

499 3730 777 3784 stellarum
823 3730 1050 3786 ﬁxurum
1107 3741 1397 3803 conspecta
1463 3733 1621 3788 fuerit
1678 3735 1822 3800 luna,
1893 3745 2050 3788 nocte

498 3821 824 3891 procedente
845 3821 1008 3877 distat
1040 3824 1107 3878 ab
1135 3826 1223 3878 illa
1253 3826 1535 3880 observata
1568 3825 1722 3880 stella
1748 3827 1813 3879 ad
1844 3833 2046 3890 ortum,

495 3922 549 3968 et
583 3913 736 3968 stella
769 3914 859 3967 illa
907 3931 935 3967 a
978 3916 1101 3968 luna
1140 3918 1204 3970 ad
1238 3932 1492 3973 occasum
1522 3935 1535 3977 ;
1581 3934 1644 3971 ac
1676 3934 1815 3987 smpe
1849 3918 1901 3970 in
1935 3925 2044 3970 tota

495 4014 653 4059 nocte
704 4006 829 4058 luna
875 4007 1041 4075 gradu
1096 4008 1164 4061 ab
1212 4007 1300 4060 illa
1344 4009 1627 4063 observata
1676 4009 1831 4063 stella
1882 4009 2048 4062 distat

495 4096 561 4149 ad
590 4104 799 4160 ortum,
828 4097 899 4150 ita
931 4108 989 4151 ut
1016 4099 1070 4151 in
1101 4114 1204 4153 una
1229 4106 1384 4153 nocte
1411 4109 1685 4168 spectetur
1715 4112 1889 4154 motus
1911 4117 2044 4154 cou—

495 4186 703 4240 trarius
731 4187 949 4240 mundo.
992 4185 1106 4241 Non
1146 4190 1288 4242 enim
1333 4190 1398 4242 ad
1438 4192 1815 4245 antecedentes
1859 4193 2044 4246 stellas

492 4280 751 4347 procedit,
790 4280 882 4334 sed
912 4280 977 4334 ad
1013 4290 1426 4348 consequentes.

555 4544 752 4601 Dicunt
793 4559 972 4603 autem
1025 4549 1266 4618 quidam,
1320 4550 1487 4606 solem
1536 4552 1602 4607 ad
1652 4554 2038 4622 consequentia

485 4638 639 4707 signa
670 4640 956 4695 transitum
990 4641 1186 4705 facere,
1214 4650 1267 4697 et
1301 4644 1481 4697 lunam
1505 4643 1793 4699 similiter:
1826 4661 2041 4699 verum;

483 4738 664 4783 tamen
713 4746 809 4785 eos
848 4748 956 4785 non
1003 4734 1210 4787 moveri
1241 4741 1433 4788 contra
1460 4735 1759 4801 mundum;
1791 4735 1882 4789 sed
1915 4751 2041 4804 pro-

484 4829 605 4886 pter
638 4823 1032 4891 magnitudines
1062 4825 1307 4894 superari
1344 4841 1437 4881 eos
1464 4842 1495 4879 a
1518 4826 1729 4897 sphaera
1761 4827 2043 4883 stellarum

482 4915 878 4981 inerrantium;
924 4917 1100 4971 videri
1145 4926 1324 4972 autem
1370 4920 1612 4974 nobisin
1652 4922 2040 4991 consequentia

479 5006 631 5075 signa
681 5007 968 5060 transitum
1016 5009 1165 5062 illum
1209 5012 1320 5064 fieri
1366 5010 1521 5078 juxta
1566 5021 1770 5066 motum
1822 5023 2041 5068 contra-

416 5174 419 5181 Ι
479 5097 619 5149 rium
648 5115 661 5162 ;
698 5098 791 5152 sed
825 5098 928 5152 hoc
974 5113 1082 5154 non
1112 5116 1232 5156 esse
1255 5118 1473 5166 verum;
1503 5114 1555 5157 et
1597 5104 1725 5158 ferri
1766 5109 1955 5172 solem,
1984 5114 2037 5160 et

479 5188 659 5243 lunam
688 5191 756 5243 ab
777 5199 922 5255 ortu,
956 5206 1141 5247 versus
1168 5210 1423 5250 occasum
1453 5214 1467 5260 ;
1500 5198 1594 5251 sed
1627 5213 1750 5252 cum
1779 5214 2038 5268 superen-

478 5289 567 5335 tur
612 5298 642 5335 a
694 5284 917 5347 mundo,
975 5292 1260 5355 antequam
1310 5288 1573 5344 circulum
1629 5298 1933 5361 peragreut,
1979 5292 2033 5343 in

477 5377 941 5444 consequentibus
1002 5381 1175 5451 signis
1239 5384 1496 5452 spectari.
1550 5385 1786 5440 Utuntur
1848 5395 2030 5441 autem

475 5465 693 5534 quidam
734 5477 786 5521 ct
840 5468 941 5524 hac
984 5471 1357 5528 similitudine.
1392 5474 1448 5528 Si
1496 5477 1637 5530 enim
1683 5478 1900 5548 aliquis,
1947 5480 2032 5534 in.

473 5554 702 5623 quiunt,
757 5561 1109 5617 constitueret
1181 5578 1434 5620 cursores
1495 5566 1781 5623 duodecim
1841 5570 2026 5627 eadem

529 5731 573 5765 “
678 5737 740 5806 τῇ
771 5738 919 5790 νυκτὶ
969 5740 999 5809 ἡ
1047 5744 1222 5811 μοῖρα.

1512 314 1853 371 APPENDIX
1888 313 1979 370 AD
2019 312 2294 371 EUSEBll
2326 315 2737 374 CIIRUNICON.

3648 314 3752 370 εει

2267 430 2325 482 ὐ
2375 431 2620 501 μέντοιγε
2661 430 2812 500 ἥλιος
2850 429 2959 482 ἀπὸ
2991 428 3194 492 δύσεως
3233 426 3322 482 ἐπὶ
3351 425 3450 499 τὴν
3486 428 3754 499 ἀνατολὴν

2193 524 2414 595 φέρεται
2451 524 2779 587 ὑπεναντίως
2812 522 2890 595 τῷ
2915 522 3122 594 κόσμῳ.
3154 522 3320 575 Τοῦτο
3349 521 3407 575 δέ
3448 523 3562 573 ἐστι
3589 538 3755 589 φανεο

2194 620 2284 688 ρὺν
2334 621 2398 671 ὲκ
2448 617 2555 671 τῶν
2604 615 3103 688 προανατελλόντων
3150 615 3393 685 ἀστέρων
3436 613 3530 667 τοῦ
3574 614 3753 685 ἡλίου.

2188 713 2347 764 ’Ὅσοι
2367 710 2475 783 γάρ
2497 711 2561 764 ἂν
2586 711 2690 779 πρὸ
2710 710 2806 780 τῆς
2828 709 2920 763 τοῦ
2940 708 3092 780 ἡλίου
3121 708 3378 779 ἀνατολῆς
3400 706 3756 779 θεωρηθῶσιν

2186 801 2414 872 ἀστέρες
2440 799 2969 872 προανατεταλκότες
3006 798 3098 851 τοῦ
3129 799 3299 865 ἡλίου,
3328 802 3383 853 ἐν
3408 802 3527 862 ταῖς
3557 800 3756 869 ἐχομέ-

2186 909 2303 956 ναις
2333 890 2480 957 νυξὶν
2507 890 2829 961 ὲνωρότερον
2856 889 3378 960 προανατεταλκὸτες
3399 888 3750 959 θεωροῦνταιο

2186 983 2277 1035 καὶ
2308 982 2463 1036 τοῦτο
2491 983 2697 1051 γίνεται
2732 980 2871 1034 κατά
2910 978 2970 1033 τὸ
3011 979 3138 1050 ἑξῆς
3169 982 3260 1034 ἐπὶ
3288 981 3476 1035 πασῶν
3507 980 3617 1034 τών
3657 1000 3751 1034 νυ-

2186 1076 2347 1128 κτῶν.
2392 1074 2481 1139 Ἐξ
2514 1070 2572 1129 οὗ
2617 1074 2865 1146 φανερὸν,
2900 1075 2981 1128 ὅτι
3021 1077 3100 1140 εἰς
3136 1072 3205 1127 τά
3241 1072 3479 1144 ἑπόμενα
3507 1073 3619 1125 τῶν
3644 1074 3751 1137 {ua-

2182 1163 2309 1217 δίων
2337 1166 2364 1217 ὁ
2393 1164 2543 1235 ἥλιος
2582 1164 2912 1235 μεταϐαίνει,
2955 1164 3062 1217 ἀπὸ
3102 1164 3305 1227 δύσεως
3351 1166 3436 1216 ἐπ’
3482 1162 3752 1233 ἀνατολὴν

2189 1254 2498 1325 κινούμενος
2532 1255 2863 1319 ὑπεναντίως
2896 1255 2971 1326 τῷ
3004 1255 3212 1327 κόσμῳ.
3246 1256 3308 1308 Εἰ
3343 1254 3400 1307 δέ
3426 1272 3489 1323 γε
3517 1253 3626 1307 ἀπὸ
3651 1253 3750 1323 τῆς

2183 1345 2443 1417 ἀνατολῆς
2465 1347 2556 1399 ἐπὶ
2582 1346 2679 1418 τὴν
2704 1347 2853 1401 δύσιν
2874 1348 3095 1418 ἐφέρετο
3116 1351 3143 1400 ὁ
3166 1347 3333 1418 ἥλιος,
3357 1348 3443 1400 ἀεὶ
3467 1346 3597 1411 τοὺς
3621 1362 3750 1416 προ-

2182 1437 2563 1501 ανατέλλοντας
2592 1437 2825 1509 ἀστέρας
2856 1438 3199 1509 ἀθεωρήτους
3225 1438 3291 1491 ἂν
3323 1434 3459 1491 εἶναι
3499 1438 3751 1491 συνέϐαι-

2182 1545 2287 1580 νεν.
2314 1527 2407 1591 Εἰς
2423 1526 2531 1599 γὰρ
2552 1527 2621 1579 τὰ
2644 1528 3024 1598 προηγούμενα
3047 1527 3381 1598 μεταϐαίνων
3400 1530 3569 1600 μέρη,
3592 1528 3751 1597 ὧφει·

2180 1620 2268 1672 λεν
2300 1620 2671 1690 ἀποκρύπτειν
2700 1620 2895 1683 αὑτοὺς
2923 1622 3040 1682 ταῖς
3076 1619 3231 1683 ἰδίαις
3268 1620 3482 1688 αὐγαῖς·
3518 1622 3607 1673 ἀεὶ
3639 1620 3749 1693 γάρ

2179 1712 2227 1764 οἱ
2248 1711 2387 1764 κατά
2406 1710 2496 1763 τὸν
2522 1710 2670 1781 ἥλιον
2692 1711 2962 1782 γινόμενοι
2987 1711 3216 1782 ἀστέρες
3242 1710 3540 1781 ἀθεώρητοι
3566 1712 3747 1784 ὑπάρσ

2107 1782 2147 1841 Β
2175 1820 2349 1873 χουσι,
2378 1803 2806 1873 καταυγούμενοι
2834 1803 2937 1884 ὑπρ
2960 1802 3052 1857 τοῦ
3080 1803 3250 1874 ἡλίου.
3282 1803 3393 1855 Νῦν
3421 1803 3476 1855 δὲ
3502 1804 3563 1855 οὑ
3591 1782 3745 1873 γίνε-

2174 1914 2262 1950 ται
2295 1896 2471 1951 τοῦτο·
2517 1896 2631 1950 ἀλλ’
2667 1898 2715 1948 οί
2762 1895 3244 1966 προανατέλλοντες
3276 1895 3504 1965 ἀστέρες
3534 1897 3592 1948 ἐν
3625 1899 3747 1957 ταῖς

2173 1990 2455 2061 ἐχομέναις
2478 1989 2597 2053 νυξὶ
2627 1989 2806 2042 πλεῖον
2838 1989 2923 2041 ἀεὶ
2955 1989 3049 2041 καὶ
3083 1988 3263 2042 πλεῖον
3291 1988 3397 2041 ἀπὸ
3423 1988 3525 2058 τῆς
3554 1989 3747 2041 ἀνατο-

2171 2083 2268 2154 λῆς
2297 2082 2595 2151 ἀπέχοντες
2631 2080 2903 2151 διάστημα
2942 2080 3287 2151 θεωροῦνται·
3323 2079 3462 2134 ὥστε
3508 2081 3744 2150 μηνιαίῳ

2171 2172 2346 2244 χρόνῳ
2373 2171 2557 2236 ζώδιον
2582 2171 2701 2224 ὅλον
2723 2170 3135 2240 προανατέλλειν
3162 2171 3255 2224 τοῦ
3284 2171 3433 2242 ἡλίου
3460 2173 3520 2225 τὸ
3543 2172 3741 2241 πρότε-

2176 2281 2265 2334 ρον
2299 2262 2545 2334 ὑπάρχον
2577 2263 2635 2314 ὲν
2665 2263 2787 2326 ταῖς
2815 2262 3008 2329 αὐγαῖς
3045 2259 3137 2313 τοῦ
3178 2261 3345 2331 ἡλίου.
3393 2262 3505 2314 Ἀεὶ
3532 2261 3647 2332 γὰρ
3681 2262 3744 2315 τὸ

2173 2354 2270 2424 μὲν
2313 2342 2576 2423 ἑπόμενον
2607 2351 2794 2416 ζώδιον
2820 2352 2923 2404 ὑπὸ
2955 2350 3047 2404 τοῦ
3089 2350 3237 2421 ἡλίου
3280 2350 3590 2422 ἀθεώρητόν
3622 2352 3738 2406 ἐστι

2166 2446 2251 2500 διὰ
2275 2444 2373 2507 τάς
2411 2444 2584 2511 αύγάς
2622 2444 2714 2496 τοῦ
2752 2444 2926 2513 ἡλίου·
2958 2443 3017 2496 τὸ
3049 2442 3103 2495 δὲ
3138 2442 3540 2513 προηγούμενον
3572 2440 3738 2493 αὑτοῦ

2167 2539 2463 2611 θεωρεῖται.
2513 2538 2600 2591 Ἐν
2631 2537 2686 2590 δὲ
2712 2536 2791 2606 τῷ
2823 2536 3054 2607 μην;αίῳ
3078 2535 3251 2606 χρόνῳ
3279 2534 3364 2588 ἀεὶ
3393 2535 3453 2585 τὸ
3489 2534 3589 2610 μὲν
3618 2535 3739 2587 ἐπό-

2169 2647 2327 2702 μενον
2359 2629 2544 2695 ζώδιον
2581 2627 2889 2699 ἀθεώρητον
2925 2627 3154 2695 γίνεται,
3207 2624 3627 2695 μεταϐαίνοντος
3658 2628 3737 2688 είς

2165 2723 2292 2776 αὐτὸ
2325 2720 2417 2775 τοῦ
2450 2719 2622 2791 ἡλίου·
2655 2720 2715 2773 τὸ
2743 2719 2798 2771 δὲ
2834 2717 3239 2789 προηγούμενον
3274 2714 3464 2778 ζώδιον
3495 2715 3591 2768 δύο
3624 2714 3733 2780 ζω-

2162 2814 2286 2867 δίων
2306 2814 2577 2883 διάστημα
2601 2810 2905 2883 ἀφεστηκὸς
2928 2809 3198 2880 βλέπεται⁹
3226 2809 3493 2862 καὶτοῦτο
3514 2808 3734 2861 ἐπὶτῶν

2165 2906 2229 2977 ιβ’
2254 2904 2456 2969 ζωδίων
2482 2903 2567 2956 διὰ
2594 2903 2787 2965 παντὸς
2817 2903 3042 2970 γίνεται.
3090 2900 3178 2965 Ἐξ
3200 2894 3273 2954 ὧν
3305 2899 3558 2971 φανερὸν,
3589 2900 3673 2953 ὅτι
3703 2903 3734 2953 ὁ

2161 2999 2329 3069 ἥλιος,
2377 2995 2709 3058 ὑπεναντίως
2746 2993 2822 3061 τῷ
2851 2995 3038 3064 κόσμῳ
3065 2992 3379 3063 κινούμενος
3400 2994 3481 3055 είς
3507 2991 3577 3044 τὰ
3606 2993 3732 3045 ἑπό-

2083 3126 2126 3185 c
2166 3107 2298 3161 μενα
2325 3088 2434 3142 τῶν
2465 3087 2684 3151 ζωδίων,
2713 3087 2805 3140 καὶ⁵
2838 3088 2936 3139 οὑκ
2964 3088 3042 3150 είς
3065 3086 3132 3140 τά
3156 3085 3541 3159 προηγούμενα
3564 3088 3729 3139 ποιεῖ-

2163 3202 2249 3236 ται
2283 3183 2381 3255 τὴν
2408 3181 2722 3253 μετάϐασιν.

2244 3275 2621 3345 Ἑκδηλότερον
2642 3274 2698 3327 δὲ
2724 3275 2814 3328 ἐπὶ
2838 3273 2938 3343 τῆς
2968 3272 3191 3343 σελήνης
3213 3271 3490 3343 θεωρεῖται
3510 3273 3543 3341 ή
3569 3271 3725 3339 κίνηο

2163 3385 2266 3430 σις·
2301 3368 2393 3420 καὶ
2426 3367 2533 3438 γὰρ
2563 3367 2699 3437 αὑτὴ
2733 3365 3062 3429 ὑπεναντίως
3100 3365 3176 3436 τῷ
3215 3365 3403 3434 κόσμῳ
3439 3365 3720 3434 θεωρεῖται

2161 3461 2268 3513 ἀπὸ
2297 3460 2499 3523 δύσεως
2522 3460 2609 3512 ἐπ’
2636 3458 2899 3529 ἀνατολὴν
2928 3459 3235 3529 κινουμένη·
3268 3456 3424 3510 τοῦτο
3448 3455 3503 3508 δὲ
3533 3458 3590 3508 ἐν
3622 3457 3720 3526 μιᾷ

2160 3554 2316 3608 νυκτὶ
2357 3553 2581 3607 δύναται
2631 3552 3139 3623 καταλαμῦἀνεσθαι
3181 3552 3267 3605 διά
3316 3551 3413 3621 τῆς
3455 3547 3716 3619 ὁράσεως.

2160 3645 2657 3719 ἐπιμαρτυροῦντος
2687 3645 2779 3698 τοῦ
2816 3644 3159 3716 φαινομένου.
3203 3644 3370 3696 Ὅταν
3414 3641 3523 3712 γὰρ
3571 3640 3719 3710 παρά

2155 3759 2274 3793 τινα
2306 3740 2415 3793 τῶν
2451 3740 2702 3794 ἀπλανῶν
2735 3739 2976 3811 ἀστέρων
3007 3735 3251 3808 θεωρηθῇ
3280 3738 3312 3807 ἡ
3344 3734 3560 3805 σελήνη,
3586 3749 3715 3802 προ-

2156 3832 2446 3901 ϐαινούσης
2479 3832 2576 3902 τῆς
2610 3831 2801 3895 νυκτὸς
2827 3830 3115 3898 ἀφίσταται
3148 3827 3254 3881 ἀπὸ
3284 3824 3378 3880 τοῦ
3419 3842 3712 3897 παρατετη-

2158 3942 2221 3996 ρη
2230 3923 2389 3994 μένου
2420 3924 2643 3993 ἀστέρος
2666 3924 2801 3995 πρὸς
2825 3921 3105 3993 ἀνατολὴν,
3128 3922 3221 3975 καί⁸
3246 3922 3273 3973 ὁ
3295 3920 3466 3989 ἀστὴρ
3487 3920 3592 3972 ἀπὸ
3612 3919 3706 3987 τῆς

2155 4016 2381 4087 σελήνης
2414 4016 2549 4085 πρὸς
2579 4014 2747 4068 δύσιν·
2780 4014 2872 4067 καὶ
2918 4012 3174 4077 πολλάκις
3201 4015 3257 4066 ἐν
3283 4013 3378 4085 ὅλη
3402 4015 3468 4082 τῇ
3497 4010 3647 4064 νυκτὶ
3673 4012 3702 4079 ἡ

2155 4107 2344 4179 σελήνη
2391 4109 2553 4179 μοίρᾳ
2574 4108 2616 4138 ⁸⁸
2648 4107 2754 4160 ἀπὸ
2788 4106 2880 4160 τοῦ
2923 4106 3444 4177 παρατετηρημένου
3488 4104 3703 4174 ἀστέρος

2150 4201 2411 4254 διίσταται
2438 4202 2575 4272 πρὸς
2605 4201 2886 4271 ἀνατολήν·
2916 4200 3053 4253 ὥστε
3088 4201 3144 4253 ἐν
3179 4200 3275 4270 μιᾷ
3305 4199 3456 4251 νυκτὶ
3490 4196 3698 4267 θεωρεῖο

2154 4293 2275 4346 σθαι
2306 4294 2405 4363 τὴν
2436 4293 2757 4347 ὑπεναντίαν
2797 4293 3008 4362 κίνησιν
3049 4291 3127 4363 τῷ
3153 4291 3357 4361 κόσμῳ.
3386 4289 3461 4343 Ού
3496 4289 3603 4361 γὰρ
3628 4290 3698 4349 είς

2148 4386 2274 4448 τοὺς
2300 4385 2736 4457 προηγουμένους
2767 4386 3001 4456 ἀστέρας
3023 4384 3320 4456 προόαίνει,
3351 4383 3464 4437 ἀλλ’
3484 4384 3564 4446 εἰς
3582 4383 3696 4444 τοὺς

2074 4482 2118 4538 D
2150 4475 2463 4546 ἑπομένους.

2213 4567 2445 4634 Λέγουσι
2477 4566 2533 4620 δέ
2576 4584 2716 4631 τινες
2753 4569 2832 4631 είς
2878 4568 2973 4638 μὲν
3015 4566 3083 4620 τὰ
3126 4566 3361 4637 ἑπόμενα
3400 4566 3566 4632 ζώδια
3602 4564 3691 4635 τὴν

2146 4660 2440 4730 μετάϐασιν
2471 4659 2709 4728 γίνεσθαι
2742 4660 2819 4731 τῷ
2848 4660 2979 4731 ἡλίῳ
3011 4661 3103 4713 καὶ⁵
3125 4663 3188 4730 τῇ
3214 4659 3425 4732 σελήνῃ·
3465 4662 3538 4732 μὴ
3576 4660 3691 4732 μέν·

2140 4768 2285 4819 τοιγε
2315 4753 2648 4817 ὑπεναντίως
2678 4756 2871 4818 αὐτοὺς
2914 4755 3175 4808 κινεῖσθαι
3213 4753 3289 4826 τῷ
3326 4754 3532 4826 κόσμῳ,
3566 4754 3693 4808 ἀλλὰ

2140 4843 2226 4896 διὰ
2248 4844 2316 4897 τά
2347 4844 2549 4916 μεγέθη
2582 4846 2965 4899 ὑπολείπεσθαι
2988 4848 3180 4910 αὑτοὺς
3197 4846 3295 4916 τῆς
3319 4846 3427 4900 τῶν
3448 4848 3692 4901 ἀπλανῶν

2138 4937 2382 5009 ἀστέρων
2417 4938 2669 5009 σφαίρας·
2697 4939 2868 4992 δοκεῖν
2898 4938 2954 4992 δὲ
2984 4942 3113 5010 ἡμῖν
3133 4941 3212 5003 είς
3239 4939 3307 4992 τὰ
3331 4940 3569 5010 ἑπόμενα
3589 4940 3691 4994 τῶν

2140 5025 2344 5089 ζωδίων
2375 5026 2473 5098 τὴν
2514 5028 2806 5097 μετάϐασιν
2838 5029 3080 5098 γίνεσθαι
3129 5030 3270 5084 κατὰ
3307 5032 3406 5102 τὴν
3451 5030 3688 5086 ἐναντίαν

2138 5116 2368 5187 κίνησιν·
2397 5118 2553 5171 τοῦτο
2573 5118 2629 5172 δὲ
2654 5118 2726 5190 μὴ
2759 5115 2895 5173 εἶναι
2916 5120 3130 5191 ἀληθὲς,
3156 5120 3289 5175 ἀλλά
3315 5122 3569 5190 φέρεσθαι
3595 5122 3687 5192 μὲν

2133 5209 2282 5280 ἣλιον
2314 5210 2408 5263 καὶ
2444 5210 2669 5279 σελήνην
2702 5211 2795 5263 ἀπ’
2828 5212 3089 5283 ἀνατολῆς
3132 5214 3223 5266 ἐπὶ
3252 5213 3399 5267 δύσιν
3418 5231 3431 5244 ο
3455 5230 3685 5267 κατατα-

2132 5299 2431 5368 χουμένους
2460 5299 2515 5351 δὲ
2542 5300 2645 5352 ὑπὸ
2678 5300 2770 5352 τοῦ
2806 5300 3011 5371 κόσμου
3053 5303 3164 5375 πρὸ
3194 5303 3287 5356 τοῦ
3314 5303 3510 5358 κύκλον
3543 5321 3686 5375 περι-

2130 5388 2372 5459 δραμεῖν,
2398 5392 2453 5441 εν
2469 5394 2578 5452 τοῖς
2602 5390 2883 5461 ἑπομένοις
2907 5378 3114 5457 ζωδίῶς
3143 5394 3478 5465 θεωρεῖσθαι.
3503 5394 3686 5465 X96»?-

2129 5496 2216 5532 ται
2249 5480 2305 5532 δέ
2342 5497 2483 5543 τινες
2522 5482 2615 5534 καὶ
2654 5483 2730 5550 τῷ
2771 5483 3072 5553 ὁμοιώματι
3116 5485 3301 5557 τούτῳ.
3345 5487 3407 5539 ΕΞ
3441 5488 3547 5557 γάρ
3581 5503 3682 5549 τις,

2132 5571 2312 5640 estsit,
2346 5572 2684 5643 ὑπεστήσατο
2714 5572 2928 5644 δρομεῖς
2966 5575 3029 5644 ιβ’
3064 5577 3159 5647 ἴσῳ
3185 5576 3333 5648 τάχει
3356 5579 3684 5649 χρωμένους,
