4000 6206
260 266 369 323 825

1306 273 1540 332 GEMINI
1577 273 1942 331 ELEMENTA
1977 273 2467 334 ΑετιιοΝοωΑῖ.

3378 283 3482 341 826

263 390 359 443 καὶ
380 387 737 459 ποιουμένους
764 387 854 442 ὲπὶ
884 386 1080 442 κύκλου
1103 390 1200 459 τήν
1227 390 1456 463 κίνησιν,
1481 387 1597 446 εἶτα
1628 392 1819 463 μέντοι

1933 392 2203 449 celeritate
2242 400 2478 455 utentes.
2513 402 2568 450 et
2619 395 2879 455 facientes
2911 398 2967 453 in
3000 399 3206 455 circulo
3250 410 3436 457 motun
3456 434 3481 468 ο

267 498 327 549 γε
357 480 521 536 ἄλλον
547 480 670 533 τινὰ
707 479 804 533 ἕνα
834 480 1155 552 βραδύτερον
1184 484 1242 535 ὲν
1272 484 1454 547 αὐτοῖς
1489 484 1821 556 κινούμενον,

264 571 453 644 ὁμοίαν
481 572 541 627 δὲ
568 572 666 644 τήν
692 574 901 645 κίνησιν
932 574 1114 639 αὐτοῖς
1137 576 1453 647 ποιούμενον
1481 578 1572 630 ἐπὶ
1601 576 1819 631 κύκλου·

261 665 403 731 δόξει
436 665 556 736 μὲν,
594 666 1266 739 περικαταλαμϐανόμενος
1284 668 1349 739 ιτ,
1376 670 1454 732 είς
1480 668 1548 722 τὰ
1585 670 1825 739 ἑπόμενα

264 756 637 827 μεταϐαίνειν,
685 760 783 810 οὑκ
828 758 977 811 ἔσται
1016 759 1071 812 δὲ
1112 759 1267 813 τοῦτο
1304 762 1396 813 ἐπὶ
1423 760 1521 830 τῆς
1550 760 1820 831 ἀληθείας·

260 847 373 900 ἀλλ’
406 850 614 919 ὁμοίως
663 849 845 912 αὑτοῖς
891 849 1207 919 κινούμενος
1248 849 1337 903 διὰ
1383 850 1482 921 τήν
1523 851 1825 923 βραδυτῆτα

257 939 396 1004 δόξει
430 942 515 1003 είς
556 941 814 994 τάναντία
856 941 1139 997 κινεῖσθαι.
1179 941 1347 995 Τοῦτο
1384 942 1446 1014 δή
1487 944 1580 996 καὶ
1610 943 1700 996 ἐπὶ
1731 941 1823 995 τοῦ

257 1032 409 1102 ήλίου
436 1033 535 1085 καὶ
574 1033 666 1086 ἐπὶ
693 1035 792 1104 τῆς
830 1033 1059 1105 σελήνης
1099 1034 1517 1105 συμύεὸηκέναι.
1564 1033 1686 1087 Ἐπὶ
1716 1032 1825 1103 γὰρ

254 1124 315 1178 τὰ
348 1124 505 1178 αὐτὰ
538 1125 678 1196 μέρη
708 1125 1010 1196 κινούμενοι
1038 1124 1117 1196 τῷ
1142 1126 1346 1197 κόσμῳ,
1374 1125 1464 1180 διὰ
1494 1126 1594 1198 τὴν
1627 1125 1822 1196 βραδυ-

251 1218 391 1284 τῆτα
434 1221 519 1281 είς
555 1217 625 1271 τά
661 1217 900 1287 ἑπόμενα
931 1218 1321 1289 ὑποφέρονται·
1354 1218 1598 1289 καθάπερ
1628 1219 1696 1271 τὰ
1732 1218 1839 1270 ὲπὶι

250 1309 359 1362 τῶν
410 1310 673 1380 ποταμῶν
719 1310 1136 1383 καταφερόμενα
1174 1310 1351 1371 πλοῖα,
1380 1311 1822 1381 προκαταταχού-

251 1420 394 1472 una
428 1403 537 1456 ὑπὸ
557 1402 649 1456 τοῦ
674 1407 962 1473 ῥεύματος,
989 1403 1137 1457 δοκεῖ
1153 1406 1231 1468 είς
1250 1402 1319 1457 τὰ
1341 1404 1514 1457 ὀπίσω
1541 1402 1819 1457 κινεῖσθαι·

248 1494 416 1547 τοῦτο
443 1494 505 1548 δέ
534 1511 665 1563 φασι
686 1497 780 1548 καὶ
805 1497 898 1549 ἐπὶ
916 1495 1010 1550 τού
1031 1496 1204 1567 ήλίου,
1237 1498 1329 1552 καὶ
1357 1500 1450 1552 ἐπὶ
1476 1499 1575 1568 τῆς
1598 1499 1823 1569 σελήνης

247 1587 605 1658 συμϐαίνειν.

1925 486 2120 542 deinde
2157 503 2285 543 vero
2321 487 2485 540 alium
2522 489 2807 557 quemdam
2833 491 2973 545 inter
2999 491 3148 561 ipsos
3181 493 3392 549 tardius
3420 512 3479 550 se

1927 586 2257 643 moventem,
2291 587 2343 634 et
2370 586 2551 634 tamen
2582 580 2650 636 iis
2682 581 2916 638 similem
2946 593 3150 637 motum
3182 584 3239 639 in
3270 585 3478 640 circulo

1927 668 2211 725 facientem
2250 689 2262 722 :
2293 669 2565 725 videbitur
2593 672 2810 741 quidem
2836 673 2904 738 is,
2932 689 3063 727 cum
3081 676 3474 739 anteveniatur,

1925 759 1981 813 in
2038 760 2425 829 consequentia
2476 761 2731 828 transire,
2782 778 2966 818 verum
3023 779 3089 833 ex
3137 766 3215 820 rei
3252 766 3478 822 veritate

1924 852 2029 906 hoc
2060 867 2165 906 non
2197 853 2298 907 erit
2324 869 2339 918 ;
2371 851 2464 907 sed
2502 868 2625 907 cum
2660 855 2908 911 similiter
2939 864 3101 925 atque
3132 858 3230 927 ipsi
3259 875 3476 914 movea-

1924 949 2035 1005 tur,
2066 952 2246 999 tamen
2284 956 2503 1015 propter
2537 946 2848 1002 tarditatem
2878 948 3148 1004 videbitur
3177 951 3230 1005 in
3261 963 3476 1007 contra-

1923 1035 2001 1088 ria
2039 1035 2261 1091 moveri.
2295 1037 2471 1106 Atque
2510 1037 2613 1092 hoc
2656 1039 2796 1093 idem
2832 1049 2887 1093 et
2928 1040 2982 1094 in
3025 1042 3158 1107 sole,
3181 1052 3234 1098 et
3262 1043 3314 1097 in
3350 1045 3475 1099 luna

1923 1126 2254 1197 contingere.
2292 1129 2427 1182 Cum
2461 1130 2602 1184 enim
2637 1146 2829 1186 versus
2869 1132 3085 1187 easdem
3126 1143 3308 1204 partes
3352 1151 3472 1191 cum

1925 1218 2125 1272 mundo
2166 1230 2505 1283 moveantur,
2557 1230 2776 1291 propter
2821 1224 3131 1282 tarditatem
3181 1227 3236 1281 in
3285 1243 3475 1285 cons:-

1922 1309 2141 1378 quentia
2174 1308 2398 1365 inferius
2431 1310 2680 1366 feruntur
2709 1332 2722 1368 :
2760 1315 3211 1384 quemadmodum
3238 1319 3470 1389 navigia.

1922 1413 2042 1467 quae
2070 1398 2124 1452 in
2159 1397 2336 1455 ﬂuviis
2357 1400 2701 1467 deferuntur,
2733 1417 2857 1457 cum
2887 1420 2916 1457 a
2943 1402 3089 1458 ﬂuxu
3126 1415 3470 1475 superantur.

1921 1488 2174 1545 videntur
2196 1495 2341 1545 reﬂ-0
2367 1489 2517 1547 ferri.
2551 1492 2664 1547 Hoc
2696 1502 2873 1548 autem
2911 1495 3158 1567 inquiunt
3185 1504 3239 1551 et
3269 1496 3323 1549 in
3361 1498 3474 1552 sole

1921 1590 1974 1636 et
2003 1580 2057 1635 in
2088 1582 2214 1636 luna
2247 1583 2578 1653 contingere.

308 1698 477 1771 Δΰτη
511 1700 569 1753 δὲ
617 1701 650 1771 ή
682 1700 808 1765 δόξα
840 1700 945 1755 ὑπὸ
975 1699 1183 1755 πολλῶν
1225 1702 1522 1772 φιλοσόφων
1560 1703 1819 1776 εἰρημένη

1990 1694 2060 1748 At
2111 1696 2228 1750 haec
2272 1696 2477 1766 opinio,
2536 1698 2638 1752 etsi
2691 1713 2721 1750 a
2775 1698 2959 1754 multis
3008 1698 3342 1770 philosophis
3387 1709 3471 1756 est

242 1792 593 1863 ἁσύμφωνός
624 1793 740 1845 ἐστι
777 1795 892 1857 τοῖς
934 1794 1296 1873 φαινομένοις·
1330 1796 1378 1848 εἰ
1406 1794 1515 1867 γάρ
1544 1795 1663 1849 καθ’
1691 1794 1820 1849 ὑπό-

238 1882 431 1953 λειψιν
456 1882 749 1945 ἐκινοῦντο,
779 1885 1195 1956 ὑποφερομένων
1222 1885 1328 1938 τῶν
1356 1888 1618 1957 σωμάτων
1641 1887 1728 1941 διά
1750 1886 1819 1941 τά

240 1975 490 2045 μεγέθη,
518 1974 622 2027 ἔδει
656 1974 794 2029 κατά
818 1976 1188 2048 παραλλήλους
1225 1977 1456 2041 κύκλους
1484 1978 1582 2049 τὴν
1613 1978 1820 2033 ὑπόλει-

234 2064 335 2134 ψιν
362 2065 640 2134 γίνεσθαι·
673 2065 923 2138 καθάπερ
958 2068 1051 2120 καὶ
1079 2068 1127 2120 ot
1151 2067 1408 2130 ἀπλανεῖς
1432 2067 1658 2139 ἀστέρες
1680 2068 1816 2121 πάν-

236 2174 332 2221 τες
357 2158 464 2211 ἐπὶ
490 2156 846 2229 παραλλήλων
870 2157 1082 2212 κύκλων
1106 2158 1379 2229 φέρονται,
1408 2158 1495 2212 διὰ
1515 2160 1575 2212 τὸ
1607 2160 1699 2212 καὶ
1720 2160 1817 2230 τὴν

233 2248 335 2302 τοῦ
379 2249 593 2319 κόσμου
623 2249 793 2321 φορὰν
818 2248 1101 2316 ἐγκύκλιον
1128 2246 1268 2303 εἶναι
1310 2250 1404 2303 ἀπ’
1441 2251 1698 2321 ἀνατολῆς
1724 2251 1816 2304 ἐπὶ

234 2340 427 2396 δύσιν.
464 2341 601 2394 Νυνὶ
639 2340 696 2393 δὲ
735 2341 830 2409 οὑχ
868 2340 1243 2394 ὑπολείπονται
1282 2340 1422 2394 κατά
1448 2341 1817 2413 παραλλήλους

236 2432 512 2493 κύκλους·
549 2432 663 2485 ἀλλ’
688 2435 719 2486 ό
768 2431 866 2503 μὲν
913 2432 1084 2502 ἣλιος,
1124 2433 1217 2485 ἐπὶ
1258 2433 1349 2485 τοῦ
1383 2433 1471 2487 διὰ
1506 2433 1684 2503 μέσων
1708 2433 1815 2486 τῶν

239 2524 468 2587 ζωδίων
498 2523 694 2576 κύκλου
721 2524 1055 2594 κινούμενος,
1088 2525 1204 2595 ἅμα
1234 2527 1325 2579 καὶ
1343 2524 1440 2596 τὴν
1462 2524 1602 2578 κατὰ
1620 2524 1816 2589 πλάτος

237 2613 496 2685 πάροδον
517 2617 748 2667 ποιεῖται
779 2615 885 2668 ἀπὸ
906 2615 1120 2687 τροπῶν
1154 2617 1244 2669 ἐπὶ
1274 2615 1496 2686 τροπάς·
1526 2616 1600 2677 ὡς
1628 2614 1715 2679 ἂν,
1739 2611 1818 2668 οἷ-

242 2723 377 2775 μαι,
421 2706 556 2770 ἰδίας
587 2706 936 2778 ὑπαρχούσης
970 2706 1117 2776 αὐτῷ
1148 2707 1244 2777 τῆς
1280 2709 1558 2777 κινήσεως,
1588 2707 1686 2777 τῆς
1717 2707 1814 2777 μὲν

239 2798 344 2851 ἀπ’
370 2797 635 2868 ἀνατολῆς
658 2798 750 2850 ἐπὶ
773 2797 944 2861 δύσιν,
972 2801 1069 2868 τῆς
1105 2796 1162 2849 δὲ
1204 2796 1311 2849 ἀπὸ
1343 2795 1545 2857 δύσεως
1570 2796 1655 2847 ἐπ’
1681 2797 1814 2848 ἀνα-

240 2889 436 2960 τολήν·
481 2890 513 2959 ή
555 2888 612 2942 δὲ
645 2888 836 2959 σελήνη
882 2891 938 2943 ὲν
969 2888 1076 2958 ὅλῳ
1102 2888 1179 2958 τῷ
1206 2887 1395 2940 πλάτει
1426 2885 1518 2938 τοῦ
1552 2885 1813 2949 ζωδιακοῦ

245 2980 462 3034 κύκλου
486 2982 585 3050 τὴν
613 2981 843 3053 πάροδον
868 2983 1117 3033 ποιεῖται.
1145 2979 1308 3033 Οὐδὲν
1332 2978 1389 3031 δὲ
1410 2977 1518 3029 τῶν
1540 2976 1660 3030 καθ’
1687 2977 1815 3030 ὑπό-

1919 1784 2081 1848 dicta,
2136 1792 2314 1841 tamen
2356 1803 2463 1841 non
2516 1789 2767 1858 congruit
2823 1804 2944 1843 cum
2995 1791 3371 1860 apparentiis;
3423 1792 3470 1846 sl

1917 1877 2058 1930 enim
2077 1876 2230 1945 juxta
2257 1877 2566 1946 hujusmodi
2597 1880 2933 1934 relictionem
2958 1893 3321 1945 moverentur,
3344 1896 3467 1937 cum

1917 1981 2142 2035 corpora
2179 1968 2268 2021 illa
2309 1969 2537 2025 inferius
2580 1978 2919 2035 moveantur,
2952 1980 3173 2042 propter
3202 1974 3469 2044 magnitu-

1918 2057 2133 2112 tudines
2171 2060 2454 2127 Oportebat
2493 2062 2548 2114 in
2591 2062 2860 2130 parallelis
2900 2062 3121 2118 circulis
3166 2064 3306 2117 hanc
3343 2065 3470 2119 reli-

1916 2149 2149 2205 ctionem
2186 2151 2299 2205 lleri
2327 2170 2341 2218 ;
2373 2154 2826 2221 quemadmodum
2864 2166 2918 2211 et
2964 2158 3129 2212 stellae
3168 2158 3469 2214 inerrantes

1917 2257 2105 2313 omnes
2149 2246 2202 2298 in
2255 2246 2531 2314 parallelis
2572 2248 2794 2304 circulis
2853 2249 3101 2305 feruntur
3152 2269 3164 2303 :
3215 2268 3281 2307 eo
3325 2252 3470 2322 quod

1915 2345 1969 2391 et
2023 2336 2210 2390 mundi
2285 2344 2465 2393 motus
2525 2346 2610 2394 est
2658 2341 2940 2396 circularis
2988 2343 3056 2397 ab
3107 2351 3229 2397 ortu
3279 2358 3470 2398 versus

1915 2445 2188 2486 occasum.
2211 2430 2279 2484 At
2302 2446 2410 2485 non
2438 2432 2817 2501 relinquuntur
2839 2432 2891 2486 in
2918 2434 3189 2502 parallelis
3211 2435 3469 2498 circulis;

1916 2521 2011 2577 sed
2041 2522 2120 2576 sol
2153 2536 2276 2575 cum
2313 2522 2365 2574 in
2397 2523 2606 2577 circulo
2639 2538 2735 2592 per
2768 2524 2942 2578 media
2974 2524 3125 2593 signa
3156 2536 3472 2581 transeunte

1915 2619 2216 2675 moveatur,
2239 2612 2398 2667 simul
2431 2615 2593 2667 etiam
2642 2614 2938 2669 secundum
2982 2616 3316 2670 latitudinem
3342 2616 3471 2670 facit

1914 2713 2119 2760 motum
2147 2720 2175 2758 a
2206 2705 2440 2759 solstitio
2482 2704 2549 2759 ad
2592 2706 2881 2760 solstitium
2917 2721 2929 2756 :
2965 2706 3130 2775 quod,
3167 2715 3224 2760 ut
3256 2707 3467 2774 Opinor,

1915 2796 2165 2866 proprius
2193 2795 2242 2851 ei
2278 2798 2347 2851 sit
2378 2807 2555 2852 motus
2586 2797 2674 2851 hic
2714 2799 2782 2853 ab
2812 2807 2935 2853 ortu
2966 2813 3155 2854 versus
3180 2813 3468 2863 occasum;

1915 2886 2005 2940 ille
2049 2888 2117 2941 ab
2168 2903 2367 2944 occasu
2415 2905 2608 2945 versus
2652 2899 2827 2944 ortum
2856 2911 2871 2956 ;
2905 2890 3031 2944 luna
3080 2906 3206 2945 vero
3255 2891 3307 2943 in
3356 2897 3469 2943 tota

1915 2977 2199 3033 latitudine
2244 2979 2450 3033 zodiaci
2498 2979 2688 3034 circuli
2735 2986 2938 3034 motum
2979 2979 3125 3034 facit.
3167 2977 3309 3032 Nihil
3341 2994 3469 3033 vero

248 3070 432 3142 λειψιν
473 3072 886 3142 ὑποφερομένων
919 3070 1033 3139 ἃμα
1073 3068 1291 3123 δύναται
1321 3067 1462 3121 κατὰ
1492 3067 1691 3130 πλάτος
1722 3083 1809 3127 κι-

1919 3082 2097 3121 eorum
2139 3084 2260 3138 qua:
2299 3070 2596 3124 secundum
2632 3069 2967 3125 relictionem
2998 3068 3264 3129 feruntur.
3308 3068 3468 3123 simul

252 3164 487 3218 νεῖσθαι·
525 3164 641 3217 ἀλλ’
668 3163 870 3232 ὀφείλει
901 3161 1041 3216 κατὰ
1064 3160 1161 3233 τὴν
1182 3159 1276 3213 τοῦ
1302 3161 1505 3231 κόσμου
1532 3160 1699 3231 φορὰν
1721 3157 1818 3229 τὴν

265 3256 547 3326 ὑπόλειψιν
591 3252 879 3309 ποιεῖσθαι.
936 3253 1172 3322 Ἑλέγχει
1216 3252 1272 3305 δὲ
1314 3253 1412 3322 τὴν
1450 3249 1607 3317 δόξαν
1649 3249 1817 3321 ψευδῆ

266 3349 608 3419 ὑπάρχουσαν
640 3346 867 3417 μάλιστα
900 3346 1115 3399 πάντων
1146 3345 1179 3413 ή
1205 3345 1331 3414 περὶ
1355 3344 1479 3405 τοὺς
1501 3343 1662 3395 πέντε
1687 3341 1819 3394 πλά-

267 3455 424 3509 νητας
467 3438 702 3508 ἀστέρας
742 3437 974 3507 κίνησις·
1020 3437 1211 3489 ἐκεῖνοι
1234 3434 1342 3504 γὰρ
1370 3433 1459 3486 ὁτὲ
1484 3434 1580 3503 μὲν
1605 3432 1817 3486 ὑπολεί-

272 3548 451 3584 πονται
479 3528 588 3583 τῶν
628 3527 880 3583 ἀπλανῶν
909 3526 1173 3599 ἀστέρων,
1205 3526 1293 3579 ὁτὲ
1329 3525 1384 3577 δὲ
1432 3521 1812 3595 προηγοῦνται·

270 3622 352 3675 ὁτὲ
389 3621 445 3676 δὲ
488 3621 628 3675 κατὰ
669 3622 795 3684 τοὺς
825 3620 1018 3682 αὐτοὺς
1051 3618 1286 3689 ἀστέρας
1343 3615 1621 3687 μένουσιν·
1673 3614 1722 3666 oi
1761 3613 1818 3666 δὲ

276 3719 360 3768 καὶ
404 3714 690 3769 καλοῦνται
736 3711 1042 3785 στηριγμοί.
1098 3708 1360 3778 ’Τοιαύτης
1386 3707 1441 3759 δὲ
1470 3704 1819 3775 ὑπαρχούσης

275 3805 393 3875 περὶ
429 3805 623 3867 αὐτοὺς
664 3804 766 3872 τῆς
803 3802 1093 3871 κινήσεως.
1140 3797 1388 3869 φανερὸν,
1428 3796 1508 3847 ὅτι
1540 3794 1574 3861 ή
1617 3793 1709 3846 ἐπὶ
1751 3791 1820 3845 τά

276 3898 501 3969 ἑπόμενα
550 3895 846 3967 μετάϐασις
881 3893 943 3947 οὑ
984 3894 1186 3961 γίνεται
1236 3889 1376 3943 κατά
1409 3883 1706 3955 ύπόλειψιν·
1732 3882 1818 3937 διὰ

274 3992 460 4056 παντὸς
493 3992 601 4061 γὰρ
637 3990 702 4043 ἂν
730 3986 1092 4042 ὑπελείποντο.
1129 3984 1263 4036 Νυνὶ
1288 3982 1343 4035 δὲ
1365 3981 1467 4034 ἰδία
1498 3979 1581 4042 τίς
1612 3980 1758 4031 ἐστιν
1784 3978 1817 4046 ή

271 4087 389 4157 περὶ
427 4085 655 4137 ἕκαστον
697 4077 1063 4151 σφαιροποιία,
1101 4075 1222 4129 καθ’
1254 4075 1318 4145 ἥν
1353 4073 1480 4127 ποτὲ
1515 4072 1610 4142 μὲν
1647 4073 1725 4134 εἰς
1750 4068 1817 4122 τὰ

269 4176 504 4247 ἑπόμενα
535 4172 936 4245 μεταϐαίνουσι,
971 4168 1099 4221 ποτὲ
1124 4168 1181 4221 δὲ
1212 4168 1291 4229 είς
1324 4167 1390 4219 τά
1412 4161 1813 4236 προηγούμενα,

265 4270 391 4321 ποτὲ
413 4268 472 4321 δὲ
502 4265 864 4336 στηρίζουσιν.
892 4261 1047 4315 Οὕτω
1064 4259 1129 4330 δὴ
1157 4259 1251 4311 καὶ
1272 4258 1397 4326 περὶ
1416 4256 1505 4309 τὸν
1529 4254 1698 4325 ἥλιον.
1725 4253 1817 4305 καὶ

260 4359 384 4430 περὶ
408 4356 510 4428 τὴν
545 4354 769 4425 σελήνην
798 4352 904 4405 ἰδία
931 4350 1016 4414 τίς
1043 4352 1157 4403 ἐστι
1190 4348 1283 4401 κα)⁸
1326 4343 1699 4417 προαιρετική,
1725 4342 1817 4394 καὶ

258 4451 400 4505 κατά
430 4450 593 4519 φύσιν
626 4450 659 4519 ή
689 4449 815 4516 περὶ
844 4444 1041 4507 πλάτος
1066 4441 1300 4512 κίνησις,
1329 4438 1449 4492 καθ’
1487 4438 1554 4508 ἢν
1598 4433 1820 4489 ἀπὺ-δύ-

252 4562 393 4609 σεως
417 4544 506 4596 ἐπ’
532 4537 791 4608 ἀνατολὴν
823 4536 1126 4607 κινούμενοι
1150 4535 1249 4602 τήν
1282 4532 1421 4586 κατὰ
1447 4530 1646 4593 πλάτος
1679 4528 1820 4599 πάρ-

244 4639 369 4691 οδον
404 4631 705 4688 ποιοῦνται.
737 4630 858 4681 ὐτι
900 4627 957 4680 δὲ
1002 4627 1062 4679 ού
1106 4623 1355 4677 δύνανται
1387 4620 1506 4674 καθ’
1543 4616 1821 4685 ὑπόλειψιν

246 4734 327 4793 είς
350 4726 433 4781 τὰ
462 4724 706 4794 ἑπόμενα
732 4720 837 4773 τῶν
856 4718 1063 4782 ζωδίων
1084 4714 1183 4785 τὴν
1211 4713 1503 4785 μετάϐασιν
1530 4708 1820 4771 ποιεῖσθαι,

244 4817 496 4894 φανερὸν
525 4816 617 4870 καὶ
648 4816 714 4867 ἐκ
741 4812 834 4866 τοῦ
867 4812 941 4882 μὴ
966 4808 1225 4876 ἀνάλογον
1256 4807 1365 4867 τοῖς
1391 4802 1661 4894 μεγέθεσι,
1689 4800 1821 4894 μηδὲ

242 4891 363 4976 τοῖς
399 4908 753 4977 ἀποστήμασι
784 4903 882 4966 τάς
924 4899 1248 4971 μεταϐάσεις
1292 4894 1551 4964 γίνεσθαι.
1602 4893 1668 4945 El
1713 4891 1822 4964 γάρ

240 5006 335 5060 διὰ
360 5001 439 5055 τά
466 4998 669 5070 μεγέθη
695 4996 801 5048 τῶν
829 4994 1091 5064 σωμάτων
1120 4988 1467 5060 ὑπεφέροντο,
1494 4984 1821 5056 βραδυτέραν

246 5096 479 5165 ἔχοντες
503 5087 612 5141 τῶν
631 5084 883 5140 ἀπλανῶν
906 5084 1148 5154 ἀστέρων
1176 5081 1401 5150 κίνησιν,
1433 5077 1538 5130 ἔδει
1566 5077 1822 5143 ἀνάλογον

246 5185 367 5244 τοῖς
410 5176 662 5248 μεγέθεσι
702 5176 794 5228 καὶ
839 5176 949 5236 τοῖς
996 5171 1338 5241 ἀποστήμασι
1374 5168 1473 5231 τὰς
1514 5166 1823 5235 ὑπολείψεις

252 5269 528 5344 γίνεσθαι·
558 5268 630 5341 μὴ
652 5266 932 5337 γινομένου
955 5264 1010 5317 δὲ
1025 5263 1232 5326 τούτου,
1254 5262 1463 5332 ἀνάγκη
1484 5261 1661 5330 λέγειν
1684 5258 1824 5313 κατά

257 5366 425 5435 φύσιν
448 5361 588 5417 εἶναι
611 5365 718 5425 τοῖς
743 5358 1106 5429 πλανωμένοις
1133 5356 1360 5428 ἁστῆρσι
1379 5356 1477 5427 τὴν
1502 5351 1822 5409 ὑπεναντίαν

261 5458 497 5527 κίνησιν.
535 5454 671 5523 Ἤδη
704 5453 879 5524 μέντοι
908 5449 995 5504 διὰ
1039 5448 1132 5519 τὴν
1168 5449 1294 5501 ἰδίαν
1337 5446 1571 5521 ἑκάστου
1605 5461 1823 5501 domno-

366 5685 409 5715 “
440 5681 480 5750 f.
512 5679 879 5753 προκαταλαμ.

1916 3166 2094 3228 potest
2140 3161 2433 3215 secundum
2486 3162 2823 3217 latitudinem
2878 3163 3126 3227 moveri;
3177 3159 3269 3216 sed
3313 3160 3469 3213 debet

1917 3251 2215 3305 secundum
2252 3252 2436 3306 mundi
2472 3262 2677 3307 motum
2713 3254 3047 3308 relictionem
3086 3252 3231 3305 illam
3269 3250 3467 3305 facere.

1917 3342 2205 3398 Convincit
2248 3355 2426 3400 autem
2467 3346 2608 3401 hanc
2649 3347 2979 3416 Opinionem,
3029 3344 3170 3415 quod
3213 3342 3344 3398 falsa
3374 3343 3469 3406 sit,

1917 3437 2150 3490 maxime
2199 3436 2441 3491 omnium
2484 3444 2661 3493 motus
2703 3437 2942 3506 quinque
2983 3437 3358 3506 planetarum;
3391 3433 3468 3487 illi

1915 3524 2059 3579 enim
2089 3525 2768 3597 interdum‘relinquuntur
2790 3527 2860 3581 ab
2885 3518 3250 3581 inerrantihus
3277 3524 3468 3591 stellis,

1918 3614 2187 3669 interdum
2224 3617 2535 3686 praecedunt
2579 3632 2717 3685 eas;
2757 3615 3028 3672 interdum
3073 3615 3213 3686 apud
3252 3613 3466 3671 easdem

1917 3707 2104 3763 stellas
2154 3717 2373 3764 manent
2424 3729 2437 3764 :
2489 3725 2611 3779 qua:
2659 3710 2820 3765 etiam
2876 3710 3141 3764 stationes
3185 3716 3467 3763 vocantur.

1917 3794 2065 3854 Talis
2093 3814 2218 3853 cum
2261 3808 2440 3857 motus
2478 3802 2549 3855 sit
2594 3801 2959 3871 planetarum,
2985 3799 3330 3856 manifestum
3362 3805 3466 3861 est,

1920 3891 2059 3959 quod
2107 3892 2373 3947 transitus
2402 3894 2457 3947 in
2486 3895 2871 3964 consequentia
2904 3908 3013 3948 non
3046 3894 3137 3948 ﬁat
3172 3891 3467 3949 secundum

1918 3983 2268 4039 relictionem.
2303 3984 2529 4055 Semper
2558 3987 2701 4040 enim
2745 3986 2901 4055 quasi
2940 4000 2969 4039 a
3006 3992 3157 4054 tergo
3205 3983 3470 4051 relinque-

1917 4081 2081 4128 retur.
2098 4072 2167 4127 At
2188 4091 2331 4128 nunc
2353 4076 2617 4144 cujusque
2635 4086 2715 4131 est
2738 4075 2953 4146 propria
2974 4075 3215 4145 quaedam
3238 4073 3466 4142 sphin”,

1916 4166 2213 4220 secundum
2260 4181 2423 4235 quam
2469 4181 2617 4221 nunc
2660 4167 2716 4220 in
2767 4164 3157 4235 consequentia
3218 4160 3466 4223 tendunt,

1916 4271 2062 4310 nunc
2094 4256 2147 4309 in
2183 4254 2579 4323 antecedentia,
2613 4271 2759 4310 nunc
2798 4271 2928 4310 vero
2967 4263 3093 4310 sunt
3130 4251 3464 4307 stationales.

1922 4347 2013 4403 Sic
2048 4348 2211 4419 igitur
2242 4356 2293 4402 et
2322 4348 2454 4403 solis
2507 4354 2561 4403 et
2592 4348 2733 4402 lunae
2778 4347 3030 4418 proprius
3056 4352 3139 4400 est
3170 4342 3386 4412 aliquis,
3415 4346 3472 4397 et

1921 4441 2205 4502 electivus,
2230 4446 2285 4493 et
2326 4440 2594 4497 naturalis
2638 4441 2935 4497 secundum
2979 4436 3315 4493 latitudinem
3353 4451 3469 4491 mo-

1921 4544 2006 4591 tus
2032 4553 2046 4600 ;
2082 4535 2379 4591 secundum
2409 4550 2568 4607 quem
2599 4549 2720 4588 cum
2750 4533 2818 4588 ab
2844 4546 3039 4587 occasu
3070 4544 3261 4585 versus
3291 4536 3467 4583 ortum

1920 4631 2225 4686 moventur,
2254 4623 2419 4677 simul
2466 4622 2618 4677 illum
2663 4620 2961 4675 latitudinis
3008 4625 3212 4673 motum
3240 4616 3465 4671 faciunt.

1918 4712 2074 4780 Quod
2121 4730 2248 4768 vero
2290 4730 2396 4768 non
2438 4715 2647 4783 possint
2692 4708 2988 4768 secundum
3032 4709 3363 4765 relictionem
3413 4709 3468 4762 in

1919 4805 2303 4873 consequentia
2350 4805 2503 4874 signa
2540 4817 2881 4872 progressum
2920 4800 3118 4865 facere,
3150 4798 3312 4854 etiam
3343 4797 3467 4851 hinc

1918 4905 2002 4951 est
2034 4895 2376 4950 manifestum
2407 4892 2551 4963 quod
2587 4909 2693 4948 non
2718 4900 3080 4962 congruenter
3107 4905 3230 4946 cum
3257 4891 3467 4959 magni—

1922 4987 2227 5049 tudinibus,
2295 5001 2472 5054 neque
2527 4999 2651 5039 cum
2707 4983 2986 5038 distantiis
3037 4982 3092 5036 hi
3144 4996 3467 5052 progressus

1922 5078 2071 5131 ﬂant.
2105 5076 2159 5130 Si
2201 5076 2344 5130 cnim
2389 5086 2606 5145 pr0pter
2652 5073 3049 5143 magnitudines
3072 5086 3360 5141 corporum
3388 5071 3472 5124 in-

1923 5170 2087 5224 ferius
2118 5175 2483 5231 moverentur,
2510 5181 2633 5221 cum
2664 5166 2896 5219 habeant
2929 5164 3215 5219 tardiorem
3262 5168 3468 5217 motum

1920 5277 2079 5330 quam
2114 5260 2280 5314 stella:
2309 5258 2635 5321 inerrantes,
2666 5256 2945 5325 oportebat
2965 5261 3322 5324 congruenter
3342 5268 3469 5307 cum

1921 5350 2381 5423 magnitudinibus
2406 5359 2460 5406 et
2490 5367 2611 5405 cum
2646 5348 2920 5405 distantiis
2958 5347 3265 5402 relictiones
3308 5344 3421 5401 ﬁeri
3453 5361 3469 5411 ;

1922 5445 2023 5499 hoc
2067 5460 2186 5500 cum
2232 5460 2338 5499 non
2375 5444 2487 5510 ﬁat,
2534 5457 2759 5498 necesse
2803 5448 2885 5498 est
2936 5439 3135 5504 dicere,
3168 5439 3465 5495 secundum
