3918 6216
67 243 199 299 829

1149 243 1385 298 GEMINI
1424 237 1795 298 ELEMENTA
1832 241 2320 306 ASTRONOMIE.

3224 263 3330 321 830

67 386 178 432 mc
201 365 410 436 ἀστὴρ,
435 362 550 434 ἄμα
581 363 860 434 γινόμενος
891 365 985 417 ὲπὶ
1010 365 1102 418 τού
1132 365 1404 436 ὁρίζοντος
1427 366 1561 435 πρὸς
1580 365 1678 436 τὴν

1787 365 1964 432 tionis,
1994 371 2150 424 stella
2180 371 2361 441 aliqua
2395 371 2446 424 in
2497 372 2776 428 borizonte
2821 376 3114 430 constituta
3142 381 3329 447 oritur,

76 459 250 518 κατὰ
277 459 373 512 τὸν
403 457 556 525 λόγον
597 456 898 526 ἀκρίϐειαν.
930 458 1041 510 Καὶ
1066 450 1224 511 αὗται
1255 457 1312 510 δὲ
1347 459 1402 510 αί
1441 457 1678 511 ἑπιτολαὶ

76 553 412 624 ἀθεώρητοι
440 551 677 618 γίνονται
706 549 794 602 διὰ
821 551 920 613 τὰς
963 551 1136 618 αὐγὰς
1164 550 1257 603 τού
1289 550 1458 621 ἡλίου.
1508 551 1594 602 Ἐν
1621 549 1676 602 δὲ

76 650 226 709 ταῖς
258 644 388 715 ἑξῆς
416 644 650 714 ἡμέραις
673 641 762 695 διὰ
783 643 882 712 τὴν
910 643 1003 695 τοῦ
1022 643 1174 713 ἡλίου
1203 643 1514 713 μετάϐασιν,
1552 659 1676 694 συν-

78 736 432 808 αιρουμένού
466 734 559 787 τοῦ
602 735 736 805 πρὸς
765 734 856 786 τὸν
891 734 1093 805 ἀστέρα
1133 735 1509 805 διαστήματος,
1543 751 1675 803 προο

81 828 392 883 ανατέλλει
430 826 529 897 μὲν
563 826 668 897 πρὸ
706 825 805 895 τῆς
828 825 920 878 τοῦ
955 825 1103 896 ἡλίου
1136 825 1355 888 δύσεως,
1387 824 1465 877 ἔτι
1497 824 1551 876 δὲ
1575 823 1678 876 ὑπὸ

78 920 192 974 τοῦ
223 919 381 991 ἡλίου
425 918 866 990 καταυγούμενος
897 917 1204 988 ἀθεώρητός
1234 920 1399 970 ἑστιν.
1433 918 1600 970 Ὅταν
1619 917 1676 970 δὲ

89 1011 249 1083 μετὰ
295 1011 396 1082 τὴν
443 1009 537 1063 τοῦ
562 1010 714 1081 ἡλίου
757 1010 906 1063 δύσιν
944 1011 1156 1082 πρῶτος
1191 1007 1541 1078 ἐκπεφευγὼς
1581 1008 1676 1070 τὰς

81 1105 282 1173 αὐγὰς
315 1103 408 1156 τοῦ
443 1102 595 1174 ἡλίου
627 1102 896 1174 θεωρηθῇ,
928 1103 1049 1156 τότε
1091 1102 1304 1170 λέγεται
1347 1101 1678 1170 φαινομένην

81 1199 370 1269 ὲσπερίαν
395 1195 647 1266 ἑπιτολὴν
670 1196 1017 1265 πεποιῆσθαι.
1063 1195 1150 1246 Ἐν
1172 1193 1228 1246 δὲ
1253 1197 1370 1256 ταῖς
1395 1193 1678 1262 ἐχομέναις

83 1291 226 1357 νυξὶ
257 1289 658 1362 μετεωρότερος
690 1287 776 1340 ἀεὶ
816 1285 1011 1356 μᾶλλον
1050 1287 1141 1339 καὶ
1173 1285 1368 1356 μᾶλλον
1412 1285 1672 1354 φαίνεται.

188 1379 425 1450 Ὁμοίως
455 1378 510 1431 δὲ
541 1379 634 1430 καὶ
655 1378 762 1431 τῶν
793 1377 995 1430 δύσεων
1023 1377 1274 1448 διαφοραὶ
1297 1377 1541 1444 λέγονται
1562 1375 1674 1428 δύο⁸

91 1475 160 1526 αἱ
197 1473 297 1544 μὲν
323 1471 431 1544 γὰρ
460 1470 638 1524 αὐτῶν
673 1468 801 1539 ἑῴαί
837 1470 995 1530 εἰσιν,
1036 1472 1090 1522 αἱ
1121 1469 1176 1521 δὲ
1203 1469 1472 1540 ἑσπέριαι.
1516 1466 1678 1536 Ἑῷαι

101 1567 214 1636 μὲν
234 1560 329 1618 οὖν
353 1562 596 1631 λέγονται
623 1561 825 1625 δύσεις,
855 1562 982 1614 ὅταν
1010 1561 1101 1614 τοῦ
1127 1561 1276 1634 ἡλίου
1303 1560 1678 1623 ἀνατέλλοντος

96 1656 244 1726 δύνῃ
275 1671 357 1718 τις
382 1653 585 1724 ἁστὴρο
613 1654 842 1724 ἑσπερία
883 1652 939 1704 δὲ
971 1652 1120 1715 δύσις
1156 1651 1391 1720 λέγεται,
1421 1652 1549 1705 ὅταν
1584 1649 1677 1702 τοῦ

97 1748 264 1816 ἡλίου
299 1745 544 1808 δύνοντος
575 1744 1050 1817 συγκαταφὲρηταί
1080 1762 1163 1806 τις
1205 1744 1378 1814 ἀστὴρ
1404 1744 1518 1813 ἅμα
1537 1741 1680 1810 γινό-

104 1855 276 1911 μενος
329 1837 434 1890 ὑπὸ
477 1838 566 1890 τὸν
598 1838 865 1910 ὁρίζοντα.
900 1840 1020 1890 Είσὶ
1061 1838 1116 1890 δὲ
1148 1839 1253 1891 τῶν
1297 1837 1444 1907 ἑῴων
1478 1837 1680 1889 δύσεων

100 1932 364 2002 διαφοραὶ
403 1930 516 1987 δύο.
548 1933 611 1983 Ai
638 1931 735 2001 μὲν
760 1931 868 2002 γάρ
901 1933 1033 1984 εἰσιν
1065 1929 1330 2000 ἀληθιναὶ,
1372 1930 1426 1982 αἱ
1465 1929 1521 1982 δὲ
1555 1945 1678 1997 φαι-

103 2027 332 2096 νόμεναι
351 2042 363 2055 ⁸
389 2024 640 2096 ἀληθιναὶ
667 2024 785 2094 μὲν,
810 2025 933 2077 ὅταν
963 2025 1056 2077 ἑπὶ
1082 2023 1174 2076 τοῦ
1195 2023 1464 2095 ὁρίζοντος
1490 2021 1681 2089 γένων-

103 2135 201 2170 ται
229 2118 257 2170 ὃ
289 2134 346 2170 τε
383 2116 533 2187 ἥλιος
564 2117 708 2169 καὶὸ
733 2116 904 2187 ἀστὴρ
924 2116 1105 2169 δύνων.
1134 2109 1301 2169 Αύται
1326 2115 1381 2167 δὲ
1418 2116 1473 2167 αἱ
1502 2114 1680 2175 δύσεις

106 2209 415 2282 ἀθεώρητοι
435 2209 687 2277 ,γίνονται
723 2210 811 2262 διὰ
843 2209 940 2273 τὰς
965 2208 1137 2277 αύγὰς
1166 2207 1258 2260 τοῦ
1292 2208 1460 2278 ἡλίου.
1488 2208 1676 2258 Φαινο-

112 2303 255 2373 μένη
279 2303 336 2356 δέ
372 2305 520 2356 ἑστιν
545 2302 652 2373 ἑῴα
672 2302 840 2366 δύσις,
866 2302 989 2354 ὅταν
1013 2301 1118 2372 πρὸ
1135 2299 1345 2373 τῆςτού
1375 2299 1526 2371 ἡλίου
1552 2299 1679 2352 ἁνα-

109 2392 274 2461 τολῆς
304 2394 362 2447 τὸ
391 2394 616 2464 ἔσχατον
658 2393 828 2446 δύνων
866 2394 894 2445 ὁ
931 2392 1106 2463 ἀστὴρ
1140 2390 1408 2463 θεωρηθῇ.
1451 2390 1680 2462 Ὁμοίως

110 2486 172 2537 δὲ
205 2485 298 2538 καὶ
325 2487 416 2538 ἐπὶ
440 2486 544 2538 τῶν
574 2485 841 2556 ἑσπερίων
861 2484 1064 2538 δύσεων
1092 2486 1145 2536 ai
1167 2482 1417 2554 διαφοραί
1437 2483 1541 2534 είσι
1567 2480 1676 2533 δύο.

111 2577 182 2627 Δί
213 2575 310 2645 μὲν
345 2574 450 2646 γὰρ
477 2575 657 2627 αὐτῶν
694 2576 830 2628 είσιν
854 2574 1121 2643 ἀληθιναὶ,
1159 2575 1215 2626 αἱ
1241 2574 1296 2626 δὲ
1327 2573 1639 2642 φαινόμεναι
1662 2587 1675 2600 ο

112 2667 388 2737 ἀληθιναὶ,
427 2668 554 2721 ὅταν
584 2667 1013 2739 ἀπαραλλάκτως
1042 2666 1132 2718 ἐπὶ
1171 2665 1264 2718 τοῦ
1288 2665 1556 2734 ὁρίζοντος
1584 2662 1677 2731 γέ-

114 2778 274 2830 νηται
291 2763 318 2814 ὁ
349 2761 497 2830 ἥλιος
524 2761 617 2813 καὶ
639 2763 666 2814 ὁ
689 2759 862 2830 ἀστὴρ
883 2759 1179 2831 ἀμφότεροι
1206 2757 1447 2820 δύνοντες
1466 2773 1478 2785 ⁸
1505 2755 1676 2810 ἀθεώ-

119 2871 274 2925 ρητοι
298 2854 354 2908 δὲ
383 2857 475 2908 καὶ
510 2848 668 2907 αὗται
697 2854 751 2907 αἱ
781 2852 959 2915 δύσεις
995 2851 1231 2920 γίνονται
1261 2851 1346 2904 διὰ
1375 2848 1472 2912 τὰς
1508 2847 1679 2916 αύγὰς

111 2945 214 3000 τοῦ
253 2945 430 3015 ἡλίου·
464 2946 784 3016 φαινόμεναι
816 2945 873 2997 δέ
895 2946 1029 2997 εἰσιν
1053 2942 1300 3014 ἑσπέριαι
1330 2942 1528 3004 δύσεις,
1553 2943 1680 2994 ὅταν

1781 461 1896 515 sole
1931 463 2231 518 occidente.
2264 463 2440 532 Atque
2468 463 2520 516 lii
2555 473 2710 519 ortus
2744 473 2870 519 sunt
2899 466 3191 522 invisibiles
3211 483 3331 536 pro-

1779 557 1898 618 pter
1924 551 2108 607 radios
2150 552 2301 606 solis.
2331 549 2388 604 ln
2417 551 2610 606 diebus
2648 567 2778 606 vero
2807 553 3182 620 sequentibus,
3211 569 3332 607 cum

1781 653 2000 711 propter
2029 643 2162 696 solis
2187 658 2535 712 progressum
2565 643 2825 697 distantia
2854 643 2974 712 ejus
3002 659 3032 696 a
3059 644 3212 698 stella
3243 645 3336 697 mi.

1779 742 2000 800 nuatur,
2051 735 2208 789 stella
2245 735 2461 804 quidem
2507 736 2682 789 oritur
2730 743 2856 789 ante
2899 735 3030 788 solis
3059 749 3334 798 occasum,

1779 825 1956 878 adhuc
1985 833 2164 879 tamen
2197 841 2226 878 a
2251 826 2366 880 sole
2395 825 2684 880 obscurata
2723 825 3013 881 invisibilis
3063 835 3180 882 est:
3213 840 3334 878 cum

1781 931 1908 969 vero
1949 925 2072 984 post
2110 917 2243 971 solis
2279 932 2529 972 occasum
2572 908 2804 986 primum
2837 924 3129 986 conspecta
3174 915 3337 969 fuerit

1779 1006 2034 1075 eﬂugisse
2070 1008 2252 1063 radios
2283 1009 2437 1073 solis,
2469 1017 2597 1063 tunc
2632 1009 2837 1062 dicitur
2863 1016 3207 1079 apparentem
3243 1024 3334 1062 vc—

1779 1095 2083 1162 spertinum
2129 1105 2304 1150 ortum
2351 1097 2547 1152 facere.
2578 1099 2637 1150 in
2680 1099 3032 1167 sequentibus
3079 1113 3207 1152 vero
3235 1113 3335 1152 no-

1778 1186 1956 1240 ctibus
2005 1203 2216 1258 semper
2254 1189 2427 1260 magis
2467 1191 2745 1261 magisque
2790 1191 3039 1246 sublimis
3088 1197 3334 1261 apparet.

1851 1387 2113 1445 Similiter
2141 1390 2302 1445 etiam
2338 1406 2628 1446 occasuum
2659 1391 2778 1445 duae
2805 1391 3059 1446 dicuntur
3085 1391 3337 1447 differen-

1781 1483 1898 1536 tiae:
1933 1484 2126 1537 horum
2155 1484 2296 1538 enim
2325 1484 2414 1537 alii
2447 1492 2576 1538 sunt
2603 1483 2874 1549 matutini,
2903 1485 2994 1538 alii
3018 1484 3333 1554 vespertini,

1779 1575 2030 1628 matutini
2066 1590 2297 1631 occasus
2331 1575 2607 1644 dicuntur,
2645 1591 2766 1630 cum
2804 1578 2918 1631 sole
2957 1575 3164 1630 oriente
3190 1575 3337 1629 occi-

1780 1664 1858 1718 dit
1891 1665 2044 1718 stella
2077 1665 2280 1736 aliqua.
2314 1665 2522 1720 Dicitur
2554 1668 2894 1736 vespertinus
2924 1681 3173 1730 occasus,
3208 1680 3335 1720 cum

1783 1757 1896 1810 sole
1944 1757 2227 1811 occidente
2279 1759 2440 1811 simul
2486 1759 2666 1828 aliqua
2712 1760 2865 1814 stella
2913 1758 3156 1814 defertur
3193 1755 3336 1812 intra

1781 1845 2134 1899 horizontem.
2193 1845 2330 1901 Sunt
2370 1857 2548 1903 autem
2603 1849 2990 1904 matutinorum
3041 1863 3334 1904 occasuum

1779 1935 2098 1990 diti‘erentiac
2139 1937 2276 1991 diuae.
2310 1939 2412 1992 Alii
2448 1939 2590 1994 enim
2621 1949 2748 1994 sunt
2789 1939 2924 2002 veri,
2957 1940 3046 1992 alii
3076 1953 3336 2009 apparen-

1779 2037 1862 2081 tes
1889 2046 1902 2080 :
1929 2028 2041 2081 veri
2075 2029 2314 2097 quidem.
2347 2045 2469 2083 cum
2515 2031 2675 2085 simul
2718 2032 2768 2084 in
2805 2031 3086 2084 borizonte
3130 2029 3336 2084 consti-

1779 2120 1881 2174 tuti
1926 2120 2124 2174 tuerint
2163 2131 2215 2176 ct
2263 2123 2344 2175 sol
2401 2130 2453 2178 et
2505 2123 2696 2189 stella;
2744 2123 2825 2178 sol
2871 2122 3087 2191 quidem
3127 2121 3330 2186 oriens,

1779 2213 1933 2266 stella
1963 2228 2092 2267 vero
2131 2213 2408 2270 occidens.
2445 2214 2508 2268 l-li
2554 2222 2731 2269 autem
2763 2230 2991 2270 occasus
3034 2212 3334 2268 invisibiles

1781 2312 1908 2358 sunt
1941 2313 2160 2374 pr0pter
2181 2304 2361 2360 radios
2387 2305 2553 2372 solis;
2583 2321 2849 2375 apparens
2886 2320 3013 2359 vero
3036 2303 3334 2359 matutinus

1780 2411 2010 2451 occasus
2052 2404 2155 2460 est,
2189 2411 2309 2450 cum
2341 2405 2464 2450 ante
2502 2399 2632 2452 solis
2662 2408 2838 2451 ortum
2870 2405 3143 2467 postremo
3182 2396 3337 2451 stella

1781 2495 2062 2554 spectatur
2095 2487 2366 2542 occidere.
2404 2485 2664 2542 Similiter
2710 2487 2870 2542 etiam
2923 2487 2975 2540 in
3016 2487 3337 2556 vespertinis

1781 2578 2070 2632 occasibus
2113 2577 2234 2632 dua:
2268 2587 2396 2632 sunt
2427 2579 2764 2632 dillereiitim.
2809 2578 2912 2630 Alii
2957 2576 3100 2631 enim
3145 2592 3334 2632 eorum

1781 2679 1909 2724 sunt
1945 2670 2076 2733 veri,
2112 2670 2202 2724 alii
2229 2677 2571 2739 apparentes.
2603 2668 2727 2722 Veri
2757 2668 2995 2736 quidem,
3026 2683 3149 2721 cum
3175 2667 3338 2721 ambo

1782 2763 2001 2832 penitus
2048 2764 2098 2816 iu
2143 2762 2426 2816 liorizonte
2467 2759 2752 2816 constituti
2791 2759 3012 2820 fuerint,
3062 2764 3116 2811 et
3163 2757 3245 2811 sol
3282 2764 3338 2811 et

1781 2855 1938 2910 stella
1970 2854 2128 2908 ambo
2161 2853 2492 2907 Occidentes.
2534 2850 2840 2906 lnvisibiles
2871 2857 2996 2904 sunt
3021 2856 3074 2902 et
3098 2847 3151 2902 hi
3184 2862 3340 2902 occa-

1783 2962 1878 3001 sus
1910 2955 2127 3015 propter
2155 2944 2336 3000 radios
2370 2945 2518 3000 solis.
2539 2948 2874 3014 Apparentes
2903 2948 3078 2995 autem
3107 2952 3337 2995 occasus

119 3035 264 3107 μετὰ
305 3036 398 3106 τὴν
432 3035 524 3089 τοῦ
574 3034 726 3106 ἡλίου
773 3034 923 3087 δύσιν
971 3031 1329 3103 ἐπικαταδύνῃ
1377 3048 1460 3095 τις
1505 3029 1679 3103 ἀστὴρ

1787 3037 2077 3106 vespertini
2111 3045 2258 3101 sunt,
2289 3052 2412 3089 cum
2445 3043 2568 3105 post
2594 3035 2703 3105 28
2723 3033 2856 3088 solis
2895 3046 3151 3087 occasum
3193 3031 3339 3085 insu-

113 3127 200 3197 τῷ
229 3128 381 3198 ἡλίῳ,
417 3127 786 3199 θεωρούμενος
817 3127 903 3194 ὑφ’
939 3125 1112 3196 ἡμῶν.
1149 3125 1267 3177 Τῶν
1297 3124 1395 3195 μὲν
1421 3119 1514 3176 οὖν
1535 3122 1682 3192 ἑῴων

117 3219 379 3273 ἑπιτολῶν
419 3221 512 3276 καὶ
541 3219 744 3273 δύσεων
775 3218 1034 3288 πρότερον
1066 3217 1299 3285 γίνονται
1331 3218 1384 3268 αί
1413 3214 1681 3286 ἀληθιναὶ,

117 3312 346 3382 ὕστερον
365 3312 421 3364 δὲ
449 3315 504 3364 αἱ
535 3311 850 3381 φαινόμεναι
869 3327 880 3339 ο
911 3309 1020 3362 τῶν
1048 3309 1103 3361 δὲ
1127 3309 1393 3380 ἑσπερίων
1422 3305 1682 3360 ἑπιτολῶν

114 3420 181 3455 τε
208 3403 301 3455 καὶ
321 3403 520 3456 δύσεων
545 3403 805 3474 πρότερον
835 3402 1075 3469 γίνονται
1105 3402 1158 3453 αἱ
1178 3399 1513 3469 ψαινόμεναι,
1536 3395 1685 3450 ὔστε-

123 3513 219 3567 ρον
247 3495 301 3548 δὲ
337 3497 391 3548 αί
425 3495 692 3565 ἀληθιναί.
729 3492 869 3562 Ἐᾠα
897 3493 997 3564 μὲν
1019 3491 1236 3562 ὲπιτολὴ
1266 3491 1372 3545 ἀπὸ
1403 3490 1560 3560 ἑῴας,
1591 3490 1684 3542 καὶ

123 3588 355 3657 ἑσπερία
389 3587 608 3658 ἑπιτολὴ
635 3587 740 3640 ἀπὸ
767 3585 1026 3656 ἑσπερίας
1047 3584 1317 3654 ἑπιτολῆς,
1343 3585 1436 3636 καὶ
1461 3581 1682 3635 καθόλου

127 3681 239 3732 πᾶν
265 3680 322 3732 τὸ
352 3681 535 3750 ὅμοιον
567 3674 704 3740 εἶδος
735 3677 840 3730 ἀπὸ
865 3676 957 3730 τού
986 3677 1172 3746 ὁμοίου
1198 3676 1391 3738 εἴδους,
1421 3676 1550 3728 πᾶσι
1575 3677 1684 3738 τοῖς

127 3775 342 3840 ἄστροις
376 3770 440 3823 δι’
473 3768 715 3823 ἐνιαυτοῦ
757 3770 996 3837 γίνεται·
1035 3769 1063 3820 ὁ
1097 3767 1202 3838 γὰρ
1242 3768 1411 3836 ἥλιος,
1456 3767 1684 3837 ἑνιαυτῷ

125 3860 344 3914 διελθὼν
361 3861 452 3914 τὸν
472 3859 730 3924 ζωδιακὸν
759 3857 976 3922 κύκλον,
1002 3857 1160 3912 πάλιν
1189 3859 1326 3911 κατὰ
1347 3858 1468 3922 τοὺς
1493 3858 1683 3921 αὐτοὺς

128 3952 356 4024 ἀστέρας
385 3952 610 4020 γίνεται.

211 4132 344 4204 Ἐᾠα
377 4133 432 4186 δὲ
463 4130 684 4202 ἑπιτολὴ
724 4131 830 4183 ἀπὸ
863 4129 1122 4200 ἑσπερίας
1159 4125 1411 4198 ἑπιτολῆς
1442 4129 1552 4188 τοῖς
1585 4125 1684 4195 μὲν

127 4227 222 4279 ἑπὶ
246 4225 336 4278 τοῦ
383 4223 646 4288 ζωδιακοῦ
684 4222 881 4276 κύκλου
909 4222 1177 4292 κειμένοις
1224 4220 1439 4291 ἄστροις
1473 4218 1537 4271 δι’
1564 4219 1685 4285 ἑξα-

131 4320 296 4387 μήνου
323 4317 552 4384 γίνεται,
586 4315 680 4368 καὶ
705 4313 814 4384 ἑῴα
844 4313 992 4378 δύσις
1021 4313 1129 4366 ἀπὸ
1163 4313 1418 4384 ἑσπερίας
1446 4312 1648 4376 δύσεως
1667 4330 1679 4342 -

1787 3145 1881 3200 per
1907 3129 2107 3184 occidit
2133 3130 2312 3199 aliqua
2345 3129 2500 3183 stella
2529 3135 2820 3197 conspecta
2849 3143 2876 3180 a
2905 3124 3082 3180 nobis.
3114 3124 3191 3184 Ex
3220 3139 3336 3177 ma-

1786 3220 1977 3274 tutinis
2009 3219 2170 3288 igitur
2194 3220 2402 3275 ortibus
2423 3227 2477 3272 et
2504 3218 2810 3279 occasibus,
2843 3217 2878 3269 ii
2911 3215 3002 3285 qui
3037 3213 3334 3275 sunt‘vcri,

1786 3313 1938 3382 prius
1974 3310 2138 3376 fiunt;
2169 3312 2262 3381 qui
2306 3318 2648 3380 apparentes,
2686 3309 2976 3378 posterius.
3008 3305 3086 3359 Ex
3118 3318 3338 3374 vesper-

1786 3405 1918 3460 tinis
1956 3421 2083 3460 vero
2115 3405 2326 3460 ortibus
2363 3410 2418 3458 et
2446 3401 2732 3457 occasibus
2766 3401 2823 3463 ii,
2863 3400 2954 3470 qui
3001 3407 3127 3454 sunt
3170 3412 3338 3467 appa-

1785 3505 1988 3563 rentes,
2027 3497 2178 3566 prius
2211 3496 2381 3561 ﬁunt;
2422 3495 2514 3565 qui
2543 3494 2674 3557 veri,
2725 3494 3013 3563 posterius.
3043 3491 3338 3546 Matutinus

1785 3587 2000 3658 quidem
2035 3597 2190 3641 ortus
2212 3595 2336 3656 post
2362 3586 2706 3649 matutinum,
2737 3594 2790 3639 et
2814 3584 3154 3653 vespertinus
3184 3593 3339 3636 ortus

1786 3686 1908 3748 post
1941 3677 2310 3747 vespertinum
2337 3684 2514 3730 ortum
2542 3694 2555 3729 :
2585 3675 2713 3728 etin
2750 3690 2959 3729 summa
2984 3673 3161 3727 omnis
3195 3671 3340 3725 simi-

1787 3770 1853 3824 lis
1888 3771 2095 3840 species
2129 3784 2157 3820 a
2203 3768 2366 3823 simili
2409 3767 2588 3837 specie
2616 3767 2867 3821 omnibus
2911 3765 3072 3820 astris
3116 3780 3211 3834 per
3242 3780 3340 3816 an-

1785 3877 1914 3916 num
1953 3861 2248 3930 contingit;
2284 3859 2365 3914 sol
2390 3860 2534 3913 enim
2571 3872 2751 3910 annuo
2790 3865 3028 3926 tempore
3057 3855 3336 3908 zodiacum

1785 3953 2051 4010 circulum
2081 3965 2398 4021 peragrans,
2434 3965 2627 4004 rursus
2670 3947 2736 4001 ad
2767 3947 2983 4002 easdem
3019 3946 3206 4001 stellas
3244 3961 3336 4000 ac-

1784 4045 1947 4100 cedit.

1859 4135 2154 4191 Matutinus
2187 4143 2342 4190 ortus
2376 4149 2406 4188 a
2436 4132 2746 4204 vespertino
2777 4139 2900 4186 ortu
2931 4130 2998 4187 iis
3032 4131 3193 4186 astris
3221 4146 3341 4200 qua:

1787 4232 1839 4284 in
1871 4229 2094 4283 zodiaco
2115 4237 2242 4282 sunt
2265 4227 2390 4287 sita,
2416 4241 2510 4296 per
2529 4231 2789 4279 semestre
2810 4229 3024 4292 tempus
3043 4222 3341 4293 contingit;

1789 4323 1916 4377 item
1971 4321 2271 4376 matutinus
2323 4333 2552 4372 occasus
2585 4333 2614 4370 a
2661 4315 2974 4388 vespertino
3013 4328 3244 4381 occasu;
3289 4323 3345 4366 at

128 4410 239 4474 τοῖς
269 4411 322 4464 δὲ
355 4409 708 4480 βορειοτέροις
745 4406 840 4460 τοῦ
884 4405 1146 4470 ζωδιακοῦ
1181 4405 1378 4459 κύκλου
1415 4406 1680 4476 κειμένοις

1789 4414 1856 4470 iis
1887 4413 2076 4476 astris,
2107 4428 2230 4481 qua:
2257 4419 2409 4465 extra
2441 4409 2724 4464 zodiacum
2755 4425 2946 4464 versus
2975 4408 3195 4464 boream
3219 4415 3346 4462 sunt

137 4504 342 4574 imper;
370 4501 478 4572 ἑῴα
511 4501 608 4571 μὲν
638 4498 856 4570 ἑπιτολὴ
894 4498 1002 4552 ἀπὸ
1042 4497 1296 4569 ἑσπερίας
1327 4497 1576 4569 ἑπιτολῆς
1597 4497 1684 4551 διὰ

138 4592 367 4654 πλείονος
389 4591 577 4661 χρόνου
607 4589 638 4661 ἢ
675 4587 1024 4658 ἑξαμηνιαίου
1063 4589 1269 4654 γίνεται
1290 4605 1302 4618 ·
1337 4591 1447 4651 τοῖς
1471 4587 1526 4640 δὲ
1553 4589 1685 4658 πρὸς

133 4683 470 4754 μεσημϐρίαν
499 4682 769 4752 κειμένοις
792 4679 885 4733 τού
911 4678 1170 4742 ζωδιακοῦ
1206 4678 1402 4732 κύκλου
1432 4678 1540 4748 ἑῴα
1567 4681 1686 4731 ἑπι-

139 4773 255 4847 εολὴ
295 4777 400 4829 ἀπὸ
431 4775 688 4847 ὲσπερίας
716 4773 964 4844 ἑπιτολῆς
1003 4774 1069 4826 δι’
1097 4772 1370 4835 ἐλάττονος
1406 4772 1438 4842 ἢ
1484 4771 1686 4842 ἐξαμη-

141 4867 297 4923 θιαίου
345 4867 535 4939 χρόνου
578 4866 802 4936 γίνεται.
849 4865 908 4918 Ὀ
933 4863 988 4916 δὲ
1032 4862 1338 4925 πλεονάζων
1365 4863 1553 4933 χρόνος
1592 4861 1683 4915 τοῦ

131 4961 395 5031 ἑξαμήνου
422 4959 520 5012 ούκ
551 4958 666 5012 ἐστι
688 4959 819 5011 πᾶσι
847 4959 957 5020 τοῖς
986 4958 1202 5027 ἄστροις
1223 4955 1542 5026 ὡρισμένος,
1571 4954 1684 5007 ἀλλ’

127 5047 212 5114 οἷς
240 5053 332 5116 μὲν
381 5050 596 5113 πλείων,
629 5047 710 5113 οἷς
749 5049 805 5102 δὲ
842 5049 1094 5102 ἐλάττων.
1132 5049 1255 5110 Τοῖς
1299 5047 1354 5100 δὲ
1397 5047 1502 5117 γὰρ
1551 5049 1684 5118 πρὸς

133 5145 327 5212 ἄρκτον
361 5141 448 5194 ἀεὶ
477 5139 674 5210 μᾶλλον
718 5138 989 5209 κειμένοις
1022 5138 1220 5190 πλείων
1249 5138 1333 5189 ἀεὶ
1368 5137 1461 5189 καὶ
1488 5136 1684 5189 πλείων

131 5241 164 5290 ὁ
187 5235 362 5303 ’(οόνος
399 5233 624 5302 γίνεται,
647 5231 734 5285 διὰ
767 5231 828 5284 τὸ
870 5229 1089 5300 μείζονα
1115 5232 1374 5302 τμήματα
1408 5229 1544 5300 ὑπὲρ
1581 5230 1684 5300 γῆν

133 5326 383 5400 φέρεσθαι
413 5329 523 5390 τοῖς
558 5325 603 5356 ⁸⁸
635 5325 722 5378 ἀεὶ
756 5323 954 5394 μᾶλλον
993 5322 1126 5394 πρὸς
1159 5325 1356 5396 ἄρκτον
1391 5321 1680 5392 κειμένοις.

135 5420 256 5480 Τοῖς
285 5417 334 5470 δὲ
359 5418 490 5488 πρὸς
521 5414 861 5488 μεσημϐρίαν
910 5415 1106 5483 μᾶλλον
1131 5415 1393 5485 κειμένοις
1439 5416 1523 5468 ἀεὶ
1553 5415 1686 5484 μᾶλ-

139 5510 226 5562 λον
261 5524 344 5562 και
385 5508 581 5578 μᾶλλον
616 5507 848 5560 ἐλάττων
882 5507 909 5558 ὁ
953 5507 1136 5578 χρόνος
1167 5507 1395 5576 γίνεταιο
1434 5507 1683 5561 ἐλάττονα

293 5691 333 5758 Ι.
370 5688 515 5753 τούς,
555 5699 606 5743 et
642 5691 942 5758 κειμένους.

1794 4507 1919 4569 sita,
1945 4505 2246 4559 matutinus
2277 4512 2430 4558 ortus
2475 4518 2506 4554 a
2541 4501 2849 4570 vespertino
2887 4510 3009 4556 ortu
3044 4517 3139 4572 per
3169 4499 3347 4570 majus

1793 4607 2006 4666 tempus
2032 4611 2192 4666 quam
2237 4602 2495 4650 semestre
2528 4593 2828 4662 contingit;
2884 4593 3046 4648 astris
3073 4609 3201 4647 vero
3237 4592 3343 4654 his.

1792 4705 1913 4758 quae
1943 4699 2094 4742 extra
2125 4687 2402 4741 zodiacum
2451 4699 2643 4739 versus
2669 4684 2948 4738 meridiem
2980 4684 3155 4754 posita
3195 4693 3344 4746 sunt,

1793 4780 2094 4832 matutinus
2118 4785 2272 4830 ortus
2293 4791 2321 4828 a
2358 4776 2668 4845 vespertino
2701 4783 2823 4829 ortu
2849 4789 2942 4845 per
2969 4774 3186 4829 brevius
3209 4784 3347 4828 tem-

1797 4887 1917 4940 pus,
1949 4886 2109 4939 quam
2154 4879 2438 4932 semestre,
2477 4868 2761 4938 contingit.
2797 4867 3032 4936 Tempus
3073 4881 3202 4920 vero
3235 4882 3350 4920 ma»

1787 4966 1879 5034 jus
1917 4963 2164 5017 semestri
2202 4976 2308 5014 non
2343 4969 2426 5015 est
2455 4961 2710 5014 omnibus
2737 4961 2899 5014 astris
2920 4957 3220 5023 deﬁnitum,
3255 4957 3350 5012 sed

1795 5060 1920 5113 aliis
1951 5057 2184 5126 longius,
2212 5055 2332 5107 aliis
2357 5055 2598 5108 brevius.
2623 5053 2755 5108 Nam
2783 5054 2849 5109 iis
2881 5053 3042 5108 astris
3071 5067 3190 5122 qua:
3220 5067 3352 5106 sem-

1795 5166 1890 5221 per
1909 5148 2080 5217 magis
2103 5146 2381 5214 magisque
2411 5160 2602 5199 versus
2630 5145 3050 5214 septentrionem
3074 5151 3200 5197 sunt
3223 5141 3349 5202 sita,

1794 5255 2008 5309 semper
2041 5252 2259 5306 quoque
2285 5235 2460 5304 majus
2489 5234 2778 5303 majusque
2809 5246 3022 5304 tempus
3053 5234 3350 5304 contingit:

1792 5350 1857 5387 eo
1895 5328 2041 5401 quod
2073 5342 2284 5397 semper
2312 5326 2520 5394 majora
2545 5336 2823 5395 segmenta
2846 5341 3009 5395 supra
3048 5335 3246 5380 terram
3276 5322 3354 5378 ie-

1801 5434 1992 5479 rantur
2022 5422 2090 5477 iis
2125 5436 2242 5490 quae
2266 5433 2478 5486 semper
2509 5415 2680 5484 magis
2717 5431 2906 5470 versus
2933 5415 3353 5484 septentrionem

1795 5528 1916 5575 sunt
1942 5517 2135 5588 posita.
2161 5513 2224 5566 At
2257 5512 2322 5566 iis
2353 5510 2511 5565 astris
2539 5526 2658 5580 qui»
2706 5524 2894 5564 versus
2929 5509 3204 5565 mendiem
3241 5525 3354 5564 ma-
