4000 6206
606 272 704 327 851

1627 267 1967 326 APPENDIX
2006 262 2098 322 AD
2120 261 2397 322 EUSEBII
2435 263 2850 324 CHBONICON.

3723 259 3838 316 sm

607 394 691 464 gis
716 390 1015 455 declinant,
1044 405 1257 460 semper
1294 389 1465 461 magis
1493 390 1774 460 magisque
1799 389 2019 446 brevius
2043 405 2165 446 eve-

2274 385 2378 458 γὰρ
2410 386 2478 440 τὰ
2504 388 2765 458 τμήματα
2796 385 2936 456 ὑπὲρ
2981 383 3085 452 γῆν
3127 380 3378 453 φέρονται
3426 380 3478 433 οἰ
3524 378 3659 450 πρὸς
3699 395 3835 450 μιτ-

610 486 693 541 nit
734 496 977 554 tempus;
1020 483 1190 537 stellae
1242 483 1387 537 enim
1440 497 1628 538 versus
1671 481 1951 536 meridiem
1984 483 2173 553 positae

609 579 863 634 feruntur
891 576 946 631 in
980 576 1286 631 minoribus
1312 575 1603 646 segmentis
1644 591 1810 645 supra
1845 583 2066 630 terram.

679 670 882 726 Contra
913 669 982 723 iis
1007 669 1185 723 stellis
1208 682 1329 739 quae
1359 675 1511 722 extra
1538 668 1823 723 zodiacum
1853 684 2046 725 versus
2078 670 2176 724 bo-

611 776 760 818 ream
791 769 921 816 sunt
954 760 1094 821 sitae.
1137 768 1352 829 tempus
1398 758 1531 813 illud
1566 759 1748 815 minus
1789 768 1873 815 est
1903 761 2171 828 semestri,

608 851 754 924 quod
788 862 871 908 est
903 866 935 905 a
966 853 1231 906 matutino
1276 867 1476 906 occasu
1514 867 1687 921 usque
1712 852 1779 906 ad
1804 856 2171 922 vespertinum

611 953 815 1001 ortum.
858 944 930 1000 lis
955 958 1082 998 vero
1120 943 1316 1004 stellis,
1353 958 1475 1013 quae
1506 959 1696 999 versus
1742 945 2019 999 meridiem
2047 954 2174 1001 sunt

612 1039 825 1112 positae,
861 1036 1039 1105 majus
1071 1036 1322 1090 semestri
1364 1042 1449 1090 est
1493 1044 1706 1105 tempus
1728 1036 1883 1104 illud,
1913 1036 2057 1108 quod
2089 1045 2175 1092 est

613 1143 644 1181 a
679 1129 947 1183 matutino
993 1142 1191 1181 occasu
1238 1142 1412 1196 usque
1454 1127 1520 1181 ad
1559 1128 1926 1198 vespertinum
1970 1137 2170 1183 ortum.

615 1217 865 1275 Varietas
890 1226 1068 1273 autem
1092 1226 1402 1288 temporum
1435 1218 1725 1289 respondet
1749 1220 2027 1275 distantiis
2048 1221 2177 1275 stel-

614 1311 789 1364 larum
822 1323 851 1362 a
890 1306 1112 1363 zodiaca
1148 1308 1377 1373 circulo,
1422 1308 1719 1362 secundum
1773 1317 2172 1380 segmentorum

611 1401 951 1465 varietatem,
985 1415 1108 1470 qua;
1138 1414 1303 1469 supra
1324 1406 1527 1454 terram
1550 1400 1620 1455 ab
1639 1399 1920 1455 horizonte
1950 1399 2175 1454 interci-

612 1493 854 1563 piuntur.

682 1604 867 1662 Stellis
907 1605 976 1662 iis
1004 1621 1127 1676 quae
1166 1606 1225 1660 in
1257 1605 1484 1661 zodiaco
1541 1606 1748 1662 circulo
1787 1614 1915 1663 sunt
1947 1606 2065 1662 sitae
2102 1605 2176 1662 si-

2273 497 2305 552 η
2314 478 2510 550 μϐριαν
2535 478 2761 549 ἀστέρες
2784 471 3041 547 κείμενοι.

2353 678 2642 734 Ἀνάπαλιν
2665 676 2723 730 δὲ
2737 679 2849 740 τοῖς
2867 675 3005 746 πρὸς
3019 674 3217 745 ἄρκτον
3238 671 3509 741 κειμένοις
3528 668 3625 723 τοῦ
3646 668 3838 732 ζωδια-

2273 772 2368 826 κοῦ
2388 770 2585 824 κύκλου
2611 767 2846 821 ἐλάττων
2867 764 2983 819 έστί
3009 763 3196 835 χρόνος
3216 761 3483 832 ἑξαμήνου
3514 761 3543 812 ὁ
3569 760 3683 813 ἀπὸ
3702 759 3839 829 ἑῴας

2271 863 2474 924 δύσεως
2521 859 2709 930 μέχρις
2751 855 3008 927 έσπερίας
3056 852 3340 921 ὲπιτολῆς’
3374 852 3422 883 ⁸⁸
3452 853 3564 914 τοῖς
3607 851 3668 904 δὲ
3707 850 3841 920 πρὸς

2277 951 2620 1024 μεσημϐρίαν
2644 948 2844 1002 πλείων
2867 950 2895 1001 ὁ
2927 946 3113 1018 χρόνος
3134 943 3404 1015 ἑξαμήνου
3440 943 3547 996 ἀπὸ
3576 941 3724 1013 ἑῴας
3749 942 3843 996 δύ-

2274 1061 2410 1107 σεως
2448 1042 2637 1114 μέχρις
2692 1038 2950 1110 έσπερίας
2995 1036 3266 1107 ὲπιτολῆς.
3309 1036 3372 1089 Ἠ
3409 1036 3466 1089 δὲ
3515 1034 3842 1105 παραλλαγὴ

2273 1133 2380 1187 τῶν
2416 1132 2622 1204 χρόνων
2646 1128 2953 1191 ἀκολούθως
2979 1127 3186 1195 γίνεται
3206 1128 3326 1187 ταῖς
3353 1123 3686 1196 προστάσεσι
3725 1128 3844 1186 ταῖς

2272 1224 2380 1278 ἀπὸ
2409 1222 2502 1276 τοῦ
2542 1218 2807 1285 ζωδιακοῦ
2841 1216 3041 1270 κύκλου
3087 1215 3227 1269 κατά
3252 1215 3349 1286 τὴν
3391 1214 3500 1266 τῶν
3537 1213 3845 1284 τμημάτων

2274 1313 2629 1386 παραλλαγὴν
2677 1310 2784 1364 τῶν
2830 1308 2972 1381 ὑπὲρ
3014 1306 3118 1377 γῆν
3156 1304 3688 1377 ἀπολαμϐανομένων
3743 1304 3843 1357 ὑπὸ

2272 1405 2367 1461 τοῦ
2399 1402 2689 1476 ὁρίζοντος.

2344 1612 2470 1676 Τοῖς
2500 1609 2557 1663 δὲ
2604 1608 2697 1662 ἐπὶ
2728 1605 2821 1660 τοῦ
2862 1605 3126 1671 ζωδιακοῦ
3169 1603 3368 1659 κύκλου
3411 1604 3683 1675 κειμένοις
3734 1604 3842 1674 ἃμα

610 1698 724 1752 mul
756 1697 1023 1769 contingit
1057 1697 1362 1753 matutinus
1409 1705 1564 1753 ortus
1616 1704 1671 1753 et
1704 1697 2045 1762 vespertinus
2078 1712 2173 1752 oc-

2277 1704 2480 1773 γίνεται
2511 1699 2619 1771 έῴα
2668 1697 2886 1770 ἑπιτολὴ
2922 1696 3016 1751 καί
3062 1695 3301 1770 ἑσπέρια,
3337 1695 3506 1760 δύσις,
3540 1697 3638 1749 καὶ
3680 1696 3842 1750 πάλιν

611 1804 793 1852 casus,
829 1797 884 1844 et
916 1805 1109 1845 rursus
1160 1789 1322 1844 simul
1356 1789 1656 1845 matutinus
1694 1804 1924 1845 occasus
1995 1797 2048 1844 et
2080 1805 2164 1844 vc-

612 1882 890 1952 spcrtinus
917 1888 1093 1938 ortus.
1143 1879 1390 1952 Reliquis
1421 1882 1586 1937 astris
1632 1897 1741 1936 non
1774 1881 1935 1935 simul
1977 1881 2172 1950 praedi-

611 1980 714 2031 ctae
744 1976 953 2047 species
984 1975 1370 2048 perficiuntur;
1402 1976 1496 2032 sed
1531 1976 1614 2030 hae
1640 1975 1850 2029 variant
1874 1974 2171 2028 secundum

612 2074 876 2137 tempora,
916 2082 1040 2121 cum
1066 2068 1235 2124 stellae
1260 2068 1494 2122 habeant
1524 2067 1845 2121 circularem
1876 2073 2081 2120 motum
2105 2068 2173 2121 ab

613 2168 735 2214 ortu
766 2176 957 2217 versus
987 2176 1267 2217 occasum.
1310 2162 1440 2227 Quae
1478 2162 1625 2217 enim
1666 2176 1856 2216 eorum
1900 2170 2172 2216 astrorum

613 2252 716 2306 sita
750 2259 879 2307 sunt
911 2253 964 2306 in
999 2254 1208 2308 circulo
1238 2254 1631 2325 aequinoctiali,
1678 2254 1942 2324 aequalem
1971 2253 2173 2308 habent

613 2358 836 2398 cursum
887 2359 1051 2414 supra
1087 2352 1313 2409 terram,
1345 2354 1400 2400 et
1435 2345 1574 2400 infra
1616 2353 1849 2413 terram;
1893 2346 2172 2415 mqualiter

612 2432 756 2487 enim
791 2442 1008 2488 secatur
1033 2435 1434 2506 aequinoctialis
1470 2436 1713 2491 circulus
1741 2436 1809 2489 ab
1846 2435 2124 2490 horizonte
2154 2453 2167 2488 :

614 2537 734 2591 quae
785 2538 917 2577 vero
971 2531 1119 2578 astra
1165 2532 1318 2579 extra
1365 2524 1798 2594 aequinoctialem
1851 2539 2041 2579 versus
2082 2524 2173 2578 bo-

614 2627 760 2669 ream
791 2624 916 2670 sunt
944 2616 1068 2683 sita,
1101 2617 1215 2671 haec
1243 2616 1434 2684 majori
1461 2623 1703 2687 tempore
1734 2615 1983 2671 feruntur
2008 2631 2172 2685 supra

613 2710 953 2764 horizontem
984 2750 998 2772 ,
1049 2710 1262 2766 minore
1324 2720 1566 2780 tempore
1613 2709 1755 2765 infra
1812 2710 2169 2765 horizontem.

613 2799 866 2857 Omnium
923 2804 1067 2857 enim
1113 2803 1444 2857 circulorum
1524 2803 1579 2857 in
1624 2803 1824 2872 quibus
1884 2813 2173 2859 moventur

614 2895 921 2961 inerrantes
957 2896 1148 2960 stellae,
1206 2898 1412 2964 majora
1459 2904 1732 2965 segmenta
1775 2909 1939 2963 supra
1970 2901 2167 2950 terram

612 2987 1035 3057 intercipiuntur
1062 2988 1141 3043 ab‘
1160 2987 1463 3052 horizonte,
1492 2988 1703 3042 minora
1739 3002 1865 3043 vero
1895 2986 2033 3041 infra
2062 2996 2171 3042 ter-

2280 1795 2393 1866 ἅμα
2425 1792 2534 1864 ἑῴα
2557 1792 2707 1856 δύσις
2736 1791 2827 1846 καί
2857 1788 3083 1860 έσπερία
3121 1787 3361 1860 ὲπιτολή.
3393 1788 3516 1852 Τοῖς
3545 1787 3606 1842 ἃ
3633 1788 3843 1852 λοιποῖς

2279 1886 2495 1956 ἄστροις
2529 1884 2626 1953 οὐχ
2665 1882 2778 1952 ἄμα
2808 1879 2877 1933 τὰ
2920 1876 3291 1950 προειρημένα
3324 1876 3438 1945 εῐδη
3478 1877 3836 1931 ἐπιτελεῖται·

2279 1975 2412 2029 ἀλλὰ
2434 1973 2735 2029 διαλλάσσει
2763 1970 2902 2023 κατά
2926 1970 3053 2032 τοὺς
3091 1968 3333 2038 χρόνους,
3363 1967 3471 2022 τῶν
3491 1969 3747 2040 ἀστέρων
3770 1985 3843 2023 κι.

2279 2068 2550 2139 νουμένων
2593 2064 2878 2133 ἐγκύκλιον
2919 2061 3089 2133 φορὰν
3118 2059 3225 2114 ἀπὸ
3255 2060 3528 2115 ἀνατολῶν
3552 2063 3647 2115 ἐπὶ
3667 2060 3837 2114 δύσιν.

2281 2159 2420 2211 Ὅσα
2455 2157 2553 2228 μὲν
2578 2151 2669 2209 οὖν
2699 2153 2877 2209 αὐτῶν
2904 2153 2996 2204 ἐπὶ
3025 2150 3118 2205 τοῦ
3150 2152 3462 2224 ἰσημερινοῦ
3494 2152 3701 2206 κύκλου
3732 2157 3839 2206 κεῖ-

2277 2266 2387 2315 ται,
2418 2249 2510 2302 τὸν
2544 2248 2655 2301 ἴσον
2679 2246 2875 2318 δρόμον
2907 2244 3046 2315 ὑπὲρ
3075 2242 3178 2312 γῆν
3207 2247 3429 2315 φέρεται
3457 2245 3551 2298 καὶ
3582 2244 3693 2297 ύπὺ
3715 2245 3835 2315 γῆν·

2278 2340 2632 2411 διχοτομεῖται
2684 2337 2790 2409 γὰρ
2818 2340 2846 2390 ὁ
2879 2337 3187 2410 ἰσημερινός
3223 2337 3418 2401 κύκλος
3462 2336 3568 2390 ύπδ
3605 2337 3703 2390 τοῦ
3734 2337 3841 2408 δρί-

2280 2431 2460 2498 ζοντος
2481 2450 2493 2463 ·
2524 2433 2621 2487 ὅσα
2646 2432 2701 2484 δὲ
2748 2431 2854 2485 τῶν
2882 2429 3098 2502 ἄστρων
3138 2431 3273 2501 πρὸς
3310 2430 3509 2502 ἄρκτον
3544 2432 3727 2484 κεῖται
3755 2430 3842 2483 τοῦ

2283 2523 2593 2595 ἰσημερινοῦ
2635 2521 2855 2585 κύκλου,
2882 2520 3055 2573 ταῦτα
3102 2520 3322 2575 πλείονα
3351 2522 3448 2591 μὲν
3472 2519 3665 2590 χρόνον
3709 2521 3845 2589 ὑπὲρ

2278 2614 2381 2685 γῆν
2410 2615 2653 2687 φέρεται,
2698 2614 2954 2669 ἐλάττονα
2980 2614 3037 2668 δὲ
3065 2615 3168 2668 ύπδ
3195 2615 3319 2685 γῆν.
3358 2615 3581 2668 Πάντων
3613 2614 3728 2685 γὰρ
3749 2612 3841 2666 κύρ

2279 2707 2441 2770 κλων,
2473 2706 2593 2760 καθ’
2615 2700 2689 2759 ὧν
2713 2706 2966 2777 φέρονται
2989 2707 3037 2758 οἰ
3065 2705 3322 2769 ἀπλανεῖς
3344 2706 3590 2777 ἀστέρες,
3622 2704 3844 2776 μείζονα

2282 2801 2381 2870 μὲν
2409 2799 2672 2871 τμήματα
2702 2798 2842 2869 ὑπὲρ
2869 2797 2973 2867 γῆν
3012 2796 3449 2867 ἀπολαμϐἁνεται
3481 2796 3587 2849 ὑπὸ
3619 2795 3714 2849 τοῦ
3738 2796 3844 2866 ὁρί-

2279 2891 2479 2954 ζοντος,
2519 2890 2774 2944 ἐλάττονα
2802 2888 2859 2942 δὲ
2893 2888 2998 2942 ὑπὸ
3030 2890 3150 2960 γῆν,
3177 2889 3263 2943 διὰ
3296 2888 3356 2941 τὸ
3379 2888 3590 2958 ἑξαρμα
3629 2886 3727 2941 τοῦ
3756 2888 3842 2940 πό-

2277 2981 2388 3036 λου.
2427 2984 2565 3036 Ὂσα
2613 2982 2671 3036 δὲ
2694 2981 2802 3035 τῶν
2853 2980 3066 3054 ἄστρων
3097 2982 3231 3053 πρὸς
3278 2982 3625 3054 μεσημϐρίαν
3672 2986 3846 3034 κεῖται

614 3095 753 3142 ram,
775 3085 995 3149 propter
1017 3079 1371 3135 elevationem
1399 3079 1535 3149 poli;
1561 3094 1681 3149 qua:
1703 3094 1833 3134 vero
1854 3088 2001 3135 astra
2015 3088 2167 3134 extra

2274 3072 2360 3128 τοῦ
2385 3074 2693 3145 ἰσημερινώ
2720 3073 2942 3135 κύκλου,
2970 3074 3222 3128 ἐλάττονα
3251 3074 3345 3145 μὲν
3367 3075 3538 3146 φορὰν
3580 3075 3724 3144 ὑπὲρ
3746 3075 3841 3143 γῆν

612 3169 1048 3240 ωᾳυὶηοοιίεἰειῐι
1098 3183 1289 3225 versus
1326 3169 1606 3225 meridiem
1669 3177 1795 3225 sunt
1862 3170 2061 3241 posita.
2110 3186 2174 3224 ea

613 3264 881 3317 minorem
935 3261 1133 3317 habent
1183 3269 1388 3317 motum
1440 3276 1604 3333 supra
1649 3269 1869 3329 terram,
1915 3263 2173 3331 majorem

616 3351 760 3407 infra
805 3360 1029 3409 terram.
1084 3352 1299 3407 Rursus
1350 3353 1495 3408 enim
1537 3354 1809 3409 australes
1855 3352 2067 3417 circuli,
2118 3354 2174 3407 in

615 3446 818 3516 quibus
839 3446 1142 3500 inerrantes
1172 3444 1343 3500 stellae
1362 3443 1631 3507 feruntur,
1657 3443 1867 3498 minora
1897 3451 2173 3514 segmenta

616 3536 816 3591 habent
853 3550 1018 3605 supra
1066 3536 1305 3599 terram,’
1333 3534 1540 3605 majora
1572 3533 1717 3590 infra
1759 3542 1982 3591 terram.
2027 3534 2174 3591 Talis

616 3642 739 3681 cum
768 3626 839 3682 sit
864 3634 1064 3688 motus,
1101 3616 1469 3683 inerrantibus
1512 3626 1700 3690 astris,
1747 3628 1924 3682 evenit
1980 3638 2173 3683 utnon

616 3714 799 3768 omnia
853 3729 973 3785 qua:
1015 3715 1177 3771 simul
1217 3716 1472 3770 oriuntur
1522 3716 1687 3772 simul
1712 3717 1872 3771 etiam
1902 3716 2172 3784 occidant,

617 3804 709 3860 sed
742 3820 807 3860 ex
838 3804 903 3861 iis
938 3821 1057 3875 quae
1086 3806 1244 3862 simul
1274 3808 1522 3864 oriuntur
1559 3823 1620 3861 ea
1668 3823 1788 3877 quae
1832 3808 2005 3878 magis
2046 3816 2175 3864 sunt

616 3897 877 3952 australia
927 3913 1143 3968 semper
1175 3900 1328 3969 prius
1362 3899 1638 3963 occidant,
1682 3914 1748 3955 eo
1788 3898 1933 3969 quod
1964 3900 2174 3954 minora

617 3996 895 4058 segmenta
944 3990 1180 4044 habeant
1213 4006 1379 4061 supra
1418 3999 1655 4055 terram;
1706 3989 1961 4046 similiter
2000 4008 2175 4062 neque

614 4095 676 4135 ea
699 4095 817 4149 qua:
848 4081 1010 4135 simul
1043 4082 1321 4147 occidunt,
1363 4082 1524 4138 simul
1573 4082 1734 4136 etiam
1778 4082 2048 4148 oriuntur,
2079 4083 2174 4138 sed

615 4184 682 4224 ex
712 4168 777 4225 iis
808 4183 870 4223 ea
900 4185 1018 4239 quae
1047 4179 1175 4225 sunt
1208 4171 1381 4242 magis
1413 4172 1673 4236 borealia,
1710 4175 1861 4244 prius
1900 4174 2170 4235 oriuntur,

614 4275 681 4313 eo
699 4260 841 4330 quod
864 4259 1003 4313 infra
1020 4260 1357 4316 horizontem
1381 4262 1591 4316 minora
1615 4264 1849 4320 habeant
1873 4275 2167 4334 segmenta.

615 4348 831 4408 Rursus
870 4367 1044 4422 neque
1078 4366 1143 4407 ea
1171 4368 1292 4422 quae
1329 4355 1479 4424 prius
1501 4355 1772 4416 oriuntur.
1812 4354 1973 4410 etiam
2018 4356 2168 4425 prius

617 4440 910 4509 occidunt;
946 4421 1040 4496 sed
1081 4421 1547 4510 quaedam—eorum
1574 4460 1694 4513 qua:
1724 4443 1878 4513 prius
1898 4421 2167 4511 oriuntur,
2204 4421 2245 4475 θ

618 4533 779 4587 simul
803 4534 961 4589 etiam
997 4532 1283 4599 occidunt;
1323 4532 1569 4602 quaedam
1603 4547 1731 4587 vero
1760 4534 2050 4603 posterius.
2083 4533 2170 4587 Si-

617 4625 817 4680 militer
863 4640 1050 4681 eorum
1097 4640 1217 4697 quae
1262 4624 1412 4695 prius
1451 4624 1725 4690 occidunt,
1772 4624 2014 4696 quaedam
2064 4642 2172 4680 non

618 4718 868 4773 oriuntur
913 4718 1089 4790 prius,
1139 4717 1234 4773 sed
1282 4716 1444 4772 simul
1493 4716 1744 4771 oriuntur
1795 4724 1848 4771 et
1882 4715 2169 4781 occidunt,

618 4809 722 4864 alia
749 4810 924 4880 prius,
974 4808 1079 4864 alia
1114 4808 1406 4879 posterius.
1459 4806 1786 4862 Mentionem
1836 4806 1965 4861 facit
1997 4817 2050 4862 et
2085 4808 2173 4861 ho-

619 4916 736 4956 rum
773 4916 837 4955 ex
866 4909 1015 4970 parte
1044 4900 1263 4963 Aratus,
1303 4913 1426 4953 cum
1450 4897 1529 4952 sic
1559 4895 1733 4967 inquit
1777 4914 1791 4949 :

622 5012 725 5067 Sed
754 5028 954 5079 semper
980 5012 1187 5065 Taurus
1219 5012 1442 5066 velocior
1467 5009 1666 5077 Auriga

622 5081 687 5137 In
724 5081 944 5146 alterum
970 5091 1171 5150 partem
1202 5081 1529 5146 descendere,
1565 5082 1682 5134 licet
1713 5080 1873 5134 simul
1900 5081 2168 5135 ascendat.

692 5195 745 5250 In
776 5196 863 5251 bis
906 5195 1051 5250 enim
1089 5195 1286 5267 inquit,
1337 5194 1575 5250 Taurum
1618 5194 1776 5250 simul
1813 5211 1935 5248 cum
1975 5195 2170 5263 Auriga

620 5295 824 5351 ortum,
859 5285 1010 5356 prius
1059 5293 1238 5341 tamen
1275 5286 1540 5340 occidere.
1574 5282 1658 5336 Fit
1697 5290 1873 5337 autem
1909 5283 2009 5336 hoc
2057 5300 2174 5352 pro-

624 5387 741 5449 pter
771 5385 1171 5449 segmentorum
1212 5393 1515 5442 excessum,
1546 5376 1599 5430 in
1632 5375 1827 5446 quibus
1873 5392 2033 5444 supra
2075 5386 2174 5430 ter-

624 5484 760 5532 ram,
802 5474 859 5529 et
905 5464 1048 5521 inira
1095 5474 1294 5522 terram
1342 5469 1644 5523 inerrantes
1691 5468 1860 5522 stella:
1906 5466 2168 5521 feruntur.

625 5557 851 5628 Propter
908 5558 1046 5612 hanc
1111 5567 1288 5613 autem
1340 5558 1603 5627 sphaeram
1659 5573 1764 5613 non
1816 5558 1993 5611 omnia
2028 5566 2173 5613 astra

660 5690 701 5721 “
733 5689 855 5746 llaec
882 5690 1073 5746 desunt
1091 5689 1144 5745 in
1173 5690 1463 5743 veteribus.

2277 3166 2520 3236 φέρεται,
2549 3165 2766 3219 πλείονα
2788 3165 2844 3219 δὲ
2875 3167 2980 3219 ὑπὸ
3008 3166 3129 3237 γῆν.
3154 3165 3320 3220 Πάλιν
3346 3165 3455 3236 γὰρ
3474 3165 3581 3218 τῶν
3606 3164 3837 3223 κύκλων,

2276 3258 2395 3312 καθ’
2428 3254 2503 3313 ὧν
2556 3259 2807 3331 φέρονται
2839 3260 2885 3311 οἱ
2924 3257 3179 3321 ἀπλανεῖς
3225 3256 3452 3329 ἀστέρες
3484 3259 3533 3310 οἱ
3574 3258 3670 3310 ἐπὶ
3716 3273 3838 3327 μεσ-

2274 3350 2513 3422 ημϐρίαν
2542 3351 2801 3421 κείμενοι,
2850 3348 3106 3403 έλάττονα
3141 3349 3239 3420 μὲν
3282 3350 3541 3419 τμήματα
3570 3348 3716 3418 ὑπὲρ
3743 3347 3843 3416 γῆν

2274 3441 2474 3511 έχουσι,
2513 3441 2731 3512 μείζονα
2769 3440 2825 3493 δὲ
2856 3440 2964 3493 ὑπὸ
2992 3440 3113 3509 γῆν.
3157 3438 3423 3508 Τοιαύτης
3444 3436 3501 3490 δὲ
3532 3439 3705 3508 φορᾶς
3732 3438 3837 3499 τοῖς

2274 3535 2567 3589 ἀπλανέσιν
2596 3535 2813 3605 ἄστροις
2845 3530 3214 3603 ὑπαρχούσης,
3244 3530 3527 3600 συμϐαίνει
3559 3529 3637 3600 μὴ
3667 3531 3838 3584 πάντα

2274 3629 2341 3682 τὰ
2397 3628 2512 3699 ἄμα
2573 3626 2926 3681 ἀνατέλλοντα
2976 3625 3068 3679 καὶ
3100 3623 3216 3695 ἄμα
3274 3622 3471 3685 δύνειν,
3538 3622 3675 3676 ἀλλά
3734 3622 3841 3674 τῶν

2275 3720 2389 3791 ἄμα
2436 3718 2827 3774 ἀνατελλόντων
2857 3719 2943 3772 ἀεὶ
2982 3716 3049 3771 τά
3083 3717 3219 3788 πρὸς
3254 3714 3601 3787 μεσημϐρίαν
3641 3713 3837 3785 μᾶλλον

2272 3811 2449 3866 αὐτῶν
2494 3811 2719 3882 κειμενα
2774 3812 3035 3882 πρότερον
3095 3808 3291 3872 δύνειν,
3354 3807 3443 3861 διὰ
3476 3806 3537 3860 τὸ
3582 3807 3834 3861 ἐλάττονα

2272 3906 2530 3975 τμήματα
2584 3903 2723 3973 ὑπὲρ
2755 3901 2858 3971 γῆν
2914 3900 3207 3973 φέρεσθαι·
3254 3900 3455 3971 ὁμοίως
3493 3899 3552 3953 δὲ
3604 3898 3725 3952 οὐδὲ
3768 3897 3833 3949 τὰ

2274 3995 2388 4066 ἅμα
2429 3994 2647 4049 δύνοντα
2677 3993 2791 4064 ἅμα
2838 3994 2933 4046 καὶ
2965 3992 3263 4056 ἀνατέλλει,
3302 3991 3438 4045 ἀλλά
3476 3991 3545 4045 τὰ
3571 3990 3704 4062 πρὸς
3739 3989 3834 4055 ἀρ-

2272 4104 2396 4140 κτον
2419 4086 2595 4141 αὐτῶν
2629 4084 2824 4158 μᾶλλον
2857 4086 3084 4155 κείμενα
3115 4086 3377 4157 πρότερον
3410 4083 3705 4147 ἀνατέλλει,
3747 4082 3833 4134 διὰ

2269 4180 2329 4233 τὸ
2359 4180 2612 4233 ἐλάττονα
2653 4178 2915 4248 τμήματα
2955 4177 3061 4230 ὑπὸ
3090 4176 3196 4248 γῆν
3243 4175 3523 4247 φέρεσθαι.
3571 4174 3735 4229 Πάλιν
3775 4173 3831 4226 δὲ

2270 4273 2388 4326 οὐδὲ
2416 4271 2484 4326 τὰ
2518 4273 2778 4344 πρότερον
2820 4271 3176 4324 ἀνατέλλοντα
3216 4271 3311 4324 καὶ
3347 4269 3611 4342 πρότερον
3651 4267 3792 4323 δύνει
3815 4287 3829 4297 ν

2272 4362 2404 4416 ἀλλὰ
2440 4362 2561 4416 τινὰ
2595 4363 2691 4432 μὲν
2727 4361 2832 4414 τῶν
2865 4362 3124 4432 πρότερον
3160 4360 3550 4413 ἀνατελλόντων
3590 4358 3702 4428 ἄμα
3738 4359 3833 4411 καὶ

2271 4453 2435 4517 δύνει,
2471 4454 2590 4508 τινὰ
2615 4453 2671 4506 δὲ
2702 4452 2949 4524 ὕστερον.
2986 4452 3219 4524 Ὁμοίως
3242 4453 3298 4505 δὲ
3325 4452 3420 4505 καὶ
3444 4451 3552 4504 τῶν
3573 4451 3831 4521 πρότερον

2269 4544 2528 4599 δυνόντων
2560 4543 2682 4597 τινά
2733 4543 2830 4615 μὲν
2871 4545 2932 4596 ού
2968 4541 3374 4615 προανατέλλει,
3419 4542 3532 4596 ἀλλ’
3573 4542 3688 4612 ἄμα
3732 4542 3835 4611 μὲν

2271 4638 2546 4691 ἀνατέλλει
2578 4638 2672 4691 καὶ
2700 4638 2865 4704 δύνει,
2893 4637 2961 4691 τὰ
2989 4637 3085 4707 μὲν
3111 4636 3393 4707 πρότερον,
3417 4636 3484 4689 τὰ
3509 4635 3565 4689 δὲ
3586 4635 3825 4705 ὕστερον.

2271 4729 2612 4800 Μνημονεύει
2643 4729 2699 4783 δὲ
2730 4728 3045 4783 καὶτούτων
3075 4728 3168 4781 ἐπὶ
3201 4727 3366 4783 ποσὸν
3404 4728 3635 4798 Ἀρατος
3659 4727 3831 4796 λέγων

2269 4836 2440 4884 ουτως
2459 4837 2472 4850 ⁸

2283 5022 2433 5075 Ἀλλ’
2459 5020 2571 5074 αἰεὶ
2615 5019 2831 5087 Ταῦρος
2855 5017 3324 5087 προφερέστερος
3366 5018 3648 5086 Ἡνιόχοιο

2270 5092 2374 5156 Εἰς
2410 5091 2619 5158 ἑτέρην
2660 5085 3002 5156 κάταϐἦιιαι,
3039 5085 3342 5157 ὀμηλυσὶῃ
3397 5085 3820 5157 περὰνενίθὼν.

2352 5196 2438 5249 Ἐν
2466 5196 2573 5267 γὰρ
2593 5196 2795 5260 τούτοις
2820 5196 2980 5266 φησὶν
3001 5196 3115 5267 ἅμα
3142 5196 3231 5249 τὸν
3261 5196 3473 5267 Ταῦρον
3492 5197 3567 5269 τῷ
3607 5197 3823 5263 Ἥνιόχῳ

2271 5287 2621 5341 ἀνατείλαντα
2658 5287 2915 5359 πρότερον
2952 5287 3145 5341 δύνειν.
3182 5287 3391 5340 Γίνεται
3423 5287 3479 5340 δὲ
3509 5286 3651 5340 οὕτω
3682 5284 3824 5356 παρὰ

2269 5380 2367 5450 τὴν
2390 5379 2496 5433 τῶν
2525 5376 2823 5450 τμημάτων
2848 5379 3138 5452 ὑπεροχὴν,
3162 5373 3234 5434 ὧν
3260 5380 3398 5451 ὑπὲρ
3421 5381 3521 5448 γῆν
3554 5377 3816 5450 φέρονται.

2271 5473 2364 5525 καὶ
2398 5471 2500 5526 ὑπὸ
2533 5472 2635 5543 γῆν
2664 5474 2711 5525 οἰ
2738 5471 2995 5536 ἀπλανεῖς
3024 5471 3265 5544 ἀστέρες.
3303 5471 3401 5525 Διά
3430 5472 3487 5526 δὲ
3516 5471 3614 5542 τήν
3651 5468 3819 5524 τοιαύ-

2270 5581 2367 5633 την
2404 5565 2779 5635 eampo-maia“
2813 5565 2870 5617 ού
2902 5564 3077 5619 πάντα
3118 5565 3185 5618 τὰ
3217 5566 3389 5635 ἄστρα
3412 5563 3685 5620 ἀνατέλλει
3709 5556 3817 5614 καθ’
