4000 6206
292 327 391 382 87:3

1331 303 1571 388 osum
1612 323 1983 378 meum“
2021 323 2513 381 ASTRONOMIE.

3334 358 3339 365 -
3407 325 3511 380 83‘

286 448 520 515 ἑκάστην
551 444 745 497 νύκτα·
782 444 913 498 ἀλλά
952 446 1070 499 τινά
1107 445 1205 516 μὲν
1238 445 1513 499 ἀνατέλλει
1559 445 1654 498 κα)⁸
1693 444 1849 509 δύνει1

1961 444 2214 499 oriuntur
2241 446 2386 499 omni
2423 454 2614 510 nocte;
2651 443 2744 501 sed
2775 443 3021 515 quaedam
3054 442 3307 496 oriuntur
3334 448 3390 496 et
3419 456 3516 497 oc-

294 539 404 589 τινά
433 533 489 590 δὲ
514 536 796 589 ἀνατέλλει
823 539 941 608 μὲν,
970 538 1031 590 οὐ
1062 537 1208 591 δύνει
1236 537 1293 590 δέ
1310 554 1322 567 '
1354 536 1389 592 ἀ
1416 537 1471 591 δὲ
1499 536 1610 590 οὔτ’
1631 537 1854 591 ἀνατέλ-

294 631 385 691 λει,
419 625 544 680 οὒτε
588 615 932 681 δύνειίάλλά
969 628 1037 682 τά
1074 629 1171 699 μὲν
1198 629 1573 701 άρκτικώτερα
1609 627 1853 699 κείμενα,

297 718 536 790 μετέωρα
589 719 897 791 ὑπάρχοντα
936 719 1075 790 μετά
1117 719 1212 791 τὴν
1239 718 1332 772 τοῦ
1358 719 1507 790 ἡλίου
1548 718 1721 787 δύσιν,
1750 720 1856 791 πρὸ

293 810 379 879 τῆς
411 810 505 862 τοῦ
538 809 690 881 ἡλίου
730 809 991 880 ἀνατολῆς
1028 809 1109 862 ἔτι
1151 810 1527 882 μετεωροτέρα
1572 809 1852 879 φαίνεται’

296 904 353 955 τὰ
385 902 442 955 δὲ
488 901 979 975 μεσημϐρινῶτερα
1038 902 1268 973 κείμενα
1314 902 1424 957 οὔτ’
1477 901 1851 965 ἀνατέλλοντα,

297 991 403 1045 οὔτε
429 993 657 1046 δύνοντα
682 993 965 1065 Θεωρεῖται
984 1009 999 1023 '
1033 992 1167 1047 ἀλλά
1214 993 1390 1048 πάντα
1410 992 1501 1046 τὸν
1532 994 1629 1064 τῆς
1663 994 1855 1056 νυκτὸς

299 1084 471 1154 χρόνον
494 1083 600 1136 ὑπὸ
627 1084 729 1154 γῆν
750 1085 1025 1157 φέρονται.
1057 1084 1217 1138 Ὅθεν
1243 1085 1335 1138 καί
1354 1102 1475 1138 τινα
1503 1072 1616 1137 τῶν
1640 1086 1855 1157 ἄστρων

297 1175 574 1246 ἀμφιφανῆ
635 1175 899 1240 καλεῖται,
959 1174 1211 1247 καθάπερ
1259 1177 1353 1230 καὶ
1399 1178 1427 1229 ὁ
1492 1176 1849 1249 ’Δρκτοῦροςο

298 1268 422 1336 μετά
455 1267 565 1338 γὰρ
604 1269 704 1338 τὴν
742 1266 833 1319 τοῦ
871 1265 1022 1337 ἡλίου
1063 1266 1213 1319 δύσιν
1244 1267 1530 1332 πλεονάκις
1573 1269 1853 1340 θεωρεῖται

292 1360 448 1411 δύνων
473 1376 533 1412 τε
569 1362 626 1413 ὲν
676 1360 741 1430 τῇ
792 1358 927 1428 αὐτῇ
967 1359 1140 1424 νυκτὶ,
1186 1359 1277 1412 καὶ
1322 1360 1729 1431 προανατέλλων
1761 1360 1852 1414 τοῦ

292 1452 426 1522 ἡλίου
462 1452 713 1521 φαίνεται
745 1453 811 1505 ³⁵⁸.
842 1452 917 1504 Δι’
945 1452 1012 1521 ἢν
1036 1452 1213 1506 αἰτίαν
1251 1452 1493 1506 καλεῖται
1516 1451 1851 1525 ἀμφιφανὴς,

288 1545 359 1598 ὅτι
389 1543 483 1597 καὶ
504 1544 599 1614 ἀφ’
629 1544 866 1614 ἑσπέρας
888 1542 1079 1609 δύνων,
1105 1544 1197 1597 καὶ
1222 1543 1523 1597 ἀνατέλλων
1550 1545 1607 1597 ὲν
1630 1546 1693 1615 τῇ
1714 1543 1851 1615 αὐτῇ

289 1636 432 1689 νυκτὶ
470 1635 777 1705 θεωρεῖται.
797 1634 877 1688 Τά
901 1634 956 1688 δὲ
983 1636 1228 1690 ἐναντίαν
1258 1636 1369 1708 εχει
1396 1635 1566 1703 τάξιν,
1591 1635 1691 1690 ὅσα
1720 1653 1852 1708 προ-

286 1726 421 1778 δύνει
454 1726 557 1798 μὲν
591 1726 691 1796 τῆς
712 1724 802 1779 τοῦ
827 1726 977 1797 ἡλίου
1009 1725 1229 1793 δύσεως,
1254 1727 1597 1780 ἐπανατέλλει
1629 1728 1687 1782 δὲ
1718 1726 1854 1799 μετά

1957 539 2145 591 cidunt
2173 558 2185 591 :
2216 538 2462 609 quaedam
2485 553 2618 593 vero
2645 540 2898 593 oriuntur
2925 534 3166 606 quidem,
3194 547 3300 587 non
3335 541 3516 589 tamen

1955 627 2209 682 occidunt
2244 629 2533 698 :quzedam
2592 642 2721 682 vero
2771 641 2945 697 neque
2997 625 3288 686 oriuntur,
3340 637 3518 691 neque

1954 719 2248 789 occidunt;
2302 720 2394 775 sed
2439 736 2525 784 ea,
2556 737 2676 791 quae
2725 722 2897 787 magis
2939 726 3068 775 sunt
3107 716 3364 780 borealia,
3391 728 3517 769 cum

1957 809 2068 862 sint
2097 810 2354 864 sublimia
2385 818 2509 880 post
2541 812 2674 866 solis
2698 808 2987 872 occasum,
3019 817 3146 862 ante
3174 807 3309 862 solis
3334 815 3516 860 ortum

1953 899 2130 953 adhuc
2161 900 2477 954 sublimiora
2521 909 2815 971 apparent;
2846 915 2967 969 qua:
3001 912 3134 952 vero
3175 904 3305 950 sunt
3347 896 3520 965 magis

1953 989 2063 1060 29
2085 990 2365 1055 australia,
2414 1006 2476 1046 ea
2515 1006 2690 1062 neque
2736 991 2889 1053 oriri,
2935 1006 3112 1060 neque
3152 987 3407 1044 occidere
3442 986 3519 1041 vi-

1954 1082 2151 1137 dentur
2180 1102 2193 1137 :
2219 1083 2313 1139 sed
2338 1099 2435 1153 per
2458 1098 2620 1137 omne
2652 1084 2830 1138 noctis
2852 1091 3068 1152 tempus
3099 1082 3202 1135 sub
3236 1080 3520 1135 horizonto

1952 1172 2223 1228 feruntur.
2258 1173 2412 1229 Unde
2441 1173 2685 1244 quadam
2720 1182 2990 1230 astrorum
3014 1178 3277 1226 vocantur
3310 1171 3396 1224 bis
3420 1182 3518 1239 ap-

1951 1269 2222 1335 parentia,
2250 1267 2394 1322 sicut
2423 1275 2476 1322 ct
2506 1267 2810 1334 Arcturus;
2847 1273 2969 1337 post
3012 1264 3145 1321 solis
3174 1265 3318 1317 enim
3353 1276 3516 1317 occa-

1952 1372 2071 1411 sum
2098 1373 2241 1427 szepe
2270 1358 2481 1413 videtur
2501 1368 2553 1413 et
2581 1357 2834 1412 occidere
2878 1357 3066 1412 eadem
3097 1361 3275 1418 nocte,
3312 1360 3366 1407 et
3389 1359 3519 1407 ante

1951 1447 2119 1503 solem
2142 1449 2295 1504 oriri.
2321 1448 2493 1516 Quam
2522 1450 2592 1504 ob
2618 1464 2839 1504 causam
2865 1458 3088 1503 vocatur
3112 1447 3197 1501 bis
3221 1458 3514 1515 apparens,

1951 1540 2096 1611 quod
2125 1550 2179 1595 et
2204 1556 2233 1594 a
2264 1557 2491 1611 vespera
2515 1542 2788 1605 occidere,
2822 1549 2875 1597 et
2903 1541 3036 1595 oriri
3059 1540 3115 1593 in
3143 1537 3330 1593 eadem
3358 1545 3517 1591 nocte

1952 1640 2247 1701 spectetur.
2289 1634 2405 1687 Alia
2454 1649 2585 1689 vero
2629 1633 2873 1688 ordinem
2909 1633 3110 1687 habent
3155 1631 3513 1691 contrarium,

1954 1742 2074 1796 qua:
2118 1726 2376 1781 occidunt
2420 1737 2544 1783 ante
2594 1729 2725 1783 solis
2772 1742 3051 1793 occasum,
3099 1725 3353 1781 oriuntur
3385 1738 3516 1779 vero

284 1813 373 1883 τὴν
404 1810 500 1864 τοῦ
534 1812 685 1883 ἡλίου
724 1813 985 1885 ἀνατολήν
1006 1830 1020 1844 ο
1055 1813 1193 1868 ὥστε
1226 1815 1348 1869 καθ’
1382 1816 1509 1887 ὃλην
1554 1816 1650 1889 τὴν
1679 1817 1849 1872 νύκτα

1951 1827 2073 1889 post
2105 1819 2238 1874 siilis
2267 1827 2470 1881 ortum,
2511 1821 2583 1873 ita
2620 1829 2679 1873 ut
2720 1835 2818 1890 per
2844 1826 3012 1872 totam
3042 1827 3256 1874 noctem
3289 1832 3398 1871 non
3439 1815 3519 1869 vi-

283 1904 352 1974 μὴ
388 1903 735 1976 Θεωρηοῆναι
778 1906 899 1977 μήτ’
934 1907 1311 1972 ἀνατέλλοντα,
1357 1911 1491 1981 μήτε
1533 1910 1786 1966 δύνοντα’
1814 1911 1850 1967 ἃ.

278 1996 612 2066 δὴδκαλοῦσί
662 2015 806 2061 τινες
860 1999 1238 2065 νυκτιδιέξοδα.
1285 2002 1359 2054 Οὐ
1394 2003 1533 2055 κατὰ
1586 2002 1765 2057 πάντα
1794 2004 1851 2058 δὲ

278 2087 466 2158 κιιρδν
516 2086 690 2140 ταῦτα
735 2088 910 2141 πάντα
937 2089 1006 2142 τά
1047 2090 1310 2162 ἰδιώματα
1336 2093 1463 2161 περὶ
1495 2093 1620 2157 τοὺς
1657 2095 1851 2157 αὐτοὺς

275 2178 512 2250 ἀστέρας
551 2179 784 2251 ὑπάρχει
804 2196 819 2209 ο
855 2178 991 2233 ἀλλά
1018 2181 1144 2253 περὶ
1175 2182 1272 2246 τάς
1304 2184 1398 2236 τοῦ
1431 2184 1580 2255 ἡλίου
1613 2185 1851 2256 μεταδά-

275 2287 390 2334 σεις
437 2269 744 2323 ἀλλοιοῦται
782 2271 877 2324 καὶ
908 2271 976 2325 τὰ
1024 2273 1150 2345 περὶ
1196 2272 1293 2337 τὰς
1329 2274 1611 2340 ἀνατολὰς,
1642 2277 1736 2330 καὶ
1783 2277 1851 2330 τὰ

274 2379 337 2414 πε
344 2361 403 2431 ρὶ
434 2361 536 2428 τὰς
562 2361 762 2425 δύσεις.

817 2497 1211 2551 ΚΕΦΑΛΑΙΟΝ
1250 2498 1350 2552 ΙΒ’.

698 2610 838 2679 Περὶ
861 2607 978 2665 τῶν
1000 2611 1071 2665 ἐν
1098 2611 1175 2683 τῇ
1210 2612 1425 2673 ζωνῶν.

353 2725 425 2778 Ἦ
472 2724 576 2793 τῆς
628 2723 920 2795 συμπάσης
978 2724 1082 2795 γῆς
1128 2726 1454 2794 ἐπιφάνεια,
1507 2729 1845 2800 σφαιροειδὴς

267 2819 619 2890 ὑπάρχουσα,
659 2817 941 2887 διαιρεῖται
974 2818 1053 2880 είς
1085 2816 1258 2881 ζώνας
1296 2818 1488 2870 πέντε·
1525 2813 1600 2873 ὧν
1626 2819 1717 2871 δύο
1752 2820 1848 2889 μὲν

267 2912 329 2963 αἱ
388 2910 523 2981 περὶ
562 2910 686 2971 τοὺς
714 2908 927 2970 πόλους,
978 2906 1303 2979 πορρώτατα
1354 2908 1411 2962 δὲ
1456 2909 1705 2978 κείμεναι
1748 2910 1849 2979 τῆς

263 3000 366 3054 τοῦ
397 3002 551 3071 ἡλίου
586 3000 839 3071 παρόδου,
870 2997 1275 3069 κατεψυγμέναι
1304 2999 1571 3067 λέγονται,
1606 3001 1699 3053 καὶ
1731 3000 1847 3053 ἀοί-

263 3107 435 3162 κητοι
463 3091 551 3143 διὰ
576 3089 635 3142 τὸ
664 3090 861 3160 ψύχος·
896 3088 1242 3161 ἀφορίζονται
1280 3090 1337 3142 δὲ
1389 3089 1492 3142 ὑπὸ
1515 3089 1622 3142 τῶν
1659 3090 1848 3161 ἀρκτι-

1948 1910 2182 1965 deantur
2207 1926 2385 1981 neque
2412 1911 2570 1977 oriri,
2596 1926 2771 1979 neque
2793 1910 3077 1973 occidere;
3108 1924 3229 1979 quae
3259 1908 3514 1963 nonnulli

1947 2008 2145 2055 vocant
2179 1999 2561 2065 νυκτιδιέξοδα.
2599 2002 2653 2057 id
2693 2008 2779 2057 est
2816 2010 2981 2056 noctu
3015 2002 3123 2055 late
3152 1998 3511 2070 expatiantia.

1950 2088 2067 2145 Non
2108 2090 2255 2144 omni
2286 2098 2467 2145 autem
2509 2099 2754 2162 tempore
2801 2106 2991 2147 omnes
3031 2091 3114 2145 hae
3151 2090 3515 2161 proprietates

1948 2181 2097 2235 circa
2153 2180 2371 2236 easdem
2428 2182 2615 2237 stellas
2666 2183 2960 2247 eveniunt,
3015 2182 3110 2236 sed
3173 2180 3324 2235 circa
3382 2178 3516 2235 solis

1949 2273 2214 2330 transitus
2244 2274 2527 2328 variantur
2551 2289 2613 2330 ea
2641 2290 2762 2344 quae
2790 2273 2858 2328 ad
2890 2283 3065 2340 ortus,
3093 2280 3148 2329 et
3167 2288 3289 2343 qua
3319 2271 3388 2326 ad
3415 2284 3514 2326 oc-

1951 2379 2114 2419 casus
2146 2370 2418 2435 spectant.

2538 2475 2768 2555 CAPuT
2807 2497 2919 2553 xu.

2446 2608 2525 2664 De
2563 2612 2710 2664 zonis
2748 2611 2804 2664 in
2845 2619 3008 2665 terra.

2017 2724 2211 2781 Totius
2238 2735 2397 2782 terra:
2426 2725 2766 2795 superﬁcies,
2806 2739 2932 2779 cum
2980 2723 3052 2778 sit
3082 2722 3332 2793 globosa,
3372 2721 3515 2779 divi-

1947 2817 2096 2873 ditur
2132 2819 2188 2873 in
2241 2817 2484 2888 quinque
2523 2831 2691 2872 zonas
2725 2833 2737 2868 :
2774 2830 3003 2886 quarum
3039 2815 3180 2875 dirae.
3221 2827 3343 2883 qum
3374 2819 3514 2868 sunt

1947 2913 2095 2966 circa
2122 2912 2278 2981 polos
2308 2917 2362 2965 et
2398 2910 2712 2980 longissime
2756 2909 2873 2964 siue
2906 2922 2936 2961 a
2982 2907 3117 2963 solis
3161 2906 3375 2966 itinere,
3414 2902 3514 2957 fri-

1949 3002 2087 3072 gida:
2112 3003 2391 3069 dicuntur,
2425 3009 2588 3071 atque
2631 3000 3016 3055 inhabitabiles
3040 3006 3278 3069 .propter
3315 2997 3509 3065 frigus.

1949 3092 2395 3149 Detcrminantur
2427 3102 2607 3147 autem
2644 3108 2675 3145 a
2709 3091 2936 3147 circulis
2958 3092 3178 3146 arcticis
3199 3105 3394 3145 versus
3415 3103 3513 3159 [to-

270 3150 391 3233 κῶν
424 3182 557 3249 πρὸς
597 3150 985 3245 τούςιῖπδλουςο
1008 3150 1085 3234 ἀἱ⁷
1112 3180 1168 3233 δὲ
1206 3180 1406 3234 τούτων
1448 3182 1593 3253 ἑξῆς,
1635 3150 1844 3253 συμμέ-

1950 3186 2068 3253 los;
2098 3200 2248 3241 zona-
2278 3201 2407 3241 vero
2460 3201 2580 3255 qum
2615 3183 2703 3239 his
2738 3193 2864 3239 sunt
2908 3184 3187 3253 proximat,
3224 3192 3276 3237 et
3308 3181 3514 3236 medio-

271 3289 423 3340 τρως
458 3272 514 3325 δὲ
555 3272 803 3343 κείμεναι
838 3272 973 3344 πρὸς
1004 3271 1099 3343 τὴν
1138 3269 1233 3324 τοῦ
1277 3272 1428 3343 ἡλίου
1472 3272 1722 3345 πάροδον,
1760 3273 1849 3325 εὓ-

278 3382 470 3435 κρατοι
499 3366 816 3419 καλοῦνται·
844 3366 1190 3437 ἀψορίζονται
1232 3367 1287 3420 δὲ
1320 3369 1477 3420 αὐταὶ
1510 3367 1613 3420 ὑπὸ
1650 3366 1758 3421 τῶν
1788 3369 1846 3420 έν

281 3457 360 3528 τῷ
388 3458 574 3530 κόσμῳ
603 3458 874 3531 ἀρκτικῶν
918 3460 1014 3511 καὶ
1059 3458 1333 3529 τροπικῶν
1370 3458 1603 3522 κύκλων,
1643 3457 1844 3529 μεταξὺ

290 3550 528 3620 κείμεναι
556 3549 754 3603 αὐτῶν.
797 3551 861 3603 Ἡ
909 3551 965 3603 δὲ
1009 3550 1167 3622 λοιπὴ
1220 3549 1356 3620 μέση
1384 3549 1492 3602 τῶν
1519 3549 1845 3621 προειρημέ-

289 3660 410 3706 νων,
446 3645 670 3715 κειμένη
704 3644 760 3697 δὲ
793 3644 884 3697 ὑπ’
926 3644 1094 3716 αὐτὴν
1130 3643 1228 3714 τὴν
1269 3644 1362 3696 τοῦ
1396 3642 1545 3713 ἡλίου
1590 3643 1840 3714 πάροδον,

290 3734 677 3807 διακεκαυμένη
721 3736 998 3789 καλεῖται·
1052 3735 1411 3807 διχοτομεῖται
1458 3734 1515 3788 δὲ
1561 3735 1696 3805 αὐτὴ
1740 3734 1843 3787 ὑπὸ

292 3824 379 3876 τοῦ
411 3827 466 3877 ἐν
495 3829 562 3897 τῇ
598 3830 667 3897 γῇ
706 3825 1016 3898 ἰσημερινοῦ
1061 3827 1280 3891 κύκλου,
1309 3828 1367 3891 ὃς
1407 3830 1579 3881 κεῖται
1615 3826 1718 3879 ὑπὸ
1755 3827 1843 3879 τὸν

293 3918 344 3965 ἐν
388 3918 461 3989 τῷ
498 3919 688 3990 κόσμῳ
736 3918 1044 3991 ἰσημερινὸν
1091 3919 1305 3973 κύκλον.
1335 3918 1456 3972 Τῶν
1480 3919 1536 3972 δὲ
1566 3918 1843 3990 εύκράτων

290 4009 378 4063 δύο
416 3998 597 4077 ζωνῶν
644 4011 743 4083 τὴν
778 4012 985 4083 βόρειον
1028 4012 1131 4065 ὑπὸ
1177 4013 1282 4067 τῶν
1331 4014 1388 4065 ὲν
1431 4015 1496 4082 τῇ
1546 4013 1666 4066 καθ’
1700 4013 1844 4084 ἡμᾶς

294 4102 568 4176 οἰκουμένῃ
608 4100 872 4156 οίκείσθαι
916 4101 1280 4173 συμϐέϐηκεν,
1319 4103 1412 4155 ἐπὶ
1456 4104 1555 4173 μὲν
1588 4103 1648 4156 τὸ
1674 4107 1844 4175 μῆκος

294 4188 441 4248 οῧσαν
484 4194 560 4257 ὡς
596 4192 818 4261 ἔγγιστα
851 4193 979 4265 περὶ
1010 4193 1139 4247 δέκα
1168 4194 1431 4269 μυριάδας
1474 4194 1720 4261 σταδίων,
1752 4194 1843 4247 ἐπὶ

293 4284 340 4338 δὲ
370 4286 425 4340 τὸ
452 4286 650 4349 πλάτος
683 4284 757 4348 ὡς
789 4285 1015 4354 ἔγγιστα
1039 4286 1096 4340 τὸ
1125 4287 1315 4358 ἥμισυ.

793 4423 1014 4477 ΚΕΦΑΛ
1026 4425 1184 4479 ΑΙΟΝ
1224 4425 1319 4478 II“.

816 4541 955 4607 Περὶ
996 4538 1303 4605 οἰκήσεων.

357 4650 468 4705 Τῶν
508 4651 566 4705 δὲ
613 4652 705 4705 ἐπὶ
756 4651 859 4722 γῆς
912 4649 1300 4704 κατοικούντων
1353 4652 1401 4701 oi
1456 4650 1554 4719 μὲν
1604 4648 1847 4716 λέγονται

298 4744 540 4807 σύνοικοι,
569 4746 617 4797 οἱ
650 4743 706 4796 δὲ
739 4742 1026 4815 περίοικοι,
1055 4743 1102 4795 οἱ
1130 4742 1186 4794 δὲ
1237 4741 1492 4803 ἄντοικοι,
1519 4743 1567 4793 οἱ
1599 4741 1657 4793 δὲ
1697 4740 1846 4792 ἀντί-

296 4834 460 4899 ποδες.
484 4834 725 4887 Σύνοικοι
751 4833 849 4904 μὲν
885 4830 977 4887 οὖν
1009 4835 1143 4887 εἰσιν
1174 4834 1224 4885 oi
1266 4832 1393 4903 περ).
1434 4832 1524 4885 τὸν
1568 4832 1729 4885 αὐτὸν
1756 4832 1847 4885 τό·

292 4947 383 4984 πον
413 4932 514 5001 τῆς
546 4928 714 4999 αὐτῆς
753 4926 928 4998 ζώνης
962 4926 1367 4990 κατοικοῦντες·
1407 4927 1669 4998 περίοικοι
1702 4927 1759 4980 δὲ
1799 4930 1847 4982 οί

289 5023 341 5074 ἐν
366 5023 433 5092 τῇ
471 5020 607 5089 αὐτῇ
641 5017 787 5092 ζώνῃ
817 5018 1001 5091 κύκλῳ
1031 5018 1433 5090 περιοικοῦντες
1452 5035 1464 5047 ·
1511 5019 1747 5071 ἄντοικοι
1792 5018 1848 5071 δὲ

287 5115 330 5167 si
356 5114 414 5166 ὲν
441 5114 506 5183 τῇ
539 5113 675 5182 αὐτῇ
708 5112 868 5182 νοτίῳ
895 5109 1037 5182 ζώνῃ
1070 5111 1173 5164 ὑπὸ
1212 5110 1269 5163 τὺ
1317 5110 1449 5165 αὐτὸ
1497 5112 1849 5183 ἡμισφαίριον

284 5199 689 5265 κατοικοῦντες
724 5199 1003 5263 ἀντίποδες
1035 5200 1091 5252 δὲ
1128 5200 1178 5253 oi
1217 5201 1274 5253 ἐν
1307 5202 1369 5271 τῇ
1406 5199 1561 5270 νοτίῳ
1606 5194 1750 5271 ζώνῃ
1794 5200 1851 5251 ἐν

282 5295 358 5365 τῷ
395 5293 568 5365 ἑτέρῳ
607 5292 949 5364 ἡμισφαιρίῳ
977 5291 1351 5356 κατοικοῦντες
1376 5290 1515 5346 κατὰ
1550 5292 1649 5363 τὴν
1681 5291 1850 5362 αὐτὴν

283 5388 574 5459 διάμετρον
593 5387 832 5457 κείμενοι
858 5388 922 5455 τῇ
951 5384 1072 5438 καθ’
1096 5386 1241 5456 ἡμᾶς
1269 5386 1418 5438 οἰκου
1427 5385 1561 5457 μένῃ
1582 5401 1595 5416 ο
1645 5384 1725 5437 διὸ
1757 5384 1851 5438 κέ-

286 5482 513 5553 κληνται
538 5477 839 5540 ἀντίποδες.
872 5476 1094 5530 Πάντων
1137 5474 1246 5546 γὰρ
1286 5474 1395 5529 τῶν
1426 5474 1635 5547 βαρέων
1669 5476 1760 5528 ἐπὶ
1790 5474 1851 5527 τὸ

286 5574 511 5645 κέντρον
541 5570 919 5634 συννευόντων,
948 5569 1034 5623 διὰ
1063 5568 1122 5622 τὸ
1146 5569 1233 5623 ἐπὶ
1271 5568 1433 5639 μέσον
1458 5563 1595 5624 εἶναι
1625 5569 1723 5639 τὴν
1753 5584 1849 5636 φο-

358 5776 403 5809 δ⁶
435 5791 528 5844 γρ.
561 5772 830 5843 βλέπεται.

1948 3280 2115 3332 criter
2141 3278 2333 3349 posita:
2367 3278 2433 3331 ad
2469 3278 2605 3332 solis
2633 3291 2938 3338 accessum.
2972 3282 3287 3344 temperata:
3315 3288 3513 3337 vocan-

1945 3373 2069 3443 tur;
2104 3365 2540 3421 dcterminantur
2562 3376 2740 3420 autem
2775 3366 2858 3419 hae
2886 3378 2918 3417 a
2955 3364 3179 3419 circulis
3214 3349 3268 3417 iii
3308 3362 3514 3418 mundo

1943 3447 2168 3513 arcticis
2194 3466 2247 3514 et
2266 3459 2508 3528 tropicis,
2526 3472 2649 3511 cum
2673 3456 2815 3511 inter
2830 3470 2925 3511 eos
2943 3455 3054 3508 sint
3094 3455 3230 3509 sita.
3263 3452 3510 3524 Reliqua,

1947 3566 2066 3620 qua:
2090 3559 2173 3604 est
2200 3550 2375 3603 media
2420 3542 2827 3619 prmdiclarum,
2869 3554 2922 3601 et
2946 3547 3051 3601 sita
3093 3548 3196 3601 sub
3228 3546 3347 3617 ipso
3379 3546 3515 3600 solis

1948 3656 2194 3698 necessu.
2220 3640 2425 3695 torrida
2446 3648 2692 3705 vocatur;
2718 3647 2879 3709 atque
2899 3639 3013 3692 haec
3034 3653 3063 3691 a
3081 3638 3327 3692 terrestri
3346 3636 3516 3707 aequi-

1946 3732 2168 3786 noctiali
2199 3732 2481 3801 aequaliter
2523 3739 2761 3792 secatur,
2812 3728 2904 3798 qui
2936 3728 3077 3784 situs
3106 3734 3191 3783 est
3222 3727 3326 3782 sub
3355 3742 3516 3781 muri-

1945 3823 2089 3878 dano
2115 3822 2480 3893 aequinoctiali
2515 3820 2738 3875 circulo.
2772 3818 2851 3874 Ex
2875 3819 3189 3889 temperatis
3212 3816 3513 3873 zunisdua-

1955 3917 2057 3971 bus
2087 3930 2205 3969 eam
2249 3929 2369 3983 qua:
2396 3922 2477 3968 est
2506 3914 2694 3975 borea,
2717 3926 2948 3982 quaeque
2978 3925 3008 3964 a
3038 3911 3197 3965 nobis
3214 3910 3510 3968 habitatur,

1944 4006 2210 4077 contingit
2262 4005 2521 4069 habitari,
2578 4020 2702 4059 cum
2747 4005 2804 4058 in
2841 4003 3234 4073 longitudinem
3281 4002 3353 4056 sit
3398 3999 3514 4056 fere

1946 4097 2151 4153 l00000
2225 4097 2548 4162 stadiorum,
2601 4097 2658 4151 in
2711 4093 3055 4151 latitudinem
3117 4092 3231 4147 fere
3281 4089 3512 4147 dimidio

1943 4197 2173 4247 constet.

2526 4412 2751 4471 CAPUT
2787 4411 2927 4469 XIII.

2463 4528 2540 4583 De
2566 4527 2999 4582 habitationibus.

2017 4645 2218 4700 Eorum
2254 4644 2344 4715 qui
2387 4644 2442 4697 in
2480 4650 2625 4696 terra
2653 4639 2922 4703 habitant,
2963 4635 3053 4689 alii
3079 4635 3340 4689 dicuntur
3381 4648 3509 4704 syn-

1946 4739 2070 4803 (cci,
2113 4738 2203 4790 alii
2238 4735 2480 4806 perimci,
2513 4734 2604 4786 alii
2636 4734 2858 4791 antaaci,
2907 4728 2996 4782 alii
3020 4725 3325 4795 antipodes.
3367 4723 3513 4796 Syn-

1948 4832 2052 4885 αιεί
2094 4831 2259 4899 igitur
2297 4835 2427 4883 sunt
2453 4826 2545 4896 qui
2582 4825 2727 4879 circa
2767 4820 3016 4877 eumdem
3050 4820 3227 4873 locum
3267 4816 3510 4887 ejusdem

1948 4936 2097 4976 zona:
2124 4919 2405 4982 habitant;
2456 4914 2676 4986 ρει-ίωοί
2715 4926 2861 4976 vero,
2910 4910 3004 4980 qui
3046 4910 3101 4963 in
3141 4908 3327 4963 eadem
3374 4908 3510 4961 zon‘a

1948 5016 2002 5069 in
2036 5012 2264 5067 circuitu
2291 5006 2787 5069 circumhabil‘ant;
2817 5002 3016 5056 antmci
3049 5015 3201 5063 vero,
3232 4999 3394 5069 quiin
3425 5013 3513 5053 ea-

1949 5107 2070 5162 dem
2115 5102 2340 5157 australi
2376 5114 2512 5153 zona
2551 5098 2654 5153 sub
2694 5095 2884 5150 eodem
2925 5092 3305 5162 hemisphaerio
3358 5090 3515 5147 habi-

1949 5205 2099 5261 tant;
2137 5193 2423 5263 antipodes
2451 5205 2603 5251 vero,
2626 5189 2716 5259 qui
2755 5187 2809 5240 in
2843 5186 3070 5241 australi
3092 5199 3230 5238 zona
3265 5186 3320 5238 in
3343 5183 3515 5237 altero

1953 5285 2333 5357 hemisphairio
2372 5282 2640 5345 habitant,
2682 5278 2982 5336 secundum
3036 5277 3281 5333 eamdem
3318 5275 3514 5331 diame-

1948 5391 2092 5437 trum
2117 5379 2277 5451 positi
2300 5393 2424 5432 cum
2440 5374 2719 5431 habitabili
2746 5381 2928 5428 nostra
2961 5380 3139 5437 terra;
3160 5368 3512 5441 quamobrem

1949 5471 2129 5528 vocati
2151 5465 2597 5538 suntantipodes.
2618 5463 2757 5519 Cum
2780 5462 2927 5517 enim
2960 5463 3142 5516 omnia
3172 5458 3359 5530 gravia
3386 5468 3514 5511 ver-

1952 5583 2047 5623 sus
2070 5570 2318 5621 centrum
2363 5566 2608 5631 vergant,
2632 5572 2698 5615 eo
2728 5554 2874 5628 quod
2921 5569 3116 5610 versus
3161 5550 3397 5607 medium
3439 5546 3514 5604 sit
