4000 6206
575 323 678 377 83⁵3

1590 319 1930 374 ΑΡΡΕΝυΙΧ
1971 320 2059 372 AD
2099 319 2362 375 EUSEBII
2398 321 2810 378 CHRONICON.

3670 327 3759 381 836

574 447 754 495 motus
789 451 1097 507 corporum,
1134 438 1179 492 si
1228 438 1296 490 ab
1340 437 1519 507 aliqua
1569 439 1900 492 habitatione
1942 452 2115 491 caruit

2235 438 2335 508 ρὰν
2367 439 2472 490 τῶν
2503 440 2784 509 σωμάτων,
2816 438 2908 492 ἐὰν
2943 440 3050 493 ἀπό
3076 457 3216 504 τινος
3255 441 3515 511 οἰκήσεως
3551 439 3646 492 τῶν
3680 442 3764 494 ἐπὶ

573 544 694 597 qua:
743 535 870 580 sunt
906 527 960 582 iit
1007 536 1195 582 nostro
1247 529 1378 581 orbe
1419 528 1698 582 habitabili
1767 530 1833 582 ad
1886 537 2132 583 centrum

573 627 734 673 terra:
765 618 1094 687 adjungatur
1125 619 1305 688 aliqua
1333 626 1500 678 recta,
1553 627 1606 670 et
1636 618 1987 686 producatur,
2021 627 2132 671 tum

573 710 627 765 hi
654 711 742 780 qui
760 717 899 763 'sunt
922 711 1082 778 positi
1117 710 1415 763 secundum
1440 711 1831 762 extremitatem
1876 709 2132 764 diametri

573 802 628 854 iit
660 801 880 854 australi
936 817 1070 853 zona
1117 800 1250 852 liunt
1286 800 1567 868 antipodes
1595 815 1782 853 eorum
1819 802 1912 869 qui
1957 802 2009 875 in
2040 801 2135 854 bo-

571 893 704 946 reali
736 907 872 944 zona
905 893 1170 944 habitant.

642 983 910 1036 Dividitur
937 991 1114 1036 autem
1158 990 1344 1036 nostra
1383 991 1525 1036 terra
1569 983 1883 1038 habitabilis
1924 985 1975 1037 in
2021 991 2133 1038 tres

571 1085 772 1145 partes,
821 1075 1026 1136 Asiam,
1083 1073 1376 1142 Europam,
1430 1072 1674 1143 Lybiam.
1735 1074 1907 1145 Duplo
1952 1083 2131 1128 autem

571 1168 744 1235 major
774 1176 855 1221 est
885 1167 994 1219 fere
1043 1164 1328 1233 longitudo
1376 1165 1691 1220 habitabilis
1744 1174 1905 1219 teme
1949 1166 2132 1218 latitu-

571 1258 697 1312 dine
728 1278 739 1310 :
769 1273 932 1327 quam
969 1256 1039 1309 ob
1091 1271 1314 1309 causam
1351 1257 1442 1325 qui
1489 1266 1883 1312 consentaneas
1935 1255 2131 1310 rationi

571 1359 728 1404 terra:
777 1349 1172 1420 descriptiones
1224 1349 1540 1409 instituunt,
1594 1349 1857 1420 oblongas
1915 1351 2130 1404 tabulas

571 1442 866 1506 adhibent;
898 1441 1040 1509 quod
1087 1439 1366 1508 longitudo
1415 1441 1579 1510 duplo
1611 1442 1682 1496 sit
1733 1443 1904 1508 major
1958 1443 2132 1496 latitu-

568 1534 714 1588 dine.
743 1533 846 1599 Qui
882 1549 1009 1587 vero
1036 1543 1194 1589 terrae
1251 1534 1648 1603 descriptiones
1680 1534 1909 1588 rotunda
1960 1535 2128 1602 ﬁgura

568 1623 796 1686 faciunt,
832 1626 1060 1680 multum
1094 1627 1352 1680 aberrant
1384 1641 1413 1679 a
1457 1642 1614 1691 vero;
1645 1627 1871 1696 aequalis
1897 1627 2040 1679 enim
2074 1627 2131 1679 lit

567 1716 850 1785 lcngitudo
907 1716 1215 1777 latitudini;
1267 1717 1410 1784 quod
1482 1724 1679 1769 natura
1729 1730 1836 1769 non
1902 1717 2125 1785 patitur.

2235 533 2299 598 τῇ
2329 531 2450 583 καθ’
2479 533 2622 600 ἡμᾶς
2646 533 2932 603 οἰκουμένῃ
2962 534 3054 586 ἐπὶ
3084 533 3143 585 τὸ
3169 533 3387 603 κέντρον
3413 532 3510 601 τῆς
3539 533 3631 602 γῆς
3657 534 3766 584 ἑπι-

2236 619 2428 690 ζευχθῇ
2465 638 2547 682 τις
2580 621 2780 685 εὐθεῖα,
2813 624 2904 676 καὶ
2959 624 3216 696 ἐκϐληθῇ,
3247 626 3294 676 οἱ
3341 623 3480 676 κατὰ
3522 623 3578 675 τὸ
3616 624 3769 694 πέρας

2235 711 2471 779 κείμενοι
2502 711 2599 779 τῆς
2639 711 2924 783 διαμέτρου
2955 715 3011 765 ἐν
3047 717 3114 784 τῇ
3149 713 3305 782 νοτίῳ
3338 712 3479 785 ζώνῃ
3514 714 3773 776 ἀντίποδες

2234 802 2470 868 γίνονται
2495 803 2601 857 τῶν
2629 805 2685 856 ἐν
2710 808 2774 874 τῇ
2800 804 2991 876 βορείῳ
3020 805 3163 878 ζώνῃ
3185 807 3594 859 κατοικούντων.

2302 985 2596 1053 Διαιρεῖται
2649 983 2704 1034 δὲ
2759 984 2790 1052 ἡ
2841 981 2959 1034 καθ’
2990 983 3134 1052 ἡμᾶς
3183 979 3469 1050 οἰκουμένη
3521 979 3598 1040 εἰς
3648 977 3776 1048 μέρη

2232 1073 2376 1142 τρία,
2424 1073 2625 1135 Ἀσίαν,
2656 1071 2943 1142 Εὐρώπην,
2976 1071 3201 1142 Λιὸύην.
3242 1071 3530 1122 Διπλάσιον
3561 1068 3615 1120 δέ
3645 1070 3779 1120 ἐστιν

2231 1164 2305 1226 ώς
2333 1163 2557 1231 ἔγγιστα
2589 1163 2648 1214 τὸ
2677 1164 2846 1233 μῆκος
2877 1163 2976 1232 τῆς
3015 1163 3338 1233 οἰκουμένης
3375 1161 3470 1213 τοῦ
3522 1159 3779 1222 πλάτουςο

2229 1254 2296 1306 δι’
2325 1254 2391 1324 ἢν
2429 1254 2606 1307 αἰτίαν
2650 1255 2697 1306 οἱ
2729 1254 2865 1306 κατὰ
2901 1252 3056 1320 λόγον
3095 1255 3393 1324 γράφοντες
3419 1252 3518 1315 τὰς
3545 1267 3782 1322 γεωγρα-

2232 1347 2357 1416 φίας
2386 1349 2443 1398 ὲν
2473 1345 2652 1411 πίναξι
2683 1347 2950 1416 γράφουσι
2979 1347 3382 1418 παραμήκεσιν,
3409 1345 3487 1408 ὼς
3519 1343 3787 1397 διπλάσιον

2230 1434 2368 1492 εἶναι
2395 1439 2454 1491 τὸ
2482 1439 2652 1509 μῆκος
2684 1438 2775 1490 τοῦ
2810 1439 3059 1502 πλάτους.
3087 1441 3149 1491 Ol
3194 1439 3252 1490 δὲ
3295 1437 3632 1508 στρογγύλας
3663 1437 3790 1506 γρεὶ⁶

2231 1547 2418 1598 φοντες
2446 1533 2545 1592 τὰς
2575 1531 2919 1601 γεωγραφίας
2963 1531 3092 1584 πολὺ
3136 1531 3231 1600 τῆς
3272 1529 3528 1601 ἀληθείας
3561 1529 3668 1582 εἰσὶ
3699 1545 3796 1581 παι

2230 1621 2558 1690 πλανημένοι
2580 1637 2592 1648 ·
2633 1621 2744 1672 ἴσον
2789 1619 2895 1690 γὰρ
2926 1620 3131 1687 γίνεται
3163 1619 3222 1672 τὸ
3252 1620 3422 1689 μῆκος
3453 1619 3534 1688 τῷ
3567 1618 3786 1672 πλάτεγ

2229 1710 2365 1781 ὅπερ
2391 1712 2488 1763 ούκ
2519 1709 2661 1764 ἐστιν
2691 1712 2748 1762 ὲν
2779 1713 2842 1780 τῇ
2868 1709 3043 1778 φύσει.
3089 1710 3322 1779 Ἀνάγκη
3365 1706 3457 1763 οὖν
3499 1710 3575 1780 μὴ
3617 1712 3793 1781 τηρεί-

567 1803 800 1859 Neccsse
835 1805 1002 1874 igitur
1029 1813 1133 1862 est.
1167 1812 1225 1856 ut
1270 1819 1377 1856 non
1421 1815 1704 1858 serventur
1745 1805 2115 1858 diszantiarun:

2233 1801 2353 1854 σθαι
2399 1800 2494 1863 τὰς
2534 1803 2624 1854 ἐπὶ
2661 1801 3037 1871 διαστημάτων
3067 1802 3406 1873 συμμετρίας
3435 1801 3539 1864 τὰς
3579 1802 3639 1854 ὲν
3681 1804 3792 1863 ταῖς

567 1899 1001 1950 mensurationes
1059 1896 1112 1948 in
1164 1896 1416 1949 rotundis
1474 1897 1962 1966 descriptionibus.
2031 1895 2128 1950 Se-

565 1995 842 2057 gmentum
870 1991 1013 2041 enim
1045 1988 1316 2056 quoddam
1339 1996 1422 2041 est
1454 1989 1679 2058 sphaerae
1701 2003 1826 2058 pars
1857 1989 2128 2042 terraeha-

565 2077 757 2140 bitata,
786 2091 907 2147 qua:
939 2077 1325 2147 longitudinem
1355 2077 1520 2146 duplo
1551 2079 1710 2131 habet
1744 2079 2006 2146 majorem
2049 2079 2128 2130 la-

567 2168 970 2237 titudine,quod
991 2177 1326 2237 segmentum
1355 2185 1460 2223 non
1481 2177 1658 2237 potest
1686 2168 1929 2222 abscindi
1947 2169 2126 2223 circu-

566 2260 776 2312 lariter.
814 2261 1068 2313 Dimenso
1095 2267 1274 2314 autem
1302 2261 1537 2312 maximo
1555 2259 1760 2312 circulo
1791 2259 1897 2330 30
1915 2276 2124 2323 eorum,

566 2352 656 2418 qui
682 2357 809 2401 sunt
833 2349 886 2401 in
919 2357 1064 2402 terra
1094 2349 1392 2403 secundum
1426 2350 1784 2404 meridianum
1832 2351 2041 2414 mundi,
2070 2359 2126 2404 et

566 2443 783 2494 invento
816 2441 1116 2511 myriadum
1147 2442 1237 2504 25,
1263 2442 1645 2496 etstadiorum
1668 2441 1807 2496 2000
1828 2460 1842 2505 ;
1861 2441 2125 2497 diametro

564 2548 692 2586 vero
723 2532 1022 2604 myriadum
1055 2533 1108 2595 8,
1143 2540 1196 2586 et
1243 2533 1548 2586 stadiorum
1591 2531 1925 2597 4l5;diviso
1943 2540 2123 2587 autem

565 2624 862 2678 meridiano
887 2625 1096 2678 circulo
1135 2625 1186 2677 in
1226 2633 1404 2694 partes
1427 2624 1516 2685 60,
1558 2633 1785 2678 vocatur
1832 2642 1999 2680 unum
2037 2641 2123 2680 se-

563 2725 837 2784 gmentum
856 2718 1269 2786 sexagesimum,
1305 2716 1449 2786 quod
1478 2725 1562 2771 est
1582 2717 1740 2771 «£200.
1770 2716 1823 2771 Si
1865 2718 2010 2771 enim
2041 2717 2124 2771 di-

562 2805 820 2859 viduntur
848 2806 918 2859 25
939 2806 1232 2876 myriades,
1263 2817 1316 2859 et
1342 2808 1482 2862 2000
1519 2807 1693 2861 stadia
1724 2807 1776 2860 in
1813 2817 1994 2876 partes
2031 2809 2120 2871 60,

559 2897 620 2950 ﬁt
653 2899 1043 2968 sexagesimum
1075 2898 1233 2952 4200.
1264 2897 1544 2954 Distanlize
1566 2901 1730 2968 igitur
1776 2900 1915 2954 inter
1957 2917 2122 2958 zonas

561 2989 665 3044 hoc
694 2994 850 3044 modo
877 3000 1003 3045 sunt
1029 2990 1287 3046 deﬁnitae.
1324 2991 1662 3062 Frigidarum
1703 2993 1919 3062 quidem
1960 3010 2123 3048 zona-

561 3099 681 3136 rum
705 3083 932 3137 duarum
962 3085 1189 3138 latitudo
1223 3085 1512 3153 utriusque
1543 3099 1729 3137 earum
1771 3092 1854 3140 est
1895 3101 2119 3157 sexage—
2145 3122 2192 3184 ϐ

560 3175 823 3227 simorum
858 3174 912 3239 6,
939 3190 1058 3244 qua:
1087 3181 1212 3227 sunt
1241 3174 1414 3228 stadia
1450 3175 1659 3240 25200;
1699 3184 2117 3245 temperatarum

560 3281 688 3320 vero
718 3281 978 3319 zonarum
1009 3265 1236 3319 latitudo
1268 3265 1551 3336 utriusque
1585 3281 1769 3320 earum
1799 3275 1881 3322 cst
1905 3283 2120 3339 sexage-

561 3359 823 3411 simorum
853 3358 906 3419 5,
944 3374 1062 3428 quze
1102 3357 1304 3412 faciunt
1326 3358 1499 3412 stadia
1526 3357 1731 3424 2l000;
1764 3360 1982 3414 torridae
2020 3376 2114 3414 ιον

560 3462 642 3500 me
674 3447 899 3500 latitudo
927 3454 1010 3501 est
1052 3447 1509 3516 sexagesimorum
1546 3446 1598 3502 8.
1632 3446 1814 3516 Itaque
1850 3448 1918 3502 ab
1947 3452 2116 3519 aequi-

560 3539 777 3592 noctiali
816 3554 1007 3593 versus
1053 3547 1336 3608 utramque
1375 3546 1581 3608 partem
1624 3555 1797 3610 usque
1843 3541 1908 3594 ad
1949 3543 2117 3612 tropi-

559 3646 654 3684 cos
684 3638 810 3685 sunt
833 3631 1168 3700 sexagesima
1195 3630 1248 3692 4,
1301 3645 1420 3698 quaa
1461 3629 1663 3683 faciunt
1704 3631 1878 3685 stadia
1920 3631 2110 3686 16800.

559 3719 699 3774 Sunt
725 3720 890 3789 igitur
937 3735 965 3771 a
996 3721 1117 3790 polo
1162 3719 1255 3788 qui
1304 3726 1388 3774 est
1418 3719 1472 3772 in
1506 3726 1669 3784 terra,
1710 3720 1801 3789 qui
1843 3721 1980 3774 situs
2031 3731 2114 3776 est

625 3855 670 3885 ⁸⁷
691 3853 797 3908 Pro
827 3861 922 3906 υιε¹
946 3864 1051 3910 vet.
1087 3854 1246 3908 habet
1275 3853 1335 3907 δ’.

627 3988 738 4060 (Η)
787 3991 1355 4061 Ἀναμεμετρημένου
1389 3993 1457 4046 δὲ
1497 3993 1600 4046 τοῦ
1631 3994 1936 4062 μεγίστοιν.
1983 3995 2112 4048 Era-

556 4063 838 4114 tosthenea
863 4071 945 4115 est
977 4064 1086 4116 haec
1122 4063 1388 4117 dimensio
1423 4064 1640 4116 maximi
1678 4066 1893 4126 circuli,
1924 4074 1981 4118 ut
2011 4082 2110 4117 au-

554 4139 672 4184 ctor
701 4139 783 4184 est
830 4130 1024 4203 Strabo
1071 4133 1176 4203 lib.
1203 4149 1262 4191 ιι,
1302 4142 1356 4184 et
1383 4132 1590 4186 Plinius
1626 4133 1714 4186 lib.
1746 4151 1803 4193 ιι,
1835 4151 1955 4203 cap.
1987 4137 2108 4198 108,

553 4215 716 4268 quam
749 4201 1049 4255 stadiorum
1083 4202 1296 4256 252000
1334 4219 1647 4256 mensuram
1684 4201 1924 4257 ltornana
1957 4221 2108 4258 com-

554 4273 835 4338 putatione
889 4269 1023 4341 dicit
1075 4270 1285 4327 ellieere
1333 4275 1643 4332 trecenties,
1697 4282 1751 4326 et
1792 4274 2108 4341 quindecies

552 4347 779 4394 centena
811 4340 975 4393 millia
1013 4355 1291 4408 passuum,
1339 4343 1480 4410 quod
1514 4352 1568 4396 et
1603 4357 1788 4394 verum
1814 4340 1929 4396 est.
1973 4345 2104 4397 Nam

554 4409 789 4464 stadium
831 4424 967 4464 cxxv
1007 4411 1257 4478 passibus
1287 4409 1519 4464 constat.
1559 4410 1792 4464 Proinde
1816 4414 1862 4465 si
1892 4413 2103 4469 252000

553 4495 648 4548 per
685 4482 784 4534 123
821 4482 1166 4548 multiplices.
1207 4480 1334 4533 [ient
1361 4482 1638 4535 51500000

553 4559 681 4622 sunt
703 4551 1075 4622 milliariorum
1107 4551 1303 4604 51500.
1337 4550 1404 4602 At
1424 4551 1752 4622 _Cleomedes
1785 4553 1875 4605 lib.
1903 4567 1942 4610 ι.
1976 4550 2096 4622 ςέιρ.

555 4620 641 4681 10,
674 4621 838 4674 refert
863 4622 932 4674 al)
967 4620 1321 4674 Eratosthene
1343 4620 1621 4674 definitum
1653 4637 1775 4675 esse
1802 4630 1958 4676 terra:
1986 4620 2101 4676 am-

552 4691 722 4763 bitum
763 4690 975 4760 2.50000
1017 4691 1356 4763 stadiorum;
1395 4698 1448 4744 et
1476 4706 1582 4763 qua
1623 4691 1875 4745 methodo
1907 4694 2101 4763 depre-

555 4759 754 4813 hensus
802 4762 872 4814 sit
904 4759 1103 4813 modus
1151 4762 1258 4823 ille,
1309 4761 1608 4818 describit.
1651 4763 1904 4815 nimirum
1941 4759 2004 4817 ei:
2037 4780 2100 4817 eo

550 4830 693 4897 quod
728 4833 972 4900 angulus,
1006 4832 1095 4900 qui
1139 4845 1408 4899 gnomone
1433 4839 1486 4883 et
1516 4831 1668 4884 radio
1698 4833 1830 4886 solis
1869 4835 2101 4888 includi-

551 4909 642 4952 tur
674 4901 1040 4963 Alexandriae,
1075 4906 1189 4954 sole
1233 4902 1286 4953 in
1320 4901 1515 4955 Cancri
1550 4902 1758 4970 tropico
1802 4904 2100 4956 n‘ieridiano

551 4979 791 5040 tempore
827 4973 951 5030 sito,
987 4985 1113 5040 pars
1145 4979 1228 5024 est
1262 4973 1709 5040 quinquagesima
1751 4980 1985 5039 quatuor
2017 4991 2100 5028 re-

551 5049 786 5098 ctorum,
834 5049 892 5092 ut
937 5050 990 5096 et
1037 5042 1337 5109 peripheria
1371 5043 1560 5094 circuli
1599 5043 1650 5094 in
1688 5043 1965 5110 horologio
2000 5045 2096 5099 de-

550 5110 763 5181 scripti,
799 5112 882 5162 cui
920 5111 1008 5163 ille
1041 5113 1271 5171 angulus
1304 5113 1525 5173 insistit,
1561 5127 1687 5181 pars
1725 5125 1806 5166 est
1833 5116 2100 5181 quinqua-

584 5180 753 5251 esima
774 5181 978 5251 circuli
1016 5183 1205 5235 totius.
1240 5182 1420 5246 Quare
1464 5197 1587 5235 cum
1627 5180 1838 5251 Syenen
1876 5180 2015 5236 inter
2045 5193 2100 5236 et

598 5246 948 5314 lexandriam,
989 5266 1107 5318 quae
1145 5251 1246 5304 sub
1273 5253 1462 5304 eodem
1500 5246 1797 5303 meridiano
1829 5263 1979 5315 sunt,
2016 5253 2101 5306 in-

549 5317 832 5391 tcrvallum
861 5319 928 5391 sit
953 5317 1192 5388 quinque
1221 5322 1447 5373 millium
1477 5321 1776 5373 stadiorum
1812 5340 1825 5375 :
1863 5338 1983 5391 quae
2010 5331 2095 5375 est

548 5387 992 5458 quinquagesima
1028 5387 1150 5457 pars
1180 5391 1414 5446 ambitus
1446 5399 1602 5444 terra:
1637 5411 1648 5445 :
1679 5399 1829 5444 totus
1862 5387 2098 5447 ambitus

544 5455 755 5531 250000
779 5455 1076 5512 stadiorum
1107 5460 1341 5531 colliget.
1374 5459 1568 5514 Verum
1599 5476 1721 5514 cum
1753 5469 1828 5513 tot
1856 5464 2097 5531 antiquis

547 5529 777 5582 testibus
804 5537 1018 5583 constet
1059 5531 1126 5581 ah
1170 5528 1525 5584 Eratosthene
1573 5547 1879 5585 mensuram
1928 5528 2095 5593 illam,

545 5611 704 5672 quam
737 5598 993 5672 diximus,
1031 5600 1245 5672 terreni
1278 5601 1514 5653 ambitus
1548 5615 1671 5655 esse
1702 5601 2094 5672 perscriptam;

543 5666 756 5740 videtur
789 5669 948 5736 paulo
993 5669 1113 5736 plus
1158 5671 1605 5740 quinquagesima
1657 5666 1806 5740 parte.
1851 5666 1960 5725 tam
2002 5666 2100 5726 an-

543 5737 687 5807 gelo,
736 5753 894 5807 quem
947 5754 1184 5807 gnomon
1235 5753 1356 5793 cum
1398 5737 1549 5793 radio
1601 5737 1879 5805 continet,
1935 5759 2095 5813 quam

1678 4498 1954 4550 passuum,
1982 4501 2102 4553 quae
2136 4471 2182 4529 ι)

2228 1892 2574 1962 στρογγύλοις
2619 1893 3006 1964 γεωγραφίαις.
3055 1894 3348 1964 Ἐκτμημά
3403 1910 3454 1946 τι
3506 1893 3620 1963 γάρ
3682 1895 3792 1946 ὲστι

2229 1981 2458 2050 σφαίρας
2510 1981 2570 2033 τὸ
2603 1982 2914 2050 οἰκούμενον
2968 1983 3131 2054 μέρος
3179 1984 3274 2052 τῆς
3321 1983 3462 2054 γῆς,
3513 1983 3791 2037 διπλάσιον

2227 2071 2345 2140 ἕχον
2383 2071 2443 2124 τὸ
2489 2072 2662 2141 μῆκος
2699 2073 2791 2124 τοῦ
2826 2074 3076 2137 πλάτους,
3123 2075 3258 2145 ὅπερ
3295 2076 3354 2126 ού
3389 2075 3614 2128 δύναται
3662 2077 3794 2128 ἀπο-

2224 2163 2641 2233 τερματίζεσοαι
2673 2165 2872 2235 κύκλῳ.
2916 2166 3458 2238 Ἀναμεμετρημένου
3489 2167 3544 2220 δὲ
3572 2165 3668 2219 τοῦ
3700 2185 3792 2238 με·

2226 2256 2410 2322 γίστου
2439 2256 2548 2323 (44)
2577 2256 2776 2309 κύκλου
2823 2257 2930 2310 τῶν
2971 2258 3029 2310 ἐν
3079 2261 3144 2329 τῇ
3199 2263 3267 2329 γῇ
3314 2259 3454 2311 κατὰ
3496 2260 3590 2311 τὸν
3625 2261 3684 2311 ὲν
3717 2260 3790 2329 τῷ

2225 2346 2412 2416 κόσμῳ
2461 2347 2844 2418 μεσημϐρινὸν,
2902 2351 2994 2402 καὶ
3042 2350 3339 2422 εὑρημένου
3395 2350 3672 2421 μυριάδων
3717 2355 3790 2403 κε’

2197 2432 2200 2435 ’
2225 2439 2317 2490 καὶ
2347 2439 2571 2491 σταδίων
2595 2441 2662 2510 ιβ,
2694 2441 2789 2510 τῆς
2811 2441 3098 2513 δ.αμέτρου
3132 2445 3402 2514 μυριάδων
3434 2442 3504 2514 η’,
3534 2444 3632 2496 καὶ
3663 2444 3790 2495 στά-

2223 2525 2348 2580 δίων
2375 2531 2554 2580 υιε¹ν¹⁸
2601 2529 2974 2601 διαιρουμένου
3029 2549 3086 2584 τε
3149 2533 3240 2586 τοῦ
3280 2533 3655 2604 μεσημϐρινοῦ
3679 2533 3789 2603 (45)

2225 2617 2420 2670 κύκλου
2449 2620 2528 2682 εἰς
2559 2621 2696 2691 μέρη
2724 2621 2786 2687 ξ’,
2817 2622 3058 2676 καλεῖται
3083 2624 3142 2676 τὸ
3168 2623 3224 2677 ἒν
3239 2624 3431 2694 τμῆμα
3463 2625 3755 2695 ἑξηκοστόν
3773 2640 3788 2653 '

2223 2707 2250 2760 ὃ
2287 2708 2492 2775 γίνεται
2529 2710 2616 2773 ,δσθ
2651 2712 2856 2765 στάδια.
2903 2715 3024 2764 Ἐὰν
3071 2713 3178 2784 γάρ
3224 2713 3552 2785 μερισθῶσιν
3606 2717 3660 2767 αἱ
3713 2712 3789 2766 κε’

2226 2801 2480 2870 μυριάδες
2514 2803 2607 2854 καὶ
2655 2802 2721 2855 τὰ
2770 2803 2813 2872 ,β
2856 2804 3041 2856 στάδια
3092 2808 3169 2866 εἰς
3214 2805 3350 2875 μέρη
3396 2805 3454 2868 ξ’,
3489 2805 3700 2873 γίνεται
3732 2806 3790 2857 τὸ

2223 2891 2508 2960 ἑξηκοστὸν
2560 2893 2784 2946 σταδίων
2822 2896 2927 2966 ,δσῖ
2960 2897 3144 2948 Ἔστιν
3185 2892 3276 2948 οὖν
3322 2896 3389 2948 τὰ
3439 2895 3643 2965 μεταξὺ
3679 2895 3789 2947 τῶν

2223 2983 2404 3048 ζωνῶν
2435 2985 2774 3056 διαστήματα
2815 2989 2997 3042 τοῦτον
3032 2989 3385 3060 ἀφωρισμένα
3431 2991 3522 3042 τὸν
3559 2991 3785 3060 τρόπον.

2223 3076 2341 3129 Τῶν
2371 3077 2468 3146 μὲν
2493 3081 2913 3150 κατεψυγμένων
2944 3081 3125 3146 ζωνῶν
3161 3081 3252 3134 δύο
3275 3083 3335 3134 τὸ
3367 3080 3567 3144 πλάτος
3595 3082 3785 3134 ἑκατέ-

2227 3185 2323 3237 ρας
2385 3169 2560 3221 αὐτῶν
2608 3172 2910 3242 ἑξηκοττών
2933 3159 3038 3238 .g',
3083 3174 3226 3244 άπερ
3287 3173 3391 3226 eisi
3441 3174 3644 3226 στάδιοι
3688 3175 3787 3245 μὲν

2223 3267 2366 3322 μετ’·
2391 3262 2496 3314 τῶν
2516 3265 2572 3317 δὲ
2601 3266 2878 3338 εύκράτων
2899 3267 2990 3320 δύο
3013 3267 3192 3331 ζωνῶν
3213 3267 3273 3320 τὸ
3299 3267 3494 3330 πλάτος
3519 3268 3784 3338 ἑκατέρας

2223 3354 2397 3406 αὐτῶν
2421 3355 2724 3425 ἑξηκοστών
2753 3365 2812 3422 ε’,
2845 3359 2881 3411 ἃ
2915 3358 3118 3425 γίνεται
3155 3358 3352 3411 στάδιοι
3382 3359 3478 3429 μὲν
3507 3365 3604 3422 ,κα¹
3625 3375 3641 3388 ο
3685 3359 3784 3429 τῆς

2221 3443 2276 3496 δὲ
2323 3443 2752 3518 διακεκαυμένης
2789 3447 2964 3518 ζώνης
3002 3450 3060 3502 τὸ
3102 3449 3300 3512 πλάτος
3352 3448 3656 3519 ὲξηκοστών
3699 3447 3782 3519 η’⁶

2221 3535 2359 3591 ὥστε
2388 3539 2493 3592 ἀπὸ
2517 3539 2608 3594 τοῦ
2639 3542 2949 3614 ίσημερινοῦ
2979 3545 3062 3611 ἐφ’
3087 3543 3319 3613 ἑκάτερα
3355 3543 3486 3611 πρὸς
3511 3543 3637 3605 τοὺς
3667 3559 3786 3614 τρο-

2221 3632 2412 3694 πικοὺς
2444 3631 2704 3702 ὲξηκοστὰ
2731 3631 2866 3687 εἶναι
2893 3634 2954 3693 δ’,
2983 3635 3018 3688 ἂ
3044 3635 3250 3703 γίνεται
3277 3633 3465 3687 στάδια
3499 3633 3592 3704 μὲν
3614 3641 3782 3698 ,ιςω’.

2221 3724 2460 3776 Γίνονται
2494 3721 2585 3777 οὖν
2615 3726 2720 3778 ἀπὸ
2757 3727 2852 3796 μὲν
2894 3727 2985 3780 τοῦ
3035 3727 3194 3779 πόλου
3241 3725 3333 3778 τοῦ
3383 3728 3440 3778 ὲν
3483 3728 3548 3796 τῇ
3584 3729 3679 3795 γῇ,
3720 3726 3782 3789 ὃς

2218 3992 2665 4047 circumferentia!
2694 3995 2882 4049 circuli
2905 3995 3126 4050 maximi
3150 3997 3205 4051 in
3237 3995 3576 4053 Sciotherico
3601 3996 3773 4050 tribu-

2218 4073 2329 4117 tum
2368 4075 2590 4117 auctore
2621 4067 2712 4118 illo
2747 4067 2935 4118 fuisse.
3589 4102 3600 4110 -

2290 4133 2483 4186 Strabo
2514 4135 2630 4187 loco
2661 4137 2829 4189 citato
2865 4135 3230 4205 Hipparchum
3263 4137 3338 4190 ait
3368 4135 3616 4191 eumdem
3647 4153 3767 4192 cum

2216 4202 2574 4276 Eratosthene
2609 4214 2765 4259 terra:
2795 4202 3083 4260 circuitum
3117 4208 3438 4276 sumpsisse,
3471 4210 3768 4263 stadiorum

2214 4273 2447 4327 252000.
2475 4273 2682 4329 Plinius
2714 4292 2842 4330 vero
2872 4276 3142 4343 adjecisse
3165 4273 3315 4330 illum
3344 4279 3619 4331 asseritad
3643 4278 3770 4332 Era-

2215 4345 2484 4414 tosthenis
2517 4361 2826 4400 mensuram
2852 4348 3011 4414 paulo
3037 4348 3218 4400 minus
3250 4349 3548 4400 stadiorum
3571 4347 3764 4404 25000.

2215 4413 2330 4479 Qua
2363 4415 2567 4468 ratione
2603 4413 2868 4468 maximus
2901 4417 3142 4470 circulus
3170 4419 3275 4470 erit
3308 4416 3446 4471 stad.
3482 4417 3708 4472 277000.

2279 4481 2348 4536 Ut
2374 4483 2440 4536 ad
2482 4485 2764 4538 Geminum
2807 4495 3052 4540 nostrum
3097 4489 3311 4540 redeam
3333 4526 3347 4548 ,
3375 4503 3499 4540 eum
3534 4489 3578 4541 is
3608 4497 3767 4542 terra

2202 4553 2466 4606 ambitum
2502 4571 2566 4608 ex
2608 4553 2984 4610 Eratosthenis
3031 4558 3296 4610 sententia
3355 4558 3782 4612 circumscribat

2203 4624 2505 4695 stadiorum
2540 4624 2774 4686 252000,
2815 4626 3009 4679 falsum
3045 4638 3128 4680 est
3157 4626 3299 4695 quod
3344 4643 3406 4680 ex
3461 4641 3525 4680 eo
3574 4643 3767 4684 conse-

2201 4709 2375 4761 quens
2406 4693 2551 4752 facit.
2595 4697 2919 4750 diametrum
2952 4693 3201 4750 conStare
3236 4697 3376 4751 stad.
3405 4695 3599 4751 80415.
3632 4696 3764 4750 Nam

2201 4779 2323 4835 eum
2351 4777 2413 4816 ea
2445 4766 2586 4817 ratio
2617 4767 2687 4818 sit
2714 4767 2960 4819 diametri
2993 4767 3058 4818 ad
3083 4767 3364 4830 ambitum,
3391 4783 3512 4835 qua:
3536 4778 3616 4820 est
3643 4769 3672 4821 'l
3698 4770 3763 4821 ad

2199 4832 2269 4954 :22
2303 4845 2315 4888 :
2350 4842 2563 4902 oportet
2593 4835 2914 4890 diametrum
2941 4845 3097 4890 terra:
3126 4837 3378 4908 colligere
3411 4832 3556 4892 stad.
3590 4837 3766 4894 80l82

2224 4917 2334 4954 ere.

2224 4917 2334 4956 81³0.

2275 4973 2384 5042 (45)
2424 4974 2841 5043 Διαιρουμένου
2875 4975 2941 5027 δὲ
2976 4975 3081 5028 τοῦ
3113 4977 3537 5045 μεσημϐρινοῦ.
3579 4977 3766 5032 Circu~

2201 5041 2311 5115 lum
2349 5055 2560 5098 veteres
2608 5041 2907 5098 astronomi
2958 5047 3010 5098 in
3058 5041 3236 5114 partes
3258 5041 3549 5115 sexaginta
3578 5049 3764 5101 distri-

2204 5113 2456 5186 buerunt,
2493 5123 2550 5167 ut
2580 5129 2742 5184 supra
2777 5115 3033 5186 diximus.
3060 5113 3141 5168 'lta
3182 5113 3532 5186 sexagesima:
3567 5120 3763 5186 cuique

2203 5185 2345 5258 parti
2375 5183 2689 5258 competunt
2711 5183 2885 5237 stadia
2911 5184 3070 5239 4200.
3109 5186 3262 5250 Quod
3288 5183 3335 5240 si
3361 5189 3412 5240 in
3449 5187 3556 5241 560
3584 5183 3762 5258 partes

2200 5253 2474 5324 dividatur
2506 5255 2779 5324 circulus,
2817 5269 2960 5324 pars
3008 5257 3260 5324 ιιιιειτιὶὺςι
3303 5258 3480 5310 stadia
3526 5253 3758 5324 postulat

2205 5320 2324 5396 700.
2354 5320 2486 5396 Vide
2516 5323 2776 5396 Achillem
2812 5320 3040 5378 Tatium
3059 5330 3204 5394 [δας.
3238 5342 3361 5396 cap.
3393 5327 3484 5381 29.
3516 5320 3635 5382 Iam
3663 5330 3759 5382 hoc

2201 5393 2604 5454 admonuimus,
2655 5394 3048 5449 dimensionem
3104 5393 3258 5450 istam
3308 5393 3374 5450 ad
3429 5397 3759 5452 Rhodiacum

2201 5460 2432 5531 ἐγκλιμα
2473 5463 2703 5534 lrel'erri,
2748 5463 2798 5515 in
2836 5481 2944 5534 quo
2988 5467 3389 5521 semidiametcr
3427 5469 3616 5522 arctici
3656 5469 3761 5522 cir-

2201 5534 2306 5607 culi
2349 5532 2618 5607 graduum
2655 5543 2740 5588 cst
2770 5532 3040 5607 56.1llinc
3073 5541 3233 5589 etiam
3283 5536 3532 5607 frigidam
3571 5553 3757 5592 zonam

2201 5601 2388 5676 deliuit
2417 5605 2622 5676 arctico
2653 5607 2860 5676 circulo
2885 5605 3030 5658 illius
3055 5609 3155 5659 loci
3193 5601 3412 5675 proprio
3436 5627 3449 5661 :
3477 5618 3533 5661 ut
3562 5610 3760 5676 quibus

2203 5673 2359 5746 polus
2399 5674 2655 5742 gradibus
2683 5674 2750 5728 54
2770 5715 2784 5735 ,
2812 5692 2875 5729 ac
2905 5676 3162 5746 deinceps
3195 5673 3442 5744 pluribus
3470 5673 3758 5743 attollitur,

2205 5743 2398 5814 frigida
2424 5746 2477 5797 in
2501 5760 2636 5799 zona
2661 5761 2782 5802 esse
2802 5743 3147 5810 censeantur,
3171 5743 3314 5816 quod
3337 5758 3419 5802 est
3441 5748 3757 5803 absurdum.
