4000 6206
262 290 356 343 337

1269 295 1503 351 GEMINI
1545 296 1912 376 ELEMENT'A
1951 297 2444 354 ASTRONOMIE.

3366 303 3468 359 858

257 414 425 463 κεῖται
453 409 594 463 κατὰ
624 410 712 462 τὸν
749 412 806 464 ὲν
850 410 926 480 τῷ
976 412 1162 483 κόσμῳ
1201 414 1381 474 πόλον,
1428 415 1587 486 μέχρι
1623 416 1714 469 τοῦ
1749 419 1798 469 ὲν

1910 419 2011 470 sub
2060 418 2185 486 polo
2220 417 2427 481 mundi,
2464 433 2634 487 usque
2662 416 2728 471 ad
2773 418 3034 472 circulum
3078 419 3337 474 arcticum
3377 424 3471 492 qui

255 505 312 570 τῇ
339 503 408 570 γῇ
437 501 699 571 άρκτικοῦ
730 502 928 555 στάδιοι
950 503 1048 574 μὲν
1081 504 1234 567 ,κεσ’·
1275 507 1381 560 ἀπὸ
1421 507 1477 560 δὲ
1504 507 1598 560 τοῦ
1646 510 1702 559 ἐν
1741 511 1804 579 τῇ

253 593 316 661 τῇ
342 591 629 660 άρκτικοῦ,
668 593 728 655 ὃς
764 597 934 647 κεῖται
973 596 1111 648 κατὰ
1151 597 1241 649 τὸν
1278 600 1334 650 ὲν
1372 598 1449 668 τῷ
1489 600 1675 670 κόσμῳ
1711 601 1808 670 ἀρ-

253 680 454 742 κτικὸν,
497 682 633 752 πρὸς
664 683 754 734 τὸν
789 685 845 735 ὲν
886 685 950 754 τῇ
987 688 1055 754 γῇ
1083 687 1358 757 τροπικὸν,
1383 689 1440 750 ὃς
1471 692 1644 740 κεῖται
1669 688 1809 742 κατὰ

252 770 332 820 τὸν
368 771 429 820 ὲν
454 769 529 839 τῷ
560 770 747 838 κόσμω
769 770 972 842 θερινὸν
992 775 1245 844 τροπικὸν
1265 814 1278 836 ,
1311 777 1510 829 στάδιοι
1543 777 1640 846 μὲν
1677 784 1802 841 ,κα’·

253 860 350 912 ἀπὸ
397 860 456 912 δὲ
510 860 604 913 τοῦ
644 860 864 933 ,Θερινοῦ
907 865 1164 935 τροπικοῦ
1212 867 1369 937 μέχρι
1412 867 1504 920 τοῦ
1535 870 1592 922 ἐν
1628 872 1694 939 τῇ
1734 872 1804 940 γῇ

256 952 589 1023 ίσημερινοῦ,
616 952 673 1015 ὃς
703 957 875 1006 κεῖται
906 957 1046 1009 κατὰ
1070 957 1159 1009 τόν
1192 959 1248 1010 ἐν
1292 959 1367 1030 τῷ
1405 960 1592 1030 κόσμῳ
1621 962 1704 1030 ίση
1715 978 1808 1030 με-

254 1044 413 1115 ρινὸν,
447 1045 647 1097 στάδιοι
681 1053 834 1110 ,ιςω¹.
861 1047 1024 1100 Πάλιν
1058 1049 1165 1102 ἀπὸ
1201 1050 1292 1102 τοῦ
1333 1053 1642 1123 ίοημερινοῦ
1675 1053 1808 1122 πρὸς

251 1135 331 1186 τὸν
351 1133 541 1204 ἕτερον
568 1137 822 1206 τροπικὸν
845 1145 981 1208 ⁴ιςῖω¹
1001 1155 1014 1169 ο
1047 1139 1154 1191 ἀπὸ
1181 1139 1237 1191 δὲ
1258 1140 1349 1192 τοῦ
1375 1141 1632 1212 τροπικοῦ
1674 1143 1808 1213 πρὸς

247 1224 330 1274 τὸν
359 1225 623 1292 ἀρκτικὸν
656 1226 842 1281 στάδια
872 1233 967 1290 ,κα¹
989 1243 1003 1258 °
1028 1228 1134 1281 ἀπὸ
1163 1230 1218 1282 δὲ
1242 1229 1334 1282 τοῦ
1382 1232 1637 1304 ἀρκτικοῦ
1673 1233 1808 1303 πρὸς

246 1314 329 1364 τόν
360 1312 551 1381 ἕτερον
582 1314 740 1367 πόλον
769 1322 921 1378 ,κεσ’·
964 1315 1103 1370 ὥστε
1162 1319 1483 1386 συνάγεσθαι
1521 1320 1581 1372 τὸ
1606 1320 1804 1390 μεταξὺ

244 1404 349 1456 τῶν
384 1405 564 1458 πόλων
606 1405 876 1479 διάστημα
917 1410 1186 1480 μυριάδων
1223 1411 1286 1480 ιβ’
1330 1412 1422 1465 καὶ
1472 1411 1695 1464 στάδιων
1728 1425 1804 1475 ,ς,

243 1498 374 1565 ὅπερ
403 1499 552 1550 ἐστὶν
580 1498 750 1568 ἥμισυ
782 1501 876 1571 τῆς
912 1501 1236 1571 περιμέτρου
1278 1502 1376 1572 τῆς
1418 1503 1522 1573 γῆς
1543 1521 1557 1534 ·
1609 1503 1669 1555 τὸ
1700 1503 1806 1573 γάρ

241 1588 461 1640 ἀπὸτοῦ
499 1590 659 1642 πόλου
706 1591 796 1643 ἐπὶ
841 1592 931 1645 τὸν
977 1593 1135 1645 πόλον
1180 1595 1322 1647 ἐστὶν
1364 1593 1701 1664 ἡμικύκλιον.
1742 1593 1805 1645 Ἡ

241 1681 292 1732 δὲ
320 1681 588 1753 διαίρεσις
620 1682 726 1734 τῶν
756 1683 1056 1752 ἐξηκοστῶν
1082 1685 1281 1738 τούτων
1320 1687 1508 1739 καὶ⁶ὲν
1539 1689 1654 1748 ταῖς
1687 1703 1804 1755 κρι-

1910 520 1992 565 est
2025 512 2074 564 in
2105 520 2272 576 terra,
2307 512 2480 565 stadia
2521 511 2731 566 25200:
2775 526 2967 567 rursus
3006 512 3075 567 ab
3107 513 3310 566 ari-lico
3375 515 3469 583 qui

1908 610 1990 657 est
2017 603 2068 655 in
2104 613 2267 665 terra,
2301 612 2352 657 et
2384 604 2487 658 sub
2530 603 2652 657 caeli
2694 603 2921 666 arctico,
2970 620 3144 675 usque
3185 606 3251 660 ad
3301 607 3476 676 tropi-

1907 709 2030 748 cum
2074 702 2373 761 terrenum,
2428 696 2522 764 qui
2572 695 2791 764 ponitur
2841 696 2942 751 sub
2997 697 3204 752 cwlesti
3263 699 3474 768 tropico

1906 787 2113 851 mstivo,
2169 787 2343 841 stadia
2391 787 2592 852 21000;
2644 803 2837 843 rursus
2893 788 2960 843 ab
3026 790 3214 844 aestivo
3260 791 3473 861 tropico

1906 894 2080 947 usque
2109 878 2177 931 ad
2205 886 2519 934 terrestrem
2563 880 3016 948 aequinoctialem,
3072 883 3163 952 qui
3204 883 3342 938 situs
3387 893 3473 939 est

1907 971 2010 1023 sub
2070 970 2428 1039 aiquinoctiali
2483 973 2777 1037 mundano,
2822 981 2950 1028 sunt
3022 975 3196 1028 studia
3259 976 3469 1043 16800;

1906 1076 2094 1116 rursus
2124 1063 2192 1116 ab
2219 1062 2583 1131 aequinoctiali
2625 1079 2794 1133 usque
2823 1065 2887 1118 ad
2932 1066 3160 1120 alterum
3204 1069 3471 1138 tropicum

1906 1152 2078 1206 stadia
2113 1162 2239 1207 sunt
2277 1154 2466 1210 16800.
2501 1154 2747 1210 Deindea
2773 1157 2983 1225 tropico
3015 1175 3187 1228 usque
3213 1161 3280 1214 ad
3308 1162 3474 1217 arcti-

1905 1254 2028 1293 cum
2101 1249 2227 1295 sunt
2302 1244 2481 1298 stadia
2543 1243 2752 1311 21000;
2809 1255 3084 1315 postremo
3131 1249 3199 1302 ab
3267 1253 3472 1307 arctico

1905 1345 2076 1401 usque
2097 1331 2162 1384 ad
2185 1333 2409 1388 alterum
2437 1336 2615 1404 polum
2633 1336 2825 1397 25200.
2851 1346 2907 1391 ut
2928 1339 3183 1393 distantia
3209 1341 3349 1397 inter
3375 1359 3473 1413 po-

1905 1421 1986 1476 los
2020 1423 2309 1492 colligatur
2335 1440 2456 1480 esse
2489 1427 2554 1479 i2
2597 1428 2920 1498 myriadum,
2957 1443 3010 1484 et
3041 1414 3298 1500 przeterea
3331 1433 3470 1488 6000

1906 1512 2223 1578 Stadiorum,
2248 1517 2397 1584 quod
2439 1523 2521 1572 est
2547 1518 2828 1572 dimidium
2869 1521 3320 1577 circumferentia:
3360 1532 3471 1579 ter-

1905 1616 2157 1669 Iamnam
2205 1605 2460 1659 distantia
2521 1623 2640 1676 qua:
2676 1616 2761 1661 est
2811 1622 2840 1660 a
2887 1608 3008 1677 polo
3045 1625 3215 1678 usque
3256 1612 3322 1664 ad
3372 1626 3468 1681 po-

1905 1695 2039 1756 lum.
2074 1706 2156 1750 est
2189 1696 2588 1752 semicirculus.
2627 1697 2828 1752 Divisio
2857 1707 3034 1753 autem
3077 1701 3266 1755 liorum
3304 1717 3466 1757 sexa~

241 1778 446 1837 κωταῖς
489 1775 742 1847 σφαίραις
773 1778 805 1847 ἡ
840 1777 974 1848 αὐτη
1007 1779 1257 1849 ὑπάρχει.
1305 1778 1798 1843 Κατασκευάζονται

1909 1786 2234 1856 gesimorum
2291 1790 2454 1842 etiam
2509 1791 2561 1842 in
2612 1789 2981 1844 armillaribus
3016 1791 3242 1859 sphrcris
3278 1793 3465 1848 eadem

239 1866 345 1935 γὰρ
373 1869 430 1918 αἱ
462 1867 728 1936 κρικωταὶ
770 1871 990 1938 σφαῖραι
1039 1869 1239 1932 οὕτως·
1276 1871 1383 1923 ἀπὸ
1435 1871 1526 1923 τοῦ
1571 1871 1732 1924 πόλου
1777 1875 1805 1924 ὁ

238 1956 503 2027 ἀρκτικὸς
539 1958 801 2010 διίσταται
831 1959 1021 2030 μοίρας
1059 1959 1165 2025 λς’,
1192 1960 1334 2032 ἅπερ
1364 1964 1508 2016 ἐστὶν
1541 1962 1804 2034 ὲξηκοστὰ

239 2056 322 2113 ς’·
362 2050 553 2116 ἑξάκις
580 2049 686 2121 γάρ
719 2050 777 2114 ἓξ
809 2050 1014 2118 γίνεται
1045 2051 1150 2116 λς’.
1194 2053 1252 2105 '0
1294 2054 1350 2106 δὲ
1401 2056 1656 2125 ἀρκτικὸς
1700 2057 1805 2108 ἀπὸ

234 2142 327 2195 τοῦ
350 2141 568 2214 Θερινοῦ
595 2143 852 2213 τροπικοῦ
882 2143 1144 2198 διίσταται
1175 2146 1367 2217 μοίρας
1391 2147 1432 2198 λ’
1449 2165 1464 2180 ·
1491 2147 1632 2218 ἇπερ
1660 2149 1804 2200 ἐστὶν

234 2235 509 2304 ἑξηκοστὰ
547 2241 606 2288 ε’.
655 2235 710 2288 '0
737 2235 792 2288 δὲ
837 2234 1042 2306 Θερινὺς
1073 2237 1326 2308 τροπικός
1354 2237 1458 2289 ἀπὸ
1487 2237 1580 2290 τοῦ
1615 2239 1803 2307 ἰσημε-

133 2377 140 2388 λ
235 2323 387 2394 ρινοῦ
423 2321 674 2393 διέστηκε
718 2323 907 2396 μοίρας
944 2323 1041 2389 κδ’,
1072 2325 1215 2396 άπερ
1246 2327 1390 2379 ἐστὶν
1424 2326 1686 2396 ὲξηκοστά
1726 2328 1800 2380 δ”

231 2418 264 2469 ὁ
298 2417 358 2468 δὲ
405 2415 716 2486 ἰσημερινὸς
770 2417 876 2470 ἀπὸ
938 2417 1030 2470 τοῦ
1072 2419 1377 2489 χειμερινοῦ
1437 2420 1694 2492 τροπικοῦ
1729 2421 1805 2473 δι-

230 2507 437 2576 έστηκε
469 2506 567 2568 τὰς
600 2508 719 2569 ἴσας
760 2508 951 2578 μοίρας
990 2507 1065 2560 κδ’
1086 2524 1098 2537 ·
1134 2510 1162 2562 ὁ
1195 2509 1252 2562 δὲ
1284 2511 1586 2581 χειμερινὸς
1618 2528 1805 2582 τροπι-

151 2616 154 2619 λ
233 2599 332 2660 κὸς
363 2596 460 2650 τοῦ
489 2597 844 2668 ἀνταρκτικοῦ
871 2598 1115 2668 διέστηκε
1148 2599 1336 2669 μοίρας
1366 2598 1434 2651 λ’·
1463 2601 1491 2651 ὁ
1517 2601 1574 2653 δὲ
1607 2602 1804 2672 ἀνταρ-

231 2690 427 2752 κτικὸς
479 2690 588 2742 ἀπὸ
628 2689 721 2742 τοῦ
761 2689 931 2742 νοτίου
980 2690 1139 2743 πόλου
1174 2691 1419 2761 διέστηκε
1461 2695 1651 2765 μοίρας
1682 2695 1798 2759 λς”

232 2782 385 2834 ὥστε
421 2782 583 2834 πάλιν
606 2781 712 2833 ἀπὸ
747 2781 836 2833 τοῦ
883 2781 1043 2834 πόλου
1094 2784 1185 2835 ἐπὶ
1233 2783 1322 2837 τὸν
1364 2785 1521 2848 πόλον
1575 2787 1801 2855 συνάγε-

228 2874 366 2927 σθαι
400 2874 502 2944 μὲν
536 2874 727 2942 μοίρας
757 2879 865 2942 ρπ¹,
897 2872 1160 2949 ἑξηκοστὰ
1185 2873 1240 2926 δὲ
1269 2874 1338 2926 λ”
1366 2876 1498 2944 πρὸς
1521 2876 1628 2948 γάρ
1649 2877 1803 2930 τοῦτο

225 2965 300 3016 τὸ
328 2964 386 3017 ἓν
420 2964 590 3035 κλίμα
621 2966 714 3016 καὶ
739 2966 791 3015 αἱ
830 2966 1092 3034 κρικωταὶ
1123 2967 1340 3038 σφαῖραι
1371 2967 1801 3032 κατασκευάζον-

221 3073 348 3119 ται,
381 3057 477 3108 καὶ
521 3056 576 3108 αἱ
613 3055 847 3125 στερεαὶ,
892 3055 998 3108 τῶν
1033 3055 1304 3128 ἀρκτικῶν
1345 3060 1520 3127 μόνων
1573 3077 1802 3128 μεταπι-

222 3150 482 3202 πτόντων
524 3147 580 3200 ἐν
623 3165 760 3200 τισιν
799 3149 1040 3218 οἰκήσεσι
1080 3150 1217 3203 κατὰ
1252 3149 1351 3212 τὰς
1377 3151 1696 3214 διαστάσεις.
1733 3153 1798 3204 Ai

224 3241 489 3311 μέντοιγε
520 3241 578 3292 ὲν
607 3243 672 3310 τῇ
695 3242 762 3310 γῇ
784 3238 950 3304 ζῶναι
981 3241 1114 3312 πρὸς
1144 3242 1202 3294 τὸ
1228 3243 1513 3313 εἰρημένον
1542 3241 1600 3296 ἓν
1632 3243 1799 3314 κλίμα

220 3332 571 3403 λαμϐάνουσι
618 3332 713 3402 τὴν
757 3332 1014 3404 διαίρεσιν
1049 3332 1155 3385 703v
1202 3333 1293 3385 ἐπὶ
1344 3333 1440 3403 τῆς
1475 3334 1576 3404 γῆς
1618 3352 1798 3387 κατοι-

224 3424 500 3476 κούντων.
531 3423 682 3475 Ὅσοι
717 3422 812 3492 μὲν
857 3417 948 3475 οὖν
987 3424 1078 3476 ἐπὶ
1120 3422 1213 3475 τοῦ
1257 3421 1418 3477 αὐτοῦ
1460 3425 1798 3497 παραλλήλου

223 3514 571 3576 κατοικοῦσι,
620 3513 827 3576 τούτοις
875 3513 943 3566 τὰ
989 3513 1128 3566 αὐτὰ
1178 3515 1474 3584 φαινόμενα
1520 3516 1660 3568 κατὰ
1701 3514 1800 3574 τὰς

220 3610 477 3674 οἰκήσεις
507 3606 764 3673 γίνονται,
795 3605 887 3658 καὶ
932 3604 998 3657 τὰ
1051 3605 1251 3676 μεγέθη
1291 3605 1396 3658 τῶν
1437 3606 1654 3676 ἡμερῶν
1687 3607 1796 3669 ῐσα,

223 3700 331 3753 καὶ
380 3698 449 3750 τὰ
501 3697 704 3768 μεγέθη
760 3696 866 3750 τῶν
918 3697 1203 3767 ἐκλείψεων
1249 3697 1360 3768 (46)
1410 3697 1656 3760 τοιαῦτα,
1705 3699 1798 3752 καὶ⁵

219 3790 344 3844 τῶν
390 3788 769 3858 ὡροσκοπείων
812 3789 1158 3859 κατάγραφα).
1194 3791 1250 3842 αἱ
1295 3790 1453 3842 αὐταί
1478 3806 1490 3818 ο
1535 3791 1628 3842 καὶ
1669 3790 1799 3843 καθ-

220 3880 362 3931 όλου
393 3879 568 3931 πάντα
604 3877 668 3930 τά
697 3878 822 3948 περὶ
853 3878 950 3941 τὰς
994 3880 1230 3949 οἰκήσεις
1265 3881 1362 3943 τὰς
1389 3879 1481 3933 ἐπὶ
1509 3879 1603 3933 τοῦ
1632 3880 1795 3935 αὐτοῦ

221 3969 580 4039 παραλλήλου
609 3970 881 4040 κειμένας,
909 3969 975 4022 τὰ
1005 3970 1140 4023 αὐτὰ
1166 3970 1416 4041 ὑπάρχει.
1463 3971 1536 4023 Τὸ
1567 3972 1672 4042 γὰρ
1709 3971 1798 4039 ἔγ-

218 4061 408 4130 κλιμα
434 4059 528 4112 τοῦ
554 4060 752 4129 κόσμου
794 4059 941 4129 μένει
969 4060 1028 4112 τὸ
1064 4060 1210 4112 αὑτό.
1250 4060 1408 4131 Παρὰ
1445 4059 1552 4132 γὰρ
1596 4061 1656 4112 τὸ
1702 4061 1793 4128 ἔγ-

221 4153 410 4222 κλιμα
429 4152 520 4205 τοῦ
545 4154 746 4222 κόσμου
774 4153 1002 4224 διάφορα
1035 4154 1236 4221 γίνεται
1279 4153 1346 4205 τὰ
1376 4154 1690 4224 φαινόμενα.
1729 4156 1793 4206 Αἱ

223 4243 487 4314 μέντοιγε
528 4242 690 4313 ἀρχαὶ
735 4242 841 4293 τῶν
897 4241 1116 4311 ἡμερῶν
1172 4243 1262 4294 καὶ
1308 4243 1362 4294 αἱ
1414 4242 1656 4294 τελευταὶ
1697 4244 1793 4312 οὐχ

220 4335 354 4403 ἅμα
412 4335 542 4385 πᾶσι
583 4333 838 4400 γίνονται,
889 4331 1001 4384 ἀλλ’
1045 4328 1125 4394 οἷς
1166 4333 1263 4402 μὲν
1306 4333 1584 4404 πρότερον,
1621 4327 1701 4397 οἷς
1737 4334 1792 4386 δὲ

1904 1885 2005 1932 est.
2055 1877 2318 1932 Parantur
2360 1881 2502 1934 enim
2545 1881 2850 1936 armillares
2888 1882 3111 1952 δριμεῖαι
3141 1884 3300 1938 sic.A
3343 1886 3467 1954 polo

1904 1969 2138 2023 arctieus
2170 1969 2335 2022 distat
2360 1970 2604 2038 partibus
2630 1969 2718 2034 56,
2744 1986 2861 2040 qua:
2889 1980 3014 2025 sunt
3035 1975 3366 2044 sexagesima
3394 1975 3463 2042 6;

1904 2059 2079 2112 sexies
2103 2060 2246 2112 enim
2287 2075 2379 2114 sex
2403 2067 2530 2114 sunt
2567 2061 2655 2114 56.
2702 2061 2952 2117 Arcticus
3002 2064 3068 2118 ab
3125 2065 3309 2120 azstivo
3357 2075 3467 2120 tro-

1903 2149 2024 2219 pico
2052 2149 2215 2203 distat
2238 2150 2496 2218 gradibus
2520 2152 2611 2215 50,
2643 2153 2736 2221 qui
2781 2152 2986 2209 faciunt
3016 2157 3350 2225 sexagesima
3395 2158 3460 2223 5;

1901 2239 2121 2295 aestivus
2148 2241 2390 2310 tropicus
2421 2241 2585 2295 distat
2613 2244 2681 2296 ab
2708 2245 3070 2313 aequinoctiali
3094 2247 3352 2316 gradibus
3369 2247 3461 2311 24.

1901 2333 1996 2402 qui
2033 2340 2161 2387 sunt
2188 2335 2523 2403 sexagesima
2555 2333 2608 2388 4.
2640 2333 3064 2404 Equinoctialis
3093 2337 3262 2392 distat
3291 2338 3358 2392 ab
3377 2338 3464 2393 lti-

1902 2425 2069 2479 berno
2103 2424 2310 2494 tr0pico
2332 2426 2550 2480 totidem
2579 2425 2834 2495 gradibus
2877 2425 2966 2481 2i.
3022 2426 3235 2481 Rursus
3283 2428 3466 2483 hiber-

1902 2530 2004 2568 nus
2019 2516 2257 2584 tropicus
2280 2515 2348 2567 ab
2368 2515 2663 2569 antarctico
2682 2516 2848 2570 distat
2871 2516 3128 2586 gradibus
3152 2517 3250 2581 30;
3274 2525 3462 2572 antar-

1899 2610 2071 2662 cticus
2113 2608 2179 2661 ab
2225 2607 2448 2661 australi
2501 2607 2623 2676 polo
2684 2607 2849 2660 distat
2907 2607 3169 2677 gradibus
3233 2608 3340 2672 36;
3402 2617 3462 2662 ut

1901 2713 2092 2753 rursus
2134 2713 2164 2751 a
2217 2697 2340 2766 polo
2370 2712 2541 2766 usque
2578 2695 2644 2748 ad
2687 2697 2867 2766 polum
2902 2698 3226 2766 colligantur
3257 2699 3461 2767 gradus

1905 2790 2026 2853 I80,
2060 2790 2394 2859 sexagesima
2426 2802 2552 2842 vero
2572 2788 2658 2841 50.
2676 2789 2755 2841 Ad
2785 2787 2886 2840 hoc
2913 2787 3054 2840 enim
3083 2802 3248 2840 unum
3277 2788 3457 2850 clima,

1901 2889 1952 2936 et
1988 2881 2210 2950 sphaera:
2231 2881 2556 2944 armillares,
2581 2887 2635 2934 et
2671 2878 2858 2934 solidae
2892 2887 3170 2948 parantur,
3201 2893 3324 2932 cum
3356 2878 3458 2934 soli

1902 2972 2089 3025 arctici
2119 2972 2172 3026 in
2214 2971 2538 3041 quibusdam
2580 2971 3007 3025 habitationibus
3047 2971 3341 3025 secundum
3374 2971 3458 3024 di-

1903 3063 2130 3118 stantias
2177 3069 2472 3116 mutentur.
2515 3062 2584 3114 At
2627 3077 2774 3114 zona-
2817 3069 3099 3115 terrestres
3145 3059 3212 3114 ad
3251 3060 3456 3113 dictum

1903 3170 2065 3208 unum
2117 3154 2279 3208 clima
2332 3152 2606 3222 accipiunt
2639 3153 2958 3206 divisionem
3000 3167 3213 3213 eorum,
3262 3151 3355 3220 qui
3400 3151 3456 3206 in

1899 3253 2043 3300 terra
2075 3245 2336 3300 habitant.
2367 3243 2535 3313 Igitur
2556 3243 2648 3312 qui
2690 3243 2876 3298 eodem
2909 3242 2966 3296 in
3010 3242 3266 3312 parallelo
3303 3242 3458 3296 babi-

1898 3343 2037 3401 tant,
2063 3336 2147 3391 his
2172 3335 2367 3390 eaedem
2401 3342 2527 3388 sunt
2551 3334 2878 3404 apparentia:
2912 3333 3206 3387 secundum
3244 3332 3459 3387 habita-

1898 3428 2104 3494 tiones;
2129 3434 2180 3481 et
2209 3425 2605 3495 magnitudines
2635 3423 2845 3478 dierum
2871 3423 3107 3492 aequales
3130 3439 3146 3488 ;
3170 3429 3224 3476 et
3249 3421 3457 3491 magni-

1897 3515 2112 3572 tudines
2140 3515 2423 3584 eclipsium
2448 3513 2652 3568 similes
2681 3529 2696 3577 ;
2726 3519 2778 3566 et
2803 3511 3197 3581 descriptiones
3227 3513 3454 3566 horolo-

1897 3608 2137 3678 gicorum
2207 3607 2686 3661 instrumentorum
2741 3603 2974 3667 ezedem;
3023 3611 3078 3657 et
3142 3603 3455 3658 summatim

1896 3697 2076 3752 omnia
2104 3711 2224 3766 quae
2249 3696 2572 3765 contingunt
2601 3697 2746 3748 circa
2777 3691 3141 3748 habitationes
3181 3693 3233 3747 in
3265 3694 3454 3748 eodem

1897 3789 2154 3858 parallelo
2178 3789 2402 3858 positas,
2423 3788 2768 3842 sunteadcm.
2799 3784 2932 3839 Nam
2959 3786 3241 3840 inclinatio
3263 3786 3453 3840 mundi

1896 3886 2076 3932 manet
2102 3876 2309 3932 eadem.
2356 3876 2579 3944 Propter
2614 3875 3019 3930 inclinationem
3073 3874 3218 3928 enim
3267 3874 3454 3928 mundi

1895 3966 2116 4022 diversae
2174 3974 2300 4020 sunt
2373 3965 2717 4035 apparentiae.
2787 3964 2955 4034 Atqui
3017 3964 3173 4018 initia
3242 3964 3452 4018 dierum

1894 4066 1946 4112 et
1989 4057 2122 4111 ﬁnes
2166 4072 2272 4110 non
2307 4057 2467 4114 simul
2516 4058 2648 4110 ﬁunt
2694 4057 2968 4120 omnibus,
3003 4055 3097 4109 sed
3128 4053 3250 4107 aliis
3279 4054 3449 4122 prius,

1894 4151 2016 4204 aliis
2059 4150 2329 4219 posterius
2363 4155 2593 4217 :estque
2643 4149 2784 4219 apud
2835 4163 3024 4202 omnes
3066 4146 3240 4217 prima
3294 4146 3447 4206 hora,

1893 4257 2015 4296 cum
2057 4256 2120 4295 ea
2165 4241 2306 4310 apud
2355 4241 2490 4294 alios
2542 4241 2614 4295 sit
2653 4242 2892 4294 medium
2935 4238 3066 4303 diei,
3133 4235 3274 4308 apud
3316 4237 3453 4292 alios

1893 4346 2140 4386 occasus.
2185 4329 2303 4384 Jam
2345 4346 2473 4385 vero
2495 4329 2674 4399 quoad
2713 4344 2954 4391 sensum,
2998 4328 3110 4383 fere
3157 4327 3224 4381 ad
3274 4325 3452 4382 stadia

220 4425 461 4495 ὕστερον
485 4464 499 4477 .
545 4424 653 4476 Καί
692 4428 834 4476 ἐστιν
877 4425 909 4493 ἡ
959 4424 1107 4494 παρὰ
1141 4425 1303 4476 πᾶσιν
1338 4425 1382 4454 ⁸⁸
1419 4431 1465 4477 α’
1494 4425 1630 4495 ὥρα,
1668 4428 1794 4495 παρ’

1900 4423 1998 4478 400
2045 4424 2114 4478 ab
2162 4431 2284 4477 ortu
2340 4439 2530 4478 versus
2587 4437 2840 4476 occasum
2891 4421 3030 4475 idem
3080 4426 3260 4473 manet
3295 4419 3450 4473 hori-

220 4517 415 4578 ἄλλοις
447 4516 607 4585 μέσον
650 4515 858 4586 ἡμέρας
911 4511 1061 4577 οὖσα,
1102 4517 1229 4586 παρ’
1261 4513 1341 4578 οἷς
1368 4515 1423 4567 δὲ
1459 4516 1608 4580 δύσις
1634 4515 1786 4585 οὖσά.

227 4609 377 4679 Ἤδη
413 4603 656 4678 μέντοιγε
695 4609 828 4678 πρὸς
849 4608 944 4680 τὴν
961 4607 1206 4678 αἴσθησιν
1227 4608 1408 4677 σχεδὸν
1431 4611 1522 4662 ἐπὶ
1546 4611 1791 4671 σταδίους

227 4705 282 4752 υ⁹
317 4699 408 4750 ἀπ’
434 4696 693 4766 ἀνατολῆς
732 4697 822 4766 επὶ
853 4696 1004 4749 δύσιν
1035 4697 1062 4748 ό
1096 4695 1254 4757 αὐτὸς
1289 4696 1482 4766 ὁρίζων
1511 4696 1785 4765 διαμένει·

225 4791 375 4842 ὥστε
437 4789 566 4863 πρὸς
613 4763 855 4858 αἴσθησιν
902 4787 1016 4856 ἅμα
1048 4786 1146 4856 τὴν
1188 4786 1447 4856 ἀνατολὴν
1488 4787 1665 4849 αὐτοῖς
1706 4787 1790 4854 γία

223 4881 418 4934 νεσθαι
463 4883 557 4934 καὶ
606 4882 701 4952 τὴν
738 4881 906 4933 δύσιν.
935 4880 1103 4932 Ὅταν
1149 4877 1205 4930 δὲ
1251 4878 1430 4931 πλεῖον
1470 4878 1691 4947 γένηται
1733 4879 1793 4932 τὸ

222 4974 501 5042 διάστημα
529 4973 634 5026 τῶν
665 4980 707 5024 u'
744 4972 986 5034 σταδίων,
1011 4969 1371 5042 προανατολαὶ
1391 4971 1484 5023 καὶ
1509 4971 1793 5040 προδόσεις

224 5068 488 5134 γίνονται.
524 5065 645 5127 Τοῖς
676 5065 732 5117 δὲ
766 5066 858 5116 ἐπὶ
893 5063 985 5116 τοῦ
1019 5062 1180 5117 αὑτοῦ
1217 5061 1581 5132 μεσημϐρινοῦ
1613 5079 1792 5116 κατοι-

225 5158 386 5211 κοῦσι
415 5157 573 5228 μέχρι
619 5156 716 5226 μὲν
766 5155 987 5214 σταδίων
1019 5159 1062 5208 υ’
1088 5153 1479 5224 άνεπαίσθητος
1520 5153 1729 5221 γίνεται
1753 5155 1786 5222 ἡ

303 5336 348 5365 ⁸⁸
383 5335 422 5403 Ῑ.
456 5337 614 5388 τισίν.

303 5491 413 5561 (£6)
443 5490 550 5544 Καὶ
593 5491 662 5543 τὰ
704 5491 919 5562 μεγέοη
966 5489 1080 5543 τῶν
1133 5491 1478 5558 ἐκλείψεων.
1538 5488 1776 5562 Falsum.

231 5559 364 5613 Nam
403 5577 572 5626 neque
606 5563 670 5615 de
725 5559 1026 5619 lunaribus.
1080 5579 1253 5630 neque
1300 5563 1366 5614 de
1405 5562 1678 5614 soiaribns
1723 5561 1775 5612 id

234 5642 380 5684 recte
414 5633 632 5684 dicitur.
685 5630 926 5685 Lunares
973 5633 1173 5700 quippe
1221 5647 1325 5684 non
1371 5632 1422 5683 in
1462 5632 1650 5684 iisdem
1683 5645 1776 5683 so-

237 5702 510 5754 lummodo
555 5704 822 5770 purailelis
874 5704 1108 5771 .rqnalns
1168 5712 1463 5771 apparent,
1518 5701 1610 5754 sed
1657 5702 1774 5754 ubi-

1895 4532 2018 4571 zon.
2083 4516 2263 4586 Itaque
2326 4515 2498 4585 quoad
2578 4530 2796 4571 sensum
2845 4513 3005 4568 simul
3079 4511 3212 4581 ipsis
3271 4512 3450 4565 evenit

1895 4617 2065 4671 ortus,
2095 4615 2148 4661 et
2169 4621 2416 4661 occasus.
2445 4605 2512 4659 At
2539 4607 2628 4660 ubi
2660 4605 2914 4660 distantia
2952 4601 3115 4657 fuerit
3146 4601 3320 4670 major
3343 4601 3447 4654 400

1896 4698 2102 4760 stadiis,
2167 4696 2237 4750 ibi
2285 4696 2716 4766 antegressiones
2765 4704 2980 4748 ortuum
3038 4700 3090 4745 et
3153 4706 3446 4746 occasuum

1896 4789 2045 4842 ﬁunt.
2072 4787 2142 4841 Iis
2182 4802 2310 4840 vero
2346 4787 2439 4856 qui
2490 4787 2543 4839 in
2597 4785 2784 4840 eodem
2838 4782 3136 4837 meridiano
3177 4782 3444 4846 habitant,

1897 4896 2068 4950 usque
2103 4879 2170 4933 ad
2209 4879 2382 4934 stadia
2429 4878 2534 4932 400
2579 4875 2909 4931 insensibilis
2953 4873 3009 4926 ﬁt
3041 4873 3317 4927 climatum
3355 4889 3445 4926 va-

1898 4973 2062 5027 rietas
2094 4973 2273 5026 simul.
2308 4969 2688 5024 Verumtamen
2717 4969 2786 5023 ob
2810 4982 2926 5022 eam
2953 4967 3286 5029 distantiam,
3330 4981 3450 5034 quae

1898 5063 2068 5132 magis
2099 5061 2434 5115 transcendit
2465 5074 2654 5113 versus
2699 5057 3114 5126 septentrionem
3152 5061 3246 5108 aut
3285 5059 3447 5107 meri-

1899 5153 2061 5218 diem,
2098 5153 2198 5207 alia
2229 5152 2286 5205 ﬁt
2319 5151 2614 5205 inclinatio.
2667 5149 2848 5218 Itaque
2889 5162 3079 5202 omnes
3121 5147 3450 5216 apparentia

1887 5501 2102 5556 cunque
2136 5487 2258 5538 lnna
2293 5483 2638 5556 prospicitur.
2681 5481 2899 5556 solares
2935 5492 3110 5535 anth
3145 5483 3307 5556 etiam
3344 5483 3447 5556 sub

1885 5552 2075 5611 eodem
2103 5552 2361 5626 parallelo
2391 5553 2958 5626 inazqualesvid‘entur
2978 5571 2992 5613 ;
3016 5563 3108 5626 an}
3134 5552 3293 5626 etiam
3319 5555 3446 5610 alibi

1885 5621 2116 5748 minidme
2141 5627 2408 5680 videntur.
2437 5624 2616 5689 Quare
2657 5623 2799 5676 aliud
2852 5624 3026 5694 agenti
3077 5623 3176 5677 hoc
3216 5621 3444 5680 Gemino

1885 5699 1998 5748 exci
2046 5697 2104 5748 it.

1884 5712 2104 5752 οιοιοιι.
