4000 6206
523 319 625 376 8'59

521 525 827 599 gnitudines
865 521 1172 592 eclipsium,
1223 523 1277 570 et
1316 509 1718 579 horologiorum
1759 501 2085 571 descriptio-

523 593 621 673 nes
649 617 876 672 diversae
924 620 1149 685 propter
1198 606 1562 664 habitationes
1608 601 1745 654 ﬁunt
1773 599 1841 652 iis
1891 594 1985 665 qui
2030 593 2086 647 in

522 710 709 764 eodem
732 707 1032 763 meridiano
1060 702 1327 759 habitant.
1357 696 1490 752 Nam
1518 692 1801 750 inclinatio
1826 696 2086 750 mutatur,

523 816 644 854 cum
677 801 762 855 vel
796 798 862 853 ad
891 799 1131 858 boream,
1164 794 1248 848 vel
1287 791 1353 845 ad
1393 787 1673 843 meridiem
1710 783 1771 837 ﬁt
1803 780 2087 836 transitus.

521 891 683 960 Atqui
718 888 1032 944 medietates
1060 884 1272 939 dierum
1316 887 1370 935 et
1396 877 1713 932 medietates
1738 873 1977 928 noctium
2009 869 2087 923 si-

524 982 633 1035 mul
664 980 922 1036 eveniunt
966 975 1222 1031 omnibus
1271 972 1339 1026 iis
1384 969 1567 1040 quiin
1612 964 1801 1020 eodem
1843 960 2090 1015 habitant

525 1074 840 1129 meridiano.

528 1166 865 1239 μεσημϐρίαν
900 1163 999 1232 τῆς
1043 1159 1388 1233 μεταϐάσεως
1429 1154 1739 1225 γινομένης.

1512 294 1851 354 APPENDIX
1887 292 1981 348 ΔΙ)
2021 286 2288 347 EUSEBII
2331 278 2747 340 CHRONICON.

524 445 651 493 sunt
674 433 919 490 diversae.
944 427 1157 485 Etenim
1185 418 1583 493 magnitudines
1609 415 1846 476 dierum,
1888 418 1942 467 et
1965 424 2083 465 ma-

2204 405 2289 460 :Gw
2340 402 2613 474 κλιμάτων
2673 393 2995 467 παραλλαγὴ
3062 389 3178 461 ἅμα
3201 405 3215 419 ’

3645 267 3765 322 840

3275 387 3338 441 τὸ
3381 386 3427 418 δ’
3508 388 3765 456 μέντοιγε

2187 499 2367 554 πλεῖον
2405 494 2673 563 διάστημα
2712 484 3011 559 ὑπερόἦναι
3046 483 3091 515 ⁸ο
3125 480 3260 552 πρὸς
3302 479 3502 551 ἄρκτον
3537 478 3573 549 ἢ
3621 477 3767 549 πρὸς

2191 586 2555 662 μεσημϐρίαν,
2587 581 2715 635 ἄλλο
2748 579 2956 647 γίνεται
3006 573 3273 644 ἔγκλιμα’
3312 570 3453 623 ὥστε
3484 568 3669 622 πάντα
3697 568 3769 621 τὰ

2187 658 2485 750 ιραινόμενα
2505 673 2734 742 διάφορα
2758 667 3021 738 γίνεσθαι.
3055 665 3164 719 Καὶ
3192 663 3301 733 γὰρ
3325 660 3393 714 τὰ
3425 658 3634 750 μεγέθη
3656 658 3769 750 τῶν

2188 746 2431 837 ἡμερῶν,
2460 760 2554 815 καὶ
2586 757 2654 811 τὰ
2689 754 2890 829 μεγέθη
2935 752 3045 807 τῶν
3076 751 3390 820 ἐκλείψεων,
3431 749 3529 803 καὶ
3572 749 3631 801 αἱ
3661 746 3771 799 τῶν

2189 856 2493 929 ὡρολογίων
2537 847 2882 921 καταγραφαὶ
2923 845 3169 915 διάφοροι
3210 840 3359 912 παρὰ
3391 839 3489 902 τὰς
3522 838 3772 929 οἰκήσεις

2194 928 2427 1017 γίνονται
2453 946 2563 1005 τοῖς
2591 942 2681 994 ἐπὶ
2708 938 2801 993 τοῦ
2843 937 3005 992 αὑτοῦ
3035 930 3403 1007 μεσημϐρινοῦ
3428 928 3769 986 κατοικοῦσι.

2196 1042 2269 1095 Τὸ
2288 1040 2394 1112 γάρ
2431 1037 2662 1107 ἐγκλιμα
2709 1030 3054 1103 μεταπίπτει,
3087 1027 3122 1098 ἢ
3156 1025 3291 1097 πρὸς
3325 1024 3527 1095 ἄρκτον
3564 1020 3596 1091 ἦ
3632 1020 3774 1092 πρὸς

1788 1149 1869 1203 Τὰ
1905 1146 2154 1217 μέντοιγε
2211 1137 2351 1206 μέσα
2392 1134 2501 1187 τῶν
2559 1128 2779 1203 ἡμερῶν
2819 1126 2914 1180 καὶ
2963 1123 3032 1177 τὰ
3065 1123 3206 1193 μέσα
3238 1120 3345 1174 τῶν
3378 1116 3591 1171 νυκτῶν
3651 1114 3773 1187 ἅμα

524 1261 656 1313 πᾶσι
684 1258 887 1329 γίνεται
925 1259 1038 1320 τοῖς
1063 1255 1155 1309 ἐπὶ
1181 1253 1273 1308 τοῦ
1307 1251 1468 1306 αὑτοῦ
1501 1244 1872 1321 μεσημϐρινοῦ
1902 1236 2266 1296 κατοικοῦσιν.

591 1353 692 1423 31
726 1352 858 1407 Cum
884 1360 1063 1405 autem
1099 1350 1166 1404 de
1198 1346 1428 1403 australi
1458 1359 1596 1400 zona
1629 1341 1887 1402 dicimus,
1929 1347 1983 1393 et
2025 1336 2093 1389 de

528 1445 596 1497 iis
627 1444 717 1513 qui
749 1441 804 1497 in
838 1457 900 1497 ea
935 1442 1201 1503 habitant,
1237 1437 1305 1492 ad
1343 1439 1458 1493 haec
1507 1437 1574 1491 de
1618 1432 1967 1504 antipodibus
1998 1426 2090 1498 qui

529 1541 581 1588 in
602 1535 789 1589 eadem
825 1540 989 1595 sunt;
1023 1531 1272 1585 convenit
1298 1543 1361 1584 ea
1394 1543 1515 1599 quae
1531 1528 1792 1581 dicuntur
1820 1525 1901 1579 sic
1935 1521 2095 1576 intel-

529 1627 712 1696 ligere,
747 1632 808 1679 ut
844 1640 945 1679 nos
982 1624 1049 1678 de
1077 1622 1303 1678 australi
1333 1621 1551 1689 quidem
1582 1633 1719 1674 zona
1763 1616 1969 1672 nullam
2010 1613 2095 1667 hi-

528 1715 748 1768 storiam
774 1713 1164 1782 acceperimus,
1196 1727 1371 1781 neque
1400 1726 1467 1765 an
1503 1711 1597 1765 ulli
1636 1711 1689 1763 in
1716 1723 1779 1763 ea
1809 1706 2089 1769 habitent;
2125 1741 2167 1796 Β

531 1804 625 1857 sed
663 1803 807 1874 quod
850 1803 1062 1857 ratione
1116 1804 1284 1857 totius
1324 1800 1570 1871 sphaerae.
1603 1808 1657 1854 et
1692 1798 1875 1868 ﬁgura:
1911 1805 2089 1859 terrae,

531 1902 585 1947 ct
618 1908 941 1964 progressus
986 1894 1138 1957 solis,
1172 1893 1263 1963 qui
1309 1892 1369 1946 lit
1409 1892 1551 1946 inter
1578 1890 1840 1959 tropicos,
1873 1887 1946 1942 sit
1994 1887 2093 1939 ali-

531 1999 637 2053 qua
672 1984 838 2038 etiam
883 1983 1051 2038 altera
1093 1997 1252 2045 zona,
1285 1996 1381 2036 seu
1426 1982 1581 2052 plaga
1628 1993 1818 2033 versus
1846 1983 2092 2030 austrum

535 2074 664 2132 sila,
696 2086 815 2142 quae
846 2071 1042 2125 habeat
1074 2071 1214 2124 idem
1247 2076 1731 2139 temperamentum
1768 2079 1891 2118 cum
1931 2063 2092 2116 borea

533 2179 690 2225 zona,
732 2165 786 2217 in
813 2178 919 2233 qua
958 2178 1057 2216 nos
1092 2162 1433 2227 habitamus;
1467 2159 1716 2213 similiter
1754 2156 1918 2211 etiam
1961 2154 2095 2211 dici.-

534 2268 656 2305 mus
682 2252 749 2306 de
773 2251 1138 2320 antipodibus,
1162 2264 1270 2303 non
1298 2246 1455 2319 quasi
1483 2246 1702 2299 omnino
1725 2242 1976 2297 habitent
2001 2240 2096 2293 ali-

535 2346 628 2417 qui
677 2347 732 2400 in
778 2346 965 2400 eadem
992 2346 1261 2399 diametro
1297 2341 1580 2397 nobiscum
1616 2357 1631 2394 :
1683 2336 1778 2393 sed
1823 2334 1967 2405 quod
2020 2335 2095 2390 sit

538 2436 733 2504 aliquis
774 2436 928 2489 locus
968 2434 1279 2489 habitabilis
1323 2435 1378 2487 in
1426 2440 1571 2487 terra
1602 2426 1901 2484 secundum
1948 2438 2097 2479 eam-

538 2529 657 2581 dem
682 2527 1006 2581 diametrum
1029 2526 1332 2581 nobiscum.

611 2703 725 2758 Sub
773 2703 1030 2757 torridam
1081 2709 1262 2755 autem
1314 2715 1504 2754 zonam
1540 2696 1786 2753 nonnulli
1832 2704 2095 2757 veterum,

541 2798 682 2852 inter
720 2812 856 2865 quos
895 2804 980 2851 est
1029 2803 1083 2849 et
1124 2793 1418 2849 Cleanthes
1461 2790 1680 2845 Stoicus
1717 2786 2095 2858 philosophus,

540 2889 894 2959 prodiderunt
939 2888 1121 2941 fusum
1162 2900 1284 2940 esse
1316 2885 1456 2938 inter
1506 2883 1739 2952 tropicos
1771 2878 2045 2933 Oceanum
2083 2892 2096 2928 :

543 2980 741 3051 quibus
781 2988 1146 3047 congruenter
1192 2984 1247 3030 et
1288 2978 1482 3029 Crates
1522 2971 1908 3044 grammaticus
1947 2982 2101 3023 erro-

2264 1327 2432 1381 Ὅταν
2473 1323 2531 1377 δὲ
2575 1321 2704 1393 περὶ
2745 1318 2847 1389 τῆς
2900 1315 3073 1370 νοτίου
3129 1313 3306 1383 ζώνης
3352 1311 3623 1381 λέγωμεν,
3674 1312 3772 1364 καὶ

2193 1418 2302 1471 τῶν
2350 1418 2408 1469 ὲν
2450 1415 2586 1486 αὑτῇ
2641 1408 3059 1470 κατοικούντων,
3098 1405 3234 1477 πρὸς
3278 1404 3336 1457 δὲ
3386 1402 3604 1467 τούτοις
3639 1403 3770 1470 περὶ

2192 1510 2301 1563 τῶν
2358 1509 2416 1561 ὲν
2478 1506 2613 1575 αὑτῇ
2680 1501 2978 1557 ἀντιπόδων
3034 1498 3142 1550 τῶν
3194 1496 3536 1566 λεγομένων·
3594 1493 3771 1557 οὕτως

2194 1600 2411 1655 ἀκούειν
2475 1598 2773 1670 προσήκει,
2828 1594 2904 1656 ὡς
2978 1588 3248 1662 μηδεμίαν
3309 1588 3469 1660 ἡμῶν
3524 1588 3771 1659 ἱστορίαν

2194 1692 2605 1764 παρειληφότων
2637 1690 2763 1760 περὶ
2800 1688 2899 1758 τῆς
2945 1685 3121 1738 νοτίου
3152 1682 3348 1753 ζώνης,
3381 1681 3517 1753 μηδὲ
3544 1681 3601 1734 εί
3625 1698 3770 1743 τινες

2192 1784 2249 1835 ἐν
2300 1781 2437 1851 αὑτῇ
2493 1778 2872 1834 κατοικοῦσιν*
2934 1775 3050 1828 ἀλλ’
3091 1774 3175 1827 ὅτι
3237 1772 3424 1826 ἕνεκεν
3480 1772 3583 1842 τῆς
3642 1768 3770 1841 ὅλης

2194 1867 2594 1942 σφαιροποιίας,
2629 1868 2721 1921 καὶ
2775 1865 2868 1919 τοῦ
2917 1865 3194 1935 σχήματος
3231 1862 3328 1932 τῆς
3368 1861 3495 1930 γῆς,
3542 1861 3642 1914 καὶ
3674 1861 3770 1930 τῆς

2192 1959 2426 2030 παρόδου
2465 1956 2559 2010 τοῦ
2592 1956 2744 2027 ἡλίου
2789 1956 2890 2025 τῆς
2920 1953 3122 2024 μεταξὺ
3147 1951 3257 2005 τῶν
3303 1950 3584 2024 τροπικῶν
3620 1966 3770 2019 γινο-

2196 2053 2381 2123 μένης,
2416 2049 2529 2102 ἐστι
2555 2066 2637 2111 τις
2661 2047 2755 2101 καὶ
2795 2046 2957 2116 ἑτέρα
2995 2045 3140 2114 (ζώνη
3172 2044 3307 2115 πρὸς
3333 2044 3485 2097 νότον
3511 2043 3767 2114 κειμένη,

2191 2145 2290 2214 τὴν
2322 2141 2489 2213 αὐτὴν
2527 2139 2820 2212 εὐκρασίαν
2863 2137 3060 2207 ἔχουσα
3096 2138 3161 2207 τῇ
3207 2135 3401 2206 βορείῳ
3442 2134 3615 2208 ζώνῃ,
3645 2130 3769 2208 ὲνῇ

2195 2231 2549 2303 κατοικοῦμεν
2578 2232 2735 2302 ἡμεῖς
2757 2246 2771 2261 ·
2802 2228 3000 2299 ὁμοίως
3040 2227 3097 2280 δὲ
3125 2227 3218 2280 καὶ
3246 2225 3376 2297 περὶ
3407 2227 3516 2278 τῶν
3546 2226 3770 2279 ἀντιπό-

2193 2324 2296 2377 δων
2336 2322 2586 2393 λέγομεν,
2637 2321 2734 2390 οὐχ
2785 2319 2861 2382 ὼς
2907 2318 3048 2371 κατὰ
3095 2318 3202 2371 πᾶν
3259 2315 3554 2370 οἰκούντων
3605 2316 3770 2369 τινῶν

2195 2415 2334 2469 κατὰ
2381 2413 2478 2483 τὴν
2520 2411 2688 2483 αὑτὴν
2744 2411 3031 2482 διάμετρον
3077 2412 3228 2480 ἡμῖν,
3276 2408 3390 2463 ἀλλ’
3422 2409 3580 2472 ὄντος
3624 2408 3771 2471 τινὸς

2194 2508 2356 2562 τόπου
2419 2505 2704 2576 οἱκησίμου
2778 2504 2870 2557 ἐπὶ
2935 2504 3033 2574 τῆς
3094 2504 3197 2573 γῆς
3255 2502 3398 2556 κατά
3470 2500 3769 2573 διάμετρον

2197 2601 2347 2669 ἡμῖν.

2281 2690 2415 2743 Ὑπὸ
2445 2689 2501 2742 δὲ
2531 2690 2627 2758 τὴν
2666 2686 3102 2756 διακεκαυμένην
3139 2683 3315 2755 ζώνην
3356 2683 3503 2747 τινὲς
3534 2682 3646 2736 τῶν
3673 2682 3770 2753 ἀρ.

2198 2780 2367 2850 χαίων
2391 2779 2759 2849 ἀπεφήναντο,
2786 2769 2861 2829 ὧν
2892 2777 3009 2828 ἐστι
3045 2774 3140 2827 καὶ⁵
3168 2773 3448 2843 Κλεάνθης
3470 2775 3501 2826 ό
3529 2773 3769 2834 Στωϊκὸς

2202 2871 2505 2939 φιλόσοφος,
2554 2867 2916 2939 ὑποκεχύσθαι
2946 2865 3168 2936 ⁸μεταξὺ
3210 2864 3316 2917 τῶν
3356 2864 3639 2936 τροπικῶν
3680 2865 3770 2917 τὸν
3820 2886 3827 2905 ε

2213 2961 2460 3014 Ὠκεανόν
2480 2978 2492 2990 ·
2524 2955 2605 3023 οἷς
2648 2957 2953 3021 ἀκολούθως
3000 2957 3095 3009 καὶ
3123 2954 3345 3026 Κράτης
3382 2958 3413 3007 ὁ
3447 2971 3769 3026 γραμματιο

541 3088 656 3127 rem
696 3070 908 3141 Ulyssis
946 3071 1260 3138 disponens,
1321 3077 1375 3122 et
1420 3074 1586 3119 totam
1630 3062 1897 3132 sphaeram
1945 3068 2102 3113 terra:

2204 3054 2315 3119 κὸς,
2345 3053 2443 3124 τὴν
2483 3050 2687 3122 πλάνην
2723 3048 2816 3103 τοῦ
2855 3047 3149 3110 Ὀδυσσέως
3174 3046 3496 3109 διατάσσων,
3531 3048 3629 3100 καὶ
3672 3048 3769 3118 τὴν

541 3164 859 3220 describens
892 3161 1058 3215 certis
1104 3158 1348 3223 circulis,
1373 3152 1825 3227 quemadmodum
1848 3152 2103 3224 praedixi-

544 3274 686 3320 mus,
726 3255 879 3326 ﬁngit
915 3255 1056 3307 inter
1086 3252 1327 3322 tropicos
1369 3250 1648 3303 Oceanum
1686 3260 1810 3301 esse
1842 3246 2099 3314 positum,

544 3350 733 3405 dicens
775 3356 1139 3417 congruenter
1181 3341 1578 3398 mathematicis
1621 3338 1791 3392 totius
1838 3353 1897 3393 se
1947 3345 2104 3391 terrae

543 3440 954 3511 dispositionem
989 3436 1295 3492 instituere.

615 3612 682 3665 At
739 3611 864 3666 talis
905 3608 1193 3680 dispositio
1236 3607 1411 3662 aliena
1443 3611 1528 3660 est
1560 3611 1615 3660 et
1663 3619 1693 3657 a
1726 3601 2105 3657 mathematica

546 3710 599 3754 et
632 3718 660 3756 a
684 3702 909 3772 physica
939 3700 1206 3763 doctrina,
1231 3706 1281 3751 et
1313 3695 1456 3767 apud
1484 3696 1690 3750 nullum
1719 3701 1962 3747 veterum
1989 3705 2107 3744 ma-

547 3795 961 3847 thematicorum
996 3793 1137 3845 inter
1168 3789 1430 3859 tropicos,
1461 3795 1521 3840 ut
1545 3785 1739 3841 Crates
1768 3783 1950 3847 docet,
1992 3780 2108 3835 col-

550 3886 745 3940 locata.
790 3882 924 3937 Nam
969 3884 1174 3939 nostris
1219 3881 1552 3952 temporibus
1601 3877 1713 3946 jam
1743 3884 1799 3931 et
1828 3880 2105 3945 perspecta

547 3989 602 4035 et
648 3979 866 4035 iuventa
906 3984 1032 4031 sunt
1076 3976 1306 4046 plurima
1351 3973 1471 4027 loca
1514 3969 1850 4033 habitabilia,
1904 3974 1959 4021 et
1999 3980 2108 4019 non

550 4068 686 4123 mari
717 4067 921 4135 ubique
949 4064 1341 4134 comprehensa
1374 4082 1387 4116 :
1430 4072 1635 4116 etcum
1668 4060 1815 4113 illius
1854 4058 2109 4113 interme-

549 4159 626 4213 dii
651 4157 944 4221 intervalli,
980 4156 1124 4226 quod
1157 4162 1243 4210 est
1269 4155 1337 4208 ab
1375 4153 1565 4208 aestivo
1598 4152 1807 4221 tropico
1843 4164 2014 4219 usque
2042 4147 2109 4202 ad

546 4250 1005 4321 aequinoctialem,
1043 4246 1276 4316 spatium
1320 4245 1392 4299 sit
1429 4244 1727 4299 stadiorum
1773 4242 1965 4303 16800,
1999 4240 2110 4295 fere

553 4344 619 4397 ad
655 4340 836 4397 20800
861 4339 1063 4400 stadia,
1104 4345 1373 4407 quatenus
1420 4335 1773 4405 investigandi
1800 4335 1953 4403 copia
1985 4332 2107 4395 fuit,

2201 3146 2328 3216 ὃλην
2358 3147 2588 3216 σφαῖραν
2619 3143 2718 3212 τῆς
2748 3142 2850 3210 γῆς
2890 3140 3256 3211 καταγράφων
3282 3141 3394 3202 τοῖς
3425 3137 3769 3210 ὁριζομένοις

2203 3235 2451 3300 κύκλοις,
2509 3231 2691 3296 καθὼς
2741 3233 3169 3304 προειρήκαμεν,
3207 3233 3350 3282 ποιεί
3407 3230 3618 3300 μεταξὺ
3667 3231 3768 3285 τῶν

2202 3325 2476 3397 τροπικῶν
2533 3325 2625 3379 τὸν
2696 3322 2942 3377 Ὠκεανὸν
2988 3322 3270 3392 κείμενον,
3317 3322 3494 3391 λέγων
3546 3323 3771 3378 ἀκολού-

2206 3418 2313 3482 θως
2385 3421 2498 3481 τοῖς
2573 3416 2973 3488 μαθηματικοῖς
3039 3416 3139 3486 τὴν
3186 3413 3314 3484 ὅλης
3368 3415 3474 3485 γῆς
3527 3415 3770 3483 διάταξιν

2205 3510 2490 3563 ποιεῖσθαι.

2287 3601 2351 3654 Ἦ
2378 3601 2434 3653 δὲ
2469 3600 2692 3669 τοιαύτη
2725 3597 2964 3662 διάταξις
2994 3597 3248 3668 ἀλλοτρία
3273 3599 3392 3649 ἐστι
3420 3597 3629 3651 καὶτοῦ
3665 3616 3769 3668 μαα

2209 3689 2511 3762 θηματικοῦ
2556 3690 2648 3741 καὶ
2692 3686 2787 3740 τοῦ
2834 3684 3062 3756 φυσικοῦ
3094 3684 3274 3754 λόγου,
3307 3686 3403 3738 καὶ
3438 3687 3563 3756 παρ’
3592 3686 3774 3740 οὐδενὶ

2205 3782 2313 3836 τῶν
2357 3781 2597 3852 ἀρχαίων
2655 3778 3047 3850 μαθηματικῶν
3103 3778 3649 3849 κατακεχωρισμένη,
3697 3779 3774 3841 ὡς

2207 3875 2560 3944 ἀποφαίνεται
2615 3872 2859 3942 Κράτης,
2911 3868 3111 3941 μεταξὺ
3164 3870 3271 3924 τῶν
3322 3870 3623 3941 τροπικῶν.
3683 3870 3771 3922 Ἐν

2206 3967 2313 4037 γὰρ
2345 3968 2455 4029 τοῖς
2488 3963 2609 4017 καθ’
2644 3964 2791 4033 ἡμᾶς
2823 3962 3033 4035 χρόνοις
3081 3962 3179 4033 ἤδη
3229 3963 3324 4015 καὶ
3368 3950 3768 4027 κατώπτευται,

2209 4060 2300 4112 καὶ
2327 4056 2553 4128 εὓρηται
2598 4054 2667 4109 τά
2720 4053 2944 4107 πλεῖστα
2984 4054 3264 4125 οίκήσιμα.
3301 4054 3393 4107 καὶ
3435 4054 3498 4106 οὑ
3544 4054 3770 4122 πελάγει

2208 4148 2468 4202 πάντοθεν
2500 4147 2857 4220 περιεχόμενα
2881 4162 2895 4175 °
2928 4144 3140 4199 καὶτοῦ
3176 4143 3375 4214 μεταξὺ
3409 4145 3772 4218 διαστήματος

2210 4244 2542 4312 ὑπάρχοντος
2569 4239 2676 4292 ὰπὸ
2703 4238 2913 4310 θερινοῦ
2942 4237 3200 4308 τροπικοῦ
3238 4238 3398 4308 μέχρι
3443 4237 3539 4290 τοῦ
3592 4240 3775 4309 ἰσημε-

2214 4334 2356 4405 ρινοῦ
2386 4338 2517 4405 ,ιςω’
2540 4332 2607 4395 ⁸⁸,
2640 4331 2734 4384 καὶ
2762 4330 2837 4392 ὡς
2862 4329 3043 4400 σχεδὸν
3065 4329 3158 4381 ἐπὶ
3191 4328 3433 4392 σταδίους
3463 4336 3573 4402 ⁴κω¹
3600 4331 3666 4394 ⁵⁸,
3698 4330 3774 4395 ὡς

552 4436 747 4490 harum
792 4447 976 4489 rerum
999 4429 1229 4486 historia
1258 4429 1569 4497 conscripta
1596 4435 1704 4491 est,
1750 4440 1873 4480 cum
1903 4439 1964 4479 ea
2014 4440 2102 4494 per

2210 4425 2529 4495 εὑπόρηται,
2552 4421 2646 4476 καὶ
2674 4423 2707 4491 ἡ
2739 4423 2865 4492 περὶ
2890 4420 3091 4474 τούτων
3124 4420 3329 4490 ἱστορία
3358 4421 3773 4494 ἀναγέγραπται

553 4543 708 4599 reges
748 4523 1147 4580 Alexandrinos
1178 4522 1249 4575 sit
1291 4520 1592 4589 explorata.
1640 4517 1793 4573 Unde
1830 4517 1953 4571 falsi
1984 4526 2110 4571 sunt

555 4620 645 4689 qui
671 4617 960 4689 opinantur
1001 4613 1274 4669 Oceanum
1316 4609 1495 4665 fusum
1537 4624 1658 4663 esse
1681 4611 1822 4663 inter
1846 4607 2107 4677 tropicos.

555 4710 650 4764 Est
679 4717 858 4764 autem
892 4714 944 4761 et
971 4722 1036 4763 ex
1077 4704 1163 4760 his
1194 4701 1567 4764 manifestum,
1603 4699 1746 4769 quod
1777 4708 1831 4753 et
1861 4699 1950 4751 illa
1993 4698 2111 4766 opi-

556 4800 667 4865 nio,
697 4799 841 4870 quod
884 4795 1257 4851 inhabitabilis
1285 4794 1355 4848 sit
1386 4792 1533 4862 regio
1573 4791 1715 4845 inter
1748 4792 1986 4859 tropicos
2015 4805 2111 4859 po.

558 4893 660 4946 sita
693 4897 907 4962 propter
938 4896 1107 4943 aestus
1148 4900 1453 4949 excessum,
1504 4891 1558 4939 et
1586 4884 1817 4936 maxime
1847 4897 1911 4936 ea
1962 4882 2110 4952 regio

558 4999 678 5054 qua‘.
715 4992 799 5038 est
849 4983 903 5035 in
954 4979 1131 5035 medio
1176 4979 1395 5033 torrida:
1441 4990 1624 5038 zonze,
1661 4975 1731 5028 sit
1765 4974 1918 5028 falsa.
1976 4972 2110 5026 Nam

558 5077 840 5144 Aﬂthi'opes
859 5114 874 5138 ,
917 5074 1006 5143 qui
1036 5074 1089 5126 in
1119 5068 1557 5126 extremitatibus
1589 5065 1810 5121 torrida:
1839 5080 1987 5120 zonae
2017 5066 2114 5118 ha-

561 5170 756 5232 bitant,
799 5167 853 5220 in
881 5163 1350 5228 conversionibus,
1385 5177 1482 5217 seu
1529 5159 1781 5216 solstitiis
1809 5157 2009 5213 habent
2058 5156 2114 5210 in

562 5259 762 5315 vertice
785 5253 1417 5320 soleln.,Existimandum
1433 5259 1516 5307 est
1536 5252 1683 5308 enim
1708 5250 1844 5304 duas
1868 5263 1989 5303 esse
2018 5262 2116 5299 na-

560 5357 683 5402 tura
732 5346 1058 5415 Atitbiopias,
1118 5359 1243 5399 cum
1294 5354 1348 5399 et
1387 5344 1531 5398 circa
1559 5343 1807 5397 aestivum
1847 5339 2116 5407 tropicum

563 5440 844 5501 circulum,
870 5438 962 5509 qui
993 5436 1135 5507 apud
1157 5452 1257 5492 nos
1289 5442 1394 5498 est,
1435 5435 1679 5491 habitent
1713 5431 2030 5500 Ethiopes;
2062 5437 2115 5482 et

563 5534 708 5587 circa
760 5545 882 5586 eum
937 5528 1204 5600 tropicum
1271 5530 1365 5600 qui
1424 5529 1581 5583 nobis
1635 5525 1857 5598 quidem
1904 5532 1989 5579 est
2031 5521 2116 5576 hi-

669 5649 713 5682 “
746 5648 785 5718 f.
814 5647 911 5718 τῷ.
1016 5648 1060 5719 ’ξ’
1097 5663 1183 5715 γρ.
1207 5647 1545 5719 ὑπερϐαἴνον.
1625 5647 1677 5718 ,⁵¹
1717 5662 1807 5715 rp.
1853 5642 2077 5717 μυρίων.

566 5720 615 5752 ³⁸
646 5735 731 5790 1p.
765 5717 1210 5788 ὑπεροικοῦντων.

2211 4515 2300 4569 διά
2353 4517 2461 4567 τῶν
2516 4515 2574 4568 ὲν
2654 4511 3023 4584 ’Δλεξανδρείᾳ
3087 4510 3348 4581 βασιλέων
3410 4513 3770 4586 ἐξητασμένη.

2215 4605 2376 4658 Ὅθεν
2427 4602 2828 4672 ψευδοδοξοῦσιν
2887 4603 2937 4654 οἱ
2993 4600 3304 4671 νομίζοντες
3369 4603 3461 4655 τιν
3526 4604 3773 4658 Ὠκεανὸν

2214 4695 2579 4767 ὑποκεχύσθαι
2620 4694 2820 4765 μεταξὺ
2863 4694 2971 4746 τῶν
3013 4693 3309 4773 τροπικῶν.
3355 4695 3449 4747 Ἐκ
3486 4695 3546 4748 δὲ
3571 4697 3776 4750 τούτων

2217 4790 2466 4860 ιρανερὸν,
2500 4789 2584 4841 ὅτι
2616 4787 2710 4840 καὶ
2741 4786 2802 4838 τὸ
2829 4783 3201 4854 δοξαζόμενον,
3230 4785 3313 4838 ὅτι
3342 4787 3595 4857 ἀοίκητός
3632 4792 3775 4842 ἔστιν

2215 4887 2250 4955 ἡ
2284 4883 2480 4954 μεταξὺ
2525 4881 2632 4935 τῶν
2665 4880 2938 4953 τροπικῶν
2972 4877 3196 4949 κειμένη
3228 4878 3380 4950 χώρα
3424 4880 3511 4935 διὰ
3544 4883 3645 4954 τὴν
3684 4881 3776 4935 τοῦ

2218 4977 2493 5047 καύματος
2542 4972 2843 5045 ὑπερϐολὴν
2868 5011 2883 5033 ,
2937 4972 3031 5025 κα)⁸
3081 4970 3311 5043 μάλιστα
3357 4974 3388 5042 ἠ
3431 4974 3558 5045 περὶ
3611 4975 3776 5046 μέσην

2218 5068 2315 5139 τὴν
2343 5066 2773 5136 διακεκαυμένην
2801 5061 2996 5133 ζώνην,
3025 5063 3215 5132 ψεῦδός
3248 5065 3414 5119 ἐστιν.
3445 5066 3507 5118 Oi
3543 5066 3643 5136 μὲν
3673 5068 3777 5136 γὰρ

2219 5161 2287 5213 τὰ
2326 5158 2538 5229 πέρατα
2579 5157 2677 5226 τῆς
2718 5154 3152 5225 διακεκαυμένης
3181 5153 3356 5224 ζώνης
3381 5153 3658 5218 οἰκοῦντες
3685 5158 3777 5208 Δί-

2220 5249 2403 5312 θίοπές
2440 5249 2544 5299 εἰσι
2587 5244 2727 5299 κατὰ
2776 5246 3017 5315 κορυφὴν
3059 5244 3273 5313 ἔχοντες
3316 5247 3372 5297 ἐν
3403 5248 3521 5307 ταῖς
3554 5248 3775 5317 τροπαῖς

2220 5343 2308 5395 τὸν
2340 5340 2511 5411 ἥλιον.
2542 5338 2645 5390 Δύο
2682 5337 2789 5410 γὰρ
2831 5335 3114 5399 Αἰθιοπίας
3138 5338 3204 5407 τῇ
3245 5334 3403 5404 φύσει
3445 5336 3776 5408 ὑποληπτέον

2222 5432 2505 5503 ὑπάρχειν,
2555 5429 2681 5502 περί
2731 5445 2790 5481 τε
2833 5429 2925 5482 τὸν
2970 5427 3178 5499 θερινὸν
3215 5428 3472 5497 τροπικὸν
3518 5428 3611 5481 τὸν
3655 5428 3776 5498 παρ’

2223 5525 2353 5595 ἡμῖν
2392 5521 2588 5577 κύκλον
2630 5520 3044 5592 περιοικούντων
3091 5521 3135 5553 ⁵³
3175 5521 3466 5584 Αἰθιόπων,
3510 5523 3606 5576 καὶ
3658 5522 3779 5592 περὶ

2195 5642 2239 5674 ¹²
2270 5660 2360 5712 τρ.
2395 5640 2461 5715 ﬁ.
2492 5641 2564 5696 at.
2600 5639 2727 5715 ,pw.
2770 5638 2867 5694 llis
2901 5654 3008 5694 non
3037 5639 3331 5695 concordat
3365 5638 3544 5695 versio
3569 5635 3782 5698 Latina.
