  <div class='ocr_page' id='page_1' title='image "/cluster/home/n/w/nwhite01/storage/ocr_20150623/19/hvd.32044073501199/428.png"; bbox 0 0 4000 6206; ppageno 0'>
   <div class='ocr_carea' id='block_1_1' title="bbox 252 373 349 427">
    <p class='ocr_par' dir='ltr' id='par_1_1' title="bbox 252 373 349 427">
     <span class='ocr_line' id='line_1_1' title="bbox 252 373 349 427; baseline -0.01 0"><span class='ocrx_word' id='word_1_1' title='bbox 252 373 349 427; x_wconf 77' lang='lat' dir='ltr'><strong>8M</strong></span> 
     </span>
    </p>
   </div>
   <div class='ocr_carea' id='block_1_2' title="bbox 1248 365 2420 426">
    <p class='ocr_par' dir='ltr' id='par_1_2' title="bbox 1248 365 2420 426">
     <span class='ocr_line' id='line_1_2' title="bbox 1248 365 2420 426; baseline 0 0"><span class='ocrx_word' id='word_1_2' title='bbox 1248 369 1481 426; x_wconf 74' lang='lat' dir='ltr'><strong>GEMINI</strong></span> <span class='ocrx_word' id='word_1_3' title='bbox 1523 369 1892 426; x_wconf 75' lang='lat' dir='ltr'><strong>ELEMENTA</strong></span> <span class='ocrx_word' id='word_1_4' title='bbox 1929 365 2420 426; x_wconf 66' lang='lat' dir='ltr'><strong>ASTRONOMIA‘I.</strong></span> 
     </span>
    </p>
   </div>
   <div class='ocr_carea' id='block_1_3' title="bbox 3368 371 3473 427">
    <p class='ocr_par' dir='ltr' id='par_1_3' title="bbox 3368 371 3473 427">
     <span class='ocr_line' id='line_1_3' title="bbox 3368 371 3473 427; baseline 0 -1"><span class='ocrx_word' id='word_1_5' title='bbox 3368 371 3473 427; x_wconf 68' lang='grc' dir='ltr'><strong>8ιῖ</strong></span> 
     </span>
    </p>
   </div>
   <div class='ocr_carea' id='block_1_4' title="bbox 249 481 1832 559">
    <p class='ocr_par' dir='ltr' id='par_1_4' title="bbox 249 485 1820 559">
     <span class='ocr_line' id='line_1_4' title="bbox 249 485 1820 559; baseline -0.002 -17"><span class='ocrx_word' id='word_1_6' title='bbox 249 491 343 542; x_wconf 75' lang='grc' dir='ltr'><strong>τὸν</strong></span> <span class='ocrx_word' id='word_1_7' title='bbox 375 489 510 559; x_wconf 77' lang='grc' dir='ltr'>ἡμῖν</span> <span class='ocrx_word' id='word_1_8' title='bbox 553 488 652 558; x_wconf 80' lang='grc' dir='ltr'>μὲν</span> <span class='ocrx_word' id='word_1_9' title='bbox 683 485 987 557; x_wconf 71' lang='grc' dir='ltr'>χειμερινὸν</span> <span class='ocrx_word' id='word_1_10' title='bbox 1023 487 1299 555; x_wconf 78' lang='grc' dir='ltr'>τροπικὸν,</span> <span class='ocrx_word' id='word_1_11' title='bbox 1331 489 1445 550; x_wconf 86' lang='grc' dir='ltr'>τοῖς</span> <span class='ocrx_word' id='word_1_12' title='bbox 1484 487 1540 540; x_wconf 82' lang='grc' dir='ltr'>δὲ</span> <span class='ocrx_word' id='word_1_13' title='bbox 1572 487 1820 541; x_wconf 84' lang='grc' dir='ltr'>ἀντίποσι</span> 
     </span>
    </p>
   </div>
   <div class='ocr_carea' id='block_1_5' title="bbox 1934 481 3482 559">
    <p class='ocr_par' dir='ltr' id='par_1_5' title="bbox 1934 481 3482 556">
     <span class='ocr_line' id='line_1_5' title="bbox 1934 481 3482 556; baseline 0 -16"><span class='ocrx_word' id='word_1_14' title='bbox 1934 487 2160 550; x_wconf 89' lang='lat' dir='ltr'><strong>bernus,</strong></span> <span class='ocrx_word' id='word_1_15' title='bbox 2223 483 2570 556; x_wconf 77' lang='lat' dir='ltr'><strong>antipodibus</strong></span> <span class='ocrx_word' id='word_1_16' title='bbox 2621 497 2750 537; x_wconf 84' lang='lat' dir='ltr'><strong>vero</strong></span> <span class='ocrx_word' id='word_1_17' title='bbox 2810 483 3070 539; x_wconf 68' lang='lat' dir='ltr'><strong>aestivus.</strong></span> <span class='ocrx_word' id='word_1_18' title='bbox 3131 481 3242 538; x_wconf 84' lang='lat' dir='ltr'><strong>Hoc</strong></span> <span class='ocrx_word' id='word_1_19' title='bbox 3303 492 3482 540; x_wconf 86' lang='lat' dir='ltr'><strong>autem</strong></span> 
     </span>
    </p>
   </div>
   <div class='ocr_carea' id='block_1_6' title="bbox 249 577 1823 652">
    <p class='ocr_par' dir='ltr' id='par_1_6' title="bbox 249 577 1823 652">
     <span class='ocr_line' id='line_1_6' title="bbox 249 577 1823 652; baseline -0.004 -16"><span class='ocrx_word' id='word_1_20' title='bbox 249 581 489 652; x_wconf 81' lang='grc' dir='ltr'>θερινόν.</span> <span class='ocrx_word' id='word_1_21' title='bbox 519 579 686 632; x_wconf 76' lang='grc' dir='ltr'>Τοῦτο</span> <span class='ocrx_word' id='word_1_22' title='bbox 715 579 772 634; x_wconf 87' lang='grc' dir='ltr'><strong>δέ</strong></span> <span class='ocrx_word' id='word_1_23' title='bbox 801 595 932 650; x_wconf 87' lang='grc' dir='ltr'>φησι</span> <span class='ocrx_word' id='word_1_24' title='bbox 970 579 1192 651; x_wconf 86' lang='grc' dir='ltr'>Κράτης</span> <span class='ocrx_word' id='word_1_25' title='bbox 1224 579 1318 632; x_wconf 75' lang='grc' dir='ltr'><strong>καὶ</strong></span> <span class='ocrx_word' id='word_1_26' title='bbox 1346 579 1436 632; x_wconf 80' lang='grc' dir='ltr'><strong>τὸν</strong></span> <span class='ocrx_word' id='word_1_27' title='bbox 1462 579 1707 650; x_wconf 87' lang='grc' dir='ltr'>Ὅμηρον</span> <span class='ocrx_word' id='word_1_28' title='bbox 1736 577 1823 630; x_wconf 89' lang='grc' dir='ltr'>λέ-</span> 
     </span>
    </p>
   </div>
   <div class='ocr_carea' id='block_1_7' title="bbox 245 665 805 740">
    <p class='ocr_par' dir='ltr' id='par_1_7' title="bbox 245 665 805 740">
     <span class='ocr_line' id='line_1_7' title="bbox 245 665 805 740; baseline -0.007 -17"><span class='ocrx_word' id='word_1_29' title='bbox 245 689 371 740; x_wconf 83' lang='grc' dir='ltr'>γειν</span> <span class='ocrx_word' id='word_1_30' title='bbox 412 671 474 722; x_wconf 82' lang='grc' dir='ltr'>ὲν</span> <span class='ocrx_word' id='word_1_31' title='bbox 499 665 583 732; x_wconf 74' lang='grc' dir='ltr'>οἷς</span> <span class='ocrx_word' id='word_1_32' title='bbox 607 685 770 740; x_wconf 84' lang='grc' dir='ltr'>φησιν</span> <span class='ocrx_word' id='word_1_33' title='bbox 791 684 805 696; x_wconf 88' lang='grc'><strong>·</strong></span> 
     </span>
    </p>
   </div>
   <div class='ocr_carea' id='block_1_8' title="bbox 245 769 1814 848">
    <p class='ocr_par' dir='ltr' id='par_1_8' title="bbox 245 769 1814 848">
     <span class='ocr_line' id='line_1_8' title="bbox 245 769 1814 848; baseline -0.004 -13"><span class='ocrx_word' id='word_1_34' title='bbox 245 783 554 846; x_wconf 76' lang='grc' dir='ltr'>Λίθίοπες,</span> <span class='ocrx_word' id='word_1_35' title='bbox 599 780 684 832; x_wconf 82' lang='grc' dir='ltr'><strong>τοὶ</strong></span> <span class='ocrx_word' id='word_1_36' title='bbox 714 777 886 848; x_wconf 81' lang='grc' dir='ltr'>διχθὰ</span> <span class='ocrx_word' id='word_1_37' title='bbox 927 778 1245 843; x_wconf 82' lang='grc' dir='ltr'><strong>δεδαίαται,</strong></span> <span class='ocrx_word' id='word_1_38' title='bbox 1278 780 1519 846; x_wconf 80' lang='grc' dir='ltr'><strong>ἔσχατοι</strong></span> <span class='ocrx_word' id='word_1_39' title='bbox 1540 769 1776 844; x_wconf 61' lang='grc' dir='ltr'>ἀνδρῶν</span> <span class='ocrx_word' id='word_1_40' title='bbox 1801 793 1814 805; x_wconf 90' lang='grc'><strong>·</strong></span> 
     </span>
    </p>
   </div>
   <div class='ocr_carea' id='block_1_9' title="bbox 249 913 1820 987">
    <p class='ocr_par' dir='ltr' id='par_1_9' title="bbox 249 913 1820 987">
     <span class='ocr_line' id='line_1_9' title="bbox 249 913 1820 987; baseline -0.006 -15"><span class='ocrx_word' id='word_1_41' title='bbox 249 921 317 972; x_wconf 80' lang='grc' dir='ltr'>οι</span> <span class='ocrx_word' id='word_1_42' title='bbox 352 916 478 987; x_wconf 82' lang='grc' dir='ltr'><strong>μὲν</strong></span> <span class='ocrx_word' id='word_1_43' title='bbox 520 915 900 986; x_wconf 81' lang='grc' dir='ltr'><strong>δυσσομένου</strong></span> <span class='ocrx_word' id='word_1_44' title='bbox 945 915 1304 984; x_wconf 80' lang='grc' dir='ltr'><strong>Ὑπερίονος,</strong></span> <span class='ocrx_word' id='word_1_45' title='bbox 1349 913 1482 967; x_wconf 73' lang='lat'><strong>016‘</strong></span> <span class='ocrx_word' id='word_1_46' title='bbox 1525 913 1820 976; x_wconf 79' lang='grc' dir='ltr'>ἀνιόντος.</span> 
     </span>
    </p>
   </div>
   <div class='ocr_carea' id='block_1_10' title="bbox 247 1090 1823 1172">
    <p class='ocr_par' dir='ltr' id='par_1_10' title="bbox 247 1090 1823 1172">
     <span class='ocr_line' id='line_1_10' title="bbox 247 1090 1823 1172; baseline -0.006 -18"><span class='ocrx_word' id='word_1_47' title='bbox 247 1101 487 1172; x_wconf 79' lang='grc' dir='ltr'><strong>Κράτης</strong></span> <span class='ocrx_word' id='word_1_48' title='bbox 540 1097 636 1169; x_wconf 82' lang='grc' dir='ltr'>μὲν</span> <span class='ocrx_word' id='word_1_49' title='bbox 687 1092 801 1160; x_wconf 77' lang='grc' dir='ltr'>οὖν,</span> <span class='ocrx_word' id='word_1_50' title='bbox 837 1092 1294 1164; x_wconf 77' lang='grc' dir='ltr'>παραδοξολογῶν,</span> <span class='ocrx_word' id='word_1_51' title='bbox 1331 1093 1398 1146; x_wconf 79' lang='grc' dir='ltr'>τὰ</span> <span class='ocrx_word' id='word_1_52' title='bbox 1442 1094 1526 1161; x_wconf 81' lang='grc' dir='ltr'>ὑφ’</span> <span class='ocrx_word' id='word_1_53' title='bbox 1584 1090 1823 1162; x_wconf 84' lang='grc' dir='ltr'>Ὀμήρου</span> 
     </span>
    </p>
   </div>
   <div class='ocr_carea' id='block_1_11' title="bbox 249 1184 1825 1264">
    <p class='ocr_par' dir='ltr' id='par_1_11' title="bbox 249 1184 1825 1264">
     <span class='ocr_line' id='line_1_11' title="bbox 249 1184 1825 1264; baseline -0.008 -17"><span class='ocrx_word' id='word_1_54' title='bbox 249 1191 542 1264; x_wconf 80' lang='grc' dir='ltr'><strong>ἀρχαϊκῶς</strong></span> <span class='ocrx_word' id='word_1_55' title='bbox 596 1191 689 1244; x_wconf 80' lang='grc' dir='ltr'>καὶ</span> <span class='ocrx_word' id='word_1_56' title='bbox 737 1187 918 1251; x_wconf 86' lang='grc' dir='ltr'>ἰδικῶς</span> <span class='ocrx_word' id='word_1_57' title='bbox 960 1187 1222 1260; x_wconf 81' lang='grc' dir='ltr'><strong>εἰρημένα</strong></span> <span class='ocrx_word' id='word_1_58' title='bbox 1266 1185 1492 1257; x_wconf 78' lang='grc' dir='ltr'><strong>μετάγει</strong></span> <span class='ocrx_word' id='word_1_59' title='bbox 1535 1184 1671 1256; x_wconf 80' lang='grc' dir='ltr'>πρὸς</span> <span class='ocrx_word' id='word_1_60' title='bbox 1725 1185 1825 1255; x_wconf 84' lang='grc' dir='ltr'>τὴν</span> 
     </span>
    </p>
   </div>
   <div class='ocr_carea' id='block_1_12' title="bbox 251 1277 1827 1354">
    <p class='ocr_par' dir='ltr' id='par_1_12' title="bbox 251 1277 1827 1354">
     <span class='ocr_line' id='line_1_12' title="bbox 251 1277 1827 1354; baseline -0.008 -15"><span class='ocrx_word' id='word_1_61' title='bbox 251 1286 379 1338; x_wconf 83' lang='grc' dir='ltr'>κατ’</span> <span class='ocrx_word' id='word_1_62' title='bbox 429 1282 686 1354; x_wconf 83' lang='grc' dir='ltr'>ἀλήθειαν</span> <span class='ocrx_word' id='word_1_63' title='bbox 729 1279 1125 1352; x_wconf 85' lang='grc' dir='ltr'>σφαιροποιίαν.</span> <span class='ocrx_word' id='word_1_64' title='bbox 1163 1280 1406 1349; x_wconf 88' lang='grc' dir='ltr'>Ὅμηρος</span> <span class='ocrx_word' id='word_1_65' title='bbox 1448 1277 1546 1348; x_wconf 83' lang='grc' dir='ltr'><strong>μὲν</strong></span> <span class='ocrx_word' id='word_1_66' title='bbox 1577 1277 1685 1348; x_wconf 78' lang='grc' dir='ltr'><strong>γὰρ</strong></span> <span class='ocrx_word' id='word_1_67' title='bbox 1732 1277 1827 1330; x_wconf 74' lang='grc' dir='ltr'><strong>καὶ</strong></span> 
     </span>
    </p>
   </div>
   <div class='ocr_carea' id='block_1_13' title="bbox 252 1367 1826 1449">
    <p class='ocr_par' dir='ltr' id='par_1_13' title="bbox 252 1367 1826 1449">
     <span class='ocr_line' id='line_1_13' title="bbox 252 1367 1826 1449; baseline -0.008 -18"><span class='ocrx_word' id='word_1_68' title='bbox 252 1379 306 1431; x_wconf 85' lang='grc' dir='ltr'>οἱ</span> <span class='ocrx_word' id='word_1_69' title='bbox 357 1377 576 1449; x_wconf 79' lang='grc' dir='ltr'>ἀρχαῖοι</span> <span class='ocrx_word' id='word_1_70' title='bbox 608 1374 828 1443; x_wconf 78' lang='grc' dir='ltr'>ποιηταὶ</span> <span class='ocrx_word' id='word_1_71' title='bbox 866 1371 1071 1442; x_wconf 80' lang='grc' dir='ltr'>σχεδὸν,</span> <span class='ocrx_word' id='word_1_72' title='bbox 1110 1371 1186 1434; x_wconf 90' lang='grc' dir='ltr'><strong>ώς</strong></span> <span class='ocrx_word' id='word_1_73' title='bbox 1233 1372 1426 1434; x_wconf 83' lang='grc' dir='ltr'>εἰπεῖν,</span> <span class='ocrx_word' id='word_1_74' title='bbox 1463 1371 1658 1432; x_wconf 87' lang='grc' dir='ltr'>πάντες</span> <span class='ocrx_word' id='word_1_75' title='bbox 1705 1367 1826 1420; x_wconf 83' lang='grc' dir='ltr'>ἐπί-</span> 
     </span>
    </p>
   </div>
   <div class='ocr_carea' id='block_1_14' title="bbox 257 1460 1828 1536">
    <p class='ocr_par' dir='ltr' id='par_1_14' title="bbox 257 1460 1828 1536">
     <span class='ocr_line' id='line_1_14' title="bbox 257 1460 1828 1536; baseline -0.006 -14"><span class='ocrx_word' id='word_1_76' title='bbox 257 1469 422 1522; x_wconf 82' lang='grc' dir='ltr'>πεδον</span> <span class='ocrx_word' id='word_1_77' title='bbox 449 1467 768 1535; x_wconf 79' lang='grc' dir='ltr'><strong>ὑφίστανται</strong></span> <span class='ocrx_word' id='word_1_78' title='bbox 790 1463 886 1536; x_wconf 78' lang='grc' dir='ltr'>τὴν</span> <span class='ocrx_word' id='word_1_79' title='bbox 910 1465 1033 1536; x_wconf 84' lang='grc' dir='ltr'>γῆν,</span> <span class='ocrx_word' id='word_1_80' title='bbox 1058 1463 1152 1517; x_wconf 73' lang='grc' dir='ltr'><strong>καὶ</strong></span> <span class='ocrx_word' id='word_1_81' title='bbox 1178 1462 1500 1516; x_wconf 79' lang='grc' dir='ltr'><strong>συνάπτουσι</strong></span> <span class='ocrx_word' id='word_1_82' title='bbox 1532 1460 1610 1531; x_wconf 81' lang='grc' dir='ltr'>τῷ</span> <span class='ocrx_word' id='word_1_83' title='bbox 1640 1460 1828 1530; x_wconf 81' lang='grc' dir='ltr'>κόσμῳ</span> 
     </span>
    </p>
   </div>
   <div class='ocr_carea' id='block_1_15' title="bbox 259 1551 1828 1627">
    <p class='ocr_par' dir='ltr' id='par_1_15' title="bbox 259 1551 1828 1627">
     <span class='ocr_line' id='line_1_15' title="bbox 259 1551 1828 1627; baseline -0.007 -12"><span class='ocrx_word' id='word_1_84' title='bbox 259 1562 356 1615; x_wconf 77' lang='grc' dir='ltr'><strong>καὶ</strong></span> <span class='ocrx_word' id='word_1_85' title='bbox 385 1560 572 1627; x_wconf 82' lang='grc' dir='ltr'>κύκλῳ</span> <span class='ocrx_word' id='word_1_86' title='bbox 606 1557 695 1611; x_wconf 81' lang='grc' dir='ltr'><strong>τὸν</strong></span> <span class='ocrx_word' id='word_1_87' title='bbox 735 1557 984 1609; x_wconf 84' lang='grc' dir='ltr'>Ὠκεανὸν</span> <span class='ocrx_word' id='word_1_88' title='bbox 1015 1555 1415 1626; x_wconf 84' lang='grc' dir='ltr'>περικείμενον,</span> <span class='ocrx_word' id='word_1_89' title='bbox 1448 1553 1544 1606; x_wconf 79' lang='grc' dir='ltr'><strong>καὶ</strong></span> <span class='ocrx_word' id='word_1_90' title='bbox 1589 1551 1687 1623; x_wconf 80' lang='grc' dir='ltr'>τὴν</span> <span class='ocrx_word' id='word_1_91' title='bbox 1732 1551 1828 1604; x_wconf 76' lang='grc' dir='ltr'>τοῦ</span> 
     </span>
    </p>
   </div>
   <div class='ocr_carea' id='block_1_16' title="bbox 259 1640 1826 1724">
    <p class='ocr_par' dir='ltr' id='par_1_16' title="bbox 259 1640 1826 1724">
     <span class='ocr_line' id='line_1_16' title="bbox 259 1640 1826 1724; baseline -0.007 -19"><span class='ocrx_word' id='word_1_92' title='bbox 259 1652 536 1724; x_wconf 75' lang='grc' dir='ltr'><strong>ὁρίζοντος</strong></span> <span class='ocrx_word' id='word_1_93' title='bbox 569 1649 830 1720; x_wconf 74' lang='grc' dir='ltr'><strong>ἐπέχοντα</strong></span> <span class='ocrx_word' id='word_1_94' title='bbox 871 1645 1041 1711; x_wconf 80' lang='grc' dir='ltr'><strong>τάξιν,</strong></span> <span class='ocrx_word' id='word_1_95' title='bbox 1084 1647 1179 1699; x_wconf 71' lang='grc' dir='ltr'>καὶ</span> <span class='ocrx_word' id='word_1_96' title='bbox 1203 1645 1300 1708; x_wconf 78' lang='grc' dir='ltr'>τὰς</span> <span class='ocrx_word' id='word_1_97' title='bbox 1329 1642 1590 1706; x_wconf 77' lang='grc' dir='ltr'>ἀνατολὰς</span> <span class='ocrx_word' id='word_1_98' title='bbox 1623 1645 1688 1696; x_wconf 84' lang='grc' dir='ltr'>ὲκ</span> <span class='ocrx_word' id='word_1_99' title='bbox 1731 1640 1826 1695; x_wconf 80' lang='grc' dir='ltr'>τοῦ</span> 
     </span>
    </p>
   </div>
   <div class='ocr_carea' id='block_1_17' title="bbox 273 1731 1828 1806">
    <p class='ocr_par' dir='ltr' id='par_1_17' title="bbox 273 1731 1828 1806">
     <span class='ocr_line' id='line_1_17' title="bbox 273 1731 1828 1806; baseline -0.007 -9"><span class='ocrx_word' id='word_1_100' title='bbox 273 1742 551 1806; x_wconf 75' lang='grc' dir='ltr'><strong>Ὠκεανοῦ,</strong></span> <span class='ocrx_word' id='word_1_101' title='bbox 598 1741 690 1795; x_wconf 73' lang='grc' dir='ltr'><strong>καὶ</strong></span> <span class='ocrx_word' id='word_1_102' title='bbox 730 1739 829 1804; x_wconf 85' lang='grc' dir='ltr'><strong>τάς</strong></span> <span class='ocrx_word' id='word_1_103' title='bbox 870 1738 1048 1801; x_wconf 81' lang='grc' dir='ltr'>δύσεις</span> <span class='ocrx_word' id='word_1_104' title='bbox 1090 1740 1168 1802; x_wconf 86' lang='grc' dir='ltr'><strong>εἰς</strong></span> <span class='ocrx_word' id='word_1_105' title='bbox 1209 1737 1300 1790; x_wconf 80' lang='grc' dir='ltr'><strong>τὸν</strong></span> <span class='ocrx_word' id='word_1_106' title='bbox 1345 1735 1629 1790; x_wconf 78' lang='grc' dir='ltr'>Ὠκεανόνο</span> <span class='ocrx_word' id='word_1_107' title='bbox 1685 1731 1828 1787; x_wconf 83' lang='grc' dir='ltr'>ὥστε</span> 
     </span>
    </p>
   </div>
   <div class='ocr_carea' id='block_1_18' title="bbox 1923 574 3481 646">
    <p class='ocr_par' dir='ltr' id='par_1_18' title="bbox 1923 574 3481 646">
     <span class='ocr_line' id='line_1_18' title="bbox 1923 574 3481 646; baseline 0.001 -16"><span class='ocrx_word' id='word_1_108' title='bbox 1923 576 2112 631; x_wconf 78' lang='lat' dir='ltr'><strong>Crates</strong></span> <span class='ocrx_word' id='word_1_109' title='bbox 2148 577 2324 646; x_wconf 82' lang='lat' dir='ltr'><strong>inquit</strong></span> <span class='ocrx_word' id='word_1_110' title='bbox 2360 576 2522 631; x_wconf 89' lang='lat' dir='ltr'><strong>etiam</strong></span> <span class='ocrx_word' id='word_1_111' title='bbox 2555 574 2848 630; x_wconf 79' lang='lat' dir='ltr'><strong>Homerum</strong></span> <span class='ocrx_word' id='word_1_112' title='bbox 2895 575 3079 632; x_wconf 85' lang='lat' dir='ltr'><strong>dicere</strong></span> <span class='ocrx_word' id='word_1_113' title='bbox 3129 577 3183 630; x_wconf 90' lang='lat' dir='ltr'><strong>in</strong></span> <span class='ocrx_word' id='word_1_114' title='bbox 3228 576 3335 639; x_wconf 91' lang='lat' dir='ltr'><strong>bis,</strong></span> <span class='ocrx_word' id='word_1_115' title='bbox 3392 577 3481 631; x_wconf 85' lang='lat' dir='ltr'><strong>ubi</strong></span> 
     </span>
    </p>
   </div>
   <div class='ocr_carea' id='block_1_19' title="bbox 1923 669 2040 722">
    <p class='ocr_par' dir='ltr' id='par_1_19' title="bbox 1923 669 2040 722">
     <span class='ocr_line' id='line_1_19' title="bbox 1923 669 2040 722; baseline 0 0"><span class='ocrx_word' id='word_1_116' title='bbox 1923 669 1997 722; x_wconf 91' lang='lat' dir='ltr'><strong>ait</strong></span> <span class='ocrx_word' id='word_1_117' title='bbox 2028 688 2040 722; x_wconf 93' lang='lat'>:</span> 
     </span>
    </p>
   </div>
   <div class='ocr_carea' id='block_1_20' title="bbox 1993 779 3489 851">
    <p class='ocr_par' dir='ltr' id='par_1_20' title="bbox 1993 779 3489 851">
     <span class='ocr_line' id='line_1_20' title="bbox 1993 779 3489 851; baseline -0.001 -16"><span class='ocrx_word' id='word_1_118' title='bbox 1993 779 2290 851; x_wconf 60' lang='lat' dir='ltr'><strong>Ethiopes,</strong></span> <span class='ocrx_word' id='word_1_119' title='bbox 2325 782 2414 850; x_wconf 87' lang='lat' dir='ltr'><strong>qui</strong></span> <span class='ocrx_word' id='word_1_120' title='bbox 2439 781 2691 849; x_wconf 78' lang='lat' dir='ltr'><strong>bifariam</strong></span> <span class='ocrx_word' id='word_1_121' title='bbox 2719 781 2874 836; x_wconf 80' lang='lat' dir='ltr'><strong><em>divisi</em></strong></span> <span class='ocrx_word' id='word_1_122' title='bbox 2909 790 3053 845; x_wconf 76' lang='lat' dir='ltr'><strong>sunt,</strong></span> <span class='ocrx_word' id='word_1_123' title='bbox 3087 781 3312 836; x_wconf 75' lang='lat' dir='ltr'><strong><em>extremi</em></strong></span> <span class='ocrx_word' id='word_1_124' title='bbox 3345 781 3489 834; x_wconf 76' lang='lat' dir='ltr'><strong>viro-</strong></span> 
     </span>
    </p>
   </div>
   <div class='ocr_carea' id='block_1_21' title="bbox 1993 868 3487 991">
    <p class='ocr_par' dir='ltr' id='par_1_21' title="bbox 1993 868 3487 991">
     <span class='ocr_line' id='line_1_21' title="bbox 1993 868 3487 991; baseline -0.001 -16"><span class='ocrx_word' id='word_1_125' title='bbox 1993 920 2106 975; x_wconf 79' lang='lat' dir='ltr'><strong><em>Alii</em></strong></span> <span class='ocrx_word' id='word_1_126' title='bbox 2146 921 2355 991; x_wconf 78' lang='lat' dir='ltr'><strong>quidem</strong></span> <span class='ocrx_word' id='word_1_127' title='bbox 2390 920 2458 974; x_wconf 86' lang='lat' dir='ltr'><strong>ad</strong></span> <span class='ocrx_word' id='word_1_128' title='bbox 2505 920 2819 975; x_wconf 73' lang='lat' dir='ltr'><strong>occidentem</strong></span> <span class='ocrx_word' id='word_1_129' title='bbox 2869 925 3068 986; x_wconf 77' lang='lat' dir='ltr'><strong>solent,</strong></span> <span class='ocrx_word' id='word_1_130' title='bbox 3109 919 3209 975; x_wconf 83' lang='lat' dir='ltr'><strong><em>alii</em></strong></span> <span class='ocrx_word' id='word_1_131' title='bbox 3257 868 3487 974; x_wconf 50' lang='lat' dir='ltr'><strong>tergum;</strong></span> 
     </span>
    </p>
   </div>
   <div class='ocr_carea' id='block_1_22' title="bbox 3214 994 3484 1046">
    <p class='ocr_par' dir='ltr' id='par_1_22' title="bbox 3214 994 3484 1046">
     <span class='ocr_line' id='line_1_22' title="bbox 3214 994 3484 1046; baseline -0.004 -1"><span class='ocrx_word' id='word_1_132' title='bbox 3214 994 3484 1046; x_wconf 85' lang='lat' dir='ltr'><strong>orientem.</strong></span> 
     </span>
    </p>
   </div>
   <div class='ocr_carea' id='block_1_23' title="bbox 1924 1099 3488 1174">
    <p class='ocr_par' dir='ltr' id='par_1_23' title="bbox 1924 1099 3488 1174">
     <span class='ocr_line' id='line_1_23' title="bbox 1924 1099 3488 1174; baseline 0.001 -18"><span class='ocrx_word' id='word_1_133' title='bbox 1924 1099 2114 1158; x_wconf 80' lang='lat' dir='ltr'><strong><em>Crates</em></strong></span> <span class='ocrx_word' id='word_1_134' title='bbox 2174 1101 2359 1171; x_wconf 89' lang='lat' dir='ltr'><strong>igitur,</strong></span> <span class='ocrx_word' id='word_1_135' title='bbox 2394 1116 2517 1156; x_wconf 91' lang='lat' dir='ltr'><strong>cum</strong></span> <span class='ocrx_word' id='word_1_136' title='bbox 2565 1102 2801 1157; x_wconf 88' lang='lat' dir='ltr'><strong>absurda</strong></span> <span class='ocrx_word' id='word_1_137' title='bbox 2833 1103 3105 1174; x_wconf 78' lang='lat' dir='ltr'><strong>loquatur,</strong></span> <span class='ocrx_word' id='word_1_138' title='bbox 3165 1118 3227 1158; x_wconf 90' lang='lat' dir='ltr'><strong>ea</strong></span> <span class='ocrx_word' id='word_1_139' title='bbox 3265 1118 3387 1174; x_wconf 68' lang='lat' dir='ltr'><strong>qua:</strong></span> <span class='ocrx_word' id='word_1_140' title='bbox 3418 1103 3488 1158; x_wconf 93' lang='lat' dir='ltr'><strong>ab</strong></span> 
     </span>
    </p>
   </div>
   <div class='ocr_carea' id='block_1_24' title="bbox 1925 1189 3490 1264">
    <p class='ocr_par' dir='ltr' id='par_1_24' title="bbox 1925 1189 3490 1264">
     <span class='ocr_line' id='line_1_24' title="bbox 1925 1189 3490 1264; baseline 0.001 -18"><span class='ocrx_word' id='word_1_141' title='bbox 1925 1189 2161 1248; x_wconf 76' lang='lat' dir='ltr'><strong>Homero</strong></span> <span class='ocrx_word' id='word_1_142' title='bbox 2195 1193 2368 1248; x_wconf 83' lang='lat' dir='ltr'><strong>veteri</strong></span> <span class='ocrx_word' id='word_1_143' title='bbox 2437 1201 2490 1248; x_wconf 89' lang='lat' dir='ltr'><strong>et</strong></span> <span class='ocrx_word' id='word_1_144' title='bbox 2529 1194 2749 1264; x_wconf 90' lang='lat' dir='ltr'><strong>proprio</strong></span> <span class='ocrx_word' id='word_1_145' title='bbox 2777 1209 2927 1249; x_wconf 92' lang='lat' dir='ltr'><strong>more</strong></span> <span class='ocrx_word' id='word_1_146' title='bbox 2948 1202 3076 1249; x_wconf 90' lang='lat' dir='ltr'><strong>sunt</strong></span> <span class='ocrx_word' id='word_1_147' title='bbox 3106 1194 3272 1259; x_wconf 85' lang='lat' dir='ltr'><strong>dicta,</strong></span> <span class='ocrx_word' id='word_1_148' title='bbox 3306 1205 3490 1250; x_wconf 80' lang='lat' dir='ltr'><strong>trans-</strong></span> 
     </span>
    </p>
   </div>
   <div class='ocr_carea' id='block_1_25' title="bbox 1928 1282 3484 1353">
    <p class='ocr_par' dir='ltr' id='par_1_25' title="bbox 1928 1282 3484 1353">
     <span class='ocr_line' id='line_1_25' title="bbox 1928 1282 3484 1353; baseline 0.001 -17"><span class='ocrx_word' id='word_1_149' title='bbox 1928 1282 2032 1337; x_wconf 80' lang='lat' dir='ltr'><strong>fert</strong></span> <span class='ocrx_word' id='word_1_150' title='bbox 2063 1282 2130 1336; x_wconf 87' lang='lat' dir='ltr'><strong>ad</strong></span> <span class='ocrx_word' id='word_1_151' title='bbox 2151 1298 2333 1338; x_wconf 80' lang='lat' dir='ltr'><strong>veram</strong></span> <span class='ocrx_word' id='word_1_152' title='bbox 2359 1282 2582 1353; x_wconf 64' lang='lat' dir='ltr'><strong>sphaera:</strong></span> <span class='ocrx_word' id='word_1_153' title='bbox 2599 1283 2996 1338; x_wconf 83' lang='lat' dir='ltr'><strong>formationem.</strong></span> <span class='ocrx_word' id='word_1_154' title='bbox 3022 1282 3286 1338; x_wconf 89' lang='lat' dir='ltr'><strong>llomerus</strong></span> <span class='ocrx_word' id='word_1_155' title='bbox 3317 1285 3484 1349; x_wconf 89' lang='lat' dir='ltr'><strong>enim,</strong></span> 
     </span>
    </p>
   </div>
   <div class='ocr_carea' id='block_1_26' title="bbox 1928 1374 3485 1444">
    <p class='ocr_par' dir='ltr' id='par_1_26' title="bbox 1928 1374 3485 1444">
     <span class='ocr_line' id='line_1_26' title="bbox 1928 1374 3485 1444; baseline 0.002 -15"><span class='ocrx_word' id='word_1_156' title='bbox 1928 1382 1981 1429; x_wconf 91' lang='lat' dir='ltr'><strong>et</strong></span> <span class='ocrx_word' id='word_1_157' title='bbox 2014 1383 2225 1429; x_wconf 80' lang='lat' dir='ltr'><strong>veteres</strong></span> <span class='ocrx_word' id='word_1_158' title='bbox 2251 1382 2424 1444; x_wconf 73' lang='lat' dir='ltr'><strong>poetae</strong></span> <span class='ocrx_word' id='word_1_159' title='bbox 2450 1374 2584 1438; x_wconf 78' lang='lat' dir='ltr'><strong>fere,</strong></span> <span class='ocrx_word' id='word_1_160' title='bbox 2614 1383 2672 1428; x_wconf 96' lang='lat' dir='ltr'><strong>ut</strong></span> <span class='ocrx_word' id='word_1_161' title='bbox 2702 1377 3016 1430; x_wconf 84' lang='lat' dir='ltr'><strong>summatim</strong></span> <span class='ocrx_word' id='word_1_162' title='bbox 3045 1375 3246 1438; x_wconf 85' lang='lat' dir='ltr'><strong>dicam,</strong></span> <span class='ocrx_word' id='word_1_163' title='bbox 3271 1391 3485 1440; x_wconf 79' lang='lat' dir='ltr'><strong>omnes.</strong></span> 
     </span>
    </p>
   </div>
   <div class='ocr_carea' id='block_1_27' title="bbox 1931 1467 3487 1537">
    <p class='ocr_par' dir='ltr' id='par_1_27' title="bbox 1931 1467 3487 1537">
     <span class='ocr_line' id='line_1_27' title="bbox 1931 1467 3487 1537; baseline 0.002 -19"><span class='ocrx_word' id='word_1_164' title='bbox 1931 1467 2144 1537; x_wconf 76' lang='lat' dir='ltr'><strong>planam</strong></span> <span class='ocrx_word' id='word_1_165' title='bbox 2201 1469 2546 1521; x_wconf 86' lang='lat' dir='ltr'><strong>constituunt</strong></span> <span class='ocrx_word' id='word_1_166' title='bbox 2608 1475 2846 1533; x_wconf 88' lang='lat' dir='ltr'><strong>terram,</strong></span> <span class='ocrx_word' id='word_1_167' title='bbox 2910 1483 2964 1522; x_wconf 89' lang='lat' dir='ltr'><strong>et</strong></span> <span class='ocrx_word' id='word_1_168' title='bbox 2991 1483 3110 1522; x_wconf 85' lang='lat' dir='ltr'><strong>eam</strong></span> <span class='ocrx_word' id='word_1_169' title='bbox 3162 1476 3487 1524; x_wconf 77' lang='lat' dir='ltr'><strong>convertunt</strong></span> 
     </span>
    </p>
   </div>
   <div class='ocr_carea' id='block_1_28' title="bbox 1930 1557 3484 1629">
    <p class='ocr_par' dir='ltr' id='par_1_28' title="bbox 1930 1557 3484 1629">
     <span class='ocr_line' id='line_1_28' title="bbox 1930 1557 3484 1629; baseline 0.002 -18"><span class='ocrx_word' id='word_1_170' title='bbox 1930 1557 2150 1611; x_wconf 91' lang='lat' dir='ltr'><strong>mundo.</strong></span> <span class='ocrx_word' id='word_1_171' title='bbox 2207 1557 2514 1623; x_wconf 85' lang='lat' dir='ltr'><strong>Quinetiam</strong></span> <span class='ocrx_word' id='word_1_172' title='bbox 2552 1559 2762 1629; x_wconf 83' lang='lat' dir='ltr'><strong>tingunt</strong></span> <span class='ocrx_word' id='word_1_173' title='bbox 2822 1559 2875 1613; x_wconf 91' lang='lat' dir='ltr'><strong>in</strong></span> <span class='ocrx_word' id='word_1_174' title='bbox 2929 1560 3164 1613; x_wconf 83' lang='lat' dir='ltr'><strong>circuitu</strong></span> <span class='ocrx_word' id='word_1_175' title='bbox 3210 1559 3484 1614; x_wconf 86' lang='lat' dir='ltr'><strong>Oceanum</strong></span> 
     </span>
    </p>
   </div>
   <div class='ocr_carea' id='block_1_29' title="bbox 1929 1651 3482 1714">
    <p class='ocr_par' dir='ltr' id='par_1_29' title="bbox 1929 1651 3482 1714">
     <span class='ocr_line' id='line_1_29' title="bbox 1929 1651 3482 1714; baseline 0.003 -10"><span class='ocrx_word' id='word_1_176' title='bbox 1929 1651 2346 1714; x_wconf 81' lang='lat' dir='ltr'><strong>circumfusum,</strong></span> <span class='ocrx_word' id='word_1_177' title='bbox 2393 1659 2449 1707; x_wconf 89' lang='lat' dir='ltr'><strong>et</strong></span> <span class='ocrx_word' id='word_1_178' title='bbox 2488 1652 2774 1708; x_wconf 87' lang='lat' dir='ltr'><strong>habentem</strong></span> <span class='ocrx_word' id='word_1_179' title='bbox 2817 1653 3082 1708; x_wconf 87' lang='lat' dir='ltr'><strong>rationem</strong></span> <span class='ocrx_word' id='word_1_180' title='bbox 3136 1653 3435 1710; x_wconf 88' lang='lat' dir='ltr'><strong>horizontis</strong></span> <span class='ocrx_word' id='word_1_181' title='bbox 3470 1674 3482 1708; x_wconf 91' lang='lat'>:</span> 
     </span>
    </p>
   </div>
   <div class='ocr_carea' id='block_1_30' title="bbox 1931 1743 3486 1802">
    <p class='ocr_par' dir='ltr' id='par_1_30' title="bbox 1931 1743 3486 1802">
     <span class='ocr_line' id='line_1_30' title="bbox 1931 1743 3486 1802; baseline 0.005 -8"><span class='ocrx_word' id='word_1_182' title='bbox 1931 1743 1998 1795; x_wconf 90' lang='lat' dir='ltr'><strong>ad</strong></span> <span class='ocrx_word' id='word_1_183' title='bbox 2046 1743 2160 1798; x_wconf 64' lang='lat' dir='ltr'><strong>haec</strong></span> <span class='ocrx_word' id='word_1_184' title='bbox 2201 1753 2354 1799; x_wconf 88' lang='lat' dir='ltr'><strong>ortus</strong></span> <span class='ocrx_word' id='word_1_185' title='bbox 2399 1761 2467 1799; x_wconf 81' lang='lat' dir='ltr'><strong>ex</strong></span> <span class='ocrx_word' id='word_1_186' title='bbox 2501 1744 2718 1800; x_wconf 89' lang='lat' dir='ltr'><strong>Oceano</strong></span> <span class='ocrx_word' id='word_1_187' title='bbox 2772 1753 2827 1801; x_wconf 90' lang='lat' dir='ltr'><strong>et</strong></span> <span class='ocrx_word' id='word_1_188' title='bbox 2855 1761 3084 1802; x_wconf 88' lang='lat' dir='ltr'><strong>occasus</strong></span> <span class='ocrx_word' id='word_1_189' title='bbox 3128 1746 3182 1800; x_wconf 90' lang='lat' dir='ltr'><strong>in</strong></span> <span class='ocrx_word' id='word_1_190' title='bbox 3211 1745 3486 1802; x_wconf 87' lang='lat' dir='ltr'><strong>Oceanum</strong></span> 
     </span>
    </p>
   </div>
   <div class='ocr_carea' id='block_1_31' title="bbox 262 1825 1832 1912">
    <p class='ocr_par' dir='ltr' id='par_1_31' title="bbox 262 1825 1828 1906">
     <span class='ocr_line' id='line_1_31' title="bbox 262 1825 1828 1906; baseline -0.006 -18"><span class='ocrx_word' id='word_1_191' title='bbox 262 1839 388 1900; x_wconf 80' lang='grc' dir='ltr'>τοὺς</span> <span class='ocrx_word' id='word_1_192' title='bbox 414 1833 810 1906; x_wconf 74' lang='grc' dir='ltr'>πλησιάζοντας</span> <span class='ocrx_word' id='word_1_193' title='bbox 839 1834 902 1903; x_wconf 78' lang='grc' dir='ltr'>τῇ</span> <span class='ocrx_word' id='word_1_194' title='bbox 928 1829 1159 1900; x_wconf 79' lang='grc' dir='ltr'>ἀνατολῇ</span> <span class='ocrx_word' id='word_1_195' title='bbox 1184 1829 1278 1883; x_wconf 56' lang='grc' dir='ltr'><strong>καί⁹</strong></span> <span class='ocrx_word' id='word_1_196' title='bbox 1298 1832 1364 1901; x_wconf 80' lang='grc' dir='ltr'>τῇ</span> <span class='ocrx_word' id='word_1_197' title='bbox 1393 1827 1540 1882; x_wconf 88' lang='grc' dir='ltr'>δύσει</span> <span class='ocrx_word' id='word_1_198' title='bbox 1564 1825 1828 1890; x_wconf 76' lang='grc' dir='ltr'>Αἰθίοπας</span> 
     </span>
    </p>
   </div>
   <div class='ocr_carea' id='block_1_32' title="bbox 1934 1825 3490 1912">
    <p class='ocr_par' dir='ltr' id='par_1_32' title="bbox 1934 1833 3490 1912">
     <span class='ocr_line' id='line_1_32' title="bbox 1934 1833 3490 1912; baseline 0.006 -23"><span class='ocrx_word' id='word_1_199' title='bbox 1934 1833 2063 1890; x_wconf 77' lang='lat' dir='ltr'><strong>fieri.</strong></span> <span class='ocrx_word' id='word_1_200' title='bbox 2129 1838 2314 1912; x_wconf 81' lang='lat' dir='ltr'><strong>Itaque</strong></span> <span class='ocrx_word' id='word_1_201' title='bbox 2343 1839 2654 1910; x_wconf 63' lang='lat' dir='ltr'><strong>Ethiopas,</strong></span> <span class='ocrx_word' id='word_1_202' title='bbox 2697 1841 2790 1912; x_wconf 87' lang='lat' dir='ltr'><strong>qui</strong></span> <span class='ocrx_word' id='word_1_203' title='bbox 2835 1849 2991 1897; x_wconf 87' lang='lat' dir='ltr'><strong>erant</strong></span> <span class='ocrx_word' id='word_1_204' title='bbox 3021 1841 3312 1912; x_wconf 89' lang='lat' dir='ltr'><strong>propinqui</strong></span> <span class='ocrx_word' id='word_1_205' title='bbox 3339 1844 3490 1898; x_wconf 82' lang='lat' dir='ltr'><strong>ortui</strong></span> 
     </span>
    </p>
   </div>
   <div class='ocr_carea' id='block_1_33' title="bbox 265 1915 1826 1997">
    <p class='ocr_par' dir='ltr' id='par_1_33' title="bbox 265 1915 1826 1997">
     <span class='ocr_line' id='line_1_33' title="bbox 265 1915 1826 1997; baseline -0.008 -16"><span class='ocrx_word' id='word_1_206' title='bbox 265 1925 650 1997; x_wconf 78' lang='grc' dir='ltr'>ὑπελάμϐανον</span> <span class='ocrx_word' id='word_1_207' title='bbox 681 1923 921 1992; x_wconf 87' lang='grc' dir='ltr'>γίνεσθαι</span> <span class='ocrx_word' id='word_1_208' title='bbox 945 1919 1364 1989; x_wconf 81' lang='grc' dir='ltr'>καταιθομένους</span> <span class='ocrx_word' id='word_1_209' title='bbox 1397 1917 1500 1970; x_wconf 79' lang='grc' dir='ltr'>ὑπὸ</span> <span class='ocrx_word' id='word_1_210' title='bbox 1531 1915 1624 1970; x_wconf 85' lang='grc' dir='ltr'>τοῦ</span> <span class='ocrx_word' id='word_1_211' title='bbox 1653 1916 1826 1987; x_wconf 84' lang='grc' dir='ltr'><strong>ἡλίου.</strong></span> 
     </span>
    </p>
   </div>
   <div class='ocr_carea' id='block_1_34' title="bbox 265 2005 1830 2090">
    <p class='ocr_par' dir='ltr' id='par_1_34' title="bbox 265 2005 1830 2090">
     <span class='ocr_line' id='line_1_34' title="bbox 265 2005 1830 2090; baseline -0.01 -17"><span class='ocrx_word' id='word_1_212' title='bbox 265 2020 410 2090; x_wconf 73' lang='grc' dir='ltr'>Αὕτη</span> <span class='ocrx_word' id='word_1_213' title='bbox 465 2019 524 2070; x_wconf 80' lang='grc' dir='ltr'>δὲ</span> <span class='ocrx_word' id='word_1_214' title='bbox 572 2018 604 2086; x_wconf 91' lang='grc' dir='ltr'><strong>ή</strong></span> <span class='ocrx_word' id='word_1_215' title='bbox 645 2013 910 2087; x_wconf 78' lang='grc' dir='ltr'><strong>πρόληψις</strong></span> <span class='ocrx_word' id='word_1_216' title='bbox 953 2015 1018 2082; x_wconf 84' lang='grc' dir='ltr'>τῇ</span> <span class='ocrx_word' id='word_1_217' title='bbox 1075 2011 1172 2081; x_wconf 86' lang='grc' dir='ltr'>μὲν</span> <span class='ocrx_word' id='word_1_218' title='bbox 1223 2007 1554 2080; x_wconf 78' lang='grc' dir='ltr'>προκειμένῃ</span> <span class='ocrx_word' id='word_1_219' title='bbox 1593 2005 1830 2072; x_wconf 80' lang='grc' dir='ltr'>διατάξει</span> 
     </span>
    </p>
   </div>
   <div class='ocr_carea' id='block_1_35' title="bbox 266 2098 1828 2177">
    <p class='ocr_par' dir='ltr' id='par_1_35' title="bbox 266 2098 1828 2177">
     <span class='ocr_line' id='line_1_35' title="bbox 266 2098 1828 2177; baseline -0.012 -10"><span class='ocrx_word' id='word_1_220' title='bbox 266 2110 560 2173; x_wconf 77' lang='grc' dir='ltr'>ἀκόλουθός</span> <span class='ocrx_word' id='word_1_221' title='bbox 582 2111 717 2175; x_wconf 78' lang='grc' dir='ltr'>ἐστι,</span> <span class='ocrx_word' id='word_1_222' title='bbox 745 2107 844 2177; x_wconf 83' lang='grc' dir='ltr'>τῆς</span> <span class='ocrx_word' id='word_1_223' title='bbox 870 2105 927 2158; x_wconf 82' lang='grc' dir='ltr'>δὲ</span> <span class='ocrx_word' id='word_1_224' title='bbox 960 2103 1103 2158; x_wconf 80' lang='grc' dir='ltr'>κατὰ</span> <span class='ocrx_word' id='word_1_225' title='bbox 1129 2101 1288 2171; x_wconf 84' lang='grc' dir='ltr'>φύσιν</span> <span class='ocrx_word' id='word_1_226' title='bbox 1331 2098 1708 2170; x_wconf 80' lang='grc' dir='ltr'>σφαιροποιίας</span> <span class='ocrx_word' id='word_1_227' title='bbox 1733 2098 1828 2151; x_wconf 86' lang='grc' dir='ltr'>άλ-</span> 
     </span>
    </p>
   </div>
   <div class='ocr_carea' id='block_1_36' title="bbox 263 2188 1829 2276">
    <p class='ocr_par' dir='ltr' id='par_1_36' title="bbox 263 2188 1829 2276">
     <span class='ocr_line' id='line_1_36' title="bbox 263 2188 1829 2276; baseline -0.012 -18"><span class='ocrx_word' id='word_1_228' title='bbox 263 2203 472 2276; x_wconf 85' lang='grc' dir='ltr'>λοτρία.</span> <span class='ocrx_word' id='word_1_229' title='bbox 513 2203 579 2254; x_wconf 82' lang='grc' dir='ltr'><em>Ἡ</em></span> <span class='ocrx_word' id='word_1_230' title='bbox 611 2200 718 2270; x_wconf 76' lang='grc' dir='ltr'><strong>γὰρ</strong></span> <span class='ocrx_word' id='word_1_231' title='bbox 760 2198 831 2267; x_wconf 85' lang='grc' dir='ltr'>γῆ</span> <span class='ocrx_word' id='word_1_232' title='bbox 869 2196 1006 2267; x_wconf 84' lang='grc' dir='ltr'>μέση</span> <span class='ocrx_word' id='word_1_233' title='bbox 1039 2198 1212 2248; x_wconf 88' lang='grc' dir='ltr'>κεῖται</span> <span class='ocrx_word' id='word_1_234' title='bbox 1254 2190 1347 2244; x_wconf 78' lang='grc' dir='ltr'>τοῦ</span> <span class='ocrx_word' id='word_1_235' title='bbox 1397 2193 1708 2260; x_wconf 82' lang='grc' dir='ltr'>σύμπαντος</span> <span class='ocrx_word' id='word_1_236' title='bbox 1737 2188 1829 2241; x_wconf 88' lang='grc' dir='ltr'><strong>κό-</strong></span> 
     </span>
    </p>
   </div>
   <div class='ocr_carea' id='block_1_37' title="bbox 265 2279 1829 2366">
    <p class='ocr_par' dir='ltr' id='par_1_37' title="bbox 265 2279 1829 2366">
     <span class='ocr_line' id='line_1_37' title="bbox 265 2279 1829 2366; baseline -0.012 -17"><span class='ocrx_word' id='word_1_237' title='bbox 265 2292 690 2366; x_wconf 51' lang='grc' dir='ltr'>σμου,,σημείου</span> <span class='ocrx_word' id='word_1_238' title='bbox 720 2289 872 2355; x_wconf 79' lang='grc' dir='ltr'>τάξιν</span> <span class='ocrx_word' id='word_1_239' title='bbox 911 2288 1214 2356; x_wconf 79' lang='grc' dir='ltr'>ἐπέχουσα·</span> <span class='ocrx_word' id='word_1_240' title='bbox 1242 2285 1298 2336; x_wconf 84' lang='grc' dir='ltr'>αἱ</span> <span class='ocrx_word' id='word_1_241' title='bbox 1341 2283 1398 2335; x_wconf 84' lang='grc' dir='ltr'><strong>δὲ</strong></span> <span class='ocrx_word' id='word_1_242' title='bbox 1437 2280 1691 2334; x_wconf 74' lang='grc' dir='ltr'>ἀνατολαὶ</span> <span class='ocrx_word' id='word_1_243' title='bbox 1733 2279 1829 2332; x_wconf 80' lang='grc' dir='ltr'>τοῦ</span> 
     </span>
    </p>
   </div>
   <div class='ocr_carea' id='block_1_38' title="bbox 263 2373 1831 2458">
    <p class='ocr_par' dir='ltr' id='par_1_38' title="bbox 263 2373 1831 2458">
     <span class='ocr_line' id='line_1_38' title="bbox 263 2373 1831 2458; baseline -0.011 -17"><span class='ocrx_word' id='word_1_244' title='bbox 263 2388 417 2458; x_wconf 79' lang='grc' dir='ltr'>ήλίου</span> <span class='ocrx_word' id='word_1_245' title='bbox 445 2385 686 2454; x_wconf 87' lang='grc' dir='ltr'>γίνονται</span> <span class='ocrx_word' id='word_1_246' title='bbox 716 2383 810 2435; x_wconf 74' lang='grc' dir='ltr'><strong>καί</strong></span> <span class='ocrx_word' id='word_1_247' title='bbox 835 2381 892 2433; x_wconf 85' lang='grc' dir='ltr'>αἱ</span> <span class='ocrx_word' id='word_1_248' title='bbox 921 2379 1100 2442; x_wconf 78' lang='grc' dir='ltr'>δύσεις</span> <span class='ocrx_word' id='word_1_249' title='bbox 1135 2380 1198 2430; x_wconf 82' lang='grc' dir='ltr'>ὲκ</span> <span class='ocrx_word' id='word_1_250' title='bbox 1236 2375 1331 2428; x_wconf 76' lang='grc' dir='ltr'>τοῦ</span> <span class='ocrx_word' id='word_1_251' title='bbox 1359 2374 1574 2446; x_wconf 82' lang='grc' dir='ltr'>αἰθέρος</span> <span class='ocrx_word' id='word_1_252' title='bbox 1617 2373 1711 2425; x_wconf 71' lang='grc' dir='ltr'>καὶ</span> <span class='ocrx_word' id='word_1_253' title='bbox 1752 2375 1831 2436; x_wconf 86' lang='grc' dir='ltr'>εἰς</span> 
     </span>
    </p>
   </div>
   <div class='ocr_carea' id='block_1_39' title="bbox 263 2462 1831 2547">
    <p class='ocr_par' dir='ltr' id='par_1_39' title="bbox 263 2462 1831 2547">
     <span class='ocr_line' id='line_1_39' title="bbox 263 2462 1831 2547; baseline -0.011 -14"><span class='ocrx_word' id='word_1_254' title='bbox 263 2481 355 2533; x_wconf 71' lang='grc' dir='ltr'>τὸν</span> <span class='ocrx_word' id='word_1_255' title='bbox 386 2476 601 2547; x_wconf 79' lang='grc' dir='ltr'>αἰθέρα,</span> <span class='ocrx_word' id='word_1_256' title='bbox 621 2475 707 2529; x_wconf 82' lang='grc' dir='ltr'>διὰ</span> <span class='ocrx_word' id='word_1_257' title='bbox 736 2472 933 2534; x_wconf 83' lang='grc' dir='ltr'>παντὸς</span> <span class='ocrx_word' id='word_1_258' title='bbox 968 2470 1060 2524; x_wconf 81' lang='grc' dir='ltr'>τοῦ</span> <span class='ocrx_word' id='word_1_259' title='bbox 1087 2469 1237 2538; x_wconf 79' lang='grc' dir='ltr'>ἡλίου</span> <span class='ocrx_word' id='word_1_260' title='bbox 1274 2468 1386 2520; x_wconf 73' lang='grc' dir='ltr'>ἴσον</span> <span class='ocrx_word' id='word_1_261' title='bbox 1413 2464 1706 2534; x_wconf 81' lang='grc' dir='ltr'>ἀπέχοντος</span> <span class='ocrx_word' id='word_1_262' title='bbox 1735 2462 1831 2532; x_wconf 84' lang='grc' dir='ltr'>τῆς</span> 
     </span>
    </p>
   </div>
   <div class='ocr_carea' id='block_1_40' title="bbox 264 2553 1832 2642">
    <p class='ocr_par' dir='ltr' id='par_1_40' title="bbox 264 2553 1832 2642">
     <span class='ocr_line' id='line_1_40' title="bbox 264 2553 1832 2642; baseline -0.013 -16"><span class='ocrx_word' id='word_1_263' title='bbox 264 2575 389 2642; x_wconf 84' lang='grc' dir='ltr'>γῆς.</span> <span class='ocrx_word' id='word_1_264' title='bbox 419 2569 581 2624; x_wconf 81' lang='grc' dir='ltr'>Ὅθεν</span> <span class='ocrx_word' id='word_1_265' title='bbox 603 2569 660 2622; x_wconf 78' lang='grc' dir='ltr'><strong>αἰ</strong></span> <span class='ocrx_word' id='word_1_266' title='bbox 689 2567 783 2638; x_wconf 84' lang='grc' dir='ltr'><strong>μὲν</strong></span> <span class='ocrx_word' id='word_1_267' title='bbox 806 2561 1194 2636; x_wconf 81' lang='grc' dir='ltr'>προειρημέναι</span> <span class='ocrx_word' id='word_1_268' title='bbox 1233 2556 1506 2612; x_wconf 85' lang='grc' dir='ltr'>Αἰθιοπίαι</span> <span class='ocrx_word' id='word_1_269' title='bbox 1533 2553 1832 2624; x_wconf 87' lang='grc' dir='ltr'>ἀδιανόητοί</span> 
     </span>
    </p>
   </div>
   <div class='ocr_carea' id='block_1_41' title="bbox 261 2647 1833 2724">
    <p class='ocr_par' dir='ltr' id='par_1_41' title="bbox 261 2647 1833 2724">
     <span class='ocr_line' id='line_1_41' title="bbox 261 2647 1833 2724; baseline -0.011 -6"><span class='ocrx_word' id='word_1_270' title='bbox 261 2667 442 2718; x_wconf 73' lang='grc' dir='ltr'><strong>εἰσινο</strong></span> <span class='ocrx_word' id='word_1_271' title='bbox 477 2663 535 2715; x_wconf 88' lang='grc' dir='ltr'><strong>αἰ</strong></span> <span class='ocrx_word' id='word_1_272' title='bbox 577 2660 634 2714; x_wconf 83' lang='grc' dir='ltr'>δὲ</span> <span class='ocrx_word' id='word_1_273' title='bbox 678 2659 782 2713; x_wconf 78' lang='grc' dir='ltr'><strong>ὑπὸ</strong></span> <span class='ocrx_word' id='word_1_274' title='bbox 807 2658 933 2719; x_wconf 84' lang='grc' dir='ltr'>τοὺς</span> <span class='ocrx_word' id='word_1_275' title='bbox 970 2657 1027 2708; x_wconf 83' lang='grc' dir='ltr'>ὲν</span> <span class='ocrx_word' id='word_1_276' title='bbox 1057 2653 1134 2724; x_wconf 80' lang='grc' dir='ltr'>τῷ</span> <span class='ocrx_word' id='word_1_277' title='bbox 1176 2654 1362 2723; x_wconf 85' lang='grc' dir='ltr'>κόσμῳ</span> <span class='ocrx_word' id='word_1_278' title='bbox 1396 2650 1687 2722; x_wconf 82' lang='grc' dir='ltr'>τροπικοὺς</span> <span class='ocrx_word' id='word_1_279' title='bbox 1720 2647 1833 2702; x_wconf 87' lang='grc' dir='ltr'>κεί-</span> 
     </span>
    </p>
   </div>
   <div class='ocr_carea' id='block_1_42' title="bbox 267 2740 1834 2827">
    <p class='ocr_par' dir='ltr' id='par_1_42' title="bbox 267 2740 1834 2827">
     <span class='ocr_line' id='line_1_42' title="bbox 267 2740 1834 2827; baseline -0.01 -18"><span class='ocrx_word' id='word_1_280' title='bbox 267 2772 454 2827; x_wconf 87' lang='grc' dir='ltr'>μεναι,</span> <span class='ocrx_word' id='word_1_281' title='bbox 486 2752 683 2814; x_wconf 75' lang='grc' dir='ltr'>αἵτινες</span> <span class='ocrx_word' id='word_1_282' title='bbox 725 2749 1055 2821; x_wconf 83' lang='grc' dir='ltr'>ὑπάρχουσιν</span> <span class='ocrx_word' id='word_1_283' title='bbox 1094 2745 1184 2798; x_wconf 74' lang='grc' dir='ltr'>ἐπὶ</span> <span class='ocrx_word' id='word_1_284' title='bbox 1229 2745 1296 2798; x_wconf 81' lang='grc' dir='ltr'>τὰ</span> <span class='ocrx_word' id='word_1_285' title='bbox 1336 2743 1548 2815; x_wconf 88' lang='grc' dir='ltr'>πέρατα</span> <span class='ocrx_word' id='word_1_286' title='bbox 1573 2740 1680 2795; x_wconf 81' lang='grc' dir='ltr'>τῶν</span> <span class='ocrx_word' id='word_1_287' title='bbox 1718 2741 1834 2794; x_wconf 89' lang='grc' dir='ltr'>δια-</span> 
     </span>
    </p>
   </div>
   <div class='ocr_carea' id='block_1_43' title="bbox 263 2833 1832 2917">
    <p class='ocr_par' dir='ltr' id='par_1_43' title="bbox 263 2833 1832 2917">
     <span class='ocr_line' id='line_1_43' title="bbox 263 2833 1832 2917; baseline -0.011 -14"><span class='ocrx_word' id='word_1_288' title='bbox 263 2845 626 2917; x_wconf 82' lang='grc' dir='ltr'>κεκαυμένων</span> <span class='ocrx_word' id='word_1_289' title='bbox 654 2842 856 2907; x_wconf 74' lang='grc' dir='ltr'>ζωνῶν,</span> <span class='ocrx_word' id='word_1_290' title='bbox 900 2839 1037 2893; x_wconf 86' lang='grc' dir='ltr'><strong>κατὰ</strong></span> <span class='ocrx_word' id='word_1_291' title='bbox 1077 2839 1234 2908; x_wconf 87' lang='grc' dir='ltr'>φύσιν</span> <span class='ocrx_word' id='word_1_292' title='bbox 1267 2837 1496 2908; x_wconf 84' lang='grc' dir='ltr'>ἔχουσιν.</span> <span class='ocrx_word' id='word_1_293' title='bbox 1543 2835 1616 2888; x_wconf 70' lang='lat' dir='ltr'><strong>Uti</strong></span> <span class='ocrx_word' id='word_1_294' title='bbox 1652 2833 1832 2904; x_wconf 89' lang='grc' dir='ltr'>μέντοι</span> 
     </span>
    </p>
   </div>
   <div class='ocr_carea' id='block_1_44' title="bbox 260 2923 1834 3008">
    <p class='ocr_par' dir='ltr' id='par_1_44' title="bbox 260 2923 1834 3008">
     <span class='ocr_line' id='line_1_44' title="bbox 260 2923 1834 3008; baseline -0.011 -16"><span class='ocrx_word' id='word_1_295' title='bbox 260 2957 328 3008; x_wconf 83' lang='grc' dir='ltr'><strong>γε</strong></span> <span class='ocrx_word' id='word_1_296' title='bbox 379 2935 716 3006; x_wconf 77' lang='grc' dir='ltr'>ὑποληπτέον</span> <span class='ocrx_word' id='word_1_297' title='bbox 763 2933 1014 3001; x_wconf 84' lang='grc' dir='ltr'>ἀοίκητον</span> <span class='ocrx_word' id='word_1_298' title='bbox 1063 2925 1201 2982; x_wconf 75' lang='grc' dir='ltr'>εἶναι</span> <span class='ocrx_word' id='word_1_299' title='bbox 1250 2927 1348 2998; x_wconf 81' lang='grc' dir='ltr'><strong>τὴν</strong></span> <span class='ocrx_word' id='word_1_300' title='bbox 1403 2923 1834 2996; x_wconf 86' lang='grc' dir='ltr'>διακεκαυμένην</span> 
     </span>
    </p>
   </div>
   <div class='ocr_carea' id='block_1_45' title="bbox 261 3017 1836 3102">
    <p class='ocr_par' dir='ltr' id='par_1_45' title="bbox 261 3017 1836 3102">
     <span class='ocr_line' id='line_1_45' title="bbox 261 3017 1836 3102; baseline -0.01 -18"><span class='ocrx_word' id='word_1_301' title='bbox 261 3031 468 3102; x_wconf 81' lang='grc' dir='ltr'>ζώνην.</span> <span class='ocrx_word' id='word_1_302' title='bbox 506 3027 644 3098; x_wconf 82' lang='grc' dir='ltr'><strong>Ἤδη</strong></span> <span class='ocrx_word' id='word_1_303' title='bbox 671 3027 777 3096; x_wconf 76' lang='grc' dir='ltr'>γὰρ</span> <span class='ocrx_word' id='word_1_304' title='bbox 805 3026 894 3078; x_wconf 80' lang='grc' dir='ltr'>ἐπὶ</span> <span class='ocrx_word' id='word_1_305' title='bbox 925 3022 1146 3085; x_wconf 82' lang='grc' dir='ltr'>πολλοὺς</span> <span class='ocrx_word' id='word_1_306' title='bbox 1176 3021 1369 3084; x_wconf 84' lang='grc' dir='ltr'>τόπους</span> <span class='ocrx_word' id='word_1_307' title='bbox 1400 3019 1500 3090; x_wconf 83' lang='grc' dir='ltr'>τῆς</span> <span class='ocrx_word' id='word_1_308' title='bbox 1531 3017 1706 3088; x_wconf 78' lang='grc' dir='ltr'>ζώνης</span> <span class='ocrx_word' id='word_1_309' title='bbox 1734 3017 1836 3088; x_wconf 84' lang='grc' dir='ltr'>τῆς</span> 
     </span>
    </p>
   </div>
   <div class='ocr_carea' id='block_1_46' title="bbox 258 3111 1826 3191">
    <p class='ocr_par' dir='ltr' id='par_1_46' title="bbox 258 3111 1826 3191">
     <span class='ocr_line' id='line_1_46' title="bbox 258 3111 1826 3191; baseline -0.009 -14"><span class='ocrx_word' id='word_1_310' title='bbox 258 3121 701 3191; x_wconf 84' lang='grc' dir='ltr'>διακεκαυμένης</span> <span class='ocrx_word' id='word_1_311' title='bbox 735 3114 1018 3188; x_wconf 77' lang='grc' dir='ltr'>ἐληλύθασι</span> <span class='ocrx_word' id='word_1_312' title='bbox 1048 3131 1212 3190; x_wconf 79' lang='grc' dir='ltr'>τινες,</span> <span class='ocrx_word' id='word_1_313' title='bbox 1260 3113 1350 3166; x_wconf 75' lang='grc' dir='ltr'><strong>καὶ</strong></span> <span class='ocrx_word' id='word_1_314' title='bbox 1393 3111 1460 3166; x_wconf 84' lang='grc' dir='ltr'>τὰ</span> <span class='ocrx_word' id='word_1_315' title='bbox 1504 3113 1726 3166; x_wconf 84' lang='grc' dir='ltr'>πλεῖστα</span> <span class='ocrx_word' id='word_1_316' title='bbox 1753 3112 1826 3164; x_wconf 83' lang='grc' dir='ltr'>οἰ-</span> 
     </span>
    </p>
   </div>
   <div class='ocr_carea' id='block_1_47' title="bbox 259 3207 765 3284">
    <p class='ocr_par' dir='ltr' id='par_1_47' title="bbox 259 3207 765 3284">
     <span class='ocr_line' id='line_1_47' title="bbox 259 3207 765 3284; baseline -0.01 -21"><span class='ocrx_word' id='word_1_317' title='bbox 259 3211 480 3284; x_wconf 76' lang='grc' dir='ltr'>κήσιμα</span> <span class='ocrx_word' id='word_1_318' title='bbox 518 3207 580 3262; x_wconf 82' lang='grc' dir='ltr'>εὖ</span> <span class='ocrx_word' id='word_1_319' title='bbox 589 3224 765 3280; x_wconf 89' lang='grc' dir='ltr'>ρηται.</span> 
     </span>
    </p>
   </div>
   <div class='ocr_carea' id='block_1_48' title="bbox 335 3292 1834 3369">
    <p class='ocr_par' dir='ltr' id='par_1_48' title="bbox 335 3292 1834 3369">
     <span class='ocr_line' id='line_1_48' title="bbox 335 3292 1834 3369; baseline -0.007 -14"><span class='ocrx_word' id='word_1_320' title='bbox 335 3302 507 3355; x_wconf 88' lang='grc' dir='ltr'>Ὅθεν</span> <span class='ocrx_word' id='word_1_321' title='bbox 548 3300 642 3353; x_wconf 76' lang='grc' dir='ltr'><strong>καὶ</strong></span> <span class='ocrx_word' id='word_1_322' title='bbox 674 3298 914 3369; x_wconf 79' lang='grc' dir='ltr'>ζητεῖται</span> <span class='ocrx_word' id='word_1_323' title='bbox 944 3297 1094 3369; x_wconf 75' lang='grc' dir='ltr'>παρὰ</span> <span class='ocrx_word' id='word_1_324' title='bbox 1123 3294 1356 3360; x_wconf 83' lang='grc' dir='ltr'>πολλοῖς,</span> <span class='ocrx_word' id='word_1_325' title='bbox 1392 3296 1440 3347; x_wconf 88' lang='grc' dir='ltr'><strong>εἰ</strong></span> <span class='ocrx_word' id='word_1_326' title='bbox 1471 3293 1540 3346; x_wconf 82' lang='grc' dir='ltr'>τὰ</span> <span class='ocrx_word' id='word_1_327' title='bbox 1582 3294 1711 3366; x_wconf 82' lang='grc' dir='ltr'>περὶ</span> <span class='ocrx_word' id='word_1_328' title='bbox 1739 3292 1834 3364; x_wconf 89' lang='grc' dir='ltr'>μέ-</span> 
     </span>
    </p>
   </div>
   <div class='ocr_carea' id='block_1_49' title="bbox 261 3385 1833 3466">
    <p class='ocr_par' dir='ltr' id='par_1_49' title="bbox 261 3385 1833 3466">
     <span class='ocr_line' id='line_1_49' title="bbox 261 3385 1833 3466; baseline -0.007 -18"><span class='ocrx_word' id='word_1_329' title='bbox 261 3411 371 3466; x_wconf 84' lang='grc' dir='ltr'><strong>σην</strong></span> <span class='ocrx_word' id='word_1_330' title='bbox 413 3393 514 3464; x_wconf 84' lang='grc' dir='ltr'>τὴν</span> <span class='ocrx_word' id='word_1_331' title='bbox 561 3389 992 3460; x_wconf 84' lang='grc' dir='ltr'>διακεκαυμένην</span> <span class='ocrx_word' id='word_1_332' title='bbox 1037 3386 1440 3458; x_wconf 89' lang='grc' dir='ltr'>οἰκησιμώτερα</span> <span class='ocrx_word' id='word_1_333' title='bbox 1473 3385 1672 3456; x_wconf 81' lang='grc' dir='ltr'>μᾶλλόν</span> <span class='ocrx_word' id='word_1_334' title='bbox 1717 3387 1833 3438; x_wconf 75' lang='grc' dir='ltr'>ἐστι</span> 
     </span>
    </p>
   </div>
   <div class='ocr_carea' id='block_1_50' title="bbox 258 3476 1834 3555">
    <p class='ocr_par' dir='ltr' id='par_1_50' title="bbox 258 3476 1834 3555">
     <span class='ocr_line' id='line_1_50' title="bbox 258 3476 1834 3555; baseline -0.008 -15"><span class='ocrx_word' id='word_1_335' title='bbox 258 3485 376 3540; x_wconf 81' lang='grc' dir='ltr'>τῶν</span> <span class='ocrx_word' id='word_1_336' title='bbox 401 3484 532 3555; x_wconf 77' lang='grc' dir='ltr'><strong>περί</strong></span> <span class='ocrx_word' id='word_1_337' title='bbox 552 3483 622 3536; x_wconf 85' lang='grc' dir='ltr'>τὰ</span> <span class='ocrx_word' id='word_1_338' title='bbox 653 3482 862 3552; x_wconf 83' lang='grc' dir='ltr'>πέρατα</span> <span class='ocrx_word' id='word_1_339' title='bbox 888 3481 986 3551; x_wconf 84' lang='grc' dir='ltr'><strong>τῆς</strong></span> <span class='ocrx_word' id='word_1_340' title='bbox 1011 3478 1440 3549; x_wconf 84' lang='grc' dir='ltr'>διακεκαυμένης</span> <span class='ocrx_word' id='word_1_341' title='bbox 1460 3476 1634 3547; x_wconf 77' lang='grc' dir='ltr'>ζώνης</span> <span class='ocrx_word' id='word_1_342' title='bbox 1657 3477 1764 3530; x_wconf 86' lang='grc' dir='ltr'><strong>ύπα</strong></span> <span class='ocrx_word' id='word_1_343' title='bbox 1775 3494 1834 3548; x_wconf 93' lang='grc' dir='ltr'><strong>ρ-</strong></span> 
     </span>
    </p>
   </div>
   <div class='ocr_carea' id='block_1_51' title="bbox 261 3567 1837 3650">
    <p class='ocr_par' dir='ltr' id='par_1_51' title="bbox 261 3567 1837 3650">
     <span class='ocr_line' id='line_1_51' title="bbox 261 3567 1837 3650; baseline -0.006 -20"><span class='ocrx_word' id='word_1_344' title='bbox 261 3577 479 3650; x_wconf 79' lang='grc' dir='ltr'>χουσῶν</span> <span class='ocrx_word' id='word_1_345' title='bbox 503 3576 786 3646; x_wconf 85' lang='grc' dir='ltr'>οἰκήσεων.</span> <span class='ocrx_word' id='word_1_346' title='bbox 817 3571 1073 3635; x_wconf 86' lang='grc' dir='ltr'>Πολύϐιος</span> <span class='ocrx_word' id='word_1_347' title='bbox 1109 3567 1200 3624; x_wconf 78' lang='grc' dir='ltr'><strong>οὖν</strong></span> <span class='ocrx_word' id='word_1_348' title='bbox 1233 3573 1261 3623; x_wconf 86' lang='grc' dir='ltr'><strong>ὁ</strong></span> <span class='ocrx_word' id='word_1_349' title='bbox 1298 3570 1709 3640; x_wconf 78' lang='grc' dir='ltr'>ἱστοριογράφος</span> <span class='ocrx_word' id='word_1_350' title='bbox 1746 3587 1837 3622; x_wconf 85' lang='grc' dir='ltr'>πε-</span> 
     </span>
    </p>
   </div>
   <div class='ocr_carea' id='block_1_52' title="bbox 262 3663 1836 3744">
    <p class='ocr_par' dir='ltr' id='par_1_52' title="bbox 262 3663 1836 3744">
     <span class='ocr_line' id='line_1_52' title="bbox 262 3663 1836 3744; baseline -0.006 -20"><span class='ocrx_word' id='word_1_351' title='bbox 262 3670 690 3744; x_wconf 82' lang='grc' dir='ltr'>πραγμάτευται</span> <span class='ocrx_word' id='word_1_352' title='bbox 733 3667 970 3739; x_wconf 85' lang='grc' dir='ltr'>βιϐλίον,</span> <span class='ocrx_word' id='word_1_353' title='bbox 1017 3665 1046 3718; x_wconf 80' lang='grc' dir='ltr'><strong>ὃ</strong></span> <span class='ocrx_word' id='word_1_354' title='bbox 1090 3665 1398 3734; x_wconf 77' lang='grc' dir='ltr'>ἐπιγραφὴν</span> <span class='ocrx_word' id='word_1_355' title='bbox 1447 3663 1589 3733; x_wconf 76' lang='grc' dir='ltr'>ἔχει’</span> <span class='ocrx_word' id='word_1_356' title='bbox 1632 3680 1650 3714; x_wconf 78' lang='grc' dir='ltr'><strong>ι</strong></span> <span class='ocrx_word' id='word_1_357' title='bbox 1700 3663 1836 3734; x_wconf 64' lang='grc' dir='ltr'><strong>Περ)⁸</strong></span> 
     </span>
    </p>
   </div>
   <div class='ocr_carea' id='block_1_53' title="bbox 263 3755 1836 3837">
    <p class='ocr_par' dir='ltr' id='par_1_53' title="bbox 263 3755 1836 3837">
     <span class='ocr_line' id='line_1_53' title="bbox 263 3755 1836 3837; baseline -0.006 -19"><span class='ocrx_word' id='word_1_358' title='bbox 263 3765 366 3837; x_wconf 84' lang='grc' dir='ltr'>τῆς</span> <span class='ocrx_word' id='word_1_359' title='bbox 398 3763 531 3836; x_wconf 76' lang='grc' dir='ltr'>περὶ</span> <span class='ocrx_word' id='word_1_360' title='bbox 568 3762 655 3815; x_wconf 76' lang='grc' dir='ltr'>τὸν</span> <span class='ocrx_word' id='word_1_361' title='bbox 684 3758 992 3830; x_wconf 79' lang='grc' dir='ltr'>ἰσημερινὸν</span> <span class='ocrx_word' id='word_1_362' title='bbox 1034 3758 1330 3828; x_wconf 78' lang='grc' dir='ltr'>οἰκήσεωςο</span> <span class='ocrx_word' id='word_1_363' title='bbox 1377 3774 1394 3808; x_wconf 85' lang='grc' dir='ltr'><strong>ι</strong></span> <span class='ocrx_word' id='word_1_364' title='bbox 1429 3755 1565 3828; x_wconf 78' lang='grc' dir='ltr'>αὕτη</span> <span class='ocrx_word' id='word_1_365' title='bbox 1605 3755 1662 3808; x_wconf 89' lang='grc' dir='ltr'><strong>δέ</strong></span> <span class='ocrx_word' id='word_1_366' title='bbox 1691 3758 1836 3808; x_wconf 79' lang='grc' dir='ltr'>ἐστιν</span> 
     </span>
    </p>
   </div>
   <div class='ocr_carea' id='block_1_54' title="bbox 265 3849 1836 3928">
    <p class='ocr_par' dir='ltr' id='par_1_54' title="bbox 265 3849 1836 3928">
     <span class='ocr_line' id='line_1_54' title="bbox 265 3849 1836 3928; baseline -0.006 -18"><span class='ocrx_word' id='word_1_367' title='bbox 265 3858 325 3910; x_wconf 71' lang='grc' dir='ltr'>ἑν</span> <span class='ocrx_word' id='word_1_368' title='bbox 383 3857 526 3928; x_wconf 81' lang='grc' dir='ltr'>μέσῃ</span> <span class='ocrx_word' id='word_1_369' title='bbox 587 3857 653 3926; x_wconf 76' lang='grc' dir='ltr'>τῇ</span> <span class='ocrx_word' id='word_1_370' title='bbox 711 3852 1108 3924; x_wconf 76' lang='grc' dir='ltr'>διακεκαυμένη</span> <span class='ocrx_word' id='word_1_371' title='bbox 1161 3850 1341 3920; x_wconf 78' lang='grc' dir='ltr'>ζώνῃ’</span> <span class='ocrx_word' id='word_1_372' title='bbox 1394 3849 1488 3902; x_wconf 90' lang='grc' dir='ltr'><strong>καί</strong></span> <span class='ocrx_word' id='word_1_373' title='bbox 1542 3865 1705 3920; x_wconf 85' lang='grc' dir='ltr'>φησιν</span> <span class='ocrx_word' id='word_1_374' title='bbox 1759 3849 1836 3900; x_wconf 80' lang='grc' dir='ltr'>οἰ-</span> 
     </span>
    </p>
   </div>
   <div class='ocr_carea' id='block_1_55' title="bbox 267 3938 1838 4012">
    <p class='ocr_par' dir='ltr' id='par_1_55' title="bbox 267 3938 1838 4012">
     <span class='ocr_line' id='line_1_55' title="bbox 267 3938 1838 4012; baseline -0.007 -10"><span class='ocrx_word' id='word_1_375' title='bbox 267 3949 487 4002; x_wconf 80' lang='grc' dir='ltr'>κεῖσθαι</span> <span class='ocrx_word' id='word_1_376' title='bbox 533 3948 658 4010; x_wconf 78' lang='grc' dir='ltr'>τοὺς</span> <span class='ocrx_word' id='word_1_377' title='bbox 684 3945 914 4009; x_wconf 87' lang='grc' dir='ltr'>τόπους,</span> <span class='ocrx_word' id='word_1_378' title='bbox 966 3943 1060 3998; x_wconf 69' lang='grc' dir='ltr'>καὶ</span> <span class='ocrx_word' id='word_1_379' title='bbox 1091 3941 1491 4012; x_wconf 86' lang='grc' dir='ltr'>εύκρατοτέραν</span> <span class='ocrx_word' id='word_1_380' title='bbox 1539 3940 1682 4011; x_wconf 73' lang='grc' dir='ltr'>ἔχειν</span> <span class='ocrx_word' id='word_1_381' title='bbox 1741 3938 1838 4011; x_wconf 82' lang='grc' dir='ltr'><strong>τὴν</strong></span> 
     </span>
    </p>
   </div>
   <div class='ocr_carea' id='block_1_56' title="bbox 267 4030 1839 4114">
    <p class='ocr_par' dir='ltr' id='par_1_56' title="bbox 267 4030 1839 4114">
     <span class='ocr_line' id='line_1_56' title="bbox 267 4030 1839 4114; baseline -0.008 -18"><span class='ocrx_word' id='word_1_382' title='bbox 267 4044 486 4114; x_wconf 74' lang='grc' dir='ltr'>οἴκησιν</span> <span class='ocrx_word' id='word_1_383' title='bbox 510 4040 618 4092; x_wconf 85' lang='grc' dir='ltr'>τῶν</span> <span class='ocrx_word' id='word_1_384' title='bbox 650 4039 780 4110; x_wconf 75' lang='grc' dir='ltr'>περὶ</span> <span class='ocrx_word' id='word_1_385' title='bbox 819 4036 889 4090; x_wconf 80' lang='grc' dir='ltr'><strong>τὰ</strong></span> <span class='ocrx_word' id='word_1_386' title='bbox 921 4036 1130 4107; x_wconf 89' lang='grc' dir='ltr'>πέρατα</span> <span class='ocrx_word' id='word_1_387' title='bbox 1157 4035 1251 4105; x_wconf 79' lang='grc' dir='ltr'><strong>τῆς</strong></span> <span class='ocrx_word' id='word_1_388' title='bbox 1278 4033 1712 4103; x_wconf 85' lang='grc' dir='ltr'>διακεκαυμένης</span> <span class='ocrx_word' id='word_1_389' title='bbox 1735 4030 1839 4095; x_wconf 79' lang='grc' dir='ltr'><strong>ζώ-</strong></span> 
     </span>
    </p>
   </div>
   <div class='ocr_carea' id='block_1_57' title="bbox 269 4123 1840 4204">
    <p class='ocr_par' dir='ltr' id='par_1_57' title="bbox 269 4123 1840 4204">
     <span class='ocr_line' id='line_1_57' title="bbox 269 4123 1840 4204; baseline -0.006 -18"><span class='ocrx_word' id='word_1_390' title='bbox 269 4151 368 4204; x_wconf 83' lang='grc' dir='ltr'><strong>νης</strong></span> <span class='ocrx_word' id='word_1_391' title='bbox 397 4131 720 4186; x_wconf 79' lang='grc' dir='ltr'>οἰκούντωνο</span> <span class='ocrx_word' id='word_1_392' title='bbox 761 4130 853 4183; x_wconf 73' lang='grc' dir='ltr'><strong>κα)⁸</strong></span> <span class='ocrx_word' id='word_1_393' title='bbox 885 4126 921 4181; x_wconf 81' lang='grc' dir='ltr'><strong>ἆ</strong></span> <span class='ocrx_word' id='word_1_394' title='bbox 966 4127 1064 4199; x_wconf 80' lang='grc' dir='ltr'>μὲν</span> <span class='ocrx_word' id='word_1_395' title='bbox 1103 4126 1339 4198; x_wconf 85' lang='grc' dir='ltr'>ἱστορίας</span> <span class='ocrx_word' id='word_1_396' title='bbox 1367 4126 1519 4196; x_wconf 85' lang='grc' dir='ltr'>φέρει</span> <span class='ocrx_word' id='word_1_397' title='bbox 1562 4123 1670 4178; x_wconf 86' lang='grc' dir='ltr'>τῶν</span> <span class='ocrx_word' id='word_1_398' title='bbox 1707 4127 1840 4178; x_wconf 62' lang='grc' dir='ltr'>κατέ-</span> 
     </span>
    </p>
   </div>
   <div class='ocr_carea' id='block_1_58' title="bbox 269 4214 1838 4292">
    <p class='ocr_par' dir='ltr' id='par_1_58' title="bbox 269 4214 1838 4292">
     <span class='ocr_line' id='line_1_58' title="bbox 269 4214 1838 4292; baseline -0.007 -12"><span class='ocrx_word' id='word_1_399' title='bbox 269 4225 630 4280; x_wconf 80' lang='grc' dir='ltr'>ωπτευκότων</span> <span class='ocrx_word' id='word_1_400' title='bbox 704 4221 802 4285; x_wconf 78' lang='grc' dir='ltr'>τὰς</span> <span class='ocrx_word' id='word_1_401' title='bbox 853 4221 1124 4292; x_wconf 83' lang='grc' dir='ltr'>οἰκήσεις,</span> <span class='ocrx_word' id='word_1_402' title='bbox 1173 4219 1268 4272; x_wconf 73' lang='grc' dir='ltr'>καὶ</span> <span class='ocrx_word' id='word_1_403' title='bbox 1320 4214 1838 4289; x_wconf 78' lang='grc' dir='ltr'>ἐπιμαρτυρούντων</span> 
     </span>
    </p>
   </div>
   <div class='ocr_carea' id='block_1_59' title="bbox 270 4309 1839 4385">
    <p class='ocr_par' dir='ltr' id='par_1_59' title="bbox 270 4309 1839 4385">
     <span class='ocr_line' id='line_1_59' title="bbox 270 4309 1839 4385; baseline -0.006 -15"><span class='ocrx_word' id='word_1_404' title='bbox 270 4320 382 4380; x_wconf 87' lang='grc' dir='ltr'>τοῖς</span> <span class='ocrx_word' id='word_1_405' title='bbox 411 4315 754 4385; x_wconf 77' lang='grc' dir='ltr'>φαινομένοις</span> <span class='ocrx_word' id='word_1_406' title='bbox 773 4330 788 4345; x_wconf 73' lang='grc' dir='ltr'><strong>ο</strong></span> <span class='ocrx_word' id='word_1_407' title='bbox 818 4313 854 4366; x_wconf 77' lang='grc' dir='ltr'><strong>ἃ</strong></span> <span class='ocrx_word' id='word_1_408' title='bbox 879 4313 936 4366; x_wconf 84' lang='grc' dir='ltr'>δὲ</span> <span class='ocrx_word' id='word_1_409' title='bbox 965 4310 1328 4379; x_wconf 78' lang='grc' dir='ltr'>ὲπιλογίζεται</span> <span class='ocrx_word' id='word_1_410' title='bbox 1361 4311 1453 4363; x_wconf 77' lang='grc' dir='ltr'><strong>ἐπὶ</strong></span> <span class='ocrx_word' id='word_1_411' title='bbox 1480 4311 1578 4380; x_wconf 82' lang='grc' dir='ltr'><strong>τῆς</strong></span> <span class='ocrx_word' id='word_1_412' title='bbox 1603 4309 1839 4379; x_wconf 82' lang='grc' dir='ltr'>φυσικῆς</span> 
     </span>
    </p>
   </div>
   <div class='ocr_carea' id='block_1_60' title="bbox 273 4399 1839 4482">
    <p class='ocr_par' dir='ltr' id='par_1_60' title="bbox 273 4399 1839 4482">
     <span class='ocr_line' id='line_1_60' title="bbox 273 4399 1839 4482; baseline -0.008 -18"><span class='ocrx_word' id='word_1_413' title='bbox 273 4412 400 4482; x_wconf 79' lang='grc' dir='ltr'><strong>περί</strong></span> <span class='ocrx_word' id='word_1_414' title='bbox 430 4410 524 4463; x_wconf 85' lang='grc' dir='ltr'><strong>τὸν</strong></span> <span class='ocrx_word' id='word_1_415' title='bbox 551 4409 699 4479; x_wconf 69' lang='grc' dir='ltr'>ἣλιον</span> <span class='ocrx_word' id='word_1_416' title='bbox 739 4405 1082 4476; x_wconf 84' lang='grc' dir='ltr'>ὑπαρχούσης</span> <span class='ocrx_word' id='word_1_417' title='bbox 1123 4402 1406 4473; x_wconf 85' lang='grc' dir='ltr'>κινήσεως.</span> <span class='ocrx_word' id='word_1_418' title='bbox 1463 4401 1521 4455; x_wconf 83' lang='lat'><strong>&#39;0</strong></span> <span class='ocrx_word' id='word_1_419' title='bbox 1549 4401 1657 4471; x_wconf 84' lang='grc' dir='ltr'>γὰρ</span> <span class='ocrx_word' id='word_1_420' title='bbox 1688 4399 1839 4470; x_wconf 76' lang='grc' dir='ltr'>ἥλιος</span> 
     </span>
    </p>
   </div>
   <div class='ocr_carea' id='block_1_61' title="bbox 1927 1933 3486 2003">
    <p class='ocr_par' dir='ltr' id='par_1_61' title="bbox 1927 1933 3486 2003">
     <span class='ocr_line' id='line_1_61' title="bbox 1927 1933 3486 2003; baseline 0.004 -20"><span class='ocrx_word' id='word_1_421' title='bbox 1927 1937 1981 1983; x_wconf 91' lang='lat' dir='ltr'><strong>et</strong></span> <span class='ocrx_word' id='word_1_422' title='bbox 2021 1933 2264 1999; x_wconf 88' lang='lat' dir='ltr'><strong>occasui,</strong></span> <span class='ocrx_word' id='word_1_423' title='bbox 2311 1933 2577 2003; x_wconf 87' lang='lat' dir='ltr'><strong>putabant</strong></span> <span class='ocrx_word' id='word_1_424' title='bbox 2616 1934 2861 1989; x_wconf 88' lang='lat' dir='ltr'><strong>comburi</strong></span> <span class='ocrx_word' id='word_1_425' title='bbox 2896 1950 2924 1988; x_wconf 88' lang='lat' dir='ltr'><strong>a</strong></span> <span class='ocrx_word' id='word_1_426' title='bbox 2962 1937 3095 1990; x_wconf 90' lang='lat' dir='ltr'><strong>sole.</strong></span> <span class='ocrx_word' id='word_1_427' title='bbox 3153 1933 3276 1990; x_wconf 65' lang='lat' dir='ltr'><strong>Haec</strong></span> <span class='ocrx_word' id='word_1_428' title='bbox 3305 1945 3486 1993; x_wconf 89' lang='lat' dir='ltr'><strong>autem</strong></span> 
     </span>
    </p>
   </div>
   <div class='ocr_carea' id='block_1_62' title="bbox 1927 2023 3488 2100">
    <p class='ocr_par' dir='ltr' id='par_1_62' title="bbox 1927 2023 3488 2100">
     <span class='ocr_line' id='line_1_62' title="bbox 1927 2023 3488 2100; baseline 0.006 -26"><span class='ocrx_word' id='word_1_429' title='bbox 1927 2023 2112 2091; x_wconf 80' lang='lat' dir='ltr'><strong>Opinio</strong></span> <span class='ocrx_word' id='word_1_430' title='bbox 2139 2029 2431 2095; x_wconf 67' lang='lat' dir='ltr'><strong>propositae</strong></span> <span class='ocrx_word' id='word_1_431' title='bbox 2460 2027 2678 2096; x_wconf 88' lang='lat' dir='ltr'><strong>quidem</strong></span> <span class='ocrx_word' id='word_1_432' title='bbox 2707 2027 3054 2097; x_wconf 79' lang='lat' dir='ltr'><strong>dispositioni</strong></span> <span class='ocrx_word' id='word_1_433' title='bbox 3084 2041 3325 2100; x_wconf 87' lang='lat' dir='ltr'><strong>congrua</strong></span> <span class='ocrx_word' id='word_1_434' title='bbox 3359 2036 3444 2084; x_wconf 83' lang='lat' dir='ltr'><strong>est</strong></span> <span class='ocrx_word' id='word_1_435' title='bbox 3469 2045 3488 2097; x_wconf 87' lang='lat'><strong>;</strong></span> 
     </span>
    </p>
   </div>
   <div class='ocr_carea' id='block_1_63' title="bbox 1927 2115 3489 2190">
    <p class='ocr_par' dir='ltr' id='par_1_63' title="bbox 1927 2115 3489 2190">
     <span class='ocr_line' id='line_1_63' title="bbox 1927 2115 3489 2190; baseline 0.003 -20"><span class='ocrx_word' id='word_1_436' title='bbox 1927 2115 2024 2170; x_wconf 89' lang='lat' dir='ltr'><strong>sed</strong></span> <span class='ocrx_word' id='word_1_437' title='bbox 2057 2132 2086 2169; x_wconf 94' lang='lat' dir='ltr'><strong>a</strong></span> <span class='ocrx_word' id='word_1_438' title='bbox 2115 2132 2241 2172; x_wconf 80' lang='lat' dir='ltr'><strong>vera</strong></span> <span class='ocrx_word' id='word_1_439' title='bbox 2276 2120 2616 2189; x_wconf 84' lang='lat' dir='ltr'><strong>naturalique</strong></span> <span class='ocrx_word' id='word_1_440' title='bbox 2657 2120 2880 2190; x_wconf 58' lang='lat' dir='ltr'><strong>sphaerae</strong></span> <span class='ocrx_word' id='word_1_441' title='bbox 2907 2119 3231 2173; x_wconf 82' lang='lat' dir='ltr'><strong>formatione</strong></span> <span class='ocrx_word' id='word_1_442' title='bbox 3259 2127 3341 2174; x_wconf 88' lang='lat' dir='ltr'><strong>est</strong></span> <span class='ocrx_word' id='word_1_443' title='bbox 3359 2119 3489 2175; x_wconf 85' lang='lat' dir='ltr'><strong>alie-</strong></span> 
     </span>
    </p>
   </div>
   <div class='ocr_carea' id='block_1_64' title="bbox 1928 2205 3486 2280">
    <p class='ocr_par' dir='ltr' id='par_1_64' title="bbox 1928 2205 3486 2280">
     <span class='ocr_line' id='line_1_64' title="bbox 1928 2205 3486 2280; baseline 0.004 -22"><span class='ocrx_word' id='word_1_444' title='bbox 1928 2221 2017 2259; x_wconf 88' lang='lat' dir='ltr'><strong>na.</strong></span> <span class='ocrx_word' id='word_1_445' title='bbox 2080 2205 2248 2262; x_wconf 86' lang='lat' dir='ltr'><strong>Terra</strong></span> <span class='ocrx_word' id='word_1_446' title='bbox 2289 2209 2432 2262; x_wconf 90' lang='lat' dir='ltr'><strong>enim</strong></span> <span class='ocrx_word' id='word_1_447' title='bbox 2461 2211 2516 2264; x_wconf 90' lang='lat' dir='ltr'><strong>in</strong></span> <span class='ocrx_word' id='word_1_448' title='bbox 2544 2210 2722 2265; x_wconf 89' lang='lat' dir='ltr'><strong>medio</strong></span> <span class='ocrx_word' id='word_1_449' title='bbox 2761 2212 2982 2280; x_wconf 87' lang='lat' dir='ltr'><strong>ponitur</strong></span> <span class='ocrx_word' id='word_1_450' title='bbox 3016 2211 3251 2265; x_wconf 80' lang='lat' dir='ltr'><strong>universi</strong></span> <span class='ocrx_word' id='word_1_451' title='bbox 3275 2211 3486 2275; x_wconf 89' lang='lat' dir='ltr'><strong>mundi,</strong></span> 
     </span>
    </p>
   </div>
   <div class='ocr_carea' id='block_1_65' title="bbox 1929 2300 3493 2391">
    <p class='ocr_par' dir='ltr' id='par_1_65' title="bbox 1929 2300 3493 2391">
     <span class='ocr_line' id='line_1_65' title="bbox 1929 2300 3493 2391; baseline 0.002 -37"><span class='ocrx_word' id='word_1_452' title='bbox 1929 2300 2199 2370; x_wconf 89' lang='lat' dir='ltr'><strong>habetque</strong></span> <span class='ocrx_word' id='word_1_453' title='bbox 2226 2303 2408 2370; x_wconf 90' lang='lat' dir='ltr'><strong>puncti</strong></span> <span class='ocrx_word' id='word_1_454' title='bbox 2436 2304 2721 2357; x_wconf 90' lang='lat' dir='ltr'><strong>rationem.</strong></span> <span class='ocrx_word' id='word_1_455' title='bbox 2758 2301 2926 2357; x_wconf 85' lang='lat' dir='ltr'><strong>Ortus</strong></span> <span class='ocrx_word' id='word_1_456' title='bbox 2953 2300 3084 2359; x_wconf 87' lang='lat' dir='ltr'><strong>vero</strong></span> <span class='ocrx_word' id='word_1_457' title='bbox 3119 2301 3252 2358; x_wconf 87' lang='lat' dir='ltr'><strong>solis</strong></span> <span class='ocrx_word' id='word_1_458' title='bbox 3303 2311 3355 2356; x_wconf 91' lang='lat' dir='ltr'><strong>et</strong></span> <span class='ocrx_word' id='word_1_459' title='bbox 3403 2318 3493 2391; x_wconf 67' lang='lat' dir='ltr'><strong>pc-</strong></span> 
     </span>
    </p>
   </div>
   <div class='ocr_carea' id='block_1_66' title="bbox 1929 2395 3493 2463">
    <p class='ocr_par' dir='ltr' id='par_1_66' title="bbox 1929 2395 3493 2463">
     <span class='ocr_line' id='line_1_66' title="bbox 1929 2395 3493 2463; baseline 0.002 -15"><span class='ocrx_word' id='word_1_460' title='bbox 1929 2409 2092 2451; x_wconf 91' lang='lat' dir='ltr'><strong>casus</strong></span> <span class='ocrx_word' id='word_1_461' title='bbox 2109 2395 2244 2450; x_wconf 74' lang='lat' dir='ltr'><strong>fiunt</strong></span> <span class='ocrx_word' id='word_1_462' title='bbox 2269 2411 2335 2450; x_wconf 78' lang='lat' dir='ltr'><strong>ex</strong></span> <span class='ocrx_word' id='word_1_463' title='bbox 2362 2397 2584 2462; x_wconf 67' lang='lat' dir='ltr'><strong>aethere,</strong></span> <span class='ocrx_word' id='word_1_464' title='bbox 2628 2405 2682 2452; x_wconf 90' lang='lat' dir='ltr'><strong>et</strong></span> <span class='ocrx_word' id='word_1_465' title='bbox 2730 2397 2786 2452; x_wconf 90' lang='lat' dir='ltr'><strong>in</strong></span> <span class='ocrx_word' id='word_1_466' title='bbox 2833 2399 3053 2463; x_wconf 61' lang='lat' dir='ltr'><strong>aethere,</strong></span> <span class='ocrx_word' id='word_1_467' title='bbox 3081 2411 3206 2451; x_wconf 91' lang='lat' dir='ltr'><strong>cum</strong></span> <span class='ocrx_word' id='word_1_468' title='bbox 3237 2395 3319 2452; x_wconf 93' lang='lat' dir='ltr'><strong>sol</strong></span> <span class='ocrx_word' id='word_1_469' title='bbox 3347 2411 3493 2451; x_wconf 90' lang='lat' dir='ltr'><strong>sem-</strong></span> 
     </span>
    </p>
   </div>
   <div class='ocr_carea' id='block_1_67' title="bbox 1931 2487 3493 2560">
    <p class='ocr_par' dir='ltr' id='par_1_67' title="bbox 1931 2487 3493 2560">
     <span class='ocr_line' id='line_1_67' title="bbox 1931 2487 3493 2560; baseline 0.004 -22"><span class='ocrx_word' id='word_1_470' title='bbox 1931 2501 2026 2554; x_wconf 91' lang='lat' dir='ltr'><strong>per</strong></span> <span class='ocrx_word' id='word_1_471' title='bbox 2049 2487 2328 2556; x_wconf 66' lang='lat' dir='ltr'><strong>aequaliter</strong></span> <span class='ocrx_word' id='word_1_472' title='bbox 2355 2487 2519 2542; x_wconf 89' lang='lat' dir='ltr'><strong>distet</strong></span> <span class='ocrx_word' id='word_1_473' title='bbox 2547 2503 2575 2542; x_wconf 90' lang='lat' dir='ltr'><strong>a</strong></span> <span class='ocrx_word' id='word_1_474' title='bbox 2609 2497 2772 2543; x_wconf 87' lang='lat' dir='ltr'><strong>terra.</strong></span> <span class='ocrx_word' id='word_1_475' title='bbox 2803 2488 2956 2546; x_wconf 89' lang='lat' dir='ltr'><strong>Unde</strong></span> <span class='ocrx_word' id='word_1_476' title='bbox 2985 2491 3256 2560; x_wconf 60' lang='lat' dir='ltr'><strong>praedicta:</strong></span> <span class='ocrx_word' id='word_1_477' title='bbox 3285 2489 3493 2546; x_wconf 67' lang='lat' dir='ltr'><strong>Ethio-</strong></span> 
     </span>
    </p>
   </div>
   <div class='ocr_carea' id='block_1_68' title="bbox 1931 2577 3492 2652">
    <p class='ocr_par' dir='ltr' id='par_1_68' title="bbox 1931 2577 3492 2652">
     <span class='ocr_line' id='line_1_68' title="bbox 1931 2577 3492 2652; baseline 0.004 -22"><span class='ocrx_word' id='word_1_478' title='bbox 1931 2577 2032 2646; x_wconf 71' lang='lat' dir='ltr'><strong>piaa</strong></span> <span class='ocrx_word' id='word_1_479' title='bbox 2056 2592 2163 2631; x_wconf 91' lang='lat' dir='ltr'><strong>non</strong></span> <span class='ocrx_word' id='word_1_480' title='bbox 2196 2585 2323 2631; x_wconf 90' lang='lat' dir='ltr'><strong>sunt</strong></span> <span class='ocrx_word' id='word_1_481' title='bbox 2352 2579 2652 2642; x_wconf 68' lang='lat' dir='ltr'><strong>cogitanda:</strong></span> <span class='ocrx_word' id='word_1_482' title='bbox 2676 2599 2688 2634; x_wconf 91' lang='lat'><strong>:</strong></span> <span class='ocrx_word' id='word_1_483' title='bbox 2717 2597 2837 2650; x_wconf 66' lang='lat' dir='ltr'><strong>quae</strong></span> <span class='ocrx_word' id='word_1_484' title='bbox 2859 2597 2986 2636; x_wconf 89' lang='lat' dir='ltr'><strong>vero</strong></span> <span class='ocrx_word' id='word_1_485' title='bbox 3018 2583 3208 2652; x_wconf 69' lang='lat' dir='ltr'><strong>positae</strong></span> <span class='ocrx_word' id='word_1_486' title='bbox 3239 2591 3367 2638; x_wconf 89' lang='lat' dir='ltr'><strong>sunt</strong></span> <span class='ocrx_word' id='word_1_487' title='bbox 3388 2585 3492 2639; x_wconf 88' lang='lat' dir='ltr'><strong>sub</strong></span> 
     </span>
    </p>
   </div>
   <div class='ocr_carea' id='block_1_69' title="bbox 1931 2670 3494 2742">
    <p class='ocr_par' dir='ltr' id='par_1_69' title="bbox 1931 2670 3494 2742">
     <span class='ocr_line' id='line_1_69' title="bbox 1931 2670 3494 2742; baseline 0.005 -19"><span class='ocrx_word' id='word_1_488' title='bbox 1931 2670 2159 2740; x_wconf 79' lang='lat' dir='ltr'><strong>trapicis</strong></span> <span class='ocrx_word' id='word_1_489' title='bbox 2185 2671 2392 2736; x_wconf 90' lang='lat' dir='ltr'><strong>mundi,</strong></span> <span class='ocrx_word' id='word_1_490' title='bbox 2423 2687 2653 2742; x_wconf 69' lang='lat' dir='ltr'><strong>quaeque</strong></span> <span class='ocrx_word' id='word_1_491' title='bbox 2679 2680 2804 2728; x_wconf 87' lang='lat' dir='ltr'><strong>sunt</strong></span> <span class='ocrx_word' id='word_1_492' title='bbox 2832 2674 2886 2727; x_wconf 93' lang='lat' dir='ltr'><strong>in</strong></span> <span class='ocrx_word' id='word_1_493' title='bbox 2915 2676 3355 2731; x_wconf 75' lang='lat' dir='ltr'><strong>extremitatibus</strong></span> <span class='ocrx_word' id='word_1_494' title='bbox 3385 2685 3494 2730; x_wconf 93' lang='lat' dir='ltr'><strong>tor-</strong></span> 
     </span>
    </p>
   </div>
   <div class='ocr_carea' id='block_1_70' title="bbox 1931 2761 3493 2826">
    <p class='ocr_par' dir='ltr' id='par_1_70' title="bbox 1931 2761 3493 2826">
     <span class='ocr_line' id='line_1_70' title="bbox 1931 2761 3493 2826; baseline 0.004 -12"><span class='ocrx_word' id='word_1_495' title='bbox 1931 2761 2173 2815; x_wconf 86' lang='lat' dir='ltr'><strong>ridarum</strong></span> <span class='ocrx_word' id='word_1_496' title='bbox 2206 2776 2491 2826; x_wconf 88' lang='lat' dir='ltr'><strong>zonarum,</strong></span> <span class='ocrx_word' id='word_1_497' title='bbox 2535 2770 2661 2817; x_wconf 91' lang='lat' dir='ltr'><strong>sunt</strong></span> <span class='ocrx_word' id='word_1_498' title='bbox 2707 2763 3006 2817; x_wconf 87' lang='lat' dir='ltr'><strong>secundum</strong></span> <span class='ocrx_word' id='word_1_499' title='bbox 3053 2772 3328 2820; x_wconf 90' lang='lat' dir='ltr'><strong>naturam.</strong></span> <span class='ocrx_word' id='word_1_500' title='bbox 3388 2765 3493 2821; x_wconf 85' lang='lat' dir='ltr'><strong>Vc-</strong></span> 
     </span>
    </p>
   </div>
   <div class='ocr_carea' id='block_1_71' title="bbox 1933 2853 3492 2924">
    <p class='ocr_par' dir='ltr' id='par_1_71' title="bbox 1933 2853 3492 2924">
     <span class='ocr_line' id='line_1_71' title="bbox 1933 2853 3492 2924; baseline 0.002 -18"><span class='ocrx_word' id='word_1_501' title='bbox 1933 2859 2239 2907; x_wconf 88' lang='lat' dir='ltr'><strong>rumtamen</strong></span> <span class='ocrx_word' id='word_1_502' title='bbox 2269 2867 2381 2907; x_wconf 92' lang='lat' dir='ltr'><strong>non</strong></span> <span class='ocrx_word' id='word_1_503' title='bbox 2419 2859 2504 2908; x_wconf 91' lang='lat' dir='ltr'><strong>est</strong></span> <span class='ocrx_word' id='word_1_504' title='bbox 2541 2853 2886 2924; x_wconf 90' lang='lat' dir='ltr'><strong>cogitandum</strong></span> <span class='ocrx_word' id='word_1_505' title='bbox 2933 2853 3338 2909; x_wconf 86' lang='lat' dir='ltr'><strong>inbabitabilem</strong></span> <span class='ocrx_word' id='word_1_506' title='bbox 3369 2871 3492 2909; x_wconf 86' lang='lat' dir='ltr'><strong>esse</strong></span> 
     </span>
    </p>
   </div>
   <div class='ocr_carea' id='block_1_72' title="bbox 1934 2945 3491 3001">
    <p class='ocr_par' dir='ltr' id='par_1_72' title="bbox 1934 2945 3491 3001">
     <span class='ocr_line' id='line_1_72' title="bbox 1934 2945 3491 3001; baseline 0.001 -2"><span class='ocrx_word' id='word_1_507' title='bbox 1934 2961 2126 3000; x_wconf 86' lang='lat' dir='ltr'><strong>zonam</strong></span> <span class='ocrx_word' id='word_1_508' title='bbox 2179 2945 2463 3000; x_wconf 86' lang='lat' dir='ltr'><strong>torridam.</strong></span> <span class='ocrx_word' id='word_1_509' title='bbox 2512 2945 2632 3000; x_wconf 86' lang='lat' dir='ltr'><strong>Jam</strong></span> <span class='ocrx_word' id='word_1_510' title='bbox 2679 2945 2823 3001; x_wconf 89' lang='lat' dir='ltr'><strong>enim</strong></span> <span class='ocrx_word' id='word_1_511' title='bbox 2872 2945 2939 2999; x_wconf 90' lang='lat' dir='ltr'><strong>ad</strong></span> <span class='ocrx_word' id='word_1_512' title='bbox 2993 2946 3161 3000; x_wconf 91' lang='lat' dir='ltr'><strong>multa</strong></span> <span class='ocrx_word' id='word_1_513' title='bbox 3194 2945 3311 3000; x_wconf 90' lang='lat' dir='ltr'><strong>loca</strong></span> <span class='ocrx_word' id='word_1_514' title='bbox 3342 2961 3491 3000; x_wconf 66' lang='lat' dir='ltr'><strong>zonae</strong></span> 
     </span>
    </p>
   </div>
   <div class='ocr_carea' id='block_1_73' title="bbox 1935 3036 3492 3108">
    <p class='ocr_par' dir='ltr' id='par_1_73' title="bbox 1935 3036 3492 3108">
     <span class='ocr_line' id='line_1_73' title="bbox 1935 3036 3492 3108; baseline 0.001 -18"><span class='ocrx_word' id='word_1_515' title='bbox 1935 3037 2156 3091; x_wconf 67' lang='lat' dir='ltr'><strong>torrida:</strong></span> <span class='ocrx_word' id='word_1_516' title='bbox 2191 3046 2456 3093; x_wconf 90' lang='lat' dir='ltr'><strong>venerunt</strong></span> <span class='ocrx_word' id='word_1_517' title='bbox 2497 3036 2685 3108; x_wconf 79' lang='lat' dir='ltr'><strong>aliqui,</strong></span> <span class='ocrx_word' id='word_1_518' title='bbox 2741 3045 2796 3092; x_wconf 87' lang='lat' dir='ltr'><strong>et</strong></span> <span class='ocrx_word' id='word_1_519' title='bbox 2821 3037 3055 3108; x_wconf 91' lang='lat' dir='ltr'><strong>plurima</strong></span> <span class='ocrx_word' id='word_1_520' title='bbox 3108 3039 3225 3092; x_wconf 90' lang='lat' dir='ltr'><strong>loca</strong></span> <span class='ocrx_word' id='word_1_521' title='bbox 3273 3039 3492 3092; x_wconf 87' lang='lat' dir='ltr'><strong>inventa</strong></span> 
     </span>
    </p>
   </div>
   <div class='ocr_carea' id='block_1_74' title="bbox 1935 3126 2432 3182">
    <p class='ocr_par' dir='ltr' id='par_1_74' title="bbox 1935 3126 2432 3182">
     <span class='ocr_line' id='line_1_74' title="bbox 1935 3126 2432 3182; baseline 0 0"><span class='ocrx_word' id='word_1_522' title='bbox 1935 3135 2062 3182; x_wconf 86' lang='lat' dir='ltr'><strong>sunt</strong></span> <span class='ocrx_word' id='word_1_523' title='bbox 2099 3126 2432 3182; x_wconf 90' lang='lat' dir='ltr'><strong>habitabilia.</strong></span> 
     </span>
    </p>
   </div>
   <div class='ocr_carea' id='block_1_75' title="bbox 2009 3305 3496 3377">
    <p class='ocr_par' dir='ltr' id='par_1_75' title="bbox 2009 3305 3496 3377">
     <span class='ocr_line' id='line_1_75' title="bbox 2009 3305 3496 3377; baseline -0.001 -15"><span class='ocrx_word' id='word_1_524' title='bbox 2009 3305 2160 3362; x_wconf 90' lang='lat' dir='ltr'><strong>Unde</strong></span> <span class='ocrx_word' id='word_1_525' title='bbox 2190 3306 2353 3362; x_wconf 90' lang='lat' dir='ltr'><strong>etiam</strong></span> <span class='ocrx_word' id='word_1_526' title='bbox 2381 3307 2641 3377; x_wconf 83' lang='lat' dir='ltr'><strong>quaeritur</strong></span> <span class='ocrx_word' id='word_1_527' title='bbox 2665 3321 2695 3360; x_wconf 87' lang='lat' dir='ltr'><strong>a</strong></span> <span class='ocrx_word' id='word_1_528' title='bbox 2719 3306 2924 3370; x_wconf 91' lang='lat' dir='ltr'><strong>multis,</strong></span> <span class='ocrx_word' id='word_1_529' title='bbox 2963 3322 3030 3360; x_wconf 90' lang='lat' dir='ltr'><strong>an</strong></span> <span class='ocrx_word' id='word_1_530' title='bbox 3055 3307 3169 3362; x_wconf 86' lang='lat' dir='ltr'><strong>loca</strong></span> <span class='ocrx_word' id='word_1_531' title='bbox 3209 3305 3352 3360; x_wconf 88' lang='lat' dir='ltr'><strong>circa</strong></span> <span class='ocrx_word' id='word_1_532' title='bbox 3380 3321 3496 3360; x_wconf 90' lang='lat' dir='ltr'><strong>mc-</strong></span> 
     </span>
    </p>
   </div>
   <div class='ocr_carea' id='block_1_76' title="bbox 1935 3396 3494 3468">
    <p class='ocr_par' dir='ltr' id='par_1_76' title="bbox 1935 3396 3494 3468">
     <span class='ocr_line' id='line_1_76' title="bbox 1935 3396 3494 3468; baseline 0.001 -17"><span class='ocrx_word' id='word_1_533' title='bbox 1935 3396 2078 3451; x_wconf 89' lang='lat' dir='ltr'><strong>diam</strong></span> <span class='ocrx_word' id='word_1_534' title='bbox 2105 3396 2363 3451; x_wconf 86' lang='lat' dir='ltr'><strong>torridam</strong></span> <span class='ocrx_word' id='word_1_535' title='bbox 2393 3413 2584 3452; x_wconf 89' lang='lat' dir='ltr'><strong>zonam</strong></span> <span class='ocrx_word' id='word_1_536' title='bbox 2627 3399 2737 3452; x_wconf 91' lang='lat' dir='ltr'><strong>sint</strong></span> <span class='ocrx_word' id='word_1_537' title='bbox 2777 3398 2946 3468; x_wconf 86' lang='lat' dir='ltr'><strong>magis</strong></span> <span class='ocrx_word' id='word_1_538' title='bbox 2973 3397 3304 3463; x_wconf 74' lang='lat' dir='ltr'><strong>habitabilis,</strong></span> <span class='ocrx_word' id='word_1_539' title='bbox 3330 3413 3494 3468; x_wconf 88' lang='lat' dir='ltr'><strong>quam</strong></span> 
     </span>
    </p>
   </div>
   <div class='ocr_carea' id='block_1_77' title="bbox 1937 3488 3497 3559">
    <p class='ocr_par' dir='ltr' id='par_1_77' title="bbox 1937 3488 3497 3559">
     <span class='ocr_line' id='line_1_77' title="bbox 1937 3488 3497 3559; baseline 0.001 -18"><span class='ocrx_word' id='word_1_540' title='bbox 1937 3488 2302 3556; x_wconf 73' lang='lat' dir='ltr'><strong>habitationes</strong></span> <span class='ocrx_word' id='word_1_541' title='bbox 2343 3504 2464 3559; x_wconf 73' lang='lat' dir='ltr'><strong>qua:</strong></span> <span class='ocrx_word' id='word_1_542' title='bbox 2502 3491 2772 3544; x_wconf 85' lang='lat' dir='ltr'><strong>exsistunt</strong></span> <span class='ocrx_word' id='word_1_543' title='bbox 2808 3491 2952 3544; x_wconf 89' lang='lat' dir='ltr'><strong>circa</strong></span> <span class='ocrx_word' id='word_1_544' title='bbox 2987 3489 3358 3544; x_wconf 81' lang='lat' dir='ltr'><strong>extremitates</strong></span> <span class='ocrx_word' id='word_1_545' title='bbox 3390 3499 3497 3543; x_wconf 89' lang='lat' dir='ltr'><strong>tor-</strong></span> 
     </span>
    </p>
   </div>
   <div class='ocr_carea' id='block_1_78' title="bbox 1936 3580 3497 3653">
    <p class='ocr_par' dir='ltr' id='par_1_78' title="bbox 1936 3580 3497 3653">
     <span class='ocr_line' id='line_1_78' title="bbox 1936 3580 3497 3653; baseline -0.002 -18"><span class='ocrx_word' id='word_1_546' title='bbox 1936 3581 2066 3635; x_wconf 71' lang='lat' dir='ltr'><strong>ridzn</strong></span> <span class='ocrx_word' id='word_1_547' title='bbox 2090 3596 2260 3636; x_wconf 67' lang='lat' dir='ltr'><strong>zonae.</strong></span> <span class='ocrx_word' id='word_1_548' title='bbox 2287 3581 2544 3653; x_wconf 84' lang='lat' dir='ltr'><strong>Polybius</strong></span> <span class='ocrx_word' id='word_1_549' title='bbox 2565 3582 2728 3652; x_wconf 77' lang='lat' dir='ltr'><strong>igitur</strong></span> <span class='ocrx_word' id='word_1_550' title='bbox 2757 3581 3048 3636; x_wconf 89' lang='lat' dir='ltr'><strong>historicus</strong></span> <span class='ocrx_word' id='word_1_551' title='bbox 3081 3580 3407 3649; x_wconf 89' lang='lat' dir='ltr'><strong>conscripsit</strong></span> <span class='ocrx_word' id='word_1_552' title='bbox 3431 3581 3497 3633; x_wconf 87' lang='lat' dir='ltr'><strong>Ii—</strong></span> 
     </span>
    </p>
   </div>
   <div class='ocr_carea' id='block_1_79' title="bbox 1936 3671 3499 3744">
    <p class='ocr_par' dir='ltr' id='par_1_79' title="bbox 1936 3671 3499 3744">
     <span class='ocr_line' id='line_1_79' title="bbox 1936 3671 3499 3744; baseline 0 -19"><span class='ocrx_word' id='word_1_553' title='bbox 1936 3671 2092 3726; x_wconf 88' lang='lat' dir='ltr'><strong>hrum</strong></span> <span class='ocrx_word' id='word_1_554' title='bbox 2136 3673 2231 3744; x_wconf 91' lang='lat' dir='ltr'><strong>qui</strong></span> <span class='ocrx_word' id='word_1_555' title='bbox 2273 3672 2612 3738; x_wconf 88' lang='lat' dir='ltr'><strong>inscribitur,</strong></span> <span class='ocrx_word' id='word_1_556' title='bbox 2677 3672 2753 3726; x_wconf 87' lang='lat' dir='ltr'><strong>Dc</strong></span> <span class='ocrx_word' id='word_1_557' title='bbox 2807 3672 3128 3727; x_wconf 81' lang='lat' dir='ltr'><strong>habitatione</strong></span> <span class='ocrx_word' id='word_1_558' title='bbox 3159 3673 3302 3726; x_wconf 85' lang='lat' dir='ltr'><strong>circa</strong></span> <span class='ocrx_word' id='word_1_559' title='bbox 3337 3673 3499 3736; x_wconf 80' lang='lat' dir='ltr'><strong>a‘qui-</strong></span> 
     </span>
    </p>
   </div>
   <div class='ocr_carea' id='block_1_80' title="bbox 1937 3760 3495 3842">
    <p class='ocr_par' dir='ltr' id='par_1_80' title="bbox 1937 3760 3495 3842">
     <span class='ocr_line' id='line_1_80' title="bbox 1937 3760 3495 3842; baseline 0.003 -30"><span class='ocrx_word' id='word_1_560' title='bbox 1937 3760 2237 3815; x_wconf 85' lang='lat' dir='ltr'><strong>noctialem.</strong></span> <span class='ocrx_word' id='word_1_561' title='bbox 2295 3760 2421 3816; x_wconf 66' lang='lat' dir='ltr'><strong>Haec</strong></span> <span class='ocrx_word' id='word_1_562' title='bbox 2467 3771 2645 3818; x_wconf 90' lang='lat' dir='ltr'><strong>autem</strong></span> <span class='ocrx_word' id='word_1_563' title='bbox 2695 3770 2778 3817; x_wconf 91' lang='lat' dir='ltr'><strong>est</strong></span> <span class='ocrx_word' id='word_1_564' title='bbox 2813 3763 2867 3816; x_wconf 89' lang='lat' dir='ltr'><strong>in</strong></span> <span class='ocrx_word' id='word_1_565' title='bbox 2901 3762 3075 3816; x_wconf 90' lang='lat' dir='ltr'><strong>media</strong></span> <span class='ocrx_word' id='word_1_566' title='bbox 3102 3763 3305 3818; x_wconf 88' lang='lat' dir='ltr'><strong>torrida</strong></span> <span class='ocrx_word' id='word_1_567' title='bbox 3335 3779 3495 3842; x_wconf 75' lang='lat' dir='ltr'><strong>zona;</strong></span> 
     </span>
    </p>
   </div>
   <div class='ocr_carea' id='block_1_81' title="bbox 1937 3852 3498 3927">
    <p class='ocr_par' dir='ltr' id='par_1_81' title="bbox 1937 3852 3498 3927">
     <span class='ocr_line' id='line_1_81' title="bbox 1937 3852 3498 3927; baseline 0.004 -23"><span class='ocrx_word' id='word_1_568' title='bbox 1937 3859 2100 3922; x_wconf 88' lang='lat' dir='ltr'><strong>atque</strong></span> <span class='ocrx_word' id='word_1_569' title='bbox 2148 3852 2324 3922; x_wconf 90' lang='lat' dir='ltr'><strong>inquit</strong></span> <span class='ocrx_word' id='word_1_570' title='bbox 2369 3852 2600 3908; x_wconf 85' lang='lat' dir='ltr'><strong>habitari</strong></span> <span class='ocrx_word' id='word_1_571' title='bbox 2647 3852 2760 3908; x_wconf 69' lang='lat' dir='ltr'><strong>haec</strong></span> <span class='ocrx_word' id='word_1_572' title='bbox 2796 3853 2937 3917; x_wconf 89' lang='lat' dir='ltr'><strong>loca,</strong></span> <span class='ocrx_word' id='word_1_573' title='bbox 2994 3861 3048 3908; x_wconf 91' lang='lat' dir='ltr'><strong>et</strong></span> <span class='ocrx_word' id='word_1_574' title='bbox 3077 3854 3276 3910; x_wconf 89' lang='lat' dir='ltr'><strong>habere</strong></span> <span class='ocrx_word' id='word_1_575' title='bbox 3323 3855 3498 3927; x_wconf 70' lang='lat' dir='ltr'><strong>magis</strong></span> 
     </span>
    </p>
   </div>
   <div class='ocr_carea' id='block_1_82' title="bbox 1936 3945 3499 4016">
    <p class='ocr_par' dir='ltr' id='par_1_82' title="bbox 1936 3945 3499 4016">
     <span class='ocr_line' id='line_1_82' title="bbox 1936 3945 3499 4016; baseline 0.003 -20"><span class='ocrx_word' id='word_1_576' title='bbox 1936 3950 2291 4014; x_wconf 91' lang='lat' dir='ltr'><strong>temperatam</strong></span> <span class='ocrx_word' id='word_1_577' title='bbox 2319 3945 2729 4009; x_wconf 88' lang='lat' dir='ltr'><strong>habitationem,</strong></span> <span class='ocrx_word' id='word_1_578' title='bbox 2752 3959 2915 4015; x_wconf 91' lang='lat' dir='ltr'><strong>quam</strong></span> <span class='ocrx_word' id='word_1_579' title='bbox 2945 3946 3146 4002; x_wconf 88' lang='lat' dir='ltr'><strong>habent</strong></span> <span class='ocrx_word' id='word_1_580' title='bbox 3167 3947 3201 3999; x_wconf 91' lang='lat' dir='ltr'><strong>ii</strong></span> <span class='ocrx_word' id='word_1_581' title='bbox 3232 3948 3322 4016; x_wconf 89' lang='lat' dir='ltr'><strong>qui</strong></span> <span class='ocrx_word' id='word_1_582' title='bbox 3353 3948 3499 4001; x_wconf 87' lang='lat' dir='ltr'><strong>circa</strong></span> 
     </span>
    </p>
   </div>
   <div class='ocr_carea' id='block_1_83' title="bbox 1936 4036 3500 4109">
    <p class='ocr_par' dir='ltr' id='par_1_83' title="bbox 1936 4036 3500 4109">
     <span class='ocr_line' id='line_1_83' title="bbox 1936 4036 3500 4109; baseline 0.002 -19"><span class='ocrx_word' id='word_1_583' title='bbox 1936 4037 2307 4092; x_wconf 79' lang='lat' dir='ltr'><strong>extremitates</strong></span> <span class='ocrx_word' id='word_1_584' title='bbox 2341 4036 2559 4091; x_wconf 66' lang='lat' dir='ltr'><strong>torrida:</strong></span> <span class='ocrx_word' id='word_1_585' title='bbox 2586 4052 2736 4092; x_wconf 75' lang='lat' dir='ltr'><strong>zona:</strong></span> <span class='ocrx_word' id='word_1_586' title='bbox 2777 4037 3028 4093; x_wconf 91' lang='lat' dir='ltr'><strong>habitant</strong></span> <span class='ocrx_word' id='word_1_587' title='bbox 3059 4054 3071 4089; x_wconf 90' lang='lat'><strong>:</strong></span> <span class='ocrx_word' id='word_1_588' title='bbox 3103 4054 3166 4093; x_wconf 91' lang='lat' dir='ltr'><strong>ac</strong></span> <span class='ocrx_word' id='word_1_589' title='bbox 3195 4039 3387 4109; x_wconf 86' lang='lat' dir='ltr'><strong>partim</strong></span> <span class='ocrx_word' id='word_1_590' title='bbox 3421 4039 3500 4093; x_wconf 89' lang='lat' dir='ltr'><strong>hi-</strong></span> 
     </span>
    </p>
   </div>
   <div class='ocr_carea' id='block_1_84' title="bbox 1938 4127 3498 4200">
    <p class='ocr_par' dir='ltr' id='par_1_84' title="bbox 1938 4127 3498 4200">
     <span class='ocr_line' id='line_1_84' title="bbox 1938 4127 3498 4200; baseline 0.001 -18"><span class='ocrx_word' id='word_1_591' title='bbox 1938 4128 2138 4183; x_wconf 82' lang='lat' dir='ltr'><strong>storias</strong></span> <span class='ocrx_word' id='word_1_592' title='bbox 2169 4127 2324 4183; x_wconf 75' lang='lat' dir='ltr'><strong>aﬂ‘ert</strong></span> <span class='ocrx_word' id='word_1_593' title='bbox 2351 4144 2538 4183; x_wconf 89' lang='lat' dir='ltr'><strong>eorum</strong></span> <span class='ocrx_word' id='word_1_594' title='bbox 2597 4131 2691 4200; x_wconf 91' lang='lat' dir='ltr'><strong>qui</strong></span> <span class='ocrx_word' id='word_1_595' title='bbox 2719 4130 2965 4184; x_wconf 87' lang='lat' dir='ltr'><strong>viderant</strong></span> <span class='ocrx_word' id='word_1_596' title='bbox 2989 4131 3086 4186; x_wconf 86' lang='lat' dir='ltr'><strong>has</strong></span> <span class='ocrx_word' id='word_1_597' title='bbox 3115 4131 3498 4194; x_wconf 88' lang='lat' dir='ltr'><strong>habitationes,</strong></span> 
     </span>
    </p>
   </div>
   <div class='ocr_carea' id='block_1_85' title="bbox 1938 4207 3500 4294">
    <p class='ocr_par' dir='ltr' id='par_1_85' title="bbox 1938 4207 3500 4294">
     <span class='ocr_line' id='line_1_85' title="bbox 1938 4207 3500 4294; baseline 0 -18"><span class='ocrx_word' id='word_1_598' title='bbox 1938 4228 1992 4276; x_wconf 90' lang='lat' dir='ltr'><strong>et</strong></span> <span class='ocrx_word' id='word_1_599' title='bbox 2011 4220 2233 4290; x_wconf 87' lang='lat' dir='ltr'><strong>insuper</strong></span> <span class='ocrx_word' id='word_1_600' title='bbox 2257 4207 2626 4276; x_wconf 84' lang='lat' dir='ltr'><strong>testimonium</strong></span> <span class='ocrx_word' id='word_1_601' title='bbox 2656 4222 2969 4291; x_wconf 84' lang='lat' dir='ltr'><strong>praebebant</strong></span> <span class='ocrx_word' id='word_1_602' title='bbox 2991 4224 3341 4294; x_wconf 87' lang='lat' dir='ltr'><strong>apparentiis;</strong></span> <span class='ocrx_word' id='word_1_603' title='bbox 3373 4239 3500 4292; x_wconf 72' lang='lat' dir='ltr'><strong>par~</strong></span> 
     </span>
    </p>
   </div>
   <div class='ocr_carea' id='block_1_86' title="bbox 1937 4311 3498 4369">
    <p class='ocr_par' dir='ltr' id='par_1_86' title="bbox 1937 4311 3498 4369">
     <span class='ocr_line' id='line_1_86' title="bbox 1937 4311 3498 4369; baseline 0.001 -4"><span class='ocrx_word' id='word_1_604' title='bbox 1937 4311 2032 4365; x_wconf 90' lang='lat' dir='ltr'><strong>tim</strong></span> <span class='ocrx_word' id='word_1_605' title='bbox 2067 4312 2424 4365; x_wconf 91' lang='lat' dir='ltr'><strong>ratiocinatur</strong></span> <span class='ocrx_word' id='word_1_606' title='bbox 2457 4327 2524 4366; x_wconf 79' lang='lat' dir='ltr'><strong>ex</strong></span> <span class='ocrx_word' id='word_1_607' title='bbox 2556 4312 2788 4366; x_wconf 88' lang='lat' dir='ltr'><strong>naturali</strong></span> <span class='ocrx_word' id='word_1_608' title='bbox 2820 4314 2953 4368; x_wconf 86' lang='lat' dir='ltr'><strong>solis</strong></span> <span class='ocrx_word' id='word_1_609' title='bbox 2984 4324 3152 4369; x_wconf 89' lang='lat' dir='ltr'><strong>motu.</strong></span> <span class='ocrx_word' id='word_1_610' title='bbox 3208 4311 3302 4367; x_wconf 85' lang='lat' dir='ltr'><strong>Sol</strong></span> <span class='ocrx_word' id='word_1_611' title='bbox 3353 4314 3498 4367; x_wconf 87' lang='lat' dir='ltr'><strong>enim</strong></span> 
     </span>
    </p>
   </div>
   <div class='ocr_carea' id='block_1_87' title="bbox 1939 4401 3498 4477">
    <p class='ocr_par' dir='ltr' id='par_1_87' title="bbox 1939 4401 3498 4477">
     <span class='ocr_line' id='line_1_87' title="bbox 1939 4401 3498 4477; baseline 0.001 -22"><span class='ocrx_word' id='word_1_612' title='bbox 1939 4403 2084 4456; x_wconf 87' lang='lat' dir='ltr'><strong>circa</strong></span> <span class='ocrx_word' id='word_1_613' title='bbox 2115 4402 2353 4477; x_wconf 87' lang='lat' dir='ltr'><strong>tropicos</strong></span> <span class='ocrx_word' id='word_1_614' title='bbox 2381 4401 2618 4458; x_wconf 91' lang='lat' dir='ltr'><strong>circulos</strong></span> <span class='ocrx_word' id='word_1_615' title='bbox 2643 4403 2801 4474; x_wconf 90' lang='lat' dir='ltr'><strong>longo</strong></span> <span class='ocrx_word' id='word_1_616' title='bbox 2833 4413 3211 4458; x_wconf 88' lang='lat' dir='ltr'><strong>commoratur</strong></span> <span class='ocrx_word' id='word_1_617' title='bbox 3236 4410 3498 4472; x_wconf 88' lang='lat' dir='ltr'><strong>tempore,</strong></span> 
     </span>
    </p>
   </div>
   <div class='ocr_carea' id='block_1_88' title="bbox 276 4491 1832 4582">
    <p class='ocr_par' dir='ltr' id='par_1_88' title="bbox 276 4491 1832 4570">
     <span class='ocr_line' id='line_1_88' title="bbox 276 4491 1832 4570; baseline -0.006 -17"><span class='ocrx_word' id='word_1_618' title='bbox 276 4502 402 4570; x_wconf 85' lang='grc' dir='ltr'><strong>περί</strong></span> <span class='ocrx_word' id='word_1_619' title='bbox 436 4499 535 4570; x_wconf 74' lang='grc' dir='ltr'>μὲν</span> <span class='ocrx_word' id='word_1_620' title='bbox 584 4498 710 4560; x_wconf 80' lang='grc' dir='ltr'>τοὺς</span> <span class='ocrx_word' id='word_1_621' title='bbox 752 4495 1043 4567; x_wconf 79' lang='grc' dir='ltr'>τροπικοὺς</span> <span class='ocrx_word' id='word_1_622' title='bbox 1091 4493 1322 4557; x_wconf 89' lang='grc' dir='ltr'>κύκλους</span> <span class='ocrx_word' id='word_1_623' title='bbox 1371 4492 1536 4545; x_wconf 77' lang='grc' dir='ltr'>πολὺν</span> <span class='ocrx_word' id='word_1_624' title='bbox 1587 4491 1832 4562; x_wconf 72' lang='grc' dir='ltr'>ἐπιμένει</span> 
     </span>
    </p>
   </div>
   <div class='ocr_carea' id='block_1_89' title="bbox 1934 4491 3503 4582">
    <p class='ocr_par' dir='ltr' id='par_1_89' title="bbox 1940 4492 3503 4558">
     <span class='ocr_line' id='line_1_89' title="bbox 1940 4492 3503 4558; baseline 0 -10"><span class='ocrx_word' id='word_1_625' title='bbox 1940 4492 2240 4548; x_wconf 87' lang='lat' dir='ltr'><strong>secundum</strong></span> <span class='ocrx_word' id='word_1_626' title='bbox 2284 4508 2566 4548; x_wconf 90' lang='lat' dir='ltr'><strong>accessum</strong></span> <span class='ocrx_word' id='word_1_627' title='bbox 2601 4493 2668 4548; x_wconf 90' lang='lat' dir='ltr'><strong>ad</strong></span> <span class='ocrx_word' id='word_1_628' title='bbox 2699 4509 2815 4558; x_wconf 90' lang='lat' dir='ltr'><strong>eos,</strong></span> <span class='ocrx_word' id='word_1_629' title='bbox 2849 4503 2902 4548; x_wconf 93' lang='lat' dir='ltr'><strong>et</strong></span> <span class='ocrx_word' id='word_1_630' title='bbox 2930 4495 3252 4558; x_wconf 88' lang='lat' dir='ltr'><strong>discessum,</strong></span> <span class='ocrx_word' id='word_1_631' title='bbox 3293 4502 3352 4547; x_wconf 91' lang='lat' dir='ltr'><strong>ut</strong></span> <span class='ocrx_word' id='word_1_632' title='bbox 3393 4493 3503 4548; x_wconf 83' lang='lat' dir='ltr'><strong>fere</strong></span> 
     </span>
    </p>
   </div>
   <div class='ocr_carea' id='block_1_90' title="bbox 275 4583 1836 4663">
    <p class='ocr_par' dir='ltr' id='par_1_90' title="bbox 275 4583 1836 4663">
     <span class='ocr_line' id='line_1_90' title="bbox 275 4583 1836 4663; baseline -0.006 -18"><span class='ocrx_word' id='word_1_633' title='bbox 275 4592 465 4663; x_wconf 85' lang='grc' dir='ltr'>χρόνον</span> <span class='ocrx_word' id='word_1_634' title='bbox 509 4588 651 4642; x_wconf 76' lang='grc' dir='ltr'>κατὰ</span> <span class='ocrx_word' id='word_1_635' title='bbox 698 4588 797 4658; x_wconf 82' lang='grc' dir='ltr'><strong>τὴν</strong></span> <span class='ocrx_word' id='word_1_636' title='bbox 841 4585 1070 4658; x_wconf 84' lang='grc' dir='ltr'>πάροδον</span> <span class='ocrx_word' id='word_1_637' title='bbox 1113 4585 1160 4617; x_wconf 66' lang='grc'><strong>⁸⁸</strong></span> <span class='ocrx_word' id='word_1_638' title='bbox 1190 4585 1288 4656; x_wconf 86' lang='grc' dir='ltr'>τὴν</span> <span class='ocrx_word' id='word_1_639' title='bbox 1321 4584 1456 4654; x_wconf 83' lang='grc' dir='ltr'>πρὸς</span> <span class='ocrx_word' id='word_1_640' title='bbox 1485 4583 1701 4646; x_wconf 72' lang='grc' dir='ltr'>αὐτοὺς,</span> <span class='ocrx_word' id='word_1_641' title='bbox 1742 4583 1836 4636; x_wconf 80' lang='grc' dir='ltr'><strong>καὶ</strong></span> 
     </span>
    </p>
   </div>
   <div class='ocr_carea' id='block_1_91' title="bbox 275 4674 1837 4754">
    <p class='ocr_par' dir='ltr' id='par_1_91' title="bbox 275 4674 1837 4754">
     <span class='ocr_line' id='line_1_91' title="bbox 275 4674 1837 4754; baseline -0.005 -18"><span class='ocrx_word' id='word_1_642' title='bbox 275 4683 373 4754; x_wconf 81' lang='grc' dir='ltr'>τὴν</span> <span class='ocrx_word' id='word_1_643' title='bbox 409 4679 758 4752; x_wconf 78' lang='grc' dir='ltr'>ἀποχώρησιν</span> <span class='ocrx_word' id='word_1_644' title='bbox 783 4697 796 4710; x_wconf 87' lang='grc'><strong>·</strong></span> <span class='ocrx_word' id='word_1_645' title='bbox 831 4677 970 4732; x_wconf 82' lang='grc' dir='ltr'>ὥστε</span> <span class='ocrx_word' id='word_1_646' title='bbox 1017 4677 1201 4748; x_wconf 78' lang='grc' dir='ltr'>σχεδὸν</span> <span class='ocrx_word' id='word_1_647' title='bbox 1246 4677 1329 4745; x_wconf 77' lang='grc' dir='ltr'><strong>ἐφ’</strong></span> <span class='ocrx_word' id='word_1_648' title='bbox 1353 4677 1560 4746; x_wconf 85' lang='grc' dir='ltr'>ἡμέρας</span> <span class='ocrx_word' id='word_1_649' title='bbox 1595 4682 1647 4746; x_wconf 83' lang='grc' dir='ltr'>μ’</span> <span class='ocrx_word' id='word_1_650' title='bbox 1687 4674 1837 4744; x_wconf 88' lang='grc' dir='ltr'>μένει</span> 
     </span>
    </p>
   </div>
   <div class='ocr_carea' id='block_1_92' title="bbox 276 4764 1837 4846">
    <p class='ocr_par' dir='ltr' id='par_1_92' title="bbox 276 4764 1837 4846">
     <span class='ocr_line' id='line_1_92' title="bbox 276 4764 1837 4846; baseline -0.006 -20"><span class='ocrx_word' id='word_1_651' title='bbox 276 4775 413 4846; x_wconf 84' lang='grc' dir='ltr'>πρὸς</span> <span class='ocrx_word' id='word_1_652' title='bbox 446 4772 694 4843; x_wconf 84' lang='grc' dir='ltr'>αἴσθησιν</span> <span class='ocrx_word' id='word_1_653' title='bbox 743 4771 834 4824; x_wconf 71' lang='grc' dir='ltr'><strong>ἐπὶ</strong></span> <span class='ocrx_word' id='word_1_654' title='bbox 865 4768 1138 4839; x_wconf 86' lang='grc' dir='ltr'>τροπικῶν</span> <span class='ocrx_word' id='word_1_655' title='bbox 1179 4767 1424 4820; x_wconf 87' lang='grc' dir='ltr'>κύκλων·</span> <span class='ocrx_word' id='word_1_656' title='bbox 1459 4766 1524 4818; x_wconf 83' lang='grc' dir='ltr'>δι’</span> <span class='ocrx_word' id='word_1_657' title='bbox 1554 4767 1618 4837; x_wconf 73' lang='grc' dir='ltr'>ἣν</span> <span class='ocrx_word' id='word_1_658' title='bbox 1659 4764 1837 4818; x_wconf 88' lang='grc' dir='ltr'>αἰτίαν</span> 
     </span>
    </p>
   </div>
   <div class='ocr_carea' id='block_1_93' title="bbox 275 4854 1836 4935">
    <p class='ocr_par' dir='ltr' id='par_1_93' title="bbox 275 4854 1836 4935">
     <span class='ocr_line' id='line_1_93' title="bbox 275 4854 1836 4935; baseline -0.008 -17"><span class='ocrx_word' id='word_1_659' title='bbox 275 4866 344 4918; x_wconf 80' lang='grc' dir='ltr'>τὰ</span> <span class='ocrx_word' id='word_1_660' title='bbox 385 4863 590 4935; x_wconf 86' lang='grc' dir='ltr'>μεγέθη</span> <span class='ocrx_word' id='word_1_661' title='bbox 621 4861 729 4916; x_wconf 84' lang='grc' dir='ltr'><strong>τῶν</strong></span> <span class='ocrx_word' id='word_1_662' title='bbox 757 4859 976 4933; x_wconf 78' lang='grc' dir='ltr'>ἡμερῶν</span> <span class='ocrx_word' id='word_1_663' title='bbox 1005 4857 1189 4929; x_wconf 70' lang='grc' dir='ltr'>σχεδὸν</span> <span class='ocrx_word' id='word_1_664' title='bbox 1221 4858 1304 4926; x_wconf 78' lang='grc' dir='ltr'><strong>ἐφ’</strong></span> <span class='ocrx_word' id='word_1_665' title='bbox 1329 4856 1542 4927; x_wconf 80' lang='grc' dir='ltr'>ἡμέρας</span> <span class='ocrx_word' id='word_1_666' title='bbox 1578 4862 1628 4926; x_wconf 86' lang='grc' dir='ltr'>μ’</span> <span class='ocrx_word' id='word_1_667' title='bbox 1660 4854 1836 4908; x_wconf 86' lang='grc' dir='ltr'>ταυτά</span> 
     </span>
    </p>
   </div>
   <div class='ocr_carea' id='block_1_94' title="bbox 277 4945 1836 5028">
    <p class='ocr_par' dir='ltr' id='par_1_94' title="bbox 277 4945 1836 5028">
     <span class='ocr_line' id='line_1_94' title="bbox 277 4945 1836 5028; baseline -0.008 -18"><span class='ocrx_word' id='word_1_668' title='bbox 277 4957 513 5028; x_wconf 86' lang='grc' dir='ltr'>διαμένει</span> <span class='ocrx_word' id='word_1_669' title='bbox 539 4973 554 4986; x_wconf 77' lang='grc' dir='ltr'><strong>ο</strong></span> <span class='ocrx_word' id='word_1_670' title='bbox 588 4953 730 5016; x_wconf 81' lang='grc' dir='ltr'>ὅθεν,</span> <span class='ocrx_word' id='word_1_671' title='bbox 779 4951 1041 5023; x_wconf 76' lang='grc' dir='ltr'>ἐπιμονῆς</span> <span class='ocrx_word' id='word_1_672' title='bbox 1064 4949 1350 5020; x_wconf 87' lang='grc' dir='ltr'>γινομένης</span> <span class='ocrx_word' id='word_1_673' title='bbox 1391 4947 1526 5018; x_wconf 80' lang='grc' dir='ltr'>πρὸς</span> <span class='ocrx_word' id='word_1_674' title='bbox 1557 4945 1656 5009; x_wconf 85' lang='grc' dir='ltr'>τὰς</span> <span class='ocrx_word' id='word_1_675' title='bbox 1682 4946 1836 5016; x_wconf 82' lang='grc' dir='ltr'>οἰκή-</span> 
     </span>
    </p>
   </div>
   <div class='ocr_carea' id='block_1_95' title="bbox 279 5039 1836 5117">
    <p class='ocr_par' dir='ltr' id='par_1_95' title="bbox 279 5039 1836 5117">
     <span class='ocr_line' id='line_1_95' title="bbox 279 5039 1836 5117; baseline -0.008 -15"><span class='ocrx_word' id='word_1_676' title='bbox 279 5066 390 5113; x_wconf 86' lang='grc' dir='ltr'>σεις</span> <span class='ocrx_word' id='word_1_677' title='bbox 435 5047 536 5111; x_wconf 80' lang='grc' dir='ltr'><strong>τὰς</strong></span> <span class='ocrx_word' id='word_1_678' title='bbox 579 5047 835 5117; x_wconf 87' lang='grc' dir='ltr'>κειμένας</span> <span class='ocrx_word' id='word_1_679' title='bbox 863 5045 965 5097; x_wconf 74' lang='grc' dir='ltr'>ὑπὸ</span> <span class='ocrx_word' id='word_1_680' title='bbox 990 5043 1116 5106; x_wconf 78' lang='grc' dir='ltr'>τοὺς</span> <span class='ocrx_word' id='word_1_681' title='bbox 1141 5041 1451 5113; x_wconf 75' lang='grc' dir='ltr'>τροπικοὺς,</span> <span class='ocrx_word' id='word_1_682' title='bbox 1479 5039 1690 5110; x_wconf 81' lang='grc' dir='ltr'>ἀνάγκη</span> <span class='ocrx_word' id='word_1_683' title='bbox 1735 5039 1836 5090; x_wconf 86' lang='grc' dir='ltr'><strong>ὲκ-</strong></span> 
     </span>
    </p>
   </div>
   <div class='ocr_carea' id='block_1_96' title="bbox 282 5129 1836 5211">
    <p class='ocr_par' dir='ltr' id='par_1_96' title="bbox 282 5129 1836 5211">
     <span class='ocr_line' id='line_1_96' title="bbox 282 5129 1836 5211; baseline -0.006 -18"><span class='ocrx_word' id='word_1_684' title='bbox 282 5137 581 5211; x_wconf 79' lang='grc' dir='ltr'>πυροῦσθαι</span> <span class='ocrx_word' id='word_1_685' title='bbox 627 5137 724 5209; x_wconf 80' lang='grc' dir='ltr'><strong>την</strong></span> <span class='ocrx_word' id='word_1_686' title='bbox 765 5135 998 5207; x_wconf 78' lang='grc' dir='ltr'>οἴκησιν,</span> <span class='ocrx_word' id='word_1_687' title='bbox 1033 5135 1124 5187; x_wconf 66' lang='grc' dir='ltr'>καὶ</span> <span class='ocrx_word' id='word_1_688' title='bbox 1157 5133 1408 5203; x_wconf 82' lang='grc' dir='ltr'>ἀοίκητον</span> <span class='ocrx_word' id='word_1_689' title='bbox 1455 5129 1699 5198; x_wconf 83' lang='grc' dir='ltr'>γίνεσθαι</span> <span class='ocrx_word' id='word_1_690' title='bbox 1746 5130 1836 5186; x_wconf 82' lang='grc' dir='ltr'><strong>διά</strong></span> 
     </span>
    </p>
   </div>
   <div class='ocr_carea' id='block_1_97' title="bbox 279 5225 1837 5303">
    <p class='ocr_par' dir='ltr' id='par_1_97' title="bbox 279 5225 1837 5303">
     <span class='ocr_line' id='line_1_97' title="bbox 279 5225 1837 5303; baseline -0.004 -18"><span class='ocrx_word' id='word_1_691' title='bbox 279 5232 372 5303; x_wconf 77' lang='grc' dir='ltr'>τὴν</span> <span class='ocrx_word' id='word_1_692' title='bbox 403 5230 498 5284; x_wconf 79' lang='grc' dir='ltr'>τοῦ</span> <span class='ocrx_word' id='word_1_693' title='bbox 522 5231 802 5300; x_wconf 89' lang='grc' dir='ltr'>καύματος</span> <span class='ocrx_word' id='word_1_694' title='bbox 831 5227 1154 5300; x_wconf 84' lang='grc' dir='ltr'>ὑπερϐολήν.</span> <span class='ocrx_word' id='word_1_695' title='bbox 1215 5225 1346 5280; x_wconf 82' lang='grc' dir='ltr'>Ἀπὸ</span> <span class='ocrx_word' id='word_1_696' title='bbox 1371 5226 1428 5280; x_wconf 81' lang='grc' dir='ltr'>δὲ</span> <span class='ocrx_word' id='word_1_697' title='bbox 1455 5225 1548 5278; x_wconf 77' lang='grc' dir='ltr'>τοῦ</span> <span class='ocrx_word' id='word_1_698' title='bbox 1589 5229 1837 5297; x_wconf 87' lang='grc' dir='ltr'>ἰσημερι-</span> 
     </span>
    </p>
   </div>
   <div class='ocr_carea' id='block_1_98' title="bbox 281 5316 1840 5392">
    <p class='ocr_par' dir='ltr' id='par_1_98' title="bbox 281 5316 1840 5392">
     <span class='ocr_line' id='line_1_98' title="bbox 281 5316 1840 5392; baseline -0.004 -17"><span class='ocrx_word' id='word_1_699' title='bbox 281 5323 370 5375; x_wconf 71' lang='grc' dir='ltr'>νοῧ</span> <span class='ocrx_word' id='word_1_700' title='bbox 404 5320 605 5375; x_wconf 87' lang='grc' dir='ltr'>κύκλου</span> <span class='ocrx_word' id='word_1_701' title='bbox 646 5319 863 5392; x_wconf 85' lang='grc' dir='ltr'>ταχείας</span> <span class='ocrx_word' id='word_1_702' title='bbox 904 5317 1184 5390; x_wconf 89' lang='grc' dir='ltr'>συμϐαίνει</span> <span class='ocrx_word' id='word_1_703' title='bbox 1218 5318 1315 5381; x_wconf 82' lang='grc' dir='ltr'>τὰς</span> <span class='ocrx_word' id='word_1_704' title='bbox 1347 5317 1727 5388; x_wconf 83' lang='grc' dir='ltr'>ἀποχωρήσεις</span> <span class='ocrx_word' id='word_1_705' title='bbox 1755 5316 1840 5384; x_wconf 85' lang='grc' dir='ltr'>γί-</span> 
     </span>
    </p>
   </div>
   <div class='ocr_carea' id='block_1_99' title="bbox 281 5406 1840 5483">
    <p class='ocr_par' dir='ltr' id='par_1_99' title="bbox 281 5406 1840 5483">
     <span class='ocr_line' id='line_1_99' title="bbox 281 5406 1840 5483; baseline -0.006 -13"><span class='ocrx_word' id='word_1_706' title='bbox 281 5415 493 5470; x_wconf 85' lang='grc' dir='ltr'>νεσθαι·</span> <span class='ocrx_word' id='word_1_707' title='bbox 538 5413 657 5468; x_wconf 84' lang='grc' dir='ltr'>ὅθεν</span> <span class='ocrx_word' id='word_1_708' title='bbox 700 5415 793 5467; x_wconf 74' lang='grc' dir='ltr'><strong>καὶ</strong></span> <span class='ocrx_word' id='word_1_709' title='bbox 825 5413 892 5466; x_wconf 83' lang='grc' dir='ltr'><strong>τά</strong></span> <span class='ocrx_word' id='word_1_710' title='bbox 930 5411 1129 5483; x_wconf 84' lang='grc' dir='ltr'>μεγέθη</span> <span class='ocrx_word' id='word_1_711' title='bbox 1155 5410 1260 5463; x_wconf 85' lang='grc' dir='ltr'>τῶν</span> <span class='ocrx_word' id='word_1_712' title='bbox 1299 5408 1522 5481; x_wconf 77' lang='grc' dir='ltr'>ἡμερῶν</span> <span class='ocrx_word' id='word_1_713' title='bbox 1569 5409 1698 5479; x_wconf 75' lang='grc' dir='ltr'>περὶ</span> <span class='ocrx_word' id='word_1_714' title='bbox 1741 5406 1840 5470; x_wconf 79' lang='grc' dir='ltr'>τὰς</span> 
     </span>
    </p>
   </div>
   <div class='ocr_carea' id='block_1_100' title="bbox 285 5498 1840 5578">
    <p class='ocr_par' dir='ltr' id='par_1_100' title="bbox 285 5498 1840 5578">
     <span class='ocr_line' id='line_1_100' title="bbox 285 5498 1840 5578; baseline -0.005 -19"><span class='ocrx_word' id='word_1_715' title='bbox 285 5506 569 5578; x_wconf 80' lang='grc' dir='ltr'>ἰσημερίας</span> <span class='ocrx_word' id='word_1_716' title='bbox 601 5505 840 5576; x_wconf 63' lang='grc' dir='ltr'>μεγάλας</span> <span class='ocrx_word' id='word_1_717' title='bbox 873 5504 1135 5574; x_wconf 82' lang='grc' dir='ltr'>λαμϐάνει</span> <span class='ocrx_word' id='word_1_718' title='bbox 1168 5503 1266 5565; x_wconf 84' lang='grc' dir='ltr'>τὰς</span> <span class='ocrx_word' id='word_1_719' title='bbox 1297 5499 1688 5572; x_wconf 76' lang='grc' dir='ltr'>παραυξήσεις.</span> <span class='ocrx_word' id='word_1_720' title='bbox 1735 5498 1840 5553; x_wconf 76' lang='grc' dir='ltr'><strong>Εὕ-</strong></span> 
     </span>
    </p>
   </div>
   <div class='ocr_carea' id='block_1_101' title="bbox 283 5594 1842 5670">
    <p class='ocr_par' dir='ltr' id='par_1_101' title="bbox 283 5594 1842 5670">
     <span class='ocr_line' id='line_1_101' title="bbox 283 5594 1842 5670; baseline -0.006 -14"><span class='ocrx_word' id='word_1_721' title='bbox 283 5599 432 5670; x_wconf 83' lang='grc' dir='ltr'>λογον</span> <span class='ocrx_word' id='word_1_722' title='bbox 463 5596 557 5653; x_wconf 76' lang='grc' dir='ltr'>οὖν</span> <span class='ocrx_word' id='word_1_723' title='bbox 600 5600 821 5664; x_wconf 78' lang='grc' dir='ltr'>καὶτὰς</span> <span class='ocrx_word' id='word_1_724' title='bbox 859 5598 961 5651; x_wconf 81' lang='grc' dir='ltr'><strong>ὑπὸ</strong></span> <span class='ocrx_word' id='word_1_725' title='bbox 986 5597 1077 5649; x_wconf 77' lang='grc' dir='ltr'><strong>τὸν</strong></span> <span class='ocrx_word' id='word_1_726' title='bbox 1122 5595 1428 5667; x_wconf 83' lang='grc' dir='ltr'>ἰσημερινὸν</span> <span class='ocrx_word' id='word_1_727' title='bbox 1466 5595 1722 5668; x_wconf 84' lang='grc' dir='ltr'>κειμένας</span> <span class='ocrx_word' id='word_1_728' title='bbox 1765 5594 1842 5647; x_wconf 87' lang='grc' dir='ltr'>οἰ-</span> 
     </span>
    </p>
   </div>
   <div class='ocr_carea' id='block_1_102' title="bbox 349 5751 829 5826">
    <p class='ocr_par' dir='ltr' id='par_1_102' title="bbox 349 5751 829 5826">
     <span class='ocr_line' id='line_1_102' title="bbox 349 5751 829 5826; baseline -0.004 -19"><span class='ocrx_word' id='word_1_729' title='bbox 349 5756 396 5788; x_wconf 74' lang='lat'>”</span> <span class='ocrx_word' id='word_1_730' title='bbox 423 5772 510 5824; x_wconf 68' lang='grc' dir='ltr'><strong>π).</strong></span> <span class='ocrx_word' id='word_1_731' title='bbox 553 5751 829 5826; x_wconf 69' lang='grc' dir='ltr'>πρόσοδον.</span> 
     </span>
    </p>
   </div>
   <div class='ocr_carea' id='block_1_103' title="bbox 599 5848 1260 5914">
    <p class='ocr_par' dir='ltr' id='par_1_103' title="bbox 599 5848 1260 5914">
     <span class='ocr_line' id='line_1_103' title="bbox 599 5848 1260 5914; baseline -0.003 0"><span class='ocrx_word' id='word_1_732' title='bbox 599 5850 872 5914; x_wconf 78' lang='grc' dir='ltr'>ΡΑτιιοι..</span> <span class='ocrx_word' id='word_1_733' title='bbox 912 5848 1032 5911; x_wconf 75' lang='lat' dir='ltr'><strong>Gn.</strong></span> <span class='ocrx_word' id='word_1_734' title='bbox 1089 5848 1260 5912; x_wconf 69' lang='lat' dir='ltr'><strong>XIX;</strong></span> 
     </span>
    </p>
   </div>
   <div class='ocr_carea' id='block_1_104' title="bbox 1944 4582 3499 4658">
    <p class='ocr_par' dir='ltr' id='par_1_104' title="bbox 1944 4582 3499 4658">
     <span class='ocr_line' id='line_1_104' title="bbox 1944 4582 3499 4658; baseline 0.005 -23"><span class='ocrx_word' id='word_1_735' title='bbox 1944 4582 2008 4635; x_wconf 91' lang='lat' dir='ltr'><strong>ad</strong></span> <span class='ocrx_word' id='word_1_736' title='bbox 2069 4583 2188 4640; x_wconf 89' lang='lat' dir='ltr'><strong>dies</strong></span> <span class='ocrx_word' id='word_1_737' title='bbox 2238 4586 2594 4656; x_wconf 79' lang='lat' dir='ltr'><strong>quadraginta</strong></span> <span class='ocrx_word' id='word_1_738' title='bbox 2625 4586 2730 4656; x_wconf 76' lang='lat'><strong>32</strong></span> <span class='ocrx_word' id='word_1_739' title='bbox 2763 4595 2999 4651; x_wconf 88' lang='lat' dir='ltr'><strong>maneat,</strong></span> <span class='ocrx_word' id='word_1_740' title='bbox 3044 4587 3221 4658; x_wconf 91' lang='lat' dir='ltr'><strong>quoad</strong></span> <span class='ocrx_word' id='word_1_741' title='bbox 3255 4601 3499 4649; x_wconf 86' lang='lat' dir='ltr'><strong>sensum,</strong></span> 
     </span>
    </p>
   </div>
   <div class='ocr_carea' id='block_1_105' title="bbox 1944 4671 3505 4746">
    <p class='ocr_par' dir='ltr' id='par_1_105' title="bbox 1944 4671 3505 4746">
     <span class='ocr_line' id='line_1_105' title="bbox 1944 4671 3505 4746; baseline 0.001 -20"><span class='ocrx_word' id='word_1_742' title='bbox 1944 4671 1998 4726; x_wconf 89' lang='lat' dir='ltr'><strong>in</strong></span> <span class='ocrx_word' id='word_1_743' title='bbox 2044 4672 2270 4741; x_wconf 90' lang='lat' dir='ltr'><strong>tropicis</strong></span> <span class='ocrx_word' id='word_1_744' title='bbox 2316 4674 2556 4729; x_wconf 87' lang='lat' dir='ltr'><strong>circulis.</strong></span> <span class='ocrx_word' id='word_1_745' title='bbox 2605 4674 2777 4740; x_wconf 85' lang='lat' dir='ltr'><strong>Quam</strong></span> <span class='ocrx_word' id='word_1_746' title='bbox 2817 4675 2888 4730; x_wconf 92' lang='lat' dir='ltr'><strong>ob</strong></span> <span class='ocrx_word' id='word_1_747' title='bbox 2925 4689 3150 4731; x_wconf 85' lang='lat' dir='ltr'><strong>causam</strong></span> <span class='ocrx_word' id='word_1_748' title='bbox 3178 4675 3505 4746; x_wconf 84' lang='lat' dir='ltr'><strong>magnitudi-</strong></span> 
     </span>
    </p>
   </div>
   <div class='ocr_carea' id='block_1_106' title="bbox 1941 4762 3506 4821">
    <p class='ocr_par' dir='ltr' id='par_1_106' title="bbox 1941 4762 3506 4821">
     <span class='ocr_line' id='line_1_106' title="bbox 1941 4762 3506 4821; baseline 0.003 -5"><span class='ocrx_word' id='word_1_749' title='bbox 1941 4777 2040 4816; x_wconf 89' lang='lat' dir='ltr'><strong>nes</strong></span> <span class='ocrx_word' id='word_1_750' title='bbox 2069 4762 2278 4816; x_wconf 89' lang='lat' dir='ltr'><strong>dierum</strong></span> <span class='ocrx_word' id='word_1_751' title='bbox 2323 4763 2435 4819; x_wconf 80' lang='lat' dir='ltr'><strong>fere</strong></span> <span class='ocrx_word' id='word_1_752' title='bbox 2465 4765 2531 4819; x_wconf 91' lang='lat' dir='ltr'><strong>ad</strong></span> <span class='ocrx_word' id='word_1_753' title='bbox 2558 4765 2674 4821; x_wconf 89' lang='lat' dir='ltr'><strong>dies</strong></span> <span class='ocrx_word' id='word_1_754' title='bbox 2707 4766 2776 4820; x_wconf 76' lang='grc'><strong>40</strong></span> <span class='ocrx_word' id='word_1_755' title='bbox 2814 4774 3034 4820; x_wconf 88' lang='lat' dir='ltr'><strong>manent</strong></span> <span class='ocrx_word' id='word_1_756' title='bbox 3067 4765 3287 4821; x_wconf 84' lang='lat' dir='ltr'><strong>eaedem.</strong></span> <span class='ocrx_word' id='word_1_757' title='bbox 3349 4766 3506 4821; x_wconf 83' lang='lat' dir='ltr'><strong>Unde</strong></span> 
     </span>
    </p>
   </div>
   <div class='ocr_carea' id='block_1_107' title="bbox 1944 4856 3601 4927">
    <p class='ocr_par' dir='ltr' id='par_1_107' title="bbox 1944 4856 3601 4927">
     <span class='ocr_line' id='line_1_107' title="bbox 1944 4856 3601 4927; baseline 0.001 -17"><span class='ocrx_word' id='word_1_758' title='bbox 1944 4870 2066 4910; x_wconf 86' lang='lat' dir='ltr'><strong>cum</strong></span> <span class='ocrx_word' id='word_1_759' title='bbox 2115 4871 2264 4910; x_wconf 90' lang='lat' dir='ltr'><strong>mora</strong></span> <span class='ocrx_word' id='word_1_760' title='bbox 2291 4856 2384 4911; x_wconf 83' lang='lat' dir='ltr'><strong>ﬁat</strong></span> <span class='ocrx_word' id='word_1_761' title='bbox 2414 4857 2480 4910; x_wconf 90' lang='lat' dir='ltr'><strong>ad</strong></span> <span class='ocrx_word' id='word_1_762' title='bbox 2521 4858 2642 4912; x_wconf 92' lang='lat' dir='ltr'><strong>illas</strong></span> <span class='ocrx_word' id='word_1_763' title='bbox 2694 4857 3054 4913; x_wconf 86' lang='lat' dir='ltr'><strong>habitationes</strong></span> <span class='ocrx_word' id='word_1_764' title='bbox 3083 4873 3204 4927; x_wconf 63' lang='lat' dir='ltr'><strong>quae</strong></span> <span class='ocrx_word' id='word_1_765' title='bbox 3226 4859 3346 4912; x_wconf 65' lang='lat' dir='ltr'><strong>sita:</strong></span> <span class='ocrx_word' id='word_1_766' title='bbox 3374 4866 3505 4912; x_wconf 89' lang='lat' dir='ltr'><strong>sunt</strong></span> <span class='ocrx_word' id='word_1_767' title='bbox 3596 4857 3601 4862; x_wconf 84' lang='grc'><strong>’</strong></span> 
     </span>
    </p>
   </div>
   <div class='ocr_carea' id='block_1_108' title="bbox 1947 4947 3503 5017">
    <p class='ocr_par' dir='ltr' id='par_1_108' title="bbox 1947 4947 3503 5017">
     <span class='ocr_line' id='line_1_108' title="bbox 1947 4947 3503 5017; baseline 0 -16"><span class='ocrx_word' id='word_1_768' title='bbox 1947 4947 2049 5001; x_wconf 92' lang='lat' dir='ltr'><strong>sub</strong></span> <span class='ocrx_word' id='word_1_769' title='bbox 2092 4947 2338 5017; x_wconf 88' lang='lat' dir='ltr'><strong>tropicis,</strong></span> <span class='ocrx_word' id='word_1_770' title='bbox 2383 4964 2608 5005; x_wconf 90' lang='lat' dir='ltr'><strong>necesse</strong></span> <span class='ocrx_word' id='word_1_771' title='bbox 2649 4958 2734 5004; x_wconf 91' lang='lat' dir='ltr'><strong>est</strong></span> <span class='ocrx_word' id='word_1_772' title='bbox 2783 4957 2843 5002; x_wconf 90' lang='lat' dir='ltr'><strong>ut</strong></span> <span class='ocrx_word' id='word_1_773' title='bbox 2871 4949 3066 5015; x_wconf 74' lang='lat' dir='ltr'><strong>ardore</strong></span> <span class='ocrx_word' id='word_1_774' title='bbox 3088 4955 3360 5004; x_wconf 89' lang='lat' dir='ltr'><strong>torreatur</strong></span> <span class='ocrx_word' id='word_1_775' title='bbox 3389 4948 3503 5002; x_wconf 63' lang='lat' dir='ltr'><strong>haec</strong></span> 
     </span>
    </p>
   </div>
   <div class='ocr_carea' id='block_1_109' title="bbox 1945 5038 3506 5111">
    <p class='ocr_par' dir='ltr' id='par_1_109' title="bbox 1945 5038 3506 5111">
     <span class='ocr_line' id='line_1_109' title="bbox 1945 5038 3506 5111; baseline 0.001 -18"><span class='ocrx_word' id='word_1_776' title='bbox 1945 5038 2227 5101; x_wconf 85' lang='lat' dir='ltr'><strong>habitatio,</strong></span> <span class='ocrx_word' id='word_1_777' title='bbox 2262 5049 2424 5109; x_wconf 90' lang='lat' dir='ltr'><strong>atque</strong></span> <span class='ocrx_word' id='word_1_778' title='bbox 2456 5040 2827 5095; x_wconf 84' lang='lat' dir='ltr'><strong>inhabitabilis</strong></span> <span class='ocrx_word' id='word_1_779' title='bbox 2857 5040 2948 5095; x_wconf 81' lang='lat' dir='ltr'><strong>ﬁat</strong></span> <span class='ocrx_word' id='word_1_780' title='bbox 2987 5047 3206 5111; x_wconf 86' lang='lat' dir='ltr'><strong>propter</strong></span> <span class='ocrx_word' id='word_1_781' title='bbox 3233 5048 3400 5095; x_wconf 61' lang='lat' dir='ltr'><strong>aestus</strong></span> <span class='ocrx_word' id='word_1_782' title='bbox 3419 5055 3506 5094; x_wconf 52' lang='lat' dir='ltr'><strong>ex.</strong></span> 
     </span>
    </p>
   </div>
   <div class='ocr_carea' id='block_1_110' title="bbox 1945 5131 3508 5204">
    <p class='ocr_par' dir='ltr' id='par_1_110' title="bbox 1945 5131 3508 5204">
     <span class='ocr_line' id='line_1_110' title="bbox 1945 5131 3508 5204; baseline 0 -18"><span class='ocrx_word' id='word_1_783' title='bbox 1945 5145 2180 5187; x_wconf 86' lang='lat' dir='ltr'><strong>cessum.</strong></span> <span class='ocrx_word' id='word_1_784' title='bbox 2234 5132 2303 5184; x_wconf 82' lang='lat' dir='ltr'><strong>At</strong></span> <span class='ocrx_word' id='word_1_785' title='bbox 2341 5131 2410 5186; x_wconf 90' lang='lat' dir='ltr'><strong>ab</strong></span> <span class='ocrx_word' id='word_1_786' title='bbox 2440 5133 2802 5204; x_wconf 66' lang='lat' dir='ltr'><strong>aequinoctiali</strong></span> <span class='ocrx_word' id='word_1_787' title='bbox 2835 5133 3042 5189; x_wconf 91' lang='lat' dir='ltr'><strong>circulo</strong></span> <span class='ocrx_word' id='word_1_788' title='bbox 3066 5134 3335 5204; x_wconf 90' lang='lat' dir='ltr'><strong>contingit</strong></span> <span class='ocrx_word' id='word_1_789' title='bbox 3359 5133 3508 5199; x_wconf 85' lang='lat' dir='ltr'><strong>velo-</strong></span> 
     </span>
    </p>
   </div>
   <div class='ocr_carea' id='block_1_111' title="bbox 1944 5221 3504 5294">
    <p class='ocr_par' dir='ltr' id='par_1_111' title="bbox 1944 5221 3504 5294">
     <span class='ocr_line' id='line_1_111' title="bbox 1944 5221 3504 5294; baseline -0.001 -17"><span class='ocrx_word' id='word_1_790' title='bbox 1944 5237 2037 5278; x_wconf 85' lang='lat' dir='ltr'><strong>ces</strong></span> <span class='ocrx_word' id='word_1_791' title='bbox 2065 5222 2180 5278; x_wconf 82' lang='lat' dir='ltr'><strong>ﬁeri</strong></span> <span class='ocrx_word' id='word_1_792' title='bbox 2207 5221 2523 5279; x_wconf 88' lang='lat' dir='ltr'><strong>discessus:</strong></span> <span class='ocrx_word' id='word_1_793' title='bbox 2570 5224 2712 5279; x_wconf 90' lang='lat' dir='ltr'><strong>unde</strong></span> <span class='ocrx_word' id='word_1_794' title='bbox 2737 5224 2902 5277; x_wconf 89' lang='lat' dir='ltr'><strong>etiam</strong></span> <span class='ocrx_word' id='word_1_795' title='bbox 2931 5223 3335 5294; x_wconf 75' lang='lat' dir='ltr'><strong>magnitudines</strong></span> <span class='ocrx_word' id='word_1_796' title='bbox 3385 5222 3504 5278; x_wconf 88' lang='lat' dir='ltr'><strong>die-</strong></span> 
     </span>
    </p>
   </div>
   <div class='ocr_carea' id='block_1_112' title="bbox 1939 5315 3500 5385">
    <p class='ocr_par' dir='ltr' id='par_1_112' title="bbox 1939 5315 3500 5385">
     <span class='ocr_line' id='line_1_112' title="bbox 1939 5315 3500 5385; baseline -0.002 -16"><span class='ocrx_word' id='word_1_797' title='bbox 1939 5329 2063 5369; x_wconf 89' lang='lat' dir='ltr'><strong>rum</strong></span> <span class='ocrx_word' id='word_1_798' title='bbox 2111 5315 2259 5370; x_wconf 91' lang='lat' dir='ltr'><strong>circa</strong></span> <span class='ocrx_word' id='word_1_799' title='bbox 2309 5316 2631 5385; x_wconf 53' lang='lat' dir='ltr'><strong>aequinoctia</strong></span> <span class='ocrx_word' id='word_1_800' title='bbox 2665 5330 2856 5385; x_wconf 85' lang='lat' dir='ltr'><strong>magna</strong></span> <span class='ocrx_word' id='word_1_801' title='bbox 2878 5315 3100 5385; x_wconf 89' lang='lat' dir='ltr'><strong>capiunt</strong></span> <span class='ocrx_word' id='word_1_802' title='bbox 3143 5315 3500 5369; x_wconf 81' lang='lat' dir='ltr'><strong>incrementa.</strong></span> 
     </span>
    </p>
   </div>
   <div class='ocr_carea' id='block_1_113' title="bbox 1940 5406 3500 5478">
    <p class='ocr_par' dir='ltr' id='par_1_113' title="bbox 1940 5406 3500 5478">
     <span class='ocr_line' id='line_1_113' title="bbox 1940 5406 3500 5478; baseline -0.001 -16"><span class='ocrx_word' id='word_1_803' title='bbox 1940 5407 2382 5463; x_wconf 88' lang='lat' dir='ltr'><strong>Consentaneum</strong></span> <span class='ocrx_word' id='word_1_804' title='bbox 2430 5409 2706 5478; x_wconf 78' lang='lat' dir='ltr'><strong>estigitur</strong></span> <span class='ocrx_word' id='word_1_805' title='bbox 2755 5423 2850 5462; x_wconf 90' lang='lat' dir='ltr'><strong>eas</strong></span> <span class='ocrx_word' id='word_1_806' title='bbox 2894 5409 3054 5462; x_wconf 90' lang='lat' dir='ltr'><strong>etiam</strong></span> <span class='ocrx_word' id='word_1_807' title='bbox 3115 5406 3500 5467; x_wconf 87' lang='lat' dir='ltr'><strong>habitationes,</strong></span> 
     </span>
    </p>
   </div>
   <div class='ocr_carea' id='block_1_114' title="bbox 1938 5498 3495 5568">
    <p class='ocr_par' dir='ltr' id='par_1_114' title="bbox 1938 5498 3495 5568">
     <span class='ocr_line' id='line_1_114' title="bbox 1938 5498 3495 5568; baseline -0.003 -14"><span class='ocrx_word' id='word_1_808' title='bbox 1938 5513 2063 5568; x_wconf 69' lang='lat' dir='ltr'><strong>qua:</strong></span> <span class='ocrx_word' id='word_1_809' title='bbox 2095 5506 2222 5554; x_wconf 88' lang='lat' dir='ltr'><strong>sunt</strong></span> <span class='ocrx_word' id='word_1_810' title='bbox 2250 5500 2367 5554; x_wconf 80' lang='lat' dir='ltr'><strong>sita:</strong></span> <span class='ocrx_word' id='word_1_811' title='bbox 2391 5499 2492 5553; x_wconf 87' lang='lat' dir='ltr'><strong>sub</strong></span> <span class='ocrx_word' id='word_1_812' title='bbox 2520 5498 2909 5567; x_wconf 65' lang='lat' dir='ltr'><strong>aequinoctiali,</strong></span> <span class='ocrx_word' id='word_1_813' title='bbox 2939 5499 3114 5568; x_wconf 85' lang='lat' dir='ltr'><strong>magis</strong></span> <span class='ocrx_word' id='word_1_814' title='bbox 3143 5511 3266 5553; x_wconf 85' lang='lat' dir='ltr'><strong>esse</strong></span> <span class='ocrx_word' id='word_1_815' title='bbox 3291 5503 3495 5565; x_wconf 86' lang='lat' dir='ltr'><strong>tempe-</strong></span> 
     </span>
    </p>
   </div>
   <div class='ocr_carea' id='block_1_115' title="bbox 1942 5591 3508 5662">
    <p class='ocr_par' dir='ltr' id='par_1_115' title="bbox 1942 5591 3508 5662">
     <span class='ocr_line' id='line_1_115' title="bbox 1942 5591 3508 5662; baseline -0.004 -14"><span class='ocrx_word' id='word_1_816' title='bbox 1942 5599 2128 5662; x_wconf 88' lang='lat' dir='ltr'><strong>ratas;</strong></span> <span class='ocrx_word' id='word_1_817' title='bbox 2154 5607 2278 5648; x_wconf 90' lang='lat' dir='ltr'><strong>cum</strong></span> <span class='ocrx_word' id='word_1_818' title='bbox 2307 5592 2559 5650; x_wconf 79' lang='lat' dir='ltr'><strong>ascensio</strong></span> <span class='ocrx_word' id='word_1_819' title='bbox 2587 5592 2804 5662; x_wconf 87' lang='lat' dir='ltr'><strong>quidem</strong></span> <span class='ocrx_word' id='word_1_820' title='bbox 2839 5591 2930 5646; x_wconf 86' lang='lat' dir='ltr'><strong>ﬁat</strong></span> <span class='ocrx_word' id='word_1_821' title='bbox 2964 5606 3128 5648; x_wconf 78' lang='lat' dir='ltr'><strong>super</strong></span> <span class='ocrx_word' id='word_1_822' title='bbox 3161 5597 3362 5644; x_wconf 83' lang='lat' dir='ltr'><strong>nuncto</strong></span> <span class='ocrx_word' id='word_1_823' title='bbox 3390 5606 3508 5645; x_wconf 76' lang='lat' dir='ltr'><strong>ver-</strong></span> 
     </span>
    </p>
   </div>
   <div class='ocr_carea' id='block_1_116' title="bbox 3158 5842 3237 5905">
    <p class='ocr_par' dir='ltr' id='par_1_116' title="bbox 3158 5842 3237 5905">
     <span class='ocr_line' id='line_1_116' title="bbox 3158 5842 3237 5905; baseline 0.038 -3"><span class='ocrx_word' id='word_1_824' title='bbox 3158 5842 3237 5905; x_wconf 80' lang='lat'><strong>27</strong></span> 
     </span>
    </p>
   </div>
  </div>
