4000 6206
231 325 333 383 845

1238 324 1473 381 chains:
1512 323 1879 382 ELEMENTA
1906 290 2398 381 “monemus.

3345 326 3448 385 Βίϐ

225 441 438 515 ἡμέραν
482 442 577 496 καὶ
603 442 744 514 μῆνα
771 440 867 506 τάς
908 440 1198 511 γενομένας
1224 441 1531 512 ὀλοσχερεῖς
1565 439 1788 511 μεταϐοο

1886 454 1982 495 eas
2027 438 2377 503 mutationes,
2420 452 2541 508 qum
2589 437 2823 494 maxime
2854 438 3002 493 circa
3022 437 3210 494 eadem
3238 440 3449 497 zodiaci

217 535 322 599 λάς
348 533 445 592 τοῦ
475 535 653 607 ἀέρος,
682 535 1024 606 πνευμάτων,
1058 532 1302 605 ϐμϐρων,
1357 533 1618 605 χαλάζης,
1653 550 1791 604 παρ-

212 627 473 681 ετίθεσαν
525 629 646 691 ταῖς
689 629 784 681 τοῦ
832 627 982 699 ἡλίου
1031 628 1251 697 ὲποχαῖς
1277 625 1418 680 κατὰ
1468 625 1654 690 ζὼδιον
1696 626 1789 679 καὶ

209 716 367 770 κατὰ
391 719 606 787 μοῖραν.
652 717 820 770 Τοῦτο
855 717 948 770 ἐπὶ
986 716 1202 769 πλείονα
1230 715 1323 787 ἐτη
1363 719 1789 789 παρατηρήσαν-

203 824 330 870 τες,
362 806 463 871 τὰς
496 806 727 879 μάλιστα
772 808 899 879 περὶ
928 808 1053 871 τοὺς
1094 808 1288 870 αὐτοὺς
1326 807 1523 871 τόπους
1565 807 1656 860 τοῦ
1687 807 1791 872 ζω-

203 898 409 953 διακοῦ
455 898 741 971 γινομένας
782 899 1083 970 μεταϐολὰς
1110 900 1168 952 ὲν
1205 902 1316 962 τοῖς
1356 899 1791 969 παραπήγμασιν

204 991 600 1062 ἁνεγράψαντο
620 1031 634 1056 ,
686 992 786 1045 οὐκ
831 991 937 1044 ἀπό
981 1007 1123 1053 τινος
1167 989 1366 1061 τέχνης
1403 990 1523 1043 οὐδὲ
1568 990 1789 1061 μεθόδου

204 1082 533 1155 ὡρισμένης
585 1082 839 1145 λαϐόντες
886 1083 983 1153 τὴν
1026 1080 1369 1153 ἀναγραφὴν,
1418 1079 1533 1134 ἀλλ’
1579 1083 1643 1133 ἐκ
1690 1080 1790 1153 τῆς

207 1174 420 1244 πείρας
444 1173 506 1227 τὸ
532 1174 836 1245 σύμφωνον,
869 1173 944 1235 ὡς
970 1173 1217 1242 ἔγγιστα,
1249 1171 1522 1235 λαϐόντες.
1573 1172 1789 1245 Ἐπειδὴ

207 1262 260 1296 ⁵⁸
289 1263 396 1315 οὐκ
418 1261 668 1316 ἐδύναντο
696 1262 808 1315 οὐθ’
841 1262 1076 1334 ἡμέραν,
1103 1260 1226 1315 οὐτε
1258 1261 1421 1333 μῆνα,
1465 1260 1589 1315 οὐτε
1614 1263 1790 1316 ἐνιαυ-

211 1354 309 1408 τδν
337 1353 641 1424 ὡρισμένον
671 1353 999 1424 ἀναγράψαι,
1041 1355 1098 1407 ὲν
1126 1347 1170 1419 ᾧ
1204 1368 1257 1404 τι
1283 1348 1488 1406 τούτων
1530 1352 1790 1406 ἐπιτελεῖ-

214 1462 333 1511 ται,
380 1445 472 1499 διὰ
504 1445 566 1499 τδ
602 1444 702 1509 τὰς
733 1446 905 1517 ἀρχὰς
937 1444 1046 1498 τῶν
1080 1444 1342 1498 ἐνιαυτῶν
1390 1443 1463 1515 μὴ
1495 1444 1645 1517 παρὰ
1685 1447 1790 1500 πᾶ-

218 1551 307 1587 σιν
345 1530 608 1597 εἷναιτάς
639 1534 825 1597 αὐτὰς,
856 1534 987 1605 μηδὲ
1038 1535 1159 1598 τοὺς
1202 1536 1375 1605 μῆνας
1421 1535 1546 1599 τοὺς
1592 1536 1789 1600 αὐτοὺς

218 1618 361 1676 εἶναι
388 1622 538 1694 παρὰ
576 1624 707 1676 πᾶσι
750 1627 868 1687 ταῖς
898 1624 1234 1694 ὀνομασίαις,
1269 1624 1403 1697 μηδὲ
1445 1624 1541 1690 τὰς
1580 1626 1791 1697 ἡμέρας

217 1713 425 1784 ὁμοίως
461 1714 685 1785 ἄγεσθαι
707 1731 721 1745 ·
758 1715 1066 1787 ἱσταμένοις
1095 1717 1205 1770 τισὶ
1250 1717 1493 1788 σημείοις
1521 1718 1788 1789 ἠθέλησαν

216 1804 476 1874 ἀφορίσαι
506 1802 604 1868 τάς
636 1805 934 1876 μεταϐολὰς
969 1806 1063 1859 τοῦ
1096 1807 1277 1878 ἀέρος.
1308 1807 1467 1862 Ὅθεν
1514 1812 1634 1874 ταῖς
1677 1809 1786 1864 τῶν

221 1895 438 1967 ἄστρων
464 1896 741 1960 ὲπιτολαίς
781 1896 920 1951 κατὰ
963 1898 1089 1962 τοὺς
1130 1901 1352 1971 καιροὺς
1382 1901 1788 1974 ἀφωρισμέναις

222 1988 278 2040 αἱ
340 1986 634 2056 μεταϐολαὶ
679 1988 774 2043 τοῦ
826 1988 990 2060 ἀέρος
1053 1989 1321 2058 γίνονται,
1373 1992 1471 2063 οὐχ
1532 1993 1609 2056 ὡς
1676 1993 1787 2048 τῶν

222 2078 437 2150 ἄστρων
477 2077 703 2149 δύναμιν
754 2080 984 2150 ἑχόντων
1023 2083 1161 2153 πρὸς
1196 2081 1293 2153 τὴν
1343 2083 1641 2155 μεταϐολὴν
1679 2083 1788 2138 τῶν

224 2170 546 2240 πνευμάτων
574 2169 668 2222 καὶ
709 2168 818 2224 τῶν
846 2169 1089 2243 ὄμϐρων,
1123 2171 1237 2224 ἀλλ’
1264 2172 1340 2236 ὡς
1377 2174 1602 2245 σημείου
1630 2174 1788 2246 χάριν

223 2260 679 2333 παρειλημμένων
702 2262 840 2334 πρὸς
854 2263 916 2316 τὸ
937 2261 1330 2334 προγινώσκειν
1355 2265 1501 2336 ἡμᾶς
1518 2264 1618 2329 τάς
1660 2262 1789 2339 περὶ

223 2354 311 2407 τὸν
332 2353 474 2425 ἀέρα
502 2355 869 2426 περιστάσεις.
901 2357 1009 2410 Καὶ
1037 2355 1226 2427 ὥσπερ
1262 2358 1293 2410 ὁ
1326 2357 1530 2428 πυρσὸς
1552 2357 1651 2410 οὐκ
1687 2360 1787 2411 αὐ-

225 2444 313 2508 τός
373 2446 492 2498 ἐστι
537 2444 826 2517 παραίτιος
877 2446 974 2516 τῆς
1026 2445 1331 2517 πολεμικῆς
1394 2447 1785 2519 περιστάσεως,

224 2535 357 2592 ἀλλὰ
407 2535 629 2607 σημεῖόν
681 2537 799 2589 ἐστι
847 2537 1138 2607 πολεμικοῦ
1198 2536 1426 2608 καιροῢι
1472 2538 1565 2591 τὸν
1624 2539 1789 2597 αὐτὸν

221 2627 422 2697 τρόπον
449 2628 543 2680 καὶ
572 2628 628 2679 αξ
666 2626 774 2680 τῶν
809 2627 1022 2700 ἄστρων
1052 2628 1293 2682 ὲπιτολαὶ
1330 2629 1430 2683 οὐκ
1461 2629 1622 2683 αὐταὶ
1644 2647 1787 2703 παρ-

221 2719 383 2773 αίτιοί
418 2721 524 2772 είσι
567 2719 683 2773 τῶν.
710 2721 838 2791 περὶ
877 2721 968 2773 τὸν
997 2721 1135 2792 ἀέρα
1170 2720 1500 2792 μεταϐολῶν,
1530 2722 1664 2776 ἀλλὰ
1695 2740 1791 2795 ση-

222 2814 348 2882 μεῖα
382 2812 655 2866 ἔκκεινται
700 2811 807 2865 τῶν
855 2812 1109 2866 τοιούτων
1140 2815 1530 2885 περιστάσεων.
1575 2817 1637 2871 Οἱ
1681 2816 1790 2888 γὰρ

217 2905 313 2958 ἀπ’
360 2904 539 2975 ἀρχῆς
595 2906 1080 2976 παρατηρήσαντες
1138 2906 1232 2959 καὶ
1291 2907 1678 2976 συνταξάμενοι
1721 2909 1789 2963 τά

218 2997 662 3069 πραπήγματα,
695 2995 1043 3062 ἐξετάσαντες
1070 2996 1197 3061 τούς
1223 2997 1422 3064 τόπους
1460 2998 1555 3053 τοῦ
1597 2998 1788 3065 ζωδια‹

215 3086 315 3142 κοῦ
348 3086 573 3151 κύκλου,
604 3088 663 3140 ὲν
692 3080 773 3150 οἷς
804 3086 882 3151 ὡς
923 3085 1125 3140 ἐπίπαν
1159 3088 1215 3141 αἱ
1257 3088 1551 3159 μεταϐολαὶ
1575 3088 1668 3142 τοῦ
1694 3089 1789 3143 ἀέ-⁵

217 3196 313 3252 ρος
352 3178 612 3249 γίνονται,
646 3178 1014 3248 ὲπεσκέψαντο
1045 3180 1184 3233 κατὰ
1220 3180 1345 3244 τοὺς
1394 3181 1614 3253 χρόνους
1660 3181 1785 3235 τού-

212 3286 340 3333 τους
385 3268 508 3322 τίνα
537 3267 644 3321 τῶν
694 3268 907 3341 ἀστρων
949 3268 1247 3333 ἀνατέλλει,
1286 3270 1318 3342 ἢ
1372 3271 1784 3341 συγκαταδύνει,

216 3361 311 3413 καὶ
341 3362 467 3422 ταῖς
491 3359 693 3412 τούτων
720 3359 993 3422 ὲπιτολαῖς
1019 3361 1112 3414 καὶ
1140 3359 1325 3414 δύσεσι
1357 3362 1603 3432 σημείοις
1630 3363 1789 3435 ἐχρή-

1889 530 2006 586 loca
2034 530 2378 602 contingunt,
2406 529 2462 584 in
2504 530 2704 586 tabulis
2734 530 3203 601 conscripserunt,
3250 546 3360 586 non
3382 549 3448 589 ex

1888 632 2003 679 arte
2031 624 2233 694 aliqua,
2268 638 2445 695 neque
2482 639 2545 679 ex
2574 630 2723 678 certa
2755 623 3009 681 methodo
3038 631 3319 681 sumentes
3355 626 3450 681 de-

1890 716 2260 785 scriptionem,
2292 714 2388 770 sed
2421 714 2491 769 ab
2517 714 2872 786 experientia,
2914 715 2967 769 id
2995 715 3139 786 quod
3172 713 3286 772 fere
3316 731 3451 772 con-

1888 807 2053 877 gruit,
2104 816 2402 861 sumentes.
2465 804 2601 861 Cum
2636 821 2763 861 vero
2800 811 2910 860 nbn
2944 814 3167 877 possent
3207 808 3450 877 singulos

1888 898 2024 963 dies,
2053 912 2229 968 neque
2249 910 2484 960 menses,
2515 912 2688 967 neque
2714 911 2886 954 annos
2920 906 3100 954 certos
3128 898 3447 964 inscribere,

1888 991 1945 1045 in
1969 990 2170 1062 quibus
2190 989 2386 1044 borum
2414 988 2618 1059 aliquid
2645 987 3058 1059 perﬁciebatur:
3086 1005 3152 1045 eo
3175 990 3321 1061 quod
3351 991 3453 1046 ini-

1890 1083 1965 1136 tia
2004 1095 2268 1136 annorum
2308 1079 2451 1150 apud
2485 1096 2676 1136 omnes
2723 1095 2831 1136 non
2891 1081 3001 1137 sint
3031 1082 3242 1148 eadem,
3277 1098 3452 1154 neque

1889 1187 2106 1229 menses
2127 1172 2238 1227 sint
2265 1172 2408 1243 apud
2429 1177 2621 1228 omnes
2647 1173 2839 1229 iisdem
2865 1173 3337 1244 appellationibus,
3361 1192 3452 1230 ne-

1886 1282 1994 1337 que
2028 1268 2147 1323 dies
2184 1266 2436 1324 similiter
2485 1273 2715 1338 agantur
2754 1282 2768 1321 :
2819 1267 3059 1324 immotis
3125 1268 3448 1339 quibusdam

1888 1359 2060 1430 signis
2122 1359 2411 1415 voluerunt
2473 1359 2837 1415 determinare
2888 1359 3217 1416 mutationes
3284 1362 3449 1418 aeris.

1888 1448 2044 1507 Unde
2071 1461 2342 1506 astrorum
2378 1452 2614 1517 ortibus,
2647 1466 2770 1507 cum
2805 1452 2860 1506 hi
2890 1451 2946 1506 in
2974 1452 3313 1523 temporibus
3340 1453 3450 1509 sint

1888 1540 2252 1608 determinati,
2286 1542 2616 1598 mutationes
2643 1542 2787 1598 aeris
2811 1541 2974 1609 ﬁunt;
3000 1558 3109 1598 non
3138 1542 3283 1614 quod
3299 1551 3448 1599 astra

1890 1633 1995 1687 vim
2023 1633 2257 1690 habeant
2284 1634 2353 1689 ad
2382 1634 2735 1690 mutationem
2761 1643 3043 1690 ventorum
3076 1641 3130 1689 et
3171 1635 3454 1698 imbrium,-

1890 1723 1987 1778 sed
2014 1724 2160 1795 quod
2188 1724 2329 1796 signi
2356 1725 2529 1796 gratia
2553 1734 2833 1795 assumpta
2853 1725 2963 1781 sint
2991 1726 3060 1781 ad
3081 1727 3205 1791 hoc,
3234 1733 3294 1781 ut
3318 1740 3452 1797 pm.

1819 1788 1861 1847 B
1888 1788 2283 1885 cognoscamus
2322 1788 2465 1870 aeris
2496 1788 2832 1870 aﬁ'ectiones.
2896 1814 2963 1869 Et
2991 1823 3051 1870 ut
3095 1788 3337 1886 lampas;
3352 1830 3447 1870 seu

1884 1901 1998 1969 fax,
2032 1918 2142 1958 non
2173 1903 2293 1974 ipsa
2322 1911 2408 1960 est
2445 1919 2611 1966 causa
2658 1904 2838 1961 bellici
2866 1911 3066 1971 motus,
3096 1904 3195 1965 sed
3229 1906 3448 1978 signum

1885 1996 1971 2044 est
1994 1988 2172 2044 bellici
2201 1989 2308 2059 33
2333 1989 2590 2062 temporis
2626 2008 2641 2046 :
2673 1990 2748 2044 ita
2774 1996 2829 2046 et
2854 1996 3124 2048 astrorum
3156 1998 3313 2051 ortus
3339 2007 3449 2050 non

1887 2080 1990 2151 ipsi
2025 2087 2154 2135 sunt
2203 2095 2372 2136 causa
2418 2082 2778 2137 mutationum
2815 2083 2977 2150 aeris,
3030 2085 3126 2141 sed
3173 2086 3450 2156 proposita

1886 2180 2016 2228 sunt
2047 2172 2199 2243 signa
2228 2172 2419 2227 talium
2452 2172 2818 2229 aﬁ‘ectionum.
2868 2174 3004 2231 Nam
3030 2175 3123 2245 qui
3164 2190 3197 2229 a
3248 2175 3452 2246 princis

1886 2261 1976 2331 pio
2023 2260 2451 2316 observaverunt
2499 2267 2554 2315 et
2593 2268 3018 2331 composuerunt
3045 2264 3257 2319 tabulas
3305 2265 3450 2325 illas.

1886 2353 2184 2424 exploratis
2219 2352 2357 2409 locis
2393 2353 2603 2409 zodiaci
2635 2350 2849 2419 circuli,
2884 2354 2941 2410 in
2971 2355 3170 2425 quibus
3196 2364 3255 2412 ut
3284 2357 3453 2427 plurio

1888 2459 2035 2498 mum
2070 2444 2399 2510 mutationes
2435 2445 2580 2500 aeris
2612 2445 2773 2510 ﬁunt,
2811 2447 3302 2503 consideraverunt
3329 2462 3451 2519 qua!

1888 2543 2035 2590 astra
2070 2523 2405 2606 temporib'us
2434 2536 2543 2592 illis
2560 2539 2830 2603 oriantur,
2855 2546 2949 2594 aut
2986 2541 3150 2594 simul
3178 2539 3450 2605 occidant.

1888 2634 2049 2698 atque
2094 2629 2312 2696 horum,
2332 2627 2544 2684 ortibus
2573 2637 2627 2684 et
2672 2630 2962 2684 occasibus
2995 2644 3095 2699 pro
3125 2630 3295 2701 signis
3323 2640 3453 2686 sunt

1887 2719 1975 2775 usi
2018 2718 2087 2774 ad
2114 2719 2587 2790 prazcognitionem
2631 2720 3033 2790 praedictorum.
3095 2720 3261 2777 Ortus
3304 2723 3449 2778 enim

1886 2826 2048 2868 veros
2090 2819 2143 2867 et
2191 2826 2421 2868 occasus
2464 2812 2730 2883 contingit
2782 2827 2904 2868 esse
2952 2812 3257 2870 invisibiles
3297 2832 3312 2867 :
3355 2828 3451 2868 eos

1887 2919 2038 2970 vero,
2087 2904 2182 2975 qui
2211 2906 2565 2974 apparebant,
2622 2913 2777 2961 ortus
2814 2912 2868 2960 et
2915 2918 3167 2971 occasus,
3204 2914 3452 2976 poterant

1888 2995 2094 3055 videre,
2124 3002 2178 3049 et
2199 2982 2355 3050 'circa
2387 3002 2628 3066 tempora
2673 2995 2815 3051 dicta
2847 2996 3179 3059 discernere,
3211 3010 3277 3055 eo
3306 2996 3450 3065 quod

1890 3083 2138 3142 Pleiades
2159 3086 2473 3142 occidentes
2496 3087 2725 3142 habeant
2756 3088 2919 3143 talem
2951 3088 3081 3155 vim,
3116 3094 3176 3142 ut
3213 3085 3455 3143 humidi.

1890 3187 2053 3235 tatem
2089 3178 2381 3249 quamdam
2423 3178 2569 3234 circa
2607 3194 2786 3237 aerem
2819 3188 3111 3251 generent;
3145 3187 3238 3235 aut
3258 3195 3451 3236 rursus

1888 3272 2127 3327 orientes
2153 3273 2361 3329 aestatis
2399 3272 2615 3327 initium
2642 3272 2964 3344 signiﬁcent.
3002 3273 3156 3329 Unde
3177 3281 3232 3330 et
3260 3272 3451 3330 Hesio-

1889 3362 1994 3418 dus
2016 3363 2213 3433 inquit:

213 3470 383 3509 σαντο
428 3454 511 3517 είς
549 3454 649 3524 τὴν
695 3454 1003 3525 πρόγνωσιν
1042 3455 1151 3509 τῶν
1186 3456 1614 3529 προειρημένων.
1667 3456 1779 3522 Τὰς
1816 3458 1914 3530 μὲν
1944 3457 2054 3528 γὰρ
2104 3457 2367 3521 ἀνατολάς
2398 3457 2498 3521 τὰς
2540 3458 2797 3529 ἀληθινάς
2834 3461 2925 3512 xa'l.
2979 3457 3158 3522 δύσεις
3208 3459 3453 3533 ἀθεωρή-

212 3566 342 3613 τους
383 3545 522 3603 srvat
551 3549 860 3619 συμϐέϐηκε
881 3567 896 3582 ο
926 3549 1024 3614 τάς
1053 3550 1109 3604 δὲ
1153 3552 1480 3623 φαινομένας
1519 3552 1780 3622 ἠδύναντο
1809 3554 1961 3627 όρᾷν,
1989 3554 2083 3607 κα)⁵
2112 3554 2239 3624 περὶ
2292 3553 2417 3616 τούς
2452 3552 2710 3624 ῥηθέντας
2766 3553 2989 3625 καιροὺς
3044 3553 3451 3627 διαλαμϐάνειν,

210 3646 297 3699 ὅτι
322 3645 384 3699 αἱ
415 3644 672 3724 Πλειάδες
700 3644 951 3699 δύνουσαι
983 3644 1165 3716 ἔχουσί
1198 3662 1321 3700 τινα
1374 3646 1626 3718 τοιαύτην
1676 3647 1924 3719 δύναμιν,
1961 3647 2100 3701 ὥστε
2134 3645 2400 3718 ὑγρασίαν
2455 3646 2576 3701 τινὰ
2606 3648 2733 3720 περὶ
2770 3647 2861 3700 τὸν
2917 3648 3056 3723 ἀέρα
3113 3650 3414 3727 ἀπογεννᾷν
3434 3667 3447 3682 ·

211 3739 249 3812 ἢ
282 3738 449 3794 πάλιν
474 3738 841 3794 ὲπιτέλλουσαι
870 3738 1058 3812 θέρους
1102 3739 1275 3813 ἀρχὴν
1306 3741 1767 3814 διασημαίνουσιν.
1795 3741 1958 3798 Ὅθεν
1987 3743 2079 3796 καὶ
2124 3740 2362 3805 Ἡσίοδός
2388 3757 2519 3811 φησι
2537 3759 2552 3773 υ

215 3855 552 3928 Πλητὰδων-
581 3855 978 3928 Ἀτλαγενέων
1024 3856 1558 3928 ἐπιτελλομενάων,

216 3926 495 3996 Ἀρχεσθ’
523 3925 773 3996 ἀμήτουδ
794 3928 1028 3996 ἀρότοιο
1051 3926 1138 3992 δὲ,
1161 3925 1605 3999 δυσονομενέων.

212 4039 292 4093 οὐ
345 4038 433 4093 διά
483 4036 579 4110 τὴν
636 4037 728 4091 τοῦ
775 4036 972 4110 ἄστρου
1034 4038 1293 4112 δύναμιν·
1345 4039 1621 4104 παντελῶς
1677 4040 1784 4113 γάρ

217 4131 369 4183 ἐστιν
420 4127 765 4199 ἀπόπληκτον
784 4144 798 4158 ο
834 4128 947 4183 εἴτε
971 4129 1081 4202 γὰρ
1118 4130 1320 4202 πύρινά
1345 4132 1461 4185 ἐστι
1488 4130 1557 4185 τὰ
1587 4131 1782 4203 ἀστρα,

216 4220 332 4274 εἴτε
370 4219 606 4290 αἰθέρια,
633 4219 709 4284 ὡς
753 4220 977 4292 ἀρέσκει
1002 4223 1133 4287 τισὶ,
1176 4224 1350 4277 πάντα
1377 4223 1476 4295 τῆς
1502 4222 1670 4294 αὐτῆς
1695 4224 1788 4278 οὐ·

220 4312 344 4376 σίας
377 4311 473 4366 καὶ
505 4312 785 4384 δυνάμεως
816 4313 1197 4386 κεκοινώνηκε,
1239 4316 1331 4368 καὶ
1366 4315 1618 4387 οὐδεμίαν
1652 4332 1786 4386 συμ-

1897 3857 2202 3913 Pleiadibus
2229 3857 2463 3911 Atlantis
2493 3855 2707 3926 ﬁliabus
2739 3855 3028 3911 orientibus

1893 3928 2069 3998 Incipe
2089 3942 2337 3983 messem:
2371 3928 2663 3981 arationem
2692 3942 2809 3980 vero
2841 3926 3194 3982 euidentibus

1889 4040 2007 4096 Non
2054 4047 2273 4112 propter
2305 4039 2438 4092 astri
2473 4037 2581 4092 vim
2613 4056 2630 4094 :
2657 4037 2880 4092 omnino
2925 4036 3069 4092 enim
3115 4036 3170 4092 id
3206 4044 3295 4093 est
3336 4047 3453 4094 stuo

1887 4130 2075 4202 pidum
2108 4145 2121 4181 :
2160 4131 2275 4186 sive
2318 4127 2463 4182 enim
2514 4128 2670 4200 ignea
2694 4136 2824 4185 sunt
2856 4136 3026 4195 astra,
3049 4129 3166 4186 sive
3194 4128 3449 4200 aetherea,

1890 4230 1949 4278 ut
1984 4224 2160 4294 placet
2211 4221 2485 4291 aliquibus
2510 4263 2525 4287 ,
2557 4222 2741 4277 omnia
2776 4221 3022 4278 eamdem
3064 4223 3356 4279 essentiam
3396 4232 3451 4278 et

1890 4314 1997 4368 vim
2032 4313 2225 4368 sortita
2268 4320 2417 4377 sunt,
2445 4305 2500 4368 et
2538 4313 2742 4367 nullam
2771 4313 2976 4370 habent
3017 4324 3258 4368 mutuam
3301 4327 3453 4369 com-

217 4403 452 4457 πάθειαν
484 4402 595 4475 ἔχει
631 4403 766 4476 πρὸς
798 4404 866 4458 τὰ
890 4406 981 4459 ἐπὶ
1011 4406 1110 4476 τῆς
1138 4406 1240 4476 γῆς
1272 4406 1546 4478 γινόμενα.
1587 4408 1650 4460 Ἠ
1681 4407 1789 4477 γὰρ

1893 4405 2203 4474 passionem
2251 4419 2380 4475 erga
2430 4418 2493 4459 ea
2550 4420 2671 4475 quas
2716 4405 2773 4459 in
2816 4412 2957 4460 terra
2995 4404 3149 4460 ﬁunt.
3184 4402 3452 4460 Universa

219 4494 488 4566 σύμπασα
506 4495 581 4566 γῆ
611 4496 832 4570 κέντρου
863 4496 1020 4566 λόγον
1051 4496 1161 4568 ἔχει
1195 4498 1331 4569 πρὸς
1359 4499 1457 4569 τὴν
1490 4498 1597 4551 τῶν
1619 4497 1789 4551 ἀπλα-

216 4587 327 4640 νῶν
362 4589 619 4658 σφαῖραν,
651 4588 746 4642 καὶ
787 4588 1011 4654 οὐδεμία
1047 4589 1316 4659 ἀποφορὰ,
1350 4590 1470 4642 οὐδὲ
1516 4590 1787 4660 ἀπόρροια

213 4679 503 4733 διικνεῖται
559 4680 665 4734 ἀπὸ
709 4679 817 4733 τῶν
860 4680 1110 4736 ἀπλανῶν
1138 4680 1379 4751 ἀστέρων
1413 4680 1505 4732 ἐπὶ
1528 4678 1623 4751 τὴν
1661 4680 1784 4750 γῆν.

213 4765 350 4831 Πῶς
381 4768 716 4841 ὑποληπτέον
741 4768 962 4834 τούτους
992 4769 1208 4841 ὄμϐρων
1235 4770 1328 4822 καὶ
1351 4770 1674 4838 πνευμάτων
1694 4769 1791 4824 καὶ

212 4860 465 4933 χαλάζης
494 4862 810 4935 παραιτίους
842 4862 1102 4932 γίνεσθαι,
1131 4861 1226 4929 ἀφ’
1258 4853 1333 4914 ὧν
1374 4859 1598 4931 οὐδεμία
1632 4857 1791 4914 δύνα-

217 4970 317 5022 μις
352 4952 537 5005 πίπτει
571 4954 706 5024 πρὸς
733 4956 907 5025 ήμᾶςς
951 4953 1083 5006 Ἀπὸ
1118 4952 1214 5024 μὲν
1242 4951 1350 5023 γάρ
1380 4951 1529 5023 ἡλίου
1567 4952 1659 5004 καὶ
1698 4967 1789 5003 σε-

212 5043 389 5114 λήνης
416 5042 694 5097 διικνεῖται
716 5047 749 5116 ἡ
770 5043 995 5116 δύναμις
1020 5044 1113 5097 ἐπὶ
1142 5043 1238 5115 τὴν
1259 5042 1363 5112 γῆν
1397 5041 1535 5097 κατά
1557 5043 1652 5107 τὰς
1686 5059 1790 5114 με-

211 5132 479 5199 ταϐάσεις
503 5136 681 5190 αὐτῶν
719 5138 811 5189 καὶ
853 5135 1111 5208 μειζόνων
1160 5136 1253 5190 καὶ
1300 5134 1628 5189 ἐλαττόνωνο
1662 5133 1789 5188 ὅθεν

198 5222 443 5294 ίεύλογον
489 5226 626 5298 πρὸς
663 5227 886 5292 τούτους
934 5227 1274 5299 συμπάθειαν
1313 5222 1449 5281 εἷναι
1496 5226 1637 5281 κατά
1686 5224 1789 5296 τὴν

212 5317 453 5370 ἑκάστου
490 5317 717 5390 δύναμιν
762 5319 971 5374 αὐτῶν·
1015 5321 1071 5375 αἱ
1113 5320 1169 5374 δὲ
1199 5320 1307 5374 τῶν
1336 5320 1590 5375 ἀπλανῶν
1624 5320 1792 5374 ἀστέ-
1822 5391 1829 5398 ἱ

213 5424 334 5480 ρων
375 5408 618 5463 ὲπιτολαὶ
670 5410 763 5464 καὶ
810 5410 989 5475 δύσεις
1041 5412 1265 5484 σημείου
1308 5412 1457 5477 τάξιν
1507 5411 1787 5484 ἐπέχουσι,

210 5494 473 5568 καθάπερ
520 5500 864 5573 προείπομεν.
921 5501 1082 5559 Ὅθεν
1128 5501 1247 5554 οὐδὲ
1302 5501 1641 5575 προληπτέον
1689 5501 1790 5565 τὰς

211 5588 392 5653 αὐτάς
408 5591 773 5663 ἐπισημασίας
787 5591 1214 5647 ὲπιτελεῖσθαιὲκ
1230 5591 1337 5647 τῶν
1353 5591 1531 5648 αὐτῶν
1546 5593 1786 5664 ἄστρωνο

280 5724 336 5760 ι·
365 5724 412 5796 ί.
442 5725 562 5780 ἐπεὶ
588 5724 664 5780 δέ.

1888 4497 2032 4551 enim
2064 4504 2211 4552 terra
2246 4497 2418 4551 centri
2449 4498 2711 4553 rationem
2751 4498 2912 4552 habet
2961 4496 3029 4551 ad
3089 4497 3448 4552 inerrantium

1889 4588 2189 4659 sphaeram;
2259 4603 2360 4643 nec
2401 4589 2507 4642 ulla
2556 4588 2638 4644 vis
2688 4602 2948 4643 emanans
2989 4596 3082 4641 aut
3128 4588 3457 4658 proﬂuvium

1888 4681 2134 4750 pervenit
2173 4679 2243 4733 ab
2287 4678 2656 4733 inerrantibus
2704 4679 2875 4734 stellis
2919 4677 2985 4731 ad
3036 4687 3257 4733 terram.
3299 4677 3449 4743 Quo-

1888 4774 2050 4829 modo
2093 4771 2398 4842 putandum
2428 4779 2513 4826 est
2560 4770 2659 4825 has
2699 4769 2952 4824 imbrium
2982 4776 3035 4824 et
3087 4776 3371 4824 ventorum
3397 4776 3451 4823 et

1888 4863 2213 4937 grandinum
2263 4878 2459 4920 causas
2512 4876 2654 4925 esse,
2684 4876 2716 4916 a
2749 4862 2949 4931 quibus
2984 4861 3131 4916 nulla
3169 4862 3250 4916 vis
3299 4860 3449 4914 cadit

1890 4956 1959 5010 ad
2006 4954 2142 5011 nos?
2181 4954 2318 5009 Nam
2350 4969 2380 5009 a
2412 4954 2527 5010 sole
2568 4952 2786 5024 quidem
2835 4963 2890 5008 et
2919 4953 3046 5007 luna
3087 4953 3335 5024 pervenit
3364 4952 3449 5006 vis

1839 5068 1843 5072 ·
1890 5044 1959 5099 ad
1992 5052 2190 5100 terram
2220 5043 2518 5100 secundum
2553 5042 2821 5097 transitus
2847 5056 3036 5098 eorum
3094 5049 3147 5097 et
3180 5042 3449 5111 majorum

1889 5143 1944 5192 et
1980 5136 2269 5191 minorum.
2314 5132 2468 5189 Unde
2519 5141 2940 5189 consentaneum
2978 5141 3064 5188 est
3116 5139 3276 5188 terra:
3320 5144 3447 5187 cum
3545 5174 3556 5199 ,

1890 5228 1976 5284 his
2001 5243 2123 5284 esse
2156 5234 2399 5281 mutuam
2444 5225 2859 5299 consensionem
2891 5224 3190 5281 secundum
3219 5225 3326 5280 vim
3350 5239 3452 5279 cu-

1886 5321 2087 5392 jusque
2138 5335 2347 5376 eorum.
2378 5316 2749 5375 inerrantium
2793 5334 2925 5374 vero
2968 5318 3249 5375 stellarum
3295 5324 3452 5373 ortus

1890 5424 1945 5470 et
1971 5426 2201 5470 occasus
2233 5413 2376 5485 signi
2413 5412 2682 5468 rationem
2713 5411 2982 5476 obtinent,
3016 5411 3158 5467 sicut
3190 5408 3449 5482 praedixi-

1892 5518 2036 5559 mus.
2086 5500 2239 5559 Unde
2290 5518 2360 5559 ne
2413 5502 2761 5559 statuendum
2813 5500 3033 5572 quidem
3086 5509 3172 5556 est
3229 5500 3453 5556 easdem

1892 5591 2311 5664 signiﬁcationes
2341 5592 2527 5649 uertici
2558 5607 2625 5649 ex
2656 5591 2847 5649 iisdem
2876 5591 3078 5660 astris;
3135 5589 3232 5647 sed
3256 5604 3455 5650 secun-
