4000 6206
559 301 665 360 817

1533 297 1625 351 AD
1658 294 1928 350 EUSEBH
1961 291 2359 352 CHRONICON
2400 293 2759 350 APPE-NDIX.
3671 300 3761 357 848

555 421 684 502 dum
737 417 1049 474 earumdem
1090 417 1378 470 climatum
1427 413 1738 480 varietates,
1770 414 2015 471 diversos
2062 423 2111 469 et

2217 415 2350 468 ἀλλὰ
2392 415 2531 469 κατά
2587 414 2687 478 τὰς
2737 413 2844 467 τῶν
2899 415 3074 468 αὐτῶν
3108 414 3381 486 κλιμάτων
3425 415 3768 485 παραλλαγὰς

556 523 712 568 ortus
742 519 795 566 et
824 525 1055 565 occasus
1086 519 1358 564 astrorum
1389 508 1524 573 ﬁcri,
1567 516 1621 562 et
1651 507 1870 576 quidem
1895 507 1951 562 in
1980 523 2112 578 quo-

555 605 687 659 libet
736 603 1018 657 horizonte
1079 602 1298 672 propria
1347 601 1499 670 signa
1550 599 1749 654 habere
1801 599 2118 654 mutationis

555 696 720 750 aeris.
752 693 894 748 Idem
923 694 1067 747 enim
1109 705 1435 762 parapegma
1462 704 1568 743 non
1605 696 1781 759 potest
1814 705 2118 760 congruere

557 788 610 839 in
664 787 796 841 urbe
837 783 1029 846 Roma,
1069 793 1124 838 et
1171 785 1226 837 in
1281 782 1473 846 Ponto,
1501 789 1556 835 et
1597 781 1651 834 in
1701 778 1917 845 Rhodo,
1953 790 2007 836 et
2061 783 2115 836 in

557 880 690 932 urbe
718 877 1098 943 Alexandriae;
1132 874 1226 929 sed
1267 889 1490 929 necesse
1525 881 1608 928 est
1651 881 1708 927 ut
1749 873 1977 927 diversae
2008 874 2117 929 sint

557 971 966 1026 observationes
1009 968 1063 1022 in
1101 967 1331 1022 diversis
1360 965 1740 1020 horizontibus
1761 1005 1775 1029 ,
1807 973 1862 1018 et
1901 967 1951 1018 in
1984 981 2116 1035 qua-

555 1063 687 1118 libet
716 1063 850 1117 urbe
877 1061 981 1114 alia
1025 1065 1312 1116 sumantur
1345 1064 1493 1111 astra
1551 1046 1977 1127 signiﬁcationes
2002 1054 2114 1110 cﬁi-

556 1141 775 1208 cicntia.

631 1240 782 1294 Unde
807 1237 1151 1293 manifestum
1185 1235 1427 1306 estquod
1461 1252 1569 1291 non
1593 1236 1916 1291 naturaliter
1939 1243 2116 1292 astro-

553 1346 676 1384 rum
710 1338 863 1385 ortus
908 1338 960 1384 et
989 1344 1220 1384 occasus
1258 1327 1571 1382 affectiones
1625 1327 1768 1382 aeris
1817 1335 2114 1398 generant;

557 1422 649 1476 sed
676 1423 819 1493 quod
852 1421 904 1474 in
936 1421 1178 1491 quolibet
1207 1420 1491 1475 horizonlc
1516 1419 1744 1474 diversae
1776 1419 1905 1473 ﬁant
1933 1419 2117 1474 obser-

2217 506 2503 577 διαφόρους
2558 508 2652 560 καὶ
2704 506 2803 569 τὰς
2852 505 3101 569 ἐπιτολὰς
3153 507 3246 560 καὶ
3287 507 3387 570 τὰς
3442 507 3622 570 δύσεις
3671 508 3770 560 τῶν

2217 599 2428 670 ἄστρων
2457 597 2717 666 γίνεσθαι.
2752 598 2862 651 Καὶ
2887 597 2949 668 δὴ
2979 597 3098 650 καθ’
3135 597 3363 650 ἕκαστον
3395 598 3646 670 ὁρίζοντα
3675 599 3771 650 ῑδια

2219 692 2416 760 σημεῖα
2463 689 2605 758 ἔχειν
2631 689 2728 760 τῆς
2758 688 2884 758 περὶ
2917 689 3006 740 τὸν
3034 688 3167 758 ἀέρα
3211 678 3532 759 μεταϐολῆς.
3572 690 3645 742 Τὸ
3672 689 3770 759 γάρ

2216 780 2346 832 αὐτὸ
2380 766 2719 852 παράπηγμα
2737 781 2795 832 οὐ
2816 778 3032 833 δύναται
3083 783 3387 849 συμφωνεῖν
3411 781 3466 831 ἐν
3490 783 3553 850 τῇ
3590 780 3770 852 Ῥώμῃ

2216 875 2310 926 καὶ
2327 876 2384 926 ὲν
2401 872 2478 942 τῷ
2509 873 2712 942 Πόντῳ,
2743 873 2835 925 καὶ
2865 873 2922 925 ἐν
2957 871 3138 942 Ῥόδῳ,
3165 872 3253 924 καὶ
3282 872 3339 924 ἐν
3372 871 3758 942 Ἀλεξανδρείᾳ·

2215 963 2351 1018 ἀλλὰ
2396 965 2607 1033 ἀνάγκη
2653 963 2940 1034 διαφόρους
2978 963 3076 1026 τὰς
3105 965 3509 1033 παρατηρήσεις
3548 959 3684 1016 εἶναι
3715 967 3767 1016 ἐν

2214 1054 2484 1125 διαφόροις
2533 1055 2790 1124 ὁρίζουσι,
2830 1055 2924 1108 καὶ¹
2961 1053 3080 1108 καθ’
3119 1053 3356 1124 ἑκάστην
3412 1055 3562 1107 πόλιν
3611 1056 3765 1126 ἕτερα

2214 1146 2581 1218 λαμϐάνεσθαι
2611 1146 2784 1217 ἄστρα
2813 1146 3179 1217 ἐπισημασίας
3206 1145 3575 1200 ἐπιτελοῦντα.

2297 1237 2387 1302 Ἐξ
2417 1232 2477 1292 οὗ
2498 1238 2758 1308 φανερὸν,
2789 1237 2868 1290 ὅτι
2903 1238 2964 1290 οὐ
3018 1237 3258 1306 φυσικῶς
3300 1239 3356 1290 αἱ
3397 1237 3503 1289 τῶν
3556 1236 3762 1309 ἄστρων

2215 1327 2456 1382 ἐπιτολαὶ
2491 1329 2584 1382 καὶ
2619 1328 2796 1392 δύσεις
2818 1328 2887 1382 τὰ
2913 1329 3037 1398 περὶ
3073 1328 3161 1381 τὸν
3193 1328 3332 1399 ἀέρα
3375 1329 3521 1399 πάθη
3542 1330 3748 1398 ἀπογεν-

2216 1422 2395 1477 νῶσινο
2429 1420 2563 1474 ἀλλά
2587 1420 2706 1473 καθ’
2729 1420 2954 1473 ἕκαστον
2985 1419 3230 1490 ὁρίζοντα
3255 1419 3499 1492 διάφοροι
3532 1438 3759 1491 παρατη-

553 1514 802 1569 vationes
833 1520 886 1567 et
943 1528 1131 1568 aerum
1162 1513 1508 1567 mutationes.
1545 1510 1909 1577 Quamobrem
1941 1527 2111 1581 neque

2220 1513 2403 1584 ρήσεις
2429 1511 2700 1580 γεγόνασι,
2722 1511 2814 1565 καὶ
2861 1510 2968 1563 τῶν
3002 1510 3176 1581 ἀέρων
3224 1510 3536 1580 μεταϐολαί.
3578 1511 3762 1583 Διόπερ

551 1620 743 1660 omnes
767 1601 1193 1674 signiﬁcationes
1223 1602 1277 1654 in
1303 1601 1515 1655 tabulas
1543 1602 1725 1654 relatae
1749 1614 1962 1668 semper
1983 1614 2111 1653 con-

2214 1604 2334 1656 οὺδέ
2369 1604 2535 1656 πᾶσαι
2565 1600 3018 1670 ἐπισημασίαι,ἐν
3049 1603 3159 1663 τοῖς
3184 1602 3619 1671 παραπήγμασιν
3649 1603 3749 1670 άγό

551 1702 785 1765 gruum:
824 1695 920 1750 scd
953 1693 1224 1747 interdum
1263 1693 1642 1747 universaliter
1674 1707 1782 1746 non
1816 1690 1950 1745 ﬁunt
1980 1707 1993 1744 :
2019 1690 2111 1746 sed

2219 1712 2393 1766 μεναι,
2423 1693 2510 1747 ἀεὶ
2550 1693 2948 1762 συμφωνοῦσιν·
2995 1692 3106 1745 ἀλλ’
3137 1692 3254 1745 ἐστι
3287 1692 3384 1763 μὲν
3428 1694 3516 1746 ὅτε
3547 1694 3770 1748 καθόλου

550 1787 644 1856 qui
680 1788 948 1842 maximas
974 1793 1330 1856 tempestates
1360 1783 1831 1854 comprehendunt
1859 1792 2014 1839 ortus
2061 1791 2111 1837 et

2214 1788 2275 1840 οὐ
2309 1785 2565 1854 γίνονται,
2598 1782 2733 1836 άλλά
2768 1783 2894 1846 τοὺς
2940 1782 3228 1853 μεγίστους
3271 1784 3620 1854 περιέχουσαι
3659 1802 3770 1854 χει-

555 1894 829 1943 occasus,
889 1878 942 1932 hi
1009 1879 1247 1933 efﬁciunt
1307 1877 1628 1931 serenitates
1670 1894 1684 1930 :
1726 1873 1996 1930 interdum
2058 1873 2111 1927 in

2218 1877 2401 1948 μῶνας
2432 1875 2674 1929 ἐπιτολαὶ
2699 1874 2792 1927 καὶ
2815 1873 3012 1939 δύσεις,
3039 1875 3216 1945 εὐδίας
3249 1875 3600 1929 ἀποτελοῦσιν
3618 1895 3632 1907 ·
3661 1877 3774 1931 ἐστι

558 1971 983 2026 nrbe‘serenitas
1014 1968 1300 2038 contingit,
1329 1968 1384 2020 in
1415 1967 1562 2036 agris
1591 1965 1783 2020 imber.
1812 1964 1964 2034 Smpe
1992 1972 2111 2034 post

2213 1971 2258 2022 δ’
2282 1972 2369 2024 ὅτε
2407 1969 2548 2022 κατὰ
2579 1968 2676 2039 μὲν
2715 1967 2811 2039 τὴν
2841 1968 2993 2021 πόλιν
3021 1967 3170 2020 εὐδία
3201 1967 3435 2036 ἐγένετο,
3466 1971 3557 2022 ἐπὶ
3593 1968 3774 2041 χώρας

553 2063 670 2117 dies
722 2070 836 2117 tres
881 2069 972 2114 aut
1002 2069 1236 2131 quatuor
1294 2059 1492 2127 aliquis
1523 2056 1847 2126 signiﬁcavit
1878 2070 1973 2124 per
2021 2069 2111 2108 or-

2212 2063 2269 2116 δὲ
2316 2063 2549 2136 ὄμϐροςο
2607 2060 2861 2124 πολλάκις
2898 2061 2955 2114 δέ
3006 2078 3088 2123 τις
3136 2059 3253 2130 μεθ’
3283 2061 3497 2132 ἡμέρας
3539 2065 3689 2132 τρεῖς
3739 2062 3774 2133 ἢ

553 2161 668 2206 tum
721 2161 813 2206 aut
838 2166 1093 2206 occasum
1143 2152 1277 2203 astri
1315 2153 1669 2201 mutationem
1721 2147 1862 2200 aeris
1899 2161 1913 2197 ι
1946 2147 2111 2198 inter-

2217 2155 2485 2227 τέσσαρας
2545 2155 2857 2226 ἐπεσήμηνε
2905 2157 2971 2225 τῇ
3014 2153 3231 2224 ἐπιτολῇ
3275 2154 3307 2224 ἢ
3351 2156 3416 2223 τῇ
3467 2153 3617 2206 δύσει
3679 2154 3772 2207 τοῦ

551 2245 680 2298 dum
736 2243 1027 2297 antevertit
1088 2240 1544 2312 signiﬁcationem
1606 2237 1798 2292 diebus
1851 2243 2108 2306 quatuor.

555 2335 710 2391 Unde
738 2335 831 2405 qui
867 2335 1124 2388 aberrant
1167 2334 1222 2386 in
1268 2330 1709 2400 praetlictionibus
1760 2328 2113 2399 signiﬁcatio;

555 2439 689 2478 num
721 2463 735 2486 ,
791 2423 995 2477 habent
1043 2426 1484 2484 excusationem,
1547 2420 1691 2490 quod
1745 2418 2114 2489 anticiparunt

553 2513 1027 2584 signiﬁcationem,
1057 2529 1121 2567 eo
1147 2512 1290 2582 quod
1317 2511 1587 2582 posterius
1610 2518 1693 2567 est
1722 2509 1888 2565 facta.

619 2606 698 2659 Ex
725 2606 928 2676 quibus
971 2606 1225 2660 omnibus
1275 2603 1623 2660 manifestum
1678 2611 1763 2660 est
1807 2606 1951 2674 quod
1995 2621 2114 2675 quae

553 2699 618 2753 ad
650 2697 1078 2769 signiﬁcationes
1118 2706 1384 2768 spectant,
1438 2713 1501 2754 ea
1535 2698 1588 2751 in
1623 2697 1826 2753 tabulis
1856 2698 1978 2753 rudi
2008 2698 2112 2752 Mi-

550 2805 712 2846 nerva
738 2791 846 2846 sint
871 2791 1153 2860 inscripta.
1198 2805 1321 2843 cum
1357 2805 1469 2843 non
1500 2796 1618 2842 arte
1657 2790 1923 2867 quadam,
1939 2804 2113 2859 neque

551 2883 878 2939 necessitate
931 2882 1041 2936 sint
1064 2881 1259 2935 tradita
1285 2920 1298 2942 .
1331 2880 1422 2934 sed
1457 2895 1520 2934 ex
1557 2881 1816 2935 continua
1851 2881 2112 2936 observa-

549 2974 700 3028 tione
741 2973 1028 3042 inscripta.
1067 2969 1196 3024 Eam
1222 2971 1292 3024 ob
1320 2985 1540 3025 causam
1571 2987 1714 3041 saepe
1747 2972 1862 3026 haec
1895 2973 2108 3028 fallunt.

550 3063 704 3121 Unde
733 3066 994 3136 astrologi
1014 3081 1125 3119 non
1157 3066 1618 3141 sunt‘accusandi,
1659 3066 1704 3120 si
1739 3067 2112 3123 aberraverint

550 3160 605 3213 in
639 3158 1148 3230 signiﬁcationibus.
1184 3157 1238 3211 Si
1263 3173 1395 3212 vero
1425 3157 1651 3228 eclipsin
1677 3159 1981 3229 praedicens
2009 3162 2109 3214 ali-

549 3252 693 3321 quis,
729 3261 822 3304 aut
858 3259 1036 3304 ortum
1076 3249 1231 3313 astri,
1267 3250 1621 3314 aberraret-it,
1658 3252 1854 3305 merito
1897 3263 1951 3305 et
1994 3259 2109 3306 stu-

546 3343 790 3405 dium,et
818 3341 909 3412 qui
959 3339 1088 3394 illud
1116 3346 1334 3404 tractat,
1369 3348 1718 3395 accusantur.
1744 3341 1937 3396 Omnia
1963 3342 2108 3398 etaim

547 3449 668 3505 qua:
694 3442 808 3489 arte
843 3433 1132 3488 traduntur
1149 3433 1346 3488 debent
1389 3433 1726 3490 infallibilem
1749 3434 1948 3491 habere
1971 3449 2110 3507 pra:-

545 3527 859 3588 dictionem,
881 3541 976 3580 seu
1005 3524 1459 3581 enuntiationem.
1477 3523 1546 3579 At
1573 3540 1636 3580 ea
1683 3541 1803 3594 quae
1835 3526 1902 3580 ad
1939 3526 2110 3598 signi-

550 3615 830 3671 ﬁcationes
859 3625 1127 3687 spectant,
1158 3632 1331 3688 neque
1353 3633 1476 3671 cum
1507 3633 1572 3672 ea
1602 3619 2109 3690 assequimur,per-

548 3707 748 3762 tectam
779 3708 989 3764 laudem
1017 3749 1031 3772 ,
1063 3725 1239 3780 neque
1278 3727 1398 3764 cum
1430 3710 1500 3766 ab
1542 3711 1608 3766 iis
1645 3711 1983 3777 aberramus,
2017 3728 2109 3768 ac-

548 3799 890 3856 cusationem
960 3812 1256 3856 merentur.
1307 3802 1626 3871 Astrologize
1663 3803 1806 3856 enim
1859 3803 1971 3858 hac
2024 3815 2108 3860 est

547 3891 791 3960 quaedam
813 3905 942 3960 pars
964 3908 1158 3962 expers
1185 3893 1319 3946 artis
1337 3931 1352 3956 ,
1381 3901 1437 3948 et
1468 3893 1689 3963 indigna
1723 3907 1843 3962 qua:
1869 3893 2108 3962 profera-

546 3990 640 4038 tur
680 3983 734 4038 in
788 3983 1046 4039 medium.
1080 3985 1224 4040 Idem
1271 3984 1604 4056 opinandum
1653 3993 1738 4040 est
1772 3984 1888 4040 ﬁeri
1945 3987 2108 4042 etiam

545 4079 692 4132 circa
715 4075 882 4132 Canis
911 4087 1112 4133 ortum.
1147 4077 1346 4134 Omnes
1375 4079 1520 4133 enim
1549 4086 1767 4148 putant,
1797 4079 1939 4134 hanc
1976 4079 2107 4136 stel-

545 4153 654 4222 lam
684 4168 956 4237 pr0priam
985 4168 1090 4220 vim
1127 4167 1346 4230 habere,
1372 4176 1426 4222 et
1453 4183 1674 4244 causam
1700 4184 1823 4223 esse
1853 4170 2107 4236 intensior

546 4257 636 4312 nis
663 4265 893 4313 aestuum
916 4276 936 4322 ,·
967 4270 1091 4310 cum
1139 4257 1300 4311 simul
1355 4257 1533 4312 oritur
1568 4273 1691 4312 cum
1733 4258 1864 4312 sole.
1901 4258 1970 4311 At
1999 4258 2106 4312 hoc

546 4363 656 4404 non
682 4348 758 4403 ita
782 4364 840 4404 se
885 4347 1079 4402 habet:
1112 4346 1208 4400 sed
1238 4346 1495 4416 quoniam
1521 4347 1677 4416 juxta
1708 4346 2103 4402 calidissimum

547 4449 761 4509 tempus
797 4439 925 4493 anni
960 4437 1073 4492 inec
1100 4436 1258 4490 stella
1295 4445 1477 4492 ortum
1530 4435 1783 4499 faciebat,
1817 4435 1980 4505 hujus
2009 4451 2105 4505 ap-
2139 4457 2184 4513 ι)

537 4531 814 4602 .paritione
837 4530 980 4586 aeris
1010 4530 1064 4584 in
1092 4539 1282 4584 aestum
1313 4528 1666 4583 mutationem
1706 4534 1989 4582 notarunt.
2013 4525 2109 4583 Est

547 4636 728 4682 autem
754 4627 834 4681 sol
856 4640 1021 4680 causa
1046 4621 1373 4678 intcnsionis
1403 4631 1653 4676 aestuum.
1687 4618 1930 4673 Primum
1961 4619 2108 4674 enim

547 4732 672 4773 cum
709 4733 772 4771 ex
823 4717 999 4770 hieme
1043 4715 1217 4768 simus
1249 4711 1539 4784 frigefacti,
1569 4709 1868 4766 secundum
1912 4725 2109 4780 appro—

548 4809 956 4880 pinquationem
995 4823 1116 4878 qua:
1147 4807 1202 4861 ﬁt
1239 4807 1304 4862 ad
1341 4820 1439 4860 nos
1461 4846 1475 4870 ,
1503 4803 1693 4875 incipit
1723 4819 1824 4860 nos
1852 4804 1934 4860 sol
1964 4801 2110 4856 cale-

548 4906 726 4960 facere
758 4921 772 4957 :
799 4901 1037 4956 nondum
1096 4909 1274 4954 tamen
1325 4898 1664 4954 manifestam
1699 4897 1863 4953 efﬁcit
1907 4897 2108 4953 calefa-

547 4997 805 5059 ctionem,
840 5009 964 5047 cum
997 4993 1173 5046 adhuc
1204 4989 1525 5060 frigefactio,
1555 5004 1677 5060 quae
1703 4997 1786 5045 est
1807 4989 1876 5043 ab
1909 4989 2106 5052 hieme,

548 5094 896 5158 permaneat;
942 5101 1065 5139 cum
1095 5099 1224 5139 vero
1275 5083 1334 5138 ﬁt
1387 5083 1765 5146 commoratio,
1808 5090 1862 5138 ct
1895 5097 2109 5152 semper

549 5178 722 5248 magis
738 5175 1138 5248 34magisque
1164 5175 1563 5245 appmpinquat
1586 5174 1689 5240 sol,
1708 5174 1974 5245 contingit
1992 5173 2107 5228 ﬁeri

547 5284 772 5332 sensum
799 5266 1203 5331 calefactionis;
1237 5265 1434 5322 deinde
1456 5267 1723 5338 contingit
1747 5266 1830 5322 bis
1859 5266 1924 5320 ad
1959 5281 2110 5320 eam-

547 5361 670 5414 olem
701 5358 1088 5415 habitationem
1117 5359 1378 5414 continuo
1400 5359 1569 5414 solem
1592 5358 1868 5414 accedere.
1896 5357 2108 5412 Etenim

547 5454 602 5507 in
627 5466 919 5522 progressu
952 5449 1019 5503 ad
1053 5450 1298 5504 aestivum
1336 5451 1603 5520 tropicum
1639 5449 1930 5506 circulum.
1965 5459 2018 5504 et
2054 5450 2109 5502 in

550 5559 796 5610 recessu,
827 5559 922 5614 per
952 5542 1170 5598 easdem
1199 5543 1562 5602 habitationes
1590 5543 1786 5596 transit
1816 5542 1914 5597 sol.
1947 5539 2105 5596 Unde

547 5635 727 5691 evenit
773 5642 994 5706 propter
1034 5649 1257 5689 causam
1301 5634 1444 5688 hanc
1488 5632 1829 5688 intcnsioncs
1874 5643 2108 5688 aestuum

548 5726 684 5782 ﬁeri.
716 5724 980 5780 Praterea
1021 5738 1278 5783 accessus
1319 5725 1386 5781 ad
1418 5727 1672 5782 vastivum
1717 5726 1986 5796 tropicum
2051 5735 2103 5782 ct

2215 2243 2416 2316 ἄστρου
2438 2260 2452 2275 ο
2481 2245 2596 2298 ἔστι
2631 2245 2687 2297 δέ
2721 2246 2808 2298 ὅτε
2852 2243 3117 2316 προέλαϐε
3145 2244 3240 2314 τὴν
3277 2244 3642 2314 ἐπισημασίαν
3669 2243 3773 2314 πρὸ

2213 2335 2430 2407 ἡμερῶν
2477 2337 2771 2407 τεσσάρων.
2809 2336 2968 2390 Ὅθεν
3001 2336 3094 2390 καὶ
3125 2336 3174 2388 οἱ
3207 2337 3671 2406 ἀποτυγχάνοντες
3710 2337 3768 2388 ἐν

2212 2430 2328 2490 ταῖς
2349 2428 2684 2498 προρρήσεσι
2700 2427 2806 2480 τῶν
2829 2427 3206 2498 ἐπισημασιῶν
3227 2427 3436 2496 ἔχουσιν
3458 2428 3769 2496 ἀπολογίαν,

2214 2519 2294 2570 ὅτι
2319 2517 2612 2588 προέλαϐον
2650 2519 2747 2590 τὴν
2777 2519 3164 2588 ἐπισημασίαν,
3188 2519 3269 2571 ὅτι
3299 2518 3500 2588 ὑστέρα
3539 2518 3769 2585 ἐγένετο.

2294 2610 2381 2674 Ἐξ
2410 2603 2482 2664 ὧν
2513 2612 2728 2664 πάντων
2767 2611 3015 2682 φανερὸν,
3050 2611 3131 2664 ὃτι
3167 2611 3235 2664 τὰ
3273 2611 3422 2665 κατὰ·
3444 2611 3543 2673 τὰς
3583 2613 3770 2680 ἐπιση-

2209 2701 2413 2773 μασίας
2435 2704 2491 2755 ἐν
2513 2705 2623 2766 τοῖς
2657 2696 3090 2773 παραπὴγμασιν
3113 2704 3556 2774 όλοσχερέστερον
3586 2705 3775 2772 ἀναγέ-

2213 2805 2474 2860 γραπται,
2501 2791 2560 2842 οὐ
2611 2790 2772 2864 τέχνῃ
2818 2792 2924 2844 τινι¹
2950 2791 3070 2846 οὐδὲ
3111 2792 3323 2865 ἀνάγκῃ
3361 2793 3770 2862 μεθοδευόμενα,

2212 2883 2324 2936 ἀλλ’
2355 2884 2418 2935 ἐκ
2437 2883 2534 2954 τῆς
2556 2882 2806 2952 συνεχοῦς
2837 2885 3267 2954 παρατηρήσεως
3293 2884 3769 2956 ἀναγεγραμμένα.

2212 2975 2302 3028 Διὸ
2349 2974 2603 3036 πολλάκις
2639 2975 2997 3045 διαψεύδεται.
3033 2975 3192 3028 Ὅθεν
3227 2975 3344 3028 οὐδὲ
3377 2977 3772 3047 κατηγορητέον

2213 3064 2328 3117 ἐστὶ
2349 3063 2454 3117 τῶν
2476 3063 2835 3135 ἀστρολόγων,
2854 3065 2946 3117 ἐὰν
2975 3065 3416 3136 ἀποτυγχάνωσιν
3440 3069 3498 3120 ἐν
3516 3072 3639 3131 ταῖς
3663 3069 3773 3120 ἐπι-

2216 3156 2526 3226 σημασίαις.
2575 3155 2696 3209 Ἐὰν
2749 3156 2793 3209 δ’
2837 3155 3073 3225 ἔκλειψιν
3106 3156 3378 3228 προειπών
3420 3158 3564 3230 τιςῆ
3601 3161 3774 3213 ἐπιτο-

2213 3248 2309 3319 λὴν
2357 3247 2555 3319 ἀστρου
2601 3248 2892 3320 διαμάρτῃ,
2945 3248 3176 3319 εὐλόγως
3217 3249 3401 3302 καὶτὸ
3438 3252 3773 3323 ἐπιτήδευμα

2215 3339 2307 3392 καὶ
2363 3342 2392 3393 ό
2447 3339 2946 3412 μεταχειριζόμενος
3007 3342 3336 3413 κατηγορίας
3395 3342 3772 3416 ἀξιωθήσεται.

2215 3430 2394 3484 Πάντα
2448 3430 2555 3503 γὰρ
2595 3432 2754 3504 τέχνῃ
2791 3433 3180 3504 μεθοδευόμενα
3208 3434 3610 3508 ἀδιαμάρτητον
3637 3436 3776 3507 ἔχειν

2211 3523 2413 3591 ὀφείλει
2446 3523 2542 3594 τὴν
2569 3525 2856 3593 ἀπόφασιν.
2887 3526 2969 3578 Ta
3013 3526 3068 3579 δὲ
3115 3525 3247 3595 περὶ
3282 3525 3380 3591 τὰς
3411 3529 3775 3598 ἐπισημασίας

2213 3611 2321 3665 οὔτ’
2349 3614 2814 3684 ἐπιτυγχανόμενα
2841 3615 3101 3688 ὁλοσχερῆ
3133 3617 3223 3670 τὸν
3253 3617 3468 3673 ἔπαινον
3498 3618 3628 3688 ἔχει,
3657 3619 3776 3674 οὔτ’

2214 3703 2693 3772 ἀποτυγχανόμενα
2724 3704 3074 3774 κατηγορίαν.
3109 3707 3367 3777 Ἀτεχνον
3390 3708 3493 3778 γάρ
3513 3725 3565 3761 τι
3604 3710 3774 3780 μέρος

2213 3794 2328 3846 ἐστὶ
2355 3792 2509 3846 τοῦτο
2537 3792 2635 3862 τῆς
2668 3793 3040 3864 ἀστρολογίας,
3061 3798 3154 3850 καὶ
3173 3797 3273 3850 οὐκ
3304 3797 3452 3861 ἄξιον
3474 3802 3772 3871 προφορᾶς.

2214 3889 2286 3941 Τὸ
2311 3888 2368 3940 δέ
2395 3887 2522 3940 αὐτὸ
2559 3886 2893 3958 ὑποληπτέον
2915 3889 3009 3942 καὶ
3037 3890 3162 3960 περὶ
3193 3891 3290 3961 τὴν
3320 3892 3495 3955 Κυνὸς
3526 3893 3775 3965 ἐπιτολὴν

2213 3977 2472 4047 γίνεσθαι.
2497 3979 2701 4042 Πάντες
2726 3979 2833 4052 γὰρ
2867 3979 3336 4052 ὑπολαμϐάνουσιν
3374 3983 3510 4038 ίδίαν
3548 3985 3770 4057 δύναμιν

2211 4069 2353 4139 ἔχειν
2401 4070 2489 4122 τὸν
2531 4070 2752 4141 ἀστέρα,
2791 4071 2884 4124 καὶ
2913 4073 3197 4145 παραίτιον
3237 4075 3480 4144 γίνεσθαι
3522 4076 3623 4147 τῆς
3664 4077 3770 4130 τῶν

2211 4162 2501 4232 καυμάτων
2553 4163 2849 4226 ἐπιτάσεως
2886 4165 3000 4235 ἅμα
3033 4166 3474 4220 συνεπιτέλλοντα
3500 4167 3578 4240 τῷ
3615 4169 3767 4241 ἡλίῳ.

2212 4253 2381 4306 Τοῦτο
2422 4253 2465 4306 δ’
2510 4254 2608 4307 οὐκ
2637 4254 2782 4309 ἔστιν
2808 4255 2978 4320 οὕτως
3017 4257 3136 4328 έχον
3157 4257 3332 4323 ’ἀλλὰ
3364 4261 3486 4312 ἐπεὶ
3519 4261 3656 4314 κατά
3682 4263 3771 4314 τὸν

2211 4343 2651 4414 πυροειδέστατον
2697 4345 2885 4416 καιρὸν
2928 4345 3020 4398 τοῦ
3073 4347 3314 4400 ἐνιαυτοῦ
3343 4343 3491 4412 οὗτος
3531 4351 3558 4402 ό
3599 4351 3773 4422 ἀστὴρ

2211 4431 2480 4495 ἐπέτελλε,
2507 4435 2571 4504 τῇ
2593 4432 2780 4486 τούτου
2810 4433 2968 4502 φάσει
2997 4433 3402 4505 ἐσημειώσαντο
3426 4437 3525 4508 τὴν
3556 4439 3688 4510 πρὸς
3713 4440 3772 4491 τὺ

2210 4528 2396 4599 καῦμα
2425 4529 2723 4600 μεταϐολὴν
2771 4527 2862 4582 τοῦ
2911 4529 3087 4601 ἀέρος.
3120 4531 3274 4584 Ἔστι
3301 4530 3358 4584 δὲ
3387 4534 3413 4584 ὁ
3447 4532 3597 4602 ἥλιος
3629 4551 3771 4605 παρ·-

2209 4621 2376 4684 αίτιος
2410 4624 2509 4692 τῆς
2550 4621 2849 4686 ἐπιτάσεως
2898 4623 3006 4677 τῶν
3046 4624 3360 4694 καυμάτων.
3398 4625 3620 4696 Πρῶτον
3673 4627 3773 4698 μέν

2209 4712 2335 4784 γὰρ,
2364 4715 2427 4766 ἐκ
2451 4713 2544 4766 τοῦ
2569 4714 2832 4784 χειμῶνος
2857 4713 3279 4785 κατεψυγμένων
3310 4716 3488 4786 ἡμῶν,
3517 4717 3660 4772 κατά
3681 4719 3772 4772 τὸν

2210 4805 2569 4876 συνεγγισμὸν
2615 4805 2704 4859 τὸν
2746 4805 2880 4877 πρὸς
2922 4807 3070 4877 ἡμᾶς
3110 4807 3342 4879 ,ἄρχεται
3373 4811 3520 4880 ἡμᾶς
3549 4809 3773 4883 θερμαί-

2207 4915 2318 4952 νειν
2336 4915 2348 4928 ·
2387 4897 2540 4951 οὔπω
2581 4897 2638 4951 δὲ
2677 4897 2895 4969 ἔκδηλον
2927 4901 3070 4951 ποιεῖ
3094 4898 3191 4970 τὴν
3218 4898 3542 4971 θερμασίαν,
3568 4903 3648 4957 ἔτι
3674 4904 3774 4975 τῆς

2207 4989 2555 5060 καταψύεεως
2593 4989 2700 5043 ἀπὸ
2735 4989 2828 5042 τοῦ
2859 4989 3121 5060 χειμῶνος
3162 4991 3548 5063 διαμενούσης’
3572 4996 3774 5066 ,ἐπιμο-

2207 5082 2386 5153 νῆςὴδέ
2417 5081 2725 5152 γινομένης,
2759 5080 2853 5133 καὶ
2888 5079 3086 5150 μᾶλλον
3117 5081 3203 5134 ἀεὶ
3228 5083 3320 5135 καὶ
3348 5083 3551 5154 μᾶλλον
3588 5104 3773 5155 συνεγ-

2207 5172 2448 5241 γίζοντος
2487 5172 2578 5226 τοῦ
2611 5172 2780 5243 ἡλίου,
2823 5173 3144 5245 ἐπαίσθησιν
3187 5174 3470 5245 συμϐαίνει
3511 5177 3611 5247 τῆς
3645 5177 3770 5249 θερ-

2211 5268 2409 5335 μασίας
2439 5265 2699 5332 γίνεσθαι⁹
2721 5264 2907 5317 ἔπειτα
2942 5266 3226 5335 συμϐαίνει
3255 5267 3335 5329 δὶς
3358 5269 3449 5320 ἐπὶ
3480 5267 3579 5338 τὴν
3605 5269 3770 5340 αὐτὴν

2207 5355 2416 5426 οἴκησιν
2449 5355 2590 5409 κατά
2632 5355 2693 5408 τὸ
2735 5357 2951 5426 συνεχὲς
3001 5355 3307 5410 ἐπιϐάλλειν
3345 5357 3434 5410 τὸν
3465 5357 3637 5428 ἥλιον.
3663 5359 3771 5412 Καὶ

2208 5449 2316 5518 γάρ
2331 5451 2386 5500 ἐν
2397 5450 2462 5518 τῇ
2483 5447 2699 5518 παρόδῳ
2713 5450 2778 5519 τῇ
2797 5448 2930 5518 πρὸς
2945 5448 3034 5501 τὸν
3057 5448 3263 5520 θερινὸν
3281 5451 3538 5520 τροπικὸν
3555 5448 3769 5514 κύκλον,

2208 5537 2300 5590 καὶ
2319 5538 2377 5591 ἐν
2392 5539 2456 5608 τῇ
2481 5538 2826 5608 ἀποχωρήσει
2861 5536 2955 5600 τὰς
2980 5537 3148 5600 αὐτὰς
3171 5539 3409 5608 οἰκήσεις
3437 5537 3723 5608 παροδεύει
3744 5541 3773 5590 ό

2206 5629 2374 5702 ἥλιος.
2409 5631 2567 5684 Ὅθεν
2615 5631 2898 5703 συμϐαίνει
2942 5630 3030 5684 διὰ
3085 5631 3184 5700 τὴν
3235 5630 3412 5683 αἰτίαν
3439 5631 3642 5703 ταύτην
3673 5629 3772 5693 τάς

2209 5725 2485 5790 ἐπιτάσεις
2525 5723 2634 5778 τῶν
2685 5725 2978 5795 καυμάτων
3010 5723 3272 5793 γίνεσθαι.
3309 5725 3431 5778 Ἔτι
3458 5724 3516 5778 δέ
3550 5725 3641 5779 καὶ
3673 5722 3772 5787 τάς
