4000 6206
283 301 390 359 849

1303 301 1546 358 GEMINI
1583 300 1949 357 ELEMENTA
1985 299 2472 357 ASTRONOMUE.

3413 298 3517 354 850

285 412 579 488 προσόδους
623 413 723 489 τάς
762 413 893 485 πρὸς
937 400 1028 466 τὸν
1077 412 1284 486 θερινὸν
1337 415 1593 486 τροπικὸν
1634 413 1728 468 καὶ
1766 413 1858 477 τὰς

1969 429 2227 470 recessus
2277 427 2498 467 omnino
2538 423 2591 465 et
2644 411 2855 481 parvos'
2905 415 2960 466 et
3005 409 3346 466 insensibiles
3398 427 3520 466 esse

283 506 672 576 ἀποχωρήσεις
698 505 898 577 μικράς
929 523 989 558 τε
1015 505 1290 570 παντελῶς
1315 508 1408 560 καὶ
1431 505 1855 578 ἀνεπαισθήτους

283 593 422 651 εἶναι
451 595 765 669 συμϐέϐηκε
786 614 799 627 ο
842 597 1026 667 σχεδὸν
1053 598 1162 669 γάρ
1195 599 1280 667 ἐφ’
1313 599 1522 670 ἡμέρας
1565 606 1615 668 μ’
1645 599 1736 652 ἐπὶ
1764 599 1854 652 τοῦ

285 685 498 757 θερινοῦ
514 685 774 756 τροπικοῦ
793 686 993 739 κύκλου
1015 686 1112 758 τὴν
1141 685 1405 758 ἐπιμονὴν
1428 691 1680 743 ποιεῖται.
1699 689 1858 742 Ὅθεν

290 778 379 830 καὶ
428 777 496 831 τὰ
544 777 746 848 μεγέθη
795 778 902 831 τῶν
944 779 1164 850 ἡμερῶν
1213 782 1340 851 περὶ
1388 782 1484 844 τὰς
1525 781 1728 852 τροπὰς
1767 783 1858 834 άν-

291 868 616 954 επαίσθητον
637 868 748 939 ἔχει
769 868 866 939 τὴν
902 888 975 922 πα
985 869 1258 942 ραύξησιν.
1277 872 1426 924 Ἐπεὶ
1443 872 1498 924 δὲ
1521 872 1646 942 περὶ
1669 871 1856 924 τοῦτον

289 963 374 1014 τὸν
403 962 594 1033 καιρὸν
618 963 899 1017 ἐπέτελλεν
915 965 961 996 ⁸⁸
991 965 1019 1016 ὁ
1050 964 1232 1028 Κύων,
1263 968 1326 1037 τῇ
1360 965 1548 1018 τούτου
1583 965 1742 1034 φάσει
1767 965 1861 1017 τὸν

288 1053 476 1123 καιρὸν
509 1052 916 1122 ἐσημειώσαντο
951 1056 1049 1126 τῆς
1083 1055 1190 1108 τῶν
1216 1055 1508 1126 καυμάτων
1537 1055 1854 1121 ἐπιτάσεως,

287 1145 380 1212 οὐχ
408 1144 485 1207 ὡς
513 1145 677 1199 αὐτοῦ
703 1145 798 1198 τοῦ
826 1147 1024 1218 ἄστρου
1071 1149 1358 1219 παραιτίου
1406 1147 1711 1218 γινομένου,
1743 1148 1856 1200 ἀλλ’

285 1234 358 1296 ὠς
387 1234 482 1287 τοῦ
516 1236 667 1305 ἡλίου
696 1237 793 1307 τὴν
825 1237 1002 1290 αἰτίαν
1031 1237 1259 1307 ἔχοντος.

358 1323 420 1374 El
471 1322 570 1393 μὲν
616 1319 708 1377 οὖν
767 1324 842 1388 ὡς
879 1326 1102 1396 σημεῖόν
1131 1345 1214 1390 τις
1241 1329 1502 1399 λαμϐάνει
1540 1333 1631 1386 τοῦ
1666 1333 1856 1404 καιροῦ

297 1429 391 1482 την
444 1412 540 1465 τοῦ
578 1415 752 1478 Κυνὸς
787 1417 1056 1489 ἐπιτολὴν,
1083 1420 1256 1492 ὀρθῶς
1299 1422 1579 1493 λαμϐάνει,
1611 1423 1858 1494 καθάπερ

285 1504 542 1575 Ὅμηρός
572 1522 734 1574 φησιν
759 1508 850 1560 ἐπὶ
879 1509 970 1562 τοῦ
996 1511 1170 1574 Κυνὸς
1201 1513 1367 1576 οὕτως
1385 1529 1401 1544 ο
1676 1510 1680 1514 ’
1705 1507 1797 1515 Μ’

567 1619 767 1673 Κακόν
792 1620 858 1674 δέ
887 1638 947 1675 τε
974 1620 1138 1693 σῆμα
1165 1624 1454 1680 τέτυκται.

279 1729 354 1782 υύ
388 1724 497 1798 Ϋὰρ
519 1729 594 1793 ὼς
617 1725 750 1784 ἰδίαν
776 1731 1000 1803 δύναμιν
1025 1733 1238 1806 ἔχοντος
1264 1734 1426 1788 αὐτοῦ
1457 1737 1591 1807 πρὸς
1619 1737 1714 1808 τὴν
1736 1738 1855 1792 ἐπί-

278 1837 434 1877 ταπσ
476 1820 587 1876 τῶν
631 1822 954 1897 καυμάτων,
983 1825 1096 1882 ἀλλ’
1121 1828 1203 1892 ὡς
1239 1828 1464 1900 σημείου
1487 1829 1647 1906 χάριν
1666 1847 1856 1902 παρει-

276 1915 340 1986 λη
351 1935 387 1985 μ
393 1917 558 1986 μένου
567 1959 580 1972 .

351 2009 510 2060 Ὅσοι
569 2009 818 2078 μέντοιγε
873 2011 981 2065 τῶν
1022 2012 1258 2083 ποιητῶν
1291 2014 1383 2066 καὶ
1420 2014 1720 2086 φιλοσόφων
1759 2016 1856 2087 τὴν

275 2096 512 2167 δύναμιν
565 2101 662 2170 τῆς
701 2102 1002 2166 ἐπιτάσεως
1049 2103 1158 2157 τῶν
1218 2106 1511 2176 καυμάτων
1577 2108 1654 2179 τῷ
1718 2109 1857 2162 Κυνὶ
1905 2108 1907 2111 ’

279 2190 677 2258 προσάπτουσι,
716 2192 849 2244 πολὺ
893 2191 993 2262 τῆς
1033 2192 1290 2264 ἀληθείας
1336 2199 1430 2249 καὶ
1479 2195 1574 2250 τοῦ
1628 2198 1856 2266 φυσικοῦ

277 2278 444 2347 λόγου
473 2282 875 2354 πεπλανημένοι
907 2283 1063 2360 είσίν.
1110 2284 1168 2338 '0
1206 2287 1313 2358 γὰρ
1355 2287 1528 2360 ἀστὴρ
1564 2285 1715 2352 οὗτος
1758 2291 1858 2360 τῆς

276 2371 453 2441 αὐτῆς
504 2373 690 2436 οὐσίας
740 2373 1102 2445 κεκοινώνηκε
1165 2379 1300 2432 πᾶσι
1326 2382 1438 2443 τοῖς
1469 2381 1705 2452 ἄστροις.
1736 2381 1857 2435 Εἴτε

275 2459 389 2532 γὰρ
444 2462 645 2533 πύρινά
692 2465 858 2529 ἐστιν,
906 2467 1014 2519 εἴτε
1057 2467 1153 2521 καὶ
1190 2469 1403 2542 αἰθέρια
1432 2471 1499 2525 τὰ
1529 2472 1724 2544 ἄστρα,
1760 2474 1858 2544 τὴν

275 2551 453 2622 αὐτὴν
496 2551 609 2623 ἔχει
653 2553 878 2625 δύναμιν
912 2558 1108 2623 πάντα,
1136 2561 1226 2613 καὶ
1263 2561 1464 2630 ὀφείλει
1500 2565 1856 2634 κατακρατεῖ-

275 2641 406 2696 σθαι
443 2644 548 2696 ὑπὸ
579 2644 672 2698 τοῦ
707 2646 939 2718 πλήθους
973 2650 1081 2704 τῶν
1110 2651 1322 2724 ἄστρων
1357 2654 1390 2723 ή
1423 2653 1530 2706 ἀπὸ
1555 2653 1648 2706 τοῦ
1684 2654 1858 2718 Κυνὸς

280 2735 564 2806 ἀποφορὰ.
609 2739 717 2792 Καὶ
759 2739 866 2812 γὰρ
897 2741 973 2811 τῷ
1007 2742 1224 2812 μεγέθει
1261 2745 1502 2813 μείζονες
1539 2745 1699 2799 αὺτοῦ
1725 2747 1858 2800 εἰσιν

273 2827 485 2897 ἕτεροι,
525 2828 618 2880 κα)⁵
646 2829 724 2898 τῷ
761 2831 954 2901 πλήθει
984 2833 1216 2906 ἄπειροι.
1249 2836 1310 2887 El
1352 2832 1442 2889 οὖν
1493 2837 1552 2902 ἐξ
1609 2839 1860 2892 ἁπάντων

273 2916 461 2971 αὐτῶν
487 2919 520 2987 ή
543 2917 769 2990 δύναμις
792 2921 851 2974 οὐ
879 2919 1152 2977 διικνεῖται
1185 2925 1343 2998 μέχρι
1375 2926 1474 2997 τῆς
1497 2928 1617 3000 γῆς,
1637 2929 1756 2983 οὐδὲ
1779 2932 1859 2994 είς

272 3009 376 3078 τὴν
393 3007 488 3062 τοῦ
513 3009 662 3080 ἡλίου
686 3011 910 3083 δύναμιν
929 3015 1078 3069 οὐδὲν
1103 3017 1483 3086 συμϐάλλεται,
1507 3020 1622 3084 πῶς
1641 3020 1860 3074 πιθανὸν

1979 505 2260 575 contingit.
2316 502 2450 557 Fere
2479 503 2620 556 enim
2654 501 2720 555 ad
2750 501 2868 554 dies
2895 500 2964 553 40
2995 501 3048 553 in
3094 501 3280 554 aestivo
3311 501 3521 569 tropico

1974 599 2181 652 circulo
2209 612 2416 652 moram
2449 595 2596 651 facit.
2617 593 2769 649 Unde
2797 601 2852 648 et
2875 593 3275 663 magnitudines
3313 591 3523 646 dierum

1964 691 2109 746 circa
2127 691 2360 746 solstitia
2392 688 2707 744 insensibile
2731 687 2929 740 habent
2957 685 3366 738 incrementum.
3387 682 3522 736 Cum

1977 798 2103 838 vero
2149 783 2296 836 circa
2348 782 2450 835 hoc
2505 787 2718 848 tempus
2762 787 2939 831 ortum
2976 776 3176 830 faceret
3202 773 3386 836 Canis,
3426 773 3525 826 hu-

1976 874 2068 943 jus
2098 873 2438 943 apparitione
2492 870 2932 940 signilicaverunt
2967 874 3178 936 tempus
3205 862 3524 918 intensionis

1972 974 2247 1031 mstuum;
2294 979 2401 1018 non
2425 963 2568 1033 quod
2612 963 2785 1031 ipsum
2834 971 3038 1015 astrum
3075 959 3144 1012 sit
3194 970 3387 1020 causa,
3429 953 3520 1008 sed

1967 1062 2112 1132 quod
2145 1062 2226 1116 sol
2258 1061 2398 1114 hanc
2427 1073 2647 1116 causam
2676 1055 2889 1111 habeat.

2053 1327 2109 1381 Si
2141 1327 2305 1396 igitur
2337 1326 2533 1396 aliquis
2571 1340 2667 1393 pro
2697 1323 2852 1394 signo
2876 1323 3132 1391 temporis
3163 1319 3395 1391 accipiat
3411 1318 3518 1373 Ca-

1963 1419 2048 1474 nis
2079 1428 2285 1483 ortum,
2311 1427 2463 1474 recte
2490 1416 2721 1486 accipit;
2758 1417 2897 1471 sicut
2923 1413 3190 1469 Homerus
3240 1412 3415 1480 inquit
3454 1409 3522 1465 de

1959 1511 2106 1565 Cane
2137 1510 2246 1564 sic:

2104 1629 2307 1685 Malum
2337 1639 2510 1683 autem
2537 1629 2743 1699 signum
2770 1627 2970 1696 factum
3005 1635 3100 1679 est.

1962 1741 2080 1797 Non
2117 1743 2260 1797 enim
2285 1741 2630 1813 cogitandum
2660 1751 2762 1804 est,
2793 1740 2949 1809 quasi
2983 1738 3254 1808 propriam
3279 1736 3386 1790 vim
3427 1736 3522 1791 ha-

1966 1835 2090 1889 beat
2128 1835 2292 1889 Canis
2313 1835 2379 1888 ad
2411 1833 2770 1888 intensionem
2797 1841 3054 1896 aestuum,
3088 1831 3180 1886 sed
3209 1829 3352 1898 quod
3378 1828 3521 1899 signi

1958 1927 2136 1996 gratia
2169 1933 2483 1996 assumptus
2516 1926 2586 1980 sit
2607 1925 2789 1980 Canis.

1956 2031 1984 2056 λ
2044 2018 2430 2074 Verumtamen
2469 2018 2560 2085 qui
2617 2034 2680 2071 ex
2723 2016 2896 2086 poetis
2939 2023 2997 2070 et
3031 2012 3365 2084 philosOphis
3411 2013 3517 2066 vim

1963 2111 2290 2168 intensionis
2335 2117 2565 2166 aestuum
2597 2109 2728 2164 Cani
2779 2110 3083 2170 ascribunt,
3121 2106 3175 2160 hi
3221 2106 3446 2158 multum
3487 2119 3520 2155 a

1958 2202 2185 2259 veritate
2239 2209 2293 2255 et
2357 2201 2596 2255 naturali
2643 2201 2890 2255 doctrina
2946 2199 3353 2252 aberraverunt.
3397 2194 3522 2249 Haec

1959 2295 2104 2350 enim
2129 2293 2286 2348 stella
2315 2292 2560 2348 eamdem
2589 2300 2836 2346 naturam
2877 2290 3068 2345 sortita
3092 2297 3176 2344 est
3197 2302 3318 2342 cum
3349 2286 3522 2341 omni~

1961 2384 2064 2439 bus
2123 2383 2305 2439 astris.
2367 2381 2492 2438 Sive
2518 2383 2664 2436 enim
2719 2385 2878 2451 ignea
2932 2387 3083 2444 sunt,
3129 2378 3244 2433 sive
3293 2376 3525 2431 attherea

1959 2483 2129 2538 astra,
2161 2472 2406 2527 eamdem
2437 2473 2620 2526 omnia
2646 2470 2846 2525 habent
2881 2472 3009 2532 vim,
3041 2477 3095 2525 et
3131 2467 3289 2523 debet
3310 2465 3453 2520 vinci
3493 2479 3523 2518 a

1959 2560 2309 2616 multitudine
2336 2571 2626 2616 astrorum,
2652 2560 2901 2615 deﬂuxus
2937 2575 2968 2613 a
3011 2559 3182 2614 Cane.
3228 2556 3359 2610 Nam
3408 2570 3524 2610 ma-

1959 2653 2438 2726 gnitudiueetiam
2474 2654 2684 2707 stellam
2718 2651 2881 2706 Canis
2911 2658 3171 2719 superant
3189 2650 3308 2703 alia:
3331 2648 3519 2713 stellae,

1959 2755 2015 2803 et
2048 2744 2393 2800 multitudine
2440 2753 2566 2800 sunt
2597 2744 2839 2798 infinite.
2873 2742 2930 2796 Si
2962 2743 3124 2812 igitur
3169 2757 3234 2795 ex
3267 2740 3522 2794 omnibus

1962 2841 2096 2910 ipsis
2123 2839 2207 2895 vis
2234 2853 2340 2893 non
2374 2840 2616 2908 pervenit
2651 2851 2823 2905 usque
2863 2834 2929 2889 ad
2975 2844 3194 2896 terram,
3238 2847 3413 2900 neque
3453 2834 3522 2886 ad

1961 2928 2095 2984 solis
2118 2928 2228 2982 vim
2256 2928 2552 2999 quidquam
2589 2926 2822 2991 confert,
2854 2925 3125 2996 quomodo
3151 2922 3410 2978 credibile
3439 2932 3523 2978 est

1962 3019 2234 3076 defluxum
2271 3021 2340 3074 ab
2366 3035 2477 3075 uno
2506 3028 2656 3074 astro
2685 3026 2890 3073 tautam
2915 3025 3143 3072 aestuum
3164 3017 3520 3070 tutensioneui

272 3104 376 3173 τὴν
411 3103 522 3156 ἀπὸ
549 3104 641 3158 τοῦ
674 3108 789 3171 ἐνὸς
816 3109 1014 3184 ἄστρου
1048 3113 1324 3186 ἀποφοράν
1361 3116 1692 3191 τηλικαύτην
1735 3121 1856 3173 ἐπί-

1963 3111 2181 3169 facere?
2244 3111 2450 3180 Quodsi
2517 3127 2625 3166 non
2685 3110 2946 3180 adjuvant
2996 3105 3289 3179 quidquam
3331 3121 3523 3163 omnes

271 3213 440 3249 τασιν
472 3197 582 3252 τῶν
625 3201 920 3273 καυμάτων
949 3208 1155 3272 ποιεῖν;
1185 3208 1246 3259 Εἰ
1275 3207 1330 3260 δὲ
1357 3208 1429 3279 μὴ
1468 3211 1783 3282 συνεργοῦσί
1804 3229 1856 3266 τι

275 3289 486 3352 πάντες
529 3292 578 3342 οί
634 3292 890 3358 ἀπλανεῖς
931 3296 1176 3367 ἀστέρες,
1229 3298 1328 3368 τῆς
1375 3288 1544 3372 αὐτῆς
1576 3304 1855 3376 δυνάμεως

274 3383 776 3451 κεκοινωνηκότες,
813 3385 911 3438 οὐκ
965 3387 1235 3458 ἐνδέχεται
1290 3389 1388 3462 τὴν
1441 3391 1548 3445 ἀπὺ
1592 3394 1686 3446 τοῦ
1739 3395 1857 3458 ἐνὸς

273 3470 483 3542 ἄστρου
520 3473 820 3545 θερμασίαν
865 3477 1127 3551 αἰσθητὴν
1169 3479 1430 3553 διαφοράν
1454 3483 1770 3552 ἀποφαίνειν
1799 3488 1856 3540 ἐν

199 3616 202 3617 ,
272 3566 399 3627 ταῖς
431 3565 813 3648 συνανατολαῖς
839 3567 930 3622 τοῦ
963 3570 1134 3640 ἡλίου.

349 3656 518 3710 Ἔστι
576 3657 621 3710 δ’
675 3658 834 3723 αὐτὸς
866 3663 894 3714 ό
920 3662 1068 3732 ἥλιος
1095 3667 1378 3736 παραίτιος
1406 3668 1514 3720 τῶν
1541 3671 1854 3740 καυμάτων,

275 3746 426 3800 κατά
463 3747 526 3802 τὸ
560 3750 779 3820 συνεχὲς
822 3752 912 3804 τὸν
946 3754 1104 3808 αὑτὸν
1138 3757 1297 3810 τόπον
1330 3760 1428 3829 τῆς
1455 3760 1715 3832 οἰκήσεως
1742 3765 1859 3814 ἐπι-

275 3841 668 3911 πορευόμενος.
697 3845 771 3897 Οὐ
804 3843 1085 3916 δυνάμενοι
1117 3847 1172 3901 δὲ
1205 3851 1389 3921 κοινὴν
1420 3852 1629 3923 ἡμέραν
1659 3854 1858 3906 ἅπασιν

272 3931 564 4002 ἀφορίσαι,
599 3935 657 3986 ἐν
739 3936 974 4004 γίνονται
1015 3942 1068 3992 αἱ
1097 3942 1372 4007 ἐπιτάσεις
1401 3943 1509 3997 τῶν
1541 3946 1854 4016 καυμάτων,

274 4023 409 4075 ἐπεὶ
430 4025 572 4078 κατά
585 4025 771 4081 τοῦτον
795 4028 884 4082 τὸν
913 4030 1102 4101 καιρὸν
1129 4033 1410 4087 ἐπέτελλεν
1432 4028 1586 4099 οὗτος
1606 4037 1634 4088 ὁ
1661 4036 1854 4107 ἀστὴρ,

280 4115 336 4184 τῇ
372 4113 569 4170 τούτου
607 4119 767 4186 φάσει
803 4120 895 4173 τὸν
929 4122 1121 4194 καιρὸν
1149 4127 1571 4197 ἐσημειώσαντο.

347 4205 480 4259 Ὀτι
501 4206 558 4259 δὲ
577 4207 676 4260 οὐκ
700 4207 845 4262 ἔστιν
873 4212 902 4262 ὁ
934 4211 1106 4284 ἀστὴρ
1132 4215 1414 4286 παραίτιος
1438 4216 1537 4285 τῆς
1562 4217 1859 4281 ἐπιτάσεως

275 4297 392 4351 τῶν
418 4298 733 4368 καυμάτων,
757 4302 821 4352 ὲκ
847 4301 952 4354 τῶν
979 4302 1228 4371 λέγεσθαι
1273 4306 1572 4375 μελλόντων
1607 4307 1856 4379 φανερόν.

277 4387 510 4459 Πρῶτον
563 4391 660 4460 μὲν
699 4392 808 4463 γάρ
845 4393 1104 4456 πολλάκις
1138 4397 1582 4451 συνανατέλλουσι
1616 4398 1692 4469 τῷ
1725 4399 1859 4470 ἡλίῳ

278 4481 380 4535 καὶ
409 4481 654 4547 πλείονες
687 4485 779 4538 καὶ
811 4484 1053 4556 μείζονες
1084 4487 1308 4558 ἀστέρες
1327 4532 1341 4555 ,
1371 4491 1465 4544 καὶ
1490 4491 1741 4562 οὐδεμίαν
1770 4495 1855 4547 αί-
1889 4475 1934 4530 D

281 4573 490 4645 σθητὴν
528 4576 736 4629 ποιοῦσι
769 4577 1143 4649 παραλλαγὴν,
1173 4579 1286 4632 ἀλλ’
1345 4581 1490 4635 ἔστιν
1523 4584 1610 4636 ὅτε
1646 4585 1709 4636 ἐκ
1750 4584 1862 4637 τῶν

282 4665 545 4719 ἐναντίων
575 4667 632 4719 ἐν
663 4671 781 4731 ταῖς
813 4668 1084 4732 ἐπιτολαῖς
1112 4671 1289 4723 αὐτῶν
1314 4673 1407 4726 καὶ
1435 4672 1618 4727 δύσεσι
1655 4674 1859 4746 χειμῶ-

281 4772 370 4820 νες
414 4756 677 4824 γίνονται,
714 4761 805 4813 καὶ
833 4762 1021 4832 ἄνεμοι
1047 4761 1244 4834 ψυχροὶ
1281 4764 1550 4832 πνέουσιν,
1580 4765 1655 4831 ὡς
1697 4767 1860 4837 μηδὲν

283 4849 464 4902 αὐτῶν
496 4851 944 4923 συμϐαλλομένων
971 4854 1107 4926 πρὸς
1126 4854 1223 4926 τὴν
1249 4855 1495 4911 ἐπίτασιν
1519 4857 1626 4912 τῶν
1657 4860 1862 4929 καυμά-

282 4950 389 4986 ⁴των
413 4951 428 4964 ο
466 4935 722 5013 πολλάκις
756 4939 812 4992 δέ
843 4941 936 4994 καὶ
974 4942 1030 4994 ἐν
1083 4940 1161 5013 τῷ
1198 4941 1346 5012 αὖ.τῷ
1395 4941 1568 5015 ξωδίῳ
1612 4944 1690 5017 τῷ
1725 4946 1859 5017 ἡλίῳ

282 5026 524 5092 γίνονται
565 5029 789 5100 ἀστέρες
821 5033 927 5088 τῶν
957 5034 996 5086 ε’
1028 5035 1310 5106 πλανητῶν
1343 5038 1392 5089 οἱ
1428 5037 1690 5108 μέγιστοι,
1726 5038 1860 5091 Φαέ-

285 5115 414 5181 θων,
456 5119 766 5191 Φωσφόρος,
807 5123 1055 5194 Πυρόεις,
1091 5126 1182 5194 ἀφ’
1210 5118 1284 5178 ὧν
1331 5128 1423 5180 καὶ⁹
1467 5127 1720 5196 δυνάμεις
1766 5128 1860 5179 ἐπὶ

286 5208 383 5278 τὴν
412 5209 517 5279 γῆν
547 5212 826 5276 πίπτουσι,
859 5216 952 5267 καὶ
977 5215 1130 5268 οὐδὲν
1159 5216 1309 5287 παρά
1345 5217 1442 5288 τὴν
1475 5218 1650 5271 αὐτῶν
1681 5218 1858 5272 αἰτίαν

287 5298 683 5373 διαφορώτερον
716 5305 845 5375 περὶ
869 5308 958 5358 τὸν
986 5307 1120 5376 ἀέρα
1152 5309 1378 5375 γίνεται.
1396 5308 1486 5373 Ἐξ
1516 5301 1576 5363 οὗ
1608 5309 1856 5380 φανερὸν,

289 5391 373 5444 ὅτι
404 5395 554 5448 οὐδὲν
585 5396 975 5466 συμϐάλλονται
1003 5399 1136 5468 πρὸς
1169 5401 1266 5471 τὴν
1299 5400 1546 5454 ἐπίτασιν
1586 5401 1692 5453 τῶν
1723 5419 1857 5454 καυ-

293 5485 478 5552 μάτων
509 5487 622 5539 οὔθ’
644 5490 692 5541 οἱ
721 5489 974 5554 ἀπλανεῖς
1002 5489 1113 5544 οὗθ’
1158 5494 1204 5544 οἱ
1234 5493 1496 5563 πλανῆται
1529 5495 1781 5565 ἀστέρεςο
1811 5496 1859 5546 εί

231 5630 235 5634 ,
295 5573 404 5645 γὰρ
442 5576 667 5648 δύναμίν
718 5596 836 5632 τινα
879 5581 1237 5652 προσεφέρετο
1282 5585 1308 5634 ὁ
1345 5583 1538 5647 Κύων,
1574 5583 1676 5636 ἔδει
1720 5584 1859 5637 κατά

362 5714 405 5744 ⁵*
433 5731 520 5782 γρ.
553 5715 836 5769 ἐπιτέλλει.

1965 3208 2269 3261 inerrantes
2317 3205 2507 3269 stellae,
2557 3217 2683 3256 cum
2730 3201 2976 3257 eamdem
3007 3201 3116 3255 vim
3157 3200 3266 3254 sint
3295 3199 3520 3263 sortitae,

1912 3292 1914 3294 ’
1966 3314 2076 3354 non
2110 3298 2371 3369 possibile
2398 3304 2483 3352 est
2535 3294 2941 3351 calefactionem
2969 3293 3038 3348 ab
3072 3309 3179 3347 una
3218 3292 3368 3347 stella
3399 3305 3525 3367 pro.

1966 3391 2299 3463 gradientem
2335 3388 2550 3444 eﬂicere
2581 3387 2894 3444 sensibilem
2937 3386 3249 3454 varietatem
3283 3385 3338 3442 in
3372 3397 3525 3442 coor-

1967 3483 2115 3539 tibus
2137 3499 2262 3536 cum
2302 3482 2438 3538 sole.

2035 3664 2130 3718 Est
2165 3672 2344 3718 autem
2375 3662 2495 3734 ipse
2536 3662 2618 3717 sol
2650 3673 2817 3715 causa
2849 3665 3102 3720 aestuum,
3154 3654 3417 3710 continuo
3457 3655 3523 3709 ad

1963 3759 2211 3816 eumdem
2255 3759 2433 3814 locum
2465 3754 2815 3812 habitationis
2845 3753 3131 3809 accedens.
3155 3751 3292 3806 Cum
3345 3758 3525 3806 autem

1965 3869 2074 3908 non
2105 3859 2327 3922 possent
2359 3850 2612 3905 omnibus
2645 3847 2957 3902 hominibus
3002 3859 3346 3901 communem
3381 3843 3523 3897 diem

1965 3945 2349 4009 determinare,
2387 3943 2440 3997 in
2471 3956 2580 4012 qua
2611 3940 2693 3995 ha:
2740 3939 3083 3995 intensiones
3105 3948 3331 3992 aestuum
3365 3935 3523 3997 fiunt,

1965 4053 2198 4108 cumque
2227 4037 2374 4092 circa
2408 4036 2511 4089 hoc
2554 4043 2768 4105 tempus
2799 4032 2915 4087 haec
2954 4031 3108 4087 stella
3139 4030 3392 4092 oriretur,
3427 4027 3526 4081 hu-

1961 4131 2054 4202 jus
2093 4129 2432 4200 apparitione
2465 4128 2569 4182 hoc
2605 4136 2820 4196 tempus
2854 4124 3312 4195 signiticaverunt.

1981 4278 1984 4279 ν
2037 4223 2193 4290 Quod
2231 4230 2411 4277 autem
2441 4221 2558 4277 haec
2586 4219 2741 4275 stella
2774 4233 2880 4272 non
2911 4217 2983 4272 sit
3012 4229 3176 4269 causa
3203 4208 3527 4265 intensionis

1966 4325 2220 4379 aestuum,
2273 4331 2338 4369 ex
2396 4314 2464 4368 iis
2511 4328 2632 4383 qua:
2694 4310 2948 4366 dicentur
2999 4307 3101 4362 erit
3156 4301 3525 4358 manifestum.

1968 4407 2210 4462 Primum
2240 4406 2384 4461 enim
2417 4419 2562 4474 saepe
2586 4402 2908 4457 cooriuntur
2939 4413 3062 4453 cum
3096 4396 3209 4452 sole
3262 4403 3315 4448 et
3344 4394 3527 4463 plures

1965 4507 2022 4555 et
2073 4498 2314 4568 majores
2344 4496 2544 4560 stellae,
2574 4503 2628 4549 et
2673 4494 2878 4547 nullam
2931 4489 3242 4546 sensibilem
3290 4485 3528 4540 ellictunt

1966 4597 2309 4657 varietatem,
2363 4589 2458 4646 sed
2517 4585 2786 4642 interdum
2826 4581 3134 4639 econtrario
3165 4580 3218 4633 in
3242 4577 3452 4632 ortibus
3473 4585 3528 4630 et

1964 4685 2257 4741 occasibus
2278 4696 2466 4737 earum
2496 4685 2846 4748 tempestates
2893 4675 3048 4738 ﬁunt,
3083 4680 3138 4726 et
3163 4671 3308 4726 venti
3345 4668 3527 4739 frigidi

1965 4778 2200 4848 spirant,
2238 4785 2493 4845 tanquam
2531 4771 2584 4828 hi
2617 4780 2773 4826 ortus
2802 4775 2855 4823 et
2895 4779 3124 4820 occasus
3163 4763 3300 4818 nihil
3342 4761 3530 4816 confe-

1964 4877 2090 4922 raut
2116 4867 2183 4921 ad
2215 4867 2578 4922 intensionem
2605 4871 2858 4916 aestuum.
2895 4856 3048 4928 Saepe
3076 4855 3239 4911 etiam
3265 4856 3321 4908 in
3339 4853 3527 4909 eodem

1965 4961 2123 5032 signo
2147 4975 2270 5014 cum
2303 4958 2418 5012 sole
2441 4964 2569 5011 sunt
2598 4971 2628 5010 e
2644 4953 2884 5024 quinque
2904 4949 3136 5022 planetis
3164 4947 3334 5002 stella:
3357 4946 3531 5000 maxio

1937 5049 2090 5115 'mm,
2117 5050 2350 5120 Jupiter.
2383 5049 2600 5103 Lucifer
2641 5055 2695 5101 et
2722 5045 2900 5109 Mars;
2937 5059 2966 5096 a
3001 5041 3202 5112 quibus
3229 5046 3282 5094 et
3306 5038 3449 5092 vires
3473 5037 3528 5097 in

1967 5153 2166 5200 terram
2197 5146 2436 5204 cadunt,
2469 5147 2521 5194 et
2568 5149 2748 5194 tamen
2802 5143 3024 5205 propter
3067 5135 3260 5186 horum
3308 5143 3528 5184 causam

1963 5235 2098 5288 nihil
2131 5234 2277 5287 circa
2303 5246 2481 5286 aerem
2509 5228 2683 5298 magis
2705 5227 2762 5280 fit
2792 5227 3085 5279 diversum.
3114 5219 3192 5275 Ex
3217 5233 3325 5290 quo
3357 5219 3533 5298 mania

1970 5323 2171 5378 festum
2211 5329 2299 5377 est
2338 5320 2482 5391 quod
2524 5297 2657 5372 nihil
2705 5313 2994 5370 conferant
3046 5313 3114 5367 ad
3166 5297 3528 5367 intensioneni

1969 5425 2200 5469 aestuum
2231 5427 2408 5482 neque
2438 5412 2742 5466 inerrantes
2773 5422 2948 5477 neque
2973 5412 3222 5460 errantes
3257 5403 3445 5458 stellae.
3471 5400 3530 5455 Si

1965 5506 2107 5560 enim
2164 5505 2272 5557 vim
2326 5503 2614 5572 quamdam
2655 5499 2870 5554 afferret
2920 5497 3104 5558 Canis,
3150 5491 3434 5566 oportebat
3473 5492 3528 5545 in
3595 5533 3599 5539 .

1975 5612 2101 5651 vero
2151 5605 2274 5649 ortu
2323 5594 2683 5649 intensioncm
2743 5601 2974 5648 aestuum
3027 5589 3162 5644 fieri.
3197 5585 3351 5642 Tunc
3385 5584 3530 5641 enim
3595 5619 3599 5624 -
