4000 6206
541 311 642 369 831

1503 300 1595 362 AD
1630 304 1894 362 EUSEBII
1932 298 2327 361 CHRONICON
2369 300 2771 360 APPPENDIX.

3650 300 3739 357 852

535 432 699 488 simul
725 445 832 486 una
869 428 1045 484 oritur
1075 442 1198 484 cum
1230 426 1362 484 sole.
1386 426 1502 483 Non
1535 428 1591 481 lit
1621 436 1801 483 autem
1837 426 1961 492 hoc,
1998 442 2065 480 εει

2195 424 2293 495 τὴν
2324 423 2581 494 ἀνατολὴν
2609 423 2714 477 τῶν
2744 421 3035 493 καυμάτων
3061 421 3301 490 γίνεσθαι
3331 421 3606 475 ἐπίτασινο
3637 422 3741 475 τότε

532 523 589 580 in
637 520 919 594 apparenti
950 528 1074 576 ortu
1112 520 1339 575 maximi
1375 520 1511 574 [lunt
1558 528 1746 574 azstus.
1777 517 1939 573 Circa
1985 516 2089 571 hoc

530 615 673 671 enim
714 624 926 683 tempus
950 613 1031 667 sol
1079 619 1302 683 prOpter
1336 611 1513 667 dictas
1566 625 1774 667 causas
1809 610 1970 666 eﬂicit
2012 610 2089 664 iu-

527 706 831 762 tensionem
863 712 1117 761 aestuum.
1149 705 1205 759 ln
1259 702 1449 758 Rhodo
1472 702 1616 758 enim
1661 710 1783 773 post
1810 702 1879 757 30
1908 701 2024 756 dies
2054 716 2087 755 a

526 798 761 855 solstitio
800 799 975 852 oritur
1019 796 1134 851 haec
1185 795 1381 861 stella;
1420 794 1475 848 in
1505 794 1628 848 aliis
1688 794 1822 849 locis
1866 801 1989 863 post
2015 793 2085 847 40

523 888 639 943 dies
664 886 838 942 aestivi
869 884 1120 951 solstitii;
1152 885 1274 940 aliis
1307 889 1427 953 post
1447 882 1546 937 50:
1586 882 1660 936 ita
1694 890 1752 935 ut
1780 880 1900 951 ejus
1929 889 2086 936 ortus

522 993 633 1032 non
666 977 899 1047 amplius
934 977 1096 1032 faciat
1122 977 1483 1030 inteusionem
1519 983 1750 1029 aestuum
1783 990 1796 1025 :
1823 973 1965 1043 quod
1995 986 2086 1027 ne-

522 1067 656 1122 mini
686 1084 794 1122 non
818 1066 1165 1122 manifestum
1192 1072 1296 1129 est,
1326 1063 1474 1135 quod
1505 1078 1627 1119 cum
1662 1078 1829 1119 unum
1856 1064 1928 1119 sit
1950 1061 2083 1116 illud

521 1169 757 1231 tempus,
789 1157 933 1230 quod
967 1158 1330 1212 intensionem
1382 1164 1613 1210 aestuum
1648 1154 2077 1222 comprehendit,

520 1251 669 1321 quod
700 1258 784 1305 est
829 1259 952 1320 post
985 1249 1103 1304 dies
1138 1249 1207 1304 50
1237 1247 1458 1303 solstitii
1499 1246 1702 1313 astivi;
1732 1247 1786 1300 in
1811 1245 1913 1299 boc
1961 1245 2081 1315 ipso

521 1356 764 1413 tempore
793 1341 935 1420 apud
970 1340 1108 1395 alios
1139 1339 1304 1396 Canis
1349 1340 1558 1405 oritur,
1590 1346 1645 1393 et
1682 1344 1894 1406 tempus
1941 1334 2082 1390 indi-

518 1438 628 1495 cat,
664 1429 805 1502 apud
836 1432 973 1487 alios
1014 1445 1144 1486 vero
1177 1429 1325 1485 aliud
1360 1428 1636 1499 quoddam
1660 1443 1727 1483 ex
1754 1428 1919 1483 astris
1947 1442 2080 1481 con-

518 1520 916 1584 stellationum;
941 1534 1051 1575 non
1078 1520 1220 1574 enim
1246 1520 1409 1575 simul
1431 1518 1686 1574 omnibus
1727 1519 1892 1573 astris
1924 1526 2079 1574 ortus

516 1619 570 1665 et
591 1626 818 1667 occasus
848 1611 1115 1682 contingit
1140 1611 1276 1667 ﬁeri.

571 1848 724 1923 Quod
742 1868 870 1912 vero
887 1871 916 1911 a
933 1850 1179 1926 plurimis
1195 1855 1415 1924 dicitur,
1428 1854 1571 1926 quod
1587 1855 1732 1912 circa
1743 1864 1956 1928 tempus
1969 1857 2074 1912 hoc

512 1949 619 2023 35
642 1949 805 2006 Canis
831 1949 1041 2004 oriatur
1066 1965 1189 2005 cum
1226 1951 1359 2014 sole,
1384 1950 1606 2005 omnino
1632 1958 1715 2006 est
1741 1952 2070 2021 imperitum.

512 2040 573 2096 In
599 2042 703 2099 hoc
730 2042 873 2097 enim
916 2050 1160 2113 tempore
1206 2043 1497 2113 plurimum
1528 2059 1558 2097 a
1599 2043 1713 2097 sole
1752 2042 1919 2097 distat
1959 2042 2073 2096 haec

513 2133 689 2189 stella.
720 2132 812 2188 Sol
863 2135 1007 2188 enim
1056 2135 1283 2189 omnino
1314 2135 1368 2188 in
1392 2135 1581 2190 aestivo
1625 2132 1836 2202 tropico
1867 2133 2075 2187 circulo

512 2227 619 2280 iter
663 2224 834 2280 facit:
868 2225 1035 2280 Canis
1065 2239 1197 2279 vero
1246 2226 1300 2279 in
1338 2225 1567 2280 hiberno
1607 2223 1818 2293 tropico
1863 2222 2073 2278 circqu

510 2318 649 2373 situs
674 2324 795 2382 est;
824 2316 899 2369 ita
923 2325 981 2371 ut
1003 2315 1058 2369 hi
1089 2315 1381 2369 maximam
1424 2330 1453 2368 a
1482 2330 1541 2370 se
1584 2314 1818 2369 invicem
1864 2312 2073 2370 distan-

509 2408 640 2462 tiam
667 2406 927 2461 habeant.
952 2404 1239 2471 Quomodo
1268 2404 1435 2475 igitur
1466 2414 1653 2474 posset
1695 2404 1861 2459 Canis
1902 2418 2070 2459 causa

506 2512 630 2554 esse
669 2496 1000 2552 intensionis
1045 2497 1321 2552 aestuum?
1347 2494 1549 2552 faceret
1595 2503 1775 2552 autem
1806 2496 2071 2552 intensio-

508 2605 653 2651 nem,
689 2590 733 2645 si
763 2603 925 2659 quam
976 2589 1084 2643 vim
1130 2587 1353 2643 haberet
1393 2587 1509 2643 haec
1560 2588 1740 2654 stella,
1773 2597 1887 2643 tum
1941 2604 2067 2645 cum

506 2683 652 2741 esset
680 2680 975 2747 conjuncta
1007 2678 1108 2733 soli
1138 2677 1437 2733 secundum
1469 2678 1727 2734 hibernas
1764 2681 2071 2736 conversio-

504 2786 625 2835 nes,
668 2784 903 2840 cumque
949 2769 1182 2825 ferretur
1213 2768 1269 2824 in
1302 2768 1492 2824 eodem
1519 2769 1726 2824 circulo
1763 2769 1877 2823 haec
1910 2769 2065 2825 stella

505 2876 629 2916 cum
649 2860 798 2927 sole;
829 2870 961 2916 tunc
989 2860 1132 2915 enim
1169 2860 1452 2930 oportebat
1492 2860 1729 2929 aliquam
1772 2860 1919 2924 ﬁeri,
1943 2874 2070 2916 con-

503 2964 589 3008 tra
618 2950 671 3006 id
711 2949 854 3022 quod
906 2957 1148 3021 apparet,
1174 2949 1485 3004 sensibilem
1517 2949 1661 3004 aeris
1688 2949 2065 3005 mutationem.

503 3044 623 3100 Non
653 3045 712 3099 tlt
748 3052 928 3099 autem
965 3042 1088 3107 hoc,
1117 3041 1211 3097 sed
1248 3056 1279 3096 e
1306 3040 1582 3096 contrario
1627 3041 1813 3112 potius
1858 3041 2054 3098 hiems.

502 3135 658 3193 Unde
686 3135 889 3192 tabulis
926 3148 1026 3207 pro
1055 3133 1211 3205 signo
1236 3131 1530 3189 ascribitur
1553 3143 1714 3190 ortus
1731 3132 1919 3191 Canis.
1951 3134 2059 3189 Ita—-
2088 3114 2133 3174 Α

502 3244 612 3300 que
636 3222 987 3284 manifestum
1030 3234 1115 3283 est
1143 3242 1208 3281 cx
1233 3226 1516 3291 omnib‘us,
1554 3242 1733 3298 neque
1772 3229 1910 3285 hanc
1938 3231 2064 3286 stel-

501 3323 632 3386 lam,
684 3336 860 3392 neque
902 3320 1060 3376 aliam
1101 3319 1267 3376 ullam
1320 3329 1528 3377 tantam
1582 3321 1785 3377 habere
1832 3320 1963 3388 vim,
2000 3330 2062 3377 ut

500 3411 652 3468 circa
693 3425 876 3470 aerem
913 3413 1242 3469 mutationes
1280 3412 1512 3474 eﬂiciat:
1557 3412 1653 3469 sed
1705 3413 2058 3486 principalem

498 3516 625 3559 esse
649 3516 873 3559 causam
905 3502 1072 3559 solem
1108 3522 1122 3559 :
1153 3504 1346 3559 harum
1380 3519 1510 3559 vero
1538 3513 1692 3561 ortus
1738 3513 1793 3560 et
1828 3519 2060 3562 occasus

499 3595 556 3650 in
612 3595 979 3665 cognitionem
1022 3597 1384 3651 mutationum
1441 3597 1585 3653 aeris
1631 3598 1849 3668 apponi.
1884 3600 2057 3665 Quam

498 3686 571 3742 ob
590 3701 812 3742 causam
842 3700 1017 3759 neque
1045 3703 1262 3759 semper
1310 3699 1633 3760 congruunt.
1680 3689 1831 3745 Unde
1867 3693 2057 3747 melio-

499 3780 655 3837 ribus
675 3779 875 3850 aliquis
903 3788 1148 3837 uteretur
1174 3780 1242 3836 iis
1260 3780 1433 3852 signis
1462 3797 1583 3853 qua:
1616 3799 1645 3836 a
1673 3791 1869 3838 natura
1896 3787 2056 3842 nobis

498 3874 721 3933 dantur.
746 3871 945 3943 quibus
979 3878 1034 3926 et
1057 3871 1256 3928 Aratus
1297 3881 1381 3928 est
1416 3888 1570 3928 usus.
1611 3872 1744 3927 Nam
1790 3889 1884 3931 cas
1916 3877 2059 3931 aeris

495 3963 845 4028 mutationes,
861 3977 982 4033 quae
1007 3961 1143 4018 ﬁunt
1158 3979 1222 4018 ex
1250 3964 1459 4021 ortibus
1493 3972 1548 4020 et
1573 3965 1856 4021 occasibus
1881 3974 2058 4022 astro-

492 4068 638 4119 rum,
667 4054 876 4126 putavit
908 4069 1031 4111 esse
1072 4054 1237 4111 falsas
1267 4072 1280 4110 :
1310 4072 1401 4112 eas
1423 4072 1552 4113 vero
1580 4074 1703 4130 quae
1750 4059 1887 4112 liunt
1907 4066 2058 4114 natu-

494 4149 700 4211 raliter,
726 4155 780 4203 et
803 4147 1035 4219 quadam
1061 4163 1128 4203 ex
1160 4164 1347 4212 causa,
1388 4153 1615 4207 seorsim
1659 4153 1843 4223 posuit
1867 4154 1920 4207 in
1948 4154 2058 4224 Ap-

497 4238 871 4308 parentiarum
899 4245 1152 4297 tractatu.
1177 4238 1232 4293 in
1249 4248 1490 4295 extrema
1526 4242 1647 4296 libri
1678 4243 1847 4297 totius
1878 4252 2049 4314 parte.

495 4328 675 4383 Sumit
703 4329 847 4384 enim
871 4328 1241 4399 praescientias
1259 4345 1288 4383 a
1309 4332 1440 4386 solis
1475 4340 1595 4386 ortu
1619 4340 1673 4387 et
1694 4348 1915 4401 occasu,
1943 4344 1998 4389 et
2021 4352 2052 4390 a

2196 514 2306 586 γὰρ
2336 514 2449 586 ἅμα
2477 514 2847 568 συνανατέλλει
2877 512 2952 584 τῷ
2979 512 3131 583 ἡλίῳ.
3149 513 3222 565 Οὐ
3252 512 3455 581 γίνεται
3487 512 3544 565 δὲ
3566 511 3740 564 τοῦτο’

2189 605 2321 660 ἀλλά
2356 605 2496 659 κατά
2533 606 2631 675 τὴν
2671 602 3092 674 ἐπιφαινομένην
3129 601 3378 673 ἐπιτολὴν
3413 601 3485 655 τὰ
3527 602 3747 672 μέγιστα

2188 699 2441 768 καύματα
2495 697 2719 765 γίνεται.
2776 695 2911 766 Περὶ
2957 693 3064 763 γάρ
3113 694 3202 746 τὸν
3259 690 3447 762 καιρὸν
3488 690 3674 744 τοῦτον
3720 696 3746 745 ὁ

2186 791 2333 861 ἥλιος
2354 791 2444 845 διά
2470 790 2571 855 τὰς
2597 788 2995 863 προειρημένας
3017 788 3194 850 αἰτίας
3215 784 3499 856 παραίτιός
3517 787 3631 837 ἐστι
3657 785 3747 855 τῆς

2186 882 2487 946 ἐπιτάσεως
2513 881 2622 936 τῶν
2646 881 2967 952 καυμάτων.
3019 878 3106 931 Ἐν
3145 877 3310 946 Ῥόδῳ
3338 876 3435 947 μὲν
3469 876 3579 948 γὰρ
3617 875 3748 945 μετά

2185 974 2228 1029 λ’
2262 976 2470 1046 ἡμέρας
2505 976 2603 1045 τῆς
2647 974 2856 1046 τροπῆς
2886 970 3155 1025 ἐπιτέλλει
3198 970 3228 1021 6
3271 967 3465 1040 ἁστὴρ,
3494 970 3551 1020 ἐν
3577 968 3746 1030 ἄλλοις

2182 1067 2239 1120 δὲ
2269 1067 2451 1129 τόποις
2475 1065 2614 1137 μετά
2636 1072 2688 1137 μ’
2716 1064 2928 1135 ἡμέρας
2956 1063 3053 1134 τῆς
3082 1060 3299 1134 Θερινῆς
3326 1060 3553 1130 τροπῆς,
3584 1054 3663 1123 οἷς
3687 1060 3741 1113 δὲ

2187 1157 2323 1229 μετᾶ
2369 1164 2409 1210 ν’
2431 1175 2444 1187 ·
2492 1155 2634 1210 ὥστε
2685 1156 2878 1227 μηκέτι
2911 1154 3007 1224 τὴν
3038 1153 3282 1206 ἐπίτασιν
3317 1151 3426 1204 τῶν
3458 1150 3746 1220 καυμάτων

2180 1247 2277 1317 τὴν
2320 1246 2569 1317 ἐπιτολὴν
2613 1246 2776 1299 αὑτοῦ
2808 1243 3072 1298 ποιεῖσθαι
3118 1242 3331 1311 ἑκάστῳ
3359 1242 3613 1310 φανερὸν,
3667 1241 3746 1293 ὅτι

2180 1341 2209 1392 6
2246 1339 2344 1410 μὲν
2370 1338 2466 1411 τὴν
2500 1338 2747 1392 ἐπίτασιν
2781 1336 2887 1391 τῶν
2914 1335 3209 1406 καυμάτων
3256 1333 3523 1405 περιέχων
3560 1334 3747 1404 καιρὸς

2179 1426 2258 1495 εἷς
2288 1432 2434 1484 ἐστιν
2462 1432 2491 1484 6
2531 1428 2670 1501 μετὰ
2714 1428 2813 1492 τάς
2848 1426 3065 1497 θερινὰς
3102 1423 3309 1497 τροπάς
3341 1423 3550 1495 ἡμέρας
3576 1422 3652 1475 λ”
3690 1425 3745 1476 ἐν

2176 1520 2233 1572 δὲ
2258 1520 2335 1591 τῷ
2367 1521 2543 1593 χρόνῳ
2585 1519 2757 1590 τούτῳ
2801 1519 2929 1592 παρ’
2966 1513 3047 1583 οἷς
3077 1518 3173 1589 μὲν
3199 1519 3229 1571 6
3258 1516 3417 1571 Κύων
3460 1516 3740 1581 ἐπιτέλλει,

2184 1610 2280 1664 καὶ
2306 1612 2395 1663 τὸν
2426 1609 2615 1681 καιρὸν
2651 1608 2864 1680 μηνύει,
2886 1608 3013 1680 παρ’
3038 1601 3118 1672 οἷς
3138 1607 3195 1661 δέ
3226 1606 3351 1661 ἄλλο
3390 1623 3445 1659 τι
3489 1606 3598 1659 τῶν
3622 1623 3742 1659 κατ-

2178 1702 2587 1774 ηστερισμένων
2620 1700 2850 1772 ἄστρων
2868 1701 2929 1753 οὐ
2958 1698 3065 1771 γὰρ
3096 1695 3209 1769 ἅμα
3231 1699 3361 1751 πᾶσι
3388 1699 3499 1760 τοῖς
3528 1696 3740 1767 ἄστροις

2176 1793 2272 1857 τὰς
2298 1791 2547 1856 ἐπιτολὰς
2578 1792 2671 1845 καλ⁵
2700 1790 2800 1852 τὰς
2826 1789 3005 1854 δύσεις
3041 1787 3323 1860 συμϐαίνει
3351 1785 3616 1856 γίνεσθαι.

2247 1883 2320 1936 Τὸ
2364 1883 2421 1936 δὲ
2451 1882 2739 1953 λεγόμενον
2772 1880 2881 1951 (49)
2913 1879 3017 1933 ὑπὸ
3054 1878 3163 1932 τῶν
3192 1876 3477 1941 πλείστων,
3504 1877 3587 1929 ὅτι
3622 1875 3744 1945 περὶ

2171 1976 2262 2027 τὸν
2292 1974 2483 2044 καιρὸν
2509 1972 2694 2026 τοῦτον
2741 1970 3019 2025 ἀνατέλλει
3050 1971 3145 2024 σὺν
3174 1968 3251 2040 τῷ
3282 1968 3434 2039 ἡλίῳ,
3469 1966 3744 2028 παντελῶς

2172 2067 2319 2117 ἐστιν
2368 2064 2654 2117 ἰδιωτικόν.
2699 2064 2786 2116 Ἐν
2813 2061 2922 2133 γάρ
2958 2060 3131 2130 τούτῳ
3173 2057 3253 2130 τῷ
3292 2059 3466 2129 χρόνῳ
3500 2057 3742 2110 πλεῖστον

2173 2155 2281 2208 ἀπὸ
2314 2154 2411 2209 τοῦ
2442 2155 2589 2226 ἡλίου
2618 2153 2895 2226 διέστηκεν
2942 2153 2970 2205 6
3010 2153 3204 2223 ἀστήρ.
3241 2153 3300 2204 ὐ
3340 2146 3438 2222 μὲν
3464 2151 3571 2221 γάρ
3598 2150 3745 2221 ἥλιος

2172 2247 2389 2310 πάντως
2435 2246 2526 2299 ἐπὶ
2564 2245 2655 2299 τοῦ
2701 2244 2914 2317 θερινοῦ
2949 2242 3210 2314 τροπικοῦ
3249 2243 3446 2298 κύκλου
3479 2243 3578 2312 τὴν
3605 2243 3742 2313 πάρ-

2169 2338 2287 2392 οδον
2319 2340 2547 2392 ποιεῖται
2566 2354 2580 2367 ⁸
2610 2340 2638 2392 ὀ
2667 2338 2723 2391 δὲ
2762 2338 2855 2391 ἐπὶ
2901 2336 2994 2390 τοῦ
3036 2337 3341 2408 χειμερινοῦ
3364 2336 3621 2408 τροπικοῦ
3650 2336 3745 2390 xti-

2171 2431 2298 2484 κλου
2345 2433 2517 2483 κεῖται
2540 2448 2551 2459 ο
2596 2429 2733 2482 ὥστε
2769 2428 3013 2481 πλεῖστον
3062 2430 3154 2481 ἀπ’
3189 2427 3430 2499 ἀλλήλων
3470 2428 3746 2498 διάστημα

2171 2520 2394 2591 ἀπέχειν
2429 2520 2643 2584 αὐτούς.
2673 2520 2793 2583 Πῶς
2822 2520 2887 2574 ἂν
2916 2516 3009 2573 οὗν
3038 2519 3250 2573 δύναιτο
3285 2519 3570 2592 παραίτιος
3596 2521 3744 2588 γίνε-

2172 2611 2293 2665 σθαι
2317 2612 2421 2682 τῆς
2434 2612 2733 2675 ἐπιτάσεως
2754 2612 2861 2665 τῶν
2884 2611 3207 2682 καυμάτων;
3232 2610 3475 2665 ἐπίτασιν
3489 2612 3545 2665 δὲ
3570 2612 3745 2665 ἐποίει

2170 2702 2256 2766 ἀν,
2287 2704 2337 2756 εί
2360 2720 2481 2757 τινα
2511 2703 2736 2774 δύναμιν
2774 2699 2918 2773 εἶχεν
2947 2705 2973 2757 ὁ
2997 2701 3191 2775 ἀστὴρ.
3220 2702 3333 2774 ἅμα
3362 2702 3643 2773 γινόμενος
3662 2703 3743 2775 τῷ

2168 2797 2305 2868 ἡλίῳ
2363 2796 2502 2851 κατὰ
2546 2797 2860 2869 χειμερινὰς
2904 2796 3111 2869 τροπὰς
3130 2839 3144 2861 ,
3174 2798 3299 2850 ὅταν
3327 2798 3417 2851 ἐπὶ
3446 2797 3541 2851 τοῦ
3572 2797 3742 2852 αὐτοῦ

2170 2887 2367 2942 κύκλου
2401 2888 2627 2959 φέρηται
2662 2890 2690 2942 6
2732 2888 2905 2960 ἀστὴρ
2933 2886 3010 2959 τῷ
3038 2887 3188 2959 ἡλίῳ.
3218 2887 3349 2941 Τότε
3377 2887 3485 2959 γάρ
3514 2888 3621 2941 ἔδει
3647 2905 3745 2956 γε-

2170 2980 2353 3034 νέσθαι
2385 2981 2509 3033 τινὰ
2536 2980 2672 3052 πρὸς
2705 2978 2765 3033 τὸ
2807 2981 3126 3051 φαινόμενον
3158 2979 3415 3049 αἰσθητὴν
3470 2980 3599 3050 περὶ
3645 2980 3743 3034 τὸν

2170 3068 2306 3140 ἀέρα
2336 3069 2702 3141 παραλλαγήν.
2731 3071 2804 3124 Οὐ
2834 3070 3039 3139 γίνεται
3068 3069 3124 3124 δὲ
3156 3068 3331 3132 τοῦτο,
3374 3067 3488 3121 ἀλλ’
3523 3070 3588 3121 ἐκ
3629 3068 3743 3121 τῶν

2168 3160 2421 3216 ἐναντίων
2457 3161 2682 3233 χειμών.
2716 3161 2876 3215 Ὅθεν
2905 3165 3017 3226 τοῖς
3040 3161 3443 3235 παραπήγμασι
3474 3159 3742 3232 παράκει-

2165 3270 2253 3306 ται
2287 3256 2536 3324 σημεῖον·
2565 3252 2705 3305 ὥστε
2737 3246 2872 3306 εἶναι
2908 3251 3137 3325 φανερὸν
3163 3254 3228 3305 ἐκ
3252 3253 3487 3316 πάντων,
3511 3251 3597 3304 ὅτι
3624 3247 3742 3304 οὗθ’

2165 3336 2315 3405 οὗτος
2342 3344 2369 3395 ὁ
2397 3342 2593 3413 ἀστὴρ,
2616 3340 2726 3395 οὔτ’
2756 3338 2911 3405 ἄλλος
2946 3342 3119 3406 οὐδεὶς
3145 3341 3471 3413 τηλικαύτην
3496 3341 3619 3395 τινά
3646 3339 3741 3393 δύ-

2164 3448 2323 3501 ναμιν
2355 3430 2483 3502 ἔχει,
2506 3430 2643 3483 ὥστε
2672 3430 2968 3502 μεταϐολὰς
2991 3434 3117 3505 περὶ
3142 3431 3230 3484 τὸν
3251 3430 3387 3502 ἀέρα
3405 3429 3743 3483 κατασκευά-

2165 3524 2303 3589 ζειν·
2355 3523 2475 3578 ἀλλ’
2514 3522 2712 3577 ἔστιτὸ
2748 3523 3067 3597 ἡγεμονικὸν
3092 3521 3261 3576 αἴτιον
3290 3523 3416 3594 περὶ
3439 3521 3529 3574 τὸν
3560 3521 3738 3592 ἣλιον·

2165 3616 2220 3668 αἱ
2255 3614 2311 3669 δέ
2339 3616 2539 3669 τούτων
2571 3615 2813 3670 ἐπιτολαὶ
2847 3616 2940 3669 καὶ
2968 3615 3147 3678 δύσεις
3175 3615 3268 3667 ἐπὶ
3316 3613 3415 3684 τὴν
3442 3614 3738 3682 ἐπίγνωσιν

2163 3704 2270 3759 τῶν
2297 3708 2424 3778 περὶ
2464 3708 2557 3761 τὸν
2590 3706 2726 3780 ἀέρα
2766 3706 3075 3779 μεταϐολῶν
3110 3707 3485 3779 παράκεινται.
3536 3705 3614 3757 Δι’
3656 3705 3731 3775 ἦν

2163 3797 2341 3851 αἰτίαν
2376 3798 2496 3851 οὐδὲ
2523 3798 2609 3852 διὰ
2632 3798 2830 3862 παντὸς
2866 3798 3429 3869 συμφωνοῦσιν.”06εν
3469 3797 3736 3869 βελτίοσιν

2163 3891 2226 3945 ἄν
2266 3908 2348 3955 τις
2389 3891 2631 3962 σημείοις
2659 3892 2917 3963 χρήσαιτο
2952 3895 3060 3956 “cci;
3090 3892 3195 3945 ὑπὸ
3221 3895 3320 3961 τῆς
3349 3892 3558 3962 φύσεως
3599 3894 3739 3962 ἡμῖν

2161 3980 2450 4051 διδομένοις
2468 3997 2481 4012 ⁸
2508 3978 2588 4045 οἷς
2603 3983 2696 4036 καὶ
2720 3985 2950 4054 Ἄρατος
2977 3984 3254 4056 κέχρηται.
3276 3983 3388 4047 Τάς
3412 3985 3511 4054 μὲν
3542 3984 3649 4053 γὰρ
3668 3986 3735 4037 ἐκ

2160 4074 2268 4128 τῶν
2296 4075 2552 4129 ἐπιτολῶν
2578 4077 2671 4129 καὶ
2690 4076 2891 4129 δύσεων
2906 4077 3012 4131 τῶν
3024 4078 3234 4149 ἄστρων
3254 4077 3541 4148 γινομένας
3564 4093 3727 4148 μετα-

2162 4164 2319 4228 ϐολάς
2338 4164 2429 4217 τοῦ
2451 4165 2608 4236 ἀέρος
2633 4164 2784 4236 ᾠήθη
2812 4160 2946 4219 εἶναι
2960 4166 3359 4237 διεψευσμέναςο
3382 4166 3480 4230 τὰς
3499 4166 3555 4220 δὲ
3575 4183 3729 4236 φυσιά-

2160 4254 2272 4318 κῶς
2306 4255 2592 4326 γινομένας
2613 4256 2704 4308 καὶ
2735 4255 2871 4326 μετά
2902 4273 3044 4321 τινος
3093 4258 3271 4321 αἰτίας
3286 4255 3650 4328 κατεχώρισεν
3669 4259 3731 4310 ἐν

2156 4347 2222 4417 τῇ
2267 4346 2374 4399 τῶν
2414 4346 2748 4418 Φαινομένων
2793 4346 3139 4420 πραγματεία
3180 4348 3269 4402 ἐπὶ
3292 4351 3424 4403 πᾶσι
3452 4349 3552 4421 τῆς
3601 4349 3729 4419 ὅλης

495 4420 637 4475 luna:
655 4419 865 4476 ortibus
888 4429 940 4475 ct
968 4420 1270 4486 occasibus,
1295 4418 1365 4475 ab
1387 4437 1535 4485 area,
1550 4424 1664 4478 sive
1689 4438 1911 4489 corona,
1933 4441 2053 4497 qua:

495 4510 551 4533 Ω.
597 4511 736 4533 -!..--
785 4511 962 4533 I--..-...
1054 4526 1080 4533 -
1120 4510 1288 4533 -l-II2-
1343 4509 1653 4533 _.-.I_._-!l.--_
1704 4522 1745 4533 A-
1790 4529 1809 4533 Α
1862 4515 1875 4533 I
1902 4532 1923 4533 γε
1967 4517 2002 4533 .-

2168 4436 2479 4501 συντάξεως.
2516 4436 2790 4509 Λαμϐάνει
2821 4418 2927 4510 Ῠάρ
2952 4418 3069 4503 τὰς
3106 4418 3442 4511 προγνώσεις
3478 4418 3585 4495 ἀπὸ
3627 4418 3729 4512 τῆς

491 4510 554 4564 ﬁt
594 4511 740 4565 circa
785 4511 987 4574 lunam,
1052 4526 1083 4564 a
1118 4510 1291 4566 stellis
1339 4509 1659 4569 cadentibus
1696 4522 1748 4569 et
1787 4529 1816 4567 a
1861 4515 2035 4572 brutis

492 4602 846 4657 animalibus.
873 4602 1005 4656 Nam
1035 4617 1157 4672 qua:
1171 4604 1524 4672 prtescientize
1548 4619 1670 4658 cum
1702 4605 1934 4674 quadam
1958 4621 2057 4659 na-

491 4693 655 4747 turali
685 4707 850 4749 causa
878 4709 942 4748 ex
966 4692 1052 4749 his
1078 4694 1231 4759 fiunt,
1277 4696 1589 4751 necessaria
1614 4696 1814 4752 habent
1842 4697 2051 4754 effecta.

492 4780 649 4838 Unde
672 4794 723 4839 et
744 4784 979 4839 Boethus
1009 4785 1389 4856 philosophus,
1417 4788 1471 4841 in
1500 4795 1697 4858 quarto
1718 4788 1859 4845 libro
1883 4806 2054 4863 expo—

491 4874 708 4931 sitionis
733 4875 905 4943 Arati,
934 4876 1187 4949 physicas
1229 4894 1425 4934 causas
1455 4894 1579 4933 cum
1608 4887 1914 4949 ventorum,
1940 4894 2052 4940 tum

562 4992 675 5064 (49)
717 4994 787 5048 Τὸ
828 4992 896 5067 ᾷὲ
927 4994 1509 5067 λεγόμενον.Μίτιιιιι
1547 4995 1815 5067 insignem
1846 5001 2055 5059 matbe—

491 5062 750 5118 maticum
790 5062 928 5117 adeo
966 5062 1247 5134 pueriliter
1286 5062 1684 5121 hallucinatuni
1731 5084 1869 5124 esse.
1917 5070 2051 5127 Nam

488 5134 802 5201 cuiusmodi
853 5141 959 5193 est,
1009 5134 1258 5198 obsecro,
1317 5138 1465 5191 illius
1512 5139 1689 5192 ratio?
1735 5140 2051 5196 Caniculam

489 5215 614 5257 cum
651 5203 768 5258 sole
800 5201 1146 5269 conjunctam
1180 5207 1315 5261 nihil
1356 5204 1423 5261 ad
1455 5208 1672 5264 :estivos
1718 5210 1928 5266 calores
1956 5228 2055 5267 au-

488 5272 696 5352 gendos
728 5272 999 5352 conferre.
1025 5284 1391 5348 quotemporc
1416 5287 1661 5352 esortum
1684 5275 1861 5352 facere
1892 5283 2053 5352 vulgo

486 5341 810 5416 dici_tur,‘ex
836 5357 909 5416 eo
940 5340 1299 5413 denionstrai,
1335 5347 1477 5416 quod
1513 5356 1626 5400 tum
1661 5348 1730 5402 ab
1753 5364 1814 5402 ea
1848 5352 1928 5404 sol
1958 5340 2054 5404 aii-

487 5418 574 5462 est
591 5409 833 5489 longius.
867 5410 981 5489 Hoc
1006 5429 1136 5469 vero
1161 5409 1611 5489 inde'cuncludit,
1640 5418 1784 5488 quod
1816 5428 1946 5476 tunc
1967 5422 2050 5476 sol

486 5485 736 5563 festivum
770 5485 1037 5563 tropicum
1067 5492 1211 5538 tcurt
1239 5504 1252 5540 ι
1289 5486 1548 5563 Canicula
1579 5485 1709 5563 vero
1739 5489 1793 5542 in
1827 5491 2054 5563 hiberno

487 5558 701 5629 tropico
740 5558 842 5629 sita
888 5561 971 5609 cst
1006 5570 1226 5629 _:__quare
1269 5559 1314 5612 si
1355 5574 1517 5626 quam
1549 5558 1657 5629 vim
1693 5560 2049 5615 incendendis

483 5618 711 5701 testibus
747 5622 971 5677 haberet
1004 5618 1149 5678 illius
1180 5641 1303 5701 cum
1337 5618 1451 5701 sule
1476 5628 1825 5701 coniunctio,
1855 5645 1917 5685 ea
1947 5646 2045 5701 po-

484 5696 761 5769 tissimum
787 5702 1077 5769 appareret
1106 5697 1325 5769 quando
1357 5697 1439 5751 sol
1473 5698 1527 5751 in
1542 5698 1789 5769 *hiberno
1831 5696 2042 5769 tropico

480 5764 756 5826 Versatur,
800 5761 902 5818 hoc
938 5770 1020 5818 est
1065 5761 1334 5821 incudem
1369 5783 1491 5822 cum
1531 5766 1787 5824 Canicula
1814 5761 2038 5827 circ-uio.

2157 4530 2250 4582 τοῦ
2282 4531 2433 4601 ἡλίου
2472 4532 2735 4603 ἀνατολῆς
2757 4534 2850 4588 καὶ
2872 4533 3203 4597 δύσεως,γ.αὶ
3230 4537 3337 4589 ἀπὸ
3370 4537 3469 4607 τῆς
3500 4536 3725 4606 σελήνης

2156 4620 2426 4675 ἀνατολῶν
2463 4624 2555 4676 καὶ
2586 4625 2808 4690 δύσεων,
2837 4627 2930 4680 καὶ
2962 4626 3067 4680 ἀπὸ
3097 4626 3198 4697 τῆς
3233 4627 3345 4681 ano
3375 4626 3475 4698 τῆς
3504 4625 3723 4696 γινομέο

2158 4729 2253 4782 νης
2282 4713 2408 4784 περὶ
2428 4714 2524 4785 τὴν
2556 4715 2803 4789 σελήνην,
2829 4719 2922 4772 καὶ
2951 4717 3059 4771 ἀπὸ
3079 4718 3183 4771 τῶν
3201 4716 3546 4772 διαῖσσόντων
3570 4718 3729 4771 ἀστέ-

2160 4820 2289 4873 ρων,
2331 4805 2423 4858 καὶ
2461 4805 2566 4859 ἀπὸ
2597 4806 2703 4859 τῶν
2731 4808 2938 4875 ἀλόγων
2965 4807 3147 4872 ζώωνθ
3181 4809 3236 4861 al
3260 4807 3369 4880 γάρ
3393 4807 3499 4862 ἀπὸ
3520 4808 3723 4861 τούτων

2161 4893 2511 4965 προγνώσεις,
2562 4898 2698 4968 μετά
2747 4914 2891 4963 τινος
2943 4899 3177 4968 φυσικῆς
3210 4898 3386 4962 αἰτίας
3420 4898 3720 4970 γινόμεναι,

2158 5007 2301 5084 Nihil
2332 5012 2935 5084 harcrarguiuentatioue
2966 5013 3179 5071 falsius.
3224 5013 3354 5082 Qua:
3384 5022 3497 5069 tum
3534 5030 3722 5084 proce-

2158 5078 2330 5154 deret,
2367 5083 2411 5136 si
2445 5078 2619 5137 bieins
2641 5096 2800 5139 :cstas
2830 5092 2974 5139 esset
2994 5124 3009 5147 ,
3038 5094 3131 5139 aut
3162 5087 3215 5138 in
3236 5078 3358 5154 ipso
3387 5078 3720 5154 Capricorno

2156 5152 2443 5223 sitaesset
2462 5154 2742 5223 Canicula.
2778 5154 2899 5207 Haec
2939 5155 3081 5207 cuitu
3130 5152 3344 5209 Gemini
3390 5152 3635 5223 tempore
3664 5158 3717 5209 in

2157 5220 2324 5288 gradu
2347 5221 2694 5277 Geminormu
2725 5224 2940 5278 circiter
2962 5240 3029 5279 xv
3052 5225 3439 5281 collocabatur.
3474 5220 3719 5279 Distabat

2157 5291 2234 5377 ab.
2273 5294 2637 5377 aequinoctiali
2674 5294 2934 5377 gradibus
2979 5295 3097 5377 fere.
3138 5312 3259 5377 χχι,
3292 5310 3322 5377 a
3366 5295 3577 5377 tropico
3603 5304 3657 5376 et
3684 5311 3714 5348 a

2157 5362 2269 5435 sole
2295 5378 2458 5430 prope
2487 5378 2575 5417 ιιι..
2598 5363 2733 5435 Cum
2769 5372 2950 5418 autem
2973 5366 3051 5419 sol
3084 5364 3137 5418 in
3161 5362 3477 5433 Capricorni
3508 5366 3714 5435 tropico

2164 5432 2359 5494 stabat,
2396 5433 2738 5486 intervallum
2783 5435 2922 5489 inter
2965 5435 3109 5487 hunc
3153 5442 3207 5489 ct
3237 5435 3554 5489 Caniculam
3596 5432 3713 5488 am-

2163 5500 2306 5567 plius
2333 5511 2451 5555 erat
2480 5504 2844 5558 semicirculo.
2870 5503 3010 5569 Quid
3034 5504 3199 5574 igitur
3228 5506 3501 5573 cogitabat
3529 5504 3711 5558 Gemi-

2161 5582 2287 5644 nus,
2352 5586 2476 5625 cum
2536 5574 2979 5644 propinquiorem
3054 5574 3154 5628 soli
3221 5574 3537 5630 Caniculam
3593 5591 3710 5629 esse

2160 5641 2445 5701 scriberet,
2481 5641 2704 5716 quando
2735 5641 3019 5716 hibernum
3055 5644 3152 5716 ilch
3174 5646 3440 5716 lropicum
3486 5651 3712 5714 occupat

2157 5725 2320 5777 quam
2360 5728 2483 5765 cum
2536 5712 2588 5765 in
2648 5714 2837 5768 trstivo
2882 5714 3160 5769 moratur?
