4000 6206
274 257 374 314 853

1296 265 1534 323 GEMINI
1574 268 1948 326 ELEMENTA
1988 269 2478 329 ASTRONOMLE.
3392 271 3491 327 85-:

272 377 767 449 κατηναγκασμένα
791 379 972 450 έχουσι
1004 378 1072 435 τά
1099 380 1530 455 ἀποτελέσματα.
1560 387 1723 443 Ὅθεν
1750 390 1843 444 καί⁵

1956 390 2201 445 imbrium
2239 390 2514 460 exposuit,
2540 404 2607 444 ex
2647 385 2921 459 praedictis
2970 386 3256 459 generibus
3299 399 3493 455 prteco-

273 465 473 537 Βόηθος
504 472 533 522 ὀ
567 469 848 539 φιλόσοφος
872 474 930 525 ἐν
957 471 1033 544 τῷ
1063 474 1304 546 τετάρτῳ
1326 475 1514 548 βιϐλίῳ
1534 481 1631 551 τῆς
1676 480 1835 551 Ἀρά-

270 576 361 611 του
410 560 744 632 ἐξηγήσεως,
786 563 1019 631 φυσικὰς
1060 563 1159 629 τὰς
1196 568 1370 633 αἰτίας
1400 569 1703 625 ἀποδέδωκε
1726 570 1835 625 τῶν

270 666 329 704 τε
353 651 680 722 πνευμάτων
732 656 831 707 καὶ⁷
885 654 1123 727 ὄμϐρων,
1156 659 1219 711 ἐκ
1271 659 1376 713 τῶν
1424 661 1833 734 προειρημένων

1939 481 2217 550 gnitiones
2253 482 2570 538 ostendens.
2605 479 2703 536 His
2736 480 2906 550 signis
2936 486 2991 534 et
3025 476 3345 533 Aristoteles
3371 475 3493 545 phi-

1937 570 2199 643 losophus
2231 589 2366 630 usus
2399 583 2502 639 est,
2537 581 2591 629 ct
2620 572 2900 637 Eudoxus,
2921 579 2974 627 et
3001 572 3185 643 plures
3212 567 3303 622 alii
3325 573 3496 621 astro-

1936 665 2065 736 logi.

273 744 425 798 εἰδῶν
450 746 549 811 τάς
586 749 921 819 προγνώσεις
948 752 1636 824 ἀποφαινόμενος.Τούτοις
1652 757 1709 811 δὲ
1733 760 1847 822 τοῖς
1882 760 2127 830 σημείοις
2160 762 2251 815 καὶ
2292 759 2661 833 Ἀριστοτέλης
2687 760 2945 833 κέχρηται
2993 760 3023 812 6
3050 755 3352 829 φιλόσοφος,
3403 749 3495 804 καὶ

273 839 519 906 Εὔδοξος,
547 844 640 897 καὶ
666 846 843 918 ἕτεροι
876 848 1117 913 πλείονες
1144 851 1252 904 τῶν
1276 851 1639 924 ἀστρολόγων.

799 964 1191 1018 ΚΕΦΑΛΑῙΟΝ
1236 967 1335 1021 IE'.

729 1078 865 1144 Περὶ
897 1077 1211 1150 ἐξελιγμοῦ
1251 1081 1384 1153 (50).

358 1191 671 1265 Ἑξελιγμός
704 1178 818 1248 ἐστι
846 1196 1036 1268 χρόνος
1072 1198 1349 1270 ἐλάχιστος
1384 1202 1651 1273 περιέχων
1688 1201 1839 1266 ὅλους

2530 965 2758 1022 CAPUT
2786 966 2901 1021 XV.

2516 1081 2594 1137 De
2620 1082 2929 1136 evolutione.

2007 1200 2255 1256 Evolutto
2282 1206 2367 1256 est
2385 1206 2600 1268 tempus
2628 1196 2932 1262 minimum,
2954 1197 3238 1253 continens
3258 1199 3497 1269 integros

277 1285 459 1357 μῆνας
481 1327 496 1351 ,
527 1288 620 1342 καὶ
645 1288 772 1351 ὂλας
800 1289 1039 1363 ἡμέρας,
1071 1293 1166 1345 καὶ
1208 1292 1335 1356 ὅλας
1371 1295 1839 1357 ἀποκαταστάσεις

1956 1302 2231 1362 nenses,et
2246 1295 2487 1364 integros
2499 1290 2942 1361 dies,etintegras
2957 1292 3323 1347 restitutiones
3336 1292 3492 1355 luna}.

272 1373 376 1446 τῆς
419 1377 668 1448 σελήνης.
715 1378 865 1432 Ἐπεὶ
905 1380 1013 1452 γάρ
1044 1381 1073 1434 6
1106 1385 1353 1454 μηνιαίος
1387 1385 1576 1455 χρόνος
1601 1401 1840 1456 παρετη-

275 1469 416 1540 ρήθη
437 1469 696 1542 ὑπάρχων
724 1471 943 1543 ἡμερῶν
964 1473 1164 1528 εἴκοσιν
1182 1475 1334 1529 ἐννέα
1349 1477 1502 1545 a'/6',
1518 1476 1593 1541 ὡς
1617 1476 1842 1545 ἔγγιστα

276 1559 376 1612 καὶ
404 1561 729 1633 τριακοστοῦ
757 1564 962 1634 τρίτου,
998 1565 1030 1634 ἡ
1063 1564 1119 1618 δὲ
1150 1567 1592 1632 ἀποκατάστασις
1618 1568 1716 1639 τῆς
1750 1585 1839 1621 σε-

271 1651 443 1723 λήνης
482 1646 708 1725 ἡμερῶν
737 1654 818 1719 κζ’
848 1655 942 1708 καὶ
973 1655 1432 1710 ὀκτωκαιδεκάτου
1472 1657 1549 1721 ὡς
1574 1658 1798 1727 ἔγγιστα
1822 1674 1837 1688 ⁸

1941 1385 2077 1441 Cum
2108 1385 2253 1439 enim
2287 1390 2629 1439 menstruum
2665 1388 2877 1450 tempus
2910 1380 3252 1434 observatum
3278 1381 3349 1436 sit
3374 1397 3496 1436 esse

1940 1476 2149 1532 dierum
2161 1474 2231 1529 29
2252 1474 2376 1545 1/2,
2392 1473 2547 1545 1/55,
2562 1470 2673 1527 fere
2688 1488 2702 1524 :
2719 1471 2988 1527 restitutio
2998 1486 3122 1526 vero
3141 1470 3495 1527 lunaedierum

1939 1568 2004 1622 ‘27
2033 1566 2171 1637 1/18
2194 1566 2322 1623 fere,
2348 1565 2633 1634 quaesitum
2656 1571 2740 1619 est
2768 1573 2978 1633 tempus
3012 1563 3322 1627 minimum,
3350 1564 3494 1634 quod

1939 1659 2179 1716 continet
2198 1659 2435 1730 integros
2451 1657 2590 1721 dies,
2608 1665 2662 1711 et
2678 1657 2914 1727 integros
2939 1670 3173 1720 menses,
3191 1663 3245 1709 et
3259 1655 3497 1726 integras

270 1743 521 1839 ἐζητεῖτο
566 1744 754 1817 χρόνος
797 1748 825 1799 6
869 1745 1179 1817 ἐλάχιστος,
1219 1748 1366 1813 ὅστις
1424 1749 1666 1821 περιέχει
1714 1749 1841 1814 ὅλας

1956 1750 2318 1807 restitutiones
2344 1769 2357 1805 :
2382 1749 2623 1805 inventio
2644 1756 2823 1802 autem
2841 1754 2925 1802 est
2942 1746 3065 1801 talis
3086 1765 3098 1801 :
3121 1745 3266 1801 Luna
3287 1747 3497 1817 irregu-

266 1833 510 1905 ἡμέρας,
543 1835 634 1889 καὶ
663 1835 823 1923 610v;
839 1836 1037 1908 μῆνας,
1062 1838 1155 1891 καὶ
1184 1837 1309 1901 ὅλας
1336 1840 1805 1905 ἀποκαταστάσεις
1824 1858 1838 1872 ·

269 1924 392 1978 ἔστι
424 1925 481 1978 δὲ
510 1926 734 1997 τοιαύτη
780 1928 1014 2000 εὕρεσις*
1065 1931 1128 1982 Ἦ
1160 1928 1353 2001 σελήνη
1390 1930 1689 2002 ἀνωμάλως
1719 1932 1842 2002 φαί-

267 2031 429 2068 νεται
450 2015 878 2089 διαπορευομένη
900 2019 991 2071 τὸν
1029 2019 1288 2084 ζωδιακὸν
1323 2019 1538 2086 κύκλον,
1574 2023 1667 2076 καί⁵
1698 2039 1845 2094 περι.

267 2106 506 2179 φέρειάν
545 2124 669 2162 τινα
701 2109 1013 2180 ἐνεχθεῖσα,
1039 2112 1096 2165 ἐν
1127 2114 1194 2183 τῇ
1238 2112 1469 2184 ἐχομένῃ
1509 2114 1692 2186 ἡμέρᾳ
1727 2114 1845 2185 μεί-

189 2282 193 2287 .
268 2197 408 2262 ζονα
454 2198 657 2271 ταύτης
706 2203 957 2266 κινεῖται,
1004 2202 1096 2255 καὶ
1141 2202 1228 2255 ἀεὶ
1282 2203 1502 2273 μείζονα
1551 2206 1671 2268 ταῖς
1719 2203 1845 2277 ἑξῆς

265 2291 537 2363 ἡμέραις,
565 2292 670 2357 ἓως
699 2293 766 2347 ἀν
802 2294 1061 2364 μεγίστην
1104 2294 1454 2366 περιφέρειαν
1481 2295 1674 2369 κινηθῇ
1693 2314 1706 2327 ’
1746 2293 1845 2352 εἴτ’

266 2379 435 2446 αὖθις
461 2385 542 2447 είς
570 2383 667 2456 τὴν
714 2384 971 2438 ἐλάττονα
1016 2387 1115 2457 τῆς
1156 2387 1590 2459 προηγουμένης,
1629 2388 1733 2451 ἕως
1779 2388 1845 2442 ἂν

266 2476 369 2528 ἐπὶ
404 2474 509 2546 τὴν
552 2475 613 2540 ἐξ
655 2477 827 2548 ἀρχῆς
866 2477 1150 2548 ἐλαχίστην
1191 2479 1538 2551 περιφέρειαν
1574 2480 1849 2533 ἀποκατα-

267 2565 473 2637 σταθῇ.
511 2566 568 2620 ’0
595 2566 651 2620 δὲ
692 2568 881 2639 χρόνος
913 2570 941 2621 ὁ
981 2569 1089 2622 ἀπὸ
1118 2569 1217 2640 τῆς
1254 2568 1541 2640 ἐλαχίστης
1582 2569 1848 2640 κινήσεως

266 2659 367 2711 ἐπὶ
391 2658 492 2730 τὴν
528 2658 812 2730 ἐλαχίστην
854 2659 1067 2731 κίνησιν
1111 2660 1548 2722 ἀποκατάστασις
1580 2659 1844 2714 καλεῖται.

266 2751 735 2822 Παρατετήρηται
765 2751 822 2805 δὲ
843 2754 871 2805 6
894 2751 1174 2823 ἐξελιγμὸς
1203 2753 1467 2824 περιέχων
1497 2752 1650 2817 ὅλους
1676 2754 1849 2825 μῆνας

268 2844 412 2915 χξθ’,
458 2843 671 2919 ἡμέρας
710 2843 767 2896 δὲ
812 2843 1045 2915 ,εθιίινςκ
1102 2845 1190 2898 Ἐν
1236 2844 1293 2898 δὲ
1339 2843 1415 2916 τῷ
1460 2845 1636 2916 χρόνῳ
1674 2843 1849 2917 τούτῳ

271 2938 520 2989 ποιεῖται
543 2937 642 3003 τῆς
669 2936 810 2990 κατά
834 2936 1005 3008 μῆκος
1030 2936 1341 3007 ἀνωμαλίας
1358 2938 1392 3008 ἡ
1421 2937 1616 3008 σελήνη
1638 2939 1849 2991 ἀποκαο

271 3029 576 3093 ταις-τάσεις
608 3028 735 3098 ψιζ,
760 3029 990 3093 κύκλους
1018 3029 1075 3083 δέ
1100 3029 1396 3094 ζωδιακοὺς
1425 3030 1847 3103 διαπορευομένη

1942 1843 2128 1898 lariter
2151 1856 2442 1912 peragrare
2472 1840 2751 1895 zodiacum
2779 1838 3062 1902 circulum,
3081 1847 3136 1891 et
3159 1837 3270 1893 ﬁeri
3294 1854 3388 1909 per
3413 1854 3499 1895 ar-

1940 1952 2061 1993 eum
2092 1935 2380 2007 quemdam
2410 1932 2761 2004 conspicatur.
2804 1931 2902 1986 Die
2926 1930 3171 2002 sequenti
3207 1931 3309 1986 hoc
3367 1945 3497 1987 arcu

1940 2029 2199 2097 majorem
2216 2026 2431 2082 coniicit
2445 2066 2459 2091 ,
2479 2033 2534 2081 et
2545 2039 2759 2094 semper
2773 2024 3030 2095 majorem
3042 2023 3231 2079 diebus
3242 2025 3497 2078 continuo

1942 2120 2291 2191 sequentibus
2311 2158 2327 2184 ,
2357 2119 2527 2173 donec
2541 2134 2633 2188 per
2647 2117 2941 2171 maximum
2955 2130 3146 2174 arcum
3158 2124 3303 2170 mota
3318 2114 3496 2171 fuerit.

1944 2212 2147 2269 Deinde
2171 2227 2366 2266 rursus
2416 2210 2470 2264 in
2516 2223 2700 2264 areum
2732 2208 2996 2263 minorem
3017 2205 3341 2278 pmcedenti
3372 2205 3500 2270 die,

1942 2306 2114 2361 donec
2138 2304 2191 2358 in
2209 2303 2514 2366 minimum,
2533 2301 2624 2372 qui
2644 2299 2827 2356 fuitab
2840 2299 3014 2364 initio,
3046 2314 3232 2355 arcum
3256 2299 3503 2354 restituta

1945 2397 2128 2453 fuerit.
2154 2395 2390 2466 Tempus
2411 2408 2559 2455 vero,
2584 2392 2727 2463 quod
2743 2399 2827 2448 est
2853 2405 2884 2445 a
2906 2391 3132 2445 minimo
3151 2397 3297 2445 motu
3321 2389 3386 2443 ad
3410 2389 3506 2443 mi-

1944 2490 2151 2543 nimum
2176 2495 2401 2551 motum,
2433 2485 2704 2541 restitutio
2721 2489 2964 2538 vocatur.
2998 2481 3296 2538 Observata
3323 2487 3502 2535 autem

1945 2588 2029 2637 est
2060 2578 2297 2635 evolutio
2344 2578 2631 2632 continens
2669 2577 2909 2645 integros
2942 2590 3157 2630 menses
3201 2572 3342 2638 669,
3388 2571 3508 2629 dies

1948 2680 2075 2721 vero
2104 2662 2298 2720 19756.
2328 2661 2387 2718 In
2414 2664 2517 2718 hoc
2554 2671 2732 2718 autem
2772 2670 3016 2732 tempore
3050 2662 3178 2716 luna
3223 2663 3506 2716 anomaliae

1948 2754 2245 2810 secundum
2286 2750 2674 2824 longitudinem
2697 2748 2826 2804 facit
2852 2748 3223 2803 restitutiones
3247 2745 3369 2808 7l7,
3400 2747 3510 2800 cir-

1949 2847 2104 2902 culos
2126 2844 2381 2919 zodiacos
2412 2854 2709 2914 peragrans
2729 2839 2783 2893 in
2809 2839 2918 2909 jam
2946 2837 3092 2891 dicto
3109 2844 3350 2907 tempore
3368 2834 3468 2890 ἠδ
3485 2873 3504 2900 ,

1948 2950 2004 2997 et
2053 2940 2280 3009 insuper
2307 2948 2593 2992 assumens
2634 2932 2835 3004 gradus
2885 2929 2975 2986 '52.
3014 2928 3283 2985 Habentes
3323 2936 3502 2981 autem

1951 3034 2051 3089 has
2077 3032 2420 3103 apparentias
2448 3042 2515 3083 ex
2540 3024 2814 3081 veteribus
2851 3022 3188 3094 temporibus
3214 3019 3470 3092 quaesitas
3488 3058 3507 3085 ,

273 3122 332 3172 ἐν
360 3117 447 3189 τῷ
480 3119 858 3191 προειρημένῳ
885 3120 1062 3191 χρόνῳ
1084 3118 1232 3191 ψκγ’,
1275 3122 1367 3173 καὶ
1405 3119 1853 3194 πῳσεπιλαμόἀ-

1956 3124 2170 3198 quando
2196 3120 2527 3178 constituere
2549 3126 2763 3188 oportet
2777 3130 2896 3172 eam
2926 3114 3176 3170 diurnam
3207 3113 3346 3167 lunae
3375 3126 3510 3165 auo-

272 3229 451 3266 νουσα
498 3211 691 3283 μοίρας
718 3211 818 3282 λβ’.
852 3212 1105 3283 Ἔχοντες
1145 3212 1202 3266 δὲ
1235 3211 1405 3267 ταῦτα
1444 3213 1514 3265 τά
1553 3212 1853 3284 φαινόμενα

274 3309 341 3360 ἐκ
380 3304 627 3358 παλαιῶν
649 3303 852 3378 χρόνων
874 3302 1200 3375 ἐζητημένα,
1225 3302 1344 3357 δέον
1370 3303 1736 3373 συστήσασθαι
1754 3302 1852 3375 τὴν

275 3396 431 3452 κατά
466 3396 640 3468 μῆκος
675 3396 987 3467 ἀνωμαλίαν
1017 3397 1315 3468 ἡμερήσιον
1342 3395 1443 3466 τῆς
1475 3395 1735 3468 σελήνης,
1770 3397 1852 3461 τίς

276 3494 437 3546 ἐστιν
461 3489 717 3561 ἐλαχίστη
751 3489 963 3562 κίνησις
986 3488 1171 3560 αὐτῆς,
1199 3488 1291 3541 καὶ
1312 3487 1392 3552 τίς
1417 3489 1452 3559 ἡ
1485 3489 1734 3560 μεγίστη,
1761 3490 1856 3542 καὶ

276 3585 365 3648 τίς
405 3585 439 3655 ἡ
471 3582 608 3653 μέση
630 3622 645 3646 ,
684 3583 777 3636 καὶ
814 3582 897 3646 τίς
923 3584 956 3654 ἡ
984 3580 1105 3635 καθ’
1139 3580 1348 3653 ἡμέραν
1387 3580 1724 3655 παραύξησις
1763 3581 1856 3635 καὶ

281 3677 520 3749 μείωσις
564 3677 731 3748 αὐτῆς
751 3693 764 3707 ·
800 3674 1256 3747 ἐπιλαμϐάνοντες
1294 3675 1359 3730 ἐκ
1397 3673 1491 3727 τοῦ
1532 3673 1854 3746 φαινομένου

278 3772 383 3825 καὶ
412 3768 571 3822 τοῦτο
591 3809 605 3833 ,
638 3769 718 3822 ὃτι
753 3767 847 3822 ἐὰν
885 3768 981 3839 μὲν
1012 3768 1103 3820 καὶ
1143 3767 1241 3831 τὰς
1278 3766 1562 3837 ἐλαχίστας
1599 3766 1813 3837 κινῆται
1839 3805 1855 3830 ,

280 3864 512 3918 πλείονα
544 3861 641 3934 μὲν
668 3861 777 3915 τῶν
804 3861 871 3914 ια’
903 3860 1103 3931 μοιρῶν
1124 3862 1369 3923 κινεῖται,
1400 3858 1652 3912 ἐλάττονα
1676 3858 1732 3912 δέ
1750 3858 1857 3912 τῶν

280 3956 355 4028 ιβ’
380 3972 397 3985 ·
426 3955 555 4008 ὅταν
582 3953 643 4006 δὲ
670 3954 767 4017 τὰς
800 3952 1058 4024 μεγίστας
1093 3956 1338 4024 κινῆται,
1368 3951 1584 4006 πλείονα
1623 3951 1719 4023 μὲν
1750 3951 1858 4004 τῶν

283 4054 349 4103 ιε’
393 4045 595 4118 μοιρῶν
619 4048 868 4105 κινεῖται,
902 4044 1156 4097 ἐλάττονα
1179 4043 1235 4097 δὲ
1261 4042 1370 4097 τῶν
1396 4049 1469 4108 ις’
1487 4062 1500 4074 -
1529 4044 1653 4096 ἐπεὶ
1681 4042 1860 4096 τοίνυν

283 4139 740 4211 παρατετήρηται
769 4138 802 4207 ἠ
834 4135 1027 4208 σελήνη
1067 4135 1126 4188 ἐν
1165 4134 1270 4206 ήμέ
1282 4151 1400 4205 ραις
1428 4133 1637 4205 ,ι,6ψνς’
1668 4133 1858 4187 διαπο-

287 4230 565 4305 ρευομένη
608 4227 902 4293 ζωδιακοῦς
945 4227 1174 4291 κύκλους
1218 4226 1344 4297 ψκγ¹
1368 4265 1383 4290 ,
1414 4227 1507 4280 καὶ
1549 4224 1630 4279 ἔτι
1664 4224 1860 4296 μοίρας

283 4324 396 4396 λβ⁹,
440 4320 667 4384 ἕκαστος
694 4319 750 4372 δὲ
781 4318 890 4371 τῶν
920 4318 1133 4371 κύκλων
1166 4317 1277 4387 ἔχει
1315 4318 1508 4389 μοίρας
1533 4316 1637 4381 τξνο
1670 4315 1861 4369 ἀνελύ-

290 4434 431 4473 σατο
456 4415 567 4468 τῶν
595 4412 809 4467 κύκλων
837 4411 1039 4482 πλῆθος
1076 4414 1155 4476 εἰς
1195 4412 1406 4484 μοίρας,
1430 4411 1525 4465 καὶ
1558 4409 1863 4483 προσέθηκε

1956 3196 2193 3273 maliam,
2221 3221 2342 3278 qua:
2369 3211 2453 3260 est
2485 3202 2783 3259 secundum
2826 3199 3212 3270 longitudinem
3240 3237 3257 3264 ,
3287 3198 3409 3268 quis
3437 3196 3506 3251 sit

1954 3301 2214 3356 minimus
2238 3304 2421 3353 motus
2447 3293 2585 3366 ejus,
2605 3302 2659 3350 et
2679 3294 2805 3366 quis
2823 3292 3111 3357 maximus,
3127 3288 3250 3360 quis
3276 3286 3508 3351 medius,

1956 3401 2011 3448 et
2058 3387 2203 3463 quod
2245 3386 2620 3460 quotidianum
2660 3380 3065 3450 incrementum:
3112 3389 3166 3436 et
3199 3378 3514 3435 decremen-

1958 3492 2071 3538 tum
2100 3481 2222 3553 ejus
2247 3499 2261 3536 :
2293 3478 2593 3549 accipimus
2621 3475 2847 3546 insuper
2869 3489 2938 3530 ex
2967 3470 3282 3542 apparentia
3311 3476 3367 3525 et
3387 3467 3513 3533 hoc,

1958 3591 2082 3632 cum
2116 3575 2245 3629 luna
2273 3579 2454 3628 motus
2484 3568 2743 3624 minimos
2790 3564 2948 3631 facit,
2995 3565 3121 3635 plus
3161 3578 3281 3618 eam
3311 3560 3521 3618 moveri

1951 3666 2213 3723 undecim
2258 3662 2548 3736 gradibus,
2598 3660 2782 3716 minus
2835 3657 3166 3713 duodecim:
3212 3670 3336 3713 cum
3390 3668 3520 3709 vero

1959 3755 2230 3813 maximos
2276 3754 2496 3811 coniicit
2545 3760 2745 3815 motus,
2773 3747 3009 3819 amplius
3041 3760 3159 3803 eam
3210 3744 3414 3801 moveri
3454 3742 3521 3799 15

1961 3848 2245 3922 gradibus,
2279 3846 2461 3902 minus
2489 3859 2618 3900 vero
2645 3842 2710 3898 16
2738 3839 3028 3913 gradibus;
3067 3852 3191 3893 cum
3225 3837 3390 3907 igitur
3423 3832 3521 3888 ob-

1962 3946 2239 3998 servatum
2270 3940 2364 4003 sit,
2392 3938 2577 3992 lunam
2612 3935 2668 3990 in
2700 3933 2894 3988 diebus
2919 3930 3089 3987 £9756
3113 3942 3402 3999 peragrare
3428 3942 3521 3978 zo-

1962 4033 2150 4087 diacus
2169 4029 2407 4084 circulos
2437 4027 2567 4089 725.
2602 4035 2656 4082 et
2684 4034 2947 4096 praeterea
2981 4020 3157 4075 adhuc
3192 4019 3393 4091 gradus
3410 4016 3481 4071 δί
3505 4035 3519 4071 :

1965 4122 2340 4194 unusquisque
2368 4128 2549 4174 autem
2580 4117 2909 4173 circulorum
2948 4113 3143 4168 habeat
3166 4110 3367 4182 gradus
3397 4108 3521 4175 360,

1962 4215 2201 4272 refundit
2245 4215 2374 4268 luna
2405 4211 2736 4267 circulorum
2776 4205 3173 4262 multitudinem
3204 4203 3260 4259 in
3292 4202 3522 4274 gradus.

1964 4315 2020 4364 et
2041 4306 2189 4362 addit
2218 4304 2420 4377 gradus
2459 4302 2548 4359 δῦ.
2585 4300 2672 4357 Fit
2703 4300 2868 4372 igitur
2916 4307 3060 4354 totus
3106 4309 3364 4351 numerus
3402 4307 3528 4364 gra-

1967 4398 2132 4453 duum
2169 4393 2400 4450 260512.
2430 4392 2490 4448 ln
2524 4391 2716 4447 diebus
2744 4389 2909 4462 igitur
2939 4385 3173 4442 maxime
3203 4383 3374 4439 19756
3406 4398 3529 4453 pero

288 4510 395 4574 τὰς
426 4506 526 4578 λβ’.
566 4506 777 4561 Γίνεται
810 4508 838 4560 6
870 4477 977 4569 πῶς
1007 4477 1237 4579 ἀριθμός
1281 4477 1482 4576 μοιρῶν
1512 4477 1725 4578 ,σ,ξτιβ’.
1775 4477 1853 4557 Ἕκ.

1967 4490 2140 4546 currit
2190 4488 2319 4543 luna
2364 4484 2681 4557 praedictum
2714 4495 2993 4538 numerum
3024 4477 3329 4550 graduum:
3365 4490 3527 4546 quam

292 4602 406 4673 ἄρα
434 4599 670 4671 ἡμέραις
701 4599 932 4670 μάλιστα
959 4597 1165 4670 ,ι,θψνς¹
1185 4596 1560 4669 διαπορεύεται
1598 4599 1632 4666 ἡ
1671 4596 1864 4668 σελήνη

292 4695 357 4748 τὸ
382 4691 777 4765 προειρημένον
801 4688 1002 4759 πλῆθος
1029 4686 1135 4741 τῶν
1162 4687 1362 4759 μοιρῶν
1384 4705 1397 4717 ·
1424 4686 1529 4758 ὃδὴ
1554 4686 1774 4756 πλῆθος,
1790 4687 1870 4748 είς

296 4784 357 4836 τὸ
393 4782 504 4836 τῶν
547 4780 766 4852 ἡμερῶν
795 4778 997 4849 πλῆθος
1040 4776 1393 4850 μερίσαντες,
1428 4770 1731 4852 εὑρήσομεν
1769 4773 1868 4844 τὴν

301 4877 477 4947 μέσην
517 4850 815 4945 ἡμερήσιον
861 4872 1072 4940 κίνησιν
1118 4869 1216 4940 τῆς
1258 4866 1505 4939 σελήνης.
1551 4850 1715 4919 Ὅταν
1757 4866 1865 4937 γὰρ

303 4970 442 5040 μήτε
478 4965 577 5038 τὴν
616 4964 860 5018 ἐπίτασιν
895 4962 996 5033 τῆς
1033 4963 1317 5033 κινήσεως,
1364 4960 1502 5030 μήτε
1546 4950 1643 5030 τήν
1686 4958 1867 5013 ἄνεσιν

301 5058 791 5128 ὑπολογισάμενοι,
824 5055 884 5120 ἐξ
925 5053 1127 5124 ὁμαλοῦ
1160 5052 1468 5125 μερίσωμεν
1498 5050 1565 5104 τὸ
1601 5046 1707 5103 τῶν
1748 5066 1866 5120 μοι-

307 5151 416 5221 ρῶν
442 5149 663 5220 πλῆθος,
701 5148 821 5202 τότε
849 5148 885 5217 ἡ
911 5146 1192 5217 εὑρεθεῖσα
1210 5143 1422 5213 κίνησις
1446 5136 1583 5213 μέση
1606 5141 1864 5194 καλεῖται.

304 5241 629 5313 Εὑρίσκεται
674 5240 733 5293 δὲ
774 5238 912 5309 αὕτη
944 5237 1203 5308 γινομένη
1249 5233 1451 5307 μοιρῶν
1515 5241 1580 5302 ιγ’
1645 5231 1874 5303 πρώτων

310 5331 634 5404 ἐξηκοστῶν,
663 5330 756 5384 καί
776 5328 1042 5400 δευτέρων
1057 5329 1150 5380 λε’.
1171 5327 1426 5380 Καλεῖται
1450 5322 1508 5379 δὲ
1531 5325 1591 5378 τὸ
1617 5325 1714 5395 τῆς
1747 5326 1875 5394 μιᾶς

315 5424 505 5496 μοίρας
524 5422 809 5495 ἑξηκοστὸν
830 5420 1039 5493 πρῶτον
1056 5419 1366 5491 ἑξηκοστὸν,
1383 5419 1443 5472 τὸ
1470 5416 1525 5470 δὲ
1551 5416 1642 5470 τοῦ
1662 5414 1874 5488 πρώτου

312 5514 599 5586 ἑξηκοστοῦ
629 5513 915 5587 ἑξηκοστὸν
939 5510 1186 5583 δεύτερον
1202 5509 1519 5582 λέξηκοστόνο
1539 5508 1737 5580 ὁμοίως
1746 5506 1805 5559 δὲ
1819 5505 1879 5559 τὸ

1969 4580 2370 4639 multitudinem
2419 4580 2476 4632 in
2530 4577 2739 4632 dierum
2787 4572 3183 4629 multitudinem
3233 4569 3532 4625 dividentes

1970 4675 2308 4730 inveniemus
2346 4669 2584 4725 medium
2628 4668 2882 4723 diurnum
2931 4672 3135 4719 motum
3183 4662 3344 4717 lunae.
3393 4659 3531 4717 Cum

1968 4765 2112 4821 enim
2138 4777 2314 4832 neque
2337 4758 2689 4815 intentionem
2723 4766 2926 4819 motus,
2953 4768 3128 4825 neque
3152 4752 3531 4809 remissionem

1970 4863 2305 4927 reputantes,
2335 4868 2404 4908 ex
2428 4850 2622 4923 aequali
2669 4849 3015 4905 diviserimus
3053 4844 3318 4917 graduum
3348 4844 3534 4898 multi-

1974 4946 2236 5010 tudinem,
2272 4956 2400 5000 tunc
2433 4945 2685 4999 inventus
2713 4951 2893 4996 motus
2915 4940 3029 5014 36
3053 4946 3278 4995 vocatur
3299 4937 3533 4993 medius.

1973 5040 2253 5096 Invenitur
2308 5045 2489 5094 autem
2545 5036 2635 5091 hic
2684 5035 2895 5090 medius
2940 5042 3118 5089 motus
3170 5030 3432 5103 graduum
3472 5030 3537 5084 15

1976 5136 2270 5204 primorum
2341 5129 2801 5199 sexagesimorum
2852 5125 2933 5181 10⁸
2967 5166 2982 5190 ,
3052 5134 3104 5180 et
3171 5122 3536 5179 secundorum

1979 5223 2095 5279 3'5".
2156 5221 2395 5278 Vocatur
2435 5230 2612 5276 autem
2667 5219 2831 5275 unius
2870 5217 3071 5289 gradus
3114 5213 3537 5285 sexagesimum.

1981 5318 2211 5388 primum
2238 5314 2664 5388 sexagesimum;
2715 5321 2769 5369 et
2814 5311 2978 5366 unius
3002 5308 3163 5380 primi
3212 5304 3536 5380 sexagesitni

1981 5410 2375 5481 sexagesimum
2421 5417 2647 5464 vocatur
2676 5405 2974 5463 secundum
3008 5404 3439 5476 sexagesimum;
3464 5400 3542 5455 si-

1981 5504 2183 5559 militer
2210 5502 2373 5560 etiam
2405 5516 2570 5557 unum
2604 5498 2901 5557 secundum
2946 5496 3380 5570 sexagesimum.
3417 5505 3544 5551 cum

378 5669 487 5744 (5η)
516 5670 651 5741 Περὶ
698 5668 1031 5740 ἐξελιτμοῦ.
1092 5664 1227 5722 \‘ide
1280 5664 1628 5721 Ptolemaeum
1675 5662 1764 5718 lib.
1797 5676 1868 5727 tv,
1917 5672 2034 5729 cap.
2066 5654 2120 5712 2.
