4000 6206
515 215 631 272 855
1510 219 1608 277 AD
1639 220 1910 281 EUSEBII
1945 222 2334 281 CHBONICON
2368 221 2728 283 APPBNDIX.
3628 225 3721 285 εει

515 333 746 392 divisum
776 343 861 391 est
891 334 946 391 in
974 345 1156 407 partes
1206 335 1314 401 60,
1372 345 1599 393 vocatur
1654 356 1760 395 una
1810 342 2067 411 particula

2181 343 2430 415 δεύτερον
2468 342 2774 414 ἑξηκοστὸν,
2801 341 3070 417 διαιρεθὲν
3099 343 3180 408 είς
3220 343 3368 417 μέρη.
3396 344 3462 411 ξ’,
3495 343 3722 400 καλεῖται

515 429 734 483 tertium
783 429 1199 501 sexagesimum.
1239 428 1439 486 Eadem
1492 438 1578 487 est
1621 432 1762 487 ratio
1804 434 1968 488 etiam
2019 436 2067 490 in

2177 434 2238 489 τὸ
2268 434 2326 488 ἓν
2354 434 2516 507 μέρος
2543 435 2724 506 τρίτον
2754 433 3060 505 ἑξηκοστόν.
3100 435 3159 488 '0
3185 435 3243 488 δέ
3279 435 3442 499 αὐτὸς
3466 434 3622 501 λόγος
3640 436 3726 489 καὶ

516 518 741 589 reliquis
771 520 1144 590 sexagesimis.
1424 588 1425 591 η

582 607 720 663 Cum
753 625 1107 666 numerorum
1133 611 1222 667 hic
1255 610 1327 668 sit
1350 612 1505 678 ordo,
1535 629 1565 667 a
1588 613 1856 671 Chaldaeis
1885 615 2075 673 inven-

514 708 604 756 tus
632 708 717 755 est
743 701 958 758 medius
985 711 1166 760 motus
1202 704 1341 760 lunae
1385 705 1650 775 graduum
1706 708 1794 775 f3,
1820 710 1921 773 ιον.
1951 709 2070 778 55",

514 808 747 865 cumque
783 794 839 849 in
869 794 1061 852 diebus
1102 796 1273 853 19756
1312 797 1438 853 luna
1484 797 1646 853 faciat
1699 802 2073 858 restitutiones

517 886 640 949 717,
673 886 719 942 si
751 887 1088 944 voluerimus
1114 904 1441 959 cognoscere
1479 905 1644 945 unam
1672 892 2071 949 restitutionem

514 976 571 1029 in
599 985 731 1046 quot
761 976 953 1033 diebus
991 977 1153 1032 faciat
1191 979 1340 1041 luna,
1370 979 1673 1036 dividemus
1694 981 1900 1037 dierum
1926 981 2069 1036 mul-

514 1069 803 1127 titudinem
844 1071 898 1125 in
925 1072 1331 1142 restitutionum
1385 1072 1817 1141 multitudinem;
1849 1082 1902 1128 et
1936 1072 2071 1129 fiunt

514 1160 633 1216 dies
661 1162 1021 1218 restitutionis
1044 1163 1135 1229 27,
1169 1171 1225 1220 et
1254 1164 1417 1220 unius
1458 1162 1566 1220 diei
1593 1164 1929 1235 sexagesima
1958 1164 2069 1235 pri-

514 1265 600 1304 ma
634 1251 723 1315 33,
757 1260 811 1306 et
837 1253 1075 1308 secunda
1102 1253 1192 1309 20.
1232 1252 1289 1308 In
1319 1262 1400 1308 tot
1448 1253 1613 1325 igitur
1640 1254 1832 1310 diebus
1881 1254 2009 1310 luna
2039 1271 2070 1309 ιι

513 1341 742 1403 minimo
771 1352 919 1399 motu
954 1345 1019 1400 ad
1066 1344 1349 1400 minimum
1379 1355 1584 1399 motum
1614 1348 1997 1416 proficiscitur.

2177 526 2269 581 ἐπὶ
2300 525 2408 580 τῶν
2429 525 2629 580 λοιπιῖιν
2657 524 2979 596 ἐξηκοστῶν.

2244 618 2512 689 Τοιαύτης
2542 617 2599 670 δέ
2641 620 2740 689 τῆς
2770 616 3063 682 διατάξεως
3098 618 3445 691 ὑπαρχούσης
3475 618 3585 672 τῶν
3617 620 3731 691 αρι-

2174 711 2349 782 θμῶν,
2384 711 2489 764 ὑπὸ
2533 710 2639 764 τῶν
2678 710 2974 772 Χαλδαίων,
2997 709 3224 783 εὕρηται
3263 713 3297 782 ἡ
3344 711 3480 783 μέση
3524 712 3731 783 κίνησις

2171 806 2272 875 τῆς
2306 803 2536 876 σελήνης
2571 802 2772 877 μοιρῶν
2800 809 2887 871 ιγ’,
2921 810 2970 867 ι’,
3008 800 3081 856 λε’
3103 818 3116 831 ⁸
3148 804 3242 857 καὶ
3276 805 3399 857 ἐπεὶ
3417 806 3476 857 ἐν
3504 804 3731 875 ἡμέραις

2170 895 2381 969 ,ιιθψνςπ
2411 895 2883 960 ἀποκαταστάσεις
2915 898 3148 951 ποιεῖται
3180 898 3213 966 ἡ
3256 896 3451 968 σελήνη
3481 895 3610 969 ψιζ,
3637 896 3729 949 ἐὰν

2173 968 2488 1059 βουλώμεθα
2531 986 2824 1055 ἐπιγνῶναι
2867 986 2965 1058 τὴν
3017 986 3146 1058 μίαν
3193 968 3630 1041 ἀποκατάστασιν
3673 987 3731 1038 ἐν

2172 1077 2365 1139 πόσαις
2390 1078 2624 1149 ἡμέραις
2645 1080 2874 1130 ποιεῖται
2902 1079 2933 1148 ἡ
2969 1076 3182 1148 σελήνη,
3219 1076 3513 1148 μεριοῦμεν
3544 1076 3602 1129 τὸ
3626 1074 3732 1127 τῶν

2171 1167 2391 1238 ἡμερῶν
2420 1167 2620 1238 πλῆθος
2649 1169 2729 1231 εἰς
2752 1168 2812 1221 τὸ
2842 1167 2951 1221 τῶν
2977 1168 3466 1222 ἁποκαταστάσεων
3501 1165 3728 1236 πλῆθος·

2174 1260 2410 1329 γίνονται
2470 1260 2527 1313 δὲ
2580 1261 2781 1333 ἡμέραι
2831 1261 2931 1332 τῆς
2988 1260 3484 1323 ἀποκαταστάσεως
3533 1257 3733 1312 εἴκοσιν

2176 1352 2313 1405 ἐπτά
2339 1391 2353 1414 ,
2385 1353 2477 1406 καὶ
2525 1355 2652 1424 μιᾶς
2704 1356 2916 1426 ⁴ἡμέρας
2960 1353 3233 1425 ἐξηκοστέι
3267 1352 3458 1427 πρῶτα
3499 1351 3603 1419 λγ’,
3637 1349 3736 1403 καὶ

512 1433 736 1506 δεύτερα
759 1440 828 1487 κ’.
871 1434 959 1488 Ἐν
982 1434 1088 1507 ἄρα
1110 1434 1346 1508 ἡμέραις
1372 1436 1659 1500 τοσαύταις
1681 1439 1715 1508 ή
1753 1437 1947 1509 σελήνη
1973 1440 2084 1492 ἀπὸ
2141 1441 2245 1512 τῆς
2286 1440 2573 1513 ἐλαχίστης
2606 1445 2871 1515 κινήσεως
2918 1444 3011 1497 ἐπὶ
3034 1444 3131 1515 τὴν
3174 1443 3459 1514 ἐλαχίστην
3495 1442 3733 1513 παραγίο

512 1542 680 1579 νεται.

584 1621 649 1677 Et
676 1639 800 1677 eum
825 1624 877 1677 in
900 1624 1050 1679 omni
1080 1624 1424 1682 restitutione
1445 1627 1480 1683 ι
1499 1628 1607 1684 sint
1631 1633 1874 1699 tempora
1893 1643 2067 1699 aequa-

2238 1626 2353 1680 Καὶ
2399 1625 2521 1679 ἐπεὶ
2563 1626 2621 1678 ὲν
2658 1625 2808 1698 πάσῃ
2851 1624 3286 1679 ἀποκαταστάσει
3329 1624 3376 1677 δ’
3407 1626 3518 1678 είσι
3554 1627 3735 1697 χρόνοι

512 1715 606 1778 lia,
640 1726 964 1786 acceperunt
990 1727 1241 1788 quartam
1289 1728 1498 1789 partem
1526 1719 1737 1776 dierum
1765 1720 1855 1786 27,
1884 1720 1987 1785 ὅδ’,
2018 1729 2072 1776 et

511 1808 632 1874 20",
656 1817 712 1862 et
742 1809 877 1863 fiunt
924 1808 1041 1864 dies
1074 1811 1127 1874 6,
1172 1810 1277 1878 ὅδ’,
1305 1818 1363 1866 et
1386 1810 1508 1867 20".
1548 1809 1608 1866 1n
1635 1818 1715 1867 tot
1762 1812 1933 1883 igitur
1956 1812 2072 1867 die—

514 1898 618 1956 bus
646 1899 776 1955 luna
807 1915 838 1954 a
872 1900 1097 1956 minimo
1133 1911 1282 1958 motu
1311 1905 1379 1958 ad
1403 1903 1636 1959 medium
1668 1903 2032 1974 proficiscitur
2052 1943 2069 1967 ,

513 2002 568 2047 et
599 2007 630 2046 a
650 1993 831 2048 medio
861 1993 930 2048 ad
952 1994 1244 2050 maximum
1270 2013 1285 2063 ;
1312 2002 1368 2051 et
1395 2011 1585 2051 rursus
1617 1996 1870 2052 similiter
1895 2012 1927 2049 a
1952 2010 2069 2048 ma-

513 2082 663 2137 ximo
690 2081 760 2137 ad
793 2083 1027 2139 medium
1054 2125 1070 2150 ,
1119 2094 1174 2140 et
1199 2100 1230 2139 a
1278 2086 1455 2142 medio
1483 2086 1551 2141 ad
1599 2085 1904 2141 minimum.
1935 2085 2069 2141 Nam

516 2175 633 2231 haec
657 2182 894 2245 quatuor
926 2185 1168 2246 tempora
1197 2176 1339 2233 inter
1368 2193 1427 2233 se
1456 2185 1583 2233 sunt
1608 2178 1858 2249 aequalia.

584 2437 812 2505 Etcum,
836 2440 881 2494 si
908 2438 1106 2496 fuerint
1129 2449 1240 2498 tres
1277 2442 1486 2498 numeri
1518 2459 1583 2497 ex
1611 2458 1765 2513 aequo
1804 2458 1863 2499 se
1909 2458 2071 2514 supe-

516 2540 738 2598 rantes,
786 2533 1013 2589 extremi
1048 2535 1209 2590 simul
1250 2536 1453 2606 sumpti
1492 2536 1603 2591 sint
1627 2535 1794 2606 duplo
1835 2535 2070 2606 majores

515 2626 711 2693 medio,
741 2626 795 2681 in
825 2636 973 2683 motu
1005 2636 1184 2683 autem
1239 2628 1380 2683 lunae
1430 2638 1545 2684 tres
1589 2629 1700 2684 sint
1744 2627 1954 2683 numeri
2003 2643 2071 2682 ex

513 2733 669 2788 aequo
694 2733 756 2774 se
781 2719 1014 2775 invicem
1063 2728 1419 2788 superantes,
1468 2735 1660 2790 nempe
1690 2728 1871 2775 motus
1908 2718 2067 2774 mini-

512 2826 653 2869 mus.
684 2817 739 2865 et
766 2811 1000 2875 medius,
1025 2818 1079 2868 et
1105 2812 1376 2867 maximus
1402 2830 1416 2867 :
1450 2813 1499 2868 si
1529 2812 1691 2882 igitur
1719 2819 1924 2865 motum
1952 2825 2069 2864 ma—

513 2901 718 2956 ximum
761 2910 816 2959 et
845 2904 1124 2958 minimum
1178 2918 1600 2973 componamus,
1643 2909 1804 2958 erunt
1833 2901 1887 2956 bi
1922 2917 2073 2958 com-

2173 1718 2276 1771 ῐσοι
2297 1760 2311 1783 ,
2364 1716 2554 1771 ἔλαϐον
2606 1717 2859 1789 τέταρτον
2900 1716 3063 1789 μέρος
3105 1716 3213 1770 τῶν
3255 1714 3336 1782 κζ’
3372 1717 3614 1788 ἡμερῶν,
3653 1718 3737 1787 λγ⁹

2170 1808 2379 1863 λεπτῶν
2407 1807 2656 1881 πρώτων,
2694 1809 2787 1863 καὶ
2822 1815 2869 1862 κ’
2890 1808 3154 1879 δευτέρων
3182 1807 3410 1874 λεπτῶν,
3439 1809 3534 1861 καὶ
3556 1808 3739 1877 γίνονς

2136 1966 2137 1969 η
2168 1919 2257 1955 ται
2294 1900 2495 1971 ἡμέραι
2522 1906 2597 1965 ς’,
2626 1906 2725 1968 νγν,
2757 1900 2847 1953 καὶ
2887 1905 2955 1952 κ’.
3000 1898 3089 1952 Ἐν
3120 1898 3227 1970 ἄρα
3252 1898 3539 1963 τοσαύταις
3577 1902 3611 1971 ή
3642 1917 3737 1953 σε-

2170 1992 2305 2063 λήνη
2337 1991 2568 2063 ἡμέραις
2602 1991 2709 2045 ἀπὸ
2747 1991 2845 2061 τῆς
2878 1989 3164 2062 ἐλαχίστης
3195 1992 3461 2061 κινήσεως
3497 1991 3591 2043 ἐπὶ
3633 1990 3739 2062 τὴν

2172 2085 2343 2156 μέσην
2375 2084 2751 2155 παραγίνεται,
2776 2082 2868 2135 καὶ
2890 2081 2998 2135 ἀπὸ
3018 2084 3116 2154 τῆς
3144 2082 3313 2155 μέσης
3345 2084 3436 2138 ἐπὶ
3457 2083 3556 2156 τὴν
3580 2084 3740 2155 μεγί-

2171 2192 2321 2245 στην,
2364 2174 2458 2227 καὶ
2483 2172 2643 2226 πάλιν
2678 2172 2877 2243 ὁμοίως
2918 2172 3023 2226 ἀπὸ
3059 2174 3156 2244 τῆς
3200 2173 3460 2245 μεγίστης
3496 2175 3590 2227 ἐπὶ
3631 2174 3736 2245 τήν

2172 2266 2363 2336 μέσην,
2386 2267 2478 2320 καὶ
2514 2266 2621 2319 ἀπὸ
2649 2265 2743 2337 τῆς
2771 2266 2940 2336 μέσης
2965 2266 3056 2319 ἐπὶ
3077 2266 3174 2338 τὴν
3194 2266 3498 2337 ἐλαχίστην.
3528 2266 3595 2320 Oi
3623 2266 3736 2337 γὰρ

2168 2358 2209 2411 δ’
2237 2353 2378 2412 οὗτοι
2401 2356 2579 2429 χρόνοι
2604 2357 2741 2409 εἰσὶν
2770 2356 3017 2428 ἀλλήλοις
3052 2356 3172 2411 ἴσοι.

2238 2452 2349 2505 Καὶ
2379 2450 2500 2503 ἐπεὶ
2527 2449 2591 2504 ἂν
2620 2443 2719 2503 ὦσι
2747 2452 2893 2520 τρεῖς
2917 2448 3138 2521 ἀριθμοὶ
3167 2450 3265 2520 ῐσῳ
3291 2446 3535 2518 ἀλλήλων
3562 2448 3735 2519 ὕπερο

2170 2542 2401 2612 ἔχοντες,
2435 2540 2668 2609 γίνονται
2715 2540 2767 2591 οἱ
2808 2540 2966 2610 ἄκροι
3011 2538 3105 2591 τοῦ
3144 2538 3311 2609 μέσου
3352 2535 3692 2600 διπλασίονες
3716 2552 3735 2566 ο

2168 2633 2227 2686 ἰν
2253 2632 2309 2684 δὲ
2338 2635 2403 2703 τῇ
2419 2617 2649 2703 ’κινήσει
2678 2630 2778 2700 τῆς
2817 2629 3042 2700 σελήνης
3070 2631 3218 2701 τρεῖς
3244 2630 3380 2681 εἰσιν
3406 2627 3633 2700 ἀριθμοὶ
3657 2626 3738 2696 τῷ

2171 2726 2271 2796 ῐσῳ
2293 2723 2535 2795 ἀλλήλων
2563 2723 2934 2795 ὑπερέχοντες,
2966 2721 3000 2792 ἦ
3027 2738 3084 2774 τε
3104 2720 3356 2791 ἐλαχίστη
3384 2721 3617 2791 κίνησις,
3642 2718 3737 2771 καῖ

2167 2820 2200 2888 ή
2232 2817 2392 2887 μέση,
2438 2816 2531 2869 καὶ
2564 2817 2596 2883 ἡ
2621 2814 2849 2885 μεγίστη
2873 2830 2886 2842 ⁸
2925 2796 3017 2866 ἐὰν
3048 2813 3156 2883 ἄρα
3199 2812 3297 2882 τὴν
3334 2812 3597 2881 μεγίστην
3641 2809 3738 2863 καὶ

2167 2904 2266 2976 τήν
2306 2905 2593 2977 ἐλαχίστην
2639 2902 2950 2974 συνθῶμεν,
2997 2903 3207 2958 ἔσονται
3248 2902 3589 2964 διπλασίονες
3637 2901 3737 2972 τῆς

514 2994 676 3062 positi
725 2995 892 3066 duplo
945 2994 1179 3065 majores
1210 2994 1408 3050 medio.
1449 2993 1579 3049 Erat
1633 3001 1812 3049 autem
1867 2994 2067 3051 medius

2182 2996 2350 3067 μέσης
2379 2997 2658 3066 κινήσεως.
2682 2990 2790 3049 Ἦν
2816 2976 2929 3066 δὲἡ
2972 2995 3111 3067 μέση
3148 2995 3359 3066 κίνησις
3396 2994 3603 3065 μοιρῶν
3644 2999 3733 3061 ιγ’,

511 3092 695 3140 motus
718 3084 984 3155 graduum
1033 3085 1121 3150 1⁸5,
1159 3084 1261 3149 10’,
1284 3083 1402 3140 55".
1437 3083 1927 3154 Multiplicavernnt
1957 3084 2069 3139 haec

509 3177 596 3233 bis
617 3216 632 3241 ,
661 3184 715 3231 et
741 3176 1064 3246 proveniunt
1118 3192 1185 3232 ex
1238 3177 1692 3248 multiplicatione
1717 3177 1919 3248 gradus
1963 3177 2066 3245 26,

508 3268 615 3333 ειν,
651 3267 769 3324 10⁹’.
822 3267 1086 3325 Maximus
1114 3269 1277 3340 igitur
1302 3277 1486 3326 motus
1515 3270 1678 3335 lunae,
1707 3278 1761 3325 et
1811 3269 2069 3324 minimus

510 3360 736 3429 praecise
762 3358 1050 3431 compositi
1078 3367 1206 3414 sunt
1229 3359 1348 3416 dies
1373 3361 1464 3424 26,
1485 3359 1590 3424 21⁸,
1614 3360 1727 3416 i0".
1763 3359 1925 3432 Atqui
1947 3376 2070 3431 gra-

510 3455 614 3509 dus
639 3468 703 3508 ex
736 3453 1115 3510 observatione
1139 3452 1343 3522 sumpti
1371 3468 1481 3508 non
1515 3461 1709 3507 exacte
1764 3452 1986 3507 maximi
2012 3462 2069 3507 et

511 3542 725 3598 minimi
756 3550 936 3600 motus
968 3549 1096 3598 sunt
1123 3542 1325 3615 gradus
1347 3541 1436 3597 26.
1488 3540 1719 3613 Reliqua
1747 3542 1915 3614 igitur
1939 3552 2069 3598 sunt

508 3649 575 3689 ea
601 3634 957 3702 sexagesima,
1000 3648 1122 3705 qua:
1169 3631 1473 3704 eﬂ'ugerunt
1497 3633 1929 3705 observationem
1974 3650 2069 3704 per

510 3725 854 3795 apparentias
875 3733 929 3781 et
954 3740 1157 3796 organa
1189 3724 1411 3789 factam,
1453 3724 1703 3782 videlicet
1752 3726 1916 3781 unius
1944 3742 2068 3795 gra-

509 3817 614 3872 dus
644 3816 815 3888 prima
849 3819 1180 3890 sexagesima
1208 3817 1292 3873 ειν
1321 3859 1337 3882 ,
1388 3826 1442 3873 et
1492 3817 1728 3873 secunda
1768 3816 1883 3871 10".
1943 3815 2068 3871 Haec

512 3912 674 3983 igitur
714 3919 929 3982 oportet
1004 3911 1230 3985 insuper
1278 3910 1578 3967 attribuere
1632 3917 1689 3966 et
1732 3909 1957 3965 minimo
2013 3917 2068 3965 et

509 4002 749 4057 maximo
779 4002 986 4059 motui:
1014 4011 1071 4057 ut
1101 4002 1207 4058 duo
1226 4002 1279 4057 hi
1312 4011 1490 4058 motus
1521 4001 1808 4072 compositi
1834 3998 2069 4056 efﬁciant

509 4092 712 4161 gradus
740 4091 830 4154 26,
859 4092 965 4158 εν,
998 4092 1113 4147 10".
1134 4092 1347 4148 Addere
1363 4102 1544 4148 autem
1577 4099 1789 4161 oportet
1827 4090 2070 4148 sic-hanc

2168 3088 2376 3141 λεπτῶν
2407 3095 2458 3149 ι’,
2488 3088 2579 3140 λε’.
2620 3086 3148 3140 Ἐπολλαπλασίασαν
3178 3085 3348 3141 ταῦτα
3388 3084 3497 3150 δίς·
3524 3085 3621 3138 καὶ
3650 3083 3734 3153 γί-

2168 3197 2347 3234 νονται
2393 3182 2573 3253 μοῖραι
2619 3184 2845 3244 κς¹,κι’,
2891 3184 2940 3231 ι’.
2988 3177 3051 3230 Ἠ
3099 3177 3206 3249 ἄρα
3246 3176 3475 3247 μεγίστη
3520 3176 3739 3246 κίνησις

2170 3272 2266 3343 τῆς
2286 3271 2512 3344 σελήνης
2535 3271 2629 3324 καὶ
2651 3272 2683 3340 ἠ
2709 3270 2985 3341 ἐλαχίστη,
3004 3271 3089 3322 ἐπ’
3119 3268 3342 3340 ἀκριϐὲς
3371 3267 3735 3328 συντεθεῖσαι,

2166 3364 2405 3431 γίνονται
2448 3361 2649 3435 ἡμέραι
2682 3362 2726 3393 ⁸⁸
2768 3367 2881 3427 καί,
2921 3366 3026 3427 κα’,
3068 3366 3121 3413 ι’.
3180 3357 3339 3412 Ἀλλὰ
3382 3358 3441 3412 αἱ
3485 3359 3633 3412 κατὰ
3675 3358 3737 3412 τὸ

2165 3455 2447 3526 ὁλοσχερὲς
2472 3458 2536 3509 ὲκ
2564 3455 2841 3526 τηρήσεως
2866 3450 3209 3523 εἰλημμέναι,
3230 3450 3265 3520 ἡ
3295 3465 3355 3502 τε
3385 3448 3612 3520 μεγίστη
3639 3450 3735 3503 καὶ

2166 3548 2441 3618 ἐλαχίστη,
2482 3550 2665 3619 μοῖραι
2698 3551 2808 3609 κζ’.
2849 3544 3027 3597 Δοιπὰ
3057 3543 3163 3614 ἄρα
3184 3543 3301 3596 ἐστὶ
3330 3541 3400 3597 τὰ
3424 3542 3731 3610 ἐκφυγόντα

2164 3640 2263 3712 τὴν
2283 3639 2374 3694 διὰ
2399 3639 2506 3693 τῶν
2540 3638 2875 3710 φαινομένων
2896 3637 2991 3690 καὶ
3016 3635 3114 3705 τὴν
3136 3634 3245 3688 τῶν
3275 3634 3514 3707 ὁργάνων
3543 3649 3727 3704 παρα-

2164 3734 2414 3805 τήρησιν,
2448 3732 2576 3802 μιᾶς
2602 3731 2794 3802 μοίρας
2822 3729 3012 3802 πρῶτα
3042 3726 3304 3798 ἐξηκοστὰ
3338 3734 3443 3791 κα¹,
3476 3726 3570 3780 καὶ
3600 3724 3727 3779 δεύ-

2164 3840 2295 3893 τερα
2322 3828 2371 3876 ι’.
2408 3820 2591 3874 Ταῦτα
2615 3820 2723 3891 ἄρα
2762 3820 2842 3873 δεῖ
2869 3819 3321 3891 προσεπιμερίσαι
3361 3820 3425 3889 τῇ
3464 3834 3525 3870 τε
3551 3817 3732 3889 ἐλαχί-

2168 3931 2265 3986 στῃ
2291 3913 2386 3967 καὶ
2412 3915 2478 3985 τῇ
2530 3912 2779 3985 μεγίστῃ,
2808 3912 2955 3975 ὅπως
2995 3912 3054 3964 αἱ
3093 3910 3186 3963 δύο
3214 3909 3545 3964 συντεθεῖσαι
3577 3912 3730 3981 κινή-

2167 4021 2280 4068 σεις
2327 4001 2628 4058 ἁποτελῶσι
2670 4000 2862 4073 μοίρας
2907 4006 3019 4065 κςν,
3066 4006 3173 4063 κα’,
3216 4006 3267 4053 ι’.
3314 3998 3634 4069 Προσθεῖναι
3670 3998 3726 4051 δὲ

2164 4098 2262 4171 τὴν
2296 4096 2549 4151 κουσέαν
2585 4093 2777 4158 οὕτως,
2807 4091 2947 4147 ὥστε
2983 4094 3117 4165 μήτε
3145 4092 3243 4164 τὴν
3279 4090 3566 4163 ἐλαχίστην
3606 4089 3727 4162 μεί-

507 4184 875 4239 necessariam
905 4182 1279 4254 appendicem,
1312 4191 1372 4237 ut
1394 4198 1571 4254 neque
1590 4182 1855 4237 minimus
1886 4189 2067 4237 motus

2166 4188 2294 4254 ζονα
2328 4189 2555 4259 ἄγεσθαι
2598 4185 2709 4241 τῶν
2752 4185 2819 4256 ιβ’
2866 4184 3087 4257 μοιρῶν,
3141 4185 3277 4256 μήτε
3320 4183 3419 4255 τὴν
3464 4183 3724 4254 μεγίστην

507 4283 700 4347 agatur
728 4275 903 4345 major
933 4274 1191 4347 gradibus
1221 4273 1289 4330 12
1308 4315 1324 4341 ,
1378 4289 1558 4346 neque
1587 4275 1857 4329 maximus
1895 4274 2067 4342 major

2170 4276 2388 4349 μείζονα
2423 4274 2627 4347 μοιρῶν
2668 4281 2762 4341 ις’.
2806 4272 3223 4347 Ἐπιμεριοῦμεν
3253 4272 3311 4326 δέ
3335 4272 3535 4337 οὕτως·
3576 4273 3724 4325 Ἐπεὶ

506 4343 766 4437 gradibus
795 4343 882 4421 16.
908 4343 1001 4419 Sic
1028 4372 1207 4418 autem
1231 4343 1591 4419 attribuemus
1615 4380 1629 4417 :
1680 4360 1814 4417 Cum
1850 4362 1974 4415 luna
2008 4362 2062 4417 in

2166 4343 2436 4440 ¹ίισελήνη
2479 4343 2539 4420 ἐν
2589 4365 2825 4437 ἡμέραις
2858 4371 2909 4430 ς’
2938 4343 3019 4417 ἣτε,
3056 4343 3150 4417 καί.
3188 4370 3266 4432 νγ¹
3307 4361 3577 4434 πρώτοις,
3631 4360 3723 4416 καὶ

505 4457 697 4513 diebus
718 4456 771 4520 6,
799 4457 903 4520 55',
929 4455 1027 4511 20"
1056 4453 1433 4527 proﬁciscatur
1473 4469 1503 4507 ε
1532 4445 1771 4509 ’minimo
1823 4461 1969 4508 motn
1996 4454 2065 4508 ad

504 4548 766 4613 medium,
787 4556 841 4604 et
866 4564 896 4603 a
932 4547 1109 4604 medio
1131 4546 1197 4602 ad
1215 4545 1532 4612 maximum,
1559 4554 1614 4602 et
1637 4559 1850 4615 semper
1870 4544 2064 4615 aequali

506 4644 845 4697 incremento
874 4653 929 4697 et
957 4640 1304 4695 decremento
1336 4645 1520 4691 utatur
1550 4656 1563 4692 :
1602 4636 1956 4691 inveniendus
1981 4645 2066 4692 est

504 4748 766 4790 numerus
785 4734 900 4804 qui,
924 4731 1296 4803 multiplicans
1320 4736 1569 4801 quartam
1598 4735 1809 4801 partem
1835 4730 2064 4785 restitu-

502 4827 601 4882 tivi
633 4826 914 4897 temporis,
942 4824 1139 4882 eﬂieiat
1168 4837 1454 4881 numerum
1483 4821 1601 4893 qui,
1640 4820 1858 4877 additus
1886 4819 2065 4876 medio

501 4921 698 4985 motui,
714 4920 931 4992 colligat
948 4918 1234 4990 quemdam
1253 4931 1536 4973 numerum
1561 4914 1823 4986 majorem
1846 4913 2062 4985 quidem

503 5014 572 5069 15
617 5013 896 5082 gradibus,
932 5012 1196 5066 minorem
1228 5026 1355 5065 vero
1407 5008 1506 5075 l6;
1551 5008 1798 5063 sublatus
1827 5014 2007 5061 autem
2031 5019 2063 5059 a

502 5106 680 5160 medio
701 5102 1158 5174 motu,relinquat
1181 5116 1464 5157 numerum
1488 5101 1773 5172 quemdam
1803 5100 2064 5169 majorem

499 5197 718 5267 quidem
752 5197 810 5249 11
850 5194 1130 5266 gradibus,
1158 5196 1421 5251 minorem
1452 5208 1580 5248 vero
1607 5192 1691 5245 12.
1727 5191 1795 5244 At
1829 5206 1949 5261 qua:
1968 5190 2066 5244 ad-

501 5291 711 5359 duntur.
732 5288 933 5359 gradus
963 5286 1049 5344 l5.
1082 5295 1134 5342 et
1163 5288 1419 5358 gradibus
1455 5286 1541 5346 11,
1575 5298 1639 5338 ea
1666 5291 1828 5339 erunt
1849 5296 2065 5352 quoque

503 5381 673 5450 prima
697 5378 1158 5453 sexagesimaﬂl’,
1176 5389 1231 5435 et
1260 5378 1500 5435 secunda
1534 5378 1645 5433 10".
1667 5375 1941 5431 Invenitur
1965 5390 2064 5428 au-

498 5485 607 5531 tem
635 5473 739 5533 hoc
759 5472 936 5531 facere
963 5486 1224 5535 numerus
1256 5472 1323 5526 18
1363 5472 1827 5546 sexagesimorum
1856 5467 2061 5542 primm

603 5629 648 5662 ‘°
682 5628 719 5684 Γ.
753 5632 934 5697 μοῖραι
1034 5629 1073 5659 ⁶¹
1106 5646 1194 5696 γρ.
1239 5627 1469 5698 ποιήσει.

2162 4458 2432 4530 δευτέροις
2452 4461 2500 4510 κ’
2519 4455 2873 4529 παραγίνεται
2895 4452 3001 4507 ἀπὸ
3027 4452 3127 4523 τῆς
3147 4448 3433 4522 ἐλαχίστης
3463 4451 3720 4521 κινήσεως

2163 4550 2256 4605 ἐπὶ
2283 4549 2382 4622 τὴν
2417 4546 2608 4620 μέσην,
2637 4546 2729 4600 καὶ
2754 4544 2862 4598 ἀπὸ
2879 4544 2976 4615 τῆς
3005 4542 3173 4614 μέσης
3196 4542 3286 4595 ἐπὶ
3316 4540 3414 4613 τὴν
3445 4540 3718 4612 μεγίστην,

2164 4642 2258 4697 καὶ
2287 4641 2375 4696 διὰ
2397 4639 2595 4712 παντὸς
2624 4641 2696 4709 τῇ
2724 4636 2813 4708 ἴσῃ
2845 4631 3179 4706 παραυξήσει
3215 4632 3308 4686 καὶ
3343 4631 3563 4703 μειώσει
3588 4632 3720 4704 χρῆ-

2162 4753 2271 4790 ται·
2297 4736 2377 4788 δεῖ
2396 4734 2574 4805 εὑρεῖν
2598 4731 2849 4804 ἀριθμὸν,
2882 4730 2940 4793 ὃς
2966 4724 3439 4788 πολλαπλασιάσας
3464 4723 3524 4777 τὸ
3540 4726 3721 4794 τέταρι

2161 4846 2252 4882 τον
2293 4827 2457 4898 μέρος
2485 4824 2578 4879 τοῦ
2620 4818 3123 4880 ἁποκαταστατικοῦ
3169 4818 3381 4889 χρόνου,
3413 4815 3719 4870 ἀποτελέσει

2160 4918 2284 4975 τινὰ
2328 4919 2578 4991 ἀριθμὸν,
2617 4917 2697 4981 ὃς,
2728 4913 3035 4988 προστιθεὶς
3066 4912 3163 4984 μὲν
3193 4912 3261 4982 τῇ
3308 4909 3447 4982 μέσῃ
3490 4908 3714 4979 κινήσει.

2165 5011 2379 5076 συνάξει
2405 5011 2447 5042 ⁸⁸
2481 5009 2602 5065 τινὰ
2630 5008 2857 5080 ἀριθμὸν
2885 5005 3104 5077 μείζονα
3141 5001 3236 5074 μὲν
3272 5001 3379 5055 τῶν
3411 5006 3469 5054 ιε’
3499 4999 3713 5071 μοιρῶν,

2162 5105 2419 5160 ἐλάττονα
2454 5103 2512 5156 δὲ
2544 5101 2647 5172 τῶν
2687 5106 2759 5164 ις’
2788 5115 2798 5127 ’
2832 5097 3144 5169 ἀφαιρεθεὶς
3185 5094 3244 5149 δὲ
3270 5093 3376 5147 ἀπὸ
3417 5093 3515 5163 τῆς
3553 5092 3717 5163 μέσης

2164 5200 2446 5269 κινήσεως,
2481 5192 2760 5263 ἀπολείψει
2785 5190 2915 5245 τινὰί
2949 5188 3201 5262 ἀριθμὸν,
3232 5186 3448 5259 μείζονα
3483 5186 3582 5257 μέν
3611 5181 3713 5237 τῶν

2165 5298 2231 5347 ια’
2268 5288 2493 5361 μοιρῶν,
2525 5286 2775 5341 ἐλάττονα
2794 5283 2851 5338 δὲ
2874 5284 2979 5338 τῶν
3016 5283 3099 5353 ιβ’.
3133 5281 3213 5334 Τὰ
3241 5281 3295 5334 δέ
3325 5278 3717 5351 προστιθέμενα

2162 5387 2281 5446 ταῖς
2309 5389 2368 5436 ιε’
2396 5382 2612 5453 μοίραις
2635 5380 2730 5434 καὶ
2761 5380 2879 5442 ταῖς
2904 5383 2993 5440 ια’,
3021 5376 3172 5429 ἔσται
3198 5373 3289 5426 ἐπὶ
3304 5372 3362 5426 τὸ
3381 5372 3521 5426 αὐτὸ
3532 5370 3712 5442 πρῶτα

2162 5470 2426 5545 ἑξηκοστὰ
2461 5475 2566 5533 κα’,
2610 5470 2701 5522 καὶ
2741 5467 2964 5540 δεύτερα
3006 5473 3055 5518 ι’.
3105 5464 3428 5535 Εὑρίσκεται
3467 5462 3525 5518 δέ
3563 5460 3720 5515 τοῦτο
