4000 6206
281 262 385 320 857

1290 271 1527 330 οεωΝι
1563 272 1939 333 ΕΕΕΜΕΝΤΔ
1971 275 2458 336 ASTRONOMLE.

3399 282 3502 340 858

282 386 454 441 ποιῶν
481 388 511 441 ὀ
533 385 641 441 τῶν
671 394 740 460 ιη’
767 388 1072 460 iiquae-cmi:
1101 391 1328 465 πρώτων
1350 410 1364 424 ⁸
1407 393 1500 449 ἐὰν
1530 392 1639 467 γὰρ
1673 392 1843 451 ταῦτα

1946 414 2098 465 rum;
2132 399 2179 455 si
2206 399 2348 455 enim
2377 399 2491 456 haec
2519 400 2869 472 multiplicata
2901 399 3101 456 fuerint
3147 399 3204 454 in
3253 406 3500 471 quartam

279 477 758 550 πολλαπλασιασθῇ
791 479 882 533 ἐπὶ
912 481 974 534 τὸ
1008 481 1268 554 τέταρτον
1314 484 1477 555 μέρος
1506 484 1605 555 τῆς
1642 485 1845 539 ἀποκα-

275 569 631 635 ταστάσεως,
663 571 756 625 ἐπὶ
792 571 892 635 τὰς
932 573 1143 645 ἡμέρας
1186 581 1260 640 ς’,
1306 581 1371 644 ιγ’
1410 574 1600 648 πρῶτα
1635 575 1803 630 λεπτὰ
1825 617 1840 642 ,

274 662 379 715 καὶ
422 668 471 715 κ’
502 662 728 733 δεύτερα
749 704 764 729 ,
794 663 1174 719 ἀποτελοῦνται
1207 669 1390 739 μοῖραι
1435 666 1478 737 β’
1523 668 1615 722 καὶ
1654 667 1845 739 πρῶτα

270 752 551 825 ἐξηκοστὰ
587 753 647 808 δ’.
677 754 859 824 Ταῦτα
907 756 1220 829 προσέθηκα
1249 761 1313 829 τῇ
1343 757 1479 830 μέση
1513 761 1723 831 κινήσει
1755 765 1846 828 ιγ’,

271 852 328 908 ι’,
366 845 467 910 λε’,
494 844 589 899 καὶ
624 843 1086 919 γίνονταιυιοῖραι
1119 854 1199 913 ιε’,
1245 848 1324 913 ιδ’,
1357 849 1431 902 λε’
1452 865 1465 879 ³
1502 849 1595 903 καὶ
1630 849 1844 919 ἀφεῖλον

268 935 389 989 ἀπὸ
439 934 542 1005 τῆς
599 935 771 1006 μέσης
822 942 1089 1007 κινησεως
1141 937 1240 1002 τὰς
1295 938 1338 1009 β’
1383 938 1594 1011 μοίρας,
1639 940 1733 994 καὶ
1777 939 1846 994 τὰ

270 1027 474 1099 πρῶτα
512 1027 780 1099 ἑξηκοστὰ
805 1027 867 1093 δ’,
901 1030 996 1083 καὶ
1028 1030 1097 1085 τὰ
1139 1030 1389 1086 λείποντα
1422 1032 1488 1096 θ’,
1527 1032 1719 1103 μοίρας
1755 1038 1843 1099 ια’,

270 1116 351 1184 ς’,
386 1118 480 1173 λε’.
511 1118 750 1190 Εὕρηται
787 1120 894 1192 ἄρα
920 1122 954 1192 ἡ
989 1120 1085 1191 μὲν
1117 1121 1372 1194 ἐλαχίστη
1402 1122 1612 1194 κίνησις
1635 1123 1731 1194 τῆς
1758 1140 1844 1176 σε-

266 1210 445 1283 λήνης
472 1228 616 1283 μοιρ.
651 1217 740 1274 ια’,
767 1210 996 1283 πρώτων
1020 1211 1322 1283 ἐξηκοστῶν
1359 1220 1455 1278 ις’,
1493 1193 1756 1285 δευτέρων
1789 1214 1845 1267 δὲ
1887 1193 1894 1200 ”

1954 498 2161 560 partem
2190 490 2553 545 restitutionis
2573 532 2588 556 ,
2627 506 2818 559 nempe
2852 488 2908 544 in
2944 484 3061 544 dies
3083 487 3137 553 6,
3166 487 3267 555 l3’,
3295 494 3349 543 et
3382 487 3498 550 20",

1952 582 2329 651 producuntur
2351 581 2552 654 gradus
2579 582 2613 636 2
2641 593 2692 638 et
2720 582 2787 636 ι’.
2827 580 2952 637 Haec
2976 580 3154 635 addidi
3189 579 3365 634 medio
3388 593 3503 632 nio-

1951 673 2029 729 tui
2051 714 2066 737 ,
2112 690 2304 745 nempe
2328 675 2582 745 gradibus
2614 675 2715 742 15,
2765 675 2865 741 10¹,
2895 673 3011 736 55".
3039 681 3091 727 et
3138 671 3271 726 ﬁunt
3304 670 3503 740 gradus

1951 762 2039 823 15.
2073 761 2176 825 Μ’,
2208 762 2323 816 55".
2354 760 2606 817 Subtraxi
2638 777 2666 816 a
2706 763 2884 819 medio
2917 770 3065 817 motu
3096 762 3196 815 hos
3229 759 3426 830 gradus
3469 759 3504 811 2

1948 859 2003 908 et
2033 852 2100 918 ιιι,
2131 860 2185 908 et
2219 854 2412 923 reliqui
2468 861 2595 909 sunt
2626 854 2828 925 gradus
2859 854 2945 916 11,
2988 854 3056 916 6'.
3093 853 3209 908 35".
3246 849 3503 906 Inventus

1948 949 2034 994 est
2068 941 2231 1010 igitur
2279 941 2538 997 minimus
2583 950 2765 998 motus
2822 943 2959 996 luna:
3008 942 3270 1013 graduum
3302 939 3401 1003 11,
3431 938 3498 1002 ϐ’,

1950 1031 2236 1098 11”,55”’;
2273 1033 2481 1089 medius
2535 1045 2713 1090 motus
2766 1034 3028 1106 graduum
3080 1035 3167 1095 15.
3218 1033 3320 1097 10’,
3374 1031 3501 1097 55";

1949 1123 2218 1178 maximus
2250 1132 2428 1181 motus
2473 1126 2737 1196 graduum
2799 1126 2883 1190 l5,
2916 1127 3019 1191 ιιι,
3079 1126 3212 1193 55”;
3249 1124 3501 1179 diurnum

1951 1223 2127 1269 autem
2159 1216 2549 1272 incrementum
2584 1218 2880 1289 primorum
2915 1219 3369 1289 sexagesimorum
3401 1216 3495 1273 18'.

275 1300 369 1366 ια’,
402 1302 601 1372 τρίτων
631 1302 704 1356 λε’
732 1321 745 1334 ·
779 1306 812 1376 ἡ
843 1306 899 1359 δὲ
938 1305 1075 1377 μέση
1106 1306 1317 1377 κίνησις
1345 1323 1492 1378 μοιρ.
1524 1313 1614 1375 ιγ’,
1649 1313 1702 1373 ι’,
1734 1304 1805 1358 λε’
1838 1322 1855 1336 ⁸
1889 1306 1924 1376 ἡ
1960 1307 2190 1379 μεγίστη
2222 1309 2431 1381 κίνησις
2466 1327 2609 1384 μοιρ.
2655 1317 2732 1375 ιε’,
2796 1318 2883 1376 ια’,
2939 1310 3009 1364 λε’
3030 1330 3042 1343 ’
3073 1313 3106 1383 ἡ
3137 1311 3192 1364 δέ
3231 1308 3501 1382 ἡμερησία

274 1391 621 1464 παραύξησις
647 1393 874 1466 πρώτων
897 1395 1201 1467 ἑξηκοστῶν
1231 1394 1320 1467 ιη’.

782 1510 1172 1565 κΕφΑΑΑιοΝ
1211 1512 1329 1580 ις’.

2522 1506 2748 1565 CAPUT
2785 1508 2923 1565 XVI.

274 1624 490 1701 ἶςρρνοι
514 1621 634 1701 τῶν·
657 1621 871 1684 ζῳδίων
993 1618 1083 1701 οζς
1099 1622 1360 1701 ἕκαστον
1377 1623 1638 1701 αὑτῶζό
1666 1623 1837 1691 ἥλιος

1950 1619 2207 1701 Tempora
2241 1621 2508 1701 signorum
2556 1623 2610 1701 in
2654 1622 2842 1701 quibus
2879 1642 3274 1701 unumquoaque
3319 1649 3498 1688 eorum

345 1693 757 1776 διαπορεύεται
784 1711 798 1726 ο
843 1693 949 1776 καί.
984 1696 1044 1748 αἱ
1084 1695 1209 1776 καθ’
1237 1693 1498 1749 ἕκαστον
1521 1690 1734 1776 ,ζώδιογ
1758 1690 1841 1776 Tt-

2009 1690 2088 1744 sol
2113 1690 2359 1776 peragrat
2385 1706 2403 1744 :
2438 1703 2488 1746 et
2526 1690 2936 1776 signiﬁcationes
2974 1690 3298 1770 singulorum
3323 1706 3500 1776 signo-

345 1765 593 1832 νόμεναι
619 1764 1010 1833 ἐπισημασίαι
1043 1766 1101 1816 al
1123 1764 1636 1833 ὑπογεγραμμένα
1661 1764 1837 1818 εἰσιν.

560 1875 877 1948 ’Δρξὼμεθα
901 1876 958 1930 δὲ
978 1877 1086 1931 ἀπὸ
1107 1876 1325 1949 θερινῆς
1348 1877 1573 1949 τροπῆς.

347 1990 623 2063 Καρκίνον
649 1989 1024 2063 διαπορεύεται
1052 1991 1078 2043 ό
1100 1989 1248 2060 ἥλιος
1274 1992 1330 2044 ἐν
1361 1988 1590 2061 ἡμέραις
1616 1987 1717 2041 λα’.

356 2082 446 2135 Ἐν
490 2081 547 2134 δέ
592 2084 659 2153 τῇ
694 2088 740 2134 α’
775 2081 959 2153 ἡμέρα
1001 2079 1274 2151 Καλίππῳ
1314 2080 1583 2152 Καρκίνος
1618 2079 1842 2150 ἄρχεται

272 2171 609 2236 ἀνατέλλειν,
646 2173 841 2244 τροπαὶ
874 2170 1100 2243 θεριναὶ,
1128 2171 1222 2225 καὶ
1254 2171 1621 2242 ἐπισημαίνει.

362 2264 451 2316 Ἐν
477 2262 534 2315 δὲ
565 2264 630 2333 τῇ
667 2260 712 2313 θ’
740 2261 920 2332 ἡμέρᾳ
950 2259 1161 2331 Εὐδόξῳ
1191 2260 1339 2323 νότος
1358 2262 1498 2315 πνεῖ.

363 2354 451 2407 Ἐν
474 2353 532 2405 δὲ
556 2355 622 2424 τῇ
652 2358 720 2405 ια’
745 2352 924 2424 ἡμέρᾳ
944 2350 1154 2421 Εὐδόξῳ
1184 2348 1374 2421 Ὠρίων
1399 2348 1533 2419 ἑῷος
1555 2347 1837 2404 ἐπιτέλλει.

362 2443 448 2499 Ἐὐ
483 2443 541 2497 δὲ
569 2445 637 2516 τῇ
668 2450 735 2513 ιγ’
773 2442 956 2515 ἡμέρᾳ
997 2441 1299 2512 Εὐκτήμονι
1336 2439 1524 2511 Ὠρίων
1566 2438 1687 2503 ὅλος
1724 2440 1843 2493 ἑπι-

276 2537 475 2592 τέλλει.

360 2631 447 2683 Ἐν
480 2628 539 2682 δὲ
566 2629 632 2699 τῇ
666 2631 742 2692 ις’
770 2623 1005 2696 Δοσιθέῳ
1038 2623 1304 2693 Στέφανος
1333 2620 1466 2694 ἑῷος
1497 2621 1724 2693 ἄρχεται
1748 2618 1841 2674 δύ-

272 2737 333 2773 νε
342 2736 409 2775 ιν.

361 2816 448 2868 Ἑν
471 2813 527 2868 δὲ
558 2815 623 2887 τῇ
648 2818 732 2882 κγ’
758 2808 991 2881 Δοσιθέῳ
1028 2809 1086 2862 ἐν
1113 2805 1370 2878 Λίγύπτῳ
1399 2806 1560 2861 Κύων
1597 2807 1838 2877 ἐκφανὴς

268 2923 505 2976 γινεται.

357 3000 444 3053 Ἐν
472 2998 531 3051 δὲ
552 2998 619 3068 τῇ
649 2999 724 3049 κε’
751 2992 964 3047 Μέτωνι
987 2988 1148 3045 Κύων
1177 2988 1439 3043 ἐπιτέλλει
1473 2988 1625 3060 ἑῷος.

354 3092 444 3145 Ἐν
490 3088 549 3142 δὲ
595 3089 663 3158 τῇ
714 3083 797 3149 κζ’
843 3084 1147 3155 Εὐκτήμονι
1193 3082 1354 3137 Κύων
1392 3081 1688 3135 ἐπιτέλλειο
1727 3081 1834 3136 Εὐ-

262 3182 406 3255 δόξῳ
433 3179 597 3234 Κύων
640 3175 771 3247 ἑῷος
816 3174 1100 3239 ἐπιτέλλει,
1139 3173 1232 3228 καὶ
1266 3172 1366 3237 τὰς
1403 3174 1673 3243 ἑπομένας
1698 3171 1835 3243 ἡμέ-

264 3292 371 3348 ρας
415 3280 457 3328 ε’
498 3273 544 3307 ⁸³
578 3270 788 3342 ἐτησίαι
827 3266 1109 3321 πνέουσιν·
1143 3266 1198 3320 αἱ
1239 3265 1294 3318 δὲ
1336 3263 1495 3318 πέντε
1529 3265 1585 3317 αἱ
1619 3262 1832 3335 πρῶται

265 3366 569 3438 πρόδρομοι
604 3360 909 3416 καλοῦνται.
941 3356 1214 3429 Καλίππῳ
1232 3356 1504 3428 Καρκίνος
1534 3353 1677 3409 δύνει
1707 3356 1834 3409 ἀνα-

258 3457 467 3511 τέλλων
494 3451 900 3525 πνευματώδης.

347 3548 441 3601 Ἐν
461 3545 519 3600 δὲ
544 3547 610 3616 τῇ
636 3550 719 3616 κη’
737 3542 1038 3613 Εὐκτήμονι
1067 3539 1245 3604 ’Λετδς
1269 3538 1401 3611 ἑῷος
1425 3537 1569 3592 δύνει
1591 3552 1604 3570 ο
1629 3535 1834 3608 χειμὼν

264 3639 411 3695 κατὰ
440 3636 712 3691 θάλασσαν
748 3632 1067 3700 ἐπιγίνεται.

346 3731 439 3784 Ἐν
466 3727 526 3782 δὲ
559 3729 625 3799 τῇ
668 3726 711 3779 λ’
751 3724 1023 3794 Καλίππῳ
1058 3722 1207 3776 Λέων
1231 3722 1451 3793 ἄρχεται
1493 3718 1829 3775 ἀνατέλλειν·

263 3819 414 3882 νότος
442 3819 566 3871 πνεῖ
587 3834 601 3848 ο
637 3816 731 3870 καὶ
754 3813 914 3868 Κύων
943 3812 1243 3867 ἀνατέλλων
1274 3812 1502 3884 φανερὸς
1531 3812 1757 3881 γίνεται.

344 3910 437 3964 Ἐν
459 3908 517 3962 δὲ
546 3909 611 3979 τῇ
636 3906 718 3960 λα’
744 3905 959 3976 Εὐδόξῳ
982 3903 1132 3967 νότος
1162 3907 1303 3957 πνεῖ.

341 4000 406 4054 ⁸0
436 3998 587 4071 ἥλιος
614 3998 706 4052 τὸν
731 3998 932 4051 Λέοντα
973 3994 1346 4068 διαπορεύεται
1376 3997 1433 4048 ἐν
1466 3993 1698 4067 ἡμέραις
1724 3994 1824 4048 λα’.

344 4092 436 4146 Ἐν
463 4092 561 4163 μὲν
601 4087 694 4145 οὖν
736 4092 800 4161 τῇ
850 4089 900 4142 α’
944 4088 1125 4160 ἡμέρᾳ
1173 4087 1478 4158 Εὐκτήμονι
1533 4085 1693 4140 Κύων
1732 4086 1829 4157 μὲν

266 4182 528 4253 ἐκφανὴς,
558 4182 743 4249 πνῖγος
765 4179 821 4233 δέ
848 4178 1165 4246 ἐπιγίνεται,
1192 4174 1557 4246 ἐπισημαίνει.

341 4277 436 4331 Ἐν
458 4274 518 4329 δὲ
541 4276 608 4346 τῇ
640 4279 680 4327 ε’
705 4271 916 4351 Εὐδόξῳ
950 4269 1128 4332 Ἀετὸς
1159 4268 1291 4341 ἑῷος
1317 4268 1478 4322 δύνει.

339 4367 433 4421 Ἐν
455 4358 513 4419 δὲ
536 4367 603 4436 τῇ
639 4371 670 4418 ι’
704 4363 889 4435 ἡμέρᾳ
911 4360 1120 4432 Εὐδόξῳ
1144 4360 1410 4431 Στέφανος
1430 4358 1593 4413 δύνει.

340 4456 435 4510 Ἐν
475 4455 535 4509 δὲ
573 4456 640 4525 τῇ
691 4451 755 4524 ιβ’
807 4451 1079 4522 Καλίππῳ
1120 4449 1273 4505 Λέων
1318 4449 1481 4520 μέσος
1528 4446 1833 4502 ἀνατέλλων

269 4550 431 4621 πνίγη
459 4546 693 4619 μάλιστα
725 4546 886 4599 ποιεῖ.

343 4641 433 4694 Ἐν
469 4640 527 4693 δὲ
556 4641 624 4711 τῇ
655 4637 714 4692 ιδ’
742 4637 1049 4708 Εὐκτήμονι
1076 4635 1238 4706 πνίγη
1266 4634 1498 4707 μάλιστα
1526 4633 1754 4703 γίνεται.

341 4734 432 4786 Ἐν
462 4731 521 4784 δὲ
541 4733 608 4803 τῇ
640 4728 713 4796 ις’
738 4729 920 4802 ἡμέρᾳ
945 4726 1155 4799 Εὐδόξῳ
1180 4726 1543 4799 ἐπισημαίνει.

341 4823 433 4877 Ἐν
463 4823 521 4876 δὲ
558 4825 623 4894 τῇ
659 4823 723 4886 ιζ’
754 4820 1062 4891 Εὐκτήμονι
1091 4817 1243 4891 Λύρα
1267 4817 1468 4877 δύεται.
1497 4818 1592 4872 καὶ
1618 4817 1696 4871 ἑτι
1721 4814 1823 4880 ὐει,

268 4916 357 4971 καὶ
385 4913 598 4979 ἐτησίαι
621 4911 904 4975 παύονται,
928 4912 1022 4965 καὶ
1044 4912 1232 4975 Ἵππος
1261 4909 1543 4964 ἐπιτέλλει.

346 5006 435 5059 Ἐν
459 5003 519 5058 δὲ
558 5006 626 5076 τῇ
662 5011 735 5076 ιη’
757 5003 969 5073 Εὐδόξῳ
1003 5002 1195 5073 Δελφίς
1225 5001 1357 5074 ἑῷος
1393 5000 1555 5057 δύνει.
1593 5001 1826 5071 Δοσιθέῳ

272 5102 661 5176 Προτρυγητὴρ
685 5100 979 5172 ἀκρόνυχος
1006 5098 1289 5153 ἐπιτέλλει.

349 5196 435 5248 Ἐν
466 5194 524 5247 δὲ
565 5195 630 5265 τῇ
665 5191 746 5263 κβ⁹
779 5191 988 5262 Εὐδόξῳ
1022 5190 1171 5263 Λύρα
1211 5190 1341 5261 ἑῷος
1385 5189 1547 5254 δύνει,
1587 5187 1679 5244 καὶ
1706 5190 1824 5244 ἑπι-

276 5287 541 5357 σημαίνει.

349 5377 435 5430 Ἐν
464 5376 521 5430 δὲ
551 5379 614 5448 τῇ
644 5376 725 5430 κθ¹
750 5375 959 5445 Εὐδόξῳ
987 5374 1350 5445 ἐπισημαίνει.
1378 5372 1646 5448 Καλίππῳ
1673 5375 1821 5451 [Iap-

279 5466 417 5533 θένος
448 5465 736 5534 ἐπιτέλλει,
759 5468 919 5537 ἑπιση
929 5464 1122 5535 μαίνει.
1806 5452 1811 5457 ⁷

251 5635 259 5643 ’
341 5643 380 5678 ⁸*
403 5659 491 5714 γρ.
517 5642 955 5712 καταλειφθέντα.
1034 5640 1080 5673 ⁸³
1113 5659 1198 5711 πρ.
1231 5646 1322 5695 νε⁹.

2011 1776 2129 1812 rum
2168 1771 2287 1813 sunt
2313 1762 2589 1830 ejusmodi.

2105 1872 2433 1942 Incipiamus
2459 1882 2636 1930 autem
2671 1876 2738 1931 ab
2762 1878 2947 1933 aestiva
2973 1885 3338 1940 conversione.

2008 1984 2276 2040 Cancrum
2309 1998 2558 2059 peragrat
2582 1991 2662 2044 sol
2692 1992 2746 2046 in
2776 1992 2967 2050 diebus
2993 1995 3080 2049 51.

2008 2076 2190 2132 Primo
2221 2080 2308 2134 die
2336 2079 2560 2151 Calippo
2586 2081 2792 2137 Cancer
2817 2085 3004 2156 incipit
3022 2087 3177 2151 oriri,
3195 2091 3497 2147 conversio-

1938 2183 2037 2224 nes
2063 2172 2284 2234 aestivae,
2316 2180 2369 2225 et
2405 2171 2690 2242 signiﬁcat.

2008 2261 2105 2319 Die
2135 2262 2168 2317 9
2198 2262 2421 2318 Eudoxo
2443 2264 2535 2317 ﬁat
2558 2273 2763 2320 auster.

2007 2353 2104 2410 Die
2131 2355 2191 2408 11
2232 2354 2455 2410 Eudoxo
2480 2355 2651 2410 Orion
2675 2372 2833 2412 mane
2862 2359 3057 2415 oritur.

2005 2447 2111 2536 37
2149 2445 2245 2501 Die
2279 2447 2349 2501 15
2382 2445 2699 2503 Euctemoni
2737 2448 2903 2505 Orion
2935 2458 3081 2506 totus
3115 2453 3309 2509 oritur.

2005 2624 2102 2681 Die
2140 2623 2202 2679 16
2232 2620 2490 2679 Dositheo
2516 2624 2731 2680 Corona
2770 2640 2927 2679 mane
2963 2625 3155 2696 incipit
3184 2627 3455 2686 occidere.

2009 2799 2105 2857 Die
2137 2800 2208 2854 2'5
2239 2798 2497 2855 Dositheo
2525 2798 2580 2853 in
2620 2796 2855 2870 Egypto
2887 2797 3052 2854 Canis
3085 2807 3327 2868 apparet.

2007 2975 2105 3032 Die
2134 2974 2207 3031 25
2236 2973 2435 3031 Μειοηὶ
2469 2974 2635 3032 Canis
2667 2976 2843 3031 oritur
2876 2991 3033 3031 mane

1861 3030 1906 3089 α
2004 3030 2102 3124 Die
2135 3030 2207 3121 2³1
2239 3030 2555 3123 Euctemoni
2590 3030 2756 3121 Canis
2791 3067 2987 3123 oritur.
3014 3030 3269 3121 iEudoxo
3323 3065 3490 3123 Canis

1933 3176 2094 3216 mane
2123 3160 2318 3224 oritur,
2351 3166 2405 3215 ct
2436 3175 2531 3231 per
2564 3159 2681 3215 dies
2718 3169 3008 3231 sequentes
3040 3160 3280 3230 quinque
3307 3159 3513 3241 etesiae

1932 3254 2143 3324 spirant
2180 3271 2194 3306 :
2233 3268 2264 3308 e
2299 3252 2498 3323 quibus
2530 3250 2723 3307 diebus
2761 3252 2919 3322 primi
2958 3251 3196 3322 quinque
3226 3259 3491 3304 vocantur

1932 3359 2318 3417 praecursores.
2360 3342 2599 3413 Calippo‘
2635 3342 2841 3399 Cancer
2888 3343 3120 3408 occidit,
3179 3344 3360 3400 oriens
3389 3343 3486 3397 tia-

1994 3449 2143 3488 OSIIS.

1994 3449 2026 3488 ο
2129 3474 2143 3487 .

1931 3441 2203 3581 tuD2828
2242 3523 2558 3580 Euctemoni
2596 3522 2793 3593 Aquila
2829 3538 2985 3578 mane
3017 3523 3252 3592 occidit;
3283 3531 3487 3596 tempe-

1930 3625 2043 3674 stas
2073 3632 2169 3687 per
2202 3632 2352 3671 mare
2382 3622 2504 3686 post
2532 3616 2815 3671 excitatur.

1999 3705 2096 3763 Die
2126 3708 2195 3763 50
2226 3705 2449 3778 Calippo
2477 3705 2588 3761 Leo
2619 3706 2808 3775 incipit
2837 3705 2967 3761 oriri
2996 3724 3010 3774 ;
3055 3714 3240 3764 auster
3279 3707 3483 3778 spirat;

1928 3808 1983 3855 et
2016 3800 2182 3855 Canis
2216 3800 2400 3854 oriens
2436 3800 2494 3853 ﬁt
2525 3797 2871 3867 conspicuus.

1999 3892 2095 3948 Die
2127 3892 2187 3946 51
2225 3890 2447 3946 Eudoxo
2481 3897 2666 3944 auster
2696 3890 2885 3958 spirat.

2004 3983 2240 4038 Leonem
2279 3982 2361 4038 sol
2395 3989 2646 4052 peragrat
2677 3980 2865 4036 diebus
2897 3980 2983 4035 51.

1998 4078 2181 4133 Primo
2218 4077 2385 4148 igitur
2422 4075 2512 4131 die
2561 4074 2878 4131 Euctemoni
2930 4072 3095 4129 Canis
3135 4071 3351 4143 quidem
3399 4080 3483 4127 est

1926 4168 2300 4239 conspicuus:
2331 4172 2454 4235 post
2484 4171 2662 4219 autem
2698 4164 2756 4219 ﬁt
2785 4173 2952 4219 aestus
2971 4203 2986 4229 ,
3021 4162 3305 4234 signiﬁcat.

2000 4259 2096 4314 Die
2132 4259 2166 4314 5
2202 4258 2425 4314 Eudoxo
2463 4256 2658 4325 Aquila
2693 4271 2853 4312 mane
2889 4255 3106 4312 occidit.

1851 4361 1897 4419 ῃ
1998 4348 2097 4405 Die
2130 4348 2197 4403 10
2234 4348 2457 4403 Eudoxo
2484 4347 2699 4404 Corona
2729 4347 2950 4403 occidit.

1998 4438 2096 4495 Die
2126 4439 2193 4494 12
2218 4438 2444 4511 Calippo
2473 4436 2582 4494 Leo
2609 4437 2821 4494 medius
2849 4439 3031 4493 oriens
3053 4442 3218 4492 aestus
3246 4434 3478 4490 maxime

1925 4533 2074 4589 facit.
2678 4550 2681 4555 ⁴
2826 4576 2834 4585 .

1994 4622 2090 4679 Die
2124 4622 2190 4676 14
2222 4620 2539 4678 Euctemoni
2572 4630 2740 4675 aestus
2773 4620 3008 4674 maxime
3039 4617 3198 4673 ﬁunt.

1994 4714 2089 4769 Die
2120 4713 2186 4769 16
2211 4712 2434 4769 Eudoxo
2465 4712 2752 4784 signiﬁcat.

1994 4806 2089 4863 Die
2120 4807 2193 4859 17
2212 4805 2531 4861 Euctemoni
2561 4804 2699 4875 Lyra
2724 4803 2948 4866 occidit,
2977 4813 3031 4859 et
3058 4802 3280 4875 insuper
3306 4803 3442 4874 pluit
3460 4843 3476 4869 ,

1922 4907 1977 4955 et
2008 4899 2193 4954 etesia)
2218 4905 2437 4953 cessant
2463 4917 2476 4952 :
2510 4896 2695 4967 Equus
2726 4897 2917 4952 oritur.

1995 4989 2092 5045 Die
2122 4990 2189 5046 18
2217 4989 2443 5045 Eudoxo
2475 4987 2773 5060 Delphinus
2798 5003 2956 5044 mane
2980 4986 3198 5043 occidit.
3224 4987 3478 5071 Dositheo

1923 5079 2295 5136 Vindemiator
2318 5079 2529 5149 vesperi
2548 5080 2739 5133 oritur.

1996 5173 2091 5229 Die
2122 5172 2193 5227 ΞΩ
2224 5171 2454 5227 Eudoxo
2484 5170 2623 5243 Lyra
2661 5187 2818 5228 mane
2847 5171 3077 5236 occidit,
3106 5178 3161 5226 et
3189 5170 3473 5243 signiﬁcat.

1992 5354 2090 5410 Die
2135 5352 2206 5409 29
2248 5351 2474 5408 Eudoxo
2520 5348 2970 5422 signiﬁcationem
3021 5347 3201 5405 habet.
3253 5344 3478 5417 Calippo

1923 5447 2089 5521 Virgo
2116 5448 2314 5514 oritur,
2348 5444 2633 5517 signiﬁcat.
3198 5464 3207 5473 κ
