4000 6206
260 278 351 336 861

1282 290 1519 348 GEMINI
1569 292 1939 365 ELEHENTA
1978 300 2469 362 ASTRONOMLE.

3375 306 3483 364 892

335 389 428 442 'Ev
537 391 615 494 ’τῇ
656 387 1027 494 εἘύκτήιμονι
1068 399 1391 476 Ἀρκτοῦρος
1434 406 1685 480 ἑσπέριος
1713 408 1824 463 δύε-

1992 416 2089 475 Die
2117 420 2152 476 5
2178 418 2493 475 Euctemoui
2530 421 2799 479 Arcturus
2848 423 3062 494 vesperi
3095 422 3329 486 occidit.
3364 440 3481 478 ma-

251 497 362 543 ται,
400 482 495 535 καὶ
529 481 717 554 ἄνεμοι
753 486 976 555 μεγάλοι
998 491 1265 549 πνέουσιν.

335 572 429 625 Ἐν
457 572 512 626 δὲ
536 575 599 645 τῇ
623 581 671 646 η’
694 575 904 648 Εὐδόξῳ
938 580 1258 657 Ἀρκτοῦρος
1286 587 1581 659 ἀκρόνυχος
1613 590 1821 661 πρωῖας

249 662 421 725 δύνει,
454 665 546 717 καὶ
586 666 956 738 ἐπισημαίνει,
984 674 1078 726 καὶ
1105 675 1302 747 ἄνεμος
1328 683 1467 734 πνεῖ.

329 750 422 805 Ἐν
451 752 597 824 δὲ’τῇ
634 753 681 807 θ’
707 757 979 831 Καλίππῳ
1032 762 1126 816 τοῦ
1156 764 1367 838 Ταύρου
1421 767 1565 821 δύνει
1614 770 1819 842 κεφαλὴ

250 842 367 914 ἑῴα
381 860 394 874 ’
432 845 576 898 ὐετοί
606 847 672 900 ⁸⁷.

332 936 426 988 Ἐν
449 935 506 988 δὲ
538 939 601 1009 τῇ
635 943 667 990 ι’
704 940 1010 1013 Εὐκτήμονι
1039 943 1193 1016 Λύρα
1234 946 1364 1018 ἑῷος
1407 950 1695 1015 ἐπιτέλλει,
1727 950 1822 1005 καὶ

249 1028 670 1099 ἐπιχειμάζεται
701 1032 861 1103 ὐετῷ.

337 1122 429 1174 Ἐν
458 1122 513 1175 δὲ
557 1126 623 1196 τῇ
667 1124 732 1196 ιβ’
774 1127 986 1199 Εὐδόξῳ
1026 1129 1214 1200 Ὠρίων
1258 1133 1556 1205 ἀκρόνυχος
1597 1134 1820 1205 ἄρχεται

250 1210 579 1267 ἐπιτέλλειν.

338 1304 428 1359 Ἐν
451 1305 507 1359 δὲ
533 1308 596 1378 τῇ
627 1306 695 1377 ιγ’
719 1310 1042 1383 Δημοκρίτῳ
1061 1311 1213 1385 Λύρα
1244 1315 1518 1370 ἐπιϐάλλει
1545 1317 1659 1389 ἅμα
1685 1318 1819 1389 ἡλίῳ

253 1395 527 1466 ἀνίσχοντι
550 1413 564 1429 ο
599 1399 693 1452 καὶ
722 1401 750 1454 ὁ
790 1400 896 1473 ἀὴρ
934 1405 1242 1477 χειμερινὸς
1277 1407 1483 1475 γίνεται
1514 1408 1589 1472 ὠς
1628 1409 1720 1463 ἐπὶ
1750 1408 1821 1463 τὰ

254 1487 446 1543 πολλά.

341 1580 429 1633 Ἐν
461 1580 518 1633 δὲ
548 1584 614 1653 τῇ
642 1582 701 1636 ιδ’
738 1583 949 1656 Εὐδόξῳ
987 1587 1159 1642 ὐετία.

339 1672 428 1725 Ἐν
447 1671 503 1726 δὲ
530 1676 597 1745 τῇ
628 1681 686 1726 ιε’
711 1675 1017 1748 Εὐκτήμονι
1045 1678 1300 1744 Πλειάδες
1324 1680 1558 1746 δύνουσι,
1586 1682 1678 1736 καὶ
1706 1684 1818 1736 ὲπι-

258 1765 533 1835 σημαίνει,
584 1768 679 1820 καὶ
721 1767 912 1838 Ὠρίων
944 1770 1168 1840 ἄρχεται
1212 1773 1304 1825 καὶ
1336 1773 1582 1843 μεσοῦντι
1614 1777 1707 1829 καὶ
1738 1775 1824 1848 λή-
1854 1772 1898 1830 Β

256 1874 404 1928 γοντι
440 1858 835 1930 ὲπιχειμάζειν.

339 1949 428 2003 Ἐν
453 1950 510 2003 δὲ
541 1953 608 2021 τῇ
641 1957 715 2016 ις’
742 1950 1012 2023 Καλίππῳ
1042 1954 1071 2005 6
1103 1955 1160 2008 ὲν
1188 1955 1266 2026 τῷ
1298 1956 1548 2028 Σκορπίῳ
1576 1957 1823 2029 λαμπρὸς

258 2040 431 2113 ἀστὴρ
454 2041 751 2107 ἀνατέλλει,
785 2044 1160 2113 ἐπισημαίνειο
1204 2048 1298 2100 καὶ
1334 2048 1588 2112 Πολειάδες
1610 2049 1823 2105 δύνουσι

259 2146 387 2198 φανε
397 2131 507 2202 ραί.

337 2224 425 2277 Ἐν
456 2224 513 2277 δὲ
547 2229 614 2297 τῇ
652 2233 717 2297 ιη’
751 2227 964 2299 Εὐδόξῳ
989 2218 1254 2301 Σκορπίος
1275 2230 1500 2303 ἄρχεται
1529 2235 1821 2291 ἐπιτέλλειν

259 2316 406 2388 ἑῷος.

336 2410 424 2462 Ἐν
448 2409 508 2463 δὲ
529 2412 596 2482 τῇ
628 2411 692 2464 ιϐ’
739 2411 949 2482 Εὐδόξῳ
992 2414 1249 2479 Πλειάδες
1285 2416 1413 2488 ὲῷαι
1442 2416 1654 2472 δύνουσι
1678 2437 1692 2452 ·
1729 2421 1822 2475 καὶ

270 2498 454 2569 Ὠρίων
485 2499 709 2571 ἄρχεται
735 2502 931 2567 δύνειν,
959 2505 1054 2557 καὶ⁵
1084 2507 1359 2576 χειμάζει.

336 2591 423 2644 Ἐν
453 2590 511 2644 δὲ
537 2595 602 2663 τῇ
636 2598 723 2646 καθ
746 2593 957 2667 Εὐδόξῳ
981 2595 1133 2669 Λύρα
1162 2596 1295 2668 ἑῷος
1322 2599 1610 2657 ἐπιτέλλει.

335 2683 421 2735 Ἐν
449 2682 507 2736 δὲ
536 2687 600 2755 τῇ
627 2681 708 2750 κζ’
748 2687 1053 2759 Εὐκτήμονι
1086 2689 1271 2755 Ὑάδες
1297 2690 1540 2747 δύνονται
1565 2711 1580 2724 ·
1615 2694 1708 2748 καὶ
1736 2693 1819 2748 ἔτι

258 2791 357 2827 νει.

335 2865 422 2917 Ἐν
440 2864 497 2919 δὲ
529 2868 595 2938 τῇ
622 2867 709 2938 κη’
736 2869 1008 2942 Καλίππῳ
1030 2871 1123 2925 τοῦ
1149 2872 1361 2946 Ταύρου
1384 2874 1453 2929 τὰ
1480 2875 1684 2948 κέρατα
1708 2876 1824 2930 δύε-

253 2970 338 3007 ται
355 2970 371 2985 ο
400 2954 575 3009 ὐετία.

333 3045 422 3097 Ἐν
456 3045 514 3100 δὲ
542 3049 610 3118 τῇ
642 3046 724 3100 κθ¹
747 3048 960 3122 Εὐδόξῳ
1001 3050 1192 3116 Ὑάδες
1213 3052 1451 3117 δύνουσι,
1476 3053 1570 3107 καὶ
1604 3054 1816 3127 χειμαί-

249 3155 328 3191 νει
356 3139 582 3210 σφόδρα.

321 3232 427 3284 Τὸν
475 3231 533 3285 δὲ
587 3232 821 3304 Τοξότην
871 3234 900 3286 6
944 3233 1095 3305 ἥλιος
1147 3235 1524 3307 διαπορεύεται
1570 3240 1626 3292 ὲν
1685 3239 1829 3311 ἡμέα

327 3339 375 3376 ις
409 3321 516 3376 κθ’.
1257 3367 1260 3370 .

327 3339 343 3374 t
409 3339 516 3376 κιν.
1257 3367 1260 3370 ’

251 3339 424 3467 ρανῖζν
457 3414 557 3486 μὲν
587 3409 680 3469 οὖν
714 3418 779 3487 τῇ
820 3415 1018 3489 ἐσδόμῃ
1066 3418 1376 3489 Εὐκτήμονι
1420 3420 1583 3474 Κύων
1613 3418 1815 3487 δύεται,

247 3507 342 3559 καὶ
384 3506 746 3579 ὲπιχειμάξει.
792 3506 1066 3580 Καλίππῳ
1096 3512 1125 3563 6
1156 3510 1388 3582 Τοξότης
1428 3511 1653 3584 ἄρχεται
1697 3514 1821 3567 ἀνα-

248 3598 455 3652 τέλλειν
476 3616 493 3632 ο
520 3601 614 3653 καὶ
647 3600 838 3671 Ὠρίων
866 3599 1043 3656 δύνειν
1067 3602 1333 3674 φανερῶς.
1371 3603 1676 3675 Χειμαίνει.

768 3691 919 3711 0918.
965 3692 1079 3711 sn,9

333 3778 423 3832 Ἐν
452 3777 510 3831 δὲ
539 3781 604 3851 τῇ
640 3785 669 3832 ι’
699 3781 1005 3852 Εὐκτήμονι
1055 3780 1151 3834 τοῦ
1181 3783 1446 3855 Σκορπίου
1491 3786 1554 3837 τὸ
1598 3784 1820 3857 κέντρον

252 3868 541 3923 ἐπιτέλλει.

332 3960 420 4013 Ἐν
458 3960 516 4013 δὲ
547 3964 614 4033 τῇ
666 3961 729 4033 ιβ’
756 3962 968 4035 Εὐδόξῳ
1002 3964 1162 4018 Κύων
1203 3965 1338 4034 ἑῷος
1382 3966 1551 4032 δύνει,
1603 3971 1817 4039 χειμαί-

246 4066 351 4105 νει.

328 4145 418 4198 Ἐν
453 4145 512 4198 δὲ
535 4147 601 4216 τῇ
634 4145 694 4199 ιδ’
727 4146 940 4217 Εὐδόξῳ
971 4148 1145 4211 ὐετός.

322 4237 416 4290 Ἐν
457 4236 516 4290 δὲ
555 4240 622 4309 τῇ
666 4245 724 4291 ιε’
768 4239 1073 4310 Εὐκτήμονι
1108 4240 1287 4303 ’Λετὸς
1332 4240 1618 4306 ἐπιτέλλει,
1668 4241 1817 4307 νότος

236 4331 392 4383 πνεῖ.

1820 550 1823 555 »
1925 510 2127 581 gnique
2156 511 2368 582 spirant
2396 512 2562 568 venti.

1994 601 2091 658 Die
2143 604 2177 659 8
2230 603 2456 660 Eudoxo
2505 605 2775 662 Arcturus
2817 609 2871 661 in
2912 608 3254 663 extremitate
3302 609 3481 664 noctis

1924 709 2084 749 mane
2111 695 2312 750 occidit
2335 734 2350 759 ,
2381 703 2435 750 et
2462 696 2763 767 signiﬁcat;
2797 709 2991 754 ventus
3016 700 3209 769 spirat.

2004 785 2098 843 Die
2126 786 2159 841 9
2188 787 2413 859 Calippo
2439 787 2603 843 Tauri
2634 798 2795 860 caput
2820 790 3021 844 occidit
3045 807 3201 846 mane
3225 809 3238 858 ;
3270 791 3476 860 pluviae.

1995 964 2090 1021 Die
2119 967 2184 1022 10
2213 967 2531 1024 Euctemoni
2559 950 2885 1041 Lyra-mane
2910 975 3103 1038 oritur,
3135 981 3296 1045 atque
3326 978 3477 1031 insu-

1823 1092 1826 1096 λ
1926 1072 2021 1126 ρει·
2052 1058 2224 1119 hiems
2251 1067 2334 1114 est
2367 1075 2490 1114 cum
2519 1063 2718 1132 pluvia.

1994 1147 2090 1205 Die
2125 1150 2190 1204 i2
2219 1150 2444 1207 Eudoxo
2476 1152 2642 1208 Orion
2677 1156 2883 1225 vesperi
2913 1156 3101 1227 incipit
3126 1157 3281 1214 oriri.

1994 1340 2090 1396 Die
2122 1342 2189 1397 15
2220 1341 2534 1400 Democrito
2584 1344 2718 1416 Lyra
2767 1346 3011 1401 ascendit
3053 1362 3158 1401 una
3200 1364 3321 1401 cum
3365 1351 3478 1405 sole

1920 1432 2031 1505 38
2048 1435 2290 1502 oriente,
2330 1445 2385 1492 et
2417 1453 2511 1493 aer
2544 1438 2603 1492 tit
2631 1447 3031 1509 tempestuosus
3067 1442 3402 1512 plerumque.

1992 1617 2086 1675 Die
2118 1620 2183 1675 14
2213 1619 2436 1677 Eudoxo
2465 1631 2549 1679 est
2580 1624 2777 1693 pluvia.

1995 1708 2091 1765 Die
2117 1712 2185 1766 15
2228 1711 2824 1771 EuctemoniPleiades
2853 1720 3111 1774 occidunt
3135 1761 3149 1785 ,
3178 1729 3230 1777 et
3265 1723 3475 1795 signiti«

1923 1806 2071 1854 cant.
2114 1798 2281 1855 Orion
2316 1801 2507 1872 incipit
2541 1818 2663 1857 cum
2698 1805 2879 1859 medio
2910 1822 3124 1871 mense,
3170 1815 3284 1863 tum
3325 1810 3472 1866 desi-
3556 1859 3562 1866 .
3599 1861 3612 1873 .

1920 1897 2083 1945 nente
2104 1930 2118 1953 ,
2152 1896 2527 1960 tempestatem
2557 1894 2815 1949 excitare.

1991 1977 2086 2033 Die
2120 1978 2187 2032 16
2215 1979 2442 2051 Calippo
2472 1981 2753 2051 splendida
2778 1985 2830 2039 in
2857 1982 3081 2055 Scorpio
3103 1986 3258 2041 stella
3280 1987 3473 2056 oritur,

1921 2070 2195 2139 signiﬁcat
2226 2087 2240 2136 ;
2272 2078 2326 2127 ct
2351 2071 2604 2129 Pleiades
2633 2076 2889 2130 occidunt
2920 2087 3262 2147 apparenter.

1991 2244 2086 2302 Die
2118 2247 2186 2302 18
2217 2246 2445 2303 Eudoxo
2477 2247 2739 2320 Scorpius
2770 2248 2962 2319 incipit
2994 2249 3124 2304 oriri
3159 2265 3336 2305 mane.

1989 2427 2084 2484 Die
2111 2430 2178 2484 19
2205 2429 2433 2485 Eudoxo
2460 2430 2705 2487 Pleiades
2729 2447 2884 2487 mane
2912 2431 3166 2487 occidunt
3193 2450 3207 2499 ;
3235 2442 3287 2488 et
3312 2429 3479 2489 Orion

1919 2519 2107 2590 incipit
2137 2522 2414 2583 occidere.
2446 2529 2501 2576 et
2530 2531 2902 2593 tempestatem
2934 2524 3153 2578 excitat.

1987 2611 2083 2669 Die
2107 2613 2167 2666 2|
2201 2612 2425 2668 Eudoxo
2457 2613 2595 2685 Lyra
2630 2630 2788 2670 mane
2815 2615 3008 2670 oritur.

1989 2702 2084 2757 Die
2113 2703 2182 2757 27
2215 2698 2533 2760 Euctemdni
2584 2704 2798 2776 Hyades
2850 2706 3143 2770 occidunt,
3188 2715 3353 2777 atque
3394 2709 3481 2761 in-

1919 2806 2084 2861 super
2114 2791 2271 2862 pluit.

1991 2881 2088 2938 Die
2132 2883 2204 2939 28
2253 2884 2479 2955 Calippo
2532 2884 2695 2940 Tauri
2752 2901 2955 2941 cornua
3005 2886 3300 2954 occidunt;
3332 2894 3384 2941 et
3420 2886 3479 2939 iit

1919 2975 2118 3045 pluvia.

1993 3067 2088 3125 Die
2113 3068 2184 3124 29
2216 3067 2442 3125 Eudoxo
2477 3068 2692 3142 Hyades
2722 3070 3020 3138 occidunt;
3055 3079 3108 3126 et
3156 3084 3348 3141 magna
3394 3075 3478 3123 est

1921 3168 2236 3231 tempestas.

1992 3252 2343 3326 Sagittarium
2376 3252 2457 3309 sol
2490 3253 2760 3325 percurrit
2791 3252 2984 3310 diebus
3012 3253 3103 3309 29.

1922 3432 1931 3439 ’
1989 3426 2085 3484 Die
2131 3428 2164 3482 7
2212 3430 2524 3505 Euctemoni
2569 3429 2732 3486 Canis
2774 3431 3008 3499 occidit,
3041 3440 3203 3502 atque
3250 3430 3477 3502 insuper

1921 3521 1979 3575 tit
2010 3528 2330 3591 tempestas.
2375 3522 2601 3593 Calippo
2637 3521 2966 3595 Sagittarius
3000 3520 3191 3593 incipit
3222 3522 3389 3592 oriri,
3423 3531 3478 3579 et

1920 3613 2088 3669 Orion
2118 3613 2369 3671 occidere
2398 3624 2741 3685 apparenter.
2777 3614 2964 3669 Oritur
2993 3622 3312 3686 tempestas.

1988 3702 2084 3759 Die
2112 3706 2145 3759 8
2172 3703 2395 3759 Eudoxo
2424 3706 2588 3761 Orion
2616 3720 2775 3760 mane
2803 3705 3022 3761 occidit.

1990 3794 2085 3851 Die
2116 3795 2182 3850 10
2211 3795 2524 3851 Euctemoni
2555 3796 2764 3867 Scorpii
2796 3796 3019 3853 aculeus
3044 3796 3236 3851 oritur.

1918 3978 1941 4040 ζ,
1988 3970 2083 4025 Die
2109 3973 2174 4025 12
2198 3971 2423 4026 Eudoxo
2443 3972 2607 4027 Canis
2629 3988 2788 4029 mane
2812 3972 3044 4039 occidit,
3073 3973 3131 4027 ﬁt
3157 3980 3471 4037 tempestas

1987 4148 2082 4204 Die
2113 4149 2179 4203 ﬂ
2212 4149 2435 4205 Eudoxo
2459 4158 2543 4207 est
2573 4151 2775 4214 pluvia.

1988 4239 2085 4295 Die
2116 4242 2183 4297 15
2213 4240 2529 4296 Euctemoni
2562 4242 2757 4313 Aquila
2785 4243 2981 4310 oritur,
3014 4243 3107 4298 ﬂat
3136 4252 3337 4301 auster.

322 4422 417 4474 Ἐν
466 4420 523 4473 δὲ
566 4424 631 4493 τῇ
679 4428 754 4487 ις’
798 4422 1123 4495 Δημοκρίτῳ
1173 4423 1353 4487 ’Δετὸς
1394 4424 1657 4478 ἐπιτέλλει
1703 4423 1817 4495 ἅμα

1992 4434 2089 4492 Die
2116 4435 2183 4490 16
2215 4414 2521 4493 Democrito
2547 4436 2740 4508 Aquila
2773 4439 2950 4493 oritur
2978 4439 3139 4494 simul
3167 4453 3289 4492 cum
3321 4439 3434 4493 sole
3457 4480 3476 4503 ,

227 4512 400 4584 ἡλίῳ,
435 4512 532 4564 καὶ
576 4512 954 4584 ὲπισημαίνειν
1004 4512 1150 4582 φιλεῖ
1190 4512 1433 4585 βροντὴν,
1480 4516 1571 4568 καὶ
1612 4516 1816 4586 ἀστρα-

230 4607 377 4675 πὴν,
427 4604 522 4657 καὶ
563 4603 714 4657 ὕδατι
757 4605 789 4675 ἢ
840 4605 1049 4674 ἀνέμῳ,
1090 4605 1122 4675 ἢ
1167 4604 1449 4677 ἀμφότερα
1491 4605 1566 4668 ὡς
1608 4607 1698 4659 ἐπὶ
1744 4606 1813 4659 τὰ

229 4696 437 4752 πολλά.
488 4696 699 4767 Εὐδόξῳ
746 4696 907 4750 Κύων
950 4696 1245 4766 ἀκρόνυχος
1290 4697 1334 4727 ⁸⁸
1380 4696 1665 4760 ἐπιτέλλει,
1719 4698 1812 4750 καὶ

227 4790 320 4843 ὅτι
354 4787 629 4859 Καλίππῳ
667 4789 716 4841 οἱ
760 4787 976 4858 Δίδυμοι
1015 4788 1225 4858 μετίασι
1260 4788 1524 4858 δυόμενοι,
1564 4790 1711 4842 νοτία
1740 4791 1804 4844 ⁸⁸.

321 4878 416 4931 Ἐν
435 4878 493 4932 δὲ
516 4879 584 4949 τῇ
615 4878 682 4934 ιϐ’
707 4880 1032 4951 Εὐκτήμονι,
1063 4879 1271 4951 Εὐδόξῳ
1297 4879 1461 4932 δύνει.

323 4970 415 5039 Ἐν
439 4969 496 5023 δὲ
518 4972 585 5041 τῇ
610 4975 695 5025 καθ
730 4971 939 5042 Εὐδόξῳ
962 4971 1225 5043 Σκορπίος
1249 4971 1381 5042 ἑῷος
1405 4971 1691 5037 ἐπιτέλλει,
1719 4972 1813 5025 καὶ

232 5060 535 5133 χειμαίνει.

323 5157 413 5210 Ἐν
436 5155 493 5209 δὲ
516 5159 581 5229 τῇ
612 5164 697 5225 κγ’
726 5157 938 5228 Εὐδόξῳ
962 5157 1060 5222 Αἲξ
1092 5158 1201 5229 ἑῴα
1225 5157 1391 5212 δύνει.

323 5249 413 5302 Ἐν
438 5249 495 5302 δὲ
518 5253 584 5321 τῇ
619 5255 709 5315 κςέ
732 5250 943 5321 Εὐδόξῳ
982 5250 1159 5315 Ἀετὸς
1184 5251 1317 5322 ἑῷος
1346 5252 1633 5308 ἐπιτέλλει.

313 5342 416 5396 Τὸν
444 5344 502 5397 δὲ
540 5344 850 5413 Αίγόκερων
890 5346 919 5396 6
960 5342 1111 5413 Ιήλιος
1152 5344 1529 5415 διαπορεύεται
1576 5350 1633 5400 ἐν
1679 5332 1813 5418 ἡμέέ

243 5449 366 5505 ραις
395 5433 499 5489 κδ’.

325 5525 414 5578 Ἐν
445 5525 543 5595 μὲν
572 5521 666 5579 οὖν
688 5527 753 5597 τῇ
791 5530 837 5579 α’
863 5526 1045 5596 ἡμέρᾳ
1074 5515 1379 5596 Εὐκτήμονι
1412 5526 1609 5598 τροπαὶ
1638 5547 1814 5599 χειμε-

312 5679 355 5711 ⁶⁷
390 5696 479 5748 γρ.
514 5681 766 5737 ὐετοσίαι.
846 5683 888 5715 ⁸⁸
925 5701 1013 5752 πρ.
1047 5685 1297 5756 ἁκρόνυξ.
1376 5685 1417 5719 ⁸⁸
1452 5703 1536 5755 πο.
1574 5699 1741 5742 νοτια.

1918 4537 1972 4585 ει
2010 4529 2234 4601 insuper
2265 4530 2570 4601 signiﬁcare
2615 4533 2752 4587 solet
2791 4533 2996 4586 tonitru
3027 4539 3083 4586 et
3119 4531 3320 4601 fulgur,
3349 4545 3471 4584 cum

1918 4635 2057 4690 aqua
2102 4627 2196 4674 aut
2233 4630 2426 4684 vento,
2460 4630 2553 4676 aut
2596 4631 2825 4693 utraque
2869 4623 3201 4692 plerumque.
3251 4619 3474 4697 Eudoxo

1914 4711 2080 4767 Canis
2108 4712 2319 4782 vesperi
2347 4713 2540 4777 oritur,
2567 4730 2632 4769 co
2651 4713 2794 4784 quod
2820 4713 3042 4785 Calippo
3063 4713 3270 4769 Gemini
3296 4723 3478 4768 transv

1915 4811 2045 4860 eunt
2079 4805 2408 4869 occidentes,
2456 4804 2515 4858 ﬁt
2546 4805 2748 4875 pluvia.

1985 4896 2077 4951 Die
2106 4897 2170 4951 19
2203 4895 2522 4951 Euctemoni
2557 4903 2609 4950 et
2642 4894 2866 4949 Eudoxo
2893 4894 3115 4951 occidit.

1982 4986 2078 5043 Die
2119 4989 2183 5041 ει
2242 4988 2470 5043 Eudoxo
2518 4987 2781 5060 Scorpius
2837 5003 2993 5042 mane
3038 4988 3231 5053 oritur,
3282 4994 3472 5058 estque

1912 5088 2226 5150 tempestas.

1985 5171 2081 5226 Die
2107 5170 2179 5226 9.5
2208 5170 2432 5225 Eudoxo
2461 5171 2635 5242 Capra
2667 5186 2826 5227 mane
2851 5169 3069 5226 occidit.

1987 5262 2082 5319 Dic
2106 5263 2176 5318 26
2207 5263 2429 5318 Eudoxo
2456 5264 2649 5335 Aquila
2682 5279 2838 5319 mane
2867 5265 3058 5318 oritur.

1988 5353 2380 5426 Capricoruum
2416 5355 2504 5410 sol
2527 5362 2777 5426 peragrat
2804 5354 2997 5410 diebus
3027 5354 3115 5409 ‘29.

1989 5531 2085 5589 Die
2125 5533 2144 5587 1
2183 5532 2501 5589 Euctemoni
2541 5532 2835 5590 solstitium
2869 5531 3152 5587 hibernum
3183 5528 3472 5600 signiﬁcat.
