4000 6206
535 307 640 363 863
1539 305 1629 360 AD
1686 303 1953 360 EUSEBII
1989 303 2375 361 CHRONICON
2413 302 2769 360 APPENDIX.
3620 305 3736 361 εει

537 422 765 492 Calippo
821 420 1155 496 Sagittarius
1210 423 1413 479 desinit
1473 423 1656 489 oriri;
1717 425 2096 484 conversiones

2165 465 2171 483 ,
2211 423 2355 494 ριναὶ
2397 421 2832 494 ἔπισημαίνουσι.
2873 420 3146 491 Καλίππῳ
3183 419 3415 491 Τοξότης
3448 417 3603 492 λήγει
3636 421 3745 478 im:

538 515 864 584 contingunt
895 514 1136 571 hiberna:
1156 556 1171 581 ,
1210 516 1267 569 tit
1296 522 1605 585 tempestas.

2201 514 2421 567 τέλλων.
2446 513 2655 585 Τροπαλ¹
2675 512 2998 583 χειμεριναὶ,
3021 511 3305 583 χειμαίνει.

612 603 707 661 Die
740 604 777 659 2
807 604 1125 662 Euctemoni
1160 604 1453 676 Delphinus
1481 605 1678 672 oritur,
1711 607 1924 662 exsistit
1965 617 2100 664 tem-

2285 607 2375 660 ’Ev
2397 606 2454 660 δὲ
2492 608 2558 676 τῇ
2592 603 2636 675 β’
2665 604 2969 673 Εὐκτήμονι
3007 603 3198 671 Δελφὶς
3238 601 3523 669 ἐπιτέλλει,
3550 602 3748 673 χειμαί-

538 702 748 764 pestas.

2201 715 2298 755 νει.
2452 734 2461 741 ι

612 784 710 841 Die
737 786 773 840 4
816 784 1047 842 Eudoxo
1087 786 1224 841 ﬁunt
1260 786 1503 841 hibernae
1547 787 1964 854 conversiones.
2006 805 2103 845 ex-

2286 788 2374 840 ‘Ev
2420 785 2482 838 δὲ
2505 787 2572 855 τῇ
2618 784 2658 838 δ’
2685 784 2895 856 Εὐδόξῳ
2937 786 3135 861 τροπαὶ
3179 783 3501 855 χειμεριναὶ,
3551 784 3753 853 χειμαί-

545 877 689 932 sistit
723 885 1044 947 tempestas.
2200 895 2300 932 νει.

617 965 712 1022 Die
742 966 773 1019 7
801 965 1120 1023 Euctemoni
1150 964 1346 1034 Aquila
1389 964 1606 1034 veSperi
1648 965 1887 1033 occidit,
1937 966 2104 1037 ﬁtque

2288 971 2376 1024 Ἐν
2419 970 2477 1024 δὲ
2510 973 2576 1043 τῇ
2620 972 2663 1036 ζ’
2696 970 3002 1040 Εὐκτήμονι
3048 966 3231 1031 ’Λετδς
3271 966 3519 1035 ἑσπέριος
3551 965 3753 1035 δύεται,

546 1064 863 1128 tempestas.

2204 1062 2298 1115 καὶ
2323 1063 2610 1133 χειμαίνει.

618 1146 714 1203 Die
741 1149 774 1204 9
804 1146 1028 1202 Eudoxo
1059 1146 1276 1203 Corona
1303 1148 1519 1218 vesperi
1549 1148 1748 1205 oritur.

2285 1151 2373 1203 Ἐν
2405 1150 2462 1203 δὲ
2491 1153 2556 1221 τῇ
2589 1149 2633 1203 θ’
2657 1147 2869 1219 Εὐδόξῳ
2900 1148 3168 1216 Στέφανος
3197 1146 3488 1225 ἀκρόνυχος
3526 1145 3687 1200 δύνει.

617 1239 714 1294 Die
743 1239 811 1292 l2
841 1239 1151 1293 Democrito
1180 1248 1369 1294 auster
1400 1239 1576 1309 spirat
1610 1280 1626 1295 .
1661 1278 1677 1293 .
1711 1279 1728 1294 .
1767 1241 1975 1295 oritur..

2285 1241 2372 1295 Ἐν
2391 1242 2449 1296 δὲ
2465 1244 2530 1313 τῇ
2551 1241 2615 1312 ιβ’
2630 1240 2951 1312 Δημοκρίτῳ
2972 1240 3121 1303 νότος
3135 1242 3275 1302 πνεῖ,
3381 1239 3456 1302 ὡς
3473 1238 3753 1292 ἐπιτέλλει.

618 1330 713 1384 Die
744 1330 808 1385 ιι
838 1330 1160 1387 Euctemoni
1191 1331 1368 1387 media
1410 1330 1607 1387 hiems.
1655 1332 1861 1387 Auster
1903 1332 2106 1388 multus

2285 1333 2373 1387 Ἐν
2398 1332 2456 1386 δὲ
2484 1335 2549 1404 τῇ
2583 1332 2642 1386 ιδ’
2678 1332 2985 1402 Εὐκτήμονι
3018 1330 3181 1401 μέσος
3216 1330 3439 1401 χειμών.
3468 1331 3635 1394 Νότος
3660 1347 3756 1384 πο-

547 1423 638 1476 ﬂat
664 1423 924 1478 hibernus
952 1438 1048 1493 per
1079 1438 1245 1478 mare.

2204 1424 2298 1487 λύς
2324 1424 2541 1478 ἐπιπνεῖ
2563 1423 2867 1495 χειμερινὸς
2887 1422 3027 1475 κατὰ
3056 1421 3345 1475 θάλασσαν.

619 1511 715 1567 Die
760 1512 827 1566 15
865 1512 1094 1576 Calipoo
1136 1511 1510 1583 Capricornus
1556 1511 1755 1581 incipit
1793 1511 1963 1576 oriri,
2016 1509 2111 1566 ﬂat

2286 1517 2373 1570 Ἐν
2399 1515 2457 1569 δὲ
2481 1518 2548 1587 τῇ
2585 1522 2645 1568 ιε’
2674 1514 2945 1583 Καλίππῳ
2966 1512 3274 1583 Δίγόκερως
3294 1511 3519 1583 ἄρχεται
3551 1511 3761 1565 ἀνατέλ-

545 1586 756 1654 auster.
985 1656 1003 1675 .

985 1656 1003 1675 ,
2204 1608 2337 1673 λειν,
2377 1608 2547 1670 νότος.

618 1690 713 1747 Die
746 1690 812 1746 16
839 1690 1155 1747 Euctemoni
1187 1700 1374 1747 auster
1404 1692 1669 1748 hibernus
1704 1706 1799 1764 per
1828 1705 1997 1747 mare.

2291 1701 2379 1753 ’Ev
2406 1699 2465 1753 δὲ
2498 1701 2561 1771 τῇ
2599 1704 2671 1762 ις’
2701 1697 3005 1768 Εὐκτήμονι
3032 1695 3180 1759 νότος
3212 1694 3484 1767 χειμέριος
3514 1694 3661 1749 κατά
3683 1694 3764 1749 θά-

2141 1801 2185 1856 Β
2210 1794 2431 1846 λασσαν.

618 1868 715 1924 Die
743 1869 807 1923 18
835 1868 1049 1939 vesperi
1096 1876 1219 1940 post
1242 1869 1411 1925 solem
1461 1869 1666 1925 occidit
1725 1867 2005 1932 Perseus,
2053 1876 2114 1923 et

2295 1883 2382 1935 Ἐν
2435 1881 2493 1934 δὲ
2528 1882 2594 1951 τῇ
2629 1885 2698 1950 ιη’
2747 1878 3042 1949 ἀκρόνυχος
3067 1875 3305 1929 ὲπιδύνει
3334 1876 3362 1928 ό
3383 1873 3654 1945 Περσεὺς,
3680 1875 3779 1926 ut

532 1961 724 2031 «spirat
760 1967 964 2015 auster.

950 2001 964 2015 -
2210 1975 2358 2036 νότος
2387 1974 2528 2024 πνεῖ.

620 2050 718 2108 Die
744 2052 815 2105 27
849 2050 1166 2107 Euctemoni
1200 2050 1496 2123 Delphinus
1521 2050 1864 2121 vespertinus
1891 2046 2111 2103 occidit.

2294 2064 2382 2116 Ἐν
2413 2062 2470 2115 δὲ
2514 2064 2578 2132 τῇ
2627 2059 2708 2125 κζ’
2748 2059 3053 2128 Εὐκτήμονι
3086 2056 3277 2126 Δελφὶς
3313 2056 3566 2127 ἑσπέριος
3602 2054 3768 2110 δύνει.

549 2143 774 2215 Calippo
800 2142 1012 2198 Cancer
1037 2143 1239 2199 desinit
1266 2144 1547 2209 occidere;
1578 2150 1665 2198 est
1691 2146 2004 2210 tempestas.

1888 2146 2004 2194 5135-
2208 2154 2477 2224 Καλίππῳ
2501 2152 2772 2225 Καρκίνος
2797 2149 2949 2220 λήγει
2977 2148 3144 2203 δύνων
3163 2165 3175 2178 ·
3203 2147 3468 2219 χειμαίνει

620 2234 923 2305 Aquarium
950 2241 1193 2304 permeat
1219 2234 1303 2290 sol
1332 2234 1524 2290 diebus
1550 2233 1639 2289 30.

2279 2244 2382 2297 Τὸν
2418 2243 2477 2297 δὲ
2512 2241 2789 2314 ’Υδροχόον
2836 2238 3211 2312 διαπορεύεται
3258 2241 3286 2292 ό
3329 2238 3480 2310 ήλιος
3523 2241 3582 2292 ὲν
3630 2238 3771 2309 ἡμέ-

2286 2352 2332 2397 ις
2361 2332 2427 2388 λ’.

621 2411 718 2468 Die
745 2412 779 2466 2
809 2410 919 2467 Leo
944 2411 1136 2482 incipit
1162 2411 1446 2478 occidere,
1478 2410 1537 2466 tit
1565 2412 1770 2483 pluvia.
1805 2410 2112 2470 Democrito

2411 2373 2508 2498 μὲν
2540 2421 2632 2479 οὖν
2667 2428 2734 2497 τῇ
2769 2425 2813 2496 β’
2835 2424 3107 2496 Καλίππῳ
3131 2423 3283 2478 Λέων
3310 2422 3537 2494 ἄρχεται
3567 2422 3769 2477 δύνειν

551 2503 727 2558 hiems
752 2501 987 2559 Θιείεῑίιο
2212 2519 2381 2573 ὐετία.
2416 2518 2737 2590 Δημοκρίτῳ
2769 2516 3003 2589 [ἄλοχος]
3037 2515 3261 2588 χειμών.

619 2595 717 2651 Die
740 2595 776 2649 4
805 2593 1028 2650 Eudoxo
1060 2592 1359 2665 Delphinus
1389 2594 1602 2665 vesperi
1631 2594 1847 2651 occidit.

2292 2611 2379 2664 Ἐν
2407 2609 2465 2664 δὲ
2505 2612 2572 2680 τῇ
2618 2608 2660 2662 δ’
2700 2608 2879 2680 ήμέρᾳ
2923 2607 3136 2678 Εὐδόξῳ
3178 2606 3372 2677 Δελφὶν
3391 2607 3697 2678 ἀκρόνυχος
3727 2605 3768 2637 τ’

1565 2706 1582 2723 ⁸
2208 2702 2372 2757 δύνει.

620 2766 719 2822 Die
769 2768 829 2821 lt
880 2766 1105 2822 Eudoxo
1146 2766 1286 2839 Lyra
1343 2768 1554 2839 vesperi
1603 2768 1823 2824 occidit.
1887 2768 2125 2826 Exsistit.

588 2859 752 2913 luvia.

2220 2754 2261 2756 Π
2406 2792 2462 2847 δὲ
2483 2795 2550 2864 τῇ
2577 2798 2643 2845 ια’
2658 2754 2871 2863 Εὐδόξῳ
2900 2789 3052 2863 Λύρα
3075 2790 3366 2863 ἀκρόνυχος
3385 2787 3549 2843 δύνει.
3566 2789 3767 2854 ’Υετόςσ

550 2873 752 2930 pluvia.

620 2950 716 3006 Die
742 2950 808 3006 M
835 2951 1062 3007 Eudoxo
1093 2951 1359 3007 serenitas
1379 2991 1395 3016 ,
1424 2951 1696 3008 interdum
1721 2952 1882 3008 etiam
1907 2951 1998 3007 ﬂat
2023 2969 2112 3008 ze-

2295 2952 2384 3006 ’Ev
2421 2952 2477 3007 δὲ
2511 2955 2575 3025 τῇ
2617 2953 2675 3007 ιδ’
2706 2951 2919 3024 Εὐδόξῳ
2965 2951 3141 3007 εὐδίαο
3189 2951 3357 3006 ἐνίοτε
3400 2952 3497 3004 καὶ
3532 2949 3766 3016 ζέφυροι,

549 3044 774 3116 phyrus.

773 3086 774 3091 η
2210 3048 2353 3102 πνεῖ.

619 3135 713 3191 Die
748 3134 814 3190 16
849 3133 1158 3191 Democrito
1189 3135 1459 3207 zephyrus
1493 3134 1683 3206 incipit
1712 3133 1877 3204 ﬂare,
1909 3144 1963 3190 et
1990 3150 2106 3190 ma-
2133 3132 2179 3193 (Ζ

2292 3137 2379 3190 Ἐν
2419 3136 2475 3190 δὲ
2501 3139 2564 3208 τῇ
2602 3143 2675 3202 ις’
2702 3138 3025 3209 Δημοκρίτῳ
3062 3134 3291 3207 ζέφυρος
3333 3135 3487 3188 πνεῖν
3521 3133 3765 3204 ἄρχεται,

549 3240 637 3284 net
668 3243 766 3299 per
795 3227 915 3282 dies
942 3226 1013 3281 45
1042 3243 1073 3280 a
1101 3226 1574 3283 conversionibus.

2206 3228 2299 3281 καὶ
2337 3229 2643 3300 παραμένει
2669 3229 2883 3299 ἡμέρας
2910 3234 2958 3296 γ’
2982 3228 3076 3281 καὶ
3110 3227 3162 3298 μ’
3194 3227 3301 3280 ἀπὸ
3333 3224 3571 3298 τροπῶν.

622 3319 720 3376 Die
739 3320 803 3374 17
825 3318 1145 3374 Euctemoni
1168 3327 1381 3389 tempus
1400 3326 1485 3373 est
1516 3325 1576 3374 ut
1627 3316 1795 3387 spiret
1819 3316 2104 3388 zephyrus.

2291 3320 2378 3373 Ἐν
2414 3319 2470 3373 δὲ
2515 3324 2583 3392 τῇ
2613 3320 2673 3386 ιζ’
2698 3322 3002 3391 Εὐκτήμονι
3043 3319 3272 3392 ζέφυρος
3314 3321 3454 3373 πνεῖ.
3497 3316 3766 3386 Καλίππῳ

548 3411 774 3482 Calippo
802 3411 1076 3482 Aquarius
1103 3410 1313 3466 medius
1337 3411 1521 3465 oriens
1548 3417 1632 3464 est
1653 3429 1668 3476 ;
1692 3409 1783 3463 llat
1818 3410 2102 3482 zephyrus.

1982 3426 2102 3464 'rus.
2217 3410 2495 3483 ’Υδροχόος
2530 3413 2689 3484 μέσος
2720 3414 3047 3467 ἀνατέλλων
3085 3411 3315 3485 ζέφυρος
3342 3414 3482 3466 πνεῖ.
3556 3483 3562 3489 _

620 3501 716 3556 Die
738 3501 810 3556 25
832 3501 1150 3557 Euctemoni
1176 3502 1387 3573 vesperi
1412 3500 1649 3566 occidit,
1673 3508 1727 3555 et
1750 3501 1968 3572 insuper
1994 3515 2107 3555 ma-

2289 3506 2376 3561 Ἐν
2401 3505 2458 3559 δὲ
2479 3510 2544 3578 τῇ
2579 3506 2656 3560 κε’
2688 3508 2993 3579 Εὐκτήμονι
3019 3506 3268 3578 ἑσπέριος
3296 3505 3439 3559 δύνει
3459 3521 3472 3535 ’
3511 3504 3604 3559 καὶ
3633 3503 3765 3575 σφόο

551 3607 656 3663 gna
686 3603 769 3648 εει
800 3600 1111 3663 tempestas.

2203 3596 2304 3669 δρα
2331 3597 2695 3668 ὲπιχειμὰζει.

616 3680 803 3737 Pisces
836 3682 918 3737 sol
951 3683 1217 3753 percurrit
1250 3682 1443 3738 diebus
1476 3683 1560 3739 30.

2274 3688 2413 3752 Τοὺς
2432 3689 2489 3743 δὲ
2517 3689 2722 3760 Ἰχθύας
2741 3693 2770 3744 ό
2791 3691 2939 3762 ἥλιος
2960 3688 3338 3762 διαπορεύεται
3361 3690 3418 3741 ὲν
3438 3686 3667 3758 ἡμέραις
3699 3687 3763 3742 λ’.

616 3773 713 3829 Die
743 3775 779 3828 2
814 3785 1024 3847 tempus
1053 3785 1136 3831 est
1183 3776 1527 3833 hirundinem
1559 3791 1821 3847 apparere
1844 3815 1858 3839 .
1898 3781 1953 3829 et
1992 3776 2104 3846 spi-

2285 3780 2373 3834 'Ev
2401 3780 2501 3849 μὲν
2525 3776 2617 3835 οὖν
2643 3785 2708 3853 τῇ
2746 3781 2789 3853 β’
2813 3782 3052 3854 χελιδόνα
3080 3781 3198 3854 ὥρα
3223 3778 3523 3850 φαίνεσθαι,
3552 3778 3647 3835 καὶ
3671 3780 3745 3849 ὁρ

547 3874 670 3922 rant
699 3867 972 3933 ornithiae,
1012 3885 1107 3924 seu
1140 3871 1290 3925 venti
1325 3870 1537 3926 aviarii.
1572 3870 1797 3939 Calippo
1829 3867 1934 3924 Leo
1962 3867 2104 3924 desi-

2204 3871 2367 3926 νιθίαι
2401 3873 2638 3932 πνέουσι.
2677 3874 2948 3946 Καλίππῳ
2981 3875 3038 3929 δὲ
3070 3874 3219 3929 Λέων
3247 3872 3418 3928 δύιων
3456 3870 3630 3941 λήγει,
3668 3873 3762 3926 καὶ

544 3960 626 4015 nit
651 3959 930 4025 occidere,
962 3969 1017 4017 et
1056 3962 1291 4018 hirundo
1322 3968 1578 4033 apparet,
1609 3961 1894 4033 signiﬁcat.

1536 3970 1578 4026 :,
1609 3961 1894 4033 signiﬁcat.
2203 3962 2422 4035 χελιδὼν
2449 3963 2714 4032 φαίνεται,
2751 3966 3116 4037 έπισημαῖνει.

616 4050 712 4107 Die
755 4050 790 4105 4
846 4051 1152 4108 Democrito
1190 4054 1324 4107 varii
1369 4060 1497 4109 sunt
1538 4053 1653 4108 dies
1705 4053 1797 4123 qui
1843 4059 2104 4117 vocantur

2286 4057 2372 4110 Ἐν
2411 4057 2470 4111 δὲ
2499 4059 2567 4128 τῇ
2614 4057 2655 4110 δ’
2688 4056 3011 4129 Δημοκρίτῳ
3057 4057 3298 4111 ποικίλαι
3338 4056 3545 4131 ἡμέραι
3590 4053 3755 4125 γίνονο

541 4144 659 4201 dies
683 4144 1031 4215 halcyonum.
1059 4145 1282 4201 Eudoxo
1307 4146 1573 4203 Arcturus
1598 4146 1807 4217 vesperi
1828 4145 2022 4211 oritur,
2050 4155 2104 4200 et

2202 4165 2291 4201 ται
2334 4148 2639 4212 ἀλκυονίδες
2686 4149 3037 4219 καλούμεναι.
3082 4149 3294 4219 Εὐδόξῳ
3341 4148 3398 4202 δὲ
3443 4147 3758 4221 ’Δρκτοῦρος

540 4236 758 4291 exsistit
786 4236 996 4307 pluvia,
1032 4236 1268 4291 hirundo
1311 4245 1566 4306 apparet,
1600 4244 1656 4291 et
1690 4251 1785 4306 per
1815 4243 2102 4306 sequentes

2203 4239 2498 4309 ἀκρόνυχος
2530 4239 2815 4304 ἐπιτέλλει,
2841 4240 2933 4293 καὶ
2969 4240 3121 4303 ὑετὸς
3160 4240 3389 4306 γίνεται,
3424 4241 3516 4292 καὶ
3541 4237 3757 4309 χελιδὼν

543 4326 663 4382 dies
683 4327 752 4381 '50
772 4328 949 4382 borea:
969 4327 1213 4397 spirant,
1246 4334 1300 4380 et
1324 4327 1556 4392 maxime
1586 4326 1665 4381 illi
1701 4324 1795 4396 qui
1845 4325 2102 4380 dicuntur

2202 4330 2480 4400 φαίνεται·
2519 4332 2613 4385 καὶ
2652 4332 2752 4396 τὰς
2790 4332 3062 4402 ἑπομένας
3095 4332 3305 4403 ἡμέρας
3346 4330 3388 4383 λ’
3421 4330 3605 4401 βορέαι
3649 4329 3756 4384 πνέο

539 4420 894 4493 proornitliim
914 4462 928 4482 ,
964 4435 1062 4475 seu
1091 4419 1237 4474 venti
1267 4417 1609 4473 anteaviarii.
1654 4474 1658 4479 ,
1770 4478 1777 4482 ,

2129 4468 2174 4524 D
2202 4438 2341 4485 ουσι,
2377 4422 2472 4475 καὶ
2511 4422 2740 4493 μάλιστα
2766 4425 2817 4475 οἱ
2838 4422 3171 4495 προορνιθίαι
3193 4421 3534 4493 καλούμενοι.

610 4510 707 4565 Die
736 4511 802 4591 l2
827 4510 1140 4566 Euctemoni
1163 4509 1427 4579 Arcturus
1448 4510 1660 4579 vesperi
1680 4508 1872 4575 oritur,
1893 4515 1947 4562 et
1965 4506 2099 4561 V'in-
2129 4506 2173 4524 ν

2284 4510 2372 4564 Ἐν
2394 4510 2450 4563 δὲ
2478 4514 2544 4583 τῇ
2576 4511 2641 4582 ιβ’
2668 4512 2976 4583 Εὐκτήμονι
3012 4510 3338 4584 ’Δρκτοῦρος
3366 4511 3619 4581 ἑσπέριος
3651 4512 3755 4564 ὲπι-

539 4602 803 4659 demiator
830 4602 889 4656 lit
919 4616 1209 4672 apparens.
1241 4599 1471 4671 Insuper
1499 4597 1591 4654 flat
1624 4597 1855 4668 frigidus
1883 4597 2097 4653 boreas.

2199 4600 2394 4666 τέλλει,
2425 4602 2520 4656 καὶ
2554 4602 2945 4674 Προτρυγητὴρ
2987 4602 3242 4674 ἐκφανής.
3288 4602 3536 4655 Ἐπιπνεῖ
3570 4600 3757 4673 βορέας

2198 4691 2427 4763 cum.

607 4774 717 4846 39
740 4773 835 4829 Die
867 4775 932 4830 ﬂ
958 4774 1262 4830 Democrito
1283 4772 1465 4843 frigidi
1493 4772 1625 4827 ﬂant
1651 4772 1799 4827 venti
1827 4771 1919 4841 qui
1950 4770 2099 4826 orni-

2280 4782 2366 4834 Ἐν
2392 4781 2449 4835 δὲ
2472 4785 2538 4854 τῇ
2572 4783 2633 4837 ιδ’
2659 4782 2982 4854 Δημοκρίτῳ
3015 4782 3202 4854 ἄνεμοι
3231 4782 3449 4835 πνέουσι
3473 4780 3691 4852 ψυχροὶ,
3712 4780 3756 4833 οἱ

539 4865 670 4920 thiae
696 4874 982 4932 vocantur,
1008 4881 1105 4936 per
1127 4864 1245 4921 dies
1281 4864 1516 4919 maxime
1545 4878 1757 4918 novem.
1782 4860 2098 4917 Euctemoni

2197 4873 2431 4945 όρνιθίαι
2461 4874 2805 4946 καλούμενοι,
2846 4875 3056 4946 ἡμέρας
3088 4875 3319 4945 μάλιστα
3350 4873 3413 4927 0⁸.
3451 4872 3755 4943 Εὐκτήμονι

537 4956 723 5030 Equus
755 4973 913 5015 mane
942 4958 1144 5014 occidit
1172 4977 1185 5014 :
1220 4958 1443 5030 insuper
1470 4956 1700 5028 frigidus
1726 4955 1818 5011 llat
1847 4957 2061 5011 boreas.

1968 4971 2061 5010 εδει
2191 4966 2249 5019 δὲ
2269 4966 2462 5031 Ἵππος
2494 4966 2627 5037 ἑῷος
2653 4967 2795 5020 δύνει
2820 4985 2833 4998 ο
2867 4969 3083 5020 ἐπιπνεῖ
3112 4966 3301 5037 βορέας
3321 4963 3548 5036 ψυχρόςο

608 5049 703 5103 Die
730 5049 796 5103 17
822 5040 1044 5102 Eudoxo
1065 5047 1281 5104 exsistit
1307 5054 1620 5117 tempestas,
1645 5054 1699 5100 et
1718 5046 1915 5101 milvus
1938 5059 2097 5115 appa-

2274 5054 2361 5113 Ἐν
2391 5055 2447 5108 δὲ
2472 5059 2537 5126 τῇ
2567 5056 2627 5121 ιζ’
2654 5055 2863 5126 Εὐδόξῳ
2896 5074 2977 5126 χει
2987 5055 3187 5126 μαίνει.
3213 5056 3308 5109 καὶ
3355 5055 3555 5117 ἰκτῖνος
3576 5051 3753 5122 φαίνε-

534 5148 637 5196 ret.
661 5137 885 5209 Galippo
906 5137 1143 5195 Piscium
1165 5139 1419 5197 australis
1439 5137 1635 5202 oritur,
1657 5137 1858 5194 desinit
1878 5137 2089 5192 boreas.

2197 5163 2302 5200 ται.
2343 5146 2617 5219 Καλίππῳ
2638 5146 2747 5201 τῶν
2784 5147 3001 5217 Ἰχθύων
3045 5149 3073 5200 ὁ
3099 5147 3245 5209 νότος
3268 5146 3311 5177 ⁷³
3339 5143 3607 5198 ἐπιτέλλει
3625 5159 3641 5173 ο
3667 5142 3752 5213 λή-
3774 5128 3777 5131 ’

2192 5253 2278 5305 γει
2299 5236 2507 5308 βορέας.

605 5318 703 5376 Die
737 5320 802 5376 2i
845 5319 1069 5376 Eudoxo
1101 5321 1317 5377 Corona
1343 5320 1554 5393 vesperi
1588 5318 1784 5385 oritur,
1826 5317 2092 5389 incipiunt

2277 5328 2364 5380 Ἐν
2388 5327 2447 5380 δὲ
2472 5332 2539 5400 τῇ
2570 5327 2654 5382 κα¹
2676 5328 2887 5399 Εὐδόξῳ
2921 5329 3187 5398 Στέφανος
3229 5328 3521 5399 ἀκρόνυχος
3545 5323 3750 5380 επιτέλ-

531 5411 786 5467 ornithize
815 5412 1041 5483 spirare.

2193 5415 2273 5468 λει
2293 5432 2307 5447 ·
2330 5417 2585 5488 ἄρχονται
2618 5418 2849 5490 ὀρνιθίαι
2877 5419 3145 5483 πνέοντες.

604 5502 701 5560 Die
734 5505 804 5559 22
840 5505 1156 5561 Euctemoni
1193 5504 1390 5560 milvus
1430 5513 1667 5574 apparet,
1695 5503 1943 5559 ornithiae
1975 5504 2088 5575 spi-

2274 5506 2362 5561 ‘Ev
2390 5509 2451 5585 se
2482 5513 2548 5582 τῇ
2584 5510 2666 5580 κβ⁹
2699 5511 3006 5582 Εὐκτήμονι
3073 5514 3267 5577 ἰκτῖνος
3311 5509 3579 5580 φαίνεται,
3610 5505 3746 5580 όρνι-

533 5604 655 5649 rant
684 5611 855 5666 usque
885 5594 950 5649 ad
978 5595 1381 5666 aequinoctium.

2194 5597 2301 5652 Θίαι
2325 5600 2541 5654 πνέουσι
2580 5602 2767 5674 μέχρις
2796 5603 2881 5674 ίσή
2892 5620 2953 5674 με
2964 5603 3095 5675 ρίας.

621 5712 666 5744 n
700 5710 1037 5781 w,dxpévuﬁ
1077 5711 1294 5782 ubique.
1384 5710 1425 5741 ’ί
1460 5710 1500 5779 f.
1534 5710 1720 5775 νότιος,
1757 5707 1830 5764 al.
1863 5708 2082 5776 ἀλοπος.
