4000 6206
279 341 383 398 865

1285 337 1518 393 GEMINI
1557 335 1924 394 ELEMENTA
1965 338 2450 394 ΛΞΤΒΟΝΟΜΙᾹΞ.

3392 337 3496 392 866

361 455 448 507 Ἐν
482 454 538 507 δέ
568 454 633 523 τῇ
667 450 746 505 κθθ
780 450 1086 523 Εὐκτήμονι
1114 451 1207 506 τοῦ
1241 453 1504 524 Σκορπίου
1551 455 1598 506 οί
1632 454 1836 524 πρῶτοι

2011 453 2104 510 Die
2135 456 2204 511 29
2228 454 2542 510 Euctemoni
2571 453 2782 524 Scorpii
2806 453 2991 523 prima
3025 451 3191 507 stellae
3218 451 3498 517 occidunt,

277 542 503 617 ἀστέρεξ
535 544 798 608 δύνουσιν,
832 545 1048 597 ἐπιπνεῖ
1079 544 1270 616 βορέας
1295 545 1518 618 ψυχρός.

361 637 450 689 Ἐν
472 636 529 690 δέ
560 639 626 707 τῇ
655 636 698 688 λ’
725 636 997 706 Καλίππῳ
1023 635 1132 689 τῶν
1170 636 1385 707 Ἰχθύων
1415 641 1443 692 ὁ
1484 639 1689 710 βόρειος
1723 640 1840 690 ἐπι-

281 728 477 781 τέλλων
515 727 690 797 λήγει,
735 728 929 790 ἰκτῖνος
963 729 1225 795 φαίνεται,
1257 728 1446 799 βορέας
1475 733 1610 784 πνεῖ.

352 819 459 873 Τὸν
492 818 549 872 δέ
577 819 743 888 Κριὸν
771 819 1142 890 διαπορεύεται
1173 824 1200 874 ὁ
1228 821 1376 892 ἥλιος
1396 824 1453 874 ἐν
1481 825 1712 895 ἡμέραις
1738 825 1836 880 λα’.

362 908 451 960 Ἐν
476 907 572 977 μὲν
587 910 652 978 τῇ
681 907 870 982 πρώτῃ
891 909 1160 981 Καλίππῳ
1184 911 1473 982 σύνδεσμος
1495 913 1602 965 τῷν
1627 915 1842 984 Ἰχθύων

283 998 579 1052 ἀνατέλλει.
628 999 905 1070 ’ἰσημερίαι
938 1001 1144 1071 ἐαρινὴ,
1179 1002 1271 1054 καὶ
1299 1001 1472 1070 ψεκὰς
1499 1003 1702 1076 λεπτή·
1731 1022 1844 1074 χει-

288 1090 466 1161 μαίνει
500 1089 720 1161 σφόδρα,
753 1092 1117 1161 ἐπισημαίνει.

366 1183 456 1236 Ἐν
488 1183 543 1236 δὲ
574 1187 640 1255 τῇ
671 1183 719 1252 γ’
750 1184 1020 1257 Καλίππῳ
1048 1188 1215 1258 Κριὸς
1258 1191 1482 1262 ἄρχεται
1515 1193 1840 1247 ἐπιτέλλειν·

284 1275 457 1339 ὐετὸς,
493 1275 524 1347 ἢ
548 1278 779 1344 νιφετός.

366 1367 454 1420 Ἐν
481 1367 536 1420 δὲ
567 1371 632 1439 τῇ
666 1376 718 1434 ς’
747 1369 955 1441 Εὐδόξῳ
988 1372 1263 1445 ίσημερὶα,
1295 1376 1446 1440 ὐετὸς
1479 1378 1700 1447 γίνεται.

367 1459 458 1512 Ἐν
503 1459 558 1512 δὲ
608 1462 674 1530 τῇ
703 1467 732 1513 ι’
772 1462 1078 1532 Εὐκτήμονι
1123 1466 1374 1532 Πλειάδες
1428 1470 1665 1540 ἑσπέριοι
1711 1471 1845 1542 κρύ-

289 1565 530 1604 πτονται.

371 1639 460 1690 Ἐν
493 1639 549 1692 δὲ
573 1643 637 1712 τῇ
668 1648 734 1710 ιγ’
769 1641 980 1715 Εὐδόξῳ
1006 1645 1256 1712 Πλειάδες
1285 1649 1568 1721 ἀκρόνυχοι
1600 1650 1844 1705 δύνουσι·

289 1731 384 1782 καὶ
425 1730 614 1802 Ὠρίων
644 1732 864 1804 ἄρχεται
893 1737 1067 1790 δύνειν
1094 1739 1199 1792 ἀπὸ
1231 1741 1526 1812 ἀκρονύχου
1547 1761 1559 1772 ·
1591 1745 1743 1807 ὑετὸς
1769 1744 1847 1812 γί-

1942 546 2033 599 ﬁat
2064 547 2292 616 frigidus
2323 549 2537 602 boreas.

2011 639 2106 695 Die
2155 641 2224 694 50
2273 639 2497 710 Calippo
2543 637 2780 693 Piscium
2834 635 3066 690 borealis
3121 633 3321 688 desinit
3361 633 3501 686 occi-

1941 731 2067 786 dere
2093 747 2106 795 ;
2137 738 2358 801 apparet
2386 732 2601 792 milvus,
2631 729 2720 782 ﬁat
2755 729 2970 784 boreas.

2011 821 2245 875 Arietem
2281 819 2577 891 pertransit
2607 821 2685 873 sol
2721 820 2914 873 diebus
2946 821 3033 872 51.

2012 911 2106 966 Die
2139 913 2162 964 l
2190 912 2412 982 Calippo
2444 911 2719 983 vinculum
2750 909 2984 966 Piscium
3013 909 3205 965 oritur.
3230 909 3316 965 Fit
3337 910 3505 982 aqui-

1945 1002 2183 1057 noctium
2227 1017 2476 1064 vernum,
2518 1011 2572 1056 et
2627 1001 2810 1070 pluvia
2856 1002 3124 1056 minutula
3159 1020 3173 1070 ;
3215 1017 3407 1074 magna
3444 987 3504 1055 ﬁt

1943 1099 2259 1161 tempestas,
2293 1091 2579 1161 signiﬁcat.

2016 1177 2111 1234 Die
2137 1179 2171 1232 5
2199 1178 2422 1250 Calippo
2451 1179 2610 1234 Aries
2646 1179 2835 1249 incipit
2867 1179 3003 1233 oriri
3033 1198 3046 1246 ;
3078 1180 3293 1236 exsistit
3325 1179 3505 1251 pluvia

1945 1281 2039 1324 aut
2069 1270 2183 1326 nix.

2014 1363 2110 1418 Die
2139 1365 2171 1418 6
2198 1363 2423 1420 Eudoxo
2456 1372 2538 1420 est
2567 1366 2970 1435 aequinoctium,
3013 1364 3067 1419 ﬁt
3097 1367 3294 1436 pluvia.

2015 1455 2113 1511 Die
2154 1456 2220 1510 10
2255 1455 2571 1512 Euctemoni
2602 1455 2847 1513 Pleiades
2895 1458 3106 1528 vesperi
3131 1457 3504 1514 occultantur.

2022 1633 2117 1690 Die
2167 1636 2234 1689 15
2283 1635 2511 1692 Eudoxo
2562 1636 2812 1692 Pleiades
2863 1638 3073 1706 vesperi
3131 1637 3418 1702 occidunt,
3457 1648 3511 1693 et

1949 1727 2114 1783 Orion
2149 1729 2339 1798 incipit
2385 1731 2635 1786 occidere
2681 1732 2992 1800 vespertino
3047 1745 3267 1786 occasu.
3320 1730 3510 1784 Pluvia

290 1835 461 1876 νεται.
501 1823 819 1896 Δημοκρίτῳ
863 1826 1116 1892 Πλειάδες
1159 1830 1486 1901 κρύπτονται
1546 1833 1659 1903 ἅμα
1717 1835 1848 1905 ήλξῳ

1957 1819 2183 1874 exsistit.
2216 1818 2524 1875 Democrito
2551 1819 2796 1874 Pleiades
2826 1820 3168 1874 occultantur
3202 1821 3363 1874 simul
3385 1835 3510 1874 curn

282 1909 587 1980 ἀνίσχοντι,
614 1914 707 1967 καὶ
738 1916 956 1984 ἀφανεῖς
982 1919 1217 1985 γίνονται
1248 1921 1447 1985 νύκτας
1480 1930 1554 1993 μ’.

374 2003 464 2055 Ἐν
489 2004 546 2058 δέ
577 2009 641 2077 τῇ
683 2015 767 2061 κα¹
803 2009 1014 2081 Εὐδόξῳ
1047 2013 1236 2077 Ὑάδες
1267 2015 1554 2086 ἀκρόνυχοι
1585 2018 1848 2076 δύνουσιν.

375 2096 464 2148 Ἐν
484 2095 542 2150 δὲ
567 2101 632 2170 τῇ
683 2107 766 2168 κγ’
793 2101 1096 2173 Εὐκτήμονι
1134 2106 1318 2170 Ὑάδες
1363 2108 1711 2180 κρύπτονται,
1761 2115 1852 2166 καὶ

294 2184 504 2254 χάλαζα
531 2188 846 2256 ἐπιγίνεται,
871 2195 962 2244 καὶ
986 2192 1211 2266 ζέφυρος
1234 2201 1372 2251 πνεῖ.
1396 2198 1665 2272 Καλίππῳ
1687 2203 1853 2271 Ζυγὸς

291 2277 521 2348 ἄρχεται
551 2279 746 2344 δύνειν,
792 2282 1028 2355 πολλαχῆ
1059 2286 1113 2338 δὲ
1144 2288 1235 2340 καὶ
1262 2285 1487 2358 χάλαζα.

381 2373 468 2424 Ἐν
493 2372 549 2425 δέ
579 2377 642 2444 τῇ
679 2374 760 2439 κζ’
797 2375 1009 2447 Εὐδόξῳ
1057 2378 1207 2452 Λύρα
1240 2382 1533 2452 ἀκρόνυχος
1569 2386 1850 2440 ἐπιτέλλει.

371 2460 472 2514 Τὸν
496 2463 552 2515 δὲ
577 2463 784 2534 Ταῦρον
807 2465 1182 2539 διαπορεύεται
1211 2471 1239 2523 ό
1255 2471 1402 2541 ἥλιος
1421 2475 1476 2524 ἐν
1497 2475 1729 2544 ἡμέραις
1756 2477 1854 2548 λβ’.

381 2553 473 2606 Ἐν
506 2555 602 2624 μὲν
635 2551 727 2608 οῦν
756 2559 822 2629 τῇ
864 2564 910 2610 α’
941 2559 1120 2631 ἡμέρᾳ
1145 2561 1356 2632 Εὐδόξῳ
1401 2565 1588 2636 Ὠρίων
1635 2569 1858 2639 ἀκρόνυ-

283 2663 391 2715 χος
413 2645 557 2699 δύνει
582 2664 595 2676 ·
628 2649 801 2704 ὐετία.
825 2649 1093 2723 Καλίππῳ
1115 2655 1144 2706 ὁ
1172 2655 1338 2724 Κριὸς
1361 2656 1512 2726 λήγει
1545 2661 1854 2716 ἐπιτέλλων·

300 2736 456 2788 ὐετία
475 2753 488 2766 ·
525 2738 760 2809 πολλαχῆ
785 2739 840 2792 δέ
861 2741 953 2793 καὶ
989 2741 1214 2811 χάλαζα.

384 2827 474 2879 Ἐν
501 2827 556 2880 δέ
586 2831 650 2899 τῇ
683 2829 726 2897 β’
755 2831 1060 2902 Εὐκτήμονι
1093 2834 1251 2888 Κύων
1292 2837 1606 2908 κρύπτεται,
1644 2844 1736 2897 καὶ
1767 2847 1861 2916 χά-

289 2916 440 2981 λαζα,
465 2918 692 2986 γίνεται.
723 2921 801 2992 Τῇ
827 2921 869 2974 δ’
897 2923 1030 2996 αὐτῇ
1077 2924 1228 2996 Λύρα
1261 2928 1304 2959 ⁷⁸
1339 2930 1601 2984 ἐπιτέλλει
1629 2934 1858 3007 Εὐδόξῳ.

292 3008 467 3062 Κύων
490 3011 785 3083 ἀκρόνυχος
821 3013 985 3079 δύνει,
1029 3017 1120 3069 καὶ
1151 3016 1301 3080 ὐετὸς
1332 3019 1557 3086 γίνεται.
1592 3024 1863 3098 Καλίππῳ

293 3103 396 3154 τοῦ
417 3103 626 3176 Ταύρου
651 3107 684 3176 ή
708 3106 902 3178 κέρκος
935 3109 1230 3162 ἐπιτέλλει·
1259 3113 1426 3168 νοτία.

387 3199 475 3252 Ἐν
498 3198 553 3251 δὲ
582 3202 646 3270 τῇ
684 3197 729 3264 ζ’
758 3200 967 3271 Εὐδόξῳ
1000 3202 1152 3267 ὑετὸς
1183 3205 1406 3271 γίνεται.

389 3291 476 3342 Ἐν
507 3290 563 3343 δὲ
589 3294 654 3362 τῇ
678 3299 726 3362 η’
759 3293 1064 3364 Εὐκτήμονι
1089 3293 1186 3362 Αἲξ
1213 3295 1322 3366 ἑῷα
1347 3296 1622 3351 ἀνατέλλει
1639 3316 1653 3329 ·
1689 3297 1856 3352 εὐδία·

296 3382 390 3434 ὕει
415 3382 551 3453 νότῳ
578 3381 749 3436 ὕδατι.

389 3474 476 3526 Ἐν
499 3473 554 3527 δὲ
684 3475 726 3527 0'
755 3475 966 3546 Εὐδόξῳ
990 3474 1087 3540 Αἲξ
1110 3476 1219 3548 ἑῷα
1247 3480 1532 3534 ἐπιτέλλει.

393 3562 478 3615 Ἐν
517 3562 574 3616 δὲ
600 3567 666 3635 τῇ
692 3571 756 3617 ια’
800 3566 1010 3637 Εὐδόξῳ
1040 3568 1303 3638 Σκορπίος
1344 3570 1475 3641 ἑῷος
1504 3571 1678 3627 δύνειν
1699 3573 1860 3646 ἄρχε-

297 3672 418 3718 ται,
452 3656 544 3708 καὶ
569 3655 717 3719 ὐετὸς
740 3657 964 3726 γίνεται.

390 3747 478 3799 Ἐν
505 3748 561 3801 δὲ
587 3751 652 3820 τῇ
693 3756 760 3818 ιγ’
788 3751 1092 3823 Εὐκτήμονι
1122 3755 1318 3818 Πλειὰς
1356 3757 1650 3812 ἐπιτέλλει·
1676 3760 1863 3832 Θέρους

299 3841 470 3913 ἀρχὴ,
495 3843 587 3894 καὶ
637 3845 1001 3915 ἐπισημαίνει.
1028 3847 1300 3920 Καλίππῳ
1326 3851 1358 3920 ή
1389 3850 1483 3905 τοῦ
1522 3851 1734 3925 Ταύρου
1775 3871 1864 3906 κε-

304 3935 456 4004 φαλὴ
491 3935 755 3990 ἐπιτέλλει
779 3954 792 3967 ·
826 3939 1190 4010 ἐπισημαίνει.

396 4027 481 4080 Ἐν
508 4029 563 4081 δὲ
604 4032 668 4100 τῇ
708 4031 804 4101 μιᾷ
837 4033 928 4085 καὶ
965 4033 1136 4086 εἰκάδι
1175 4035 1386 4110 Εὐδόξῳ
1430 4039 1694 4112 Σκορπίος
1734 4043 1864 4113 ἑῷος

303 4121 430 4182 ὅλος
455 4120 621 4174 δύνει.

393 4214 480 4265 Ἐν
503 4213 560 4265 δέ
575 4214 640 4283 τῆ
658 4212 738 4282 κβ¹
765 4214 972 4286 Εὐδόξῳ
987 4216 1240 4282 Πλειάδες
1264 4220 1616 4288 ἑπιτέλλουσι,
1632 4226 1725 4278 καὶ
1748 4226 1866 4278 ἐπι·

307 4305 684 4378 σημαίνουσιν.

388 4401 481 4452 Ἐν
506 4399 563 4452 δέ
593 4403 658 4470 τῇ
692 4407 768 4452 κε’
798 4401 1100 4473 Εὐκτήμονι
1143 4405 1320 4468 Ἀετὸς
1346 4408 1590 4480 ἑσπέριος
1616 4408 1778 4466 δύνει.

389 4493 482 4544 Ἐν
512 4491 568 4544 δὲ
597 4495 663 4562 τῇ
693 4492 734 4544 λ’
760 4494 1063 4564 Εὐκτήμονι
1100 4496 1345 4566 ἑσπέριος
1378 4501 1659 4554 ἐπιτέλλει.

389 4581 481 4632 Ἐν
501 4581 556 4633 δὲ
582 4583 645 4651 τῇ
667 4581 744 4633 λα’
767 4582 1071 4652 Εὐκτήμονι
1101 4585 1277 4647 Ἀετὸς
1313 4587 1562 4658 ἑσπέριος
1581 4589 1860 4645 ἐπιτέλλει.

390 4675 480 4726 Ἐν
505 4675 562 4726 δέ
587 4677 652 4744 τῇ
700 4673 776 4743 λβ⁹
807 4675 1113 4746 Εὐκτήμονι
1156 4678 1475 4750 Ἀρκτοῦρος
1519 4681 1651 4749 ἑῷος
1687 4681 1861 4734 δύνει·

311 4766 674 4836 ἐπισημαίνει.
721 4768 988 4839 Καλίππῳ
1039 4770 1067 4822 δ
1114 4770 1324 4840 Ταῦρος
1348 4771 1499 4842 λήγει
1540 4773 1862 4830 ἀνατέλλων.

309 4844 622 4926 Εὐκτήμονι
666 4856 849 4920 Ὑάδες
877 4857 1124 4929 ἑσπέριαι
1161 4859 1543 4927 ἐπιτέλλουσιν,
1575 4864 1867 4935 ἐπισημαί-

312 4964 482 5000 νουσι.

383 5036 523 5099 Τοὺς
536 5035 590 5088 δὲ
608 5035 866 5106 Διδύμους
879 5039 904 5090 ὁ
915 5037 1060 5108 ἧλιος
1070 5038 1438 5111 διαπορεύεται
1452 5044 1508 5094 ἐν
1523 5043 1554 5111 ή
1563 5059 1752 5114 μεραις
1767 5044 1863 5114 λβν.

394 5129 482 5181 Ἐν
514 5128 610 5198 μὲν
652 5124 744 5182 οὖν
770 5132 834 5198 τῇ
880 5131 922 5198 β’
948 5130 1217 5201 Καλίππῳ
1265 5133 1313 5185 οἱ
1359 5133 1575 5204 Δίδυμοι
1614 5135 1867 5206 ἄρχονται

315 5220 611 5274 ἐπιτέλλειν
629 5239 641 5252 ·
678 5222 845 5275 νοτία.

397 5314 484 5365 Ἐν
511 5315 566 5368 δέ
593 5317 658 5385 τῇ
691 5320 731 5366 ε’
764 5315 974 5386 Εὐδόξῳ
1019 5317 1204 5380 ’Υάδες
1232 5317 1360 5388 ἐῷαι
1394 5318 1774 5374 ἐπιτέλλουσιν.

401 5407 488 5458 Ἐν
512 5406 567 5458 δὲ
599 5409 664 5476 τῇ
698 5405 740 5469 ζ’
771 5407 980 5478 Εὐδόξῳ
1024 5408 1200 5473 Ἀετὸς
1245 5410 1538 5482 ἀκρόνυχος
1581 5413 1864 5467 ἐπιτέλλει.

402 5498 487 5549 Ἐν
512 5497 566 5551 δὲ
597 5501 661 5568 τῇ
699 5506 727 5550 ι’
749 5500 1067 5570 Δημοκρίτῳ
1093 5500 1232 5571 ὕδωρ
1264 5501 1490 5570 γίνεται.

401 5587 486 5638 Ἐν
522 5587 579 5639 δὲ
610 5590 675 5656 τῇ
713 5587 781 5655 ιγ’
804 5585 1013 5658 Εὐδόξῳ
1051 5590 1370 5662 Ἀρκτοῦρος
1398 5591 1529 5659 ἑῷος
1565 5594 1705 5648 δύνει

423 5759 468 5794 τ’
507 5779 592 5832 γρ.
621 5763 712 5815 καὶ
741 5762 868 5816 αὐτὸ
904 5763 1076 5834 Λύρα.

1951 1911 2066 1964 sole
2097 1911 2444 1976 ascendente,
2469 1919 2521 1966 et
2548 1927 2657 1966 non
2691 1923 2949 1982 apparent
2977 1927 3072 1981 per
3097 1920 3284 1968 noctes
3312 1912 3399 1966 40.

2023 2000 2118 2056 Die
2142 2002 2204 2055 il
2243 2001 2469 2059 Eudoxo
2494 2003 2708 2072 Hyades
2737 2005 2948 2074 vesperi
2981 2004 3252 2059 occidunt.

2023 2091 2119 2147 Die
2156 2093 2226 2148 25
2263 2093 2575 2150 Euctemoni
2610 2095 2824 2164 Hyades
2849 2099 3208 2162 occultantur,
3231 2109 3284 2154 et
3307 2101 3513 2172 grando

1953 2194 2078 2255 post
2107 2185 2340 2248 exsistit,
2366 2193 2420 2240 et
2446 2185 2534 2239 ﬁat
2561 2187 2852 2257 zephyros.
2882 2187 3104 2257 Calippo
3139 2187 3299 2243 Libra
3329 2191 3514 2260 incipit

1953 2278 2224 2341 occidere,
2249 2279 2448 2348 passim
2483 2279 2696 2334 exsistit
2723 2279 3030 2359 etgrando.
3081 2291 3084 2294 ‘

2027 2371 2121 2426 Die
2144 2371 2214 2424 27
2239 2371 2462 2426 Eudoxo
2489 2370 2627 2442 Lyra
2660 2373 2868 2441 vesperi
2905 2373 3098 2427 oritur.

2026 2461 2262 2516 Taurum
2298 2463 2378 2517 sol
2404 2474 2654 2534 peragrat
2682 2463 2873 2520 diebus
2897 2465 2987 2520 52.

2024 2553 2118 2608 Die
2149 2554 2174 2606 l
2223 2553 2444 2609 Eudoxo
2475 2554 2640 2609 Orion
2671 2556 2882 2625 vesperi
2913 2557 3114 2611 occidit
3142 2601 3156 2623 ,
3190 2557 3247 2611 ﬁt
3284 2558 3464 2628 pluvia
3498 2578 3511 2612 :

1955 2647 2178 2718 Calippo
2217 2647 2372 2702 Aries
2414 2646 2614 2702 desinit
2657 2648 2790 2703 oriri
2824 2664 2838 2711 ;
2877 2647 2934 2700 ﬁt
2981 2649 3179 2716 pluvia,
3221 2659 3273 2703 et
3315 2653 3516 2720 passim

1957 2743 2184 2813 grando.

2032 2835 2127 2892 Die
2169 2835 2204 2890 2
2251 2832 2570 2891 Euctemoni
2625 2835 2789 2890 Canis
2835 2835 3163 2900 occultatur,
3207 2845 3260 2890 et
3313 2837 3520 2906 grando

1960 2927 2178 2984 exsistit
2219 2947 2233 2983 :
2282 2927 2468 2982 eodem
2510 2926 2599 2982 die
2648 2925 2786 2998 Lyra
2833 2925 3011 2979 oritur
3061 2925 3302 2979 Eudoxo.
3353 2925 3520 2982 Canis

1963 3021 2175 3090 vesperi
2211 3020 2430 3083 occidit,
2464 3027 2519 3074 et
2553 3019 2612 3073 ﬁt
2639 3020 2841 3089 pluvia.
2878 3016 3104 3089 Calippo
3137 3018 3301 3073 Tauri
3345 3019 3519 3073 cauda

1962 3112 2155 3175 oritur,
2188 3112 2400 3168 exsistit
2431 3111 2748 3168 humiditas.

2032 3204 2128 3259 Die
2159 3204 2188 3258 7
2225 3203 2448 3258 Eudoxo
2482 3204 2697 3259 exsistit
2725 3206 2924 3274 pluvia.

2032 3294 2127 3350 Die
2155 3295 2190 3350 8
2224 3295 2539 3349 Euctemoni
2569 3294 2745 3366 Capra
2780 3312 2938 3351 mane
2969 3305 3181 3362 Ol‘lltll';
3214 3294 3515 3360 serenitas;

1961 3387 2098 3458 pluit
2136 3395 2341 3444 austro.
3016 3396 3023 3400 '

2035 3478 2128 3532 Die
2159 3477 2192 3532 9
2217 3477 2440 3533 Eudoxo
2468 3476 2642 3548 Capra
2673 3493 2830 3532 mane
2859 3477 3052 3532 oritur.

2035 3568 2129 3623 Die
2167 3569 2227 3622 11
2264 3568 2524 3638 Scorpius
2569 3569 2892 3623 matutinum
2927 3581 3180 3621 occasum
3221 3565 3397 3622 facere
3440 3567 3522 3620 in-

1963 3662 2116 3733 cipit,
2149 3670 2202 3716 et
2228 3661 2409 3731 pluvia
2439 3661 2674 3716 exsistit.

2037 3755 2131 3810 Die
2188 3754 2251 3809 15
2303 3753 2621 3808 Euctemoni
2678 3753 2856 3808 Pleias
2911 3753 3130 3818 oritur;
3184 3752 3389 3808 astatis
3437 3760 3522 3806 est

1964 3846 2200 3912 initium,
2233 3857 2286 3901 et
2323 3848 2609 3919 signiﬁcat.
2651 3847 2876 3915 Calippo
2929 3845 3093 3900 Tauri
3131 3855 3293 3915 caput
3326 3845 3519 3905 oritur,

1965 3939 2256 4009 signiﬁcat.

2039 4034 2131 4090 Die
2154 4033 2216 4086 2i
2253 4031 2477 4086 Eudoxo
2504 4032 2764 4101 Scorpius
2789 4038 2937 4085 totus
2977 4044 3133 4085 mane
3159 4028 3380 4082 occidit.

2035 4212 2129 4268 Die
2159 4212 2229 4269 22
2261 4212 2484 4267 Eudoxo
2515 4211 2762 4268 Pleiades
2796 4212 3070 4276 oriuntur,
3100 4218 3152 4266 et
3191 4206 3515 4279 signiﬁcant.

2035 4397 2131 4452 Die
2173 4397 2244 4452 25
2279 4395 2592 4452 Euctemoni
2622 4395 2814 4466 Aquila
2846 4393 3054 4464 vesperi
3079 4389 3294 4447 occidit.

1893 4513 1937 4566 ο
2036 4489 2131 4545 Die
2160 4491 2228 4543 ’50
2258 4489 2569 4544 Euctemoni
2603 4489 2811 4558 vesperi
2840 4490 3033 4541 oritur.

2038 4580 2132 4637 Die
2158 4581 2218 4635 51
2252 4580 2568 4636 Euctemoni
2596 4579 2789 4650 Aquila
2825 4577 3034 4648 vesperi
3066 4573 3260 4630 oritur.

2038 4673 2128 4727 Die
2162 4673 2228 4727 52
2270 4673 2586 4728 Euctemoni
2619 4673 2886 4727 Arcturus
2917 4685 3074 4749 mane
3101 4667 3321 4730 occidit,
3354 4664 3522 4736 signi-

1969 4765 2110 4820 ﬁcat.
2138 4764 2362 4836 Calippo
2401 4765 2613 4819 Taurus
2639 4764 2837 4819 desinit
2860 4763 3014 4817 oriri.
3037 4758 3350 4815 Euctemoni
3379 4755 3520 4827 Hya-

1966 4859 2061 4912 des
2095 4859 2305 4927 vesperi
2337 4859 2605 4922 oriuntur,
2637 4855 2962 4927 signiﬁcant.

2037 5039 2295 5095 Geminos
2323 5040 2405 5096 sol
2445 5049 2684 5110 permeat
2714 5037 2906 5092 diebus
2940 5037 3026 5091 52.

2038 5135 2133 5190 Die
2177 5135 2213 5189 2
2249 5136 2474 5206 Calippo
2525 5135 2738 5190 Gemini
2787 5133 3054 5204 incipiunt
3102 5131 3278 5198 oriri;
3309 5127 3520 5186 exsistit

1969 5227 2284 5282 humidilas.

2041 5322 2132 5378 Die
2160 5323 2194 5376 5
2224 5321 2448 5377 Eudoxo
2476 5320 2688 5392 Hyades
2719 5335 2878 5373 mane
2907 5319 3175 5373 oriuntur.

2036 5415 2132 5471 Die
2171 5415 2201 5468 7
2233 5414 2457 5469 Eudoxo
2483 5413 2675 5483 Aquila
2701 5411 2911 5482 vesperi
2948 5410 3144 5465 oritur.

2037 5506 2133 5562 Die
2163 5507 2228 5560 10
2255 5505 2562 5561 Democrito
2593 5519 2732 5574 aqua
2763 5504 2998 5560 exsistit.

2040 5597 2135 5654 Die
2165 5599 2228 5655 15
2250 5597 2471 5656 Eudoxo
2503 5598 2768 5655 Arcturus
2800 5612 2956 5652 mane
2985 5594 3205 5653 occidit.
