4000 6206
330 201 436 260 89⁸1

788 321 923 392 Μὴν
952 320 1213 391 Ἰούλιος,
1232 325 1448 395 Ἐπιφι.

401 442 471 490 α’.
509 435 653 506 Ὠρςι
697 434 756 489 ιδ’
792 439 819 490 6
853 437 1016 507 μέσος
1040 439 1138 510 τῆς
1172 439 1345 510 ζώνης
1368 440 1462 494 τοῦ
1505 442 1751 512 Ὠρίωνος
1780 444 1901 495 ἐπιο

323 526 530 580 τέλλει.
562 526 877 595 Αἰγυπτίοις
907 528 1137 601 ζέφυρος
1161 532 1254 584 καὶ
1275 532 1482 602 καῦμα.

393 617 462 688 β’.
502 618 642 690 Ὦρα
680 617 810 672 ιε’8”
854 622 882 673 6
922 621 1169 693 λαμπρὸς
1215 623 1307 676 τοῦ
1353 625 1607 694 Περσέως
1646 627 1902 697 ἑσπέριος

320 709 632 764 ἀνατέλλει.

270 847 274 850 η
397 807 461 869 γ’.
498 802 816 869 Αἰγυπτίοις
842 801 1070 874 ζέφυρος
1099 806 1244 858 πνεῖ.

271 863 280 920 ἰ
391 892 433 920 ἓν
510 891 738 920 ιιι-,ιλλιι
781 895 1122 920 ι,.-....-ι..-.
1195 899 1244 920 Δ-

313 982 463 1054 ὕδωρ
497 983 651 1054 ἑῷον.
683 979 814 1036 Εἶτα
852 985 1035 1055 βορέαι
1067 987 1159 1039 ἐπὶ
1181 986 1392 1056 ἡμέρας
1419 987 1578 1041 ἑπτά.

382 1080 446 1128 ε’.
485 1076 624 1146 Ὥρα
653 1072 783 1128 t6'S"
805 1077 832 1127 6
869 1076 1042 1140 κοινὸς
1063 1077 1314 1147 Ποταμοῧ
1341 1079 1436 1131 καὶ
1465 1079 1622 1142 ποδὸς
1645 1079 1895 1150 Ὠρίωνος

306 1165 603 1220 ἐπιτέλλει.
639 1165 749 1220 Καὶ
773 1168 801 1219 6
829 1167 920 1218 ὲπί
952 1165 1043 1220 τοῦ
1074 1169 1375 1238 ἡγουμένου
1398 1169 1548 1240 ῶμου
1579 1170 1670 1224 τοῦ
1711 1170 1894 1242 Ὠρίω‹

305 1273 402 1322 νος
430 1257 722 1311 ἐπιτέλλει.
759 1258 972 1328 Εὐδόξῳ
996 1259 1364 1330 ἐπισημαίνει.

384 1356 459 1416 ς’.
497 1351 638 1421 ’Ὠρᾳ
676 1348 814 1417 ιγ’8”
859 1351 887 1402 6
918 1351 1010 1403 ἐπὶ
1047 1352 1142 1422 τῆς
1171 1352 1412 1423 κεφαλῆς
1457 1351 1551 1406 τοῦ
1588 1353 1888 1424 ἡγουμένου

300 1441 546 1512 Διδύμου
570 1457 584 1471 ⁸
623 1442 717 1494 καὶ
747 1443 775 1494 6
811 1442 972 1512 μέσος
1002 1443 1101 1514 τῆς
1139 1441 1316 1515 ζώνης
1351 1444 1444 1497 τοῦ
1485 1445 1733 1516 Ὠρίωνος
1765 1449 1885 1499 ἑπι-

299 1532 517 1585 τέλλει’
553 1532 644 1586 καὶ
681 1532 906 1602 ἔσχατος
954 1533 1206 1605 Ποταμοῦ
1245 1536 1531 1590 ἐπιτέλλει.
1571 1539 1886 1605 Αἰγυπτίοις

291 1623 596 1695 ἀνεμώδης
620 1625 715 1677 καί⁵
753 1625 915 1695 ἀέρος
937 1626 1198 1696 ἀκρασία.

1157 172 1540 263 Pronum
1573 206 1662 261 ma
1701 203 2161 264 APPARENTIIS
2200 205 2702 266 meammmu.

389 892 456 948 δ’.
502 891 740 962 Δοσιθέῳ
780 895 1146 965 ἐπισημαίνει.
1186 897 1510 968 Δημοκρίτῳ
1531 897 1761 970 ζέφυρος
1806 902 1898 954 καὶ

3459 215 3568 276 898

2552 325 2751 389 Iulius,
2788 325 2998 396 ΕρίιγΙιί.

2080 441 2129 494 1,
2150 437 2292 494 Hora
2322 457 2410 494 xlv
2445 441 2622 496 media
2649 455 2800 496 zonae
2828 439 3048 498 Orionis
3072 441 3268 496 oritur.
3296 441 3564 515 Egyptiis

2003 531 2254 586 favonius
2286 541 2342 585 et
2371 541 2558 587 :estus.

2066 621 2120 674 2.
2157 619 2303 675 Hora
2331 637 2399 674 xv
2432 621 2531 690 1/2
2554 621 2704 675 clara
2721 620 2906 677 Persei
2926 623 3083 678 stella
3114 637 3340 693 vespere
3366 623 3562 679 oritur.

2069 797 2122 851 3.
2159 795 2428 866 [Egyptiis
2457 795 2708 851 favonius
2736 798 2909 866 Spirat

2068 889 2124 942 4.
2177 886 2434 944 Dositheo
2486 889 2780 960 signiﬁcat.
2826 889 3134 947 Democrito
3181 891 3457 956 favonius.
3511 902 3564 948 et

1997 978 2179 1048 pluvia
2219 980 2504 1033 matutina.
2538 979 2673 1034 Tum
2706 981 2991 1050 aquilones
3021 983 3088 1037 ad
3124 984 3242 1039 dies
3272 1001 3368 1038 vn.

2067 1069 2120 1125 5.
2141 1067 2282 1122 Hora
2313 1085 2401 1123 xiv
2423 1070 2520 1140 1/2
2536 1076 2841 1128 communis
2869 1071 3043 1128 Fluvii
3071 1090 3133 1128 ac
3164 1075 3318 1144 pedis
3346 1073 3562 1131 Orionis

1993 1158 2204 1226 oritur;
2232 1176 2352 1229 qua:
2380 1161 2433 1214 in
2463 1163 2813 1220 antecedente
2836 1165 3064 1220 humero
3091 1175 3175 1220 est
3203 1167 3422 1224 Orionis
3450 1169 3561 1223 ori-

1992 1256 2101 1303 tur.
2137 1249 2364 1303 Eudoxo
2397 1249 2851 1321 signilicationem
2885 1254 3068 1307 habet.

2061 1340 2115 1395 6.
2160 1340 2302 1396 Hora
2341 1358 2435 1395 xm
2470 1342 2572 1411 1ίὲ
2595 1345 2793 1412 ηιιειξὶιι
2835 1346 3013 1415 capite
3064 1354 3144 1400 est
3198 1347 3559 1415 praecedentis

1984 1430 2338 1487 Geminorum
2373 1450 2387 1486 :
2417 1448 2517 1487 nec
2568 1449 2676 1488 non
2714 1435 2889 1490 media
2932 1437 3134 1506 cinguli
3185 1435 3407 1490 Orionis
3447 1440 3560 1490 ori-

1987 1532 2110 1589 tur;
2158 1523 2347 1576 ultima
2375 1522 2552 1579 Fluvii
2595 1526 2794 1582 oritur.
2825 1524 3100 1598 ngyptiis
3137 1526 3284 1582 venti
3321 1533 3374 1581 et
3415 1529 3559 1584 aeris

1987 1614 2356 1683 intemperies.
3094 1612 3098 1618 ’

373 1678 444 1777 ζῖ.
483 1678 626 1784 Ὥρα
658 1713 716 1766 ιδ’
748 1714 776 1766 ό
808 1678 1056 1786 λαμπρός
1090 1678 1196 1768 του
1217 1714 1426 1788 βορείου
1461 1718 1732 1789 Στεφάνου
1750 1718 1882 1791 ἑῷος

2053 1706 2108 1762 7.
2141 1706 2284 1761 Hora
2315 1722 2406 1760 xiv
2436 1707 2583 1762 clara
2625 1708 2804 1766 boreae
2829 1707 3058 1764 Coronae
3100 1711 3371 1766 matutino
3413 1711 3557 1766 occi-
3641 1698 3660 1705 ’

288 1802 445 1858 δύνει
470 1819 485 1833 ο
517 1803 611 1856 καὶ
639 1803 666 1854 6
691 1803 784 1857 ἐπὶ
811 1803 910 1874 τῆς
937 1805 1179 1875 κεφαλῆς
1201 1806 1294 1859 τοῦ
1320 1808 1618 1877 ἡγουμένου
1648 1810 1770 1864 Διδύ
1780 1829 1879 1882 μου

285 1894 573 1950 ἐπιτέλλει
595 1912 612 1928 ο
639 1895 734 1949 καὶ
759 1898 787 1949 6
826 1897 1002 1961 κοινὸς
1039 1897 1133 1951 τοῦ
1165 1901 1360 1953 Ἵππου
1391 1903 1483 1953 καὶ
1528 1902 1881 1971 Ἀνδοομέδας

287 1988 558 2060 ἑσπέριος
591 1987 890 2043 ἀνατέλλει.

362 2086 464 2152 η’.,
498 2080 564 2134 0'.
599 2081 740 2153 ’Ὠρα
781 2082 839 2135 ιδ’
868 2083 896 2134 6
927 2081 1018 2144 ἐπὶ
1044 2085 1144 2153 τῆς
1184 2084 1421 2155 κεφαλῆς
1451 2085 1543 2138 τοῦ
1577 2085 1879 2158 ἡγουμένου

281 2172 534 2246 ’Διὸὃμου
585 2173 872 2230 ἐπιτέλλει.
918 2175 1272 2244 Αἰγυπτίοις,
1319 2178 1560 2249 Καίσαρι
1598 2179 1748 2245 νότος
1785 2181 1879 2234 καὶ

284 2262 515 2336 καῦμα.
1158 2320 1160 2322 τ

361 2363 422 2408 ι’.
462 2356 606 2430 Ἤρᾳ
658 2357 791 2413 t6'S"
824 2361 852 2413 6
885 2361 941 2413 ὲν
971 2360 1048 2431 τῷ
1080 2361 1329 2433 ἑπομένῳ
1355 2360 1492 2434 ὤμῳ
1517 2363 1611 2417 τοῦ
1628 2364 1877 2434 Ὠρίωνος

277 2444 569 2501 ἐπιτέλλει
597 2464 610 2478 ·
641 2450 736 2503 καὶ
760 2453 788 2503 6
820 2452 912 2505 ἐπὶ
941 2438 1041 2522 τῆς
1082 2453 1308 2526 καρδίας
1344 2455 1438 2507 τοῦ
1482 2456 1710 2520 Λέοντος
1744 2456 1877 2528 κρύ-

276 2550 516 2592 πτεται.
545 2540 863 2609 Αἰγυπτίοις
894 2543 1168 2616 ἁργέστης
1197 2545 1292 2598 καὶ
1327 2546 1498 2599 ὐετία.

358 2635 458 2682 ια’.
517 2631 653 2704 "Op;
702 2631 831 2687 t6’S"
873 2634 901 2687 6
939 2635 1101 2706 μέσος
1137 2636 1235 2707 τῆς
1272 2635 1448 2708 ζώνης
1494 2637 1588 2691 τοῦ
1627 2640 1875 2711 Ὠρίωνος

266 2719 582 2775 ἐπιτέλλει.
612 2724 751 2795 "Dp;
780 2731 838 2776 ιε’
859 2725 887 2777 6
915 2725 973 2779 ὲν
999 2725 1074 2796 τῷ
1097 2727 1382 2798 ἡγουμένῳ
1411 2725 1544 2799 ὤμῳ
1570 2729 1662 2782 τοῦ
1697 2731 1876 2802 Ὠρίω-

273 2831 378 2878 νος
423 2814 710 2869 ὲπιτέλλει.
762 2816 1080 2886 Αἰγυπτίοις
1119 2817 1383 2890 ζέφυρος,
1413 2820 1722 2893 ἀργέστης,
1778 2823 1873 2878 καὶ

269 2903 536 2976 βρονταί.
572 2905 925 2977 Μητροδώρῳ
956 2907 1049 2959 καὶ
1079 2907 1356 2979 Καλίππῳ
1381 2908 1552 2972 νότος.

359 2995 457 3065 ιβ’,
493 2997 634 3069 Ὠρᾳ
669 3003 745 3063 ις’
776 3000 804 3050 6
847 2999 940 3052 ἐπὶ
969 2999 1065 3071 τῆς
1095 2999 1430 3070 καρδίαςτοῦ
1467 3001 1693 3065 Λέοντος
1733 3001 1868 3075 κρύ-
1896 3025 1941 3084 C

264 3103 506 3146 πτεται.
544 3091 859 3160 Αἰγυπτίοις
911 3093 1280 3165 ἐπισημαίνει.
1324 3094 1603 3166 Ἱππάρχῳ
1639 3097 1867 3168 πρόδρο-

264 3199 394 3247 uo;
432 3181 628 3248 Κυνός.
1327 3252 1329 3254 η

353 3281 450 3343 ιγ’.
490 3276 629 3346 ’Ὠρᾳ
662 3275 723 3329 ιε’
751 3278 779 3330 6
811 3276 902 3328 ἐπὶ
944 3277 1043 3348 τῆς
1063 3277 1306 3348 κεφαλῆς
1345 3294 1438 3330 του
1473 3278 1739 3350 ἑπομένου
1779 3283 1868 3332 Δι-

277 3363 460 3437 Ξύμου
494 3367 783 3423 ἐπιτέλλει.
815 3368 1032 3422 Μέτωνι
1061 3368 1253 3422 νοτίαι.

352 3456 441 3510 ιδ’.
481 3456 622 3529 ’Ὠρᾳ
662 3457 719 3511 ιδ’
749 3459 778 3511 6
805 3458 897 3512 ἐπὶ
925 3458 1020 3512 τοῦ
1049 3460 1314 3530 ἑπομένου
1337 3457 1486 3529 ὤμου
1507 3454 1865 3532 τοῦὨρίωνος

273 3548 579 3603 επιτέλλει.
611 3552 929 3620 Αἰγυπτίοις
972 3552 1266 3624 ἀργέστης.
1306 3553 1614 3624 Εὐκτήμονι
1643 3555 1738 3608 καὶ
1775 3556 1867 3608 Φι-

275 3636 475 3707 Αίππῳ
503 3638 672 3692 νοτία.

352 3734 439 3782 ιε’.
479 3729 618 3802 "Op;
647 3732 749 3784 te'6
777 3731 866 3784 ἐπὶ
896 3731 994 3801 τῆς
1023 3732 1246 3804 καρδίας
1269 3731 1362 3785 τοῦ
1386 3731 1609 3798 Λέοντος
1631 3733 1866 3806 κρύπτε-

272 3834 395 3875 ται.
423 3822 744 3890 Αἰγυπτίοις
767 3824 1084 3896 δυσκρασία.

355 3919 453 3978 ις’.
492 3913 631 3985 ’Ὠρᾳ
667 3914 772 3967 ιδ’ό
795 3915 968 3979 κοινὸς
999 3915 1092 3968 τοῦ
1131 3917 1328 3970 Ἵππου
1372 3916 1467 3969 καὶ
1511 3917 1862 3989 Ἀνδρομέδας

273 4007 536 4077 ισπέριος
591 4007 901 4061 ἀνατέλλει·
963 4009 1055 4062 καὶ
1101 4010 1129 4061 6
1174 4009 1335 4078 μέσος
1383 4013 1481 4080 τῆς
1546 4009 1722 4082 ζώνης
1767 4012 1860 4064 τοῦ

279 4097 550 4168 Ὠρίωνος
579 4098 874 4154 ἐπιτέλλει.

359 4189 443 4253 ιζ’.
479 4191 618 4262 ’Ὠρᾳ
635 4188 694 4244 ιε’
717 4193 744 4244 6
773 4192 864 4244 ἐπὶ
888 4191 986 4263 τῆς
1010 4191 1234 4264 καρδίας
1257 4190 1352 4245 τοῦ
1374 4193 1600 4256 Λέοντος
1627 4194 1862 4265 κρύπτε-

271 4298 379 4336 ται
405 4295 420 4310 ’
453 4283 481 4336 6
508 4281 763 4354 λαμπρὸς
807 4283 900 4337 τοῦ
949 4284 1159 4356 βορείου
1189 4285 1458 4353 Στεφάνου
1493 4286 1626 4356 έῴος
1669 4285 1812 4338 δύνει
1843 4303 1857 4317 ⁸

271 4373 428 4427 καὶὸ
463 4373 639 4437 κοινὸς
681 4375 928 4447 Ποταμοῦ
965 4376 1058 4428 καὶ
1089 4376 1245 4439 ποδὸς
1283 4375 1534 4447 Ὠρίωνος
1563 4377 1851 4432 ἐπιτέλλει.

269 4463 600 4531 Αἰγυπτίοις
623 4463 936 4535 πρόδρομοι.
967 4464 1316 4536 Μητροδώρῳ
1344 4465 1595 4537 ζέφυρος.

357 4560 446 4623 ιη’.
481 4553 620 4626 Ὥρα
648 4555 705 4608 ιδ’
734 4555 994 4627 Προκύων
1032 4556 1316 4611 ἐπιτέλλει.
1335 4558 1614 4629 Ἱππάρχῳ
1637 4556 1852 4629 ἀνέμων

269 4646 547 4718 ἀκρασία.

356 4736 442 4790 ιϐ’.
477 4739 791 4807 Αἰγυπτίοις
815 4740 1021 4811 καῦμα.
1039 4740 1277 4812 Καίσαρι
1294 4741 1492 4811 ἄνεμος
1516 4739 1681 4805 πολὺς
1707 4745 1845 4795 πνεῖ.

280 4828 572 4900 Ἱππάρχῳ
603 4831 784 4902 βορέαι
822 4833 1093 4903 ἄρχονται.

352 4927 419 4974 κ’.
459 4922 596 4993 ’Ὠρᾳ
636 4921 772 4990 ιγ’5”
800 4926 829 4976 6
859 4925 949 4977 ἐπὶ
976 4925 1074 4996 τῆς
1098 4925 1322 4997 καρδίας
1352 4923 1443 4978 τοῦ
1470 4923 1691 4987 Λέοντος
1721 4925 1850 4994 κρυ-

274 5027 499 5067 πτεται.

349 5109 456 5157 κα’.
493 5103 632 5176 ’Ὠρᾳ
665 5104 807 5174 ιγ’δη
851 5107 1010 5159 Κύων
1038 5147 1052 5171 ,
1097 5109 1186 5161 καὶ
1231 5109 1490 5179 Προκυων
1537 5107 1802 5164 επιτέλλει
1830 5122 1845 5141 "

275 5189 376 5244 καὶ
413 5193 442 5245 6
471 5191 692 5264 ἔσχατος
728 5195 982 5265 Ποταμοῦ
1017 5195 1302 5250 ἐπιτέλλει.
1353 5196 1670 5265 Αἰγυπτίοις
1719 5196 1848 5250 ἄνει-

282 5301 385 5354 μος
410 5287 504 5339 καὶ
521 5286 694 5341 ὐετία.

351 5379 454 5450 κβ’.
497 5382 634 5455 Ὥρα
682 5383 791 5436 ιε’ὀ
837 5383 1085 5455 λαμπρὸς
1132 5381 1224 5437 τοῦ
1277 5379 1529 5454 Περσέως
1592 5381 1848 5454 ἑσπέριος

279 5471 560 5525 ἀνατέλλει
590 5488 603 5502 ·
636 5477 664 5526 6
692 5473 856 5543 μέσος
884 5474 982 5544 τῆς
1005 5473 1178 5545 ζώνης
1217 5471 1308 5525 τοῦ
1350 5472 1599 5543 Ὠρίωνος
1632 5469 1846 5524 ἐπιτέλιο

279 5561 384 5616 λει.
420 5565 729 5632 Αἰγυπτίοις
763 5568 855 5620 καὶ
879 5567 1109 5636 Δοσιθέῳ
1135 5566 1282 5629 νότος
1313 5565 1407 5618 καὶ
1436 5564 1642 5634 καῦμα.

357 5657 458 5727 κγ.
501 5659 635 5730 Ὤρᾳ
683 5659 740 5712 ιδ’
781 5661 1037 5732 Προκυων
1083 5661 1384 5736 ἐπιτέλλει·
1435 5661 1610 5728 κοινὸς
1649 5662 1843 5713 Ἵππου

1975 1798 2098 1862 dit;
2145 1815 2266 1870 qua:
2309 1798 2362 1852 in
2413 1800 2593 1869 capite
2647 1802 3021 1857 antecedentis
3064 1809 3149 1858 est
3198 1801 3550 1859 Geminorum

1979 1889 2193 1955 oritur;
2254 1891 2561 1944 communis
2621 1889 2757 1960 Equi
2811 1897 2866 1945 et
2919 1890 3274 1948 Andromedae
3327 1909 3552 1964 vespere

1979 1979 2178 2034 oritur.

2047 2071 2102 2138 8,
2135 2069 2188 2126 9.
2223 2069 2367 2126 Hora
2396 2088 2486 2127 xiv
2513 2088 2632 2142 qum
2662 2082 2747 2128 est
2775 2073 2830 2127 in
2857 2075 3036 2144 capite
3069 2075 3424 2145 praecedentis
3445 2075 3549 2134 Ge-

1981 2162 2252 2217 minorum
2293 2167 2488 2219 oritur.
2521 2163 2792 2236 Egypliis
2836 2181 2899 2220 ac
2941 2165 3144 2221 Caesari
3192 2177 3380 2226 auster
3424 2187 3547 2224 cum

1971 2261 2134 2308 θεειιι.

2048 2346 2135 2401 10.
2156 2344 2299 2400 liora
2330 2363 2420 2400 xw
2441 2346 2542 2419 1/9.
2560 2363 2679 2418 quae
2712 2349 2766 2403 in
2799 2351 3171 2420 subsequente
3191 2348 3408 2406 Orionis
3446 2351 3548 2405 hu-

1973 2451 2125 2491 mero
2158 2446 2241 2491 est
2272 2440 2467 2492 oritur.
2513 2439 2620 2494 Cor
2661 2439 2863 2497 Leonis
2905 2444 3236 2498 occultatur.
3273 2442 3548 2516 Egyptiis

1974 2540 2177 2580 caurus
2199 2535 2251 2580 et
2276 2527 2478 2596 pluvia.
3257 2546 3260 2550 ί

2046 2620 2133 2674 11.
2167 2618 2311 2677 Hora
2346 2636 2437 2676 xw
2457 2621 2560 2693 1ίί
2577 2621 2750 2676 media
2777 2637 2926 2677 zonae
2945 2622 3162 2681 Orionis
3177 2625 3373 2681 oritur.
3398 2625 3543 2682 Hora

1975 2727 2043 2764 xv
2075 2727 2195 2781 qua:
2223 2712 2276 2766 in
2304 2713 2639 2782 praecedente
2670 2713 2898 2768 humero
2953 2713 3170 2769 Orionis
3211 2725 3295 2771 est
3343 2718 3537 2771 oritur.

1974 2803 2243 2875 Egyptiis
2275 2805 2525 2860 favonius
2563 2813 2616 2860 et
2647 2821 2850 2860 caurus
2881 2822 3004 2861 cum
3035 2809 3311 2864 tonitruis.
3349 2807 3544 2864 lletro-

1973 2895 2106 2949 doro
2140 2903 2192 2950 ct
2223 2894 2452 2966 Calippo
2482 2904 2689 2952 auster.

2044 2985 2131 3040 12.
2189 2985 2332 3042 Hora
2377 3003 2466 3042 xvt
2499 3004 2596 3042 eor
2641 2987 2840 3044 Leonis
2890 2990 3217 3047 occultatur.
3268 2988 3540 3062 IEgyptiis

1972 3077 2263 3150 signiﬁcat.
2295 3077 2606 3150 Hipparcho
2639 3082 2969 3151 prodromus
3001 3082 3188 3139 Canis.

2041 3253 2127 3309 15.
2165 3253 2309 3309 Hora
2356 3271 2426 3310 xv
2457 3256 2655 3326 quaein
2695 3257 2875 3327 capite
2927 3257 3310 3328 subsequentis
3353 3256 3536 3312 Gemi-

1969 3362 2185 3414 norum,
2213 3348 2409 3403 oritur.
2434 3346 2630 3403 Metoni
2670 3350 2881 3420 pluvize.

2040 3441 2127 3496 14.
2164 3440 2308 3495 Hora
2345 3456 2436 3496 xiv
2465 3458 2585 3512 qure
2614 3442 2666 3496 in
2697 3443 3024 3499 succedente
3053 3441 3272 3499 Orionis
3304 3442 3534 3500 humero

1967 3544 2049 3590 est
2074 3533 2268 3591 oritur.
2301 3533 2576 3607 Egyptiis
2599 3550 2819 3591 caurus.
2851 3534 3168 3590 Euctemoni
3202 3544 3257 3591 et
3283 3534 3533 3609 Philippo

1966 3628 2170 3698 pluvia.

2037 3718 2126 3774 l5.
2159 3717 2303 3773 Hora
2341 3735 2411 3776 xv
2452 3733 2548 3776 cor
2588 3717 2788 3776 Leonis
2833 3719 3212 3776 absconditur.
3258 3719 3531 3794 Egypliis

1965 3809 2334 3880 intemperies.

2035 3899 2122 3955 16.
2155 3900 2298 3955 liora
2329 3918 2418 3955 xlv
2450 3901 2757 3956 communis
2788 3901 2926 3973 Equi
2961 3911 3015 3958 et
3039 3902 3401 3958 Andromede
3437 3917 3530 3957 νο»

1964 4005 2120 4061 spere
2149 3991 2361 4058 oritur;
2390 3990 2568 4046 media
2590 4006 2739 4046 zona:
2768 3990 2988 4048 Orionis
3029 3993 3204 4047 oritur

2033 4165 2117 4218 17.
2154 4163 2298 4219 Hora
2317 4181 2386 4219 xv
2401 4181 2497 4220 cor
2518 4165 2717 4223 Leonis
2739 4166 3128 4232 absconditur;
3153 4164 3333 4222 lucida
3348 4166 3528 4221 berem

1960 4252 2187 4310 Corona:
2233 4271 2392 4312 mane
2437 4257 2678 4324 occidit;
2730 4256 3039 4312 communis
3074 4255 3249 4312 Fluvii
3287 4264 3342 4310 et
3375 4257 3526 4327 pedis

1888 4368 1929 4422 υ
1961 4342 2181 4399 Orionis
2222 4345 2418 4400 oritur.
2449 4345 2728 4418 Egyptiis
2757 4346 3057 4418 prodromi.
3092 4345 3400 4401 Metrodoro
3438 4363 3527 4402 ze-

1959 4437 2190 4507 phyrus.

2032 4528 2117 4582 18.
2165 4526 2309 4582 Hora
2337 4545 2428 4582 xiv
2453 4526 2701 4600 Procyon
2743 4531 2941 4585 oritur.
2985 4528 3297 4600 Hipparcho
3336 4538 3525 4583 vento-

1958 4633 2078 4671 rum
2110 4617 2477 4689 intemperies.

2029 4709 2114 4763 19.
2156 4709 2426 4781 AEgyptiis
2469 4722 2654 4768 mstus.
2699 4712 2899 4768 Caesari
2929 4722 3124 4769 ventus
3149 4713 3524 4772 vehementior

1956 4799 2067 4854 ﬂat.
2099 4799 2412 4871 Hipparcho
2436 4805 2722 4874 aquilones
2748 4803 3032 4874 incipiunt.

2023 4893 2114 4946 ‘20.
2148 4891 2292 4947 Hora
2321 4910 2419 4948 xm
2452 4895 2556 4966 l/2
2583 4910 2677 4950 cor
2702 4894 2900 4951 Leonis
2925 4895 3296 4952 absconditur.

2023 5090 2112 5145 2|.
2167 5088 2310 5144 Hora
2337 5107 2434 5145 xm
2469 5090 2572 5161 1/2
2593 5093 2756 5148 Canis
2785 5102 2838 5148 et
2893 5092 3190 5150 Antecanis
3231 5097 3514 5164 oriuntur;

1958 5182 2142 5234 ultima
2170 5179 2345 5235 Fluvii
2380 5184 2573 5238 oritur.
2607 5183 2874 5255 Aigyptiis
2902 5194 3098 5242 ventus
3126 5197 3177 5241 et
3210 5188 3408 5256 pluvia.
3525 5187 3528 5190 ’

2025 5381 2112 5434 Q2.
2158 5377 2302 5435 Hora
2329 5397 2398 5437 xv
2423 5381 2606 5435 lucida
2641 5380 2820 5438 Persei
2853 5391 3076 5454 vespere
3117 5385 3311 5439 oritur.
3342 5383 3513 5441 Media

1955 5489 2103 5527 zona:
2131 5471 2350 5529 Orionis
2396 5473 2591 5528 oritur.
2630 5473 2900 5546 Egyptiis
2948 5488 3000 5530 et
3031 5475 3287 5531 Dositheo
3332 5486 3518 5534 auster

1955 5581 2074 5618 cum
2103 5573 2258 5623 testu.
2809 5580 2814 5586 '

2023 5657 2109 5710 ‘23.
2155 5655 2297 5712 llora
2343 5673 2433 5740 xiv
2471 5657 2719 5730 Procyon
2765 5660 2978 5736 oritur;
3028 5659 3335 5715 communis
3374 5658 3511 5732 εἰςιξ
