2000 3103
123 137 172 167 901

551 134 734 166 PTOLEH/El
761 136 805 163 DE
823 131 1054 165 A’PPABENTHS
1072 131 1326 162 lNERRANTiUM.

1699 135 1751 162 902

157 196 209 231 xti'.
227 196 297 231 Ὥρᾳ
311 194 377 229 ιγ¹5¹¹
393 196 407 221 6
423 194 470 221 ἐπὶ
487 195 535 230 τῆς
549 195 631 231 οὐρᾶς
647 194 694 221 τοῦ
717 194 828 225 Λέοντος
844 192 909 229 κρύ-

993 191 1039 219 22.
1065 191 1137 219 Hora
1148 199 1196 219 xm
1213 191 1265 226 1/9.
1279 198 1338 226 qum
1354 191 1381 217 in
1397 189 1483 218 cauda
1508 189 1607 220 Leonis
1623 196 1664 219 est
1686 194 1751 221 πει

122 250 217 268 πτετιιι
226 249 232 255 ·
249 242 263 267 6
276 241 401 277 λαμπρὸς
414 241 460 267 τοῦ
481 241 622 276 ’Υδροχόου
635 240 780 267 ἐπιτέλλει.

157 290 210 320 κγ’.
227 287 298 322 "Dp;
327 286 395 321 ty’S”
414 288 427 313 6
449 287 496 313 ἐπὶ
521 287 560 322 τῷ
585 287 663 321 δεξιῷ
683 285 841 321 ἐμπροσθίῳ
865 285 913 320 βα-

120 331 224 367 τραχίῳ
243 331 291 357 τοῦ
313 331 470 367 Κενταύρου
497 331 664 366 κρύπτεται·
690 331 737 358 καὶ
759 331 773 357 ὁ
795 331 841 357 ἐπὶ
864 331 913 365 τῆς

121 379 203 414 οὐρᾶς
218 378 265 404 τοῦ
278 378 392 409 Λέοντος
405 377 565 413 κρύπτεται.
583 378 702 413 Καίσαρι
719 378 888 413 περίστασις.

154 425 202 452 κδ’.
220 425 291 460 Ὣρᾳ
311 423 375 451 ιδ’δη
400 425 415 450 ὀ
430 423 555 460 λαμπρὸς
570 424 617 451 τοῦ
638 424 779 459 ’Υδροχόου
803 422 911 449 ἐπιτέλ-

121 478 170 499 Αει.
187 471 297 506 Εὐδόξῳ
310 471 498 506 ἐπισημαίνει.
718 468 721 471 ”

154 521 205 545 κε’.
223 518 293 553 Ὠρᾳ
318 516 382 544 ts’S"
398 518 412 543 6
427 517 473 543 ἐπὶ
493 517 540 552 τῆς
555 517 637 553 οὐρᾶς
654 516 700 543 τοῦ
718 517 832 548 Λέοντος
846 516 912 553 κρύ-

121 573 232 591 πτεται.

155 613 212 642 κς’.
232 609 302 645 Ὦρᾳ
318 608 387 644 ιγ¹8¹¹
398 609 413 636 ὁ
424 609 549 645 λαμπρὸς
563 608 610 635 τοῦ
619 608 705 635 νοτίου
722 608 823 644 Ἰχθύος
834 607 912 634 ἐσπέ-

120 663 178 689 ριος
200 654 349 681 ἀνατέλλει.
374 654 534 688 Αἰγυπτίοις
554 654 660 689 νότοςῆ
681 653 806 689 ζέφυρος.
823 654 912 688 Δημο-

120 699 206 734 κρίτῳ
218 699 394 735 ἐπισημαίνει
412 698 489 725 ὕδασι
506 699 552 725 καὶ
568 699 689 734 ἀνέμοις.

155 746 208 778 κζ’.
224 746 295 781 “np;
319 745 348 772 ιδ’
371 746 386 772 6
406 745 533 781 λαμπρὸς
551 744 597 771 τοῦ
605 745 747 781 Ὑδροχόου
766 744 908 773 ἐπιτέλλει.

119 791 277 825 Αἰγυπτίοις
295 790 389 826 καῦμα
402 791 450 817 καὶ
464 790 573 826 ὀμίχλη.

150 844 276 874 aequ...

155 884 209 911 xe’.
228 884 299 919 Ὠρᾳ
325 882 388 910 ιδ’8”
404 883 418 909 6
432 883 557 919 λαμπρὸς
571 881 619 910 τοῦ
636 883 764 919 Περσέως
782 882 909 919 ἑσπέριος

118 929 268 957 ἀνατέλλει·
283 930 298 955 6
310 928 435 964 λαμπρὸς
450 928 496 955 τοῦ
510 929 651 965 ’Υδροχόου
667 929 816 956 ἀνατέλλει.
829 930 911 964 Λίγυ-

118 976 217 1008 πτίοις,
245 975 365 1011 Καίσαρι
391 975 566 1010 ἐπισημαίνει
585 983 591 990 ’
621 975 752 1011 δυσαερία
779 975 908 1011 Εὐδόξῳ·

116 1021 231 1057 βρονταὶ
242 1021 337 1048 εἴωθεν
351 1021 385 1047 ⁷⁸.

150 1067 184 1095 λ’.
205 1068 275 1103 Ὠρᾳ
292 1066 356 1094 ιε’5”
384 1068 399 1094 6
415 1067 445 1094 ἐν
466 1067 505 1102 τῷ
522 1066 645 1102 ἑπομένῳ
667 1066 734 1103 ὤμῳ
755 1067 803 1094 τοῦ
823 1067 911 1094 Ἡνιό-

114 1123 163 1148 χου
191 1113 318 1149 ἑσπέριος
342 1113 492 1147 ἀνατέλλει.
519 1113 679 1148 Αἰγυπτίοις
704 1113 837 1150 ζέφυρος,
860 1114 910 1148 ἁρ-

117 1160 230 1195 τάπης.

405 1226 621 1262 Ἐπαγομένων.

151 1305 170 1324 α
181 1318 187 1324 .
208 1296 278 1332 "Dp;
291 1296 355 1324 ts’S"
366 1297 380 1323 6
394 1296 440 1322 ἐπὶ
462 1297 511 1332 τῆς
526 1296 615 1332 Δύρας
627 1296 694 1332 ἑῷος
709 1295 796 1324 δύνει·
813 1297 827 1324 6
840 1297 908 1332 λαμ⁸

113 1343 187 1378 πρὸς
200 1342 247 1369 τοῦ
260 1343 359 1378 ’Ὺδρου
378 1342 521 1369 ἐπιτέλλει.
539 1343 645 1378 Εὐδόξῳ
664 1343 712 1370 καὶ
733 1343 907 1379 Μητροδώρῳ

113 1389 304 1424 ἐπισημαίνει.

151 1435 187 1470 β’.
207 1435 276 1471 Ὠρᾳ
290 1435 353 1462 ιδ’8’¹
367 1436 381 1462 ὁ
398 1435 563 1470 καλούμενος
576 1434 705 1467 Κάνωϐος
723 1435 876 1462 ἐπιτέλλει·
893 1436 907 1462 6

111 1481 243 1517 λαμπρὸς
257 1481 303 1508 τοῦ
320 1482 405 1508 νοτίου
428 1481 528 1516 Ἰχθύος
549 1481 674 1515 ἑσπέριος
694 1480 843 1508 ἀνατέλλει.
858 1482 905 1508 Λί-

109 1528 243 1561 γυτπίοις
257 1527 360 1563 καῦμα.
375 1527 490 1562 Εὐδόξῳ,
511 1527 629 1563 Καίσαρι
640 1527 827 1563 ἐπισημαίνει.
849 1527 905 1555 Ἱπ-

107 1574 215 1609 πάρχῳ
227 1573 312 1606 νότος,
331 1574 377 1600 καὶ
388 1574 495 1609 ἐτησίαι
510 1574 651 1601 παύονται.

150 1623 187 1653 γ’.
205 1620 276 1656 ’Ὡρᾳ
310 1620 377 1654 ιγ’8”
397 1621 502 1655 Στάχυς
523 1620 681 1656 κρύπτεται.
700 1620 771 1656 Ὣρᾳ.
795 1620 860 1647 te'S”
888 1621 903 1646 6

108 1666 162 1692 ἐπὶ
181 1666 231 1701 τῆς
254 1666 373 1702 κεφαλῆς
397 1666 443 1693 τοῦ
469 1666 581 1697 Λέοντος
595 1666 738 1693 ἐπιτέλλει.
762 1666 903 1702 Ἱππάρχῳ

107 1713 162 1739 ἁνὲ
166 1721 225 1747 μων
241 1713 391 1749 συστροφή.

146 1759 181 1785 δ’.
197 1759 314 1794 Ὤρᾳ...,
333 1759 347 1785 6
359 1758 405 1785 ἐπὶ
417 1758 466 1794 τῆς
480 1758 563 1794 οὐρᾶς
576 1758 622 1785 τοῦ
637 1758 748 1790 Λέοντος
759 1759 901 1787 ἐπιτέλλει.

106 1804 252 1839 Κιλίππῳ
269 1804 455 1839 ἐπισημαίνει.

145 1854 181 1877 ε’.
201 1851 270 1887 Ὧρᾳ
297 1850 361 1878 ιεέν
375 1852 389 1877 6
402 1850 526 1887 λαμπρὸς
538 1849 585 1877 τοῦ
601 1850 725 1886 Ὄρνιθος
741 1850 808 1886 ἑῷος
819 1851 901 1879 δύνει.

107 1899 273 1933 Αἰγυπτίοις
290 1899 416 1935 ζέφυρος,
435 1898 580 1934 ἀργέστης.

394 1986 459 2019 Qua;
472 1991 613 2021 sequuntur
628 1985 729 2013 utiliter
743 1985 776 2013 ab
791 1986 845 2013 alio
861 1994 939 2022 quam

154 2076 188 2103 Ἤ
206 2076 253 2111 μὲν
264 2073 309 2103 οὗν
326 2075 482 2111 ἀναστροφὴ
496 2074 543 2101 τοῦ
558 2075 704 2111 προχείρου
719 2075 798 2111 χάριν
814 2074 903 2101 τοιαῦ-

108 2132 165 2159 της
177 2122 255 2157 ἔτυχε
269 2121 320 2157 τῆς
336 2121 405 2148 κατὰ
417 2121 466 2155 τὴν
478 2120 586 2147 ἔκθεσιν
600 2120 704 2152 τάξεως
715 2129 721 2136 ·
740 2120 790 2147 οὐκ
804 2121 903 2147 ἄτοπον

108 2170 139 2196 δὲ
156 2169 230 2200 ἴσως,
244 2168 291 2194 καὶ
313 2166 602 2202 συγκεφαλαιώσασῦαι
622 2167 676 2193 τῶν
698 2166 903 2202 κατατεταγμέ-

109 2224 168 2243 νων
189 2214 314 2241 ἀπλανῶν
341 2214 462 2250 ἀστέρων
476 2214 498 2229 ⁷⁷
521 2214 590 2249 μετὰ
604 2214 705 2240 τούτων
726 2214 902 2249 συνηγμένων

108 2261 224 2296 φάσεων
241 2259 308 2295 πρὸς
322 2259 431 2294 ἔλεγχον
450 2258 503 2285 τῶν
521 2258 550 2284 ἐν
568 2260 627 2289 ταῖς
646 2260 794 2294 γραφιχαῖς
813 2259 903 2294 ἁμαρ-

108 2309 186 2338 τίαις
206 2305 511 2343 παραλειφοησομένων,
527 2305 573 2331 καὶ
587 2304 644 2330 ἔστι
659 2304 682 2319 ⁷⁸
697 2304 750 2330 τῶν
763 2304 813 2336 τὰς
825 2313 904 2339 περι-

109 2354 224 2384 στάσεις
241 2351 494 2387 ἐπισημαινομένων
510 2350 623 2385 ἀνδρῶν.
640 2350 670 2375 ἐν
689 2346 732 2381 αἷς
749 2357 779 2375 τε
800 2349 903 2384 χώραις

108 2402 217 2427 ἕκαστα
236 2399 398 2433 τυγχάνουσι
418 2396 615 2432 τετηρηκότες·
635 2395 677 2421 ἵνα
700 2397 757 2427 ταῖς
774 2396 838 2430 περὶ
854 2396 902 2431 τὴν

109 2446 201 2480 αὐτὴν
217 2443 384 2480 παράλληλον
401 2442 449 2474 τὰς
470 2442 566 2477 ὁμοίας
580 2442 634 2469 τῶν
653 2440 813 2476 ἁφορισμῶν
828 2442 850 2457 ⁷⁹
863 2443 902 2467 οἱ·

110 2501 145 2518 κε
152 2491 252 2526 ιότερόν
266 2499 323 2522 πως
338 2487 538 2525 ἐφαρμὸξωμεν

153 2581 249 2607 Εἰσὶδὲ
266 2580 319 2607 τῶν
333 2579 454 2615 ἀστέρων
471 2578 578 2615 πρώτου
595 2578 726 2615 μεγέθους
746 2584 786 2604 ιε’.

158 2627 189 2653 ’0
200 2626 364 2661 καλούμενος
376 2625 424 2658 Αἴξ
432 2633 438 2640 ·
448 2626 461 2651 6
473 2625 598 2660 λαμπρὸς
609 2625 659 2661 τῆς
670 2624 769 2659 Δύρας·
779 2622 902 2658 Ἀρκτοῦ-

113 2681 181 2710 ρος·
197 2674 210 2699 6
228 2673 273 2699 ἐπὶ
293 2672 342 2707 τῆς
363 2672 446 2707 οὐρᾶς
469 2670 516 2697 τοῦ
538 2671 667 2702 Λέοντος·
682 2671 696 2697 6
710 2668 834 2705 λαμπρὸς
849 2668 903 2695 τῶν

119 2720 241 2747 ’Υάδωψ
268 2717 411 2756 Προκύων·
440 2717 454 2744 ό
483 2718 512 2743 ἐν
542 2717 581 2752 τῷ
610 2715 734 2751 ἑπομένῳ
761 2715 828 2751 ὤμῳ
855 2713 902 2741 τοῦ

120 2766 249 2802 Ὠρίωνος
261 2773 268 2781 ·
283 2766 297 2791 6
318 2764 422 2800 Στάχυς
434 2772 441 2779 ·
457 2765 471 2791 ὁ
497 2762 584 2795 κοινὸς
605 2762 731 2798 Ποταμοῦ
757 2760 803 2789 καὶ
824 2762 903 2793 ποδὸς

153 2853 177 2870 ⁷³
190 2853 210 2888 f.
223 2853 315 2880 ἕωθεν.
352 2852 374 2869 ⁷⁷
390 2850 515 2879 illcndosa
528 2851 578 2879 ista
594 2854 667 2879 sunt.
686 2850 776 2885 Deest,
792 2850 915 2887 ἀριθμόν.

964 238 1107 270 conditur;
1123 237 1212 264 lucida
1224 237 1336 272 Aquarii
1351 237 1449 265 oritur.

998 282 1044 310 25.
1065 282 1138 309 Hora
1169 290 1218 309 xur
1235 282 1287 317 1/2
1305 290 1366 317 qua:
1398 282 1431 310 ad
1447 282 1573 309 dextrum
1588 284 1751 311 anteriorem

963 328 1118 356 musculum
1131 327 1275 360 Centauri,
1290 328 1436 359 conditur:
1454 336 1515 363 qua:
1534 329 1559 356 in
1582 329 1670 356 cauda
1685 329 1752 358 Leo-

962 372 1006 400 nis
1019 376 1061 400 est
1079 373 1242 399 occultatur.
1262 372 1362 400 Cmsari
1382 372 1455 400 aeris
1471 373 1589 400 allectio.

997 417 1041 444 24.
1055 416 1127 444 Hora
1141 425 1185 444 xlv
1201 416 1253 443 ΗΞ
1268 417 1342 444 clara
1360 417 1441 445 stella
1453 418 1567 453 Aquarii
1579 419 1679 446 oritur.
1698 417 1752 446 Eu-

962 463 1034 491 doxo
1049 463 1195 499 significat.

997 510 1043 537 25.
1061 509 1133 537 Hora
1153 519 1187 537 xv
1200 510 1253 546 1/2
1269 517 1329 545 qua:
1340 510 1367 537 in
1385 511 1471 538 cauda
1487 511 1586 540 Leonis
1606 511 1752 539 estoceul-

962 560 1047 583 tatur.

997 600 1042 627 26.
1058 599 1128 627 llora
1145 607 1195 627 xm
1210 600 1261 636 1/2
1275 601 1366 629 lucida
1387 599 1477 630 Piscis
1488 602 1617 630 australis
1638 610 1751 638 vespere

961 645 1059 673 oritur.
1079 645 1216 681 [Egyptiis
1239 651 1342 678 auster,
1367 647 1408 674 vel
1434 647 1570 676 favonius.
1595 647 1750 676 Democrito

962 692 1098 728 significat
1113 693 1213 728 pluviis
1229 697 1257 721 et
1274 693 1372 721 ventis.

995 738 1040 765 27.
1066 738 1137 766 Hora
1162 746 1208 766 xw
1228 738 1320 767 lucida
1345 739 1459 774 Aquarii
1482 740 1580 768 oritur.
1614 740 1750 777 rEgyptiis

959 788 1045 812 :estus
1063 789 1090 812 et
1105 785 1214 813 nebula.

923 873 946 901 Β
997 877 1043 905 29.
1057 867 1130 905 Hora
1143 885 1189 905 xlv
1197 875 1210 904 ί
1218 878 1249 905 l2
1257 877 1347 906 lucida
1355 877 1448 906 Persei
1462 885 1575 914 vespere
1585 880 1684 907 oritur.
1694 879 1750 908 Lu-

961 924 1021 952 cida
1034 924 1146 960 Aquarii
1167 924 1266 952 o'ritur.
1283 924 1421 960 Egyptiis
1437 929 1464 952 ct
1480 925 1582 953 Caesari
1600 926 1747 962 signiﬁcat.

961 970 1040 998 Aeris
1053 971 1228 1006 intemperies
1241 970 1372 1004 Eudoxo;
1391 971 1510 999 tonitrua
1528 973 1663 1001 matutino
1679 977 1748 1001 tem-

961 1025 1038 1052 pore.

995 1062 1040 1090 50.
1063 1062 1135 1090 Hora
1155 1071 1189 1090 xv
1204 1063 1256 1098 ιβ
1265 1071 1325 1098 quae
1336 1063 1363 1090 in
1387 1063 1552 1092 succedente
1571 1063 1686 1093 humero
1703 1066 1748 1094 'est

960 1108 1092 1137 Heniochi
1120 1116 1233 1144 vespere
1266 1109 1366 1136 oritur.
1402 1108 1539 1145 Eg3pliis
1570 1109 1696 1139 favonius
1720 1116 1748 1139 ct

960 1161 1071 1182 caurus.

1258 1221 1442 1257 Epagomemt.

994 1290 1021 1318 1.
1034 1286 1105 1317 Hora
1117 1298 1151 1317 xv
1168 1289 1220 1325 1/2
1229 1297 1288 1325 qua:
1302 1290 1328 1317 in
1344 1290 1425 1325 Lyra.
1435 1297 1515 1318 mane
1523 1290 1639 1325 occidit;
1658 1292 1746 1319 lucida

959 1334 1042 1372 llydrl
1059 1335 1155 1363 oritur.
1174 1334 1286 1362 Eudoxo
1302 1339 1329 1362 et
1347 1335 1504 1362 Metrodoro
1518 1336 1666 1371 significat.

991 1425 1018 1452 2.
1032 1424 1105 1452 Hora
1119 1423 1224 1460 xlvi/2
1233 1425 1471 1458 Cauobusoritur;
1488 1425 1578 1453 lucida
1592 1426 1680 1454 Piscis
1697 1433 1744 1454 au-

957 1472 1051 1500 stralis
1070 1473 1225 1507 vespertina
1242 1473 1342 1499 oritur.
1359 1473 1497 1509 Egyptiis
1509 1478 1602 1501 aestus.
1619 1474 1743 1506 Eudoxo,

957 1517 1059 1546 Caesari
1068 1517 1372 1554 significatJlipparcho
1382 1523 1474 1547 auster
1489 1523 1515 1547 ct
1524 1520 1615 1547 etesia:
1623 1525 1742 1548 cessant.

992 1618 1018 1646 5.
1036 1617 1108 1646 Hora
1117 1626 1166 1645 xul
1176 1618 1227 1654 1/2
1237 1617 1317 1654 Spica
1328 1619 1443 1647 celatur.
1453 1618 1522 1647 Hora
1538 1627 1571 1647 xv
1580 1619 1632 1654 1/2
1640 1628 1700 1655 quae
1716 1620 1742 1647 in

957 1665 1046 1700 capite
1060 1670 1103 1694 est
1117 1665 1217 1694 Leonis
1242 1667 1340 1695 oritur.
1360 1667 1516 1703 Hipparcho
1531 1673 1673 1696 ventorum
1689 1674 1743 1695 tur-

957 1713 1046 1742 bines.

992 1759 1019 1787 4.
1036 1757 1108 1787 Hora
1126 1779 1132 1787 .
1153 1781 1160 1787 .
1179 1781 1186 1788 .
1204 1781 1212 1788 .
1229 1769 1289 1797 quae
1303 1762 1330 1789 in
1353 1762 1439 1790 cauda
1460 1761 1558 1790 Leonis
1579 1768 1621 1790 est
1643 1763 1741 1790 oritur.

956 1806 1070 1841 Calippo
1085 1805 1232 1841 signiﬁcat.

989 1852 1016 1880 5.
1035 1851 1108 1879 Hora
1122 1859 1156 1878 xv
1171 1852 1223 1887 1/2
1236 1852 1327 1880 lucida
1345 1852 1430 1888 Cygni
1443 1860 1522 1880 mane
1532 1853 1643 1881 occidit.
1659 1851 1741 1889 Egyo

955 1898 1020 1933 ptiis
1035 1898 1172 1932 favonius,
1189 1906 1299 1927 caurus.

957 1985 1135 2021 Hemerologii
1146 1987 1272 2021 scriptore
1285 1990 1376 2013 notata
1394 1992 1466 2013 sum.

992 2074 1049 2102 Hoc
1066 2072 1147 2110 igitur
1161 2074 1314 2110 exponendi
1337 2074 1444 2106 ordine,
1464 2077 1493 2101 ut
1509 2073 1535 2101 in
1550 2078 1677 2110 promptu
1697 2082 1739 2102 cs-

956 2126 1027 2154 sent,
1047 2122 1104 2149 suis
1125 2129 1239 2157 quaeque
1255 2122 1323 2149 locis
1345 2119 1452 2149 reddita
1478 2121 1543 2149 sint.
1562 2121 1615 2149 Nec
1639 2121 1739 2149 absur-

954 2166 1018 2193 dum
1030 2166 1137 2194 videtur
1148 2174 1282 2194 summam
1298 2166 1427 2202 colligere
1445 2171 1502 2194 tmn
1514 2166 1654 2195 stellarum
1667 2167 1740 2195 iner-

954 2212 1072 2240 rantium
1092 2221 1152 2248 qua:
1166 2213 1327 2248 perccnsita:
1343 2218 1426 2247 sunt;
1443 2218 1499 2241 tum
1516 2214 1738 2248 apparentiarmn

954 2266 1014 2293 qua:
1028 2266 1090 2286 cum
1105 2259 1201 2287 iisdem
1218 2263 1383 2290 memoratae,
1403 2264 1431 2285 ιιι
1447 2260 1468 2287 si
1482 2260 1549 2294 quid
1564 2260 1739 2300 librariorum

955 2305 1035 2340 culpa
1058 2305 1269 2340 przetermissum
1294 2306 1339 2338 sit,
1365 2306 1451 2341 possit
1477 2306 1585 2340 agnosci
1604 2306 1658 2333 :ad
1681 2306 1739 2333 hatc

955 2358 1096 2377 auctorum
1116 2351 1195 2378 etiam
1213 2351 1334 2383 nomina,
1351 2351 1396 2386 qui
1414 2351 1475 2378 illas
1490 2355 1643 2386 temporum
1660 2356 1739 2379 nota-

955 2397 1042 2424 tiones
1063 2397 1244 2424 observarunt
1259 2407 1265 2424 :
1280 2401 1337 2424 tum
1355 2397 1454 2432 quibus
1475 2397 1501 2424 in
1520 2397 1588 2424 locis
1610 2398 1738 2432 explora-

953 2446 1018 2470 runt
1032 2442 1137 2477 singula
1153 2452 1160 2476 ;
1176 2447 1204 2469 ut
1217 2443 1251 2470 ad
1273 2451 1320 2470 eas
1335 2443 1551 2474 observationes,
1573 2452 1634 2479 qua:
1650 2444 1737 2472 eidem

954 2488 1084 2522 parallelo
1099 2492 1264 2523 congruunt,
1286 2488 1494 2516 accommodare
1513 2489 1617 2517 similes
1639 2489 1737 2517 melius

954 2535 1099 2569 aptiusque
1114 2534 1262 2568 possimus.

989 2580 1058 2608 Sunt
1073 2581 1155 2616 igitur
1168 2581 1253 2608 stella:
1263 2580 1357 2616 prima:
1370 2581 1566 2616 magnitudinis
1579 2590 1623 2609 xv.

988 2626 1115 2660 Capella;
1134 2626 1224 2653 lucida
1242 2626 1334 2662 Lyra';
1349 2626 1502 2660 Arcturus;
1519 2635 1579 2662 quae
1597 2628 1624 2654 in
1648 2628 1737 2655 cauda

954 2670 1052 2699 Leonis
1070 2677 1126 2705 est;
1149 2671 1238 2699 lucida
1258 2672 1440 2705 Sueuiarum;
1461 2671 1602 2708 Procyon;
1629 2682 1689 2708 qua:
1708 2675 1735 2700 in

954 2717 1116 2744 succedente
1129 2720 1171 2744 est
1188 2716 1296 2744 Orionis
1319 2717 1453 2749 humero;
1476 2716 1571 2751 Spica;
1584 2718 1739 2746 communi;

954 2761 1040 2790 Fluvii
1054 2769 1080 2790 et
1093 2762 1169 2797 pedis
1182 2762 1307 2796 Orionis;
1320 2762 1419 2796 Canis;
1436 2763 1525 2791 liuida
1543 2764 1608 2791 notii
1632 2763 1737 2796 Piscis;

954 2852 977 2867 ⁷⁸
991 2851 1008 2886 ί.
1027 2852 1076 2879 ἔτι.
1114 2852 1136 2868 ⁷⁸
1154 2852 1174 2886 f.
1193 2851 1402 2887 ἀφωρισμένων.
