3918 6216
136 2151 224 2191 PB.

1243 173 1607 230 ΡΤοιΕΜΑΞι
1649 173 1734 228 DE
1772 174 1946 229 APPA
1957 173 2242 230 RENTIIS.

1796 174 1946 229 IPPA
1957 173 2242 230 RENTIIS.
3239 178 3343 236 900

1057 534 1193 664 C.
1296 537 1437 660 L.
1569 537 2412 662 PTOLEMKEI

862 794 1380 857 NERRANTIUM
1442 794 1533 856 ST
1541 793 1918 855 ELLARUM
1978 794 2687 871 SIGNIFICATIONES,

960 990 1076 1048 Per
1106 981 1429 1046 Nicolaum
1462 982 1805 1046 Leonicum
1839 1001 1871 1046 θ
1903 983 2118 1046 Graeco
2149 981 2484 1044 translatae.
3185 1008 3256 1065 Δι

623 1352 727 1429 54
756 1354 1158 1416 nummus.

349 1491 440 1547 Sol
475 1492 674 1548 elevari
709 1491 944 1569 incipit,
970 1491 1302 1562 iongiusculi
1351 1491 1487 1547 ﬁunt
1530 1491 1647 1547 dies
1673 1531 1687 1557 ,

419 1585 612 1655 Aquila
643 1593 695 1641 et
725 1585 903 1641 Coron
966 1583 1221 1639 occidunt
1242 1623 1256 1650 ,
1285 1590 1695 1656 tempestatem-

415 1693 522 1748 que
549 1677 803 1733 eﬁiciunt.

348 1766 440 1822 Sol
472 1767 645 1839 magis
671 1759 948 1832 ascendit‘,
974 1764 1170 1822 Cancri
1198 1765 1432 1823 medium
1455 1766 1691 1833 occidit,

415 1861 665 1930 ventique
696 1867 922 1930 ponunt.

346 1950 630 2020 Reliquum
659 1950 850 2005 Cancri
883 1950 1112 2016 occidit,
1146 1957 1200 2006 et
1230 1949 1416 2005 varius
1450 1947 1598 2004 aeris
1633 1946 1690 2002 ﬁt

420 2042 598 2098 ﬁatus.

352 2131 536 2192 Hiems
569 2134 851 2191 dimidiata
873 2175 888 2200 ,
923 2133 1219 2205 Aquilones
1251 2130 1534 2197 continui,
1567 2130 1693 2185 Delo

415 2229 613 2299 phinus
647 2242 768 2282 cum
806 2224 953 2281 Cane
980 2225 1155 2280 oritur
1184 2223 1478 2278 matutino.

134 2319 295 2376 NON.
346 2318 588 2377 Fidicula
617 2319 888 2384 exoritur,
916 2317 1103 2388 Aquila
1131 2316 1363 2381 occidit,
1393 2312 1691 2384 Delphinus

130 2504 250 2559 viii.

132 2593 234 2648 vii.

129 2771 215 2828 vi.

126 3064 196 3104 τ.
208 3050 242 3117 ’Τ

132 3144 216 3200 iv.

131 3234 223 3289 iii.

137 3507 230 3562 ID.

141 3691 254 3746 xix.

416 2420 561 2467 totus
585 2410 845 2481 emergit,
868 2416 1258 2478 ventorumque
1286 2405 1342 2460 ﬁt
1367 2419 1687 2460 concursus.

358 2503 550 2574 Aquila
576 2487 795 2572 vesperi.
815 2500 1013 2556 occidit
1033 2541 1047 2565 ,
1079 2497 1171 2552 ﬁat
1200 2498 1417 2554 Auster.

1721 1361 1766 1416 A

1795 1352 1866 1408 vi.

1794 1645 1846 1687 ν.

1792 1722 1865 1775 iv.

1791 2103 1876 2142 PR.

1791 2406 1860 2459 K.

340 2591 750 2662 Septentriones
801 2597 856 2644 et
885 2589 1082 2658 Aquilo
1112 2587 1458 2643 vehementer
1499 2583 1689 2639 ﬂantes
1790 2585 1861 2638 iv.

415 2689 772 2740 concurrunt.

352 2772 538 2828 Martis
566 2772 897 2828 domicilium
920 2811 935 2836 ,
967 2772 1164 2826 Auster
1206 2779 1262 2824 et
1302 2766 1574 2821 Favonius
1617 2763 1692 2818 si-

414 2865 526 2919 mul
555 2863 720 2930 ﬂant,
753 2863 1117 2934 Capricornus
1148 2873 1422 2931 emergere
1463 2857 1688 2928 incipit,

413 2957 594 3028 pluvia
619 2957 781 3012 simul
809 2965 863 3012 et
893 2957 1066 3027 caligo
1093 2952 1427 3024 vespertino.

359 3047 554 3105 Auster
581 3048 676 3104 ﬁat
706 3064 829 3104 cum
858 3050 1061 3120 pluvia.

347 3139 568 3197 Pluvius
599 3141 690 3196 ﬁat
717 3143 916 3196 Auster
944 3141 1251 3196 violentior.

357 3232 664 3304 Septentrio
697 3233 878 3306 multo
921 3232 1093 3288 imbre
1139 3238 1191 3287 et
1235 3243 1430 3300 aspera
1480 3235 1687 3298 tempe-

415 3333 554 3381 state
581 3325 690 3379 ﬁat.

351 3417 549 3474 Auster
580 3419 767 3490 spirat.

339 3505 558 3564 Astrum
590 3509 913 3573 obscurum,
945 3507 1119 3578 prima
1152 3504 1273 3559 Mali
1305 3519 1429 3575 pars
1457 3503 1686 3571 occidit,

415 3610 578 3656 noctu
607 3602 766 3656 etiam
798 3601 953 3672 pluit.

348 3692 567 3749 Astrum
606 3695 899 3749 obscurum
928 3735 943 3761 ,
1000 3692 1144 3746 varia
1186 3690 1470 3762 Aquilonis
1498 3696 1552 3744 et
1589 3687 1689 3742 Se-

413 3787 736 3856 ptentrionis
787 3786 1188 3852 inconstantia;
1247 3783 1356 3838 Leo
1417 3780 1682 3837 occultari

414 3878 600 3948 incipit
623 3896 637 3945 ;
671 3878 862 3948 pluvia:
894 3876 1048 3932 ﬁunt.

141 3967 292 4024 xviii.
345 3968 646 4038 Septentrio
673 3977 726 4023 et
758 3968 952 4038 Aquilo
985 3968 1332 4023 vehementes
1358 3964 1515 4020 ﬁant.

141 4059 272 4114 xvii.

143 4153 252 4207 xvi.

143 4357 232 4398 ιν.

145 4613 254 4668 xiv.

143 4703 259 4759 xiii.

148 4886 241 4941 xii.

145 5071 222 5128 xi.

143 5181 200 5218 ι.

147 5257 219 5309 ix.

145 5439 257 5492 viii.

152 5539 240 5582 νη.

346 4058 437 4114 801
468 4059 523 4113 in
555 4060 791 4130 Aquario
812 4101 826 4124 ,
859 4057 1157 4114 Vulturnus
1187 4073 1308 4111 cum
1343 4058 1545 4126 pluvia.

342 4153 580 4210 Fidicula
606 4154 853 4209 occidere
879 4153 1064 4221 incipit
1093 4153 1376 4214 matutino,
1399 4155 1688 4204 ventorum

418 4263 717 4304 concursus
747 4246 896 4300 ﬁunt.

352 4340 458 4397 Leo
479 4349 531 4396 et
556 4340 849 4411 Delphinus
868 4336 1133 4391 matutino
1156 4335 1410 4391 occidunt
1433 4355 1444 4390 :
1469 4334 1686 4405 Aquilo,

418 4429 725 4503 Septentrio
761 4437 816 4484 et
853 4429 1051 4484 Auster
1075 4436 1440 4494 concurrunt,
1472 4426 1694 4498 pluvia:-

414 4537 517 4592 que
548 4521 700 4576 ﬁunt.

340 4610 646 4668 ‘Conversio
688 4617 742 4666 et
777 4611 970 4666 hiemis
1001 4609 1259 4665 medium.

355 4702 546 4773 Aquilo
578 4703 667 4757 ﬁat
699 4714 750 4758 et
779 4704 995 4766 Auster,
1031 4701 1267 4756 medium
1303 4699 1504 4756 Cancri
1532 4699 1691 4755 occi-

417 4795 524 4862 dit,
556 4796 825 4866 Aquarius
857 4808 1130 4865 emergere
1160 4792 1373 4862 incipit.

345 4887 616 4958 Aquarius
661 4893 804 4942 totus
847 4887 1108 4956 emergit,
1138 4884 1354 4948 AEricus
1397 4883 1603 4953 spirat,
1637 4890 1691 4937 et

417 4980 573 5051 pluit.

356 5071 598 5126 Fidicula
614 5086 736 5128 cum
751 5071 958 5126 Cancro
973 5069 1198 5136 occidit,
1221 5077 1273 5123 et
1297 5067 1504 5139 vesperi
1525 5065 1683 5137 pluit.

351 5163 545 5234 Aquilo
575 5163 667 5219 ﬁat
699 5181 819 5220 cum
853 5166 1056 5236 pluvia.

352 5255 562 5310 Hiemat
600 5257 755 5322 dies,
801 5257 1162 5313 vehementius
1210 5253 1339 5308 ﬁant
1382 5251 1584 5323 Aquilo
1633 5258 1686 5306 et

418 5346 737 5403 Vulturnus.

353 5439 668 5511 Tempestas
695 5439 976 5505 turbidior,
1009 5439 1169 5494 iidem
1196 5439 1326 5493 ﬁant
1352 5439 1517 5494 venti.

359 5530 570 5584 Iliemat
597 5531 711 5586 dies
729 5571 743 5594 ,
773 5531 932 5585 iidem
963 5529 1092 5584 ﬂant
1117 5530 1292 5595 venti,
1317 5528 1558 5585 Fidicula
1589 5543 1689 5586 oc-

421 5620 598 5675 cidere
631 5620 835 5690 incipit.

457 5713 719 5773 Pnnoc.
761 5712 876 5772 Gn.
914 5713 1083 5774 XIX.

1723 2709 1762 2763 Β

1721 5398 1765 5452 1)

1791 2678 1866 2730 iii.

1790 2875 1873 2915 PR.

1789 3043 1946 3102 NON.

1789 3228 1905 3285 viii.

1789 3319 1883 3373 vii.

1789 3410 1860 3464 vi.

1789 3519 1842 3557 ν.

1788 3597 1859 3652 iv.

1791 3889 1873 3927 PR.

1791 3961 1876 4015 ID.

1715 4052 1754 4108 C
1790 4054 1896 4106 xvi.

1794 4254 1880 4290 XV.

1793 4329 1900 4382 xiv.

1796 4419 1909 4474 xiii.

1794 4603 1888 4658 xii.
1914 4647 1920 4652 .

1795 4785 1868 4838 xi.

1796 4893 1848 4931 Χ.

1799 5429 1910 5485 viii.

1795 5521 1888 5576 vii.

1795 5617 1866 5672 vi.

2010 1351 2268 1407 Austrum
2310 1351 2515 1408 clarum
2553 1355 2603 1408 in
2630 1364 2844 1427 pectore
2877 1357 3071 1416 Leonis
3101 1364 3346 1421 occidere

2077 1445 2293 1516 incipit,
2321 1444 2560 1501 Fidicula
2584 1452 2792 1520 vesperi
2818 1452 3050 1518 occidit,
3078 1455 3166 1509 ﬁat
3190 1458 3348 1527 Aqui-

2069 1539 2156 1604 lo,
2188 1545 2242 1592 et
2273 1537 2539 1592 interdum
2572 1541 2729 1609 pluit.

2013 1627 2308 1684 Ventorum
2342 1644 2642 1688 concursus
2675 1648 2796 1688 cum
2828 1636 3063 1692 nivibus.

2012 1719 2307 1791 Delphinus
2342 1722 2590 1778 occidere
2624 1725 2834 1797 incipit.

2004 1808 2250 1865 Fidicula
2291 1812 2437 1865 circa
2481 1814 2708 1883 primam
2751 1817 2918 1873 facem
2954 1830 3105 1892 parte
3139 1823 3219 1877 sui
3252 1838 3346 1878 oc-

2068 1900 2248 1956 cidere
2288 1900 2511 1974 incipit,
2540 1907 2826 1965 vehemens
2857 1910 2947 1966 ﬁat
2990 1914 3183 1983 Aquilo
3222 1931 3322 1967 can

2068 1993 2257 2049 imbre.

2004 2087 2209 2143 Imbres
2234 2102 2359 2144 cum
2389 2091 2607 2146 nivibus
2638 2094 2880 2163 permisti
2908 2095 3145 2149 cadunt.

2468 2202 2658 2257 XXXI.

2337 2294 2796 2352 FEBRUARIUS.

2007 2403 2310 2462 Obscurum
2353 2416 2561 2464 astrum
2607 2419 2862 2480 apparet,
2902 2391 3097 2468 Auster
3128 2421 3181 2468 et
3212 2413 3345 2468 Vul-

2065 2504 2263 2552 turnus
2294 2495 2444 2553 ﬁant.
2484 2499 2726 2555 Fidicula
2755 2504 3003 2559 occidere
3033 2505 3239 2576 incipit.

2007 2585 2114 2642 Aer
2141 2601 2364 2643 crassus
2392 2599 2505 2651 est,
2537 2589 2811 2647 Favonius
2838 2591 2966 2648 ﬂare
2998 2595 3204 2665 incipit.

2013 2676 2244 2733 Medium
2290 2679 2486 2736 Leonis
2533 2696 2657 2735 cum
2708 2681 2948 2738 Fidicula
2985 2689 3214 2753 occidit,
3250 2690 3347 2743 Se-

2068 2757 2405 2842 ptentriones
2437 2781 2490 2830 et
2518 2774 2714 2846 Aquilo
2744 2774 2898 2830 ﬁant.

2001 2861 2298 2933 Delphinus
2324 2866 2522 2920 occidit
2540 2907 2556 2933 ,
2586 2866 2784 2923 Auster
2811 2871 3020 2940 vesperi
3056 2871 3345 2928 violentior

2068 2957 2126 3010 lit
2139 2997 2154 3022 ,
2187 2965 2240 3012 et
2267 2958 2423 3028 pluit.

2000 3046 2146 3102 Zona
2182 3046 2402 3106 Orionis
2433 3053 2685 3124 emergit,
2716 3053 2967 3111 turbidus
2999 3064 3080 3111 est
3114 3072 3208 3112 aer
3237 3055 3341 3112 Fa-

2067 3140 2211 3194 vonii
2243 3138 2391 3196 ﬁatu.

2002 3227 2244 3285 Fidicula
2273 3232 2498 3298 occidit,
2531 3245 2584 3291 et
2613 3235 2880 3293 Favonius
2909 3240 2976 3292 ab
3007 3255 3201 3295 occasu
3232 3241 3342 3298 ﬂat.

2001 3319 2156 3376 Veris
2188 3321 2400 3378 initium
2426 3363 2440 3390 ,
2478 3323 2750 3384 Favonius
2782 3330 2972 3399 spirat.
3348 3343 3350 3345 ‘

2011 3409 2282 3468 Favonius
2309 3422 2363 3468 et
2391 3415 2585 3486 Aquilo
2617 3419 2840 3488 spirant.

2005 3500 2314 3558 Obscurum
2343 3516 2550 3561 astrum
2575 3549 2587 3571 ,
2619 3513 2845 3581 emergit
2875 3511 3165 3582 Aquarius.

2007 3599 2312 3672 Septentrio
2336 3618 2459 3658 cum
2487 3603 2723 3660 Favonio
2749 3604 2859 3668 ﬁat,
2887 3605 3155 3662 interdum
3181 3608 3343 3664 etiam

2067 3693 2225 3761 pluit.

2004 3781 2339 3844 Subsolanus
2368 3787 2535 3857 Spirat
2556 3827 2570 3851 .
2599 3795 2653 3841 ct
2682 3787 2947 3844 Arcturus
2975 3789 3168 3844 oritur.

1997 3875 2292 3932 Ventorum
2327 3893 2626 3934 concursus
2656 3887 2708 3932 et
2744 3895 2942 3950 pugna.

1987 3963 2306 4035 Sagittarius
2330 3968 2535 4036 vesperi
2561 3966 2787 4031 occidit,
2819 3975 3110 4038 tempestas
3133 3983 3344 4039 aspera.

1990 4055 2179 4110 Crater
2222 4059 2430 4128 vesperi
2476 4059 2648 4112 oritur
2674 4066 2748 4124 et,
2780 4061 3123 4116 commutatis
3152 4064 3344 4130 ventis,

2069 4157 2287 4218 superat
2316 4149 2530 4205 Auster.

2007 4237 2097 4292 Sol
2133 4241 2185 4293 in
2220 4241 2493 4310 piscibus,
2526 4241 2727 4297 hiemat
2762 4258 2874 4298 aer.

2003 4327 2307 4400 Septentrio
2337 4331 2429 4385 ﬁat
2459 4343 2582 4386 cum
2614 4333 2834 4388 Austro.
2868 4332 2957 4388 Sol
2987 4349 3180 4392 novus.

1994 4418 2158 4491 Virgo
2180 4423 2380 4478 occidit
2403 4423 2554 4492 juxta
2584 4422 2856 4479 Geminos.
2886 4424 3080 4482 Auster
3107 4425 3194 4480 ﬁat
3222 4441 3345 4482 cum

2072 4512 2308 4568 Favonio
2336 4523 2389 4568 et
2419 4500 2704 4584 Aquilone.

2000 4603 2104 4674 55
2131 4604 2302 4661 Malus
2350 4608 2559 4676 vesperi
2590 4607 2808 4664 occidit.
2841 4607 3111 4665 Favonius
3151 4611 3342 4680 spirat,

2071 4704 2125 4748 et
2154 4691 2319 4768 Virgo
2348 4698 2596 4753 occidere
2635 4698 2843 4770 incipit.

1985 4785 2290 4858 Septentrio
2317 4801 2368 4844 et
2392 4790 2588 4847 Auster
2609 4790 2738 4846 ﬁant
2774 4812 2786 4846 :
2825 4792 2995 4850 Malus
3019 4795 3342 4849 occultatur.

1991 4880 2188 4950 Aquilo
2223 4883 2501 4951 pluviosus
2536 4885 2726 4954 spirat.
2763 4885 2872 4941 Leo
2917 4887 3136 4942 occidit.
3173 4888 3344 4956 Aqui-
3380 4879 3385 4885 ’

2074 4971 2223 5027 Iones
2255 4972 2559 5029 Chelidonii
2585 4976 2837 5046 appellati
2859 4976 3145 5046 incipiunt,
3178 4986 3231 5032 et
3253 4992 3346 5046 per

2073 5064 2422 5130 quatriduum
2455 5065 2602 5120 ﬁant.
2634 5066 2965 5123 Hirundines
2992 5078 3272 5138 apparent.

2005 5155 2268 5211 Arcturus
2295 5157 2439 5210 circa
2465 5157 2692 5226 primam
2717 5159 2950 5229 vigiliam
2992 5159 3238 5214 occidere
3265 5175 3351 5213 tn-

2069 5247 2219 5316 cipit,
2277 5243 2548 5303 Favonius
2607 5249 2797 5318 spirat,
2891 5265 3105 5320 noxque
3162 5252 3346 5306 nubila

2064 5339 2272 5395 exsistit
2290 5365 2306 5380 ο

1999 5429 2276 5502 llalcyonii
2306 5430 2553 5501 appellati
2582 5431 2718 5487 dies.

2000 5523 2173 5578 Corus
2210 5531 2263 5577 et
2291 5523 2485 5594 Aquilo
2515 5523 2676 5577 simul
2707 5523 2856 5576 ﬁant.

2000 5616 2271 5685 Aquarius
2297 5617 2426 5672 oriri
2459 5617 2666 5688 incipit,
2698 5625 2750 5671 et
2779 5617 2931 5688 pluit.

3000 5710 3178 5769 “29'
