3840 6306
630 233 734 292 911

631 351 790 410 NON.

629 535 743 591 viii.

627 629 720 683 vii.

627 811 700 864 vi.

633 1009 679 1044 ν.

628 1177 699 1229 iv.

630 1451 684 1463 una

627 1653 710 1691 PB.

627 1821 738 1875 xix.

627 1911 780 1968 xviii.

627 2097 762 2154 xvii.

628 2192 743 2247 xvi.

632 2299 720 2336 XV.

629 2373 739 2428 xiv.

629 2463 745 2517 xiii.

627 2645 723 2701 xii.

626 2737 705 2791 xi.

630 3010 704 3063 ix.

626 3098 743 3154 viii.

626 3192 718 3246 vii.

580 3284 587 3291 ’
624 3284 698 3338 vi.

627 3573 700 3610 IV.

627 3754 714 3794 PR.

623 4382 698 4439 vi.

622 4491 678 4532 ν.

623 4568 698 4623 iv.

623 4751 703 4807 iii.

624 5024 782 5080 NON.
818 5025 928 5097 58
968 5024 1186 5096 Capella
1233 5025 1457 5096 emergit
1502 5043 1513 5077 :
1547 5025 1762 5083 Africus
1805 5024 1896 5080 ﬂat
1933 5027 2185 5097 vesperi,

623 5208 738 5262 viii.

624 5390 718 5445 vii.

624 5573 696 5628 vi.

627 5684 676 5721 V.

1621 233 1711 286 AD
1748 230 2020 288 EUSEBH
2053 230 2443 286 CIIRONICON
2484 229 2839 286 APPENDIX.

839 353 1052 406 Corona
1109 350 1332 406 occidit.
1389 349 1588 406 Leonis
1638 352 1876 406 medium
1939 351 2198 414 exoritur,
2230 351 2378 412 Aiv.

909 444 1198 499 vehemens
1226 443 1318 497 ﬂat
1367 443 1588 510 Auster,
1607 430 1666 498 et
1697 442 1870 500 Grues
1913 450 2196 516 apparent.
2305 440 2384 494 iii.

3637 254 3691 310 9ῐέ

2509 351 2778 406 Arcturus
2803 353 3077 407 exoritur.

2509 443 2744 497 Arcturo
2772 443 3058 498 exoriente
3083 439 3277 494 imbres
3295 441 3479 499 cadunt.

842 533 1092 596 Fidicula
1121 533 1483 589 contrahitur.
1516 531 1776 588 Austrina
1805 535 1921 589 dies
1943 541 2199 588 aestuosa.
2304 549 2389 587 rs.
2520 533 2771 604 Vergilize
2799 549 2925 589 cum
2953 533 3110 603 Equo
3132 533 3442 590 exoriuntur.

832 626 1052 683 Orionis
1077 626 1314 682 medium
1336 627 1666 692 occultatur,
1689 635 1744 681 et
1763 627 1879 682 dies
1911 627 1979 681 ab
2005 627 2201 682 Austro
2304 623 2389 677 ID.
2519 623 2850 681 Hirundines
2873 641 2992 680 non
3011 624 3264 680 videntur
3297 642 3310 678 :
3350 626 3520 695 Capella
3547 637 3693 704 exoritur,

908 717 1262 788 caliginosus,
1291 725 1345 772 et
1370 725 1664 774 aestuosus.
2101 728 2104 732 ί
2581 726 2636 773 et
2661 720 2818 789 pluit.

846 809 954 865 Leo
989 811 1254 873 exoritur,
1283 819 1447 864 aestus
1481 809 1862 871 intolerabilis,
1905 809 2200 864 nebulosus
2304 808 2413 863 xvi.
2515 807 3077 873 Duodecatemorion,
3115 809 3167 865 id
3196 819 3294 876 est,
3322 827 3388 865 xu
3412 813 3698 882 portioautum;

910 917 1003 956 aer
1030 921 1042 956 :
1076 899 1294 980 Orionis
1322 902 1567 956 exoritur
1592 899 1850 955 medium.
2585 901 2796 972 incipit.

839 990 1142 1046 Obscurum
1193 1001 1418 1047 astrum.
1473 991 1783 1061 Septentrio
1830 993 1965 1047 lenis
2009 993 2199 1062 spirat,
2304 1011 2390 1049 xv.
2508 992 2784 1050 Favonius
2808 995 2916 1049 late
2943 994 3118 1066 spirat
3140 1009 3259 1048 cum
3285 994 3463 1049 Africo.

907 1068 1073 1138 aesius
1114 1083 1428 1138 mediocris.
2303 1089 2412 1142 xiv.
2510 1086 2688 1142 Piscis
2721 1089 2994 1150 exoritur,
3021 1097 3076 1141 et
3104 1086 3394 1158 Septentrio
3417 1090 3550 1158 ponit.

846 1174 1082 1232 Lunaris
1108 1176 1354 1231 defectus
1377 1177 1431 1230 in
1470 1176 1607 1231 hanc
1639 1176 1779 1231 diem
1807 1177 2088 1232 incurrere
2112 1192 2202 1232 so-
2303 1180 2418 1236 xiii.
2515 1178 2609 1234 Sol
2652 1181 2706 1234 in
2726 1179 2900 1235 'Libra
2935 1199 2948 1234 :
2981 1181 3178 1235 Crater
3204 1188 3406 1248 apparet
3445 1200 3454 1232 :
3483 1182 3702 1241 Anxuris:~

909 1267 1002 1322 let.
1047 1267 1248 1323 Auster
1288 1274 1344 1322 et
1381 1268 1578 1338 Aquilo
1619 1268 1852 1340 spirant,
1901 1275 1955 1323 et
1989 1269 2202 1324 calores
2580 1269 2731 1324 dium
2761 1270 3015 1324 cernitur
3046 1271 3330 1324 matutino.

908 1369 1036 1415 sunt
1062 1359 1338 1430 ingentes.
2301 1361 2398 1416 xii.
2509 1362 2744 1416 Arcturo
2773 1363 3068 1418 exoriente
3091 1362 3289 1416 imbres
3312 1363 3488 1430 copiosi
3510 1365 3651 1419 cadunt.

854 1449 1100 1506 Fidicula
1154 1451 1356 1505 occidit
1415 1451 1707 1507 matutino.
1755 1449 2062 1506 Autumnus
2110 1450 2198 1504 in-
2300 1455 2374 1509 xi.
2509 1453 2921 1525 IEquinoctium
2945 1454 3284 1516 autumnale,
3307 1463 3355 1508 et
3379 1453 3527 1510 Pisces
3547 1459 3696 1512 occidua;

905 1543 1090 1598 choat.
1120 1543 1745 1606 Ventorum‘concursus
1777 1543 1854 1596 ﬁt.
2299 1562 2356 1601 χ.
2514 1547 2660 1618 Argo
2690 1546 2979 1603 descendit
3016 1566 3028 1601 :
3071 1547 3298 1617 pluviosi
3327 1547 3452 1600 aeris
3480 1550 3696 1602 centuriata.

844 1634 1142 1692 Ventorum
1173 1635 1462 1691 conﬂictus
1493 1643 1546 1691 et
1577 1651 1778 1706 pugna.
2226 1697 2267 1706 _
2301 1641 2374 1693 lx.
2509 1636 2702 1693 Pisces
2750 1638 3020 1692 occidunt
3073 1655 3087 1692 :
3138 1637 3396 1690 Austrinzn
3446 1634 3548 1690 ﬁunt
3579 1638 3697 1705 plus;

853 1727 1153 1799 Delphinus
1184 1743 1306 1782 cum
1342 1727 1550 1798 Lepore
1589 1727 1809 1781 occidit.
2225 1697 2269 1751 Β
2571 1731 2713 1786 aeris
2753 1739 3162 1801 ventorumque
3205 1728 3698 1783 conturbationesetus

847 1817 1094 1875 Estuosi
1129 1827 1183 1873 et
1213 1819 1527 1889 squalentes
1556 1818 1786 1872 calores.
2575 1818 2654 1874 ris
2686 1827 3071 1889 tempestates.

845 1911 1150 1967 Obscurum
1185 1919 1424 1975 astrum,
1463 1917 1518 1964 et
1545 1907 1822 1964 Favonius
1851 1924 1974 1964 cum
2006 1915 2197 1964 austro
2295 1909 2413 1966 viii.
2505 1909 2742 1966 Lunaris
2765 1909 3021 1966 defectus
3059 1911 3114 1964 in
3141 1908 3281 1963 hanc
3303 1899 3700 1963 ineurritdicmten-

910 2005 1104 2076 Spirat.
2573 2010 2767 2058 taurus
2795 2003 3070 2057 exoritur.

851 2097 1149 2168 Delphinus
1171 2095 1371 2151 occidit
1393 2094 1682 2148 matutino.
2296 2094 2391 2150 vii.
2499 2092 2806 2149 Nebulosus
2834 2108 2929 2149 aer
2948 2102 3006 2148 et
3033 2092 3373 2148 turbulentus
3394 2081 3575 2144 exsistit.

846 2191 1108 2245 Autumni
1137 2191 1374 2244 initium.
2295 2185 2370 2241 vi.
2511 2183 2664 2239 Haedi
2704 2185 3043 2240 exoriuntur
3072 2198 3086 2235 :
3121 2192 3176 2237 et
3204 2183 3390 2237 Auster
3422 2179 3627 2234 vehemens
3645 2177 3698 2228 tr.

2514 2276 2680 2349 Virgo
2710 2276 2928 2333 desistit
2973 2291 3270 2346 emergere.
3307 2271 3515 2343 Vergilias
3551 2270 3698 2322 matutina

2574 2377 2630 2425 et
2661 2368 2876 2439 vesperi
2908 2376 3181 2438 apparent
3207 2384 3219 2418 :
3255 2363 3390 2418 Haedi
3415 2376 3512 2416 cum
3543 2357 3622 2412 Sole
3637 2372 3700 2410 uo

2574 2459 2793 2514 riuntur
2827 2477 2841 2513 :
2875 2466 3172 2514 ventorum
3213 2464 3263 2509 et
3296 2453 3442 2508 maris
3468 2448 3698 2521 procellam-

2575 2549 2697 2604 lid‘ae
2726 2548 2884 2604 ﬁunt.

847 2279 1093 2336 Fidicula
1126 2281 1347 2344 occidit,
1376 2289 1430 2335 et
1461 2279 1553 2334 ﬂat
1585 2279 1804 2350 Aquilo.
2297 2295 2348 2334 v.

840 2371 1138 2441 Delphinus
1173 2371 1501 2437 occultatur,
1543 2370 1836 2426 mediocris
1869 2377 2054 2424 aestus.
2110 2373 2116 2380 '

847 2459 1092 2517 Fidicula
1143 2461 1342 2516 occidit
1389 2462 1672 2516 matutino.
1728 2459 1821 2514 Sol
1867 2460 1923 2514 in
1955 2457 2195 2530 Virgine.

837 2602 853 2620 ,
905 2555 1105 2611 Auster
1134 2554 1248 2618 ﬂat,
1290 2555 1449 2624 pluit,
1484 2561 1540 2608 et
1573 2559 1746 2607 tonat.

842 2643 934 2700 Sol
965 2647 1021 2700 in
1050 2653 1163 2701 tota
1191 2644 1429 2716 Virgine.
2153 2659 2157 2662 ’
2297 2643 2368 2697 iv.
2514 2642 2716 2698 Auster
2741 2642 3041 2698 vehemens
3071 2640 3165 2694 ﬂat
3197 2659 3210 2693 :
3251 2642 3539 2707 tempestates
3558 2627 3697 2686 horride.

849 2736 1015 2807 Virgo
1040 2738 1302 2792 exoritur.
2298 2734 2376 2790 iii.
2513 2732 2757 2805 Vergiliae
2811 2734 3090 2788 matutino
3142 2717 3452 2793 cernuntur,
3502 2731 3542 2779 et
3582 2717 3698 2790 pluvit“

851 2826 1158 2899 Septentrio
1190 2829 1328 2884 leuis
1363 2829 1556 2898 spirat,
1590 2835 1702 2883 tota
1739 2827 1984 2882 exoritur
2010 2824 2193 2899 Virgo,
2574 2823 2667 2879 ﬂat
2695 2824 2913 2882 Auster.

909 2898 1053 2974 aeris
1087 2932 1170 2974 est
1203 2920 1491 2974 serenitas.
2113 2898 2122 2899 ί
2299 2932 2383 2974 rn.
2507 2915 2724 2987 Capella
2770 2918 3005 2990 emergit
3051 2932 3221 2989 usque
3249 2914 3312 2970 ad
3334 2907 3612 2982 vespertinum
3629 2898 3695 2951 lef-

844 3005 1005 3100 Virgo
1035 3009 1298 3064 exoritur.
1329 3010 1527 3080 Aquilo
1555 3009 1668 3066 ﬂat.
2222 3038 2265 3100 ο

850 3099 1050 3154 Ειεεὶαξ
1070 3107 1298 3170 ponunt.
1322 3101 1522 3172 Aquilo
1546 3101 1792 3174 frigidior
1816 3102 1948 3160 ﬂare
1977 3103 2188 3174 incipit.

842 3191 1140 3264 Delphinus
1179 3195 1442 3261 exoritur,
1471 3203 1524 3250 et
1546 3195 1746 3251 Auster
1777 3198 1888 3251 ﬂat.

849 3283 1220 3341 Vindemiator
1247 3287 1495 3357 emergit.
1518 3287 1718 3342 Auster
1739 3296 1792 3343 et
1824 3287 2094 3345 Favonius
2121 3289 2195 3344 si-

909 3377 1022 3431 mul
1049 3376 1202 3432 ﬂant.
2296 3371 2358 3425 Κο

860 3465 1026 3538 Virgo
1052 3484 1320 3540 apparere
1349 3472 1556 3543 incipit.

2576 3011 2828 3082 giliarum
2861 3027 3166 3088 occasum.

2988 3123 3161 3178 XXX.

2902 3255 3249 3316 OCTOBER.

2512 3371 2754 3444 Vergiliae
2786 3373 2843 3428 in
2871 3375 3091 3431 oriente
3121 3382 3368 3443 apparere
3393 3358 3590 3431 ίηοῖρῖυηί
3612 3351 3691 3402 ³³³⁴

2586 3477 2697 3523 ster
2727 3465 2822 3521 ﬂat
2853 3468 3147 3523 matutino.

847 3555 1120 3615 Favonius
1151 3561 1287 3617 lenis
1320 3540 1512 3632 spirat.
2296 3553 2369 3610 iv.
2499 3555 2663 3610 [idem
2683 3555 3140 3613 Austrinillatus:
3165 3563 3216 3610 et
3236 3540 3688 3636 Vergiliamtnelolllt‘f

847 3647 1014 3720 Virgo
1045 3653 1311 3718 exoritur,
1334 3631 1606 3711 Favonius
1628 3656 1860 3713 molliter
1894 3655 2016 3712 ﬂat.
2295 3645 2374 3700 iii.
2502 3646 2810 3702 Heniochus
2832 3687 2847 3713 ,
2911 3648 2966 3702 id
3015 3656 3103 3704 est
3159 3645 3349 3714 Auriga
3393 3632 3566 3695 occidit,
3596 3631 3628 3676 et
3656 3631 3690 3668 υ

851 3740 1194 3798 Andromeda
1226 3745 1491 3802 exoritur.
2569 3737 2836 3806 Aquilone
2866 3747 3041 3795 tonat.

1317 3856 1507 3914 XXXI.
2293 3841 2378 3880 Ρη.
2512 3824 2667 3882 Haedi
2687 3829 3036 3898 exoriuntur,
3069 3837 3123 3886 et
3147 3827 3297 3899 pluit.
3439 3897 3457 3903 ψ
3573 3900 3595 3914 ,⁸

2291 3918 2450 3974 NON.
2491 3920 2707 3977 Corona
2729 3925 2978 3995 emergit,
3013 3934 3068 3980 et
3097 3918 3367 3978 conversio
3387 3917 3457 3968 est
3477 3909 3630 3962 astam-

1187 3993 1628 4066 ~SEP'I‘EMBER.
2291 4012 2402 4066 viii.
2499 4013 2699 4070 Arietis

2291 4012 2402 4066 viii.
2499 4013 2699 4070 Arietis
2739 4014 2978 4070 medium
3015 4015 3214 4072 occidit
3242 4024 3354 4066 cum
3383 3998 3611 4069 Scorpionec

844 4107 1188 4165 Andromeda
1231 4109 1493 4170 exoritur,
1536 4110 1736 4166 imbres
1771 4124 1894 4164 cum
1933 4106 2188 4163 tonitruis
2290 4103 2382 4156 vii.
2501 4102 2724 4170 Eadem,
2758 4122 2880 4176 qua:
2908 4107 3086 4178 prior,
3126 4099 3444 4176 signiﬁcatio.

906 4200 1062 4265 ﬁunt.
1100 4202 1192 4256 ﬂat
1229 4202 1533 4259 Vulturnus
1590 4221 1601 4255 :
1646 4204 2015 4260 inconstantes
2064 4210 2191 4258 sunt
2290 4193 2361 4246 νί-
2495 4195 2848 4250 Coronacum
2872 4196 3058 4254 "Elidis
3079 4171 3679 4265 exorituriaercomurpim

831 4287 838 4290 ’
903 4261 1070 4347 venti.
2290 4305 2342 4344 v.
2400 4320 2410 4332 ο
2502 4288 2650 4344 Haedi
2675 4305 2798 4345 cum
2825 4289 3081 4361 Vergiliis
3109 4289 3390 4357 emergunt,
3408 4261 3680 4331 etllatAlricus.

839 4385 1106 4440 Australis
1137 4383 1310 4440 Piscis
1338 4399 1447 4439 non
1471 4385 1702 4456 amplius
1728 4385 2051 4441 occultatur.
2114 4400 2127 4414 ·
2221 4405 2262 4458 ι)
2293 4381 2364 4435 iv.
2508 4380 2668 4437 Libra
2700 4382 2832 4438 oriri
2867 4383 3080 4453 incipit,
3111 4378 3362 4436 Favonius
3387 4368 3531 4437 spirat

842 4475 1018 4532 Tonat
1050 4486 1104 4532 et
1134 4478 1292 4548 pluit.
1562 4450 1578 4456 -
2221 4450 2255 4458 -
2292 4473 2369 4528 iii.
2468 4503 2473 4509 -
2515 4473 2728 4530 Corona
2755 4450 3000 4531 exoritur
3028 4461 3452 4530 matutinozventi
3477 4450 3682 4509 commnm'

842 4569 1109 4626 Arcturus
1151 4584 1274 4624 cum
1318 4567 1718 4625 Vindemiatore
1751 4569 1995 4623 exoritur
2025 4585 2038 4622 :
2075 4567 2191 4621 Μει-
2588 4579 2699 4632 tur,
2734 4583 3039 4639 asperaque
3071 4568 3125 4623 in
3155 4561 3281 4619 mari
3309 4558 3359 4612 fit
3382 4553 3533 4607 hiems.

906 4661 990 4715 lus
1019 4662 1343 4717 occultatur.
2290 4673 2373 4712 ra.
2510 4657 2756 4730 Vergiliae
2780 4659 3123 4720 exoriuntur,
3153 4663 3203 4710 et
3223 4652 3306 4706 ﬂat
3325 4647 3527 4732 Auster:

834 4751 1086 4809 Mercurii
1107 4753 1461 4810 domicilium.
1489 4751 1756 4808 Favonius
1781 4755 1956 4823 spirat
1991 4773 2004 4808 :
2038 4761 2091 4808 et
2123 4769 2186 4808 ex
2291 4749 2374 4802 ID.
2503 4748 2718 4803 Corona
2762 4750 2990 4818 emergit
3032 4769 3046 4805 :
3097 4746 3232 4803 aeris
3269 4733 3564 4795 commut-‘Illov
3589 4714 3680 4763 9”"

904 4853 1190 4899 ventorum
1219 4843 1581 4898 inconstantia
1616 4842 1814 4898 imbres
1841 4843 2057 4896 cadunt.
2571 4841 2776 4896 multus
2798 4840 2873 4894 ﬁt.

831 4933 1016 5004 Equus
1051 4934 1314 4990 exoritur.
2290 4931 2400 4986 xix.
2501 4929 2696 5001 Aquilo
2726 4932 3024 4988 immensus
3055 4931 3163 4986 ﬂat.

2291 5024 2441 5077 xviii.
2505 5025 2766 5079 Autumni
2794 5025 3054 5090 medium,
3088 5032 3140 5080 et
3167 5020 3348 5074 Auster
3367 5007 3458 5062 ﬂat.

902 5123 956 5170 et
988 5117 1141 5186 pluit.
2291 5116 2419 5169 xvii.
2495 5114 2657 5170 Orion
2685 5116 2932 5187 emergit,
2957 5126 3011 5171 et
3035 5113 3326 5170 rorulentus
3353 5105 3421 5154 est
3447 5102 3529 5143 89"-

847 5209 1114 5262 Arcturus
1156 5219 1377 5277 apparet
1409 5225 1420 5258 :
1459 5208 1550 5262 ﬂat
1577 5211 1791 5279 Aquilo,
1827 5219 1882 5265 et
1915 5210 2186 5266 interdum
2290 5208 2399 5263 xvi.
2500 5208 2722 5271 Eadem,
2756 5223 2876 5279 qua:
2901 5209 3071 5278 prior,
3105 5193 3412 5276 signiﬁcalim

905 5309 1074 5354 tonat.
2291 5317 2378 5354 xv.
2503 5298 2700 5355 Tristis
2720 5308 2773 5354 et
2796 5300 3015 5354 nubilus
3050 5301 3183 5355 dies.
3461 5364 3469 5373 .

845 5391 1081 5464 Virginis
1120 5392 1357 5448 medium
1399 5393 1657 5449 exoritur.
1703 5391 1972 5451 Favonius
2017 5393 2188 5465 spirat
2290 5395 2397 5445 xiv.
2503 5389 2594 5445 Sol
2623 5393 2677 5445 in
2711 5390 3039 5463 Scorpione,
3072 5400 3122 5448 et
3147 5378 3387 5443 Favonius
3409 5363 3670 5491 Spljl‘l'ﬂmw

2506 5482 2550 5491 -.
2891 5485 2939 5491 -_
3196 5481 3205 5490 .
3292 5470 3487 5491 ,--....n

905 5499 1028 5537 cum
1057 5481 1261 5538 Africo.
2292 5483 2404 5537 xiii.
2506 5482 2755 5554 Vergiliae
2786 5485 3044 5540 occidunt
3069 5506 3079 5538 :
3105 5481 3331 5546 aerisque
3354 5455 3663 5583 θξιεοὲῗΐζὲἔ

836 5575 978 5630 idem
999 5577 1140 5632 aeris
1163 5585 1359 5630 status.
2292 5576 2384 5632 xii.
2499 5575 2727 5640 Eadem,
2757 5594 2878 5649 qu:e
2925 5579 3097 5648 prior,
3141 5558 3448 5643 signiﬁcatio.
3485 5535 3550 5598 Sed

832 5668 976 5723 Idem
998 5672 1143 5728 aeris
1169 5677 1364 5725 status.
2569 5668 2721 5738 pluit.
