4000 6206
438 253 540 314 939

1411 245 1501 302 ΑΙ)
1538 244 1805 302 EUSEBII
1838 241 2227 300 CHRONICON
2272 241 2641 298 APPENDIX.

3553 237 3660 297 940

436 388 636 444 corpus
691 369 940 442 quintum
998 369 1371 441 incorruptum
1429 381 1493 422 ac
1544 380 1781 436 purum,
1834 377 1994 436 quem

2106 380 2202 416 των
2243 361 2413 432 ἀρχὰς
2448 361 2558 415 τῶν
2598 360 2734 414 ὅλων
2772 358 2995 413 καλοῦσι
3049 357 3180 411 Θεὸν
3228 357 3321 411 καὶ
3368 354 3500 427 ὕλην
3519 371 3533 386 ⁶
3568 355 3666 409 καὶ

437 467 637 523 ωιιιοτα
679 463 983 518 nominant.
1027 461 1282 518 Socrates
1329 469 1398 516 et-
1421 458 1574 513 Plato
1607 457 1874 528 principia
1909 471 1995 512 re-

437 575 559 614 rum
589 565 786 613 vocant
807 555 972 611 Deum
1001 569 1066 610 ac
1088 554 1392 616 materiam,
1424 551 1624 621 quibus
1645 549 1869 605 tertium
1897 547 1998 601 ad-

433 654 691 724 jungunt,
727 649 872 722 quod
911 648 1245 720 generationi
1276 644 1724 716 corruptionique
1772 641 1999 711 subjici-

437 753 662 802 turzex
703 743 787 797 his
823 742 1089 798 elementa
1131 746 1364 811 quatuor
1407 737 1689 793 exsistere.
1723 733 1998 805 Empedo-

439 839 551 894 cles
595 837 709 892 haec
757 837 876 907 ipsa
909 841 1144 906 quatuor
1191 831 1456 888 elementa
1503 844 1685 885 rerum
1730 826 1998 900 principia

440 929 742 986 constituit.
777 929 1020 994 Quorum
1050 926 1228 996 ignem
1257 922 1471 986 Jovem,
1505 922 1590 976 vel
1622 921 1876 978 aetherem
1899 936 2000 993 ap-

439 1021 624 1094 pellat,
667 1027 867 1075 terram
905 1017 1196 1081 lunonem,
1233 1031 1411 1072 aerem
1437 1016 1761 1080 Plutonem,
1802 1029 1997 1086 aquam

438 1112 630 1172 Nestin
672 1112 908 1167 :horum
959 1110 1141 1174 vires,
1186 1108 1517 1163 discordiam
1563 1115 1618 1164 et
1663 1107 1995 1174 amicitiam;

439 1207 769 1264 discordiam
791 1205 1028 1276 quidem,
1045 1204 1460 1262 dissolutionem
1483 1221 1497 1271 ;
1521 1205 1816 1260 amicitiam
1837 1216 1995 1266 vero,

441 1313 793 1356 concursum.
828 1299 1144 1370 Apollonius
1174 1296 1417 1353 Rhodius
1444 1298 1620 1368 primo
1664 1296 2020 1369 Argonauti-.

441 1407 545 1448 con
572 1389 844 1461 Orpheum
881 1388 1010 1444 facit
1041 1389 1145 1446 ista
1173 1389 1443 1446 dicentem
1469 1407 1481 1443 :

441 1505 673 1562 Canebat
703 1514 877 1559 autem
899 1507 976 1559 uti
1005 1505 1269 1573 tellus,ac
1298 1505 1483 1559 caelum
1511 1520 1730 1573 superne

440 1576 682 1632 Primum
710 1575 923 1631 invicem
947 1593 1052 1629 una
1078 1572 1425 1630 coalescentia
1458 1572 1644 1644 specie,

440 1647 720 1705 Discordia
752 1663 816 1702 ex
840 1648 1128 1716 perniciosa
1165 1646 1430 1716 disjuncta
1461 1647 1570 1700 sint
1601 1645 1996 1716 seorsi_nt_qua:-

1759 1713 1928 1787 [lit/et.

510 1831 639 1889 Vult
673 1832 816 1890 enim
859 1831 1168 1903 promiscue
1199 1829 1473 1901 quondam
1522 1828 1664 1884 inter
1713 1843 1772 1884 se
1817 1827 1996 1884 mistis

439 1925 749 1989 elementis,
773 1937 837 1978 ea
869 1919 1236 1994 postmodum,
1268 1919 1662 1976 interveniente
1699 1918 1996 1983 discordia,

439 2032 472 2072 a
501 2033 560 2073 se
600 2023 790 2072 mutuo
817 2029 939 2072 esse
962 2014 1274 2086 disjuncta:
1308 2013 1442 2070 adeo
1485 2021 1543 2068 ut
1582 2011 1848 2083 quidquid
1884 2020 2001 2067 erat

440 2120 721 2168 terrenum
752 2110 810 2164 in
860 2124 1029 2164 unum
1077 2123 1197 2164 sese
1243 2105 1614 2177 conglobarit;
1650 2103 1902 2160 similiter
1946 2109 2001 2160 et

439 2200 587 2271 quod
628 2199 849 2271 igneum
894 2205 1013 2254 erat
1055 2198 1111 2252 in
1144 2196 1286 2252 idem
1330 2201 1581 2250 coactum
1614 2193 1799 2259 fuerit,
1852 2199 1910 2247 ut
1948 2198 2002 2248 et

441 2307 597 2364 aqua:
627 2289 896 2362 quidquid
941 2298 1080 2354 erat,
1118 2287 1186 2344 ad
1221 2287 1308 2345 sui
1337 2287 1548 2355 simile;
1576 2294 1630 2343 et
1667 2283 1736 2341 ad
1770 2285 1824 2341 id
1853 2284 2000 2357 quod

440 2385 547 2443 sibi
579 2393 868 2456 cognatum
899 2389 1004 2448 est,
1045 2396 1264 2438 aereum
1297 2395 1458 2436 omne
1486 2377 1768 2436 conﬂuxit.
1801 2377 2002 2435 Thales

442 2473 685 2531 Milesius
729 2481 784 2530 et
831 2471 1172 2544 Pherecydes
1223 2471 1396 2544 Syrus
1438 2470 1767 2543 principium
1819 2485 2000 2525 rerum

440 2565 686 2621 omnium
717 2579 913 2640 aquam
948 2580 1070 2622 esse
1095 2562 1392 2620 defendunt
1423 2584 1436 2618 :
1467 2562 1614 2633 quod
1639 2562 1804 2618 etiam
1833 2561 2002 2616 chaos

441 2657 614 2714 fuisse
642 2656 982 2731 Pherecydes
1009 2657 1317 2722 existimat;
1350 2656 1530 2726 idque,
1567 2662 1626 2709 ut
1657 2661 1900 2725 apparet,
1937 2668 2002 2707 ex

441 2751 681 2809 Hesiodo
710 2751 964 2824 sumpsit,
999 2751 1092 2822 qui
1124 2750 1204 2805 sic
1233 2747 1478 2819 loquitur
1503 2766 1516 2802 :

647 2863 821 2936 Igitur
842 2865 1070 2934 primum
1097 2863 1332 2919 omnium
1363 2861 1520 2916 chaos
1547 2859 1768 2915 exstitit.

508 2974 642 3031 Nam
673 2977 741 3031 ab
771 2991 836 3034 eo
871 2974 1021 3047 quod
1051 2984 1135 3030 est
1166 2973 1398 3046 χεῖσθαι,
1439 2970 1612 3040 fundi,
1640 2970 1768 3042 χάος
1795 2969 2001 3024 dictum

2097 455 2276 527 τρίτον
2298 453 2360 506 τὸ
2393 453 2749 524 ὑποκείμενον
2779 451 2990 520 γενέσει
3014 449 3106 503 καὶ
3143 448 3344 520 φθορᾷ·
3373 449 3440 502 ἐκ
3462 447 3520 501 δὲ
3545 446 3669 500 τού-

2097 564 2203 600 των
2229 546 2298 600 τά
2335 546 2574 616 τέσσαρα
2615 547 2851 614 στοιχεῖα
2889 542 3158 613 γενέσθαι.
3212 539 3583 612 Ἐμπεδοκλῆς
3607 537 3670 592 δὲ

2097 639 2272 712 ἀρχάς
2299 655 2432 710 φησι
2461 638 2571 691 τῶν
2607 637 2742 691 ὅλων
2781 638 2848 690 τά
2892 635 3132 706 τέσσαρα
3175 635 3431 704 στοιχεῖα.
3465 633 3576 686 Kal
3605 633 3668 687 τὸ

2101 733 2198 802 μὲν
2229 731 2338 803 πῦρ
2373 730 2529 784 καλεῖ
2557 729 2657 784 Δία
2687 729 2779 782 καὶ
2815 727 3029 799 αἰθέρα,
3082 726 3181 796 τὴν
3228 725 3287 778 δὲ
3329 723 3434 794 γῆν
3466 725 3666 796 Ἦραν,

2097 826 2190 880 τὸν
2233 825 2290 880 δὲ
2332 826 2468 897 ἀέρα
2512 824 2794 888 Ἀϊδωνέα,
2834 823 2892 876 τὸ
2925 822 2982 876 δὲ
3017 821 3157 893 ὕδωρ
3193 821 3400 891 Νῆστιν
3424 835 3439 849 ο
3481 816 3579 881 τὰς
3609 817 3669 870 δὲ

2099 919 2301 973 τούτων
2339 919 2614 987 δυνάμεις,
2650 919 2824 979 νεῖκος
2856 915 2948 968 καὶ
2983 914 3162 983 φιλίαν
3185 930 3198 943 °
3227 915 3403 975 νεῖκος
3435 910 3533 981 μὲν
3567 909 3668 980 τὴν

2099 1005 2358 1069 διάλυσιν,
2401 1005 2581 1075 φιλίαν
2631 1005 2688 1057 δὲ
2735 1003 2832 1075 τὴν
2876 1002 3110 1056 σύνοδον.
3147 998 3498 1063 Ἀπολλώνιος
3540 998 3594 1052 δὲ
3637 1000 3670 1051 ὁ

2111 1099 2311 1162 Ῥόδιος
2350 1099 2408 1151 ἐν
2437 1098 2516 1169 τῷ
2561 1095 2762 1168 πρώτῳ
2804 1095 2914 1150 τῶν
2944 1093 3411 1166 Ἀργοναυτικῶν
3460 1092 3668 1161 εἰσάγει

2097 1192 2188 1247 τὸν
2221 1191 2420 1263 Ὀρφέα
2445 1189 2618 1246 ταῦτα
2643 1191 2870 1259 λέγοντα
2897 1207 2911 1220 ο

2102 1496 2335 1572 iliades;
2362 1495 2414 1572 δ’
2556 1491 2696 1572 Teia
2719 1492 2818 1547 καὶ
2859 1491 3114 1572 οὐρανὸς
3357 1487 3591 1566 ὕπερθε,

2104 1567 2172 1621 Τὸ
2207 1567 2348 1635 πρὶν
2371 1566 2462 1619 ἐπ’
2496 1561 2818 1635 ἀλλήλοισι
2847 1561 2952 1633 μιῇ
2977 1561 3357 1635 σινναρηρότα
3380 1561 3604 1628 μορφῇ,

2099 1631 2340 1704 Νείκεος
2367 1637 2434 1702 ἐξ
2455 1635 2652 1691 ὀλοοῖο
2678 1631 2970 1703 διέκριθεν
2999 1631 3182 1702 ἀμφὶς
3206 1631 3453 1684 ἕκαστα.

2101 1815 2270 1870 Πάλαι
2301 1815 2406 1888 γάρ
2436 1831 2563 1866 ποτε
2609 1811 2808 1883 ἀναμὶξ
2856 1811 3169 1883 φερομένων
3209 1808 3312 1863 τῶν
3365 1805 3666 1876 στοιχείων,

2101 1905 2205 1959 ὑπὸ
2234 1905 2328 1959 τοῦ
2363 1906 2571 1968 νείκους
2617 1904 2840 1976 ὕστερον
2879 1904 3220 1976 διακριθῆναι
3264 1905 3438 1960 αύτάσ
3467 1905 3668 1968 παντὸς

2105 1999 2201 2068 μὲν
2227 1997 2320 2051 τοῦ
2341 1997 2571 2068 γεώδους
2596 1999 2985 2071 συστρέφοντος
3013 1999 3091 2060 εἰς
3111 1998 3188 2062 ἓν,
3213 1997 3334 2051 ὅλου
3359 1998 3416 2052 δὲ
3441 1998 3535 2052 τοῦ
3563 2017 3669 2052 πυο

2103 2091 2306 2163 ρώδους
2360 2093 2789 2164 περιειληθέντος
2847 2095 2927 2158 εἰς
2969 2092 3030 2146 τὸ
3075 2093 3234 2158 αὐτὸ,
3268 2095 3363 2147 καὶ
3399 2094 3494 2148 τοῦ
3539 2094 3671 2148 66>:-

2100 2179 2298 2244 τώδους
2331 2182 2641 2254 συρρέοντος
2666 2184 2746 2246 εἰς
2789 2183 2849 2236 τὸ
2877 2184 3090 2254 ὅμοιον,
3127 2183 3333 2238 καὶτοῦ
3367 2185 3528 2256 ἀέρος
3568 2203 3672 2238 πε·

2101 2273 2406 2344 ριχυθέντος
2460 2275 2595 2347 πρὸς
2648 2275 2708 2329 τὸ
2767 2275 3055 2346 ὁμόφυλον.
3107 2275 3282 2346 Θαλῆς
3323 2275 3379 2329 δὲ
3421 2278 3450 2330 ὁ
3495 2277 3672 2349 Μιλή-

2105 2385 2218 2430 σιος
2244 2368 2337 2420 καὶ
2356 2367 2660 2439 Φερεκύδης
2690 2369 2718 2421 ὁ
2748 2367 2916 2439 Σύρος
2941 2369 3112 2440 ἀρχὴν
3141 2368 3248 2421 τῶν
3277 2368 3412 2422 ὅλων
3435 2369 3495 2422 τὸ
3525 2368 3673 2441 ὕδωρ

2103 2457 2428 2527 ὑφιστῶσινο
2470 2458 2498 2510 ὃ
2544 2457 2608 2529 δὴ
2651 2459 2745 2511 καὶ
2793 2459 2922 2529 χάος
2970 2458 3125 2512 καλεῖ
3165 2460 3194 2512 ὁ
3237 2459 3562 2531 Φερεκύδης,
3593 2458 3676 2523 ὡς

2109 2550 2273 2615 εἰκὸς,
2309 2549 2465 2604 τοῦτο
2499 2549 2853 2622 ἐκλεξάμενος
2912 2550 3062 2623 παρὰ
3116 2551 3209 2605 τοῦ
3251 2551 3490 2606 Ἡσιόδου
3529 2551 3676 2605 οὕτω

2102 2642 2348 2712 λέγοντος
2368 2659 2380 2672 ο

2343 2856 2508 2912 Ἤτοι
2534 2856 2652 2926 μὲν
2670 2855 2966 2926 πρώτιστα
2992 2856 3137 2926 χάος
3167 2855 3386 2926 γένετο.

2103 2968 2261 3042 Παρὰ
2306 2968 2414 3042 γὰρ
2454 2968 2516 3023 τὸ
2571 2969 2782 3040 χεῖσθαι
2830 2970 3202 3042 ὑπολαμϐάνει
3247 2971 3308 3024 τὸ
3363 2969 3504 3044 ὕδωρ
3539 2972 3679 3044 χάος

439 3076 614 3140 putat.
651 3068 721 3122 At
751 3067 1026 3124 Heraclito
1059 3069 1234 3138 placet
1262 3072 1388 3121 ante
1409 3065 1594 3121 omnia
1627 3064 1804 3134 ignem
1835 3063 2000 3118 exsti-

2106 3061 2432 3133 ὠνομάσθαι.
2475 3062 2821 3134 Ἡράκλειτος
2867 3063 2924 3118 δὲ
2969 3063 3080 3136 πῦρ
3131 3063 3344 3137 πρῶτόν
3398 3082 3529 3138 φησι
3578 3083 3679 3135 γε-

439 3163 596 3218 tisse.
637 3159 776 3216 Sunt
816 3159 910 3231 qui
959 3169 1157 3215 terram
1185 3157 1420 3229 priorem
1467 3154 1722 3210 omnibus
1762 3153 2000 3220 faciant;

439 3270 575 3327 quae.
607 3263 924 3324 compressa
959 3257 1271 3321 arctataque
1295 3246 1544 3306 accendit
1579 3246 1781 3319 ignem,
1803 3261 2000 3316 aquam

439 3347 642 3413 emisit,
673 3361 854 3404 aerem
881 3345 1080 3416 ubique
1110 3341 1344 3398 diffudit.

747 3550 822 3605 De
851 3549 1218 3604 constitutione
1241 3563 1415 3602 rerum
1437 3562 1688 3602 omnium.

505 3665 561 3720 4.
601 3663 919 3720 Audiendus
966 3662 1188 3718 omnino
1219 3660 1558 3733 Chrysippus
1601 3669 1706 3725 est,
1761 3673 1885 3716 cum
1919 3659 1995 3712 ait
2072 3645 2090 3662 ”

434 3771 504 3813 ex
545 3762 781 3825 quatuor
822 3754 1103 3812 elementis
1147 3754 1401 3810 universa
1443 3761 1715 3809 constare.
1763 3751 1998 3808 Causam

435 3862 566 3904 vero
592 3848 969 3920 perpetuitatis
1010 3862 1133 3904 esse
1163 3846 1435 3918 quoddam
1475 3844 1756 3916 gravitatis
1784 3843 1998 3914 aequili-

433 3942 636 3999 brium.
665 3940 802 3996 Nam
837 3957 962 3997 cum
991 3941 1176 4012 gravia
1203 3941 1312 3996 sint
1344 3954 1579 4010 corpora
1603 3938 1734 4003 duo,
1765 3945 1912 3993 terra
1942 3944 1997 3991 et

437 4046 600 4103 aqua,
625 4031 765 4086 levia
795 4029 1043 4094 totidem,
1083 4030 1225 4102 ignis
1255 4037 1308 4086 et
1336 4043 1468 4096 aer;
1499 4029 1694 4085 horum
1724 4035 1996 4098 tempera-

444 4122 597 4178 tione
627 4121 797 4177 foveri
841 4136 904 4176 ac
950 4120 1262 4176 conservari
1305 4119 1680 4181 universitatis
1719 4119 1998 4184 ordinem;

437 4221 498 4268 ut
527 4215 674 4271 enim
702 4215 749 4270 si
777 4215 961 4286 gravis
1000 4214 1235 4270 mundus
1276 4222 1440 4280 esset,
1473 4213 1729 4270 deorsum
1779 4212 1999 4275 sideret,

435 4308 513 4364 ita
547 4307 595 4363 si
633 4307 853 4364 levitate
898 4306 1156 4378 pmditus
1203 4314 1371 4370 esset,
1428 4321 1651 4361 sursum
1689 4305 1995 4360 tolleretur.

2104 3154 2336 3224 γονέναι.
2373 3155 2492 3208 Εἰσὶ
2531 3155 2576 3208 δ’
2604 3156 2652 3209 οἳ
2680 3155 2777 3228 τὴν
2818 3157 2919 3227 γῆν
2947 3157 3160 3230 πρῶτον
3203 3158 3418 3227 λέγουσι
3455 3157 3681 3226 γεγονέ-

2103 3265 2211 3313 ναι,
2240 3247 2560 3320 θλιϐομένην
2598 3265 2658 3301 τε
2699 3248 2791 3302 καὶ
2831 3251 3221 3322 σφιγγομένην,
3269 3251 3442 3314 οὓτως
3476 3250 3680 3321 ἐνάψαι

2107 3340 2206 3409 μὲν
2236 3337 2297 3393 τὸ
2319 3337 2448 3411 πῦρ,
2486 3339 2802 3410 ἀναπέμψαι
2829 3339 2888 3394 δὲ
2919 3339 2980 3393 τὸ
3001 3340 3166 3413 ὕδωρ,
3203 3341 3474 3396 διαδοῦναι
3503 3341 3562 3396 δὲ
3582 3341 3679 3395 τὸν

2105 3431 2258 3503 ἀέρα.

2314 3543 2457 3614 Περὶ
2482 3542 2589 3613 τῆς
2613 3544 2971 3611 συστάσεως
2993 3545 3112 3600 τῶν
3139 3546 3318 3602 ὅλων.

2171 3654 2234 3709 δ’.
2263 3655 2458 3720 Καλῶς
2485 3654 2550 3710 ἂν
2568 3655 2681 3727 ἔχοι
2703 3656 2983 3710 πείθεσθαι
3001 3657 3079 3729 τῷ
3100 3659 3412 3731 Χρυσίππῳ
3442 3661 3678 3732 φήσαντι

2100 3750 2162 3802 ἐκ
2196 3748 2306 3802 τῶν
2339 3750 2619 3821 τεσσάρων
2649 3750 2926 3821 στοιχείων
2959 3751 3058 3823 τὴν
3102 3751 3359 3806 σύστασιν
3399 3752 3511 3806 τῶν
3539 3753 3680 3808 ὅλων

2099 3845 2397 3916 γεγονέναι.
2424 3843 2601 3898 Αίτιον
2629 3843 2686 3896 δὲ
2723 3843 2822 3914 τῆς
2853 3846 3022 3915 μονῆς
3055 3843 3263 3898 τούτων
3303 3843 3365 3898 τὸ
3403 3844 3670 3917 ἰσοϐαρὲς.

2100 3934 2204 3988 Δύο
2231 3936 2338 4006 γὰρ
2381 3932 2755 4005 ὑποκειμένων
2793 3933 3026 4006 βαρέων.
3065 3935 3169 4004 γῆς
3205 3935 3301 3987 καὶ
3337 3933 3552 4001 ὕδατος,
3583 3935 3682 3989 δύο

2099 4029 2155 4082 δὲ
2188 4029 2420 4098 κούφων,
2451 4032 2620 4103 πυρὸς
2649 4029 2742 4083 καὶ
2778 4028 2961 4100 ἀέρος,
2998 4027 3096 4099 τὴν
3130 4029 3333 4082 τούτων
3375 4028 3688 4101 σύγκρασιν.

2102 4123 2278 4178 αἰτίαν
2305 4121 2442 4179 εἰναι
2487 4125 2583 4197 τῆς
2607 4124 2700 4178 τοῦ
2733 4121 2934 4188 παντὸς
2967 4121 3174 4187 τάξεως
3194 4139 3208 4153 ·
3240 4120 3432 4194 ὥσπερ
3462 4122 3593 4194 γὰρ,
3624 4123 3677 4176 εἰ

2100 4210 2168 4286 ἦν
2199 4218 2227 4270 ὁ
2249 4217 2451 4288 κόσμος
2485 4215 2676 4288 βαρὺς,
2712 4216 2862 4270 κάτω
2885 4215 2952 4270 ἂν
2986 4214 3214 4286 ἐφέρετο
3233 4229 3248 4244 ⁸
3284 4214 3482 4280 οὓτως,
3507 4217 3554 4267 εἰ
3583 4215 3679 4267 καὶ

2104 4307 2320 4377 κοῦφος.
2357 4307 2490 4363 ἄνω.
2536 4309 2704 4362 Μένει
2745 4307 2802 4362 δέ
2853 4307 2932 4379 τῷ
2985 4305 3098 4361 ἴσον
3143 4306 3285 4376 ἐχειν
3335 4308 3396 4360 τὸ
3434 4307 3577 4378 βαρὺ
3599 4305 3680 4376 τῷ

435 4399 616 4457 Manet
645 4402 812 4474 igitur
834 4400 974 4466 ideo,
1013 4399 1159 4471 quod
1189 4400 1412 4471 paribus
1439 4399 1751 4454 examinata
1787 4397 2000 4468 ponde-

2106 4397 2307 4469 κούφῳ.
2339 4398 2441 4452 Τὸν
2469 4398 2524 4452 δὲ
2557 4398 2750 4470 αἰθέρα
2775 4399 2867 4453 καὶ
2889 4398 3274 4471 ούρανδν,·εῐτε
3298 4401 3326 4451 ὁ
3359 4399 3539 4464 αὐτὸς,
3566 4397 3678 4450 εἴτε

434 4491 590 4550 ribus
631 4492 703 4548 sit
747 4494 804 4548 in
835 4507 901 4548 eo
946 4491 1188 4565 gravitas
1215 4500 1270 4547 et
1310 4491 1523 4546 levitas.
1566 4490 1738 4546 Porro
1781 4489 1983 4544 aethera

434 4587 765 4658 coelumque,
815 4586 928 4642 sive
967 4585 1117 4640 idem
1139 4584 1232 4651 sit,
1258 4584 1372 4640 sive
1399 4582 1610 4638 differat
1634 4623 1649 4648 ,
1679 4590 1832 4638 extra
1860 4599 1988 4639 esse

433 4677 670 4735 rotunda
711 4677 881 4750 figura
910 4695 925 4732 :
955 4677 1098 4732 intra
1129 4675 1275 4730 hunc
1305 4675 1549 4746 proxime
1595 4689 1776 4730 acrem
1827 4688 1950 4730 esse
1978 4692 1994 4739 ;

435 4772 528 4844 qui
558 4774 614 4828 in
635 4772 824 4828 orbem
857 4771 1200 4828 extrinsecus
1225 4777 1384 4825 terras
1404 4776 1458 4824 et
1489 4768 1606 4840 ipse
1626 4767 1997 4824 circumfusus

433 4874 536 4922 est.
565 4867 714 4922 Intra
741 4880 905 4936 quem
933 4864 1094 4920 tertia
1128 4863 1437 4918 continetur
1462 4876 1616 4932 aqua).
1643 4860 1865 4932 sphaera-
1885 4869 1994 4916 ter—

431 4974 548 5013 ram
587 4957 852 5023 ambiens,
904 4962 959 5011 et
998 4957 1138 5011 inter
1180 4955 1322 5009 hanc
1363 4960 1526 5024 atque
1556 4966 1744 5008 aerem
1773 4951 2000 5021 interjc—

430 5059 538 5102 cta.
579 5047 810 5104 Mediam
835 5047 1088 5102 omnium
1121 5061 1244 5102 esse
1275 5056 1497 5112 terram,
1537 5059 1659 5115 quae
1695 5043 1899 5110 centri,
1932 5049 1992 5097 ut

432 5142 486 5192 in
516 5139 768 5210 sphaeris,
797 5139 960 5192 situm
986 5147 1038 5193 et
1061 5139 1485 5210 magnitudinem
1517 5139 1744 5194 obtinet.
1768 5138 1848 5192 Ad
1879 5139 1995 5193 haec

434 5234 676 5304 reliquas
709 5243 822 5288 tres
861 5240 1162 5304 quatuorve
1188 5235 1432 5305 sphaaras
1464 5235 1862 5300 circumvolvi;
1900 5247 1995 5288 so-

432 5325 540 5377 lam
585 5325 916 5379 immobilem
947 5324 1148 5380 hau‘ere
1177 5334 1396 5382 terram.
1434 5325 1513 5380 Ac
1563 5312 1828 5396 sphaeram
1874 5324 2003 5394 qui-

431 5415 554 5470 dem
605 5416 744 5487 ignis
791 5417 1170 5484 cxtrinsecus;
1208 5417 1437 5473 interius
1484 5428 1665 5473 autem
1704 5417 1846 5473 aeris
1891 5416 1999 5470 cir-

431 5509 646 5578 cumagi
675 5520 896 5565 sumunt
939 5510 1280 5566 Archimedis
1313 5511 1588 5582 discipuli.
1643 5511 1710 5567 At
1740 5510 1794 5566 in
1826 5510 2003 5566 medio

433 5612 586 5669 aqua:
646 5609 912 5672 terr-seque
963 5603 1153 5673 globos
1201 5603 1323 5658 ideo
1373 5606 1707 5671 consistere,
1752 5608 1910 5677 quodx
1955 5607 1999 5661 si

432 5693 556 5764 quis
589 5693 828 5748 omnium
857 5696 1178 5766 gravissima
1220 5711 1448 5767 corpora
1472 5741 1486 5767 ,
1533 5707 1661 5770 puta
1700 5700 2001 5769 plumbum,

2109 4490 2380 4562 διάφορος,
2419 4491 2615 4557 ἔξωθεν
2670 4488 2831 4558 εἶναι,
2893 4491 3177 4564 σφαιρικὸν
3234 4491 3418 4562 σχῆμα
3466 4491 3692 4562 ἔχοντα.Σ

2109 4583 2262 4637 Μετὰ
2287 4583 2343 4636 δὲ
2371 4583 2555 4640 τοῦτον
2580 4586 2728 4650 έντὸς
2755 4586 2919 4639 αὑτοῦ
2947 4585 3037 4639 τὸν
3057 4585 3191 4657 ἀέρα
3217 4580 3379 4648 εἶναι,
3404 4585 3496 4638 καὶ
3517 4585 3680 4638 αὑτὸν

2111 4676 2413 4748 σφαιρικῶς
2445 4677 2821 4749 περικείμενον
2862 4677 3059 4744 ἔξωθεν
3087 4681 3152 4751 τῇ
3194 4681 3262 4751 γῇ
3287 4697 3300 4710 ·
3329 4679 3593 4752 ἐνδοτέρω
3620 4681 3680 4733 δὲ

2109 4769 2273 4824 αὐτοῦ
2304 4771 2493 4842 τρίτην
2521 4767 2660 4825 εἷναι
2690 4773 2926 4843 σφαῖραν.
2951 4771 3048 4843 τὴν
3077 4771 3170 4825 τοῦ
3198 4771 3390 4834 ὓδατος
3421 4775 3550 4844 περὶ
3577 4773 3680 4827 αύ-

2108 4862 2206 4934 τὴν
2237 4863 2334 4935 τὴν
2363 4863 2466 4935 γῆν
2493 4865 2692 4935 μεταξὺ
2721 4864 2813 4920 τοῦ
2859 4864 3018 4936 ἀέρος
3062 4865 3154 4918 καὶ
3189 4864 3286 4936 τῆς
3324 4864 3448 4935 γῆς.
3492 4865 3578 4918 Ἐν
3619 4865 3678 4918 δὲ

2108 4955 2186 5026 τῷ
2226 4958 2532 5030 μεσαιτάτῳ
2556 4958 2655 5030 τὴν
2690 4959 2793 5030 γῆν
2821 4953 2981 5024 εἶναι,
3009 4957 3234 5030 κέντρου
3268 4955 3423 5021 τάξιν
3451 4957 3546 5010 καὶ
3586 4956 3674 5027 μὲ-

2110 5049 2266 5117 γεθος
2299 5050 2622 5122 ἐπέχουσαν,
2651 5051 2728 5114 ὡς
2756 5051 2822 5104 αἰ.
2844 5053 3088 5122 σφαῖραι.
3121 5050 3232 5103 Kal
3261 5048 3358 5111 τὰς
3387 5049 3487 5120 μὲν
3518 5048 3676 5111 ἄλλας

2110 5145 2256 5213 τρεῖς
2303 5143 2534 5213 σφαίρας
2587 5142 2619 5212 ἢ
2678 5141 2947 5213 τέσσαρας
2997 5139 3423 5212 περιδινεῖσθαιο
3485 5139 3581 5210 τὴν
3622 5139 3675 5192 δὲ

2108 5237 2208 5308 τῆς
2233 5237 2335 5307 γῆς
2374 5236 2540 5307 μόνην
2592 5235 2828 5288 ἑστάναι.
2865 5233 3102 5301 Ἔξωθεν
3153 5233 3209 5288 δὲ
3247 5234 3344 5305 τὴν
3377 5232 3472 5288 τοῦ
3511 5233 3676 5303 πυρῦς

2114 5331 2369 5399 σφαῖραν,
2415 5331 2508 5381 καὶ
2541 5327 2795 5398 ἐνδοτέρω
2831 5327 2968 5398 μετὰ
3012 5325 3215 5396 ταύτην
3257 5325 3354 5396 τὴν
3394 5323 3491 5378 τοῦ
3521 5323 3672 5394 ἀέρος

2110 5420 2400 5475 δεδώκασιν
2445 5422 2493 5472 οἰ
2536 5419 2907 5490 Ἀρχιμήδειοι
2953 5416 3355 5489 περιδινεῖσθαι.
3403 5417 3490 5469 Ἐν
3534 5415 3675 5487 μέσῳ

2111 5515 2154 5568 δ’
2186 5510 2320 5568 εἶναι
2369 5514 2465 5585 τὴν
2507 5513 2600 5566 τοῦ
2653 5513 2843 5577 ὕδατος
2881 5514 2976 5567 καὶ
3027 5512 3122 5584 τὴν
3167 5511 3266 5581 τῆς
3318 5511 3420 5580 γῆς
3452 5509 3541 5564 διὰ
3581 5507 3675 5577 τὴν

2111 5609 2364 5680 τοιαύτην
2400 5607 2594 5661 αἰτίαν.
2639 5608 2707 5661 Εἰ
2744 5625 2826 5672 τις
2871 5607 2998 5679 γὰρ,
3040 5606 3190 5676 φασὶ,
3236 5605 3388 5659 λάϐοι
3430 5603 3538 5656 τῶν
3571 5618 3672 5654 σωο

2116 5704 2300 5776 μάτων
2334 5701 2397 5754 τὰ
2444 5700 2736 5774 βαρύτατα,
2767 5695 2875 5754 οἷον
2910 5699 3174 5774 μόλιϐδον,
3222 5698 3314 5752 καὶ
3348 5695 3510 5751 πάλιν
3543 5686 3674 5748 αὐτὰ
