4000 6206
318 248 454 312 9H.

1051 256 1367 316 ACHILLIS
1403 260 1583 318 TATII
1620 260 1914 319 ISAGOGE
1950 264 2041 318 AD
2080 265 2292 324 ARATI
2330 266 2797 324 ΡΗᾹΞΝΟΜΕΝᾹ.

316 363 738 462 τάκουφότατα,
764 361 875 424 οἷον
897 371 1106 440 φελλὸν,
1131 376 1225 429 καὶ
1252 375 1344 430 ῐσα
1369 377 1615 447 ἀλλήλοις
1640 380 1876 451 στήσειε,

1981 396 2081 437 nec
2125 398 2235 439 non
2280 385 2384 439 alia
2444 385 2743 452 levissima,
2789 385 2937 443 velut
2983 386 3170 457 suber,
3212 390 3280 446 ad
3323 394 3537 462 pondus

315 456 411 510 καὶ
440 457 741 532 ίσόσταθμα
770 464 1032 540 ποιήσειε,
1059 468 1154 521 καὶ
1188 469 1466 540 συνδήσειε
1489 486 1504 501 ·
1541 471 1878 543 συμϐήσεται

317 546 612 620 μηδέτερον
632 551 737 605 ὑπὸ
758 553 851 607 τοῦ
872 555 1055 627 ἑτέρου
1081 558 1332 615 ἕλκεσθαι
1351 578 1365 591 ·
1393 557 1523 628 οἷον,
1550 562 1604 615 εῐ
1620 580 1702 626 τις
1730 562 1878 634 βάλοι

311 638 487 694 ταῦτα
509 643 591 707 είς
616 642 910 712 θάλασσαν,
940 650 1274 723 συμϐήσεται
1317 654 1456 725 μήτε
1499 656 1649 710 κάτω
1689 658 1768 720 εἰς
1788 658 1878 712 τὸν

315 730 477 803 βυθὸν
529 736 887 794 καθέλκεσθαι
928 742 1017 795 τὸν
1063 744 1254 812 φελλὸν
1308 746 1413 801 ὑπὸ
1454 748 1549 801 τοῦ
1607 748 1876 820 μολίϐδου,

316 826 454 897 μήτε
480 825 572 881 τὸν
616 828 861 899 μόλιϐδον
903 833 1008 887 ὑπὸ
1049 834 1157 891 τῶν
1205 837 1412 907 φελλῶν
1449 840 1878 913 ἀνέλκεσθαιὶείς

309 918 413 990 τὴν
435 919 753 990 ἐπιφάνειαν
789 916 882 978 τοῦ
926 923 1141 993 ὕδατος·
1170 929 1282 983 ἀλλ’
1312 931 1505 1003 ἐπίσης
1525 934 1615 986 ὑπ’
1635 932 1877 1005 ἀλλήλων

309 1009 680 1083 ἀνθελκόμενα
711 1014 911 1085 μεταξὺ
935 1017 1034 1088 τῆς
1076 1020 1394 1093 ἐπιφανείας
1438 1022 1531 1077 τοῦ
1574 1023 1763 1089 ὓδατος
1786 1025 1878 1078 καὶ

308 1102 406 1156 τοῦ
434 1102 594 1175 βυθοῦ
623 1100 760 1161 εἶναι
791 1108 882 1161 τὸν
909 1104 1155 1179 μόλιϐδον
1188 1113 1283 1167 καὶ
1318 1115 1408 1167 τὸν
1438 1114 1647 1184 φελλόν.
1674 1116 1878 1170 Τεσσά-

313 1211 424 1265 ρων
453 1191 547 1249 οὖν
575 1194 744 1251 ὅντων
775 1198 882 1253 τῶν
906 1202 1201 1272 στοιχείων,
1226 1204 1540 1277 συμϐέϐηκε
1562 1206 1623 1260 τὸ
1649 1206 1760 1279 πῦρ
1783 1206 1878 1261 καὶ

308 1286 405 1341 τὸν
430 1287 587 1360 ἀέρα,
624 1290 930 1360 κουφότατα
957 1293 1103 1360 ὅντα,
1138 1296 1230 1349 ἐπὶ
1267 1296 1366 1368 τὴν
1394 1297 1507 1352 ἀνω
1536 1296 1707 1371 φορὰν
1734 1297 1878 1369 ἔχειν

310 1377 415 1451 τὴν
443 1380 639 1453 ὁρμὴν,
678 1383 771 1437 καὶ
811 1384 1214 1457 περιδινεῖσθαι.
1246 1389 1369 1443 Ὅτι
1407 1388 1464 1442 δὲ
1493 1387 1605 1461 πῦρ
1638 1389 1733 1444 καὶ
1769 1391 1878 1463 ἀὴρ

310 1472 617 1541 κουφότατα
642 1475 735 1527 καὶ
764 1475 1040 1549 ἀνωφερῆ,
1057 1478 1212 1550 δῆλον
1230 1478 1329 1551 μὲν
1352 1480 1447 1535 καὶ
1472 1480 1537 1534 ὲκ
1559 1480 1660 1551 τῆς
1680 1479 1874 1551 ὅψεως·

307 1563 449 1618 ἀλλά
486 1564 593 1635 μὴν
620 1567 715 1620 καὶ
753 1568 817 1622 ὲκ
853 1567 962 1624 τῶν
1000 1571 1149 1644 παρά
1186 1574 1300 1637 τοῖς
1339 1575 1542 1646 ἰατροῖς
1570 1576 1793 1641 σικυῶν,
1820 1579 1878 1630 ὲν

308 1651 401 1719 αἷς
438 1657 651 1729 όρῶμεν
695 1660 1204 1734 ἀπολαμϐανόμενον
1233 1665 1293 1718 τὸ
1345 1666 1456 1739 πῦρ
1487 1667 1602 1739 ἆμα
1642 1667 1718 1739 τῷ
1750 1668 1875 1741 ἀέρι

307 1747 405 1801 τοῦ
461 1726 603 1803 κατά
649 1751 809 1822 βάθος
859 1726 1085 1822 αἵματος
1136 1755 1234 1828 τὴν
1283 1726 1569 1832 ἀναγωγήν
1622 1726 1875 1834 ποιουμέ-
1903 1726 1949 1787 Β

307 1859 426 1906 νοις
453 1841 545 1896 ⁸⁸’.
580 1843 737 1898 Ἀλλά
771 1846 865 1899 καὶ
905 1845 1126 1900 ἀπὸτοῦ
1167 1849 1226 1902 ὲν
1270 1852 1383 1915 τοῖς
1423 1850 1635 1922 λύχνοις
1681 1854 1870 1925 πυρὸς,

307 1931 449 2003 ὅπερ
475 1933 588 1988 ἄνω
616 1934 910 2006 φερόμενον
957 1936 1016 1990 τὸ
1048 1938 1106 1991 ὲν
1146 1941 1210 2009 τῇ
1248 1939 1516 2013 κοιλότητι
1552 1940 1645 1996 τοῦ⁹
1679 1942 1874 2014 λύχνου

305 2022 488 2077 ἔλαιον
513 2024 789 2097 ἀνιμᾶται.
826 2026 981 2079 Ἀλλά
1018 2029 1123 2099 μὴν
1168 2029 1262 2082 καὶ
1301 2030 1456 2086 δαλὸν
1481 2034 1534 2087 εί
1555 2050 1640 2098 τις
1670 2032 1876 2104 ἐξάψας

307 2115 581 2186 στρέψειε,
620 2117 769 2172 κάτω
811 2118 1070 2189 φέρεσθαι
1096 2120 1157 2173 τὸ
1188 2121 1299 2193 πῦρ
1345 2124 1445 2177 οὐκ
1481 2123 1547 2178 ἂν
1582 2124 1871 2196 δυνηθείη·

305 2207 563 2281 ἀνωφερῆ
594 2209 703 2281 γὰρ
735 2213 871 2283 ἴσχει
902 2214 1000 2286 τὴν
1020 2216 1212 2287 ὁρμήν.
1246 2215 1412 2270 Πάλιν
1438 2215 1495 2269 δὲ
1519 2215 1573 2269 εί
1594 2234 1678 2281 τις
1709 2217 1876 2272 ἀσκὸν

304 2293 534 2365 πλήσειε
559 2296 865 2369 πνεύματος
886 2305 979 2354 καὶ
997 2302 1342 2373 ἀποσφίγξει,
1363 2304 1506 2375 ῥίψει
1529 2304 1586 2358 δὲ
1603 2307 1683 2369 είς
1710 2294 1870 2379 ὔδωρ·

304 2386 461 2441 οὐδὲν
484 2382 643 2460 ἦττον
671 2391 987 2457 ἐπιπολάζει
1026 2395 1056 2448 ὁ
1091 2396 1276 2460 ἀσκός.
1307 2396 1430 2450 Ὅτι
1454 2396 1511 2450 δὲ
1540 2398 1579 2468 ἡ
1598 2397 1669 2469 γῆ
1699 2397 1793 2452 καὶ
1815 2398 1876 2451 τὸ

304 2478 456 2552 ὕδωρ
482 2480 653 2554 βαρέα
678 2484 773 2538 καὶ
800 2501 1014 2555 κατωφε
1024 2486 1111 2557 ρῆ,
1139 2488 1199 2540 ού
1226 2486 1307 2541 δεῖ
1331 2486 1515 2557 λόγου,
1551 2490 1651 2560 τῆς
1680 2488 1874 2560 πείρας

303 2571 661 2644 διδασκούσης
684 2615 699 2630 .
737 2575 848 2647 Τὴν
875 2575 931 2630 δὲ
962 2578 1133 2644 τάξιν,
1177 2580 1242 2649 ἢν
1282 2578 1586 2649 δεδώκαμεν
1616 2578 1695 2651 τῷ
1719 2597 1876 2649 σφαι-

306 2660 544 2736 ρὼματι,
575 2668 624 2719 οἱ
659 2667 906 2739 Ὀρφικοὶ
939 2668 1153 2739 λέγουσι
1179 2669 1563 2743 παραπλησίαν
1594 2667 1731 2725 εἶναι
1762 2674 1875 2735 τοῖς

303 2756 453 2822 ὡοίς.
487 2750 584 2814 Ὃν
610 2758 718 2832 γάρ
746 2758 859 2831 ἔχει
886 2760 1042 2830 λόγον
1078 2763 1139 2816 τὸ
1164 2762 1395 2834 λέπυρον
1420 2764 1481 2817 ὲν
1515 2762 1593 2835 τῷ
1617 2762 1729 2833 ὠῷ,
1752 2763 1876 2817 τοῦ-

303 2866 400 2906 τον
431 2850 573 2921 ἔχειν
602 2853 660 2905 ὲν
689 2851 766 2923 τῷ
789 2854 948 2907 παντὶ
971 2853 1061 2906 τὸν
1085 2855 1309 2926 οὐρανόν
1329 2872 1341 2884 ·
1368 2855 1467 2908 καὶ
1485 2855 1560 2919 ὡς
1583 2854 1875 2927 ἐξήρτηται

303 2942 403 2997 τοῦ
427 2932 659 3015 οὐρανοῦ
690 2946 1028 3018 κυκλοτερῶς
1057 2950 1087 3000 ὁ
1128 2947 1309 3020 αἰθὴρ,
1343 2946 1485 3002 οὕτω
1516 2947 1609 3002 τοῦ
1637 2947 1874 3021 λεπύρου

1978 473 2185 543 ακιιιοιο
2229 475 2430 546 capiat,
2482 487 2537 532 et
2587 477 2818 533 invicem
2859 477 3080 550 alliget;
3126 480 3259 536 illud
3307 483 3536 552 accidet,

1977 575 2228 619 neutrum
2277 574 2338 620 ut
2376 567 2446 622 ab
2491 567 2664 624 altero
2712 570 2855 630 trahi
2885 570 3102 641 possit:
3132 583 3194 627 ut
3237 574 3284 630 si
3325 575 3449 645 quis
3480 576 3539 631 in

1977 672 2128 716 mare
2157 660 2261 715 ista
2290 661 2563 732 projiciat,
2598 677 2775 735 neque
2803 666 2969 722 suber
3000 667 3057 723 in
3085 667 3417 740 profundum
3444 667 3539 724 de-

1979 750 2245 820 primatur
2290 767 2322 808 a
2350 753 2595 824 plumbo,
2639 771 2817 828 neque
2845 759 3126 829 plumbum
3167 760 3234 815 ad
3267 771 3538 818 summam

1977 853 2176 911 aquam
2214 855 2245 896 a
2267 842 2466 899 subere
2492 846 2669 916 possit
2696 848 2871 902 attolli
2896 867 2913 904 :
2936 848 3030 905 sed
3066 865 3134 906 ex
3166 865 3323 922 aequo
3355 851 3537 907 utrin-

1977 946 2084 1001 que
2106 938 2283 988 tracta
2302 934 2466 991 suber
2495 944 2550 993 et
2572 938 2854 1007 plumbum
2885 956 3152 997 summam
3177 942 3319 998 inter
3338 956 3538 1014 aquam

1979 1022 2318 1096 fundumque
2346 1041 2615 1097 suspensa
2652 1036 2963 1085 teneantur.
3011 1030 3376 1097 Quamobrem
3412 1046 3543 1090 cum

1979 1115 2091 1170 sint
2116 1116 2382 1172 elementa
2405 1128 2663 1189 quatuor,
2696 1119 2895 1176 accidit
2932 1128 2992 1175 ut
3015 1122 3159 1192 ignis
3187 1132 3242 1179 et
3271 1138 3387 1191 aer,
3416 1116 3540 1196 quae

1978 1216 2109 1264 sunt
2140 1208 2442 1277 levissima,
2477 1226 2697 1269 sursum
2732 1222 2926 1283 suapte
2968 1221 3165 1285 sponte
3222 1225 3545 1287 naturaeque

1911 1326 1929 1355 ι
1979 1299 2181 1370 impetu
2210 1301 2479 1368 ferantur,
2508 1311 2562 1360 et
2598 1305 2655 1360 in
2683 1304 2870 1361 orbem
2896 1304 3191 1377 agitentur;
3221 1304 3365 1361 Nam‘
3390 1308 3539 1379 quod

1979 1393 2121 1462 ignis
2141 1404 2196 1450 et
2226 1408 2320 1451 aer
2348 1396 2630 1452 levissima
2659 1411 2893 1469 corpora
2927 1398 3059 1467 sint,
3085 1406 3143 1454 et
3168 1410 3388 1456 sursum
3418 1407 3540 1456 terr-

1977 1484 2184 1550 dentia;
2238 1499 2363 1541 cum
2413 1488 2696 1543 oculorum
2748 1503 2913 1544 sensu
2972 1488 3373 1556 discernimus,
3420 1498 3544 1546 tum

1976 1577 2311 1633 medicorum
2337 1580 2637 1637 cucurbitae
2656 1580 3075 1649 demonstrant;
3098 1581 3298 1652 quibus
3326 1581 3540 1639 inclusa

1976 1667 2223 1725 videmus
2270 1671 2431 1726 ambo
2480 1686 2547 1726 ex
2576 1670 2686 1743 '76
2705 1670 2816 1726 alto
2868 1670 3189 1742 sanguinem
3229 1671 3541 1728 extrahere.

1976 1761 2124 1818 Idem
2171 1771 2224 1819 et
2267 1759 2618 1819 lucernarum
2664 1763 2809 1834 ignis
2855 1765 3121 1821 ostendit.
3167 1764 3271 1832 Qui
3319 1760 3539 1823 sursum

1974 1852 2185 1909 enitens
2229 1853 2409 1911 oleum
2453 1855 2517 1910 ad
2554 1869 2614 1911 se
2653 1855 2844 1922 trahit,
2871 1855 3016 1927 quod
3049 1856 3289 1912 lucernae
3328 1856 3545 1929 alveolo

1975 1945 2302 2002 continetur.
2340 1946 2483 2013 Quin
2515 1947 2683 2003 etiam
2731 1954 2934 2004 torrem
2994 1962 3286 2005 accensum
3322 1950 3370 2007 si
3411 1950 3545 2021 quis

1976 2035 2234 2102 invertat,
2265 2052 2545 2109 nunquam
2571 2039 2833 2096 deorsum
2871 2041 3098 2096 omnino
3129 2041 3315 2105 tendet
3345 2031 3489 2113 ignis
3520 2061 3542 2096 ι

1976 2123 2177 2195 quippe
2207 2141 2365 2195 quem
2397 2127 2454 2181 in
2486 2127 2654 2182 altum
2685 2121 2876 2183 nativa
2892 2129 3137 2201 quaedam
3167 2129 3251 2186 vis
3288 2130 3541 2202 impellit.

1976 2214 2191 2272 Rursus
2230 2216 2276 2272 si
2311 2217 2436 2289 quis
2470 2226 2635 2297 vento
2679 2218 2978 2297 distentum
3025 2228 3200 2276 utrem
3239 2229 3295 2278 et
3334 2220 3543 2292 obliga-

1977 2317 2093 2363 tum
2148 2308 2202 2363 in
2255 2323 2450 2378 aquam
2494 2294 2789 2381 projiciat,
2842 2312 3201 2368 nihilominus
3248 2312 3542 2369 innatabit.

1976 2399 2131 2468 Quod
2166 2407 2348 2456 autem
2373 2409 2519 2457 terra
2550 2414 2604 2459 et
2631 2418 2773 2475 aqua
2805 2406 2992 2474 gravia
3020 2406 3152 2473 sint,
3188 2420 3253 2462 ac
3284 2405 3544 2463 deorsum

1979 2492 2248 2557 ferantur,
2276 2492 2494 2550 ratione
2522 2495 2671 2572 nulla
2692 2497 2912 2566 probari
2944 2513 3172 2557 necesse
3194 2506 3309 2570 est,
3329 2514 3455 2555 cum
3486 2498 3543 2554 id

1977 2583 2112 2638 satis
2141 2583 2477 2654 experientia
2500 2576 2752 2642 testetur.
2781 2578 3050 2643 Caeterum
3080 2589 3217 2645 ordo
3238 2590 3351 2657 ille,
3375 2605 3545 2661 quem

1976 2673 2034 2728 in
2057 2673 2247 2729 mundi
2274 2674 2491 2746 sphaera
2521 2677 2932 2743 constituimus,
2960 2693 3186 2735 ovorum
3204 2681 3403 2737 similis
3431 2691 3543 2748 est,

1976 2771 2038 2820 ut
2057 2762 2258 2837 Orphei
2290 2775 2601 2825 sectatores
2617 2768 2834 2824 docent.
2879 2768 3052 2836 Quam
3087 2770 3232 2827 enim
3267 2768 3546 2829 rationem

1976 2856 2140 2914 habet
2178 2858 2235 2914 in
2283 2873 2386 2914 ovo
2423 2858 2708 2930 putamen,
2753 2856 2999 2916 eamdem
3033 2861 3090 2917 in
3135 2869 3251 2918 toto
3280 2863 3549 2922 universo

1978 2950 2179 3005 coelum
2212 2950 2454 3019 obtinet;
2502 2959 2666 3023 atque
2689 2959 2749 3007 ut
2781 2953 2836 3007 in
2861 2946 3046 3009 urbem
3076 2969 3108 3010 e
3135 2955 3277 3023 cmlo
3303 2970 3547 3029 suspen-

303 3037 527 3126 6_6pﬁv.
566 3039 727 3093 Κατά
752 3039 807 3092 δέ
841 3056 1009 3105 τινας,
1050 3040 1233 3111 ἐπειδὴ
1273 3041 1301 3093 ὁ
1332 3040 1559 3112 οὐρανὸς
1594 3041 1688 3095 καὶ
1712 3041 1876 3114 αἰθὴρ

1979 3056 2076 3096 sus
2105 3050 2191 3095 est
2216 3040 2409 3107 mther,
2453 3041 2534 3097 sic
2572 3057 2605 3098 e
2634 3041 2914 3112 putamine
2943 3042 3214 3112 pellicula.
3246 3041 3367 3109 Vel,
3394 3045 3547 3115 quod

305 3120 389 3191 εἷς
426 3127 564 3192 ἐστι,
595 3126 733 3197 μετά
758 3128 816 3182 δὲ
847 3128 1031 3182 τοῦτον
1052 3132 1080 3184 ὁ
1102 3130 1244 3202 ἀήρ·
1280 3130 1433 3185 ἔσται
1466 3131 1525 3184 ὲν
1549 3133 1661 3196 τοῖς
1688 3132 1815 3196 ὠοῖς
1849 3135 1877 3186 ὁ

1979 3131 2103 3187 aliis
2128 3132 2328 3203 placet,
2369 3132 2626 3203 quoniam
2655 3132 2828 3188 aether
2855 3133 2997 3189 idem
3020 3141 3106 3190 est
3141 3148 3207 3189 ac
3242 3135 3489 3203 uelum;
3508 3151 3545 3190 a

305 3219 451 3292 ὑμὴν
483 3220 576 3274 τοῦ
600 3221 759 3293 ἀέρος
785 3221 937 3286 τάξιν
973 3222 1186 3294 ἐπέχων
1212 3241 1225 3253 ·
1247 3225 1283 3295 ἡ
1311 3223 1367 3275 δὲ
1399 3222 1565 3296 λευκὴ
1592 3222 1729 3296 σὰρξ
1753 3225 1787 3296 ἡ
1820 3226 1877 3279 ἐν

303 3309 387 3381 τῷ
408 3311 520 3383 ὼῷ,
559 3313 609 3366 εί
639 3312 737 3385 τὴν
778 3313 871 3366 τοῦ
917 3314 1078 3386 ἀέρος
1118 3314 1270 3379 τάξιν
1315 3313 1521 3385 ὲπέχει,
1552 3313 1703 3368 ἔσται
1740 3315 1877 3387 ἠλέ-

307 3405 458 3469 κιθος
486 3403 581 3459 τοῦ
605 3404 715 3459 ὠοῦ
750 3405 848 3478 τὴν
877 3403 972 3459 τοῦ
1003 3406 1194 3470 ὓδατος
1220 3395 1375 3471 τάξιν
1410 3407 1680 3478 ἐπέχουσα
1697 3425 1712 3438 ·
1737 3407 1799 3461 τὸ
1822 3407 1875 3461 δὲ

306 3498 587 3552 ὲνδότατον
612 3497 707 3552 καὶ
740 3497 1061 3568 μεσαίτατον
1091 3498 1189 3569 τῆς
1211 3485 1423 3551 λεκίθου
1454 3497 1552 3569 τὴν
1576 3497 1729 3564 τάξιν
1754 3497 1876 3569 ἔχον

305 3589 408 3658 τῆς
436 3584 640 3661 γῆς.-Εἶ
664 3589 720 3643 δὲ
748 3590 922 3661 ὑμένα
945 3590 1035 3643 τὸν
1064 3592 1123 3643 ὲν
1156 3589 1234 3659 τῷ
1262 3589 1355 3661 ὠῷ
1382 3590 1503 3644 ἀντὶ⁸
1528 3589 1622 3644 τοῦ
1661 3589 1876 3661 αίθέρος

303 3681 579 3753 λάϐωμεν,
601 3667 663 3736 τὸ
686 3682 793 3737 τῶν
821 3682 1050 3753 ὀρνίθων
1073 3683 1214 3753 γάλα
1248 3683 1362 3738 ἀντ’
1389 3684 1550 3753 ἀέρος
1576 3683 1749 3748 ἔσται,
1784 3684 1878 3737 καὶ

303 3776 341 3847 ἠ
381 3773 577 3840 ἔξωθεν
607 3774 879 3847 περιφορά
914 3760 1015 3845 τῆς
1060 3774 1274 3829 λεκίθου
1309 3777 1429 3830 ἀντὶ
1472 3777 1659 3841 ὓδατος
1679 3794 1693 3806 ·
1727 3775 1789 3829 τὸ
1818 3775 1875 3829 δὲ

305 3864 588 3919 ὲνδότατον
618 3864 713 3919 καὶ
749 3865 1069 3936 μεσαίτατον
1105 3866 1225 3920 ἀντ)⁵
1270 3866 1371 3937 τῆς
1397 3868 1519 3938 γῆς.
1551 3864 1793 3921 Καθόλου
1817 3864 1875 3919 δὲ

306 3956 405 4011 ἑάν
432 3956 594 4010 πέντε
623 3955 858 4027 σφαίρας
894 3955 1136 4028 εἴπωμεν
1173 3956 1314 4012 κατά
1355 3956 1446 4011 τὸν
1476 3957 1873 4028 Ἀριστοτέλην,

304 4047 368 4102 τὸ
389 4047 666 4102 ἑνδότατον
692 4048 790 4120 τῆς
828 4046 1040 4102 λεκίθου
1083 4048 1203 4103 ἀντὶ
1231 4049 1333 4120 τῆς
1372 4050 1477 4121 γῆς
1514 4047 1875 4121 παραληφθή-

306 4154 491 4193 σεται·
523 4137 619 4193 ὲάν
648 4138 707 4192 δὲ
735 4138 1002 4210 τέσσαρας
1028 4140 1175 4193 κατά
1196 4139 1323 4203 τοὺς
1354 4138 1568 4204 ἄλλους,
1596 4139 1692 4211 ὅλη
1723 4141 1756 4211 η
1785 4139 1871 4194 λέ-

304 4229 456 4294 κιθος
483 4230 603 4283 ἀντὶ
638 4230 737 4300 τῆς
763 4230 867 4302 γῆς
892 4229 1064 4297 ἔσται,
1092 4231 1152 4284 οὐ
1180 4231 1322 4286 κατὰ
1362 4234 1423 4286 τὸ
1458 4231 1706 4303 μεγεθος,
1738 4229 1883 4285 ἀλλὰ

303 4324 448 4379 κατά
470 4324 571 4395 τὴν
599 4322 771 4388 τάξιν.

376 4505 505 4563 Ὀτι
530 4506 588 4561 δὲ
612 4504 708 4560 καὶ
729 4504 957 4575 ἕστηκεν
984 4505 1019 4575 ἡ
1067 4506 1161 4576 γῆ,
1204 4505 1605 4577 παραδείγματι
1634 4506 1871 4577 χρῶνται

303 4600 499 4670 τούτῳ.
526 4598 595 4653 Et
613 4615 716 4661 τις,
756 4596 939 4666 φασὶν,
989 4597 1068 4658 είς
1109 4594 1319 4665 φύσκαν
1350 4596 1585 4668 κέγχρον
1630 4596 1801 4667 βάλοι,
1837 4582 1875 4668 ἥ

305 4692 505 4747 κόκκον
529 4689 725 4761 φακοῦ,
760 4689 856 4745 καὶ
890 4688 1168 4758 φυσήσειε,
1208 4690 1303 4743 καὶ
1338 4689 1670 4759 ἐμπλήσειεν
1703 4690 1875 4760 αὐτὴν

305 4785 496 4857 ἀέρος·
531 4783 864 4855 συμϐήσεται
904 4782 1329 4854 μετεωρισθέντα
1356 4781 1449 4834 τὸν
1471 4781 1666 4834 κόκκον
1691 4783 1748 4834 ὲν
1779 4781 1873 4851 μέ-

196 4890 201 4893 ·
306 4893 387 4947 σῳ
424 4877 521 4949 τῆς
544 4875 785 4940 κύστεως
810 4876 1018 4947 στῆναι.
1050 4875 1159 4928 Καὶ
1180 4872 1278 4945 τὴν
1312 4873 1417 4943 γῆν
1449 4873 1505 4943 δὲ
1536 4872 1884 4943 πανταχόθεν·

304 4968 413 5022 ὑπὸ
448 4968 542 5022 τοῦ
580 4967 740 5038 ἀέρος
780 4965 1113 5037 ὠθουμένην,
1156 4965 1458 5037 ἰσορρόπως
1505 4967 1562 5019 ὲν
1604 4964 1683 5036 τῷ
1723 4966 1879 5036 μέσῳ-

303 5054 444 5113 εἷναι
484 5058 580 5112 καὶ
622 5057 861 5111 ἑστάναι.
902 5056 975 5109 Ἦ
1026 5055 1190 5109 πάλιν
1232 5053 1428 5124 ὥσπερ
1467 5052 1522 5106 εῐ
1558 5070 1644 5117 τις
1694 5052 1872 5107 λαϐὼν

306 5147 469 5218 σῶμα
508 5146 686 5216 δήσειε
736 5142 1064 5214 πανταχόθεν
1109 5142 1358 5213 σχοινίοις
1380 5183 1394 5207 ,
1444 5143 1537 5196 καὶ
1585 5141 1700 5213 δοίη
1731 5143 1872 5195 τισὶν

309 5239 611 5311 ἰσορρόπως
659 5237 835 5291 ἕλκειν
883 5237 969 5289 ἐπ’
1023 5233 1335 5304 ἀκριϐείας·
1385 5233 1720 5305 συμϐήσεται
1764 5234 1877 5305 γὰρ

306 5328 640 5399 πανταχόθεν
656 5328 849 5398 ἐπίσης
883 5327 1299 5399 περιελκόμενον
1333 5327 1520 5398 στῆναι
1566 5327 1659 5380 καὶ
1707 5328 1873 5398 ἀτρε-

310 5423 506 5494 μῆσαι.
541 5421 843 5492 Ξενοφάνης
869 5420 924 5474 δὲ
953 5421 1052 5473 οὐκ
1089 5420 1255 5474 οἴεται
1302 5420 1575 5492 μετέωρον
1598 5414 1738 5475 εἶναι
1774 5421 1872 5491 τὴν
1898 5455 1903 5459 η

306 5517 434 5587 γῆν,
464 5513 598 5569 ἀλλὰ
627 5513 776 5567 κάτω
806 5515 883 5577 εἰς
906 5512 1130 5583 ἄπειρον
1161 5512 1419 5595 καθήκειν
1444 5531 1457 5543 ’
1495 5512 1627 5581 (ἔπλετ’ὶ
1652 5510 1761 5580 γάρ
1786 5528 1801 5543 ’
1871 5547 1875 5551 ⁷

416 5692 501 5726 ⁸⁸⁸⁸
516 5693 559 5765 ί.
599 5694 909 5763 ποιούμενα.

1977 3238 2086 3293 quo
2108 3222 2389 3294 prosimus
2420 3231 2500 3278 est
2528 3237 2644 3288 aer,
2672 3222 2777 3279 erit
2804 3223 2859 3278 in
2884 3238 2987 3279 ovo
3017 3224 3332 3280 membrana
3365 3224 3548 3281 instar

1976 3315 2161 3371 aeris:
2194 3318 2324 3371 caro
2356 3322 2536 3371 autem
2591 3313 2795 3380 albida,
2827 3330 2950 3386 quae
2996 3315 3052 3370 in
3102 3314 3289 3392 eodem
3337 3324 3443 3383 est,
3492 3317 3548 3374 si

1975 3406 2194 3478 quidem
2225 3408 2337 3463 aer'i
2373 3396 2688 3478 respondet,
2720 3422 2875 3479 aqua:
2902 3406 3081 3463 locum
3104 3406 3550 3487 vitellushaberc

1975 3505 2183 3569 potest;
2211 3505 2327 3553 tum
2362 3498 2506 3569 quod
2532 3498 2763 3555 interius
2793 3508 2879 3577 est
2908 3499 2965 3555 in
2986 3498 3167 3555 medio
3197 3499 3403 3563 vitello,
3431 3507 3543 3557 ter-

1975 3605 2090 3645 ram
2140 3589 2425 3661 exprimet.
2493 3590 2591 3647 Sin
2639 3598 2724 3648 est
2785 3598 2847 3646 ut
2910 3589 3286 3647 membranam
3340 3591 3427 3647 ovi
3471 3592 3545 3648 ad

1975 3681 2179 3738 aethera
2221 3681 2525 3739 transferre
2574 3681 2851 3746 malimus,
2904 3682 3004 3752 pro
3051 3695 3180 3737 aere
3211 3681 3541 3760 gallinarum

1975 3774 2060 3829 lac
2090 3772 2453 3851 habebimus;
2477 3781 2531 3829 et
2563 3771 2731 3828 vitelli
2756 3780 3035 3829 extremus
3077 3772 3316 3829 ambitus
3344 3788 3547 3846 aquam.

1975 3864 2271 3920 exhibebit.
2308 3862 2465 3931 Quod
2516 3858 2748 3921 interius
2795 3873 2900 3928 est,
2950 3871 3005 3919 et
3035 3864 3091 3919 in
3132 3864 3349 3932 medio,
3381 3871 3546 3920 terrae

1975 3956 2149 4011 instar
2175 3956 2299 4011 erit.
2328 3955 2409 4010 Ad
2436 3969 2729 4021 summam,
2762 3955 2808 4011 si
2837 3970 2960 4010 cum
2984 3954 3275 4011 Aristotele
3296 3955 3545 4027 quinque

1974 4046 2215 4117 spbzeras
2246 4061 2369 4102 esse
2412 4046 2737 4115 dixerimus,
2780 4046 2927 4118 quod
2960 4047 3213 4103 intimum
3248 4053 3332 4103 est
3356 4047 3413 4101 in
3457 4048 3541 4101 vi-

1973 4139 2124 4205 tello,
2166 4146 2328 4194 terra!
2373 4138 2495 4193 loco
2543 4148 2811 4195 sumetur.
2867 4135 2962 4193 Sin
3010 4145 3245 4209 quatuor
3285 4149 3545 4209 putemus

1973 4229 2128 4295 essé‘,
2163 4226 2308 4298 quod
2354 4228 2447 4282 alii
2481 4237 2738 4296 censent;
2770 4244 2872 4300 pro
2924 4236 3072 4284 terra
3108 4228 3351 4284 vitellum
3400 4229 3541 4283 inte-

1973 4310 2165 4391 grum,
2214 4334 2324 4375 non
2374 4320 2806 4391 magnitudinis,
2857 4321 2952 4378 sed
3007 4322 3148 4378 situs
3194 4323 3401 4378 ratione
3441 4337 3539 4378 ca-

1899 4414 1945 4469 D
1972 4412 2205 4482 piemus.

2044 4503 2165 4559 Jam
2198 4503 2340 4575 quod
2377 4504 2672 4561 immobilis
2718 4514 2863 4563 terra
2908 4507 3188 4570 consistat,
3222 4507 3324 4561 hoc
3355 4521 3542 4561 exem-

1973 4595 2065 4665 plo
2097 4594 2382 4666 colligunt.
2414 4593 2630 4650 Etenim
2656 4595 2704 4651 s‘i
2748 4596 2896 4665 quis,
2939 4594 3114 4658 aiunt,
3147 4595 3203 4649 in
3234 4594 3537 4650 folliculum

1975 4686 2131 4750 milii,
2166 4694 2264 4740 seu
2312 4684 2587 4741 lenticulae
2630 4699 2861 4756 granum
2898 4684 3142 4754 injiciat,
3191 4692 3246 4739 et
3295 4684 3543 4741 inﬂando

1974 4776 2231 4847 deinceps
2263 4790 2390 4831 aere
2419 4776 2709 4846 compleat,
2740 4775 2938 4831 elatum
2976 4776 3030 4829 in
3053 4776 3282 4831 sublime
3308 4792 3537 4847 granum

1974 4868 2030 4923 in
2084 4868 2276 4922 vesicae
2329 4867 2507 4924 medio
2558 4867 2818 4923 manebit.
2880 4868 2961 4919 Ad
3006 4866 3256 4923 eumdem
3315 4867 3540 4922 modum

1975 4970 2119 5015 terra
2153 4960 2518 5029 undecunque
2566 4959 2640 5013 ab
2684 4973 2812 5012 aere
2842 4959 3021 5028 pulsa,
3072 4966 3126 5012 et
3160 4959 3214 5012 in
3262 4957 3440 5013 medio
3480 4958 3539 5012 li-

1974 5052 2125 5107 brata
2156 5051 2527 5122 suspenditur.
2563 5051 2671 5105 Aut
2698 5050 3156 5120 quemadmodum
3191 5050 3238 5106 si
3262 5050 3383 5120 quis
3416 5064 3539 5103 cor-

1974 5160 2078 5216 pus
2114 5142 2334 5214 aliquod
2367 5140 2607 5212 undique
2653 5141 2878 5197 funibus
2927 5141 3204 5212 alligatum
3254 5140 3540 5211 aequaliter

1976 5236 2045 5291 ab
2066 5234 2213 5290 omni
2249 5242 2401 5304 parte
2421 5233 2610 5303 jubeat
2635 5232 2855 5299 attrahi,
2889 5247 3013 5287 cum
3038 5230 3280 5301 undique
3311 5231 3539 5302 paribus

1975 5328 2263 5383 momentis
2310 5326 2652 5396 impellatur‘,
2700 5325 2864 5381 stabit
2908 5333 2962 5379 et
3008 5324 3273 5394 quiescet.
3321 5323 3391 5378 At
3438 5322 3544 5380 Xe-

1976 5423 2258 5493 nophanes
2284 5427 2445 5491 negat
2466 5420 2521 5474 in
2543 5434 2717 5475 vacuo
2743 5432 3066 5487 suspensam
3097 5417 3269 5473 teneri
3297 5424 3536 5483 terram;

1976 5515 2069 5572 sed
2090 5515 2143 5571 in
2173 5514 2500 5569 immensum
2529 5511 2670 5567 infra
2691 5513 2998 5580 pertinere;
3033 5510 3112 5565 sic
3132 5509 3276 5565 enim
3303 5509 3501 5569 cecmit
3519 5498 3563 5566 ε’
