4000 6206
401 282 507 340 at;
562 337 578 355 κ

1419 267 1507 322 AD
1545 266 1809 323 EUSEBII
1841 268 2259 328 CHRONICON-
2280 261 2639 324 APPENDIX.

2795 208 2807 240 i

3523 255 3627 311 9η

404 403 580 457 Terrw
603 393 808 466 qmdent
833 392 914 446 hic
936 391 1190 466 terminus
1213 398 1514 466 supra‘ante
1532 387 1682 456 pedes
1707 391 1956 466 cernitur.

2083 385 2380 466 "dine-11f}?
2409 383 2542 448 τόδε
2567 379 2770 466 ,πεῖρας
2804 379 2924 466 ἄνευ
2948 377 3104 464 παρὰ
3149 374 3374 466 πεσιξὶν
3396 373 3626 466 ἐρᾶται,

411 471 472 524 ivit
489 460 872 539 ﬂuit-oberrans
892 478 907 515 :
927 463 1166 531 inﬁmum
1183 471 1354 514 autem
1377 461 1679 512 immensum
1697 460 1958 529 pertingit.

478 641 872 712 Aristophanes
899 646 1078 692 autem
1112 638 1164 690 in
1200 635 1440 690 Nubibus
1472 649 1792 706 suspensam
1820 636 1960 689 illam

430 734 538 788 aeit
565 733 655 794 liis
688 729 869 785 verbis
902 747 915 783 :

411 842 454 899 0
487 841 694 896 domine
722 855 834 907 rex,
867 838 1111 891 immense
1143 851 1252 900 aer,
1287 835 1374 903 qui
1405 834 1599 888 obtines
1617 845 1818 976 lterram
1849 851 1965 888 sus-

1639 921 1849 974 pensant
1877 921 1896 958 :

1639 921 1849 974 pensant
1877 921 1896 958 :

409 1023 502 1080 sed
537 1030 769 1079 stantem
800 1018 1153 1075 nihilominus
1181 1027 1232 1072 et
1257 1018 1556 1072 immotam.
1584 1016 1722 1071 l‘liuc
1745 1019 1968 1082 Aratus,

621 1240 632 1251 .
681 1239 694 1251 .
742 1237 756 1251 .
803 1195 974 1262 habet,
1007 1194 1200 1264 inquit,
1235 1193 1482 1248 libratam
1508 1191 1734 1263 undique

622 1267 684 1322 In
722 1267 890 1320 medio
923 1275 1138 1330 terram,

411 1395 532 1451 quae
558 1387 810 1434 neutram
844 1386 1028 1449 vergat
1061 1377 1116 1432 in
1141 1385 1370 1448 partem.
1394 1376 1594 1432 Verum
1621 1377 1972 1449 Empedocles

410 1480 558 1527 certa
592 1471 877 1527 elementis
906 1470 1025 1525 loca
1065 1485 1174 1525 non
1206 1469 1491 1540 attribuit;
1523 1470 1619 1526 sed
1657 1471 1748 1525 illa
1780 1469 1972 1526 cedere

409 1561 638 1617 invicem
663 1561 896 1628 asserit;
933 1560 1068 1616 adeo
1093 1568 1152 1615 ut
1181 1570 1291 1616 tam
1324 1561 1575 1618 sublimis
1608 1573 1774 1628 terra,
1809 1576 1972 1632 quam

410 1652 728 1725 depressum
758 1654 960 1709 coelum
986 1653 1252 1724 rapiatur.

893 1766 1023 1834 Quw
1049 1768 1117 1822 sit
1143 1778 1339 1824 natura
1367 1771 1504 1827 caeli.

475 1862 530 1916 5.
566 1859 777 1916 leum
816 1860 909 1914 alii
949 1861 1167 1932 igneum
1213 1868 1268 1916 et
1303 1861 1536 1917 solidum
1575 1877 1699 1919 esse
1730 1862 1920 1918 dicunt
1953 1877 1966 1912 :

412 1955 554 2009 intra
575 1953 722 2024 quod
753 1953 998 2024 proxima
1028 1954 1099 2010 sit
1121 1954 1262 2026 ignis
1295 1955 1527 2026 sphaera,
1561 1955 1796 2027 lampadi
1817 1957 1972 2012 simi-

412 2047 481 2102 lis
517 2065 529 2100 :
561 2047 664 2101 nisi
703 2046 848 2116 quod
895 2045 950 2099 in
1000 2045 1245 2115 lampade
1294 2062 1516 2103 sursum
1567 2047 1738 2102 tendit
1787 2045 1967 2116 ignis:

410 2139 578 2194 aether
621 2153 752 2192 vero
796 2137 1072 2192 deorsum.
1118 2137 1254 2192 Tum
1293 2138 1534 2194 divinum
1576 2137 1833 2208 quiddam
1875 2154 1973 2208 pu-

411 2248 534 2286 rum
583 2239 637 2286 et
671 2231 938 2285 illibatum
982 2238 1066 2286 est
1104 2231 1302 2296 mther;
1336 2230 1478 2301 ignis
1518 2245 1648 2286 vero
1693 2231 1971 2301 corrumpi

412 2331 610 2395 potest.
645 2320 998 2392 Empedocles
1044 2323 1286 2393 crystalli
1328 2322 1506 2378 simile
1538 2322 1686 2388 facit,
1733 2325 1877 2379 velut
1905 2340 1970 2378 ex

412 2414 585 2486 glacie
611 2421 977 2484 compactum.
1004 2414 1408 2470 Anaximander
1437 2415 1660 2470 volucre
1687 2415 1826 2486 ignis
1851 2431 1973 2486 par-

412 2509 606 2576 ticeps.
655 2505 975 2562 Aristotcles
1024 2521 1223 2576 corpus
1273 2522 1337 2562 ex
1376 2504 1570 2578 frigido
1614 2515 1874 2563 constans
1920 2515 1974 2562 et

415 2597 614 2653 calido.
635 2595 745 2652 Nec
769 2597 1020 2652 dubitant
1042 2598 1173 2668 quin
1201 2598 1273 2653 sit
1290 2598 1491 2652 animal
1519 2599 1740 2654 coelum.
1766 2599 1974 2670 Quippe

414 2705 537 2744 cum
561 2696 615 2744 et
635 2705 732 2760 per
766 2704 887 2745 sese
917 2696 1216 2755 moveatur,
1254 2698 1307 2746 et
1340 2690 1528 2746 eodem
1574 2692 1734 2747 modo
1763 2707 1975 2761 semper

415 2781 472 2834 in
505 2781 690 2836 orbem
721 2780 961 2849 cieatur,
993 2788 1157 2852 atque
1196 2782 1264 2837 ab
1314 2781 1502 2838 iisdem
1533 2783 1752 2853 punctis
1785 2783 1851 2838 ad
1883 2799 1974 2839 ca~

415 2874 535 2929 dem
577 2872 957 2929 vicissitudine
990 2881 1245 2945 perpetua
1294 2886 1610 2941 revocetur;
1644 2875 1746 2930 hoc
1795 2877 1973 2947 ipsum

414 2971 595 3018 mente
627 2963 836 3033 praediti
863 2978 984 3019 esse
999 2963 1286 3018 confirmat
1314 2963 1488 3020 Plato.
1519 2965 1657 3031 Quin
1690 2965 1852 3022 etiam
1885 2981 1976 3022 so-

415 3057 484 3112 lis
511 3071 734 3112 cursum
780 3071 844 3110 ac
890 3057 1029 3110 lunae
1066 3055 1330 3114 circuitus
1377 3059 1673 3123 intuemur,
1707 3069 1758 3115 et
1787 3076 1975 3116 erran-

418 3149 551 3203 tium
605 3157 926 3204 cmterorum
968 3149 1484 3206 circumvolutiones
1532 3159 1587 3206 et
1633 3167 1975 3224 progressus.
2007 3133 2048 3189 θ

417 3238 513 3295 Est
548 3247 728 3295 autem
771 3240 1062 3297 animantis
1100 3241 1202 3296 hoc
1230 3243 1532 3313 proprium,
1574 3258 1606 3297 a
1651 3244 1834 3314 seipso
1864 3260 1980 3300 mo-

418 3332 554 3387 veri.
589 3331 722 3386 Nam
745 3341 799 3387 et
821 3333 874 3386 in
907 3341 1068 3399 terra,
1100 3341 1152 3388 et
1183 3334 1236 3388 in
1261 3349 1403 3402 aere,
1436 3342 1490 3391 et
1529 3335 1585 3390 in
1619 3350 1758 3407 aqua
1779 3339 1980 3408 degunt

420 3424 698 3478 animalia.
735 3423 889 3480 Unde
919 3433 1346 3483 consentaneum
1385 3437 1468 3483 est
1501 3427 1665 3484 etiam
1707 3431 1847 3484 coelo
1899 3438 1981 3485 at-

425 3529 532 3584 que
565 3514 767 3571 aethere
796 3515 1084 3572 contineri.
1115 3515 1193 3571 Ac
1235 3517 1423 3573 nescio
1467 3533 1536 3572 an
1571 3533 1680 3573 non
1712 3517 1981 3575 Homerus

421 3603 540 3674 ipse
567 3605 634 3660 de
663 3605 776 3672 illo,
808 3605 888 3661 sic
921 3614 1178 3678 tanquam
1209 3608 1484 3664 animante
1519 3611 1620 3664 ista
1642 3609 1873 3665 dixerit:

425 3798 490 3852 Et
520 3799 620 3865 sol,
648 3800 737 3870 qui
762 3800 815 3854 in
846 3804 1024 3856 omnia
1053 3804 1328 3874 prospicit,
1361 3813 1410 3858 et
1445 3803 1594 3859 audit
1625 3806 1823 3860 omnia.

421 3911 613 3976 Μυεῖοί
656 3930 820 3984 porro
864 3917 1235 3973 harmonicam
1269 3919 1391 3975 ταιιί
1433 3935 1556 3977 esse
1603 3921 1980 3977 circuitionem

419 4013 692 4062 asserunt.

491 4094 753 4151 Caeterum
786 4097 877 4152 alii
923 4100 1101 4169 ipsum
1141 4117 1207 4156 ex
1237 4117 1357 4158 sese
1393 4104 1612 4174 quidam
1643 4103 1980 4168 existimant,

421 4187 513 4240 alii
572 4188 913 4267 exhalatione
940 4193 1043 4262 77
1064 4194 1235 4264 pasci,
1287 4211 1409 4266 qua:
1456 4197 1605 4252 circa
1658 4199 1835 4268 ipsum
1877 4207 1981 4267 est,

420 4279 668 4333 nonnulli
699 4294 856 4351 aqua!
885 4281 1153 4351 Spliazram
1183 4286 1366 4356 pabuli
1399 4301 1521 4342 esse
1550 4287 1670 4341 loco
1717 4289 1981 4344 sentiunt.

423 4370 748 4430 Aristoteles
780 4375 1038 4432 alimento
1068 4389 1230 4449 negat
1259 4393 1397 4450 Opus
1423 4379 1661 4448 habere;
1690 4396 1816 4438 nam
1839 4383 1981 4452 quod

2003 1763 2050 1820 B

2066 446 2321 524 Kabbéi
2365 446 2783 523 προσπλάζον
2839 451 2903 502 τὸ
2967 449 3120 502 κάτω
3173 447 3223 498 δ’
3267 447 3340 524 ἐς
3384 446 3632 524 ἄςιειρεν

3267 516 3556 588 [ἱκνεῖται.

2149 642 2530 713 Ἀριστοφάνης
2551 639 2595 692 δ’
2620 640 2678 691 ὲν
2700 633 2992 704 Νεφέλαις
3015 632 3284 704 μετέωρον
3301 631 3468 703 αὐτὴν
3490 627 3629 684 εἶπε

2066 737 2210 806 λέγει
2228 736 2336 806 γάρ
2351 752 2364 765 ·

2067 850 2140 907 Ὦ
2168 851 2409 906 δέσποτ’
2434 850 2585 914 ἅναξ
2614 847 2884 919 ἀμέτρητ’
2925 845 3074 913 Ἀνὴρ,
3097 845 3164 909 ὃς
3192 844 3352 919 ἔχεις
3377 842 3490 919 τὴν
3518 840 3636 909 γῆν

3257 913 3573 985 [μετέωρον
3581 931 3593 942 ⁸

2071 1038 2311 1093 ἑστῶσαν
2359 1037 2539 1106 μέντοι
2590 1035 2682 1087 καὶ
2723 1032 2992 1103 ἀκίνητον.
3046 1030 3204 1084 Ὅθεν
3260 1030 3353 1082 καὶ
3402 1028 3632 1098 Ἀρατῲ

2073 1147 2234 1199 φησιν
2256 1146 2267 1157 ·

2382 1218 2503 1286 ἔχει
2526 1217 2587 1270 δ’
2621 1215 2958 1270 ἀτάλαντον
2993 1212 3224 1280 ἁπάντη

2282 1289 2612 1358 Μεσσηγὺς
2637 1287 2828 1358 γαῖαν·

2077 1381 2322 1455 μηδαμοῦ
2351 1379 2834 1450 ταλαντευομένην.
2885 1378 2941 1430 '0
2983 1377 3039 1430 δὲ
3077 1373 3446 1446 Ἐμπεδοκλῆς
3476 1375 3538 1426 οὺ
3557 1373 3635 1425 δί-

2072 1475 2200 1528 δωσι
2245 1476 2354 1537 τοῖς
2397 1471 2676 1543 στοιχείοις
2711 1470 3060 1542 ’ὡρισμένους
3093 1470 3310 1532 τόπους,
3354 1468 3466 1521 ἀλλ’
3500 1470 3637 1522 ἀντι-

2075 1568 2421 1638 παραχωρείν
2449 1563 2697 1634 ἀλλήλοις
2724 1561 2910 1632 φησίν·
2941 1560 3080 1614 ὥστε
3119 1562 3210 1614 καὶ
3245 1560 3340 1631 τὴν
3371 1559 3474 1629 γῆν
3514 1576 3638 1629 μετ-

2075 1657 2242 1728 έωρον
2267 1653 2543 1727 φέρεσθαι,
2578 1653 2670 1707 καὶ
2704 1653 2766 1706 τὸ
2795 1652 2904 1722 πῦρ
2927 1651 3324 1723 ταπεινότερον.

2557 1764 2652 1830 Τίς
2690 1762 2870 1818 οὐσία
2891 1761 3168 1830 οὐρανοῦ.

2148 1864 2208 1910 ε’.
2234 1856 2335 1909 Τὸν
2361 1855 2418 1910 δὲ
2439 1855 2665 1925 οὐρανὸν
2693 1854 2742 1907 oi
2779 1853 2875 1924 μὲν
2910 1851 3126 1924 πυρώδη
3155 1847 3292 1905 εἶναι
3329 1851 3425 1904 καὶ
3458 1852 3640 1924 στερέ-

2081 1965 2257 2020 μνιοψ
2287 1947 2436 2011 ἐντὸς
2459 1947 2515 2000 δὲ
2544 1945 2708 1999 αὑτοῦ
2750 1943 2843 1997 τοῦ
2878 1943 3090 2017 αἰθέρος
3117 1943 3218 2014 τήν
3255 1947 3488 2014 σφαῖραν
3520 1945 3638 2014 ἑχο-

2082 2041 2246 2111 μένην
2279 2039 2464 2110 ὥσπερ
2495 2037 2682 2091 δαλόν·
2723 2035 2994 2107 διαφέρειν
3034 2034 3089 2087 δὲ
3143 2033 3367 2104 ταύτην,
3477 2036 3504 2086 ὁ
3541 2033 3639 2104 μὲν

2077 2131 2232 2193 δαλὸς
2255 2129 2530 2200 ἀνωφερὲς
2557 2126 2667 2197 ἔχει
2707 2127 2767 2179 τὸ
2791 2125 2920 2196 πῦρ,
2949 2127 2976 2179 ὁ
3011 2123 3068 2176 δὲ
3099 2123 3262 2195 αἰθὴρ
3290 2123 3602 2194 κατωφερὲς
3621 2138 3637 2153 ο

2081 2222 2279 2292 καὶτῷ
2320 2222 2380 2274 τὸ
2434 2221 2530 2293 μὲν
2568 2220 2706 2274 θεῖον
2747 2214 2901 2282 εἶναι,
2955 2218 3050 2271 καὶ
3096 2216 3334 2288 καθαρὸν
3376 2217 3468 2271 καὶ
3503 2217 3634 2286 ἀμε-

2081 2316 2350 2386 τάληπτον
2383 2314 2443 2368 τὸ
2493 2313 2586 2366 τοῦ
2627 2311 2860 2383 αἰθέρος,
2899 2311 2958 2364 τὸ
2993 2309 3049 2362 δὲ
3087 2308 3340 2381 φθαρτόν.
3385 2306 3645 2379 Ἐμπεδο-

2081 2410 2212 2479 κλῆς
2261 2409 2317 2462 δὲ
2366 2406 2743 2480 κρυσταλλὼδη
2796 2405 2980 2458 τοῦτον
3027 2398 3165 2457 εἷναί
3213 2419 3396 2473 φησιν,
3447 2403 3510 2453 ἐκ
3549 2397 3646 2453 τοῦ

2081 2503 2422 2573 παγετώδους
2469 2502 2814 2571 συλλεγέντα’
2865 2497 3276 2569 Ἀναξίμανδρος
3331 2497 3388 2549 δὲ
3444 2495 3648 2567 πτηνὸν

2081 2595 2250 2668 πυρὸς
2281 2595 2597 2666 μετέχοντα’
2643 2589 3015 2663 Ἀριστοτέλης
3047 2588 3121 2642 δὲ·
3144 2587 3300 2657 σῶμα
3340 2588 3404 2639 ἐκ
3434 2585 3646 2656 ψυχροῦ

2082 2690 2175 2743 καὶ
2195 2687 2418 2759 θερμοῦ.
2445 2685 2587 2740 Ζῶον
2609 2684 2662 2737 δέ
2694 2700 2855 2754 φασιν
2879 2677 3018 2735 εἶναι
3051 2682 3140 2733 τὶν
3168 2680 3400 2749 κόσμου’
3431 2678 3510 2749 τῷ
3536 2676 3646 2748 γὰρ

2082 2784 2428 2853 αὐτοκίνητον
2454 2777 2590 2832 εἶναι
2617 2778 2798 2838 αὑτὸν,
2824 2777 2918 2830 καὶ
2945 2775 3085 2828 κατὰ
3105 2774 3170 2827 τὰ
3211 2773 3350 2827 αὐτὰ
3373 2772 3472 2844 τὴν
3495 2789 3646 2842 περι-

2083 2875 2251 2946 φορὰν
2276 2875 2361 2927 ἀεὶ
2391 2871 2675 2935 ποιεῖσθαι,
2706 2870 2798 2923 καὶ
2823 2868 2927 2923 ἀπὸ
2947 2867 3056 2921 τῶν
3085 2865 3261 2920 αὐτῶν
3286 2866 3528 2936 σημείων
3553 2864 3649 2917 ἐπὶ

2081 2967 2150 3020 τὰ
2188 2966 2326 3020 αὐτὰ
2358 2963 2759 3036 περιδινεῖσθαι,
2802 2960 2924 3014 νοῦν
2971 2959 3182 3031 ἔχοντός
3226 2961 3373 3021 ἐστι,
3427 2959 3587 3029 φησὶν
3617 2958 3651 3009 ὁ

2083 3062 2326 3116 Πλάτων.
2371 3059 2527 3113 Ἀλλὰ
2554 3059 2648 3112 καὶ
2686 3059 2760 3123 ὡς
2787 3057 2922 3122 ζῶον
2956 3055 3223 3122 ζωογονεῖο
3253 3053 3377 3115 τοὺς
3405 3051 3464 3104 δὲ
3491 3050 3652 3104 ἀστέ-

2086 3174 2184 3229 ρας
2210 3156 2520 3226 γεννήματα
2549 3149 2712 3206 αῦτοῦ
2743 3145 2879 3203 εἷναί
2910 3164 3108 3218 φαμεν.
3137 3143 3244 3199 Καὶ
3271 3145 3422 3215 ήλίου
3446 3143 3502 3196 δὲ
3529 3141 3652 3214 δρό-

2089 3267 2185 3321 μον
2209 3248 2440 3320 ὁρῶμεν,
2465 3246 2558 3300 καὶ
2601 3245 2826 3317 σελήνης
2866 3238 3185 3315 περιφορὰς,
3227 3237 3319 3291 καὶ
3343 3235 3451 3290 τῶν
3477 3235 3653 3289 ἄλλων

2087 3342 2368 3411 πλανήτων
2397 3339 2673 3410 περιόδους
2714 3338 2808 3390 καὶ
2841 3337 3101 3406 κινήσεις.
3135 3332 3293 3385 ’Ίδιον
3324 3330 3381 3382 δὲ
3416 3327 3556 3392 ζώου
3587 3326 3653 3380 τὸ

2087 3431 2174 3500 ὑφ’
2209 3431 2372 3484 αὑτοῦ
2413 3429 2696 3483 κινεῖσθαι.
2737 3428 2844 3480 Καὶ
2885 3425 2992 3496 γὰρ
3041 3427 3104 3477 ἐνΔ
3141 3425 3210 3494 γῇ
3246 3421 3338 3475 καὶ
3382 3419 3525 3491 ἀέρι,
3558 3417 3652 3471 καὶ

2088 3525 2239 3578 ὕδατι
2272 3523 2386 3588 ςῶά
2423 3523 2557 3575 ἐστι.
2606 3521 2694 3574 Διὸ
2743 3517 3030 3573 ἀκόλουθον
3069 3516 3161 3568 καὶ
3206 3518 3262 3568 ἐν
3293 3513 3525 3585 οὐρανῷ,
3555 3512 3652 3564 καὶ

2087 3615 2261 3688 αἰθέρι
2305 3611 2463 3668 εἶναι.
2509 3615 2729 3685 Μήποτε
2778 3612 2960 3682 μέντοι
2998 3608 3092 3662 καὶ
3119 3608 3363 3679 Ὄμηρος
3401 3606 3478 3669 ὡς
3516 3604 3653 3676 πρὸς

2087 3706 2221 3771 ζῶόν
2251 3723 2412 3776 φησιν
2434 3720 2448 3732 ο

2100 3816 2326 3881 Ἠέλιός
2357 3816 2427 3881 θ’,
2455 3815 2522 3881 ὃς
2554 3813 2724 3868 ,πάντ’
2769 3812 2972 3882 ἐφορᾷ,
3018 3813 3114 3866 καὶ
3152 3810 3325 3864 πάντ’
3348 3809 3649 3865 ἐπακούει.

2089 3931 2232 3984 Οίδὲ
2281 3932 2524 4000 μουσικοὶ
2572 3927 2875 4001 ἁρμονικὴν
2923 3925 3015 3978 τοῦ
3065 3925 3294 3997 οὐρανοῦ
3344 3922 3510 3976 αὐτοῦ
3554 3922 3651 3991 τὴν

2089 4022 2388 4095 περιφορὰν
2414 4022 2660 4090 λέγουσιν
2682 4015 2841 4072 εἶναι.

2157 4116 2342 4184 Τροφῇ
2371 4113 2429 4166 δὲ
2452 4113 2672 4184 χρῆται,
2698 4111 2771 4175 ὠς
2800 4112 2897 4181 μὲν
2923 4126 3086 4175 τινες,
3107 4109 3233 4180 παρ’
3263 4105 3478 4160 ἑαυτοῦ·
3507 4105 3648 4159 ἄλλοι

2088 4209 2142 4262 δὲ
2175 4205 2531 4276 ἀναθυμιάσει
2551 4207 2618 4275 τῇ
2644 4207 2771 4275 περὶ
2793 4202 2952 4257 αὐτόν
2969 4202 3139 4266 ’τινὲς
3171 4200 3227 4253 δὲ
3253 4202 3320 4270 τῇ
3351 4198 3445 4252 τοῦ
3468 4198 3648 4261 ὓδατος

2091 4299 2311 4369 σφαίρᾳ.
2330 4296 2702 4368 Ἀριστοτέλης
2717 4295 2772 4348 δὲ
2797 4297 2869 4366 μὴ
2882 4293 3085 4347 δεῖσθαι
3097 4293 3300 4364 τροφῆς
3313 4291 3474 4346 αὑτὸν
3485 4292 3645 4360 λέγει·

2089 4395 2148 4448 τὸ
2180 4393 2286 4465 γὰρ
2311 4393 2557 4464 δεόμενον
2580 4390 2814 4461 φθαρτόν
2834 4406 2848 4420 ο
2872 4392 2900 4443 ὁ
2923 4388 2979 4456 δὲ
2999 4389 3163 4451 etate;
3185 4389 3302 4440 ἐστι
3325 4390 3446 4440 κατ’
3471 4387 3645 4440 αὐτόν.

419 4480 486 4520 eo
516 4465 742 4538 indiget,
772 4468 1129 4540 corruptibile
1157 4480 1240 4526 est
1271 4491 1284 4526 :
1317 4471 1517 4526 cmlum
1552 4480 1732 4527 autem
1781 4474 1979 4543 sempi-

2103 4481 2159 4532 '0
2193 4479 2249 4532 δὲ
2292 4478 2514 4533 Πλάτων
2561 4479 2650 4532 τὸν
2703 4478 2798 4549 μὲν
2859 4477 3044 4548 νοητὸν
3099 4477 3302 4547 κόσμον
3358 4476 3523 4529 ἀΐδιον
3559 4477 3648 4527 καὶ

420 4566 634 4613 ternum
667 4559 736 4615 ab
776 4561 966 4616 eodem
1008 4564 1248 4632 ponitur.
1282 4561 1484 4618 Verum
1518 4561 1673 4617 Plato
1722 4565 1984 4620 mundum

419 4653 811 4721 intelligibilem
857 4665 1120 4710 aeternum
1168 4665 1223 4713 et
1275 4659 1651 4730 incorruptum
1705 4675 1829 4717 esse
1873 4668 1987 4716 sta-

418 4746 542 4811 tuit,
581 4746 899 4800 sensibilem
928 4764 1056 4804 vero
1086 4764 1249 4819 posse
1290 4754 1592 4824 corrumpi,
1631 4755 1893 4826 quoniam
1937 4755 1984 4810 si

418 4835 700 4892 sensibilis
739 4845 846 4901 est,
900 4838 1078 4896 factus
1137 4843 1208 4897 sit
1251 4852 1465 4914 oportet
1507 4847 1987 4918 corruptionisque

416 4942 614 4998 capax.
661 4928 928 4986 Praeterea
966 4933 1159 4989 scribit
1199 4934 1254 4990 in
1295 4934 1544 5000 Politico,
1583 4953 1680 4994 seu
1716 4939 1984 5005 fabulose,

418 5033 514 5072 seu
537 5034 752 5084 revera,
781 5022 985 5092 duplici
1010 5037 1160 5081 motu
1183 5027 1335 5083 illum
1361 5044 1484 5086 esse
1510 5031 1834 5101 praeditum;
1858 5048 1992 5103 quo-

417 5125 540 5168 rum
573 5114 709 5170 alter
734 5122 930 5170 natura
958 5117 1036 5172 illi
1063 5128 1183 5186 sua,
1210 5123 1349 5180 alter
1379 5139 1407 5178 a
1436 5124 1547 5182 Deo
1575 5127 1877 5197 impressus
1899 5141 1990 5180 ac-

419 5203 569 5258 cidit.
607 5208 683 5261 Ac
713 5221 835 5260 cum
873 5219 1120 5267 movetur
1145 5230 1176 5268 a
1224 5215 1352 5283 Deo,
1390 5217 1642 5274 ordinate
1667 5219 1866 5281 cietur,
1901 5218 1986 5272 in-

418 5293 556 5361 quit,
602 5303 656 5347 et
696 5307 1041 5368 constanter;
1071 5318 1196 5360 cum
1237 5322 1268 5360 a
1303 5308 1485 5378 seipso
1513 5325 1664 5375 vero,
1708 5309 1982 5364 contrario

419 5391 568 5438 motu
593 5387 803 5457 rapitur
831 5399 884 5446 et
913 5399 1306 5468 corrumpitur,
1336 5401 1512 5457 donec
1541 5419 1737 5458 rursus
1761 5403 1982 5457 accedat

418 5474 583 5541 Deus,
623 5488 676 5535 et
701 5483 902 5547 aurigae
931 5486 1106 5544 instar
1133 5491 1424 5550 moderans
1455 5495 1748 5565 priStinum
1775 5496 1828 5550 in
1858 5509 1984 5550 cur-

2089 4570 2361 4642 ἇφθαρτον
2399 4569 2566 4638 λέγει,
2613 4569 2705 4624 τὸν
2747 4569 2805 4622 δὲ
2852 4567 3105 4640 αἰσθητὸν
3140 4567 3395 4638 φθαρτόν.
3441 4568 3504 4621 Ei
3545 4567 3649 4639 γὰρ

2091 4663 2342 4734 αἰσθητός
2375 4665 2510 4728 ἐστι,
2559 4663 2651 4716 καὶ¹
2687 4661 2909 4732 γενητὸς
2959 4660 3196 4733 δηλονότι
3253 4660 3347 4713 καὶ
3397 4658 3650 4732 φθαρτὸς.

2095 4757 2234 4821 Ἔτι,
2273 4756 2404 4826 φησι
2426 4755 2472 4787 ⁸⁸
2498 4754 2576 4826 τῷ
2609 4751 2917 4819 Πολιτικῷ,
2955 4755 3063 4807 εἴτε
3096 4751 3338 4824 μυθικῶς
3362 4753 3474 4806 εἴτε
3505 4770 3653 4823 φυσι-

2091 4848 2222 4912 κῶς,
2263 4847 2469 4918 κίνησιν
2495 4846 2637 4918 ἔχειν
2658 4846 2840 4917 διττήν
2861 4861 2873 4874 ·
2911 4844 3008 4918 τήν
3047 4846 3143 4916 μὲν
3172 4845 3261 4914 ὑφ’
3296 4844 3523 4912 ἑαυτοῦ,
3559 4843 3654 4914 τὴν

2091 4941 2146 4995 δὲ
2179 4941 2281 4994 ὑπὸ
2312 4939 2405 4992 τοῦ
2437 4938 2595 4992 Θεοῦ.
2629 4939 2740 4993 Καὶ
2765 4939 2852 4992 ὅτε
2883 4938 2981 5009 μὲν
3003 4937 3107 4992 ὑπὸ
3131 4937 3224 4991 τοῦ
3246 4935 3381 4990 Θεοῦ
3401 4939 3650 4997 κινεῖται.

2086 5034 2355 5096 εὐτακτεί,
2408 5032 2502 5085 καὶ
2555 5031 2696 5085 κατὰ
2753 5031 2819 5085 τὰ
2871 5031 3008 5086 αὐτὰ
3050 5031 3314 5104 φέρεται·.
3341 5033 3430 5085 ὅτε
3472 5031 3528 5085 δὲ
3567 5031 3650 5099 ὑφ’

2085 5125 2308 5191 ἑαυτοῦ,
2343 5125 2440 5196 τὴν
2481 5125 2727 5178 ἐναντίαν
2773 5123 2945 5195 φορὰν
2995 5127 3242 5188 κινεῖται,
3278 5124 3373 5177 καὶ
3411 5125 3649 5194 διαφθεί-

2086 5233 2268 5286 ρεται,
2309 5215 2415 5267 ἔστ’
2456 5216 2521 5269 ἂν
2563 5217 2754 5286 ἐπιστῇ
2789 5215 2948 5268 πάλιν
2981 5217 3008 5267 ὁ
3046 5215 3197 5280 Θεὸς,
3229 5217 3322 5269 καὶ
3361 5218 3649 5288 ἡνιοχήσας

2086 5308 2508 5378 ἀποκαταστήσῃ
2539 5309 2618 5370 εἰς
2645 5308 2744 5378 τὴν
2769 5307 2998 5380 ἀρχαίαν
3030 5309 3258 5379 κίνησιν,
3289 5307 3647 5378 ἀνακύκλησιν

2089 5399 2467 5469 ποιησάμενος.
2515 5398 2834 5468 Ὠνόμασται
2879 5399 2934 5452 δὲ
2979 5399 3181 5471 κόσμος
3227 5399 3377 5469 παρὰ
3408 5400 3506 5470 τὴν
3548 5396 3644 5450 τῶν

2092 5490 2417 5562 συμπάντων
2448 5489 2823 5561 διακόσμησιν.

420 5572 652 5630 riculum
694 5581 961 5636 restituat
1012 5601 1075 5640 ac
1127 5590 1387 5645 revolvat.
1453 5593 1671 5663 Κόσμος
1721 5592 1861 5648 idem
1913 5591 1984 5646 ob
2017 5586 2429 5659 dispositionem
2493 5584 2737 5639 omnium
2781 5585 2834 5639 in
2865 5601 2931 5641 eo
2961 5601 3142 5642 rerum
3175 5586 3392 5642 dicitur.

505 5683 550 5717 “
576 5683 616 5752 f.
648 5685 774 5740 add.
805 5688 884 5742 ἐν.
