4000 6206
325 422 434 483 945

1060 405 1379 479 ACHILLIS
1411 420 1597 478 TATll
1633 415 1927 477 lSAGOGE
1963 416 2055 471 AD
2090 416 2301 475 ARATI
2333 416 2802 476 PHENOMENA.

3436 421 3543 479 946

392 536 657 609 Διόδωρος
686 536 744 591 δὲ
770 537 974 608 ἐξαχῶς
994 537 1084 592 τὸν
1107 539 1310 611 κόσμον
1342 541 1475 612 φησὶ
1505 541 1760 606 νοεῖσθαι,
1794 537 1873 610 ἐφ’

2049 535 2319 596 Diodorus
2348 554 2443 597 sex
2476 541 2652 600 modis
2690 540 2918 612 intelligi
2953 555 3115 611 posse
3144 541 3407 597 mundum
3458 557 3546 599 as-

322 630 552 685 ἑκάστου
588 630 794 685 ἔννοιαν
824 630 998 696 διδοὺς
1024 630 1213 697 οὕτως.
1243 634 1462 705 Κόσμος
1494 636 1611 689 ἐστὶ
1633 636 1885 708 σύστημα

319 722 381 789 ἐξ
405 722 635 795 οὐρανοῦ
661 722 754 778 καὶ
785 724 910 795 γῆς,
945 724 1038 779 καὶ
1055 725 1165 779 τῶν
1201 725 1402 797 μεταξὺ
1431 726 1662 796 φύσεων.
1695 729 1882 795 Πάλιν,

317 816 522 887 κόσμος
545 817 690 870 ἐστὶν
719 817 1025 890 οἰκητήριον
1060 818 1215 873 θεῶν.
1261 819 1375 874 Νῦν
1405 814 1499 874 οὖν
1527 820 1588 875 τὸ
1616 821 1886 893 πλήρωμα

316 911 465 981 λέγει
490 909 649 974 ὲκτδς
675 908 784 963 τῶν
810 912 869 964 ὲν
900 910 1065 983 αὐτῷ.
1105 912 1320 985 Τρίτον,
1354 912 1384 965 ό
1416 912 1617 985 κόσμος
1643 915 1760 968 ἐστὶ
1788 915 1884 969 σύ-

317 1018 501 1075 στημα
533 1002 598 1055 ἐκ
642 999 781 1055 θεῶν
823 1001 917 1056 καὶ
962 1002 1376 1076 ἀνθρώπων,....
1412 1003 1568 1058 τοῦτο
1618 1005 1776 1076 μόνον
1806 1004 1884 1076 τῷ

315 1093 419 1165 βίῳ
443 1111 457 1125 ο
487 1094 563 1158 ὡς
587 1093 643 1146 ετ
670 1111 754 1158 τις
793 1093 978 1163 λέγει’
1010 1094 1165 1159 Πόλις
1200 1095 1346 1148 ἐστὶν
1384 1094 1444 1161 ἐξ
1485 1096 1759 1168 ἀρχόντων
1789 1098 1884 1152 καὶ

311 1186 653 1259 ἀρχομένων.
685 1185 954 1261 Τέταρτον
982 1189 1185 1260 κόσμος
1231 1191 1375 1244 ἐστὶν
1417 1191 1612 1263 αἰθήρ’
1654 1187 1881 1258 οῦτοςδὲ

311 1278 429 1352 πῦρ
465 1279 751 1352 εἰλικρινὲς
797 1280 873 1333 ὢν
917 1280 1222 1351 κατώτερός
1262 1283 1306 1315 ⁸⁷
1345 1284 1461 1337 ἐστι
1505 1281 1605 1337 τοῦ
1652 1286 1880 1356 φυσικοῦ

311 1371 540 1442 κόσμου.
595 1372 848 1443 Πέμπτον
865 1414 881 1437 ,
934 1373 1134 1445 κόσμος
1184 1376 1330 1429 ἐστὶν
1376 1379 1408 1448 ἡ
1464 1378 1571 1431 τῶν
1628 1378 1880 1435 ἀπλανῶν

306 1467 538 1537 σφαῖρα.
588 1465 788 1521 Τούτου
835 1469 927 1521 καὶ
977 1468 1201 1524 Πλάτων
1240 1473 1297 1526 έν
1346 1473 1555 1543 Τιμαίῳ
1591 1473 1875 1546 μέμνηται.

312 1550 534 1618 Ἕκτον,
599 1556 803 1628 κόσμος
856 1559 1003 1613 ἐστὶν
1051 1561 1080 1614 ό
1132 1561 1502 1635 διακοσμήσας
1556 1564 1623 1618 τὰ
1680 1566 1874 1631 πάντα,

314 1644 501 1699 Ἔοικε
528 1644 584 1698 δὲ
612 1644 759 1718 νῦνή
792 1646 1023 1718 Πρόνοια
1067 1647 1336 1718 λέγεσθαι.
1359 1651 1431 1704 Τὸ
1458 1651 1512 1704 δὲ
1537 1653 1643 1706 πᾶν
1676 1652 1878 1725 κόσμον

306 1737 628 1810 Πυθαγόρας
648 1737 903 1792 ἐκάλεσεν
935 1740 999 1793 ὲκ
1025 1740 1124 1812 τῆς
1146 1741 1556 1815 διακοσμήσεως
1577 1757 1592 1773 ⁸
1619 1743 1790 1807 οὐδεὶς
1822 1744 1877 1797 δὲ

307 1826 418 1899 πρὸ
443 1827 626 1882 αὐτοῦ.
665 1826 739 1882 Τὸ
774 1829 831 1891 δὲ
863 1831 1095 1885 πᾶνιτοῦ
1128 1831 1249 1885 ὅλου
1284 1832 1436 1905 παρά
1474 1837 1584 1898 τοῖς
1620 1836 1876 1897 Στωϊκοῖς

1986 630 2141 694 serit,
2169 638 2224 695 et
2282 634 2578 705 unicuique
2637 651 2799 693 suum
2859 642 3082 691 salsum
3135 633 3216 691 sic
3272 633 3540 691 attribuit.

1984 719 2215 779 Mundus
2242 730 2326 779 est
2351 725 2640 781 collectum
2669 725 2931 798 quiddam
2970 741 3002 782 e
3032 726 3173 781 caelo
3210 733 3376 798 atque
3396 735 3543 784 terra

1982 818 2035 866 et
2066 814 2274 870 naturis
2310 822 2540 886 utroque
2577 816 3011 887 comprehensis.
3047 816 3276 884 Rursus,
3306 820 3543 875 mundus

1983 912 2066 960 est
2110 904 2337 961 deorum
2373 906 2728 963 domicilium.
2768 906 2872 965 Ubi
2910 911 3343 983 supplementum
3395 911 3542 968 illius

1980 996 2135 1052 all‘ert
2164 1006 2317 1055 extra
2350 999 2405 1055 id
2419 999 2564 1073 quod
2594 1001 2647 1056 in
2675 1001 2770 1057 illo
2797 1001 3129 1060 continetur.
3156 1003 3359 1071 Tertio,
3377 1020 3541 1061 mun-

1980 1087 2085 1144 dus
2116 1095 2203 1144 est
2246 1096 2487 1162 systema
2524 1091 2749 1147 deorum
2796 1101 2852 1148 et
2892 1092 3261 1149 hominum....
3304 1094 3453 1152 velut
3493 1095 3541 1152 si
3604 1125 3613 1134 -

1979 1180 2102 1253 quis
2123 1179 2271 1236 dicat
2295 1200 2310 1236 ι
2344 1181 2553 1239 Civitas
2572 1198 2640 1238 ex
2656 1183 3065 1255 magistratibus
3085 1193 3139 1241 et
3159 1186 3373 1243 civibus
3389 1198 3563 1244 cum-4

1980 1271 2220 1340 ponitur.
2250 1272 2481 1341 Quarto,
2518 1274 2755 1330 mundus
2791 1281 2876 1330 est
2904 1274 3104 1344 aether;
3137 1274 3228 1331 hic
3263 1292 3393 1333 vero
3413 1292 3538 1333 cum

1978 1364 2050 1419 sit
2075 1380 2269 1434 purus,
2314 1380 2380 1421 ac
2406 1365 2656 1431 sincerus
2680 1366 2843 1438 ignis,
2886 1368 3125 1424 naturali
3162 1368 3368 1425 mundo
3408 1368 3540 1425 infe-

1977 1457 2089 1512 rior
2115 1466 2217 1514 est.
2239 1457 2460 1526 Quinto,
2485 1461 2721 1516 mundus
2749 1469 2833 1519 est
2857 1461 3088 1518 lixarum
3112 1463 3345 1534 sphaera.
3363 1462 3539 1536 Hujus

1975 1545 2358 1617 descriptionis
2381 1549 2625 1606 meminit
2653 1552 2707 1606 in
2738 1552 2934 1608 Timazo
2956 1552 3131 1610 Plato.
3161 1553 3347 1623 Sexto,
3376 1572 3539 1613 mun-

1975 1636 2077 1694 dus
2101 1648 2184 1695 est
2224 1641 2315 1711 qui
2358 1642 2634 1698 ordinavit
2678 1645 2881 1700 omnia.
2928 1643 3137 1712 Quibus
3172 1647 3357 1704 verbis
3394 1648 3536 1704 indi-

1975 1732 2086 1786 cari
2120 1730 2471 1789 Providentia
2495 1735 2729 1792 videtur.
2760 1735 3098 1810 Pythagoras
3119 1738 3321 1811 κόσμον
3352 1742 3538 1812 appel-

1975 1821 2106 1877 lavit
2149 1825 2486 1893 universum,
2533 1839 2755 1900 propter
2795 1828 3121 1901 dispositum
3156 1830 3339 1902 :quod
3376 1847 3536 1888 nemo

306 1922 573 1995 διαφέρει.
622 1923 781 1979 Ὀλον
835 1924 933 1996 μὲν
982 1925 1090 1999 γὰρ
1139 1927 1351 1996 λέγουσι
1366 1900 1471 1982 ’τὸν
1512 1929 1733 2000 κόσμον,
1769 1931 1873 1983 πᾶν

1977 1924 2101 1973 ante
2134 1915 2313 1986 ipsum
2349 1918 2583 1974 dixerat.
2614 1917 2803 1975 Diﬂ‘ert
2833 1900 3013 1977 autem
3055 1900 3355 1977 secundum
3388 1921 3534 1978 Stoi-

305 2014 364 2067 δὲ
409 2014 545 2087 μετά
563 2014 658 2069 τοῦ
689 2015 865 2078 κενοῦ,
899 2018 1173 2090 Τηρητέον
1194 2020 1261 2085 ⁸⁸,
1285 2021 1365 2074 ὅτι
1397 2020 1631 2093 οὐδαμοῦ
1656 2022 1722 2076 δι’
1754 2023 1873 2078 ὅλου

304 2106 513 2179 κόσμος
544 2107 716 2172 οὕτως
750 2108 1076 2181 ὠνόμασται.
1112 2112 1352 2185 Οὐρανὸς
1373 2113 1429 2168 δὲ
1453 2115 1873 2190 ήτυμολόγηται,

305 2198 426 2269 ἦτοι
457 2200 576 2253 ἐπεὶ
605 2200 731 2272 ὄρος
754 2200 978 2266 παλαιός
1003 2203 1148 2257 ἐστιν
1166 2221 1179 2235 ⁸
1216 2204 1248 2276 ἧ
1272 2206 1392 2259 ἐπεὶ
1412 2208 1752 2282 σφαιροειδὴς
1776 2209 1871 2276 ὢν,

305 2287 516 2343 ἔνδοθεν
545 2290 707 2345 αὐτοῦ
747 2295 893 2364 ἡμᾶς
936 2295 1077 2366 ἀρεῖ,
1108 2296 1136 2349 ὃ
1179 2297 1292 2352 ἐστι
1339 2300 1596 2367 φυλάσσει
1624 2319 1637 2333 ·
1679 2301 1712 2373 ἦ
1752 2304 1873 2357 ἐπεὶ

303 2380 579 2447 ἀνώτατός
603 2384 737 2438 ἐστι.
768 2385 841 2438 Τὸ
873 2385 929 2440 δὲ
956 2387 1084 2459 ὅρου
1129 2388 1192 2442 τὸ
1247 2390 1358 2445 ἀνω
1407 2390 1600 2464 δηλοῦν
1646 2393 1873 2465 Φρυγῶν

304 2472 458 2539 ἴδιον,
497 2474 572 2539 ὡς
591 2476 967 2548 Νεοπτόλεμος
995 2479 1055 2533 ὲν
1093 2483 1212 2545 ταῖς
1239 2484 1517 2552 Φρυγίαις
1551 2488 1770 2554 φωναῖς
1796 2503 1810 2518 ’
1836 2488 1868 2561 ἢ

300 2567 415 2621 ἀπὸ
445 2567 534 2622 τοῦ
564 2570 790 2641 ὁρᾶσθαι
812 2587 827 2601 ο
862 2572 894 2643 ἢ
930 2572 1039 2626 ἀπὸ
1065 2573 1159 2627 τοῦ
1198 2574 1439 2649 όρούειν*
1470 2580 1698 2633 κινεῖται
1736 2579 1866 2649 γάρ’

300 2658 336 2730 ἢ
366 2659 475 2714 ἀπὸ
498 2661 590 2715 τοῦ
622 2656 778 2734 οὖρος
810 2661 968 2730 εἶναι,
1005 2666 1098 2719 καὶ
1133 2665 1359 2737 ἔσχατος
1379 2668 1520 2740 ὅρος.
1557 2670 1785 2738 Λέγεται
1815 2670 1870 2724 δὲ

300 2750 588 2823 πολλαχῶς
614 2753 840 2826 οὐρανὸς
883 2758 915 2827 ή
965 2755 1073 2811 τῶν
1111 2756 1363 2812 ἀπλανῶν
1410 2762 1633 2832 σφαῖρα.
1690 2762 1871 2833 Ζήνων

300 2843 436 2913 γοῦν
467 2846 497 2899 6
526 2847 759 2912 Κυτιεὺς
785 2847 957 2914 οότως
987 2851 1147 2905 αὐτὸν
1172 2852 1434 2923 ὡρίσατο·
1473 2853 1699 2926 οὐρανός
1726 2856 1870 2911 ἐστιν

300 2935 519 3009 αἰθέρος
566 2938 626 2992 τὸ
680 2938 925 3011 ἔσχατον,
968 2942 1026 3010 ἐξ
1079 2938 1159 3009 οὗ,
1209 2945 1302 2998 καὶ
1349 2946 1405 2999 ὲν
1444 2939 1488 3014 ᾧ
1544 2948 1656 3000 ἐστι
1695 2947 1870 3009 πάντα

296 3030 594 3102 ἐμφανῶς·
639 3032 882 3105 περιέχει
921 3034 1030 3107 γὰρ
1071 3036 1246 3090 πάντα
1291 3036 1428 3110 πλὴν
1478 3038 1658 3094 αὐτοῦ.
1707 3040 1871 3095 Οὐδὲν

299 3121 414 3193 γάρ
447 3109 607 3178 ἑαυτὸ
647 3125 922 3198 περιέχον
967 3126 1081 3181 ἀλλ’
1122 3128 1309 3201 ἑτέρου
1352 3109 1467 3184 ἐστὶ
1505 3132 1865 3204 περιεκτικόν,

301 3216 410 3269 Τοῦ
431 3216 488 3271 δὲ
519 3216 689 3283 οὕτως
714 3218 1020 3290 ὡρισμένου
1062 3220 1290 3292 οὐρανοῦ
1320 3221 1591 3296 μέμνηται
1618 3226 1710 3280 καὶ
1733 3225 1869 3280 Πλά-
1892 3254 1937 3315 c

298 3325 430 3373 των,
464 3309 557 3362 καὶ
589 3310 966 3383 Ἀριστοτέλης
1012 3312 1070 3366 ὲν
1117 3312 1352 3386 δευτέρῳ
1397 3316 1539 3385 Περὶ
1586 3320 1866 3386 οὐρανοῦ.

300 3398 535 3467 Λέγεται
565 3399 623 3453 δὲ
667 3400 893 3472 οὐρανὸς
933 3404 1026 3465 καὶ
1079 3405 1112 3475 ἡ
1160 3405 1388 3460 ἑκάστου
1440 3406 1549 3462 τῶν
1584 3408 1869 3482 πλανήτων

302 3492 542 3562 σφαῖρα’
575 3490 695 3546 καθ’
730 3492 788 3545 ὃν
829 3492 985 3563 λόγον
1017 3495 1075 3547 ἑν
1105 3495 1317 3569 οὐρανῷ
1356 3516 1533 3570 φαμεν
1566 3494 1724 3558 εἶναι.
1759 3494 1885 3558 Καὶ¹

298 3584 382 3638 ἔτι
411 3584 635 3656 οὐρανὸς
660 3588 767 3651 πᾶς
791 3587 819 3640 ό
843 3587 982 3658 μετά
1005 3588 1095 3643 τὸν
1117 3589 1252 3662 ἀέρα
1277 3592 1460 3659 τόπος,
1493 3592 1551 3657 ός
1578 3595 1872 3670 εἰλικρινής

299 3679 450 3732 ἐστιν
481 3677 665 3750 αἰθήρ.
694 3680 804 3733 Καὶ
845 3678 926 3734 ἔτι
967 3682 1192 3752 οὐρανός
1239 3683 1353 3738 ἐστι
1385 3686 1491 3739 πᾶν
1528 3685 1589 3739 τὸ
1616 3687 1869 3759 ὑπεράνω

304 3771 632 3842 βλεπόμενον
662 3775 729 3844 τῇ
768 3772 908 3843 ὕψει,
943 3773 1079 3828 καθὸ
1106 3775 1301 3849 ὁρατόν
1334 3779 1470 3843 ἐστι,
1505 3780 1596 3833 καὶ
1628 3779 1774 3846 ὅπως
1802 3780 1868 3835 ἂν

298 3861 529 3928 ἕκαστος
550 3863 810 3935 ὀξύτητος
851 3865 964 3936 ἔχοι
998 3865 1233 3936 βλέπειν.
1266 3868 1374 3922 Καὶ
1400 3868 1479 3924 ἔτι
1519 3869 1743 3942 οὐρανὸς
1778 3870 1866 3924 λέ-

299 3971 455 4025 γεται
481 3958 510 4010 6
548 3957 773 4028 κόσμος,
829 3950 890 4012 οῦ
934 3961 1027 4013 καὶ
1078 3961 1303 4017 Πλάτων
1355 3962 1621 4034 μέμνηται
1655 3964 1746 4018 ἐπὶ
1776 3964 1865 4017 τοῦ

298 4044 474 4117 ήλίου,
507 4064 527 4107 ι
572 4043 633 4101 Ὀ
665 4047 764 4118 μὲν
789 4047 853 4120 δὴ
885 4047 1059 4121 μέγας
1087 4051 1144 4104 ὲν
1187 4050 1399 4123 οὐρανῷ
1431 4053 1584 4119 Ζεὺς,
1622 4073 1640 4104 ι
1677 4050 1862 4107 έὶπών.

297 4137 619 4212 Ἐπζκουρος
649 4139 705 4195 δὲ
739 4139 963 4206 πολλοὺς
991 4142 1226 4214 κόσμους
1254 4144 1583 4211 ὑποτίθεται,
1614 4146 1707 4201 καὶ
1737 4149 1765 4200 ό
1789 4146 1866 4201 δι-

296 4231 564 4303 δάσκαλος
593 4232 758 4287 αὐτοῦ
796 4235 1174 4308 Μητρόδωρος.

711 4524 847 4594 Περὶ
877 4524 1184 4595 σχήματος
1212 4530 1459 4594 κόσμου.

370 4638 446 4705 ς’.
472 4639 664 4711 Σχῆμα
691 4640 747 4694 δὲ
776 4641 981 4711 κόσμου
1001 4644 1049 4694 οἱ
1087 4641 1185 4712 μὲν
1213 4643 1490 4705 κωνοειδὲς
1527 4640 1699 4704 εἶπον,
1727 4645 1773 4696 οἱ
1806 4643 1863 4696 δὲ

297 4733 655 4805 σφαιροειδὲς,
685 4737 733 4787 οἱ
773 4734 829 4787 δὲ
870 4733 1122 4798 ὠοειδέςο
1156 4730 1224 4807 ἧς
1269 4734 1427 4802 δόξης
1468 4734 1679 4805 ἔχονται
1721 4735 1769 4787 οἱ
1797 4734 1865 4787 τὰ

310 4824 545 4895 Ὀρφικὰ
584 4825 852 4896 μυστήρια
909 4824 1201 4889 τελοῦντες.
1253 4825 1555 4894 Σαφηνεῑας
1602 4825 1658 4878 δὲ
1701 4825 1863 4879 ἓνεκα

301 4916 534 4988 πιθανῆς
573 4916 891 4988 παρελήφθη
933 4916 1025 4970 τοῦ
1068 4916 1175 4970 ὼοῦ
1213 4918 1246 4987 ή
1289 4916 1468 4971 εἰκών.
1519 4919 1770 4989 Ἄμεινον
1807 4917 1863 4972 δὲ

299 5007 541 5080 σφαίρας
585 5008 898 5079 ἐκδέχεσθαι
951 5010 1135 5081 σχῆμα
1186 5009 1328 5081 ἔχειν
1371 5011 1462 5064 τὸν
1504 5011 1729 5084 οὐρανὸν
1772 5012 1862 5065 καὶ

298 5099 368 5153 τὰ
400 5102 459 5153 ὲν
488 5100 655 5171 αὐτῷ,
682 5101 822 5155 κατά
851 5102 941 5156 τὸν
985 5102 1366 5174 Ἐμπεδοκλέα,
1394 5102 1452 5168 ὃς
1472 5102 1571 5176 ἔφη
1600 5102 1790 5168 οὕτως’

377 5302 650 5372 Σφαῖρος,
688 5303 1281 5375 κυκλοτερὴς-,μούνῃ
1297 5309 1562 5378 περιηγέἵ
1585 5312 1825 5378 χαίρων.

374 5416 541 5488 Δῆλον
570 5416 625 5471 δὲ
654 5417 748 5471 καὶ
777 5420 842 5472 ὲκ
867 5418 961 5472 τοῦ
995 5412 1134 5473 εἶναι
1167 5420 1227 5486 ἒξ
1253 5420 1416 5486 quam
1442 5421 1545 5477 ὑπὸ
1568 5424 1689 5495 γῆν,
1725 5423 1784 5489 ἒξ
1809 5424 1864 5478 δὲ

302 5510 447 5581 ὑπὲρ
474 5512 597 5582 γῆν.
638 5512 753 5565 Ἐπ’
782 5512 993 5575 οὐδενὸς
1011 5513 1067 5566 δὲ
1088 5514 1246 5569 ἄλλου
1280 5516 1553 5586 σχήματος
1584 5517 1616 5587 ἡ
1645 5516 1862 5589 τοιαύτη

303 5602 528 5667 εὐταξία
556 5605 648 5657 καὶ
690 5605 959 5677 περιφορά
1009 5606 1213 5674 γίνεται
1251 5607 1283 5678 ἢ
1319 5609 1410 5662 ἐπὶ
1436 5608 1527 5662 τοῦ
1559 5610 1859 5681 σφαιρικοῦ.

303 5695 379 5748 Τὸ
412 5695 467 5748 δὲ
502 5696 829 5767 σφαιροειδὲς
868 5699 1045 5769 σχῆμα
1076 5698 1273 5753 διδόασι
1304 5700 1380 5772 τῷ
1416 5702 1619 5774 κόσμῳ.
1661 5704 1865 5775 Σφαῖρα

394 5874 438 5911 ⁸⁷
466 5872 581 5931 Ima
613 5874 893 5950 ἀνώτερος.
1005 5880 1047 5912 ⁸⁵
1073 5879 1234 5936 Deest
1275 5881 1348 5933 δέ.

1975 2025 2070 2066 cos
2104 2011 2417 2069 universum
2448 2027 2478 2067 a
2503 2019 2636 2069 toto.
2678 2013 2811 2070 Nam
2835 2021 3009 2070 totum
3034 2026 3233 2073 vocant
3262 2017 3340 2073 illi
3375 2031 3536 2073 mun-

1974 2107 2103 2161 dum
2121 2146 2137 2173 ,
2166 2108 2481 2164 universum
2507 2124 2636 2165 vero
2660 2124 2784 2165 cum
2813 2124 3057 2167 vacuo...
3079 2111 3224 2182 quod
3255 2126 3533 2183 nunquam

1973 2199 2052 2253 sic
2084 2197 2319 2254 mundus
2348 2199 2651 2270 appellatus
2676 2207 2780 2256 est.
2811 2199 2930 2255 Jam
2959 2199 3188 2273 οὐρανὸς
3206 2199 3276 2255 ab
3301 2214 3368 2256 eo
3400 2200 3536 2257 dici-

1975 2299 2083 2356 tur,
2114 2290 2259 2361 quod
2285 2290 2357 2347 sit
2387 2290 2533 2347 velut
2576 2293 2721 2362 ὄρος,
2749 2291 2803 2347 id
2832 2299 2917 2348 est
2946 2292 3213 2348 terminus
3235 2292 3494 2365 antiquus
3518 2311 3533 2359 ;

1973 2383 2054 2437 vel
2085 2382 2233 2452 quia,
2265 2397 2388 2437 cum
2419 2382 2491 2438 sit
2517 2383 2841 2454 sphaericus,
2872 2383 3019 2440 intra
3045 2400 3105 2441 se
3125 2400 3225 2441 nos
3240 2387 3381 2457 ἀρεῖ,
3428 2386 3535 2442 hoc

1971 2473 2323 2543 estcustodit,
2342 2475 2454 2531 sive
2483 2476 2607 2546 quia
2626 2476 2918 2544 ἀνώτατος,
2935 2476 2992 2533 id
3015 2483 3099 2534 est
3122 2492 3408 2548 supremus
3429 2486 3531 2535 e‘st.

1970 2568 2104 2622 Nam
2136 2568 2258 2639 ὅρου
2288 2568 2427 2638 apud
2450 2567 2692 2641 Phrygas
2710 2584 2832 2626 esse
2853 2570 2985 2636 ἄνω,
3014 2586 3195 2638 supra,
3219 2569 3377 2627 docet
3394 2570 3536 2629 Neo-

1970 2664 2236 2735 ptolcmus
2267 2663 2323 2718 in
2351 2663 2617 2735 Phrygum
2646 2664 2929 2720 vocabulis.
2965 2665 3151 2720 Potest
3189 2673 3244 2721 et
3285 2665 3355 2720 ab
3400 2667 3532 2737 ὁρᾶ-

1973 2755 2118 2823 σθαι,
2157 2756 2299 2829 quod
2340 2764 2424 2813 est
2453 2756 2646 2822 videri,
2690 2757 2775 2813 vel
2804 2756 2876 2812 ab
2901 2756 3111 2829 όρούειν
3136 2755 3353 2823 deduci,
3397 2772 3533 2827 quo-

1970 2849 2116 2904 niam
2147 2848 2339 2904 cietur.
2376 2847 2469 2905 νει
2492 2849 2619 2920 quia
2648 2840 2805 2920 οὖρος
2848 2857 2951 2913 est,
2985 2856 3373 2919 extremusque
3422 2856 3533 2904 ter-

1971 2939 2170 2996 minus.
2203 2938 2355 3010 Saepe
2384 2940 2510 2996 item
2538 2954 2639 3011 pro
2669 2940 2896 2995 lixarum
2926 2939 3135 3010 sphaera
3160 2939 3532 3017 usurpariso-

1970 3032 2063 3089 let.
2102 3031 2246 3089 Sane
2277 3033 2425 3090 Zeno
2454 3034 2727 3106 Cytiensis
2753 3032 2834 3090 sic
2862 3032 3015 3088 illum
3042 3031 3335 3104 descripsit
3366 3051 3378 3087 :
3403 3030 3528 3088 Cte-

1970 3126 2081 3181 lum
2112 3133 2197 3183 est
2220 3126 2439 3183 aetheris
2478 3134 2802 3192 extremum,
2838 3141 2904 3183 ex
2929 3138 3039 3198 quo
3068 3134 3123 3181 et
3148 3126 3204 3182 in
3247 3141 3357 3198 quo
3403 3132 3532 3182 sunt

1969 3220 2152 3275 omnia
2180 3218 2468 3275 manifeste
2503 3238 2516 3274 :
2549 3218 2749 3290 quippe
2769 3217 2951 3274 omnia
2985 3228 3183 3290 praeter
3213 3232 3272 3274 se
3287 3216 3529 3288 comple-

1969 3311 2154 3366 ctitur.
2195 3309 2329 3364 Nam
2363 3308 2502 3365 nihil
2547 3309 2786 3379 seipsum
2832 3309 3119 3365 continet:
3156 3307 3252 3365 sed
3295 3307 3529 3362 alterum

1967 3399 2156 3454 ambit.
2189 3398 2324 3455 (Σαξιί
2366 3398 2471 3455 hoc
2489 3398 2650 3454 modo
2681 3397 2941 3475 descripti
2973 3398 3340 3456 meminerunt
3353 3397 3528 3460 Plato,

1968 3500 2020 3549 et
2042 3492 2366 3549 Aristoteles
2395 3490 2537 3549 libro
2566 3491 2808 3549 secundo
2836 3490 2915 3546 De
2960 3491 3110 3548 caelo.
3154 3490 3295 3558 Quin
3326 3497 3381 3548 et
3421 3490 3534 3562 pla-

1970 3593 2216 3641 netarum
2240 3585 2465 3656 sphm
2493 3584 2720 3657 singulae
2747 3584 2874 3641 caeli
2901 3583 3261 3656 appellatione
3299 3598 3525 3640 censen-

1969 3689 2058 3734 tur
2083 3697 2096 3734 :
2118 3685 2179 3734 ut
2209 3694 2334 3736 cum
2361 3692 2458 3736 eos
2486 3679 2542 3734 in
2571 3679 2710 3736 coelo
2728 3693 2850 3737 esse
2883 3678 3138 3735 dicimus.
3167 3677 3297 3734 Item
3331 3676 3528 3734 coelum

1968 3772 2021 3827 id
2052 3787 2213 3828 omne
2238 3772 2474 3844 spatium
2518 3779 2766 3839 vocatur,
2813 3771 2959 3842 quod
2987 3786 3155 3844 supra
3187 3787 3367 3829 aerem
3403 3780 3527 3838 est;

1968 3864 2061 3938 qui
2089 3872 2173 3922 est
2201 3862 2621 3936 limpidissimus
2666 3862 2853 3919 :etber.
2891 3862 3026 3919 Item
3069 3863 3267 3920 caelum
3304 3872 3532 3920 vocatur

1965 3958 2230 4031 quidquid
2287 3973 2505 4015 sursum
2557 3956 2822 4023 cernitur,
2867 3965 3136 4029 quatenus
3198 3956 3530 4029 aspectabile

1964 4059 2069 4117 est,
2103 4062 2155 4108 et
2179 4059 2237 4107 ut
2263 4050 2497 4121 quisque
2526 4050 2640 4104 acri
2675 4058 2759 4107 est
2790 4050 3076 4106 oculorum
3113 4048 3230 4106 acie
3271 4049 3528 4120 praeditus

1967 4145 2035 4200 ad
2089 4142 2405 4199 videndum.
2472 4141 2553 4195 Ad
2598 4141 2714 4197 haec
2753 4141 2954 4198 caelum
3008 4141 3247 4199 mundus
3301 4141 3525 4207 dicitur,

1964 4237 2110 4310 quod
2143 4245 2371 4307 usurpat
2402 4237 2457 4292 in
2484 4237 2603 4293 sole
2632 4236 2786 4292 Plato
2810 4237 2893 4293 sic
2915 4236 3162 4295 scribens
3195 4256 3208 4292 :
3246 4255 3266 4289 ι
3302 4234 3527 4307 Magnus

1966 4330 2129 4401 igitur
2145 4329 2197 4383 in
2214 4328 2352 4383 caelo
2368 4327 2456 4384 ille
2477 4326 2709 4398 Jupiter.
2724 4349 2742 4381 ι
2760 4327 3028 4400 Epicurus
3047 4342 3171 4383 cum
3195 4333 3530 4399 praeceptore

1965 4435 2065 4479 suo
2099 4419 2407 4476 Metrodoro
2430 4420 2618 4491 plures
2645 4437 2770 4479 esse
2802 4421 3037 4477 mundos
3061 4419 3354 4475 arbitratus
3380 4426 3479 4475 est.

2490 4534 2565 4591 De
2601 4537 2771 4608 ﬁgura
2809 4537 3008 4591 mundi.

2034 4648 2088 4703 6.
2110 4648 2529 4721 Mundiﬁguram
2557 4650 2939 4716 aliiconicam;
2972 4649 3061 4705 alii
3079 4647 3358 4720 sphmricaa
3377 4648 3530 4705 simi-

1968 4744 2104 4809 lem;
2135 4743 2343 4798 ovalem
2392 4743 2483 4798 alii
2531 4758 2653 4799 esse
2698 4741 3146 4813 sentiunt:quod
3190 4748 3527 4814 postremum

1966 4842 2185 4889 tuentur
2209 4835 2269 4900 ii,
2305 4835 2396 4905 qui
2426 4834 2679 4907 Orphicis
2716 4837 2889 4891 sacris
2924 4834 3164 4891 initiant.
3197 4834 3273 4891 Ac
3309 4834 3530 4891 videtur

1966 4927 2055 4983 ovi
2084 4928 2187 4983 ista
2214 4929 2513 4985 similitudo
2534 4928 2816 4985 facilitatis
2840 4941 3007 4984 causa
3036 4934 3092 4985 et
3117 4928 3529 5000 perspicuitatis

1965 5030 2260 5090 assumpta.
2294 5019 2524 5076 Pmstat
2565 5028 2746 5077 tamen
2792 5019 3112 5091 sphzericam
3151 5020 3378 5093 ﬁguram
3432 5035 3527 5076 ac-

1964 5112 2307 5168 commodare
2333 5114 2474 5168 cmlo
2519 5120 2572 5169 et
2614 5113 2681 5169 iis
2716 5128 2837 5184 quae
2880 5113 2934 5168 in
2968 5128 3031 5169 eo
3053 5123 3200 5180 sunt,
3237 5118 3300 5167 ut
3333 5111 3531 5183 Empe-

1964 5205 2146 5262 docles
2175 5206 2385 5277 putavit
2414 5205 2502 5263 his
2545 5206 2724 5262 verbis
2751 5225 2762 5261 :

2105 5314 2356 5386 Splucrus
2394 5316 2674 5384 rotundus,
2704 5317 2819 5372 sala
2857 5319 3108 5374 circulari
3135 5319 3389 5391 gaudens.

2033 5427 2189 5497 Quod
2225 5446 2288 5487 ex
2320 5445 2387 5486 eo
2437 5429 2630 5501 liquet,
2683 5430 2942 5502 quoniam
2989 5448 3084 5490 sex
3132 5448 3294 5505 supra
3328 5441 3530 5490 terram

1964 5524 2137 5596 signa,
2166 5523 2390 5581 totidem
2422 5521 2566 5579 infra
2601 5533 2860 5595 perpetua
2893 5533 3041 5583 sunt.
3061 5525 3532 5598 Cujusmodinnlli

1965 5616 2139 5680 alteri,
2160 5632 2321 5689 quam
2348 5615 2628 5687 sphzericaa
2649 5616 2854 5689 ﬁgurae,
2879 5618 3168 5691 dispositio
3194 5629 3259 5675 ac
3282 5617 3532 5676 circuitio

1964 5712 2239 5783 congruit.
2255 5710 2425 5767 Porro
2445 5710 2669 5783 sphaera:
2690 5712 2920 5770 similem
2957 5713 3159 5769 mundo
3184 5714 3420 5785 speciem
3441 5723 3537 5779 σιμ
3620 5736 3621 5739 η
