4040 6206
465 385 564 442 947

1485 386 1574 440 AD
1620 384 1891 441 EUSEBII
1929 383 2322 441 CHRONICON
2368 383 2720 441 API’ENDIX.

3581 368 3686 425 948

461 501 699 569 signant.
736 497 958 569 Sphazra
985 501 1185 571 quippe
1213 501 1409 556 coelum
1430 508 1514 556 est
1543 518 1556 554 :
1583 501 1807 570 sphaera;
1828 499 2020 555 similis

2125 499 2224 571 μὲν
2254 501 2359 572 γὰρ
2401 503 2428 554 δ
2459 498 2716 572 οὺρανός¹
2752 493 3090 567 σφαιροειδὴς
3129 491 3186 544 δὲ
3229 492 3262 560 ἡ
3300 488 3392 560 γῆ-
3431 485 3689 556 Διαφέρει

460 598 628 645 terra.
665 588 761 646 Est
797 598 978 647 autem
1007 593 1294 664 utriusque
1326 592 1640 648 discrimen.
1672 591 1805 647 Nam
1850 593 2024 663 spina:-

460 684 587 736 ricae
624 675 820 754 similis
853 682 1024 753 ﬁgura
1053 693 1234 756 partes
1273 682 1537 754 quasdam
1571 683 1872 738 eminentes
1923 682 2021 735 ba-

459 774 570 838 bet,
601 775 738 830 alias
763 789 1066 843 concavas;
1092 778 1306 848 sphaera
1332 775 1695 846 undequaque
1721 783 1806 830 est
1837 789 2019 845 arqua-

459 865 623 932 bilis,
658 874 713 922 et
747 875 876 922 sunt
920 868 990 923 ab
1025 870 1145 938 ejus
1182 878 1369 923 centro
1398 868 1466 922 ad
1509 877 1808 924 extremum
1849 867 2023 922 ambi-

459 962 574 1008 tum
599 957 778 1010 ducta:
803 957 1038 1027 aequales
1090 958 1232 1012 inter
1260 973 1320 1014 se
1354 957 1525 1012 linem.
1562 955 1771 1010 leum
1812 963 1896 1009 est
1921 955 2024 1008 ita-

457 1061 564 1115 que
611 1046 851 1117 spliaara,
916 1047 1060 1104 unde
1100 1057 1154 1104 et
1202 1049 1259 1103 in
1303 1049 1488 1105 orbem
1533 1057 1781 1104 movetur
1814 1066 1825 1100 :
1860 1061 2020 1116 quem

459 1136 666 1198 circum
690 1140 771 1196 sol
796 1139 1084 1195 circuitum
1116 1139 1282 1195 facit:
1880 1140 1882 1142 ’

661 1251 756 1308 Sol
775 1253 1069 1321 pernicibus
1100 1254 1244 1324 equis
1267 1271 1478 1310 versans
1511 1257 1803 1324 ﬂammam.

531 1342 738 1398 Etenim
773 1345 841 1400 ab
867 1344 1084 1401 Oceano
1110 1354 1424 1418 surgentem
1455 1347 1606 1400 illum
1633 1345 2014 1416 prospicimus:

457 1457 551 1512 Sol
579 1469 746 1513 autem
777 1460 978 1514 exsiliit
1005 1461 1298 1532 relinquens
1320 1461 1634 1531 prwclarum
1663 1461 1879 1524 lacum;

459 1568 568 1639 78
600 1584 661 1624 ac
690 1586 882 1627 rursus
903 1573 960 1628 in
986 1570 1260 1629 Oceanum
1289 1574 1591 1631 cadentem:

556 1681 752 1742 Incidit
783 1695 959 1741 autem
982 1687 1037 1740 in
1061 1685 1326 1743 Oceanum
1358 1691 1629 1754 splendida
1667 1694 1760 1748 tua:
1779 1694 1928 1749 solis.

457 1771 615 1838 Quod
657 1790 766 1830 non
815 1777 985 1840 ﬁeret,
1022 1780 1126 1835 nisi
1154 1780 1208 1833 in
1249 1781 1434 1836 orbem
1465 1782 1721 1838 cieretur.
1755 1782 2021 1854 Pythago-

460 1864 559 1923 rici
587 1873 788 1931 tamen,
818 1869 912 1938 qui
945 1884 1012 1925 ex
1041 1871 1284 1927 numeris
1307 1887 1373 1927 ae
1402 1872 1589 1944 ﬁguris
1619 1881 1872 1928 constare
1887 1887 2019 1928 cen-
2048 1850 2092 1906 Β

458 1965 580 2012 sent
607 1959 813 2027 omnia,
847 1967 1005 2016 terrae
1036 1963 1286 2019 cubicam
1319 1963 1545 2035 ﬁguram
1587 1965 1856 2031 tribuunt,
1905 1963 2018 2034 igni

458 2051 755 2121 pyramidis
781 2053 1011 2110 similem
1041 2095 1056 2119 ,
1089 2057 1201 2114 aeri
1241 2057 1574 2122 octaedrum,
1624 2073 1778 2129 aquae
1807 2057 2017 2113 icosae-

457 2137 642 2206 drum,
663 2141 761 2202 toti
793 2144 1131 2200 universitati
1155 2145 1571 2203 dodecaedrum.

945 2318 1023 2375 De
1047 2323 1530 2380 circumvolutione.

529 2404 582 2460 7.
621 2403 821 2464 Stoicis
863 2410 1041 2480 placet
1087 2429 1118 2469 e
1157 2422 1302 2471 terra
1340 2418 1575 2488 primum
1603 2416 1860 2480 extimam
1896 2414 2010 2469 ﬁeri

457 2493 1017 2559 circumvolutionem.
1042 2500 1176 2562 Cum
1199 2505 1342 2570 enim
1377 2515 1622 2561 centrum
1646 2506 1736 2560 illa
1756 2506 1846 2573 sit,
1871 2504 2016 2560 velut

457 2598 491 2638 ι
520 2593 711 2642 centro
739 2587 1008 2658 circulus;
1039 2591 1120 2648 sic
1153 2608 1184 2646 a
1218 2602 1360 2648 terra
1381 2595 1458 2659 ﬁt,
1496 2602 1554 2649 ut
1587 2603 2014 2650 consentaneum

457 2685 564 2743 est,
596 2677 688 2734 ille
747 2679 986 2738 ambitus
1025 2686 1284 2741 exterior.
1319 2687 1666 2743 Aliisursum
1709 2697 1898 2741 natura
1918 2701 2016 2741 sua

457 2766 579 2825 ﬁeri
609 2768 790 2842 ignem
839 2781 1115 2836 asserunt.
1147 2784 1202 2830 et
1231 2776 1285 2831 in
1325 2777 1590 2832 circulum
1637 2791 1760 2832 esse
1801 2776 2016 2832 volubi-

457 2859 600 2925 lem,
653 2862 890 2949 indeque
946 2867 1114 2936 totius
1168 2869 1408 2925 universi
1450 2868 1826 2946 circuitioncm
1873 2869 2008 2924 exsi-

457 2957 627 3008 atere.

790 3067 873 3126 An
893 3069 962 3123 sit
993 3068 1194 3139 aliquid
1220 3079 1372 3126 extra
1401 3073 1674 3130 mundum.

527 3153 582 3210 8.
603 3153 862 3213 Nonnulli
885 3166 1038 3216 extra
1060 3161 1322 3217 mundum
1345 3178 1469 3220 esse
1499 3164 1702 3236 aliquid
1725 3173 1936 3237 putant,
1959 3177 2018 3223 ut

459 3244 755 3319 Epicurus;
784 3250 879 3320 qui
931 3251 988 3306 in
1036 3252 1249 3309 inﬁnito
1290 3270 1464 3312 vacuo
1508 3257 1750 3315 inﬁnitos
1786 3259 2020 3320 mundos

459 3340 714 3400 collocat.
747 3341 937 3413 Stoici,
963 3346 1057 3416 qui
1087 3347 1568 3406 certisintervallis
1592 3358 1897 3422 temporum
1929 3351 2022 3408 de-

459 3432 835 3505 ﬂagrationem
869 3437 1058 3493 mundi
1081 3439 1299 3496 evenire
1318 3441 1580 3507 sentiunt,
1597 3458 1828 3499 vacuum
1850 3444 2022 3515 quod-

459 3523 586 3582 dam
627 3525 862 3596 spatium
913 3530 1283 3597 constituunt,
1341 3546 1453 3587 non
1500 3541 1681 3590 tamen
1718 3534 2018 3602 inﬁnitum;

459 3615 558 3677 sed
601 3623 848 3684 tantum,
881 3627 941 3673 ut
979 3619 1303 3677 dissolutum
1345 3623 1448 3677 hoc
1489 3625 1801 3682 universum
1827 3639 2022 3696 capere

459 3707 656 3776 possit.
701 3708 807 3764 Sed
845 3712 939 3781 qui
974 3713 1110 3768 nihil
1143 3723 1294 3769 extra
1347 3715 1608 3771 mundum
1644 3733 1766 3773 esse
1811 3717 2019 3781 volunt,

457 3797 537 3852 ita
567 3799 966 3858 ratiocinantur
991 3823 1004 3859 :
1037 3804 1173 3860 Cum
1204 3807 1400 3862 coelum
1454 3819 1734 3864 moveatur
1760 3809 1816 3864 in
1845 3809 2022 3864 circu-

459 3886 592 3954 lum,
619 3887 667 3944 si
697 3889 828 3959 quid
855 3901 1006 3947 extra
1040 3894 1172 3950 illud
1205 3897 1360 3951 vacui
1403 3904 1508 3962 est,
1540 3899 1750 3969 sphaera
1788 3900 1905 3971 ipsa
1929 3901 2022 3959 de-

458 3979 786 4041 clinationes
819 3985 1083 4056 quasdam
1114 3985 1296 4056 faciet,
1327 3990 1384 4044 in
1423 3989 1564 4054 hanc
1592 3991 1674 4052 vel
1711 3991 1858 4048 illam
1893 3993 2023 4049 sub-

457 4071 610 4142 lapsa
661 4080 906 4149 partem;
939 4076 1043 4134 hoc
1081 4093 1210 4146 vero
1266 4097 1611 4153 nequaquam
1648 4084 1865 4140 accidit.
1913 4084 2023 4139 Va—

458 4179 622 4238 cuum
662 4182 791 4238 ergo
823 4170 1031 4230 nullum
1065 4180 1167 4228 est.
1194 4171 1327 4227 Nam
1355 4177 1542 4232 eodem
1563 4176 1722 4232 modo
1754 4187 1809 4234 et
1829 4178 1898 4236 ab
1928 4179 2023 4242 iis-

458 4255 580 4318 dem
607 4261 854 4340 partibus
875 4268 1028 4322 ortus
1056 4271 1108 4325 et
1130 4277 1359 4320 occasus
1394 4265 1506 4321 ﬁeri
1530 4269 1823 4340 cernimus.

971 4381 1054 4432 An
1087 4388 1186 4432 stet
1217 4380 1463 4436 mundus.
1488 4365 1499 4376 ’

527 4467 582 4523 9.
619 4466 929 4525 Stoicorum
977 4468 1256 4535 decretum
1305 4471 1437 4526 illud
1469 4483 1571 4538 est,
1605 4490 1825 4532 manere
1865 4493 2020 4534 mun-

2122 593 2177 646 δὲ
2219 592 2492 664 ἑκατέρα·
2540 591 2573 662 ἢ
2619 590 2664 622 ⁸⁹
2715 589 2775 642 τὸ
2833 587 2930 658 μὲν
2981 580 3314 656 σφαιροειδὲς
3360 579 3544 649 σχῆμα
3593 577 3691 634 καὶ

2123 683 2315 754 ἐξοχὰς
2348 684 2458 754 ἔχει
2485 683 2578 736 καὶ
2615 680 2948 751 κοιλότητας,
2979 677 3040 729 τὸ
3077 675 3133 729 δὲ
3160 674 3259 744 τῆς
3292 672 3526 742 σφαίρας
3551 686 3688 724 παν-

2122 777 2346 848 ταχόθεν
2377 778 2509 839 ἴσον,
2537 775 2629 829 καὶ
2657 773 2764 828 ἀπὸ
2790 771 2883 824 τοῦ
2912 770 3074 842 μέσου
3102 768 3325 840 κέντρου
3363 762 3688 833 ἐκϐαλλομέ-

2121 888 2219 934 νας
2248 870 2461 933 εὐθείας
2500 871 2579 932 εἰς
2619 868 2718 926 τὴν
2773 863 3091 932 ἐπιφάνειαν
3141 859 3262 920 ῐσας
3314 856 3456 926 ἕχον.
3501 855 3687 907 Ἔστιν

2120 959 2211 1018 οὖν
2248 965 2276 1016 ὁ
2311 963 2537 1034 οὐρανὸς
2586 962 2820 1030 σφαίρα*
2861 957 2981 1010 ὅθεν
3027 955 3120 1008 καὶ
3157 951 3254 1022 τὴν
3297 948 3481 1018 κύκλῳ
3516 946 3688 1018 φοράδ

2121 1056 2353 1110 ποιεῖται
2371 1073 2383 1084 ·
2423 1053 2549 1125 περὶ
2573 1053 2629 1105 ὃν
2663 1051 2757 1104 καὶ
2791 1049 2938 1120 ⁹ἣλιος
2963 1046 3060 1117 τὴν
3089 1041 3391 1114 περιφορὰν
3417 1041 3648 1093 ποιεῖται
3667 1054 3680 1066 ’

2299 1247 2471 1303 ’Ἥλιε
2501 1246 2666 1312 θοαῖς
2691 1247 2963 1298 ἵπποισιν
2984 1241 3271 1296 εἱλίσσων
3291 1239 3508 1310 φλόγα.

2119 1337 2230 1392 Καὶ
2258 1337 2364 1410 γὰρ
2393 1338 2451 1405 ἐξ
2491 1337 2742 1391 Ὠκεανοῦ
2772 1333 3125 1390 ἀνατέλλοντα
3157 1331 3318 1385 αὐτὸν
3359 1329 3572 1400 ὁρῶμεν
3594 1343 3608 1355 ·

2137 1452 2357 1521 Ἠέλιος
2380 1452 2431 1505 δ’
2453 1453 2767 1520 ἀνόρουσε,
2788 1448 2979 1504 λιπὼν
2998 1447 3360 1517 περικαλλέα
3383 1441 3710 1513 λίμνηνηό

2121 1571 2212 1623 καλ¹
2240 1569 2401 1624 πάλιν
2434 1567 2491 1630 ὲς
2533 1565 2778 1619 Ὠκεανὸν
2801 1561 3195 1632 καταδυόμενον
3214 1576 3228 1591 ·

2205 1682 2307 1736 Ἐν
2331 1680 2382 1734 δ’
2413 1679 2580 1735 Exeo"
2621 1676 2873 1744 Ὠκεανῷ
2893 1674 3168 1746 λαμπρόν
3197 1671 3350 1742 φάος
3368 1669 3610 1738 ἠελίοιο.

2123 1774 2234 1827 Οὐκ
2263 1773 2329 1827 ἄν
2350 1773 2406 1826 δὲ
2439 1773 2594 1826 τοῦτο
2614 1771 2839 1840 ἐγίνετο,
2869 1769 2918 1822 εἰ
2953 1768 3028 1839 μὴ
3055 1767 3152 1837 τὴν
3172 1763 3355 1835 κύκλῳ
3385 1759 3685 1832 περιφορὰν

2124 1868 2375 1920 ἐποιεῖτο.
2411 1869 2472 1920 Οἱ
2505 1866 2558 1918 δὲ
2582 1865 2955 1936 Πυθαγόρειοι,
2987 1862 3108 1916 ἐπεὶ
3145 1861 3323 1914 πάντα
3353 1855 3414 1923 ἐξ
3438 1854 3684 1929 ἀριθμῶν

2124 1957 2216 2010 καὶ
2243 1957 2512 2028 γραμμῶν
2548 1958 2862 2011 συνεστάναι
2886 1955 3115 2020 θέλουσι,
3143 1954 3239 2023 τὴν
3277 1952 3373 2023 μὲν
3392 1951 3495 2021 γῆν
3523 1964 3684 2018 φασιν

2125 2049 2266 2120 ἔχειν
2288 2050 2472 2122 σχῆμα
2494 2050 2732 2114 κυϐικὸν,
2761 2049 2820 2102 τὸ
2866 2049 2923 2103 δὲ
2962 2049 3070 2120 πῦρ
3103 2043 3481 2117 πυραμοειδὲς,
3510 2042 3601 2095 τὸν
3637 2039 3684 2093 δ’

2125 2143 2262 2214 ἀέρα
2286 2143 2568 2214 ὀκτάεδρον
2589 2182 2604 2206 ,
2639 2143 2698 2196 τὸ
2722 2142 2779 2196 δὲ
2813 2141 2954 2214 ὕδωρ
2985 2138 3345 2209 εἰκοσάεδρον,
3387 2136 3484 2207 τὴν
3505 2134 3561 2187 δὲ
3577 2131 3689 2184 τῶν

2124 2235 2259 2289 ὅλων
2285 2235 2536 2290 σύστασιν
2561 2234 2940 2306 δωδεκάεδρον.

2644 2347 2782 2416 Περὶ
2808 2343 3147 2416 περιφορᾶς.

2195 2442 2264 2506 ξ’.
2299 2441 2363 2496 υἱ
2389 2440 2613 2494 Στωϊκοί
2641 2457 2804 2508 φασιν
2826 2439 2892 2493 ὲκ
2919 2438 3020 2508 τῆς
3041 2437 3142 2508 γῆς
3178 2434 3275 2506 τὴν
3309 2431 3509 2498 ἔξωθεν
3539 2428 3690 2496 γενε-

2126 2535 2246 2588 σθαι
2296 2534 2508 2606 πρῶτον
2553 2532 2870 2606 περιφοράν.
2912 2529 3064 2584 Ἐπεὶ
3105 2528 3212 2600 γὰρ
3260 2527 3293 2597 ἡ
3334 2525 3405 2594 γῆ
3460 2522 3688 2591 κέντρου

2122 2625 2274 2692 τάξιν
2305 2625 2512 2696 ἐπέχει,
2546 2625 2733 2695 ὥσπερ
2786 2622 2894 2678 ἀπὸ
2933 2621 3156 2692 κέντρου
3198 2617 3393 2679 κύκλος
3438 2615 3685 2683 γίνεται·

2123 2717 2260 2771 οὓτω
2286 2720 2378 2774 καὶ
2399 2717 2504 2771 ἀπὸ
2525 2718 2622 2789 τῆς
2645 2717 2748 2788 γῆς
2776 2715 2920 2780 εἰκὸς
2953 2713 3056 2779 ἔξω
3090 2711 3444 2786 περιφέρειαν
3472 2703 3689 2776 γεγονέ-

2123 2830 2230 2866 ναι.
2263 2814 2326 2865 Οἱ
2345 2811 2401 2864 δέ
2426 2829 2556 2880 φασι
2577 2811 2636 2864 τὸ
2656 2809 2767 2882 πῦρ
2787 2811 2829 2845 ⁹¹
2866 2807 3142 2878 ἀνωφερὲς
3161 2801 3316 2858 εἶναι’
3341 2802 3435 2854 καὶ
3460 2799 3559 2869 τὴν
3586 2795 3688 2849 κύ-

2123 2902 2234 2972 κλῳ
2269 2901 2439 2974 φορὰν
2476 2901 2661 2964 εἰωθὸς
2695 2899 2984 2963 ποιεῖσθαι,
3024 2897 3122 2969 τὴν
3146 2894 3403 2948 σύστασιν
3448 2891 3547 2962 τῆς
3578 2888 3690 2942 τῶν

2121 2995 2256 3048 ὅλων
2289 2993 2592 3065 περιφορᾶς
2622 2995 2868 3045 ποιεῖται.

2646 3106 2715 3159 Εἰ
2747 3106 2877 3159 ἔστι
2904 3121 2959 3157 τι
2987 3103 3175 3169 ἐκτός.

2046 3206 2091 3268 ρ
2191 3203 2262 3270 η’.
2296 3199 2359 3252 Οἱ
2394 3198 2490 3270 μὲν
2532 3192 2670 3251 εἷναί
2710 3214 2763 3249 τι
2793 3195 2947 3259 ἐκτός
2984 3211 3166 3265 φασιν,
3195 3192 3383 3264 ὥσπερ
3409 3190 3506 3244 καὶ
3536 3188 3691 3242 Ἐπί-

2123 3308 2313 3362 κουρος
2336 3306 2351 3321 ·
2381 3290 2439 3354 ὃς
2470 3289 2562 3342 καὶ
2581 3287 2839 3359 ἀπείρους
2858 3287 3094 3357 κόσμους
3117 3284 3427 3339 ὑποτίθεται
3447 3285 3508 3335 ὲν
3531 3281 3689 3335 ἀπεί-

2125 3400 2200 3453 ρῳ
2249 3381 2325 3453 τῷ
2374 3381 2514 3451 κενῷ
2534 3397 2548 3410 ·
2597 3381 2650 3433 οἱ
2699 3380 2755 3433 δὲ
2801 3379 3047 3441 Στωϊκοὶ,
3089 3376 3398 3449 ἐκπύρωσιν
3443 3374 3690 3442 λέγοντες

2122 3471 2327 3544 κόσμου
2353 3473 2495 3526 κατά
2533 3488 2682 3536 τινας
2720 3469 3056 3544 ὡρισμένους
3091 3468 3314 3539 χρόνους
3345 3462 3503 3528 εἶναι,
3534 3462 3692 3516 κενὸν

2125 3565 2242 3635 μὲν,
2269 3565 2328 3617 οὐ
2366 3562 2468 3635 μὴν
2494 3562 2717 3634 ἄπειρόν
2747 3558 2938 3630 φασινο
2975 3559 3107 3612 ἀλλὰ
3149 3558 3399 3611 τοσοῦτον
3433 3556 3556 3608 ὅσον
3587 3572 3693 3624 χω-

2125 3653 2287 3724 ρῆσαι
2314 3653 2472 3706 λυΟὲν
2494 3654 2551 3705 τὸ
2581 3655 2706 3708 πᾶν.
2734 3654 2795 3706 οε
2822 3651 2878 3704 δὲ
2906 3651 3067 3722 μηδὲν
3089 3645 3223 3703 εἶναι
3246 3647 3494 3717 λέγοντες
3513 3646 3690 3717 χρῶν-

2122 3762 2210 3798 ται
2239 3744 2380 3815 λόγῳ
2409 3744 2633 3816 τοιούτῳ
2659 3762 2671 3775 ·
2705 3745 2810 3798 Τοῦ
2843 3737 3070 3816 οὐρανοῦ
3111 3740 3410 3812 σφαιρικῶς
3435 3737 3688 3810 κινουμέ-

2124 3853 2236 3901 νου,
2261 3837 2310 3888 ei
2339 3834 2452 3889 ἔστι
2482 3855 2532 3889 τι
2574 3836 2726 3900 ἐκτὸς
2756 3836 2930 3898 κενὸν,
2967 3834 3300 3906 συμϐήσεται
3323 3837 3420 3903 τὴν
3457 3831 3689 3900 σφαῖραν

2123 3926 2506 3999 παρεγκλίσεις
2543 3928 2692 3991 τινας
2720 3926 3027 3999 ὑπομένειν,
3071 3924 3534 3990 ἐξολισθαίνουσαν
3563 3920 3689 3991 τῇδε

2125 4021 2345 4074 κάκεῖσε
2369 4037 2384 4052 ο
2415 4021 2570 4076 τοῦτο
2605 4020 2662 4074 δὲ
2700 4021 2760 4073 ού
2793 4019 3027 4090 γίνεται’
3071 4018 3170 4071 οὐκ
3204 4017 3314 4089 ἄρα
3355 4015 3472 4068 ἐστι
3513 4013 3685 4066 κενόν.

2136 4111 2246 4164 ’Λεὶ
2281 4111 2390 4184 γὰρ
2415 4113 2534 4166 κατ’
2564 4112 2699 4165 αὑτά
2730 4111 2826 4165 καὶ
2865 4111 2972 4165 ἀπὸ
3004 4109 3112 4163 τῶν
3151 4107 3330 4162 αὐτῶν
3355 4104 3572 4180 ὁρῶμεν
3589 4103 3682 4166 τὰς

2125 4201 2384 4266 ἀνατολὰς
2408 4202 2622 4267 καὶτὰς
2649 4202 2844 4266 δύσεις.

2568 4400 2636 4454 Ei
2655 4399 2910 4466 ἕστηκεν
2931 4401 2964 4454 ὁ
2985 4400 3232 4468 κόσμος.

2197 4491 2260 4544 0'.
2287 4490 2469 4561 Δόγμα
2497 4491 2612 4543 ἐστὶ
2645 4491 2749 4544 τῶν
2778 4491 3027 4546 Στωϊκῶν
3040 4493 3131 4544 καὶ
3151 4488 3563 4561 μαθηματικῶν,
3591 4487 3684 4557 μὲν

455 4561 587 4638 dum
618 4578 632 4614 :
665 4562 809 4634 quod
853 4578 920 4618 ex
957 4578 1022 4618 eo
1050 4563 1279 4634 probant
1308 4581 1322 4618 :
1353 4563 1562 4618 Etenim
1614 4567 1660 4622 si
1693 4569 1927 4625 mundus
1965 4572 2020 4626 in

2126 4599 2236 4636 νειν
2266 4581 2355 4634 τὸν
2377 4581 2596 4655 κόσμον,
2629 4583 2701 4634 Τὸ
2731 4583 2910 4653 μέντοι
2933 4583 3104 4653 δόγμα
3122 4581 3210 4636 διὰ
3239 4581 3496 4636 τοιούτων
3521 4596 3684 4632 κατα-

454 4655 722 4711 immenso
768 4656 862 4709 illo
894 4673 1067 4713 vacuo
1111 4658 1416 4715 consistens
1460 4659 1712 4715 deorsum
1751 4661 2016 4726 tenderet,

452 4754 658 4803 terram
709 4748 913 4812 imbres
965 4752 1230 4822 attingere
1285 4753 1506 4809 minime
1553 4762 1777 4823 possent
1817 4772 1829 4807 :
1870 4757 2016 4826 atqui

453 4852 573 4893 eam
609 4838 900 4909 attingunt.
941 4839 1060 4894 Non
1091 4842 1254 4913 igitur
1287 4852 1556 4909 movetur,
1588 4846 1682 4900 sed
1722 4845 1888 4901 ἣξει-οι
1919 4847 2021 4901 im-

452 4930 671 4986 mobilis
715 4931 975 4987 mundus.
1007 4933 1088 4987 Ad
1126 4935 1241 4989 haec
1271 4945 1557 4992 ventorum
1581 4937 1672 4991 alii
1699 4937 1766 4993 de
1795 4944 1936 4994 ter-ra
1963 4939 2021 4994 in

455 5036 633 5101 aerem
660 5032 957 5093 assurgunt
994 5043 1006 5078 :
1033 5026 1124 5080 alii
1155 5026 1209 5081 in
1236 5035 1438 5082 terram
1472 5029 1810 5085 descendunt
1835 5047 1848 5083 :
1873 5032 2018 5102 quod

453 5116 498 5170 si
522 5131 721 5177 non....
747 5114 868 5170 Non
897 5131 1026 5186 ergo
1059 5119 1294 5197 mundus
1332 5129 1600 5178 movetur.
1627 5124 1793 5180 Aiunt
1840 5133 2021 5181 autem

453 5206 512 5262 in
541 5207 755 5282 inﬁnito
789 5222 961 5263 vacuo
993 5224 1211 5289 manere
1239 5214 1500 5268 mundum
1543 5224 1762 5287 propter
1812 5225 2020 5273 motum

451 5299 609 5354 illum
633 5300 700 5355 ad
722 5306 990 5356 centrum.
1024 5301 1302 5374 Siquidem
1334 5313 1518 5376 partes
1545 5307 1692 5363 illius
1735 5323 1921 5364 omnes
1953 5307 2020 5363 ad

452 5399 704 5447 centrum
733 5403 964 5464 vergunt
994 5414 1007 5450 :
1038 5411 1158 5465 quae
1180 5405 1308 5451 sunt
1331 5406 1495 5462 terra,
1522 5414 1681 5470 aqua,
1716 5417 1830 5464 aer,
1855 5401 2018 5472 ignis.

453 5483 586 5550 Qua:
607 5498 798 5541 omnes
825 5487 893 5540 ad
921 5497 1168 5543 centrum
1198 5505 1483 5560 propensa
1515 5503 1664 5550 sunt.
1697 5494 1778 5550 0b
1805 5495 1857 5549 id
1891 5512 2022 5550 nus-

454 5591 617 5648 quam
637 5579 874 5635 mundus
894 5581 1139 5637 inclinat.
1168 5583 1238 5636 At
1267 5584 1516 5655 Epicurei
1541 5589 1873 5644 immobilem
1902 5605 2021 5646 esse

454 5670 714 5726 mundum
741 5671 947 5727 idcirco
974 5677 1352 5746 putant,quod
1373 5677 1444 5732 ab
1472 5694 1616 5747 aere,
1648 5681 1738 5751 qui
1763 5681 1818 5756 in
1853 5681 2023 5738 inter-

523 5831 567 5861 ”
589 5833 631 5903 Ῐ.
823 5832 866 5863 ⁹⁰
903 5831 1063 5899 Odys.
1099 5834 1156 5884 Γ.

1264 5837 1303 5867 οι
1342 5836 1381 5905 f.
1413 5837 1496 5890 διὰ
1525 5839 1598 5890 τό.

2129 4675 2482 4738 σκευάζεται·
2537 4675 2598 4726 Ei
2641 4677 2669 4750 ό
2714 4676 2914 4746 κόσμος
2943 4675 3082 4746 κενῴ
3114 4678 3170 4727 ὲν
3200 4674 3412 4744 ἀπείρῳ
3434 4674 3688 4744 ὑπάρχων

2128 4768 2277 4820 κάτω
2315 4767 2555 4838 ἐφέρετο,
2583 4766 2682 4819 οὐκ
2710 4766 2776 4820 ἂν
2804 4767 2996 4839 ὄμϐροι
3016 4766 3422 4836 κατελάμϐανον
3440 4763 3537 4836 τὴν
3565 4764 3685 4833 γῆψ

2129 4856 2602 4926 καταλαμϐάνουσι
2625 4855 2701 4909 δέ·
2730 4858 2830 4910 οὐκ
2862 4859 2968 4928 ἄρα
3001 4858 3220 4928 φέρεται
3247 4859 3276 4910 ό
3309 4857 3534 4927 κόσμος,
3559 4855 3690 4909 ἀλλά

2127 4946 2344 5017 ἕστηκε.
2381 4948 2489 5000 Καὶ
2523 4947 2684 5000 πάλιν
2717 4949 2765 4999 οἱ
2797 4947 2985 5018 ἄνεμοι
3014 4947 3162 5002 ἄλλοι
3193 4946 3289 5017 μὲν
3328 4944 3437 4999 ἀπὸ
3463 4948 3564 5015 τῆς
3593 4945 3690 5015 γῆς

2129 5040 2208 5102 εἰς
2234 5039 2391 5111 ἀέρα,
2424 5039 2569 5093 ἄλλοι
2597 5040 2653 5092 δὲ
2678 5039 2769 5092 ἐπὶ
2806 5039 2874 5092 τὰ
2900 5040 3048 5093 κάτω
3075 5040 3180 5092 εἰσὶ
3213 5037 3688 5108 καταϐαλλόμενοι.

2128 5133 2192 5191 Εἰ
2217 5133 2272 5186 δὲ
2296 5132 2378 5197 οὒ,
2416 5133 2514 5185 οὐκ
2541 5135 2649 5203 ἄρα
2678 5132 2902 5204 φέρεται
2943 5135 2972 5185 ὁ
3002 5132 3222 5199 κόσμος.
3250 5130 3387 5184 Φασὶ
3423 5130 3482 5184 δὲ
3515 5130 3690 5201 μένειν

2127 5229 2218 5283 τὸν
2247 5231 2448 5300 κόσμον
2500 5231 2558 5281 ἐν
2599 5229 2808 5300 ἀπείρῳ
2856 5228 2997 5299 κενῷ
3027 5226 3116 5281 διὰ
3160 5226 3256 5298 τὴν
3288 5225 3383 5286 ἐπὶ
3428 5225 3491 5279 τὸ
3535 5225 3690 5297 μέσον

2128 5323 2328 5395 φοράνο
2362 5323 2482 5375 ἐπεὶ
2511 5329 2687 5376 πάντα
2707 5321 2871 5375 αὐτοῦ
2912 5320 2980 5374 τὰ
3027 5321 3168 5392 μέρη
3202 5320 3295 5388 ἐπὶ
3333 5319 3394 5372 τὸ
3426 5319 3589 5390 μέσον
3613 5317 3688 5369 νέ-

2129 5393 2308 5471 νευκε.
2336 5417 2496 5488 Μέρη
2521 5417 2578 5469 δέ
2604 5417 2750 5469 ἐστιν
2776 5414 2940 5468 αὐτοῦ
2972 5415 3073 5485 γῆ,
3109 5413 3275 5484 ὕδωρ,
3318 5413 3450 5483 ἀὴρ,
3482 5411 3594 5482 πῦρ
3620 5426 3632 5438 -
3657 5407 3690 5462 ιι

2131 5506 2310 5560 πάντα
2342 5506 2486 5561 νεύει
2538 5506 2629 5559 ἐπὶ
2660 5505 2722 5560 τὸ
2762 5506 2942 5576 μέσον.
2987 5505 3086 5557 Διὰ
3129 5503 3286 5557 τοῦτο
3326 5499 3419 5556 οὖν
3460 5497 3688 5570 οὐδαμοῦ

2130 5598 2284 5670 ῥέπει
2312 5600 2340 5671 ό
2369 5599 2587 5669 κόσμος.
2624 5597 2686 5654 Oi
2725 5598 2782 5652 δὲ
2826 5597 3184 5668 Ἐπικούρειοί
3235 5613 3367 5664 φασι
3401 5595 3582 5664 μένειν
3606 5591 3688 5644 τὸν

2129 5689 2331 5760 κόσμον
2353 5688 2783 5760 ἀνακοπτόμενον
2811 5687 2912 5742 ὑπὸ
2933 5687 3024 5741 τοῦ
3052 5687 3229 5757 ἀέρος,
3259 5683 3352 5738 τοῦ
3386 5685 3444 5736 ἐν
3463 5683 3574 5745 τοῖς
3598 5695 3687 5750 με·
