  <div class='ocr_page' id='page_1' title='image "/cluster/home/n/w/nwhite01/storage/ocr_20150623/19/hvd.32044073501199/482.png"; bbox 0 0 4040 6206; ppageno 0'>
   <div class='ocr_carea' id='block_1_1' title="bbox 354 348 3588 421">
    <p class='ocr_par' dir='ltr' id='par_1_1' title="bbox 354 348 3588 421">
     <span class='ocr_line' id='line_1_1' title="bbox 354 348 3588 421; baseline 0.004 -13"><span class='ocrx_word' id='word_1_1' title='bbox 354 353 460 408; x_wconf 74' lang='lat' dir='ltr'><strong>9w</strong></span> <span class='ocrx_word' id='word_1_2' title='bbox 1091 348 1426 410; x_wconf 50' lang='lat' dir='ltr'><strong>KCHILLIS&#39;</strong></span> <span class='ocrx_word' id='word_1_3' title='bbox 1449 351 1633 410; x_wconf 85' lang='lat' dir='ltr'><strong>TATll</strong></span> <span class='ocrx_word' id='word_1_4' title='bbox 1673 350 1972 415; x_wconf 78' lang='lat' dir='ltr'><strong>ISAGOGE</strong></span> <span class='ocrx_word' id='word_1_5' title='bbox 2007 356 2099 412; x_wconf 87' lang='lat' dir='ltr'><strong>AD</strong></span> <span class='ocrx_word' id='word_1_6' title='bbox 2141 358 2348 413; x_wconf 80' lang='lat' dir='ltr'><strong>ARATI</strong></span> <span class='ocrx_word' id='word_1_7' title='bbox 2386 350 2853 414; x_wconf 69' lang='lat' dir='ltr'><strong>PHENOMENA.</strong></span> <span class='ocrx_word' id='word_1_8' title='bbox 3483 363 3588 421; x_wconf 78' lang='lat'><strong>950</strong></span> 
     </span>
    </p>
   </div>
   <div class='ocr_carea' id='block_1_2' title="bbox 353 468 1949 548">
    <p class='ocr_par' dir='ltr' id='par_1_2' title="bbox 353 468 1920 542">
     <span class='ocr_line' id='line_1_2' title="bbox 353 468 1920 542; baseline 0.002 -19"><span class='ocrx_word' id='word_1_9' title='bbox 353 469 690 540; x_wconf 73' lang='grc' dir='ltr'>τακοσμίοις.</span> <span class='ocrx_word' id='word_1_10' title='bbox 723 468 1078 540; x_wconf 86' lang='grc' dir='ltr'>Μετακόσμια</span> <span class='ocrx_word' id='word_1_11' title='bbox 1111 469 1167 522; x_wconf 83' lang='grc' dir='ltr'><strong>δέ</strong></span> <span class='ocrx_word' id='word_1_12' title='bbox 1203 471 1317 524; x_wconf 75' lang='grc' dir='ltr'>ἐστι</span> <span class='ocrx_word' id='word_1_13' title='bbox 1362 470 1429 524; x_wconf 79' lang='grc' dir='ltr'>τὰ</span> <span class='ocrx_word' id='word_1_14' title='bbox 1469 471 1672 542; x_wconf 79' lang='grc' dir='ltr'>μεταξύ</span> <span class='ocrx_word' id='word_1_15' title='bbox 1698 472 1806 524; x_wconf 85' lang='grc' dir='ltr'><strong>τῶν</strong></span> <span class='ocrx_word' id='word_1_16' title='bbox 1832 472 1920 526; x_wconf 86' lang='grc' dir='ltr'>κό-</span> 
     </span>
    </p>
   </div>
   <div class='ocr_carea' id='block_1_3' title="bbox 2051 468 3588 548">
    <p class='ocr_par' dir='ltr' id='par_1_3' title="bbox 2051 471 3588 548">
     <span class='ocr_line' id='line_1_3' title="bbox 2051 471 3588 548; baseline 0.005 -23"><span class='ocrx_word' id='word_1_17' title='bbox 2051 472 2260 528; x_wconf 85' lang='lat' dir='ltr'><strong>nundiis</strong></span> <span class='ocrx_word' id='word_1_18' title='bbox 2292 480 2395 538; x_wconf 91' lang='lat' dir='ltr'><strong>cst,</strong></span> <span class='ocrx_word' id='word_1_19' title='bbox 2428 472 2755 528; x_wconf 74' lang='lat' dir='ltr'><strong>inhibeatur.</strong></span> <span class='ocrx_word' id='word_1_20' title='bbox 2793 471 3158 529; x_wconf 85' lang='lat' dir='ltr'><strong>lntermundia</strong></span> <span class='ocrx_word' id='word_1_21' title='bbox 3196 482 3389 530; x_wconf 79' lang='lat' dir='ltr'><strong>vocant</strong></span> <span class='ocrx_word' id='word_1_22' title='bbox 3413 479 3588 548; x_wconf 88' lang='lat' dir='ltr'><strong>spatia</strong></span> 
     </span>
    </p>
   </div>
   <div class='ocr_carea' id='block_1_4' title="bbox 357 563 1949 634">
    <p class='ocr_par' dir='ltr' id='par_1_4' title="bbox 357 563 898 633">
     <span class='ocr_line' id='line_1_4' title="bbox 357 563 898 633; baseline 0 -17"><span class='ocrx_word' id='word_1_23' title='bbox 357 580 513 633; x_wconf 89' lang='grc' dir='ltr'>σμων</span> <span class='ocrx_word' id='word_1_24' title='bbox 539 563 898 633; x_wconf 85' lang='grc' dir='ltr'>διαστήματα.</span> 
     </span>
    </p>
   </div>
   <div class='ocr_carea' id='block_1_5' title="bbox 2051 563 2756 634">
    <p class='ocr_par' dir='ltr' id='par_1_5' title="bbox 2051 563 2756 634">
     <span class='ocr_line' id='line_1_5' title="bbox 2051 563 2756 634; baseline -0.001 -15"><span class='ocrx_word' id='word_1_25' title='bbox 2051 574 2170 619; x_wconf 91' lang='lat' dir='ltr'><strong>nter</strong></span> <span class='ocrx_word' id='word_1_26' title='bbox 2200 565 2429 622; x_wconf 88' lang='lat' dir='ltr'><strong>mundos</strong></span> <span class='ocrx_word' id='word_1_27' title='bbox 2453 563 2756 634; x_wconf 84' lang='lat' dir='ltr'><strong>interjecta.</strong></span> 
     </span>
    </p>
   </div>
   <div class='ocr_carea' id='block_1_6' title="bbox 924 673 1362 743">
    <p class='ocr_par' dir='ltr' id='par_1_6' title="bbox 924 673 1362 743">
     <span class='ocr_line' id='line_1_6' title="bbox 924 673 1362 743; baseline 0 -15"><span class='ocrx_word' id='word_1_28' title='bbox 924 673 1060 742; x_wconf 76' lang='grc' dir='ltr'>Περὶ</span> <span class='ocrx_word' id='word_1_29' title='bbox 1093 673 1362 743; x_wconf 82' lang='grc' dir='ltr'><strong>ἀστέρος.</strong></span> 
     </span>
    </p>
   </div>
   <div class='ocr_carea' id='block_1_7' title="bbox 437 765 1920 840">
    <p class='ocr_par' dir='ltr' id='par_1_7' title="bbox 437 765 1920 840">
     <span class='ocr_line' id='line_1_7' title="bbox 437 765 1920 840; baseline -0.003 -17"><span class='ocrx_word' id='word_1_30' title='bbox 437 775 489 823; x_wconf 84' lang='grc' dir='ltr'>ι’.</span> <span class='ocrx_word' id='word_1_31' title='bbox 510 769 718 839; x_wconf 85' lang='grc' dir='ltr'>Ἀστήρ</span> <span class='ocrx_word' id='word_1_32' title='bbox 741 767 856 821; x_wconf 83' lang='grc' dir='ltr'>ἐστι</span> <span class='ocrx_word' id='word_1_33' title='bbox 878 767 1022 821; x_wconf 86' lang='grc' dir='ltr'><strong>κατά</strong></span> <span class='ocrx_word' id='word_1_34' title='bbox 1041 765 1300 840; x_wconf 83' lang='grc' dir='ltr'><strong>Διόδωρον</strong></span> <span class='ocrx_word' id='word_1_35' title='bbox 1327 765 1484 838; x_wconf 86' lang='grc' dir='ltr'>σῶμα</span> <span class='ocrx_word' id='word_1_36' title='bbox 1498 765 1637 820; x_wconf 87' lang='grc' dir='ltr'>θεῖον</span> <span class='ocrx_word' id='word_1_37' title='bbox 1653 765 1920 838; x_wconf 87' lang='grc' dir='ltr'>οὐράνιον,</span> 
     </span>
    </p>
   </div>
   <div class='ocr_carea' id='block_1_8' title="bbox 357 851 1924 934">
    <p class='ocr_par' dir='ltr' id='par_1_8' title="bbox 357 851 1924 934">
     <span class='ocr_line' id='line_1_8' title="bbox 357 851 1924 934; baseline -0.003 -19"><span class='ocrx_word' id='word_1_38' title='bbox 357 862 460 934; x_wconf 82' lang='grc' dir='ltr'>τῆς</span> <span class='ocrx_word' id='word_1_39' title='bbox 482 861 648 933; x_wconf 84' lang='grc' dir='ltr'>αὐτῆς</span> <span class='ocrx_word' id='word_1_40' title='bbox 673 858 1009 931; x_wconf 78' lang='grc' dir='ltr'>μετειληφὼς</span> <span class='ocrx_word' id='word_1_41' title='bbox 1036 859 1221 923; x_wconf 97' lang='grc' dir='ltr'>οὐσίας</span> <span class='ocrx_word' id='word_1_42' title='bbox 1241 858 1318 931; x_wconf 83' lang='grc' dir='ltr'>τῷ</span> <span class='ocrx_word' id='word_1_43' title='bbox 1334 859 1391 912; x_wconf 86' lang='grc' dir='ltr'>ἐν</span> <span class='ocrx_word' id='word_1_44' title='bbox 1419 851 1462 927; x_wconf 83' lang='grc' dir='ltr'><strong>ᾧ</strong></span> <span class='ocrx_word' id='word_1_45' title='bbox 1481 861 1596 912; x_wconf 89' lang='grc' dir='ltr'>ἐστι</span> <span class='ocrx_word' id='word_1_46' title='bbox 1623 858 1792 929; x_wconf 83' lang='grc' dir='ltr'><strong>τόπῳ,</strong></span> <span class='ocrx_word' id='word_1_47' title='bbox 1817 857 1924 910; x_wconf 65' lang='grc' dir='ltr'><strong>σῶα</strong></span> 
     </span>
    </p>
   </div>
   <div class='ocr_carea' id='block_1_9' title="bbox 363 949 1929 1026">
    <p class='ocr_par' dir='ltr' id='par_1_9' title="bbox 363 949 1929 1026">
     <span class='ocr_line' id='line_1_9' title="bbox 363 949 1929 1026; baseline -0.004 -18"><span class='ocrx_word' id='word_1_48' title='bbox 363 972 443 1026; x_wconf 85' lang='grc' dir='ltr'><strong>μα</strong></span> <span class='ocrx_word' id='word_1_49' title='bbox 471 953 740 1024; x_wconf 84' lang='grc' dir='ltr'>λαμπρὸν,</span> <span class='ocrx_word' id='word_1_50' title='bbox 763 952 862 1007; x_wconf 63' lang='grc' dir='ltr'><strong>καλ⁸</strong></span> <span class='ocrx_word' id='word_1_51' title='bbox 887 952 1140 1007; x_wconf 89' lang='grc' dir='ltr'>οὐδέποτε</span> <span class='ocrx_word' id='word_1_52' title='bbox 1173 951 1362 1004; x_wconf 78' lang='grc' dir='ltr'><strong>στάσιν</strong></span> <span class='ocrx_word' id='word_1_53' title='bbox 1396 949 1536 1021; x_wconf 80' lang='grc' dir='ltr'>ἕχον,</span> <span class='ocrx_word' id='word_1_54' title='bbox 1573 950 1688 1004; x_wconf 87' lang='grc' dir='ltr'>ἀλλ’</span> <span class='ocrx_word' id='word_1_55' title='bbox 1719 949 1807 1004; x_wconf 76' lang='grc' dir='ltr'><strong>ἀεὶ</strong></span> <span class='ocrx_word' id='word_1_56' title='bbox 1835 963 1929 1018; x_wconf 78' lang='grc' dir='ltr'><strong>φε-</strong></span> 
     </span>
    </p>
   </div>
   <div class='ocr_carea' id='block_1_10' title="bbox 363 1038 1930 1116">
    <p class='ocr_par' dir='ltr' id='par_1_10' title="bbox 363 1038 1930 1116">
     <span class='ocr_line' id='line_1_10' title="bbox 363 1038 1930 1116; baseline -0.003 -21"><span class='ocrx_word' id='word_1_57' title='bbox 363 1043 591 1116; x_wconf 72' lang='grc' dir='ltr'>ρόμενον</span> <span class='ocrx_word' id='word_1_58' title='bbox 623 1039 913 1104; x_wconf 78' lang='grc' dir='ltr'><strong>κυκλικῶς.</strong></span> <span class='ocrx_word' id='word_1_59' title='bbox 955 1039 1227 1104; x_wconf 80' lang='grc' dir='ltr'><strong>Ὡσαύτως</strong></span> <span class='ocrx_word' id='word_1_60' title='bbox 1257 1039 1314 1093; x_wconf 82' lang='grc' dir='ltr'><strong>δέ</strong></span> <span class='ocrx_word' id='word_1_61' title='bbox 1345 1038 1579 1110; x_wconf 82' lang='grc' dir='ltr'>ὡρίσατο</span> <span class='ocrx_word' id='word_1_62' title='bbox 1625 1040 1719 1094; x_wconf 75' lang='grc' dir='ltr'><strong>καὶ</strong></span> <span class='ocrx_word' id='word_1_63' title='bbox 1751 1041 1930 1093; x_wconf 88' lang='grc' dir='ltr'>Ποσει-</span> 
     </span>
    </p>
   </div>
   <div class='ocr_carea' id='block_1_11' title="bbox 359 1128 1932 1202">
    <p class='ocr_par' dir='ltr' id='par_1_11' title="bbox 359 1128 1932 1202">
     <span class='ocr_line' id='line_1_11' title="bbox 359 1128 1932 1202; baseline -0.003 -16"><span class='ocrx_word' id='word_1_64' title='bbox 359 1131 551 1195; x_wconf 83' lang='grc' dir='ltr'>δώνιος</span> <span class='ocrx_word' id='word_1_65' title='bbox 572 1130 676 1202; x_wconf 79' lang='grc' dir='ltr'><strong>πρὸ</strong></span> <span class='ocrx_word' id='word_1_66' title='bbox 702 1129 864 1183; x_wconf 90' lang='grc' dir='ltr'>αὐτοῦ</span> <span class='ocrx_word' id='word_1_67' title='bbox 892 1131 920 1182; x_wconf 84' lang='grc' dir='ltr'>ὁ</span> <span class='ocrx_word' id='word_1_68' title='bbox 941 1128 1190 1191; x_wconf 76' lang='grc' dir='ltr'>Στωϊκός.</span> <span class='ocrx_word' id='word_1_69' title='bbox 1223 1128 1296 1181; x_wconf 86' lang='grc' dir='ltr'>Τὸ</span> <span class='ocrx_word' id='word_1_70' title='bbox 1322 1128 1380 1182; x_wconf 87' lang='grc' dir='ltr'>δὲ</span> <span class='ocrx_word' id='word_1_71' title='bbox 1417 1147 1436 1180; x_wconf 77' lang='grc' dir='ltr'><strong>ι</strong></span> <span class='ocrx_word' id='word_1_72' title='bbox 1462 1129 1714 1182; x_wconf 87' lang='grc' dir='ltr'>οὐδέποτε</span> <span class='ocrx_word' id='word_1_73' title='bbox 1746 1129 1932 1183; x_wconf 82' lang='grc' dir='ltr'>στάσιν</span> 
     </span>
    </p>
   </div>
   <div class='ocr_carea' id='block_1_12' title="bbox 362 1220 1926 1294">
    <p class='ocr_par' dir='ltr' id='par_1_12' title="bbox 362 1220 1926 1294">
     <span class='ocr_line' id='line_1_12' title="bbox 362 1220 1926 1294; baseline -0.002 -19"><span class='ocrx_word' id='word_1_74' title='bbox 362 1223 489 1294; x_wconf 69' lang='grc' dir='ltr'>ἔχον</span> <span class='ocrx_word' id='word_1_75' title='bbox 524 1241 541 1273; x_wconf 77' lang='grc' dir='ltr'><strong>ι</strong></span> <span class='ocrx_word' id='word_1_76' title='bbox 580 1222 672 1275; x_wconf 76' lang='grc' dir='ltr'>ἐπὶ</span> <span class='ocrx_word' id='word_1_77' title='bbox 719 1221 817 1293; x_wconf 82' lang='grc' dir='ltr'>μὲν</span> <span class='ocrx_word' id='word_1_78' title='bbox 844 1221 952 1275; x_wconf 84' lang='grc' dir='ltr'><strong>τῶν</strong></span> <span class='ocrx_word' id='word_1_79' title='bbox 977 1221 1256 1293; x_wconf 81' lang='grc' dir='ltr'>πλανήτων</span> <span class='ocrx_word' id='word_1_80' title='bbox 1287 1222 1459 1285; x_wconf 77' lang='grc' dir='ltr'>οὕτως</span> <span class='ocrx_word' id='word_1_81' title='bbox 1475 1222 1725 1292; x_wconf 77' lang='grc' dir='ltr'>εἰρῆσθαι</span> <span class='ocrx_word' id='word_1_82' title='bbox 1747 1220 1893 1274; x_wconf 88' lang='grc' dir='ltr'>δοκεῖ</span> <span class='ocrx_word' id='word_1_83' title='bbox 1915 1235 1926 1249; x_wconf 91' lang='grc'><strong>·</strong></span> 
     </span>
    </p>
   </div>
   <div class='ocr_carea' id='block_1_13' title="bbox 363 1313 1931 1388">
    <p class='ocr_par' dir='ltr' id='par_1_13' title="bbox 363 1313 1931 1388">
     <span class='ocr_line' id='line_1_13' title="bbox 363 1313 1931 1388; baseline -0.002 -19"><span class='ocrx_word' id='word_1_84' title='bbox 363 1317 509 1388; x_wconf 85' lang='grc' dir='ltr'>πλὴν</span> <span class='ocrx_word' id='word_1_85' title='bbox 549 1315 683 1369; x_wconf 79' lang='grc' dir='ltr'><strong>κάπὶ</strong></span> <span class='ocrx_word' id='word_1_86' title='bbox 717 1314 822 1368; x_wconf 82' lang='grc' dir='ltr'>τῶν</span> <span class='ocrx_word' id='word_1_87' title='bbox 867 1315 1117 1369; x_wconf 83' lang='grc' dir='ltr'>ἀπλανῶν</span> <span class='ocrx_word' id='word_1_88' title='bbox 1161 1314 1217 1367; x_wconf 86' lang='grc' dir='ltr'>δὲ</span> <span class='ocrx_word' id='word_1_89' title='bbox 1264 1315 1399 1387; x_wconf 82' lang='grc' dir='ltr'>πρὸς</span> <span class='ocrx_word' id='word_1_90' title='bbox 1442 1316 1568 1378; x_wconf 76' lang='grc' dir='ltr'>τοὺς</span> <span class='ocrx_word' id='word_1_91' title='bbox 1623 1315 1698 1379; x_wconf 85' lang='grc' dir='ltr'>ὡς</span> <span class='ocrx_word' id='word_1_92' title='bbox 1745 1313 1931 1384; x_wconf 80' lang='grc' dir='ltr'>ἔτυχεν</span> 
     </span>
    </p>
   </div>
   <div class='ocr_carea' id='block_1_14' title="bbox 364 1405 1931 1479">
    <p class='ocr_par' dir='ltr' id='par_1_14' title="bbox 364 1405 1931 1479">
     <span class='ocr_line' id='line_1_14' title="bbox 364 1405 1931 1479; baseline -0.003 -16"><span class='ocrx_word' id='word_1_93' title='bbox 364 1408 724 1479; x_wconf 68' lang='grc' dir='ltr'><strong>αἰτιωμένους</strong></span> <span class='ocrx_word' id='word_1_94' title='bbox 751 1407 810 1460; x_wconf 84' lang='grc' dir='ltr'><strong>οὐ</strong></span> <span class='ocrx_word' id='word_1_95' title='bbox 848 1407 1028 1470; x_wconf 70' lang='grc' dir='ltr'>καλῶς</span> <span class='ocrx_word' id='word_1_96' title='bbox 1063 1406 1206 1476; x_wconf 81' lang='grc' dir='ltr'>ἐχειν</span> <span class='ocrx_word' id='word_1_97' title='bbox 1243 1406 1341 1477; x_wconf 82' lang='grc' dir='ltr'><strong>τῆς</strong></span> <span class='ocrx_word' id='word_1_98' title='bbox 1372 1406 1539 1476; x_wconf 78' lang='grc' dir='ltr'>αὐτῆς</span> <span class='ocrx_word' id='word_1_99' title='bbox 1577 1406 1783 1469; x_wconf 85' lang='grc' dir='ltr'>ἐννοίας</span> <span class='ocrx_word' id='word_1_100' title='bbox 1812 1405 1931 1475; x_wconf 78' lang='grc' dir='ltr'>ἐχε-</span> 
     </span>
    </p>
   </div>
   <div class='ocr_carea' id='block_1_15' title="bbox 364 1497 1932 1571">
    <p class='ocr_par' dir='ltr' id='par_1_15' title="bbox 364 1497 1932 1571">
     <span class='ocr_line' id='line_1_15' title="bbox 364 1497 1932 1571; baseline -0.003 -16"><span class='ocrx_word' id='word_1_101' title='bbox 364 1520 481 1557; x_wconf 75' lang='grc' dir='ltr'><strong>Ιιῖαι.</strong></span> <span class='ocrx_word' id='word_1_102' title='bbox 512 1501 774 1555; x_wconf 79' lang='grc' dir='ltr'><strong>Οὐδέποτε</strong></span> <span class='ocrx_word' id='word_1_103' title='bbox 799 1499 906 1571; x_wconf 74' lang='grc' dir='ltr'><strong>γὰρ</strong></span> <span class='ocrx_word' id='word_1_104' title='bbox 946 1499 1131 1552; x_wconf 83' lang='grc' dir='ltr'>στάσιν</span> <span class='ocrx_word' id='word_1_105' title='bbox 1157 1499 1357 1570; x_wconf 73' lang='grc' dir='ltr'>έχουσι,</span> <span class='ocrx_word' id='word_1_106' title='bbox 1387 1498 1464 1570; x_wconf 78' lang='grc' dir='ltr'>τῷ</span> <span class='ocrx_word' id='word_1_107' title='bbox 1489 1498 1594 1552; x_wconf 83' lang='grc' dir='ltr'><strong>ὐπὸ</strong></span> <span class='ocrx_word' id='word_1_108' title='bbox 1614 1498 1706 1552; x_wconf 88' lang='grc' dir='ltr'><strong>τοῦ</strong></span> <span class='ocrx_word' id='word_1_109' title='bbox 1731 1497 1932 1570; x_wconf 79' lang='grc' dir='ltr'>κόσμου</span> 
     </span>
    </p>
   </div>
   <div class='ocr_carea' id='block_1_16' title="bbox 367 1591 1933 1668">
    <p class='ocr_par' dir='ltr' id='par_1_16' title="bbox 367 1591 1933 1668">
     <span class='ocr_line' id='line_1_16' title="bbox 367 1591 1933 1668; baseline -0.004 -18"><span class='ocrx_word' id='word_1_110' title='bbox 367 1593 767 1668; x_wconf 79' lang='grc' dir='ltr'>περιάγεσθαι,</span> <span class='ocrx_word' id='word_1_111' title='bbox 813 1592 918 1647; x_wconf 79' lang='grc' dir='ltr'><strong>κᾶν</strong></span> <span class='ocrx_word' id='word_1_112' title='bbox 968 1593 1055 1646; x_wconf 84' lang='grc' dir='ltr'>ἐπ’</span> <span class='ocrx_word' id='word_1_113' title='bbox 1099 1594 1261 1647; x_wconf 82' lang='grc' dir='ltr'>αὐτὸν</span> <span class='ocrx_word' id='word_1_114' title='bbox 1304 1594 1350 1625; x_wconf 83' lang='grc'><strong>⁹¹</strong></span> <span class='ocrx_word' id='word_1_115' title='bbox 1399 1593 1619 1664; x_wconf 88' lang='grc' dir='ltr'>μένωσι.</span> <span class='ocrx_word' id='word_1_116' title='bbox 1664 1591 1782 1645; x_wconf 84' lang='grc' dir='ltr'><strong>Τῶν</strong></span> <span class='ocrx_word' id='word_1_117' title='bbox 1827 1592 1933 1663; x_wconf 85' lang='grc' dir='ltr'>γὰρ</span> 
     </span>
    </p>
   </div>
   <div class='ocr_carea' id='block_1_17' title="bbox 367 1683 1935 1759">
    <p class='ocr_par' dir='ltr' id='par_1_17' title="bbox 367 1683 1935 1759">
     <span class='ocr_line' id='line_1_17' title="bbox 367 1683 1935 1759; baseline -0.004 -16"><span class='ocrx_word' id='word_1_118' title='bbox 367 1687 618 1759; x_wconf 81' lang='grc' dir='ltr'>ἀστέρων</span> <span class='ocrx_word' id='word_1_119' title='bbox 656 1687 706 1740; x_wconf 80' lang='grc' dir='ltr'><strong>οί</strong></span> <span class='ocrx_word' id='word_1_120' title='bbox 755 1685 851 1757; x_wconf 86' lang='grc' dir='ltr'>μὲν</span> <span class='ocrx_word' id='word_1_121' title='bbox 890 1685 1270 1756; x_wconf 84' lang='grc' dir='ltr'>ἐμπεπηγότες</span> <span class='ocrx_word' id='word_1_122' title='bbox 1313 1684 1391 1756; x_wconf 82' lang='grc' dir='ltr'><strong>τῷ</strong></span> <span class='ocrx_word' id='word_1_123' title='bbox 1430 1683 1643 1756; x_wconf 81' lang='grc' dir='ltr'>οὐρανῷ</span> <span class='ocrx_word' id='word_1_124' title='bbox 1681 1684 1935 1746; x_wconf 83' lang='grc' dir='ltr'><strong>ἀπλανεῖς</strong></span> 
     </span>
    </p>
   </div>
   <div class='ocr_carea' id='block_1_18' title="bbox 366 1776 1934 1850">
    <p class='ocr_par' dir='ltr' id='par_1_18' title="bbox 366 1776 1934 1850">
     <span class='ocr_line' id='line_1_18' title="bbox 366 1776 1934 1850; baseline -0.003 -16"><span class='ocrx_word' id='word_1_125' title='bbox 366 1781 640 1850; x_wconf 85' lang='grc' dir='ltr'>λέγονται,</span> <span class='ocrx_word' id='word_1_126' title='bbox 681 1780 730 1832; x_wconf 84' lang='grc' dir='ltr'><strong>οί</strong></span> <span class='ocrx_word' id='word_1_127' title='bbox 782 1778 840 1832; x_wconf 85' lang='grc' dir='ltr'>δὲ</span> <span class='ocrx_word' id='word_1_128' title='bbox 887 1776 984 1849; x_wconf 77' lang='grc' dir='ltr'><strong>τὴν</strong></span> <span class='ocrx_word' id='word_1_129' title='bbox 1029 1777 1274 1832; x_wconf 80' lang='grc' dir='ltr'>ἐναντίαν</span> <span class='ocrx_word' id='word_1_130' title='bbox 1316 1778 1603 1848; x_wconf 84' lang='grc' dir='ltr'>φερόμενοι</span> <span class='ocrx_word' id='word_1_131' title='bbox 1650 1777 1934 1848; x_wconf 81' lang='grc' dir='ltr'>πλάνητες.</span> 
     </span>
    </p>
   </div>
   <div class='ocr_carea' id='block_1_19' title="bbox 367 1865 1937 1942">
    <p class='ocr_par' dir='ltr' id='par_1_19' title="bbox 367 1865 1937 1942">
     <span class='ocr_line' id='line_1_19' title="bbox 367 1865 1937 1942; baseline -0.006 -14"><span class='ocrx_word' id='word_1_132' title='bbox 367 1873 539 1928; x_wconf 73' lang='grc' dir='ltr'>Αὐτοὶ</span> <span class='ocrx_word' id='word_1_133' title='bbox 574 1871 631 1926; x_wconf 78' lang='grc' dir='ltr'><strong>δὲ</strong></span> <span class='ocrx_word' id='word_1_134' title='bbox 659 1870 807 1928; x_wconf 75' lang='grc' dir='ltr'><strong>έπτά</strong></span> <span class='ocrx_word' id='word_1_135' title='bbox 833 1868 1004 1936; x_wconf 76' lang='grc' dir='ltr'>ὄντες,</span> <span class='ocrx_word' id='word_1_136' title='bbox 1035 1869 1328 1942; x_wconf 80' lang='grc' dir='ltr'>κατωτέρω</span> <span class='ocrx_word' id='word_1_137' title='bbox 1355 1868 1447 1922; x_wconf 90' lang='grc' dir='ltr'><strong>τοῦ</strong></span> <span class='ocrx_word' id='word_1_138' title='bbox 1474 1867 1824 1941; x_wconf 74' lang='grc' dir='ltr'>οὐρανοῦκαὶ</span> <span class='ocrx_word' id='word_1_139' title='bbox 1845 1865 1937 1920; x_wconf 86' lang='grc' dir='ltr'><strong>τοῦ</strong></span> 
     </span>
    </p>
   </div>
   <div class='ocr_carea' id='block_1_20' title="bbox 367 1959 1938 2034">
    <p class='ocr_par' dir='ltr' id='par_1_20' title="bbox 367 1959 1938 2034">
     <span class='ocr_line' id='line_1_20' title="bbox 367 1959 1938 2034; baseline -0.005 -15"><span class='ocrx_word' id='word_1_140' title='bbox 367 1965 590 2034; x_wconf 75' lang='grc' dir='ltr'>αἰθέρος</span> <span class='ocrx_word' id='word_1_141' title='bbox 631 1960 1054 2034; x_wconf 86' lang='grc' dir='ltr'>περιδινούμενοι</span> <span class='ocrx_word' id='word_1_142' title='bbox 1082 1960 1170 2014; x_wconf 84' lang='grc' dir='ltr'><strong>τὸν</strong></span> <span class='ocrx_word' id='word_1_143' title='bbox 1221 1960 1458 2016; x_wconf 86' lang='grc' dir='ltr'>ἐναντίον</span> <span class='ocrx_word' id='word_1_144' title='bbox 1495 1963 1561 2031; x_wconf 80' lang='grc' dir='ltr'>τῇ</span> <span class='ocrx_word' id='word_1_145' title='bbox 1601 1959 1694 2014; x_wconf 89' lang='grc' dir='ltr'><strong>τοῦ</strong></span> <span class='ocrx_word' id='word_1_146' title='bbox 1737 1960 1938 2030; x_wconf 86' lang='grc' dir='ltr'>κόσμου</span> 
     </span>
    </p>
   </div>
   <div class='ocr_carea' id='block_1_21' title="bbox 373 2049 1940 2126">
    <p class='ocr_par' dir='ltr' id='par_1_21' title="bbox 373 2049 1940 2126">
     <span class='ocr_line' id='line_1_21' title="bbox 373 2049 1940 2126; baseline -0.004 -19"><span class='ocrx_word' id='word_1_147' title='bbox 373 2056 584 2126; x_wconf 75' lang='grc' dir='ltr'>στροφῇ</span> <span class='ocrx_word' id='word_1_148' title='bbox 617 2053 812 2125; x_wconf 82' lang='grc' dir='ltr'>δρόμον</span> <span class='ocrx_word' id='word_1_149' title='bbox 837 2050 1118 2122; x_wconf 86' lang='grc' dir='ltr'>τρέχουσιν</span> <span class='ocrx_word' id='word_1_150' title='bbox 1137 2069 1150 2084; x_wconf 77' lang='grc' dir='ltr'><strong>ο</strong></span> <span class='ocrx_word' id='word_1_151' title='bbox 1182 2049 1370 2123; x_wconf 83' lang='grc' dir='ltr'>ὥσπερ</span> <span class='ocrx_word' id='word_1_152' title='bbox 1388 2052 1458 2115; x_wconf 83' lang='grc' dir='ltr'><strong>εἰ,</strong></span> <span class='ocrx_word' id='word_1_153' title='bbox 1489 2049 1620 2114; x_wconf 88' lang='grc' dir='ltr'>νεὼς</span> <span class='ocrx_word' id='word_1_154' title='bbox 1643 2051 1720 2114; x_wconf 87' lang='grc' dir='ltr'><strong>είς</strong></span> <span class='ocrx_word' id='word_1_155' title='bbox 1750 2049 1940 2120; x_wconf 85' lang='grc' dir='ltr'>βορέαν</span> 
     </span>
    </p>
   </div>
   <div class='ocr_carea' id='block_1_22' title="bbox 369 2143 1941 2216">
    <p class='ocr_par' dir='ltr' id='par_1_22' title="bbox 369 2143 1941 2216">
     <span class='ocr_line' id='line_1_22' title="bbox 369 2143 1941 2216; baseline -0.004 -15"><span class='ocrx_word' id='word_1_156' title='bbox 369 2147 574 2216; x_wconf 74' lang='grc' dir='ltr'>ἄνεμον</span> <span class='ocrx_word' id='word_1_157' title='bbox 606 2144 930 2216; x_wconf 81' lang='grc' dir='ltr'>φερομένης,</span> <span class='ocrx_word' id='word_1_158' title='bbox 968 2143 1231 2216; x_wconf 77' lang='grc' dir='ltr'>ἐπιϐάτης</span> <span class='ocrx_word' id='word_1_159' title='bbox 1275 2145 1354 2208; x_wconf 86' lang='grc' dir='ltr'><strong>είς</strong></span> <span class='ocrx_word' id='word_1_160' title='bbox 1385 2143 1533 2197; x_wconf 90' lang='grc' dir='ltr'>νότον</span> <span class='ocrx_word' id='word_1_161' title='bbox 1561 2144 1688 2214; x_wconf 87' lang='grc' dir='ltr'>παρ’</span> <span class='ocrx_word' id='word_1_162' title='bbox 1711 2143 1846 2213; x_wconf 83' lang='grc' dir='ltr'>αὐτῇ</span> <span class='ocrx_word' id='word_1_163' title='bbox 1877 2144 1941 2213; x_wconf 80' lang='grc' dir='ltr'>τῇ</span> 
     </span>
    </p>
   </div>
   <div class='ocr_carea' id='block_1_23' title="bbox 373 2234 1943 2310">
    <p class='ocr_par' dir='ltr' id='par_1_23' title="bbox 373 2234 1943 2310">
     <span class='ocr_line' id='line_1_23' title="bbox 373 2234 1943 2310; baseline -0.003 -19"><span class='ocrx_word' id='word_1_164' title='bbox 373 2236 469 2310; x_wconf 76' lang='grc' dir='ltr'>νηΐ</span> <span class='ocrx_word' id='word_1_165' title='bbox 502 2237 707 2309; x_wconf 79' lang='grc' dir='ltr'>τρέχει.</span> <span class='ocrx_word' id='word_1_166' title='bbox 751 2235 870 2290; x_wconf 70' lang='lat' dir='ltr'><strong>Elui.</strong></span> <span class='ocrx_word' id='word_1_167' title='bbox 901 2234 960 2288; x_wconf 85' lang='grc' dir='ltr'><strong>δέ</strong></span> <span class='ocrx_word' id='word_1_168' title='bbox 994 2235 1172 2290; x_wconf 83' lang='grc' dir='ltr'>αὐτῶν</span> <span class='ocrx_word' id='word_1_169' title='bbox 1226 2237 1282 2290; x_wconf 89' lang='grc' dir='ltr'><strong>αί</strong></span> <span class='ocrx_word' id='word_1_170' title='bbox 1323 2236 1561 2306; x_wconf 82' lang='grc' dir='ltr'>κινήσεις</span> <span class='ocrx_word' id='word_1_171' title='bbox 1600 2235 1794 2298; x_wconf 77' lang='grc' dir='ltr'>διτταὶ,</span> <span class='ocrx_word' id='word_1_172' title='bbox 1823 2234 1858 2304; x_wconf 77' lang='grc' dir='ltr'>ἦ</span> <span class='ocrx_word' id='word_1_173' title='bbox 1883 2250 1943 2286; x_wconf 90' lang='grc' dir='ltr'><strong>τε</strong></span> 
     </span>
    </p>
   </div>
   <div class='ocr_carea' id='block_1_24' title="bbox 374 2327 1944 2403">
    <p class='ocr_par' dir='ltr' id='par_1_24' title="bbox 374 2327 1944 2403">
     <span class='ocr_line' id='line_1_24' title="bbox 374 2327 1944 2403; baseline -0.004 -16"><span class='ocrx_word' id='word_1_174' title='bbox 374 2329 617 2403; x_wconf 82' lang='grc' dir='ltr'>κοσμικὴ</span> <span class='ocrx_word' id='word_1_175' title='bbox 661 2329 820 2400; x_wconf 77' lang='grc' dir='ltr'>καὶὴ</span> <span class='ocrx_word' id='word_1_176' title='bbox 871 2327 998 2385; x_wconf 82' lang='grc' dir='ltr'>ίδία.</span> <span class='ocrx_word' id='word_1_177' title='bbox 1043 2328 1134 2383; x_wconf 82' lang='grc' dir='ltr'>Διὸ</span> <span class='ocrx_word' id='word_1_178' title='bbox 1187 2329 1279 2382; x_wconf 77' lang='grc' dir='ltr'><strong>καὶ</strong></span> <span class='ocrx_word' id='word_1_179' title='bbox 1321 2329 1455 2400; x_wconf 75' lang='grc' dir='ltr'>πρὸς</span> <span class='ocrx_word' id='word_1_180' title='bbox 1508 2327 1788 2399; x_wconf 81' lang='grc' dir='ltr'>σύγκρισιν</span> <span class='ocrx_word' id='word_1_181' title='bbox 1838 2327 1944 2381; x_wconf 86' lang='grc' dir='ltr'>τῶν</span> 
     </span>
    </p>
   </div>
   <div class='ocr_carea' id='block_1_25' title="bbox 375 2421 1944 2494">
    <p class='ocr_par' dir='ltr' id='par_1_25' title="bbox 375 2421 1944 2494">
     <span class='ocr_line' id='line_1_25' title="bbox 375 2421 1944 2494; baseline -0.001 -16"><span class='ocrx_word' id='word_1_182' title='bbox 375 2423 634 2483; x_wconf 80' lang='grc' dir='ltr'>ἀπλανῶν</span> <span class='ocrx_word' id='word_1_183' title='bbox 675 2421 817 2476; x_wconf 82' lang='grc' dir='ltr'>οὕτω</span> <span class='ocrx_word' id='word_1_184' title='bbox 858 2421 1125 2494; x_wconf 85' lang='grc' dir='ltr'>πλάνητες</span> <span class='ocrx_word' id='word_1_185' title='bbox 1159 2421 1493 2494; x_wconf 85' lang='grc' dir='ltr'>ἐκλήθησαν·</span> <span class='ocrx_word' id='word_1_186' title='bbox 1543 2422 1659 2493; x_wconf 77' lang='grc' dir='ltr'>ἦτοι</span> <span class='ocrx_word' id='word_1_187' title='bbox 1706 2421 1812 2474; x_wconf 87' lang='grc' dir='ltr'><strong>ἀπὸ</strong></span> <span class='ocrx_word' id='word_1_188' title='bbox 1851 2421 1944 2476; x_wconf 90' lang='grc' dir='ltr'><strong>τοῦ</strong></span> 
     </span>
    </p>
   </div>
   <div class='ocr_carea' id='block_1_26' title="bbox 377 2512 1944 2588">
    <p class='ocr_par' dir='ltr' id='par_1_26' title="bbox 377 2512 1944 2588">
     <span class='ocr_line' id='line_1_26' title="bbox 377 2512 1944 2588; baseline -0.002 -18"><span class='ocrx_word' id='word_1_189' title='bbox 377 2517 591 2588; x_wconf 80' lang='grc' dir='ltr'>πλανᾷν</span> <span class='ocrx_word' id='word_1_190' title='bbox 611 2515 768 2586; x_wconf 60' lang='grc' dir='ltr'>ἡμῶν</span> <span class='ocrx_word' id='word_1_191' title='bbox 801 2513 898 2579; x_wconf 83' lang='grc' dir='ltr'>τὰς</span> <span class='ocrx_word' id='word_1_192' title='bbox 930 2513 1079 2584; x_wconf 73' lang='grc' dir='ltr'>ὄψεις</span> <span class='ocrx_word' id='word_1_193' title='bbox 1104 2530 1117 2543; x_wconf 75' lang='grc' dir='ltr'><strong>ο</strong></span> <span class='ocrx_word' id='word_1_194' title='bbox 1153 2514 1245 2568; x_wconf 78' lang='grc' dir='ltr'><strong>καὶ</strong></span> <span class='ocrx_word' id='word_1_195' title='bbox 1287 2512 1393 2586; x_wconf 84' lang='grc' dir='ltr'><strong>γὰρ</strong></span> <span class='ocrx_word' id='word_1_196' title='bbox 1423 2513 1638 2582; x_wconf 83' lang='grc' dir='ltr'>πλάγιοι</span> <span class='ocrx_word' id='word_1_197' title='bbox 1672 2514 1944 2585; x_wconf 83' lang='grc' dir='ltr'>φέρονται,</span> 
     </span>
    </p>
   </div>
   <div class='ocr_carea' id='block_1_27' title="bbox 379 2605 1948 2678">
    <p class='ocr_par' dir='ltr' id='par_1_27' title="bbox 379 2605 1948 2678">
     <span class='ocr_line' id='line_1_27' title="bbox 379 2605 1948 2678; baseline -0.003 -16"><span class='ocrx_word' id='word_1_198' title='bbox 379 2611 478 2662; x_wconf 75' lang='grc' dir='ltr'><strong>καὶ</strong></span> <span class='ocrx_word' id='word_1_199' title='bbox 507 2605 916 2670; x_wconf 79' lang='grc' dir='ltr'>ἀναποδίζουσιν</span> <span class='ocrx_word' id='word_1_200' title='bbox 941 2606 1109 2660; x_wconf 82' lang='grc' dir='ltr'>ἐνίοτε</span> <span class='ocrx_word' id='word_1_201' title='bbox 1127 2623 1140 2637; x_wconf 87' lang='grc'><strong>·</strong></span> <span class='ocrx_word' id='word_1_202' title='bbox 1168 2606 1280 2660; x_wconf 78' lang='grc' dir='ltr'>ἐσθ’</span> <span class='ocrx_word' id='word_1_203' title='bbox 1300 2608 1388 2660; x_wconf 83' lang='grc' dir='ltr'><strong>ὅτε</strong></span> <span class='ocrx_word' id='word_1_204' title='bbox 1419 2607 1474 2660; x_wconf 85' lang='grc' dir='ltr'>δὲ</span> <span class='ocrx_word' id='word_1_205' title='bbox 1498 2606 1592 2660; x_wconf 74' lang='grc' dir='ltr'><strong>καὶ</strong></span> <span class='ocrx_word' id='word_1_206' title='bbox 1621 2606 1948 2678; x_wconf 85' lang='grc' dir='ltr'>προσωτέρω</span> 
     </span>
    </p>
   </div>
   <div class='ocr_carea' id='block_1_28' title="bbox 381 2696 1948 2771">
    <p class='ocr_par' dir='ltr' id='par_1_28' title="bbox 381 2696 1948 2771">
     <span class='ocr_line' id='line_1_28' title="bbox 381 2696 1948 2771; baseline -0.001 -17"><span class='ocrx_word' id='word_1_207' title='bbox 381 2697 684 2771; x_wconf 79' lang='grc' dir='ltr'>χωροῦσιν·</span> <span class='ocrx_word' id='word_1_208' title='bbox 716 2697 749 2767; x_wconf 87' lang='grc' dir='ltr'>ἢ</span> <span class='ocrx_word' id='word_1_209' title='bbox 789 2696 894 2750; x_wconf 79' lang='grc' dir='ltr'><strong>ἀπὺ</strong></span> <span class='ocrx_word' id='word_1_210' title='bbox 930 2697 1023 2750; x_wconf 88' lang='grc' dir='ltr'><strong>τοῦ</strong></span> <span class='ocrx_word' id='word_1_211' title='bbox 1059 2698 1254 2762; x_wconf 85' lang='grc' dir='ltr'>αὐτοὺς</span> <span class='ocrx_word' id='word_1_212' title='bbox 1287 2698 1606 2762; x_wconf 80' lang='grc' dir='ltr'>πλανᾶσθαι,</span> <span class='ocrx_word' id='word_1_213' title='bbox 1638 2698 1732 2751; x_wconf 74' lang='grc' dir='ltr'><strong>καὶ</strong></span> <span class='ocrx_word' id='word_1_214' title='bbox 1755 2698 1828 2771; x_wconf 81' lang='grc' dir='ltr'>μὴ</span> <span class='ocrx_word' id='word_1_215' title='bbox 1852 2699 1948 2770; x_wconf 83' lang='grc' dir='ltr'>τὴν</span> 
     </span>
    </p>
   </div>
   <div class='ocr_carea' id='block_1_29' title="bbox 380 2790 1949 2864">
    <p class='ocr_par' dir='ltr' id='par_1_29' title="bbox 380 2790 1949 2864">
     <span class='ocr_line' id='line_1_29' title="bbox 380 2790 1949 2864; baseline -0.001 -18"><span class='ocrx_word' id='word_1_216' title='bbox 380 2792 555 2864; x_wconf 84' lang='grc' dir='ltr'>αὐτὴν</span> <span class='ocrx_word' id='word_1_217' title='bbox 602 2790 825 2864; x_wconf 85' lang='grc' dir='ltr'>πορείαν</span> <span class='ocrx_word' id='word_1_218' title='bbox 863 2790 1133 2845; x_wconf 85' lang='grc' dir='ltr'>ποιεῖσθαι</span> <span class='ocrx_word' id='word_1_219' title='bbox 1166 2794 1279 2856; x_wconf 84' lang='grc' dir='ltr'>τοῖς</span> <span class='ocrx_word' id='word_1_220' title='bbox 1311 2791 1621 2845; x_wconf 87' lang='grc' dir='ltr'>ἀπλανέσιν.</span> <span class='ocrx_word' id='word_1_221' title='bbox 1659 2791 1816 2846; x_wconf 89' lang='grc' dir='ltr'>Ὅθεν</span> <span class='ocrx_word' id='word_1_222' title='bbox 1857 2792 1949 2847; x_wconf 75' lang='grc' dir='ltr'>καὶ</span> 
     </span>
    </p>
   </div>
   <div class='ocr_carea' id='block_1_30' title="bbox 386 2876 1952 2955">
    <p class='ocr_par' dir='ltr' id='par_1_30' title="bbox 386 2876 1952 2955">
     <span class='ocr_line' id='line_1_30' title="bbox 386 2876 1952 2955; baseline 0 -18"><span class='ocrx_word' id='word_1_223' title='bbox 386 2883 625 2955; x_wconf 73' lang='grc' dir='ltr'>’Ἄρατος</span> <span class='ocrx_word' id='word_1_224' title='bbox 656 2883 754 2954; x_wconf 82' lang='grc' dir='ltr'>τὴν</span> <span class='ocrx_word' id='word_1_225' title='bbox 786 2882 1030 2954; x_wconf 84' lang='grc' dir='ltr'>πορείαν,</span> <span class='ocrx_word' id='word_1_226' title='bbox 1054 2882 1120 2936; x_wconf 83' lang='grc' dir='ltr'>δι’</span> <span class='ocrx_word' id='word_1_227' title='bbox 1147 2876 1215 2954; x_wconf 79' lang='grc' dir='ltr'>ἦς</span> <span class='ocrx_word' id='word_1_228' title='bbox 1249 2881 1467 2954; x_wconf 80' lang='grc' dir='ltr'>φέρεται</span> <span class='ocrx_word' id='word_1_229' title='bbox 1493 2885 1522 2936; x_wconf 81' lang='grc' dir='ltr'><strong>ὁ</strong></span> <span class='ocrx_word' id='word_1_230' title='bbox 1551 2884 1718 2954; x_wconf 78' lang='grc' dir='ltr'>ἥλιος,</span> <span class='ocrx_word' id='word_1_231' title='bbox 1748 2883 1952 2955; x_wconf 86' lang='grc' dir='ltr'>πλάνην</span> 
     </span>
    </p>
   </div>
   <div class='ocr_carea' id='block_1_31' title="bbox 379 2974 1098 3048">
    <p class='ocr_par' dir='ltr' id='par_1_31' title="bbox 379 2974 1098 3048">
     <span class='ocr_line' id='line_1_31' title="bbox 379 2974 1098 3048; baseline -0.004 -16"><span class='ocrx_word' id='word_1_232' title='bbox 379 2974 540 3037; x_wconf 72' lang='grc' dir='ltr'>εἶπεν</span> <span class='ocrx_word' id='word_1_233' title='bbox 577 2975 743 3031; x_wconf 88' lang='grc' dir='ltr'>αὐτοῦ</span> <span class='ocrx_word' id='word_1_234' title='bbox 767 2975 863 3030; x_wconf 78' lang='grc' dir='ltr'>καὶ</span> <span class='ocrx_word' id='word_1_235' title='bbox 888 2975 1098 3048; x_wconf 82' lang='grc' dir='ltr'>ἄλησιν.</span> 
     </span>
    </p>
   </div>
   <div class='ocr_carea' id='block_1_32' title="bbox 533 3260 1722 3334">
    <p class='ocr_par' dir='ltr' id='par_1_32' title="bbox 533 3260 1722 3334">
     <span class='ocr_line' id='line_1_32' title="bbox 533 3260 1722 3334; baseline -0.002 -14"><span class='ocrx_word' id='word_1_236' title='bbox 533 3263 693 3320; x_wconf 80' lang='grc' dir='ltr'>Κατὰ</span> <span class='ocrx_word' id='word_1_237' title='bbox 716 3263 827 3334; x_wconf 82' lang='grc' dir='ltr'><strong>μὲν</strong></span> <span class='ocrx_word' id='word_1_238' title='bbox 845 3261 1040 3332; x_wconf 83' lang='grc' dir='ltr'>,ϐορέω</span> <span class='ocrx_word' id='word_1_239' title='bbox 1066 3261 1162 3319; x_wconf 79' lang='grc' dir='ltr'><strong>καί</strong></span> <span class='ocrx_word' id='word_1_240' title='bbox 1190 3260 1448 3328; x_wconf 80' lang='grc' dir='ltr'>ἀλήσιος</span> <span class='ocrx_word' id='word_1_241' title='bbox 1477 3263 1722 3329; x_wconf 78' lang='grc' dir='ltr'>ἠελίοιο.</span> 
     </span>
    </p>
   </div>
   <div class='ocr_carea' id='block_1_33' title="bbox 387 3352 1956 3427">
    <p class='ocr_par' dir='ltr' id='par_1_33' title="bbox 387 3352 1956 3427">
     <span class='ocr_line' id='line_1_33' title="bbox 387 3352 1956 3427; baseline -0.003 -16"><span class='ocrx_word' id='word_1_242' title='bbox 387 3359 456 3412; x_wconf 80' lang='grc' dir='ltr'><strong>Οἱ</strong></span> <span class='ocrx_word' id='word_1_243' title='bbox 483 3357 541 3411; x_wconf 81' lang='grc' dir='ltr'>δὲ</span> <span class='ocrx_word' id='word_1_244' title='bbox 568 3355 923 3427; x_wconf 87' lang='grc' dir='ltr'>Πυθαγόρειοι</span> <span class='ocrx_word' id='word_1_245' title='bbox 968 3353 1029 3407; x_wconf 92' lang='grc' dir='ltr'><strong>οὐ</strong></span> <span class='ocrx_word' id='word_1_246' title='bbox 1063 3353 1220 3424; x_wconf 93' lang='grc' dir='ltr'>μόνον</span> <span class='ocrx_word' id='word_1_247' title='bbox 1257 3353 1380 3416; x_wconf 85' lang='grc' dir='ltr'>τοὺς</span> <span class='ocrx_word' id='word_1_248' title='bbox 1427 3352 1697 3423; x_wconf 84' lang='grc' dir='ltr'>πλάνητας</span> <span class='ocrx_word' id='word_1_249' title='bbox 1725 3353 1956 3424; x_wconf 82' lang='grc' dir='ltr'>ἀστέρας</span> 
     </span>
    </p>
   </div>
   <div class='ocr_carea' id='block_1_34' title="bbox 389 3444 1957 3522">
    <p class='ocr_par' dir='ltr' id='par_1_34' title="bbox 389 3444 1957 3522">
     <span class='ocr_line' id='line_1_34' title="bbox 389 3444 1957 3522; baseline -0.003 -20"><span class='ocrx_word' id='word_1_250' title='bbox 389 3450 670 3522; x_wconf 81' lang='grc' dir='ltr'>βούλονται</span> <span class='ocrx_word' id='word_1_251' title='bbox 706 3449 838 3503; x_wconf 86' lang='grc' dir='ltr'>ίδίαν</span> <span class='ocrx_word' id='word_1_252' title='bbox 885 3447 1095 3519; x_wconf 80' lang='grc' dir='ltr'>κίνησιν</span> <span class='ocrx_word' id='word_1_253' title='bbox 1141 3444 1303 3516; x_wconf 76' lang='grc' dir='ltr'>ἔχειν,</span> <span class='ocrx_word' id='word_1_254' title='bbox 1346 3444 1481 3499; x_wconf 90' lang='grc' dir='ltr'><strong>ἀλλά</strong></span> <span class='ocrx_word' id='word_1_255' title='bbox 1506 3446 1598 3498; x_wconf 76' lang='grc' dir='ltr'>καὶ</span> <span class='ocrx_word' id='word_1_256' title='bbox 1635 3446 1758 3506; x_wconf 86' lang='grc' dir='ltr'>τοὺς</span> <span class='ocrx_word' id='word_1_257' title='bbox 1787 3446 1957 3499; x_wconf 85' lang='grc' dir='ltr'>ἀπλα-</span> 
     </span>
    </p>
   </div>
   <div class='ocr_carea' id='block_1_35' title="bbox 391 3536 1958 3612">
    <p class='ocr_par' dir='ltr' id='par_1_35' title="bbox 391 3536 1958 3612">
     <span class='ocr_line' id='line_1_35' title="bbox 391 3536 1958 3612; baseline -0.003 -16"><span class='ocrx_word' id='word_1_258' title='bbox 391 3547 534 3607; x_wconf 75' lang='grc' dir='ltr'>νεῖςο</span> <span class='ocrx_word' id='word_1_259' title='bbox 563 3541 706 3595; x_wconf 87' lang='grc' dir='ltr'>οῦτω</span> <span class='ocrx_word' id='word_1_260' title='bbox 753 3539 933 3612; x_wconf 88' lang='grc' dir='ltr'>μέντοι</span> <span class='ocrx_word' id='word_1_261' title='bbox 969 3536 1256 3601; x_wconf 84' lang='grc' dir='ltr'>κινεῖσθαι,</span> <span class='ocrx_word' id='word_1_262' title='bbox 1298 3537 1391 3590; x_wconf 75' lang='grc' dir='ltr'>καὶ</span> <span class='ocrx_word' id='word_1_263' title='bbox 1429 3537 1557 3608; x_wconf 80' lang='grc' dir='ltr'>περὶ</span> <span class='ocrx_word' id='word_1_264' title='bbox 1581 3537 1671 3590; x_wconf 83' lang='grc' dir='ltr'>τὸν</span> <span class='ocrx_word' id='word_1_265' title='bbox 1705 3536 1835 3590; x_wconf 80' lang='grc' dir='ltr'>ἴδιον</span> <span class='ocrx_word' id='word_1_266' title='bbox 1864 3555 1958 3592; x_wconf 86' lang='grc' dir='ltr'>κυ-</span> 
     </span>
    </p>
   </div>
   <div class='ocr_carea' id='block_1_36' title="bbox 391 3627 1958 3702">
    <p class='ocr_par' dir='ltr' id='par_1_36' title="bbox 391 3627 1958 3702">
     <span class='ocr_line' id='line_1_36' title="bbox 391 3627 1958 3702; baseline -0.006 -13"><span class='ocrx_word' id='word_1_267' title='bbox 391 3634 639 3690; x_wconf 71' lang='grc' dir='ltr'>κλεῖσθαι</span> <span class='ocrx_word' id='word_1_268' title='bbox 696 3632 892 3687; x_wconf 84' lang='grc' dir='ltr'>κύκλον</span> <span class='ocrx_word' id='word_1_269' title='bbox 915 3645 932 3662; x_wconf 77' lang='grc' dir='ltr'><strong>ο</strong></span> <span class='ocrx_word' id='word_1_270' title='bbox 962 3630 1148 3702; x_wconf 82' lang='grc' dir='ltr'>ὥσπερ</span> <span class='ocrx_word' id='word_1_271' title='bbox 1201 3629 1294 3684; x_wconf 88' lang='grc' dir='ltr'><strong>τοῦ</strong></span> <span class='ocrx_word' id='word_1_272' title='bbox 1344 3628 1544 3691; x_wconf 82' lang='grc' dir='ltr'>παντὸς</span> <span class='ocrx_word' id='word_1_273' title='bbox 1583 3627 1657 3700; x_wconf 84' lang='grc' dir='ltr'>μὴ</span> <span class='ocrx_word' id='word_1_274' title='bbox 1705 3628 1958 3699; x_wconf 79' lang='grc' dir='ltr'>μεταϐαί-</span> 
     </span>
    </p>
   </div>
   <div class='ocr_carea' id='block_1_37' title="bbox 391 3721 1955 3799">
    <p class='ocr_par' dir='ltr' id='par_1_37' title="bbox 391 3721 1955 3799">
     <span class='ocr_line' id='line_1_37' title="bbox 391 3721 1955 3799; baseline -0.006 -14"><span class='ocrx_word' id='word_1_275' title='bbox 391 3747 576 3793; x_wconf 78' lang='grc' dir='ltr'>νοντος</span> <span class='ocrx_word' id='word_1_276' title='bbox 613 3725 837 3799; x_wconf 80' lang='grc' dir='ltr'>ἑτέρωθι</span> <span class='ocrx_word' id='word_1_277' title='bbox 856 3768 871 3792; x_wconf 89' lang='grc'><strong>,</strong></span> <span class='ocrx_word' id='word_1_278' title='bbox 909 3723 1045 3780; x_wconf 83' lang='grc' dir='ltr'>ἀλλὰ</span> <span class='ocrx_word' id='word_1_279' title='bbox 1087 3723 1214 3795; x_wconf 73' lang='grc' dir='ltr'>περὶ</span> <span class='ocrx_word' id='word_1_280' title='bbox 1259 3723 1350 3777; x_wconf 83' lang='grc' dir='ltr'>τὸν</span> <span class='ocrx_word' id='word_1_281' title='bbox 1388 3722 1548 3777; x_wconf 80' lang='grc' dir='ltr'>αὐτὸν</span> <span class='ocrx_word' id='word_1_282' title='bbox 1579 3721 1742 3776; x_wconf 88' lang='grc' dir='ltr'>τόπον</span> <span class='ocrx_word' id='word_1_283' title='bbox 1787 3722 1955 3776; x_wconf 81' lang='grc' dir='ltr'>εἱλου-</span> 
     </span>
    </p>
   </div>
   <div class='ocr_carea' id='block_1_38' title="bbox 395 3821 582 3895">
    <p class='ocr_par' dir='ltr' id='par_1_38' title="bbox 395 3821 582 3895">
     <span class='ocr_line' id='line_1_38' title="bbox 395 3821 582 3895; baseline -0.005 -19"><span class='ocrx_word' id='word_1_284' title='bbox 395 3821 582 3895; x_wconf 72' lang='grc' dir='ltr'>μένου.</span> 
     </span>
    </p>
   </div>
   <div class='ocr_carea' id='block_1_39' title="bbox 857 3909 1508 3980">
    <p class='ocr_par' dir='ltr' id='par_1_39' title="bbox 857 3909 1508 3980">
     <span class='ocr_line' id='line_1_39' title="bbox 857 3909 1508 3980; baseline 0 -14"><span class='ocrx_word' id='word_1_285' title='bbox 857 3913 953 3980; x_wconf 83' lang='grc' dir='ltr'>Τίς</span> <span class='ocrx_word' id='word_1_286' title='bbox 992 3911 1172 3967; x_wconf 83' lang='grc' dir='ltr'>οὐσία</span> <span class='ocrx_word' id='word_1_287' title='bbox 1222 3909 1508 3979; x_wconf 83' lang='grc' dir='ltr'>ἀστέρων.</span> 
     </span>
    </p>
   </div>
   <div class='ocr_carea' id='block_1_40' title="bbox 469 3998 1962 4078">
    <p class='ocr_par' dir='ltr' id='par_1_40' title="bbox 469 3998 1962 4078">
     <span class='ocr_line' id='line_1_40' title="bbox 469 3998 1962 4078; baseline -0.004 -15"><span class='ocrx_word' id='word_1_288' title='bbox 469 4016 558 4063; x_wconf 82' lang='grc' dir='ltr'>ια’.</span> <span class='ocrx_word' id='word_1_289' title='bbox 597 4007 776 4077; x_wconf 79' lang='grc' dir='ltr'>Θαλῆς</span> <span class='ocrx_word' id='word_1_290' title='bbox 833 4005 934 4078; x_wconf 80' lang='grc' dir='ltr'><strong>μὲν</strong></span> <span class='ocrx_word' id='word_1_291' title='bbox 964 4005 1029 4075; x_wconf 83' lang='grc' dir='ltr'>δὴ</span> <span class='ocrx_word' id='word_1_292' title='bbox 1059 4005 1252 4076; x_wconf 81' lang='grc' dir='ltr'>γηῒνην</span> <span class='ocrx_word' id='word_1_293' title='bbox 1299 4003 1540 4075; x_wconf 80' lang='grc' dir='ltr'>ἔμπυρον</span> <span class='ocrx_word' id='word_1_294' title='bbox 1574 3998 1692 4055; x_wconf 79' lang='grc' dir='ltr'>εἶπε</span> <span class='ocrx_word' id='word_1_295' title='bbox 1724 4002 1822 4074; x_wconf 84' lang='grc' dir='ltr'>τὴν</span> <span class='ocrx_word' id='word_1_296' title='bbox 1855 4002 1962 4057; x_wconf 84' lang='grc' dir='ltr'>τῶν</span> 
     </span>
    </p>
   </div>
   <div class='ocr_carea' id='block_1_41' title="bbox 397 4096 1961 4174">
    <p class='ocr_par' dir='ltr' id='par_1_41' title="bbox 397 4096 1961 4174">
     <span class='ocr_line' id='line_1_41' title="bbox 397 4096 1961 4174; baseline -0.006 -16"><span class='ocrx_word' id='word_1_297' title='bbox 397 4105 645 4174; x_wconf 78' lang='grc' dir='ltr'>ἀστέρων</span> <span class='ocrx_word' id='word_1_298' title='bbox 691 4099 878 4154; x_wconf 90' lang='grc' dir='ltr'>οὐσίαν</span> <span class='ocrx_word' id='word_1_299' title='bbox 905 4117 918 4129; x_wconf 89' lang='grc'><strong>·</strong></span> <span class='ocrx_word' id='word_1_300' title='bbox 963 4097 1329 4170; x_wconf 82' lang='grc' dir='ltr'>Ἐμπεδοκλῆς</span> <span class='ocrx_word' id='word_1_301' title='bbox 1373 4096 1430 4148; x_wconf 82' lang='grc' dir='ltr'>δὲ</span> <span class='ocrx_word' id='word_1_302' title='bbox 1478 4096 1732 4167; x_wconf 81' lang='grc' dir='ltr'>πυρίνους</span> <span class='ocrx_word' id='word_1_303' title='bbox 1767 4096 1961 4160; x_wconf 88' lang='grc' dir='ltr'>αὐτοὺς</span> 
     </span>
    </p>
   </div>
   <div class='ocr_carea' id='block_1_42' title="bbox 397 4183 1963 4262">
    <p class='ocr_par' dir='ltr' id='par_1_42' title="bbox 397 4183 1963 4262">
     <span class='ocr_line' id='line_1_42' title="bbox 397 4183 1963 4262; baseline -0.004 -10"><span class='ocrx_word' id='word_1_304' title='bbox 397 4195 542 4253; x_wconf 78' lang='grc' dir='ltr'>εἷπε.</span> <span class='ocrx_word' id='word_1_305' title='bbox 573 4195 728 4258; x_wconf 85' lang='grc' dir='ltr'>Τινὲς</span> <span class='ocrx_word' id='word_1_306' title='bbox 756 4193 812 4246; x_wconf 85' lang='grc' dir='ltr'><strong>δέ</strong></span> <span class='ocrx_word' id='word_1_307' title='bbox 844 4191 1065 4262; x_wconf 81' lang='grc' dir='ltr'>γεώδεις</span> <span class='ocrx_word' id='word_1_308' title='bbox 1094 4193 1264 4245; x_wconf 82' lang='grc' dir='ltr'>εἰπεῖν</span> <span class='ocrx_word' id='word_1_309' title='bbox 1289 4190 1485 4254; x_wconf 81' lang='grc' dir='ltr'>αὐτοὺς</span> <span class='ocrx_word' id='word_1_310' title='bbox 1522 4189 1852 4261; x_wconf 72' lang='grc' dir='ltr'>ἐτόλμησανο</span> <span class='ocrx_word' id='word_1_311' title='bbox 1887 4183 1963 4245; x_wconf 84' lang='grc' dir='ltr'>ὧν</span> 
     </span>
    </p>
   </div>
   <div class='ocr_carea' id='block_1_43' title="bbox 399 4281 1960 4356">
    <p class='ocr_par' dir='ltr' id='par_1_43' title="bbox 399 4281 1960 4356">
     <span class='ocr_line' id='line_1_43' title="bbox 399 4281 1960 4356; baseline -0.006 -12"><span class='ocrx_word' id='word_1_312' title='bbox 399 4294 518 4344; x_wconf 73' lang='grc' dir='ltr'>ἐστι</span> <span class='ocrx_word' id='word_1_313' title='bbox 545 4289 640 4343; x_wconf 62' lang='grc' dir='ltr'><strong>καὶ⁸</strong></span> <span class='ocrx_word' id='word_1_314' title='bbox 671 4285 1054 4356; x_wconf 73' lang='grc' dir='ltr'>Ἀναξαγόρας.</span> <span class='ocrx_word' id='word_1_315' title='bbox 1086 4281 1239 4337; x_wconf 81' lang='grc' dir='ltr'>Μετὰ</span> <span class='ocrx_word' id='word_1_316' title='bbox 1265 4281 1372 4353; x_wconf 85' lang='grc' dir='ltr'><strong>γάρ</strong></span> <span class='ocrx_word' id='word_1_317' title='bbox 1394 4282 1492 4354; x_wconf 75' lang='grc' dir='ltr'>τὴν</span> <span class='ocrx_word' id='word_1_318' title='bbox 1535 4282 1776 4354; x_wconf 83' lang='grc' dir='ltr'>πρώτην,</span> <span class='ocrx_word' id='word_1_319' title='bbox 1809 4283 1960 4354; x_wconf 76' lang='grc' dir='ltr'>φησὶ,</span> 
     </span>
    </p>
   </div>
   <div class='ocr_carea' id='block_1_44' title="bbox 396 4372 1964 4455">
    <p class='ocr_par' dir='ltr' id='par_1_44' title="bbox 396 4372 1964 4455">
     <span class='ocr_line' id='line_1_44' title="bbox 396 4372 1964 4455; baseline -0.007 -16"><span class='ocrx_word' id='word_1_320' title='bbox 396 4385 669 4455; x_wconf 85' lang='grc' dir='ltr'>διάκρισιν</span> <span class='ocrx_word' id='word_1_321' title='bbox 699 4379 806 4432; x_wconf 84' lang='grc' dir='ltr'>τῶν</span> <span class='ocrx_word' id='word_1_322' title='bbox 834 4377 1107 4447; x_wconf 80' lang='grc' dir='ltr'>στοιχείων</span> <span class='ocrx_word' id='word_1_323' title='bbox 1129 4374 1191 4428; x_wconf 85' lang='grc' dir='ltr'>τὸ</span> <span class='ocrx_word' id='word_1_324' title='bbox 1218 4375 1327 4446; x_wconf 89' lang='grc' dir='ltr'><strong>πῦρ</strong></span> <span class='ocrx_word' id='word_1_325' title='bbox 1360 4372 1720 4446; x_wconf 78' lang='grc' dir='ltr'>χωριζόμενον</span> <span class='ocrx_word' id='word_1_326' title='bbox 1754 4373 1964 4444; x_wconf 71' lang='grc' dir='ltr'>ἐπὶ,τὴν</span> 
     </span>
    </p>
   </div>
   <div class='ocr_carea' id='block_1_45' title="bbox 404 4463 1963 4541">
    <p class='ocr_par' dir='ltr' id='par_1_45' title="bbox 404 4463 1963 4541">
     <span class='ocr_line' id='line_1_45' title="bbox 404 4463 1963 4541; baseline -0.008 -13"><span class='ocrx_word' id='word_1_327' title='bbox 404 4474 540 4528; x_wconf 78' lang='grc' dir='ltr'>ἰδίαν</span> <span class='ocrx_word' id='word_1_328' title='bbox 576 4471 734 4541; x_wconf 84' lang='grc' dir='ltr'>φύσιν</span> <span class='ocrx_word' id='word_1_329' title='bbox 764 4468 1093 4530; x_wconf 77' lang='grc' dir='ltr'>ἀνασπᾶσαι,</span> <span class='ocrx_word' id='word_1_330' title='bbox 1125 4466 1218 4520; x_wconf 76' lang='grc' dir='ltr'><strong>καὶ</strong></span> <span class='ocrx_word' id='word_1_331' title='bbox 1240 4465 1478 4536; x_wconf 89' lang='grc' dir='ltr'>διάπυρα</span> <span class='ocrx_word' id='word_1_332' title='bbox 1507 4465 1728 4535; x_wconf 83' lang='grc' dir='ltr'>ποιῆσαι</span> <span class='ocrx_word' id='word_1_333' title='bbox 1752 4463 1963 4534; x_wconf 78' lang='grc' dir='ltr'>καὶτῆς</span> 
     </span>
    </p>
   </div>
   <div class='ocr_carea' id='block_1_46' title="bbox 401 4552 1964 4637">
    <p class='ocr_par' dir='ltr' id='par_1_46' title="bbox 401 4552 1964 4637">
     <span class='ocr_line' id='line_1_46' title="bbox 401 4552 1964 4637; baseline -0.008 -15"><span class='ocrx_word' id='word_1_334' title='bbox 401 4568 506 4637; x_wconf 80' lang='grc' dir='ltr'><strong>γῆς</strong></span> <span class='ocrx_word' id='word_1_335' title='bbox 564 4564 726 4636; x_wconf 86' lang='grc' dir='ltr'>μόριά</span> <span class='ocrx_word' id='word_1_336' title='bbox 775 4579 913 4616; x_wconf 85' lang='grc' dir='ltr'>τινα.</span> <span class='ocrx_word' id='word_1_337' title='bbox 951 4559 1111 4612; x_wconf 82' lang='grc' dir='ltr'><strong>Ὅθεν</strong></span> <span class='ocrx_word' id='word_1_338' title='bbox 1170 4559 1264 4612; x_wconf 72' lang='grc' dir='ltr'><strong>καὶ</strong></span> <span class='ocrx_word' id='word_1_339' title='bbox 1292 4557 1376 4611; x_wconf 74' lang='grc' dir='ltr'>τὸν</span> <span class='ocrx_word' id='word_1_340' title='bbox 1418 4557 1566 4628; x_wconf 79' lang='grc' dir='ltr'>ἥλιον</span> <span class='ocrx_word' id='word_1_341' title='bbox 1610 4556 1794 4626; x_wconf 71' lang='grc' dir='ltr'>ἔλεγεν</span> <span class='ocrx_word' id='word_1_342' title='bbox 1823 4552 1964 4610; x_wconf 77' lang='grc' dir='ltr'>εἶναι</span> 
     </span>
    </p>
   </div>
   <div class='ocr_carea' id='block_1_47' title="bbox 403 4647 1968 4729">
    <p class='ocr_par' dir='ltr' id='par_1_47' title="bbox 403 4647 1968 4729">
     <span class='ocr_line' id='line_1_47' title="bbox 403 4647 1968 4729; baseline -0.007 -18"><span class='ocrx_word' id='word_1_343' title='bbox 403 4657 624 4729; x_wconf 82' lang='grc' dir='ltr'>μύδρον,</span> <span class='ocrx_word' id='word_1_344' title='bbox 655 4655 730 4718; x_wconf 85' lang='grc' dir='ltr'>ὡς</span> <span class='ocrx_word' id='word_1_345' title='bbox 764 4653 888 4723; x_wconf 80' lang='grc' dir='ltr'>ἑξῆς</span> <span class='ocrx_word' id='word_1_346' title='bbox 917 4649 1165 4722; x_wconf 83' lang='grc' dir='ltr'>ἐροῦμεν.</span> <span class='ocrx_word' id='word_1_347' title='bbox 1199 4647 1415 4719; x_wconf 86' lang='grc' dir='ltr'>Ἕτεροι</span> <span class='ocrx_word' id='word_1_348' title='bbox 1453 4647 1509 4700; x_wconf 85' lang='grc' dir='ltr'>δὲ</span> <span class='ocrx_word' id='word_1_349' title='bbox 1543 4647 1792 4720; x_wconf 87' lang='grc' dir='ltr'>κίσσηριν</span> <span class='ocrx_word' id='word_1_350' title='bbox 1831 4647 1968 4701; x_wconf 88' lang='grc' dir='ltr'>πλα-</span> 
     </span>
    </p>
   </div>
   <div class='ocr_carea' id='block_1_48' title="bbox 405 4739 1964 4820">
    <p class='ocr_par' dir='ltr' id='par_1_48' title="bbox 405 4739 1964 4820">
     <span class='ocr_line' id='line_1_48' title="bbox 405 4739 1964 4820; baseline -0.007 -17"><span class='ocrx_word' id='word_1_351' title='bbox 405 4751 526 4820; x_wconf 85' lang='grc' dir='ltr'>γίαν</span> <span class='ocrx_word' id='word_1_352' title='bbox 559 4743 743 4808; x_wconf 78' lang='grc' dir='ltr'>οὖσαν,</span> <span class='ocrx_word' id='word_1_353' title='bbox 774 4744 878 4798; x_wconf 84' lang='grc' dir='ltr'><strong>ὐπὸ</strong></span> <span class='ocrx_word' id='word_1_354' title='bbox 905 4743 1002 4813; x_wconf 81' lang='grc' dir='ltr'>τῆς</span> <span class='ocrx_word' id='word_1_355' title='bbox 1024 4741 1350 4814; x_wconf 86' lang='grc' dir='ltr'>θερμότητος</span> <span class='ocrx_word' id='word_1_356' title='bbox 1376 4739 1466 4792; x_wconf 91' lang='grc' dir='ltr'><strong>τοῦ</strong></span> <span class='ocrx_word' id='word_1_357' title='bbox 1495 4739 1706 4810; x_wconf 75' lang='grc' dir='ltr'>αἰθέρος</span> <span class='ocrx_word' id='word_1_358' title='bbox 1731 4739 1964 4793; x_wconf 89' lang='grc' dir='ltr'>ἀναπτο-</span> 
     </span>
    </p>
   </div>
   <div class='ocr_carea' id='block_1_49' title="bbox 403 4831 1962 4916">
    <p class='ocr_par' dir='ltr' id='par_1_49' title="bbox 403 4831 1962 4916">
     <span class='ocr_line' id='line_1_49' title="bbox 403 4831 1962 4916; baseline -0.003 -25"><span class='ocrx_word' id='word_1_359' title='bbox 403 4844 575 4916; x_wconf 81' lang='grc' dir='ltr'>μένην</span> <span class='ocrx_word' id='word_1_360' title='bbox 594 4858 607 4872; x_wconf 76' lang='grc' dir='ltr'><strong>ο</strong></span> <span class='ocrx_word' id='word_1_361' title='bbox 639 4839 734 4892; x_wconf 77' lang='grc' dir='ltr'>καὶ</span> <span class='ocrx_word' id='word_1_362' title='bbox 763 4838 865 4891; x_wconf 79' lang='grc' dir='ltr'>ὑπὸ</span> <span class='ocrx_word' id='word_1_363' title='bbox 885 4836 993 4889; x_wconf 83' lang='grc' dir='ltr'>τῶν</span> <span class='ocrx_word' id='word_1_364' title='bbox 1015 4831 1324 4904; x_wconf 83' lang='grc' dir='ltr'>τρυμαλιῶν</span> <span class='ocrx_word' id='word_1_365' title='bbox 1340 4832 1464 4894; x_wconf 80' lang='grc' dir='ltr'>τοὺς</span> <span class='ocrx_word' id='word_1_366' title='bbox 1482 4831 1714 4902; x_wconf 84' lang='grc' dir='ltr'>ἀστέρας</span> <span class='ocrx_word' id='word_1_367' title='bbox 1735 4831 1962 4901; x_wconf 66' lang='grc' dir='ltr'>φαίνειν.</span> 
     </span>
    </p>
   </div>
   <div class='ocr_carea' id='block_1_50' title="bbox 404 4923 1966 4998">
    <p class='ocr_par' dir='ltr' id='par_1_50' title="bbox 404 4923 1966 4998">
     <span class='ocr_line' id='line_1_50' title="bbox 404 4923 1966 4998; baseline -0.008 -7"><span class='ocrx_word' id='word_1_368' title='bbox 404 4937 629 4991; x_wconf 78' lang='grc' dir='ltr'>Πλάτων</span> <span class='ocrx_word' id='word_1_369' title='bbox 657 4933 713 4987; x_wconf 81' lang='grc' dir='ltr'>δὲ</span> <span class='ocrx_word' id='word_1_370' title='bbox 746 4935 809 4985; x_wconf 89' lang='grc' dir='ltr'><strong>ἐκ</strong></span> <span class='ocrx_word' id='word_1_371' title='bbox 853 4930 959 4983; x_wconf 84' lang='grc' dir='ltr'>τῶν</span> <span class='ocrx_word' id='word_1_372' title='bbox 998 4927 1278 4998; x_wconf 87' lang='grc' dir='ltr'>τεσσάρων</span> <span class='ocrx_word' id='word_1_373' title='bbox 1307 4924 1600 4994; x_wconf 83' lang='grc' dir='ltr'>στοιχείων,</span> <span class='ocrx_word' id='word_1_374' title='bbox 1641 4923 1888 4978; x_wconf 85' lang='grc' dir='ltr'>πλείστου</span> <span class='ocrx_word' id='word_1_375' title='bbox 1910 4925 1966 4978; x_wconf 83' lang='grc' dir='ltr'>δὲ</span> 
     </span>
    </p>
   </div>
   <div class='ocr_carea' id='block_1_51' title="bbox 405 5017 1966 5100">
    <p class='ocr_par' dir='ltr' id='par_1_51' title="bbox 405 5017 1966 5100">
     <span class='ocr_line' id='line_1_51' title="bbox 405 5017 1966 5100; baseline -0.008 -17"><span class='ocrx_word' id='word_1_376' title='bbox 405 5028 598 5100; x_wconf 86' lang='grc' dir='ltr'>πυρός.</span> <span class='ocrx_word' id='word_1_377' title='bbox 651 5023 956 5092; x_wconf 70' lang='grc' dir='ltr'>Ξενοφάνης</span> <span class='ocrx_word' id='word_1_378' title='bbox 1009 5020 1066 5073; x_wconf 82' lang='grc' dir='ltr'>δὲ</span> <span class='ocrx_word' id='word_1_379' title='bbox 1099 5018 1244 5089; x_wconf 86' lang='grc' dir='ltr'>λέγει</span> <span class='ocrx_word' id='word_1_380' title='bbox 1272 5018 1398 5080; x_wconf 80' lang='grc' dir='ltr'>τοὺς</span> <span class='ocrx_word' id='word_1_381' title='bbox 1427 5017 1662 5088; x_wconf 88' lang='grc' dir='ltr'>ἀστέρας</span> <span class='ocrx_word' id='word_1_382' title='bbox 1698 5017 1764 5071; x_wconf 84' lang='grc' dir='ltr'><strong>ἐκ</strong></span> <span class='ocrx_word' id='word_1_383' title='bbox 1789 5018 1966 5087; x_wconf 84' lang='grc' dir='ltr'>νεφῶν</span> 
     </span>
    </p>
   </div>
   <div class='ocr_carea' id='block_1_52' title="bbox 407 5109 1968 5187">
    <p class='ocr_par' dir='ltr' id='par_1_52' title="bbox 407 5109 1968 5187">
     <span class='ocr_line' id='line_1_52' title="bbox 407 5109 1968 5187; baseline -0.007 -12"><span class='ocrx_word' id='word_1_384' title='bbox 407 5120 724 5176; x_wconf 77' lang='grc' dir='ltr'>συνεστάναι</span> <span class='ocrx_word' id='word_1_385' title='bbox 781 5115 1062 5187; x_wconf 86' lang='grc' dir='ltr'>ἐμπύρων,</span> <span class='ocrx_word' id='word_1_386' title='bbox 1118 5114 1213 5166; x_wconf 79' lang='grc' dir='ltr'>καὶ</span> <span class='ocrx_word' id='word_1_387' title='bbox 1239 5110 1578 5174; x_wconf 78' lang='grc' dir='ltr'>σϐέννυσθαι,</span> <span class='ocrx_word' id='word_1_388' title='bbox 1607 5111 1702 5164; x_wconf 76' lang='grc' dir='ltr'><strong>καὶ</strong></span> <span class='ocrx_word' id='word_1_389' title='bbox 1741 5109 1968 5164; x_wconf 87' lang='grc' dir='ltr'>ἀνάπτε-</span> 
     </span>
    </p>
   </div>
   <div class='ocr_carea' id='block_1_53' title="bbox 406 5199 1965 5277">
    <p class='ocr_par' dir='ltr' id='par_1_53' title="bbox 406 5199 1965 5277">
     <span class='ocr_line' id='line_1_53' title="bbox 406 5199 1965 5277; baseline -0.008 -11"><span class='ocrx_word' id='word_1_390' title='bbox 406 5212 530 5266; x_wconf 90' lang='grc' dir='ltr'>σθαι</span> <span class='ocrx_word' id='word_1_391' title='bbox 557 5208 756 5263; x_wconf 72' lang='grc' dir='ltr'>ὡσανεὶ</span> <span class='ocrx_word' id='word_1_392' title='bbox 776 5205 1070 5277; x_wconf 84' lang='grc' dir='ltr'>ἄνθρακας.</span> <span class='ocrx_word' id='word_1_393' title='bbox 1106 5203 1214 5256; x_wconf 76' lang='grc' dir='ltr'><strong>Καὶ</strong></span> <span class='ocrx_word' id='word_1_394' title='bbox 1252 5202 1340 5254; x_wconf 83' lang='grc' dir='ltr'><strong>ὅτε</strong></span> <span class='ocrx_word' id='word_1_395' title='bbox 1387 5199 1486 5272; x_wconf 85' lang='grc' dir='ltr'>μὲν</span> <span class='ocrx_word' id='word_1_396' title='bbox 1518 5200 1797 5262; x_wconf 77' lang='grc' dir='ltr'>ἅπτονται,</span> <span class='ocrx_word' id='word_1_397' title='bbox 1831 5217 1965 5269; x_wconf 87' lang='grc' dir='ltr'>φαν-</span> 
     </span>
    </p>
   </div>
   <div class='ocr_carea' id='block_1_54' title="bbox 405 5291 1965 5373">
    <p class='ocr_par' dir='ltr' id='par_1_54' title="bbox 405 5291 1965 5373">
     <span class='ocr_line' id='line_1_54' title="bbox 405 5291 1965 5373; baseline -0.009 -15"><span class='ocrx_word' id='word_1_398' title='bbox 405 5305 597 5358; x_wconf 83' lang='grc' dir='ltr'>τασίαν</span> <span class='ocrx_word' id='word_1_399' title='bbox 623 5303 768 5373; x_wconf 80' lang='grc' dir='ltr'>ἡμᾶς</span> <span class='ocrx_word' id='word_1_400' title='bbox 794 5299 935 5370; x_wconf 71' lang='grc' dir='ltr'>ἔχειν</span> <span class='ocrx_word' id='word_1_401' title='bbox 976 5294 1236 5364; x_wconf 79' lang='grc' dir='ltr'>ἀνατολῆς</span> <span class='ocrx_word' id='word_1_402' title='bbox 1255 5311 1269 5324; x_wconf 79' lang='grc' dir='ltr'><strong>ο</strong></span> <span class='ocrx_word' id='word_1_403' title='bbox 1297 5294 1386 5346; x_wconf 78' lang='grc' dir='ltr'><strong>ὅτε</strong></span> <span class='ocrx_word' id='word_1_404' title='bbox 1426 5291 1483 5344; x_wconf 83' lang='grc' dir='ltr'>δὲ</span> <span class='ocrx_word' id='word_1_405' title='bbox 1509 5291 1842 5356; x_wconf 77' lang='grc' dir='ltr'>σὸέννυνται,</span> <span class='ocrx_word' id='word_1_406' title='bbox 1875 5291 1965 5344; x_wconf 90' lang='grc' dir='ltr'>δύ-</span> 
     </span>
    </p>
   </div>
   <div class='ocr_carea' id='block_1_55' title="bbox 411 5381 1962 5458">
    <p class='ocr_par' dir='ltr' id='par_1_55' title="bbox 411 5381 1962 5458">
     <span class='ocr_line' id='line_1_55' title="bbox 411 5381 1962 5458; baseline -0.011 -8"><span class='ocrx_word' id='word_1_407' title='bbox 411 5413 564 5458; x_wconf 85' lang='grc' dir='ltr'>σεως.</span> <span class='ocrx_word' id='word_1_408' title='bbox 618 5395 680 5447; x_wconf 83' lang='grc' dir='ltr'><strong>Οἱ</strong></span> <span class='ocrx_word' id='word_1_409' title='bbox 739 5391 963 5444; x_wconf 82' lang='grc' dir='ltr'>Στωϊκοι</span> <span class='ocrx_word' id='word_1_410' title='bbox 1010 5387 1065 5440; x_wconf 84' lang='grc' dir='ltr'><strong>δέ</strong></span> <span class='ocrx_word' id='word_1_411' title='bbox 1110 5388 1173 5438; x_wconf 80' lang='grc' dir='ltr'><strong>ἐκ</strong></span> <span class='ocrx_word' id='word_1_412' title='bbox 1223 5383 1392 5454; x_wconf 82' lang='grc' dir='ltr'>πυρὸς</span> <span class='ocrx_word' id='word_1_413' title='bbox 1439 5381 1685 5452; x_wconf 86' lang='grc' dir='ltr'>λέγουσιν</span> <span class='ocrx_word' id='word_1_414' title='bbox 1734 5383 1962 5446; x_wconf 78' lang='grc' dir='ltr'>αὐτούς’</span> 
     </span>
    </p>
   </div>
   <div class='ocr_carea' id='block_1_56' title="bbox 410 5474 1966 5560">
    <p class='ocr_par' dir='ltr' id='par_1_56' title="bbox 410 5474 1966 5560">
     <span class='ocr_line' id='line_1_56' title="bbox 410 5474 1966 5560; baseline -0.01 -19"><span class='ocrx_word' id='word_1_415' title='bbox 410 5489 576 5560; x_wconf 81' lang='grc' dir='ltr'>πυρὸς</span> <span class='ocrx_word' id='word_1_416' title='bbox 602 5485 658 5538; x_wconf 85' lang='grc' dir='ltr'><strong>δέ</strong></span> <span class='ocrx_word' id='word_1_417' title='bbox 690 5482 781 5537; x_wconf 87' lang='grc' dir='ltr'><strong>τοῦ</strong></span> <span class='ocrx_word' id='word_1_418' title='bbox 816 5481 983 5544; x_wconf 89' lang='grc' dir='ltr'>θείου,</span> <span class='ocrx_word' id='word_1_419' title='bbox 1011 5479 1106 5532; x_wconf 74' lang='grc' dir='ltr'>καὶ</span> <span class='ocrx_word' id='word_1_420' title='bbox 1154 5477 1345 5538; x_wconf 79' lang='grc' dir='ltr'>ἀϊδίου.</span> <span class='ocrx_word' id='word_1_421' title='bbox 1369 5475 1462 5528; x_wconf 77' lang='grc' dir='ltr'><strong>καὶ</strong></span> <span class='ocrx_word' id='word_1_422' title='bbox 1497 5474 1555 5527; x_wconf 91' lang='grc' dir='ltr'><strong>οὐ</strong></span> <span class='ocrx_word' id='word_1_423' title='bbox 1586 5474 1966 5544; x_wconf 84' lang='grc' dir='ltr'>παραπλησίου</span> 
     </span>
    </p>
   </div>
   <div class='ocr_carea' id='block_1_57' title="bbox 406 5566 1965 5652">
    <p class='ocr_par' dir='ltr' id='par_1_57' title="bbox 406 5566 1965 5652">
     <span class='ocr_line' id='line_1_57' title="bbox 406 5566 1965 5652; baseline -0.011 -17"><span class='ocrx_word' id='word_1_424' title='bbox 406 5580 484 5652; x_wconf 79' lang='grc' dir='ltr'>τῷ</span> <span class='ocrx_word' id='word_1_425' title='bbox 517 5581 643 5650; x_wconf 83' lang='grc' dir='ltr'>παρ’</span> <span class='ocrx_word' id='word_1_426' title='bbox 682 5579 808 5648; x_wconf 75' lang='grc' dir='ltr'>ἡμῖν</span> <span class='ocrx_word' id='word_1_427' title='bbox 833 5593 845 5605; x_wconf 88' lang='grc'><strong>·</strong></span> <span class='ocrx_word' id='word_1_428' title='bbox 901 5573 1054 5627; x_wconf 79' lang='grc' dir='ltr'>τοῦτο</span> <span class='ocrx_word' id='word_1_429' title='bbox 1105 5569 1212 5642; x_wconf 81' lang='grc' dir='ltr'>γὰρ</span> <span class='ocrx_word' id='word_1_430' title='bbox 1255 5566 1567 5638; x_wconf 78' lang='grc' dir='ltr'>φθαρτικὸν,</span> <span class='ocrx_word' id='word_1_431' title='bbox 1605 5567 1696 5622; x_wconf 73' lang='grc' dir='ltr'>καὶ</span> <span class='ocrx_word' id='word_1_432' title='bbox 1729 5567 1786 5620; x_wconf 80' lang='grc' dir='ltr'><strong>οὐ</strong></span> <span class='ocrx_word' id='word_1_433' title='bbox 1817 5584 1965 5635; x_wconf 81' lang='grc' dir='ltr'>παμ-</span> 
     </span>
    </p>
   </div>
   <div class='ocr_carea' id='block_1_58' title="bbox 406 5674 562 5744">
    <p class='ocr_par' dir='ltr' id='par_1_58' title="bbox 406 5674 562 5744">
     <span class='ocr_line' id='line_1_58' title="bbox 406 5674 562 5744; baseline -0.006 -17"><span class='ocrx_word' id='word_1_434' title='bbox 406 5674 562 5744; x_wconf 74' lang='grc' dir='ltr'>φαές.</span> 
     </span>
    </p>
   </div>
   <div class='ocr_carea' id='block_1_59' title="bbox 485 5828 934 5885">
    <p class='ocr_par' dir='ltr' id='par_1_59' title="bbox 485 5828 934 5885">
     <span class='ocr_line' id='line_1_59' title="bbox 485 5828 934 5885; baseline -0.007 -2"><span class='ocrx_word' id='word_1_435' title='bbox 485 5833 527 5865; x_wconf 74' lang='grc'><strong>’³</strong></span> <span class='ocrx_word' id='word_1_436' title='bbox 561 5831 598 5885; x_wconf 78' lang='grc' dir='ltr'>Ῑ.</span> <span class='ocrx_word' id='word_1_437' title='bbox 635 5830 716 5883; x_wconf 82' lang='grc' dir='ltr'>ἐπ’</span> <span class='ocrx_word' id='word_1_438' title='bbox 754 5828 934 5882; x_wconf 80' lang='grc' dir='ltr'>αὐτοῦ.</span> 
     </span>
    </p>
   </div>
   <div class='ocr_carea' id='block_1_60' title="bbox 2078 674 2948 737">
    <p class='ocr_par' dir='ltr' id='par_1_60' title="bbox 2078 674 2948 737">
     <span class='ocr_line' id='line_1_60' title="bbox 2078 674 2948 737; baseline 0.01 -14"><span class='ocrx_word' id='word_1_439' title='bbox 2078 721 2092 737; x_wconf 72' lang='grc'><strong>,</strong></span> <span class='ocrx_word' id='word_1_440' title='bbox 2677 674 2748 731; x_wconf 90' lang='lat' dir='ltr'><strong>De</strong></span> <span class='ocrx_word' id='word_1_441' title='bbox 2775 676 2948 732; x_wconf 74' lang='lat' dir='ltr'><strong>stella.</strong></span> 
     </span>
    </p>
   </div>
   <div class='ocr_carea' id='block_1_61' title="bbox 2104 765 3596 838">
    <p class='ocr_par' dir='ltr' id='par_1_61' title="bbox 2104 765 3596 838">
     <span class='ocr_line' id='line_1_61' title="bbox 2104 765 3596 838; baseline 0.003 -16"><span class='ocrx_word' id='word_1_442' title='bbox 2104 768 2190 823; x_wconf 81' lang='lat' dir='ltr'><strong>i0.</strong></span> <span class='ocrx_word' id='word_1_443' title='bbox 2225 765 2493 823; x_wconf 74' lang='lat' dir='ltr'><strong>Diodorus</strong></span> <span class='ocrx_word' id='word_1_444' title='bbox 2511 766 2724 824; x_wconf 77' lang='lat' dir='ltr'><strong>stellam</strong></span> <span class='ocrx_word' id='word_1_445' title='bbox 2748 767 2936 824; x_wconf 82' lang='lat' dir='ltr'><strong>deﬁnit</strong></span> <span class='ocrx_word' id='word_1_446' title='bbox 2962 783 3160 838; x_wconf 90' lang='lat' dir='ltr'><strong>corpus</strong></span> <span class='ocrx_word' id='word_1_447' title='bbox 3188 768 3453 838; x_wconf 83' lang='lat' dir='ltr'><strong>divinum,</strong></span> <span class='ocrx_word' id='word_1_448' title='bbox 3483 784 3596 826; x_wconf 74' lang='lat' dir='ltr'><strong>ca:—</strong></span> 
     </span>
    </p>
   </div>
   <div class='ocr_carea' id='block_1_62' title="bbox 2031 861 3596 932">
    <p class='ocr_par' dir='ltr' id='par_1_62' title="bbox 2031 861 3596 932">
     <span class='ocr_line' id='line_1_62' title="bbox 2031 861 3596 932; baseline 0.002 -17"><span class='ocrx_word' id='word_1_449' title='bbox 2031 862 2185 927; x_wconf 85' lang='lat' dir='ltr'><strong>Ieste,</strong></span> <span class='ocrx_word' id='word_1_450' title='bbox 2216 861 2568 932; x_wconf 79' lang='lat' dir='ltr'><strong>ejusdemque</strong></span> <span class='ocrx_word' id='word_1_451' title='bbox 2601 875 2726 916; x_wconf 91' lang='lat' dir='ltr'><strong>cum</strong></span> <span class='ocrx_word' id='word_1_452' title='bbox 2762 875 2848 927; x_wconf 90' lang='lat' dir='ltr'><strong>eo,</strong></span> <span class='ocrx_word' id='word_1_453' title='bbox 2872 861 2927 916; x_wconf 92' lang='lat' dir='ltr'><strong>in</strong></span> <span class='ocrx_word' id='word_1_454' title='bbox 2959 876 3067 932; x_wconf 91' lang='lat' dir='ltr'><strong>quo</strong></span> <span class='ocrx_word' id='word_1_455' title='bbox 3104 869 3188 917; x_wconf 91' lang='lat' dir='ltr'><strong>est</strong></span> <span class='ocrx_word' id='word_1_456' title='bbox 3220 862 3360 928; x_wconf 88' lang='lat' dir='ltr'><strong>loco,</strong></span> <span class='ocrx_word' id='word_1_457' title='bbox 3388 871 3596 918; x_wconf 74' lang='lat' dir='ltr'><strong>natura:</strong></span> 
     </span>
    </p>
   </div>
   <div class='ocr_carea' id='block_1_63' title="bbox 2035 949 3596 1024">
    <p class='ocr_par' dir='ltr' id='par_1_63' title="bbox 2035 949 3596 1024">
     <span class='ocr_line' id='line_1_63' title="bbox 2035 949 3596 1024; baseline 0.001 -19"><span class='ocrx_word' id='word_1_458' title='bbox 2035 951 2340 1024; x_wconf 77' lang='lat' dir='ltr'><strong>particeps,</strong></span> <span class='ocrx_word' id='word_1_459' title='bbox 2381 949 2722 1023; x_wconf 86' lang='lat' dir='ltr'><strong>splendidum</strong></span> <span class='ocrx_word' id='word_1_460' title='bbox 2775 965 3008 1022; x_wconf 91' lang='lat' dir='ltr'><strong>corpus,</strong></span> <span class='ocrx_word' id='word_1_461' title='bbox 3051 967 3228 1022; x_wconf 90' lang='lat' dir='ltr'><strong>neque</strong></span> <span class='ocrx_word' id='word_1_462' title='bbox 3287 951 3596 1009; x_wconf 90' lang='lat' dir='ltr'><strong>consistens</strong></span> 
     </span>
    </p>
   </div>
   <div class='ocr_carea' id='block_1_64' title="bbox 2034 1043 3598 1115">
    <p class='ocr_par' dir='ltr' id='par_1_64' title="bbox 2034 1043 3598 1115">
     <span class='ocr_line' id='line_1_64' title="bbox 2034 1043 3598 1115; baseline 0.001 -17"><span class='ocrx_word' id='word_1_463' title='bbox 2034 1059 2295 1115; x_wconf 85' lang='lat' dir='ltr'><strong>unquam,</strong></span> <span class='ocrx_word' id='word_1_464' title='bbox 2341 1045 2436 1100; x_wconf 92' lang='lat' dir='ltr'><strong>sed</strong></span> <span class='ocrx_word' id='word_1_465' title='bbox 2475 1045 2530 1098; x_wconf 91' lang='lat' dir='ltr'><strong>in</strong></span> <span class='ocrx_word' id='word_1_466' title='bbox 2569 1045 2759 1100; x_wconf 91' lang='lat' dir='ltr'><strong>orbem</strong></span> <span class='ocrx_word' id='word_1_467' title='bbox 2807 1059 2866 1100; x_wconf 88' lang='lat' dir='ltr'><strong>se</strong></span> <span class='ocrx_word' id='word_1_468' title='bbox 2910 1051 3172 1115; x_wconf 89' lang='lat' dir='ltr'><strong>perpetuo</strong></span> <span class='ocrx_word' id='word_1_469' title='bbox 3207 1059 3453 1100; x_wconf 84' lang='lat' dir='ltr'><strong>versans.</strong></span> <span class='ocrx_word' id='word_1_470' title='bbox 3504 1043 3598 1100; x_wconf 89' lang='lat' dir='ltr'><strong>Sic</strong></span> 
     </span>
    </p>
   </div>
   <div class='ocr_carea' id='block_1_65' title="bbox 2033 1135 3594 1194">
    <p class='ocr_par' dir='ltr' id='par_1_65' title="bbox 2033 1135 3594 1194">
     <span class='ocr_line' id='line_1_65' title="bbox 2033 1135 3594 1194; baseline 0.003 -4"><span class='ocrx_word' id='word_1_471' title='bbox 2033 1137 2199 1191; x_wconf 89' lang='lat' dir='ltr'><strong>etiam</strong></span> <span class='ocrx_word' id='word_1_472' title='bbox 2237 1135 2564 1193; x_wconf 90' lang='lat' dir='ltr'><strong>Posidonius</strong></span> <span class='ocrx_word' id='word_1_473' title='bbox 2607 1136 2825 1194; x_wconf 90' lang='lat' dir='ltr'><strong>Stoicus</strong></span> <span class='ocrx_word' id='word_1_474' title='bbox 2865 1144 2992 1193; x_wconf 85' lang='lat' dir='ltr'><strong>ante</strong></span> <span class='ocrx_word' id='word_1_475' title='bbox 3033 1137 3327 1194; x_wconf 91' lang='lat' dir='ltr'><strong>Diodorum</strong></span> <span class='ocrx_word' id='word_1_476' title='bbox 3366 1136 3594 1194; x_wconf 81' lang='lat' dir='ltr'><strong>detiniit.</strong></span> 
     </span>
    </p>
   </div>
   <div class='ocr_carea' id='block_1_66' title="bbox 2035 1226 3596 1299">
    <p class='ocr_par' dir='ltr' id='par_1_66' title="bbox 2035 1226 3596 1299">
     <span class='ocr_line' id='line_1_66' title="bbox 2035 1226 3596 1299; baseline 0.002 -19"><span class='ocrx_word' id='word_1_477' title='bbox 2035 1227 2190 1293; x_wconf 84' lang='lat' dir='ltr'><strong>Quod</strong></span> <span class='ocrx_word' id='word_1_478' title='bbox 2231 1236 2409 1282; x_wconf 90' lang='lat' dir='ltr'><strong>autem</strong></span> <span class='ocrx_word' id='word_1_479' title='bbox 2449 1227 2504 1281; x_wconf 88' lang='lat' dir='ltr'><strong>in</strong></span> <span class='ocrx_word' id='word_1_480' title='bbox 2545 1226 2857 1283; x_wconf 88' lang='lat' dir='ltr'><strong>deﬁnitione</strong></span> <span class='ocrx_word' id='word_1_481' title='bbox 2915 1227 3154 1297; x_wconf 86' lang='lat' dir='ltr'><strong>positum</strong></span> <span class='ocrx_word' id='word_1_482' title='bbox 3205 1237 3310 1292; x_wconf 88' lang='lat' dir='ltr'><strong>est,</strong></span> <span class='ocrx_word' id='word_1_483' title='bbox 3356 1246 3376 1281; x_wconf 74' lang='grc' dir='ltr'><strong>ι</strong></span> <span class='ocrx_word' id='word_1_484' title='bbox 3413 1243 3596 1299; x_wconf 90' lang='lat' dir='ltr'><strong>neque</strong></span> 
     </span>
    </p>
   </div>
   <div class='ocr_carea' id='block_1_67' title="bbox 2034 1317 3601 1389">
    <p class='ocr_par' dir='ltr' id='par_1_67' title="bbox 2034 1317 3601 1389">
     <span class='ocr_line' id='line_1_67' title="bbox 2034 1317 3601 1389; baseline 0.001 -18"><span class='ocrx_word' id='word_1_485' title='bbox 2034 1318 2343 1373; x_wconf 88' lang='lat' dir='ltr'><strong>consistens</strong></span> <span class='ocrx_word' id='word_1_486' title='bbox 2371 1333 2633 1389; x_wconf 81' lang='lat' dir='ltr'><strong>unquam,</strong></span> <span class='ocrx_word' id='word_1_487' title='bbox 2681 1337 2700 1369; x_wconf 83' lang='grc'><strong>›</strong></span> <span class='ocrx_word' id='word_1_488' title='bbox 2725 1317 2938 1372; x_wconf 84' lang='lat' dir='ltr'><strong>videtur</strong></span> <span class='ocrx_word' id='word_1_489' title='bbox 2968 1317 3036 1371; x_wconf 91' lang='lat' dir='ltr'><strong>ad</strong></span> <span class='ocrx_word' id='word_1_490' title='bbox 3074 1317 3220 1374; x_wconf 90' lang='lat' dir='ltr'><strong>solos</strong></span> <span class='ocrx_word' id='word_1_491' title='bbox 3243 1325 3488 1373; x_wconf 83' lang='lat' dir='ltr'><strong>errantes</strong></span> <span class='ocrx_word' id='word_1_492' title='bbox 3512 1333 3601 1373; x_wconf 87' lang='lat' dir='ltr'><strong>re—</strong></span> 
     </span>
    </p>
   </div>
   <div class='ocr_carea' id='block_1_68' title="bbox 2037 1409 3600 1482">
    <p class='ocr_par' dir='ltr' id='par_1_68' title="bbox 2037 1409 3600 1482">
     <span class='ocr_line' id='line_1_68' title="bbox 2037 1409 3600 1482; baseline 0.001 -18"><span class='ocrx_word' id='word_1_493' title='bbox 2037 1410 2186 1467; x_wconf 80' lang='lat' dir='ltr'><strong>ferri.</strong></span> <span class='ocrx_word' id='word_1_494' title='bbox 2223 1409 2420 1466; x_wconf 88' lang='lat' dir='ltr'><strong>Verum</strong></span> <span class='ocrx_word' id='word_1_495' title='bbox 2468 1411 2536 1467; x_wconf 92' lang='lat' dir='ltr'><strong>de</strong></span> <span class='ocrx_word' id='word_1_496' title='bbox 2587 1411 2710 1466; x_wconf 81' lang='lat' dir='ltr'><strong>ﬁxis</strong></span> <span class='ocrx_word' id='word_1_497' title='bbox 2743 1425 2959 1482; x_wconf 86' lang='lat' dir='ltr'><strong>quoque</strong></span> <span class='ocrx_word' id='word_1_498' title='bbox 2996 1411 3168 1466; x_wconf 80' lang='lat' dir='ltr'><strong>stellis</strong></span> <span class='ocrx_word' id='word_1_499' title='bbox 3205 1411 3396 1466; x_wconf 88' lang='lat' dir='ltr'><strong>eodem</strong></span> <span class='ocrx_word' id='word_1_500' title='bbox 3434 1426 3600 1467; x_wconf 89' lang='lat' dir='ltr'><strong>sensu</strong></span> 
     </span>
    </p>
   </div>
   <div class='ocr_carea' id='block_1_69' title="bbox 2038 1494 3599 1575">
    <p class='ocr_par' dir='ltr' id='par_1_69' title="bbox 2038 1494 3599 1575">
     <span class='ocr_line' id='line_1_69' title="bbox 2038 1494 3599 1575; baseline -0.001 -16"><span class='ocrx_word' id='word_1_501' title='bbox 2038 1503 2202 1559; x_wconf 85' lang='lat' dir='ltr'><strong>debet</strong></span> <span class='ocrx_word' id='word_1_502' title='bbox 2237 1494 2667 1575; x_wconf 60' lang='lat' dir='ltr'><strong>accipi,&#39;contra</strong></span> <span class='ocrx_word' id='word_1_503' title='bbox 2712 1518 2875 1574; x_wconf 91' lang='lat' dir='ltr'><strong>quam</strong></span> <span class='ocrx_word' id='word_1_504' title='bbox 2924 1501 3002 1557; x_wconf 84' lang='lat' dir='ltr'><strong>illi</strong></span> <span class='ocrx_word' id='word_1_505' title='bbox 3057 1501 3290 1559; x_wconf 84' lang='lat' dir='ltr'><strong>fortasse</strong></span> <span class='ocrx_word' id='word_1_506' title='bbox 3331 1501 3599 1572; x_wconf 74' lang='lat' dir='ltr'><strong>iudicant,</strong></span> 
     </span>
    </p>
   </div>
   <div class='ocr_carea' id='block_1_70' title="bbox 2038 1595 3602 1670">
    <p class='ocr_par' dir='ltr' id='par_1_70' title="bbox 2038 1595 3602 1670">
     <span class='ocr_line' id='line_1_70' title="bbox 2038 1595 3602 1670; baseline -0.003 -15"><span class='ocrx_word' id='word_1_507' title='bbox 2038 1599 2131 1670; x_wconf 91' lang='lat' dir='ltr'><strong>qui</strong></span> <span class='ocrx_word' id='word_1_508' title='bbox 2160 1599 2366 1656; x_wconf 91' lang='lat' dir='ltr'><strong>dictum</strong></span> <span class='ocrx_word' id='word_1_509' title='bbox 2423 1597 2556 1653; x_wconf 92' lang='lat' dir='ltr'><strong>illud</strong></span> <span class='ocrx_word' id='word_1_510' title='bbox 2607 1605 2809 1652; x_wconf 90' lang='lat' dir='ltr'><strong>temere</strong></span> <span class='ocrx_word' id='word_1_511' title='bbox 2856 1595 3276 1667; x_wconf 88' lang='lat' dir='ltr'><strong>reprehendunt.</strong></span> <span class='ocrx_word' id='word_1_512' title='bbox 3321 1595 3602 1667; x_wconf 88' lang='lat' dir='ltr'><strong>Siquidem</strong></span> 
     </span>
    </p>
   </div>
   <div class='ocr_carea' id='block_1_71' title="bbox 2042 1688 3600 1760">
    <p class='ocr_par' dir='ltr' id='par_1_71' title="bbox 2042 1688 3600 1760">
     <span class='ocr_line' id='line_1_71' title="bbox 2042 1688 3600 1760; baseline -0.003 -14"><span class='ocrx_word' id='word_1_513' title='bbox 2042 1693 2348 1748; x_wconf 87' lang='lat' dir='ltr'><strong>inerrantes</strong></span> <span class='ocrx_word' id='word_1_514' title='bbox 2373 1690 2544 1748; x_wconf 66' lang='lat' dir='ltr'><strong>stella:</strong></span> <span class='ocrx_word' id='word_1_515' title='bbox 2563 1703 2846 1760; x_wconf 89' lang='lat' dir='ltr'><strong>nunquam</strong></span> <span class='ocrx_word' id='word_1_516' title='bbox 2875 1688 3099 1744; x_wconf 91' lang='lat' dir='ltr'><strong>omnino</strong></span> <span class='ocrx_word' id='word_1_517' title='bbox 3121 1689 3445 1759; x_wconf 89' lang='lat' dir='ltr'><strong>quiescunt;</strong></span> <span class='ocrx_word' id='word_1_518' title='bbox 3475 1703 3600 1744; x_wconf 90' lang='lat' dir='ltr'><strong>cum</strong></span> 
     </span>
    </p>
   </div>
   <div class='ocr_carea' id='block_1_72' title="bbox 2042 1779 3604 1853">
    <p class='ocr_par' dir='ltr' id='par_1_72' title="bbox 2042 1779 3604 1853">
     <span class='ocr_line' id='line_1_72' title="bbox 2042 1779 3604 1853; baseline -0.003 -15"><span class='ocrx_word' id='word_1_519' title='bbox 2042 1783 2260 1840; x_wconf 89' lang='lat' dir='ltr'><strong>assidua</strong></span> <span class='ocrx_word' id='word_1_520' title='bbox 2286 1782 2473 1838; x_wconf 92' lang='lat' dir='ltr'><strong>mundi</strong></span> <span class='ocrx_word' id='word_1_521' title='bbox 2499 1781 2794 1853; x_wconf 76' lang='lat' dir='ltr'><strong>agitatione</strong></span> <span class='ocrx_word' id='word_1_522' title='bbox 2818 1781 3132 1850; x_wconf 83' lang='lat' dir='ltr'><strong>rapiantur,</strong></span> <span class='ocrx_word' id='word_1_523' title='bbox 3157 1779 3262 1835; x_wconf 92' lang='lat' dir='ltr'><strong>etsi</strong></span> <span class='ocrx_word' id='word_1_524' title='bbox 3296 1780 3352 1833; x_wconf 95' lang='lat' dir='ltr'><strong>in</strong></span> <span class='ocrx_word' id='word_1_525' title='bbox 3389 1793 3454 1835; x_wconf 88' lang='lat' dir='ltr'><strong>eo</strong></span> <span class='ocrx_word' id='word_1_526' title='bbox 3482 1794 3604 1851; x_wconf 88' lang='lat' dir='ltr'><strong>per-</strong></span> 
     </span>
    </p>
   </div>
   <div class='ocr_carea' id='block_1_73' title="bbox 2041 1870 3605 1930">
    <p class='ocr_par' dir='ltr' id='par_1_73' title="bbox 2041 1870 3605 1930">
     <span class='ocr_line' id='line_1_73' title="bbox 2041 1870 3605 1930; baseline -0.002 -1"><span class='ocrx_word' id='word_1_527' title='bbox 2041 1884 2315 1930; x_wconf 87' lang='lat' dir='ltr'><strong>maneant.</strong></span> <span class='ocrx_word' id='word_1_528' title='bbox 2369 1872 2580 1930; x_wconf 87' lang='lat' dir='ltr'><strong>Etenim</strong></span> <span class='ocrx_word' id='word_1_529' title='bbox 2631 1872 2911 1928; x_wconf 89' lang='lat' dir='ltr'><strong>stellarum</strong></span> <span class='ocrx_word' id='word_1_530' title='bbox 2961 1872 3079 1927; x_wconf 65' lang='lat' dir='ltr'><strong>alia:</strong></span> <span class='ocrx_word' id='word_1_531' title='bbox 3131 1871 3188 1926; x_wconf 85' lang='lat' dir='ltr'><strong>in</strong></span> <span class='ocrx_word' id='word_1_532' title='bbox 3233 1870 3372 1927; x_wconf 73' lang='lat' dir='ltr'><strong>cmlo</strong></span> <span class='ocrx_word' id='word_1_533' title='bbox 3417 1871 3605 1926; x_wconf 74' lang='lat' dir='ltr'><strong>deﬁxa:</strong></span> 
     </span>
    </p>
   </div>
   <div class='ocr_carea' id='block_1_74' title="bbox 2041 1965 3605 2033">
    <p class='ocr_par' dir='ltr' id='par_1_74' title="bbox 2041 1965 3605 2033">
     <span class='ocr_line' id='line_1_74' title="bbox 2041 1965 3605 2033; baseline -0.002 -11"><span class='ocrx_word' id='word_1_534' title='bbox 2041 1969 2345 2024; x_wconf 88' lang='lat' dir='ltr'><strong>inerrantes</strong></span> <span class='ocrx_word' id='word_1_535' title='bbox 2383 1974 2648 2023; x_wconf 83' lang='lat' dir='ltr'><strong>vocantur</strong></span> <span class='ocrx_word' id='word_1_536' title='bbox 2667 2007 2683 2033; x_wconf 91' lang='lat'><strong>,</strong></span> <span class='ocrx_word' id='word_1_537' title='bbox 2707 1967 2826 2022; x_wconf 66' lang='lat' dir='ltr'><strong>aliae</strong></span> <span class='ocrx_word' id='word_1_538' title='bbox 2871 1981 2902 2021; x_wconf 93' lang='lat' dir='ltr'><strong>e</strong></span> <span class='ocrx_word' id='word_1_539' title='bbox 2930 1965 3206 2021; x_wconf 89' lang='lat' dir='ltr'><strong>contrario</strong></span> <span class='ocrx_word' id='word_1_540' title='bbox 3240 1971 3520 2022; x_wconf 82' lang='lat' dir='ltr'><strong>moventes</strong></span> <span class='ocrx_word' id='word_1_541' title='bbox 3546 1980 3605 2020; x_wconf 89' lang='lat' dir='ltr'><strong>se</strong></span> 
     </span>
    </p>
   </div>
   <div class='ocr_carea' id='block_1_75' title="bbox 2042 2055 3605 2132">
    <p class='ocr_par' dir='ltr' id='par_1_75' title="bbox 2042 2055 3605 2132">
     <span class='ocr_line' id='line_1_75' title="bbox 2042 2055 3605 2132; baseline -0.004 -18"><span class='ocrx_word' id='word_1_542' title='bbox 2042 2061 2272 2132; x_wconf 87' lang='lat' dir='ltr'><strong>planetae</strong></span> <span class='ocrx_word' id='word_1_543' title='bbox 2301 2061 2676 2116; x_wconf 90' lang='lat' dir='ltr'><strong>nominantur.</strong></span> <span class='ocrx_word' id='word_1_544' title='bbox 2713 2059 2779 2114; x_wconf 87' lang='lat' dir='ltr'><strong>Hi</strong></span> <span class='ocrx_word' id='word_1_545' title='bbox 2808 2067 2936 2116; x_wconf 90' lang='lat' dir='ltr'><strong>sunt</strong></span> <span class='ocrx_word' id='word_1_546' title='bbox 2965 2072 3194 2114; x_wconf 90' lang='lat' dir='ltr'><strong>numero</strong></span> <span class='ocrx_word' id='word_1_547' title='bbox 3233 2064 3462 2128; x_wconf 87' lang='lat' dir='ltr'><strong>septem,</strong></span> <span class='ocrx_word' id='word_1_548' title='bbox 3510 2055 3605 2126; x_wconf 90' lang='lat' dir='ltr'><strong>qui</strong></span> 
     </span>
    </p>
   </div>
   <div class='ocr_carea' id='block_1_76' title="bbox 2043 2147 3606 2222">
    <p class='ocr_par' dir='ltr' id='par_1_76' title="bbox 2043 2147 3606 2222">
     <span class='ocr_line' id='line_1_76' title="bbox 2043 2147 3606 2222; baseline -0.005 -14"><span class='ocrx_word' id='word_1_549' title='bbox 2043 2152 2185 2208; x_wconf 81' lang='lat' dir='ltr'><strong>infra</strong></span> <span class='ocrx_word' id='word_1_550' title='bbox 2232 2153 2454 2217; x_wconf 72' lang='lat' dir='ltr'><strong>coelum,</strong></span> <span class='ocrx_word' id='word_1_551' title='bbox 2487 2159 2650 2222; x_wconf 87' lang='lat' dir='ltr'><strong>atque</strong></span> <span class='ocrx_word' id='word_1_552' title='bbox 2675 2151 2875 2206; x_wconf 64' lang='lat' dir='ltr'><strong>mulera</strong></span> <span class='ocrx_word' id='word_1_553' title='bbox 2911 2149 3228 2206; x_wconf 88' lang='lat' dir='ltr'><strong>circumacti</strong></span> <span class='ocrx_word' id='word_1_554' title='bbox 3272 2147 3606 2204; x_wconf 82' lang='lat' dir='ltr'><strong>contrarium</strong></span> 
     </span>
    </p>
   </div>
   <div class='ocr_carea' id='block_1_77' title="bbox 2043 2238 3608 2311">
    <p class='ocr_par' dir='ltr' id='par_1_77' title="bbox 2043 2238 3608 2311">
     <span class='ocr_line' id='line_1_77' title="bbox 2043 2238 3608 2311; baseline -0.004 -10"><span class='ocrx_word' id='word_1_555' title='bbox 2043 2244 2230 2301; x_wconf 89' lang='lat' dir='ltr'><strong>mundi</strong></span> <span class='ocrx_word' id='word_1_556' title='bbox 2259 2243 2739 2299; x_wconf 85' lang='lat' dir='ltr'><strong>circumvolutioni</strong></span> <span class='ocrx_word' id='word_1_557' title='bbox 2784 2243 2888 2297; x_wconf 91' lang='lat' dir='ltr'><strong>iter</strong></span> <span class='ocrx_word' id='word_1_558' title='bbox 2915 2241 3218 2297; x_wconf 87' lang='lat' dir='ltr'><strong>insistunt:</strong></span> <span class='ocrx_word' id='word_1_559' title='bbox 3256 2238 3608 2311; x_wconf 90' lang='lat' dir='ltr'><strong>quemadmo-</strong></span> 
     </span>
    </p>
   </div>
   <div class='ocr_carea' id='block_1_78' title="bbox 2045 2333 3602 2405">
    <p class='ocr_par' dir='ltr' id='par_1_78' title="bbox 2045 2333 3602 2405">
     <span class='ocr_line' id='line_1_78' title="bbox 2045 2333 3602 2405; baseline -0.005 -15"><span class='ocrx_word' id='word_1_560' title='bbox 2045 2335 2172 2390; x_wconf 91' lang='lat' dir='ltr'><strong>dum</strong></span> <span class='ocrx_word' id='word_1_561' title='bbox 2187 2335 2234 2390; x_wconf 91' lang='lat' dir='ltr'><strong>si</strong></span> <span class='ocrx_word' id='word_1_562' title='bbox 2249 2335 2374 2389; x_wconf 84' lang='lat' dir='ltr'><strong>navi</strong></span> <span class='ocrx_word' id='word_1_563' title='bbox 2395 2335 2461 2390; x_wconf 91' lang='lat' dir='ltr'><strong>ad</strong></span> <span class='ocrx_word' id='word_1_564' title='bbox 2491 2333 2797 2405; x_wconf 91' lang='lat' dir='ltr'><strong>aquilonem</strong></span> <span class='ocrx_word' id='word_1_565' title='bbox 2814 2333 3000 2396; x_wconf 91' lang='lat' dir='ltr'><strong>citata,</strong></span> <span class='ocrx_word' id='word_1_566' title='bbox 3015 2338 3201 2386; x_wconf 76' lang='lat' dir='ltr'><strong>vector</strong></span> <span class='ocrx_word' id='word_1_567' title='bbox 3217 2337 3462 2385; x_wconf 81' lang='lat' dir='ltr'><strong>austrum</strong></span> <span class='ocrx_word' id='word_1_568' title='bbox 3477 2343 3602 2384; x_wconf 84' lang='lat' dir='ltr'><strong>ver-</strong></span> 
     </span>
    </p>
   </div>
   <div class='ocr_carea' id='block_1_79' title="bbox 2047 2420 3610 2490">
    <p class='ocr_par' dir='ltr' id='par_1_79' title="bbox 2047 2420 3610 2490">
     <span class='ocr_line' id='line_1_79' title="bbox 2047 2420 3610 2490; baseline -0.007 -6"><span class='ocrx_word' id='word_1_569' title='bbox 2047 2443 2140 2484; x_wconf 89' lang='lat' dir='ltr'><strong>sus</strong></span> <span class='ocrx_word' id='word_1_570' title='bbox 2169 2427 2222 2480; x_wconf 91' lang='lat' dir='ltr'><strong>in</strong></span> <span class='ocrx_word' id='word_1_571' title='bbox 2256 2427 2446 2482; x_wconf 89' lang='lat' dir='ltr'><strong>eadem</strong></span> <span class='ocrx_word' id='word_1_572' title='bbox 2479 2441 2601 2482; x_wconf 89' lang='lat' dir='ltr'><strong>sese</strong></span> <span class='ocrx_word' id='word_1_573' title='bbox 2639 2433 2872 2480; x_wconf 85' lang='lat' dir='ltr'><strong>moveat.</strong></span> <span class='ocrx_word' id='word_1_574' title='bbox 2906 2420 3117 2478; x_wconf 83' lang='lat' dir='ltr'><strong>Habent</strong></span> <span class='ocrx_word' id='word_1_575' title='bbox 3155 2428 3335 2476; x_wconf 91' lang='lat' dir='ltr'><strong>autem</strong></span> <span class='ocrx_word' id='word_1_576' title='bbox 3380 2420 3610 2490; x_wconf 69' lang='lat' dir='ltr'><strong>planetae</strong></span> 
     </span>
    </p>
   </div>
   <div class='ocr_carea' id='block_1_80' title="bbox 2047 2513 3610 2589">
    <p class='ocr_par' dir='ltr' id='par_1_80' title="bbox 2047 2513 3610 2589">
     <span class='ocr_line' id='line_1_80' title="bbox 2047 2513 3610 2589; baseline -0.005 -15"><span class='ocrx_word' id='word_1_577' title='bbox 2047 2529 2226 2575; x_wconf 92' lang='lat' dir='ltr'><strong>motus</strong></span> <span class='ocrx_word' id='word_1_578' title='bbox 2257 2518 2522 2589; x_wconf 89' lang='lat' dir='ltr'><strong>duplices.</strong></span> <span class='ocrx_word' id='word_1_579' title='bbox 2557 2516 2891 2572; x_wconf 90' lang='lat' dir='ltr'><strong>mundanum</strong></span> <span class='ocrx_word' id='word_1_580' title='bbox 2918 2524 2974 2573; x_wconf 91' lang='lat' dir='ltr'><strong>et</strong></span> <span class='ocrx_word' id='word_1_581' title='bbox 2998 2516 3298 2587; x_wconf 87' lang='lat' dir='ltr'><strong>proprium.</strong></span> <span class='ocrx_word' id='word_1_582' title='bbox 3327 2513 3452 2569; x_wconf 87' lang='lat' dir='ltr'><strong>ldeo</strong></span> <span class='ocrx_word' id='word_1_583' title='bbox 3483 2527 3610 2568; x_wconf 93' lang='lat' dir='ltr'><strong>cum</strong></span> 
     </span>
    </p>
   </div>
   <div class='ocr_carea' id='block_1_81' title="bbox 2048 2607 3612 2680">
    <p class='ocr_par' dir='ltr' id='par_1_81' title="bbox 2048 2607 3612 2680">
     <span class='ocr_line' id='line_1_81' title="bbox 2048 2607 3612 2680; baseline -0.005 -13"><span class='ocrx_word' id='word_1_584' title='bbox 2048 2614 2170 2667; x_wconf 81' lang='lat' dir='ltr'><strong>lixis</strong></span> <span class='ocrx_word' id='word_1_585' title='bbox 2193 2618 2519 2680; x_wconf 67' lang='lat' dir='ltr'><strong>comparata:</strong></span> <span class='ocrx_word' id='word_1_586' title='bbox 2549 2609 2718 2664; x_wconf 83' lang='lat' dir='ltr'><strong>stellae</strong></span> <span class='ocrx_word' id='word_1_587' title='bbox 2747 2609 2866 2662; x_wconf 83' lang='lat' dir='ltr'><strong>istae</strong></span> <span class='ocrx_word' id='word_1_588' title='bbox 2893 2607 3152 2678; x_wconf 84' lang='lat' dir='ltr'><strong>planetae,</strong></span> <span class='ocrx_word' id='word_1_589' title='bbox 3185 2607 3288 2661; x_wconf 88' lang='lat' dir='ltr'><strong>hoc</strong></span> <span class='ocrx_word' id='word_1_590' title='bbox 3315 2613 3400 2661; x_wconf 89' lang='lat' dir='ltr'><strong>est</strong></span> <span class='ocrx_word' id='word_1_591' title='bbox 3423 2619 3612 2661; x_wconf 89' lang='lat' dir='ltr'><strong>erran-</strong></span> 
     </span>
    </p>
   </div>
   <div class='ocr_carea' id='block_1_82' title="bbox 2048 2694 3610 2772">
    <p class='ocr_par' dir='ltr' id='par_1_82' title="bbox 2048 2694 3610 2772">
     <span class='ocr_line' id='line_1_82' title="bbox 2048 2694 3610 2772; baseline -0.007 -13"><span class='ocrx_word' id='word_1_592' title='bbox 2048 2713 2130 2759; x_wconf 90' lang='lat' dir='ltr'><strong>tes</strong></span> <span class='ocrx_word' id='word_1_593' title='bbox 2160 2702 2438 2772; x_wconf 68' lang='lat' dir='ltr'><strong>appellatte</strong></span> <span class='ocrx_word' id='word_1_594' title='bbox 2465 2707 2626 2765; x_wconf 90' lang='lat' dir='ltr'><strong>sunt;</strong></span> <span class='ocrx_word' id='word_1_595' title='bbox 2653 2697 2738 2753; x_wconf 87' lang='lat' dir='ltr'><strong>vel</strong></span> <span class='ocrx_word' id='word_1_596' title='bbox 2769 2697 2913 2766; x_wconf 88' lang='lat' dir='ltr'><strong>quod</strong></span> <span class='ocrx_word' id='word_1_597' title='bbox 2939 2709 3182 2752; x_wconf 82' lang='lat' dir='ltr'><strong>errorem</strong></span> <span class='ocrx_word' id='word_1_598' title='bbox 3198 2695 3374 2751; x_wconf 90' lang='lat' dir='ltr'><strong>oculis</strong></span> <span class='ocrx_word' id='word_1_599' title='bbox 3405 2694 3610 2750; x_wconf 84' lang='lat' dir='ltr'><strong>nostris</strong></span> 
     </span>
    </p>
   </div>
   <div class='ocr_carea' id='block_1_83' title="bbox 2048 2786 3615 2864">
    <p class='ocr_par' dir='ltr' id='par_1_83' title="bbox 2048 2786 3615 2864">
     <span class='ocr_line' id='line_1_83' title="bbox 2048 2786 3615 2864; baseline -0.008 -15"><span class='ocrx_word' id='word_1_600' title='bbox 2048 2793 2331 2864; x_wconf 89' lang='lat' dir='ltr'><strong>objiciunt.</strong></span> <span class='ocrx_word' id='word_1_601' title='bbox 2366 2789 2502 2845; x_wconf 77' lang='lat' dir='ltr'><strong>Nam</strong></span> <span class='ocrx_word' id='word_1_602' title='bbox 2529 2798 2582 2846; x_wconf 91' lang='lat' dir='ltr'><strong>et</strong></span> <span class='ocrx_word' id='word_1_603' title='bbox 2603 2789 2836 2860; x_wconf 84' lang='lat' dir='ltr'><strong>obliquae</strong></span> <span class='ocrx_word' id='word_1_604' title='bbox 2863 2786 3113 2842; x_wconf 77' lang='lat' dir='ltr'><strong>feruntur</strong></span> <span class='ocrx_word' id='word_1_605' title='bbox 3133 2825 3149 2851; x_wconf 91' lang='lat'><strong>,</strong></span> <span class='ocrx_word' id='word_1_606' title='bbox 3175 2795 3230 2843; x_wconf 87' lang='lat' dir='ltr'><strong>et</strong></span> <span class='ocrx_word' id='word_1_607' title='bbox 3262 2791 3408 2840; x_wconf 91' lang='lat' dir='ltr'><strong>retro</strong></span> <span class='ocrx_word' id='word_1_608' title='bbox 3439 2799 3615 2854; x_wconf 85' lang='lat' dir='ltr'><strong>agun-</strong></span> 
     </span>
    </p>
   </div>
   <div class='ocr_carea' id='block_1_84' title="bbox 2052 2877 3612 2952">
    <p class='ocr_par' dir='ltr' id='par_1_84' title="bbox 2052 2877 3612 2952">
     <span class='ocr_line' id='line_1_84' title="bbox 2052 2877 3612 2952; baseline -0.005 -12"><span class='ocrx_word' id='word_1_609' title='bbox 2052 2895 2140 2942; x_wconf 90' lang='lat' dir='ltr'><strong>tur</strong></span> <span class='ocrx_word' id='word_1_610' title='bbox 2162 2883 2457 2941; x_wconf 84' lang='lat' dir='ltr'><strong>iuterdum.</strong></span> <span class='ocrx_word' id='word_1_611' title='bbox 2487 2883 2638 2938; x_wconf 83' lang='lat' dir='ltr'><strong>Alias</strong></span> <span class='ocrx_word' id='word_1_612' title='bbox 2676 2880 3098 2952; x_wconf 84' lang='lat' dir='ltr'><strong>progrediuntur</strong></span> <span class='ocrx_word' id='word_1_613' title='bbox 3134 2879 3382 2934; x_wconf 91' lang='lat' dir='ltr'><strong>ulterius.</strong></span> <span class='ocrx_word' id='word_1_614' title='bbox 3414 2877 3512 2932; x_wconf 80' lang='lat' dir='ltr'><strong>Vel</strong></span> <span class='ocrx_word' id='word_1_615' title='bbox 3542 2890 3612 2932; x_wconf 69' lang='lat' dir='ltr'><strong>ao</strong></span> 
     </span>
    </p>
   </div>
   <div class='ocr_carea' id='block_1_85' title="bbox 2051 2968 3615 3047">
    <p class='ocr_par' dir='ltr' id='par_1_85' title="bbox 2051 2968 3615 3047">
     <span class='ocr_line' id='line_1_85' title="bbox 2051 2968 3615 3047; baseline -0.006 -15"><span class='ocrx_word' id='word_1_616' title='bbox 2051 2991 2116 3032; x_wconf 92' lang='lat' dir='ltr'><strong>eo</strong></span> <span class='ocrx_word' id='word_1_617' title='bbox 2137 2975 2282 3047; x_wconf 91' lang='lat' dir='ltr'><strong>quod</strong></span> <span class='ocrx_word' id='word_1_618' title='bbox 2319 2982 2503 3030; x_wconf 87' lang='lat' dir='ltr'><strong>errent</strong></span> <span class='ocrx_word' id='word_1_619' title='bbox 2547 2974 2699 3044; x_wconf 68' lang='lat' dir='ltr'><strong>ipsae,</strong></span> <span class='ocrx_word' id='word_1_620' title='bbox 2743 2987 2845 3028; x_wconf 90' lang='lat' dir='ltr'><strong>nec</strong></span> <span class='ocrx_word' id='word_1_621' title='bbox 2879 2971 3132 3028; x_wconf 90' lang='lat' dir='ltr'><strong>eumdem</strong></span> <span class='ocrx_word' id='word_1_622' title='bbox 3173 2985 3294 3026; x_wconf 91' lang='lat' dir='ltr'><strong>cum</strong></span> <span class='ocrx_word' id='word_1_623' title='bbox 3337 2968 3462 3024; x_wconf 80' lang='lat' dir='ltr'><strong>lixis</strong></span> <span class='ocrx_word' id='word_1_624' title='bbox 3485 2983 3615 3025; x_wconf 82' lang='lat' dir='ltr'><strong>cur-</strong></span> 
     </span>
    </p>
   </div>
   <div class='ocr_carea' id='block_1_86' title="bbox 2053 3061 3613 3133">
    <p class='ocr_par' dir='ltr' id='par_1_86' title="bbox 2053 3061 3613 3133">
     <span class='ocr_line' id='line_1_86' title="bbox 2053 3061 3613 3133; baseline -0.003 -9"><span class='ocrx_word' id='word_1_625' title='bbox 2053 3081 2175 3124; x_wconf 90' lang='lat' dir='ltr'><strong>sum</strong></span> <span class='ocrx_word' id='word_1_626' title='bbox 2203 3071 2444 3122; x_wconf 89' lang='lat' dir='ltr'><strong>teneant.</strong></span> <span class='ocrx_word' id='word_1_627' title='bbox 2467 3064 2605 3120; x_wconf 80' lang='lat' dir='ltr'><strong>llinc</strong></span> <span class='ocrx_word' id='word_1_628' title='bbox 2621 3063 2823 3120; x_wconf 85' lang='lat' dir='ltr'><strong>Aratus</strong></span> <span class='ocrx_word' id='word_1_629' title='bbox 2855 3062 2958 3120; x_wconf 89' lang='lat' dir='ltr'><strong>iter</strong></span> <span class='ocrx_word' id='word_1_630' title='bbox 2977 3062 3131 3128; x_wconf 90' lang='lat' dir='ltr'><strong>solis,</strong></span> <span class='ocrx_word' id='word_1_631' title='bbox 3163 3077 3256 3133; x_wconf 90' lang='lat' dir='ltr'><strong>per</strong></span> <span class='ocrx_word' id='word_1_632' title='bbox 3275 3061 3420 3132; x_wconf 87' lang='lat' dir='ltr'><strong>quod</strong></span> <span class='ocrx_word' id='word_1_633' title='bbox 3446 3070 3613 3127; x_wconf 81' lang='lat' dir='ltr'><strong>meat,</strong></span> 
     </span>
    </p>
   </div>
   <div class='ocr_carea' id='block_1_87' title="bbox 1977 3154 3072 3236">
    <p class='ocr_par' dir='ltr' id='par_1_87' title="bbox 1977 3154 3072 3236">
     <span class='ocr_line' id='line_1_87' title="bbox 1977 3154 3072 3236; baseline -0.005 -22"><span class='ocrx_word' id='word_1_634' title='bbox 1977 3178 2019 3236; x_wconf 67' lang='grc' dir='ltr'><strong>(ς</strong></span> <span class='ocrx_word' id='word_1_635' title='bbox 2051 3172 2292 3214; x_wconf 88' lang='lat' dir='ltr'><strong>errorem</strong></span> <span class='ocrx_word' id='word_1_636' title='bbox 2329 3163 2382 3212; x_wconf 91' lang='lat' dir='ltr'><strong>et</strong></span> <span class='ocrx_word' id='word_1_637' title='bbox 2410 3155 2753 3227; x_wconf 86' lang='lat' dir='ltr'><strong>vagationem</strong></span> <span class='ocrx_word' id='word_1_638' title='bbox 2779 3154 3027 3208; x_wconf 91' lang='lat' dir='ltr'><strong>nominat</strong></span> <span class='ocrx_word' id='word_1_639' title='bbox 3058 3171 3072 3208; x_wconf 88' lang='lat'><strong>:</strong></span> 
     </span>
    </p>
   </div>
   <div class='ocr_carea' id='block_1_88' title="bbox 2245 3266 3228 3338">
    <p class='ocr_par' dir='ltr' id='par_1_88' title="bbox 2245 3266 3228 3338">
     <span class='ocr_line' id='line_1_88' title="bbox 2245 3266 3228 3338; baseline -0.005 -15"><span class='ocrx_word' id='word_1_640' title='bbox 2245 3268 2350 3323; x_wconf 80' lang='lat' dir='ltr'><strong>Per</strong></span> <span class='ocrx_word' id='word_1_641' title='bbox 2380 3267 2590 3322; x_wconf 85' lang='lat' dir='ltr'><strong>boream</strong></span> <span class='ocrx_word' id='word_1_642' title='bbox 2622 3274 2672 3320; x_wconf 80' lang='lat' dir='ltr'><strong>et</strong></span> <span class='ocrx_word' id='word_1_643' title='bbox 2697 3266 2824 3321; x_wconf 77' lang='lat' dir='ltr'><strong>solis</strong></span> <span class='ocrx_word' id='word_1_644' title='bbox 2851 3266 3228 3338; x_wconf 76' lang='lat' dir='ltr'><strong>evagationem.</strong></span> 
     </span>
    </p>
   </div>
   <div class='ocr_carea' id='block_1_89' title="bbox 2058 3356 3613 3431">
    <p class='ocr_par' dir='ltr' id='par_1_89' title="bbox 2058 3356 3613 3431">
     <span class='ocr_line' id='line_1_89' title="bbox 2058 3356 3613 3431; baseline -0.002 -18"><span class='ocrx_word' id='word_1_645' title='bbox 2058 3362 2124 3414; x_wconf 80' lang='lat' dir='ltr'><strong>At</strong></span> <span class='ocrx_word' id='word_1_646' title='bbox 2171 3357 2494 3431; x_wconf 80' lang='lat' dir='ltr'><strong>Pythagorei</strong></span> <span class='ocrx_word' id='word_1_647' title='bbox 2540 3372 2650 3411; x_wconf 89' lang='lat' dir='ltr'><strong>non</strong></span> <span class='ocrx_word' id='word_1_648' title='bbox 2707 3356 2882 3412; x_wconf 92' lang='lat' dir='ltr'><strong>solum</strong></span> <span class='ocrx_word' id='word_1_649' title='bbox 2941 3357 3174 3427; x_wconf 87' lang='lat' dir='ltr'><strong>planetis</strong></span> <span class='ocrx_word' id='word_1_650' title='bbox 3226 3363 3430 3410; x_wconf 89' lang='lat' dir='ltr'><strong>motum</strong></span> <span class='ocrx_word' id='word_1_651' title='bbox 3484 3371 3613 3426; x_wconf 86' lang='lat' dir='ltr'><strong>pro-</strong></span> 
     </span>
    </p>
   </div>
   <div class='ocr_carea' id='block_1_90' title="bbox 2058 3447 3614 3523">
    <p class='ocr_par' dir='ltr' id='par_1_90' title="bbox 2058 3447 3614 3523">
     <span class='ocr_line' id='line_1_90' title="bbox 2058 3447 3614 3523; baseline -0.003 -17"><span class='ocrx_word' id='word_1_652' title='bbox 2058 3453 2237 3523; x_wconf 90' lang='lat' dir='ltr'><strong>prium</strong></span> <span class='ocrx_word' id='word_1_653' title='bbox 2270 3450 2571 3514; x_wconf 89' lang='lat' dir='ltr'><strong>ascribunt,</strong></span> <span class='ocrx_word' id='word_1_654' title='bbox 2607 3448 2702 3504; x_wconf 89' lang='lat' dir='ltr'><strong>sed</strong></span> <span class='ocrx_word' id='word_1_655' title='bbox 2742 3448 2907 3504; x_wconf 90' lang='lat' dir='ltr'><strong>etiam</strong></span> <span class='ocrx_word' id='word_1_656' title='bbox 2937 3449 3326 3505; x_wconf 89' lang='lat' dir='ltr'><strong>inerrantibus.</strong></span> <span class='ocrx_word' id='word_1_657' title='bbox 3361 3447 3506 3515; x_wconf 88' lang='lat' dir='ltr'><strong>Quas</strong></span> <span class='ocrx_word' id='word_1_658' title='bbox 3541 3449 3614 3504; x_wconf 89' lang='lat' dir='ltr'><strong>ita</strong></span> 
     </span>
    </p>
   </div>
   <div class='ocr_carea' id='block_1_91' title="bbox 2057 3540 3619 3612">
    <p class='ocr_par' dir='ltr' id='par_1_91' title="bbox 2057 3540 3619 3612">
     <span class='ocr_line' id='line_1_91' title="bbox 2057 3540 3619 3612; baseline -0.002 -13"><span class='ocrx_word' id='word_1_659' title='bbox 2057 3543 2191 3599; x_wconf 89' lang='lat' dir='ltr'><strong>cieri</strong></span> <span class='ocrx_word' id='word_1_660' title='bbox 2231 3542 2450 3608; x_wconf 84' lang='lat' dir='ltr'><strong>volunt,</strong></span> <span class='ocrx_word' id='word_1_661' title='bbox 2475 3549 2528 3596; x_wconf 92' lang='lat' dir='ltr'><strong>et</strong></span> <span class='ocrx_word' id='word_1_662' title='bbox 2554 3554 2760 3595; x_wconf 81' lang='lat' dir='ltr'><strong>circum</strong></span> <span class='ocrx_word' id='word_1_663' title='bbox 2790 3540 2976 3595; x_wconf 88' lang='lat' dir='ltr'><strong>orbem</strong></span> <span class='ocrx_word' id='word_1_664' title='bbox 3012 3555 3169 3596; x_wconf 90' lang='lat' dir='ltr'><strong>suum</strong></span> <span class='ocrx_word' id='word_1_665' title='bbox 3199 3541 3415 3612; x_wconf 83' lang='lat' dir='ltr'><strong>agitari,</strong></span> <span class='ocrx_word' id='word_1_666' title='bbox 3457 3548 3517 3596; x_wconf 89' lang='lat' dir='ltr'><strong>ut</strong></span> <span class='ocrx_word' id='word_1_667' title='bbox 3549 3557 3619 3596; x_wconf 91' lang='lat' dir='ltr'><strong>ne</strong></span> 
     </span>
    </p>
   </div>
   <div class='ocr_carea' id='block_1_92' title="bbox 2060 3634 3617 3712">
    <p class='ocr_par' dir='ltr' id='par_1_92' title="bbox 2060 3634 3617 3712">
     <span class='ocr_line' id='line_1_92' title="bbox 2060 3634 3617 3712; baseline 0 -20"><span class='ocrx_word' id='word_1_668' title='bbox 2060 3639 2168 3710; x_wconf 82' lang='lat'><strong>79</strong></span> <span class='ocrx_word' id='word_1_669' title='bbox 2197 3637 2302 3694; x_wconf 92' lang='lat' dir='ltr'><strong>alio</strong></span> <span class='ocrx_word' id='word_1_670' title='bbox 2330 3636 2568 3692; x_wconf 86' lang='lat' dir='ltr'><strong>mundus</strong></span> <span class='ocrx_word' id='word_1_671' title='bbox 2600 3635 2839 3704; x_wconf 88' lang='lat' dir='ltr'><strong>recedat,</strong></span> <span class='ocrx_word' id='word_1_672' title='bbox 2856 3635 2950 3692; x_wconf 90' lang='lat' dir='ltr'><strong>sed</strong></span> <span class='ocrx_word' id='word_1_673' title='bbox 2977 3635 3183 3692; x_wconf 89' lang='lat' dir='ltr'><strong>circum</strong></span> <span class='ocrx_word' id='word_1_674' title='bbox 3216 3634 3354 3693; x_wconf 89' lang='lat' dir='ltr'><strong>idem</strong></span> <span class='ocrx_word' id='word_1_675' title='bbox 3385 3637 3617 3712; x_wconf 86' lang='lat' dir='ltr'><strong>spatium</strong></span> 
     </span>
    </p>
   </div>
   <div class='ocr_carea' id='block_1_93' title="bbox 2061 3730 2608 3789">
    <p class='ocr_par' dir='ltr' id='par_1_93' title="bbox 2061 3730 2608 3789">
     <span class='ocr_line' id='line_1_93' title="bbox 2061 3730 2608 3789; baseline -0.005 0"><span class='ocrx_word' id='word_1_676' title='bbox 2061 3730 2281 3789; x_wconf 88' lang='lat' dir='ltr'><strong>assidue</strong></span> <span class='ocrx_word' id='word_1_677' title='bbox 2306 3739 2608 3788; x_wconf 85' lang='lat' dir='ltr'><strong>moveatur.</strong></span> 
     </span>
    </p>
   </div>
   <div class='ocr_carea' id='block_1_94' title="bbox 2436 3908 3214 3977">
    <p class='ocr_par' dir='ltr' id='par_1_94' title="bbox 2436 3908 3214 3977">
     <span class='ocr_line' id='line_1_94' title="bbox 2436 3908 3214 3977; baseline -0.005 -15"><span class='ocrx_word' id='word_1_678' title='bbox 2436 3911 2566 3977; x_wconf 79' lang='lat' dir='ltr'><strong>Qua:</strong></span> <span class='ocrx_word' id='word_1_679' title='bbox 2597 3911 2665 3963; x_wconf 79' lang='lat' dir='ltr'><strong>sit</strong></span> <span class='ocrx_word' id='word_1_680' title='bbox 2698 3917 2889 3963; x_wconf 77' lang='lat' dir='ltr'><strong>natura</strong></span> <span class='ocrx_word' id='word_1_681' title='bbox 2925 3908 3214 3962; x_wconf 83' lang='lat' dir='ltr'><strong>stellarum.</strong></span> 
     </span>
    </p>
   </div>
   <div class='ocr_carea' id='block_1_95' title="bbox 2132 3998 3621 4071">
    <p class='ocr_par' dir='ltr' id='par_1_95' title="bbox 2132 3998 3621 4071">
     <span class='ocr_line' id='line_1_95' title="bbox 2132 3998 3621 4071; baseline -0.007 -12"><span class='ocrx_word' id='word_1_682' title='bbox 2132 4005 2218 4059; x_wconf 78' lang='lat' dir='ltr'><strong>ll.</strong></span> <span class='ocrx_word' id='word_1_683' title='bbox 2255 4002 2493 4058; x_wconf 90' lang='lat' dir='ltr'><strong>Thaletis</strong></span> <span class='ocrx_word' id='word_1_684' title='bbox 2527 4001 2712 4071; x_wconf 83' lang='lat' dir='ltr'><strong>Opinio</strong></span> <span class='ocrx_word' id='word_1_685' title='bbox 2756 4008 2840 4058; x_wconf 91' lang='lat' dir='ltr'><strong>est</strong></span> <span class='ocrx_word' id='word_1_686' title='bbox 2885 4009 3136 4054; x_wconf 90' lang='lat' dir='ltr'><strong>naturam</strong></span> <span class='ocrx_word' id='word_1_687' title='bbox 3181 3998 3460 4053; x_wconf 91' lang='lat' dir='ltr'><strong>stellarum</strong></span> <span class='ocrx_word' id='word_1_688' title='bbox 3497 4009 3621 4057; x_wconf 75' lang='lat' dir='ltr'><strong>esse</strong></span> 
     </span>
    </p>
   </div>
   <div class='ocr_carea' id='block_1_96' title="bbox 2060 4087 3621 4169">
    <p class='ocr_par' dir='ltr' id='par_1_96' title="bbox 2060 4087 3621 4169">
     <span class='ocr_line' id='line_1_96' title="bbox 2060 4087 3621 4169; baseline -0.004 -19"><span class='ocrx_word' id='word_1_689' title='bbox 2060 4091 2371 4150; x_wconf 87' lang='lat' dir='ltr'><strong>terrestrem</strong></span> <span class='ocrx_word' id='word_1_690' title='bbox 2415 4103 2470 4149; x_wconf 93' lang='lat' dir='ltr'><strong>et</strong></span> <span class='ocrx_word' id='word_1_691' title='bbox 2509 4095 2762 4169; x_wconf 88' lang='lat' dir='ltr'><strong>igneam;</strong></span> <span class='ocrx_word' id='word_1_692' title='bbox 2808 4090 3158 4162; x_wconf 87' lang='lat' dir='ltr'><strong>Empedocles</strong></span> <span class='ocrx_word' id='word_1_693' title='bbox 3189 4087 3404 4146; x_wconf 89' lang='lat' dir='ltr'><strong>easdem</strong></span> <span class='ocrx_word' id='word_1_694' title='bbox 3436 4087 3621 4159; x_wconf 75' lang='lat' dir='ltr'><strong>igneas</strong></span> 
     </span>
    </p>
   </div>
   <div class='ocr_carea' id='block_1_97' title="bbox 2061 4175 3618 4256">
    <p class='ocr_par' dir='ltr' id='par_1_97' title="bbox 2061 4175 3618 4256">
     <span class='ocr_line' id='line_1_97' title="bbox 2061 4175 3618 4256; baseline -0.006 -12"><span class='ocrx_word' id='word_1_695' title='bbox 2061 4203 2182 4244; x_wconf 89' lang='lat' dir='ltr'><strong>esse</strong></span> <span class='ocrx_word' id='word_1_696' title='bbox 2209 4187 2360 4242; x_wconf 89' lang='lat' dir='ltr'><strong>dicit.</strong></span> <span class='ocrx_word' id='word_1_697' title='bbox 2389 4184 2616 4256; x_wconf 88' lang='lat' dir='ltr'><strong>Quidam</strong></span> <span class='ocrx_word' id='word_1_698' title='bbox 2651 4191 2897 4241; x_wconf 90' lang='lat' dir='ltr'><strong>terrenas</strong></span> <span class='ocrx_word' id='word_1_699' title='bbox 2939 4175 3063 4237; x_wconf 74' lang='lat' dir='ltr'><strong>illa&#39;s</strong></span> <span class='ocrx_word' id='word_1_700' title='bbox 3114 4181 3230 4236; x_wconf 89' lang='lat' dir='ltr'><strong>ausi</strong></span> <span class='ocrx_word' id='word_1_701' title='bbox 3266 4187 3393 4236; x_wconf 90' lang='lat' dir='ltr'><strong>sunt</strong></span> <span class='ocrx_word' id='word_1_702' title='bbox 3420 4178 3618 4246; x_wconf 81' lang='lat' dir='ltr'><strong>facere,</strong></span> 
     </span>
    </p>
   </div>
   <div class='ocr_carea' id='block_1_98' title="bbox 2063 4272 3623 4349">
    <p class='ocr_par' dir='ltr' id='par_1_98' title="bbox 2063 4272 3623 4349">
     <span class='ocr_line' id='line_1_98' title="bbox 2063 4272 3623 4349; baseline -0.005 -15"><span class='ocrx_word' id='word_1_703' title='bbox 2063 4291 2122 4335; x_wconf 90' lang='lat' dir='ltr'><strong>ut</strong></span> <span class='ocrx_word' id='word_1_704' title='bbox 2146 4281 2516 4349; x_wconf 81' lang='lat' dir='ltr'><strong>Anaxagoras.</strong></span> <span class='ocrx_word' id='word_1_705' title='bbox 2553 4275 2654 4332; x_wconf 89' lang='lat' dir='ltr'><strong>Hic</strong></span> <span class='ocrx_word' id='word_1_706' title='bbox 2681 4276 2824 4332; x_wconf 91' lang='lat' dir='ltr'><strong>enim</strong></span> <span class='ocrx_word' id='word_1_707' title='bbox 2854 4274 2948 4339; x_wconf 86' lang='lat' dir='ltr'><strong>ait,</strong></span> <span class='ocrx_word' id='word_1_708' title='bbox 2980 4283 3103 4346; x_wconf 91' lang='lat' dir='ltr'><strong>post</strong></span> <span class='ocrx_word' id='word_1_709' title='bbox 3130 4275 3358 4345; x_wconf 88' lang='lat' dir='ltr'><strong>primam</strong></span> <span class='ocrx_word' id='word_1_710' title='bbox 3383 4272 3623 4327; x_wconf 75' lang='lat' dir='ltr'><strong>elemen-</strong></span> 
     </span>
    </p>
   </div>
   <div class='ocr_carea' id='block_1_99' title="bbox 2065 4365 3624 4440">
    <p class='ocr_par' dir='ltr' id='par_1_99' title="bbox 2065 4365 3624 4440">
     <span class='ocr_line' id='line_1_99' title="bbox 2065 4365 3624 4440; baseline -0.006 -14"><span class='ocrx_word' id='word_1_711' title='bbox 2065 4381 2240 4429; x_wconf 91' lang='lat' dir='ltr'><strong>torum</strong></span> <span class='ocrx_word' id='word_1_712' title='bbox 2270 4370 2647 4434; x_wconf 88' lang='lat' dir='ltr'><strong>secretionem,</strong></span> <span class='ocrx_word' id='word_1_713' title='bbox 2684 4369 2861 4440; x_wconf 84' lang='lat' dir='ltr'><strong>ignem</strong></span> <span class='ocrx_word' id='word_1_714' title='bbox 2895 4375 3234 4438; x_wconf 86' lang='lat' dir='ltr'><strong>separantem</strong></span> <span class='ocrx_word' id='word_1_715' title='bbox 3267 4379 3346 4428; x_wconf 90' lang='lat' dir='ltr'><strong>se,</strong></span> <span class='ocrx_word' id='word_1_716' title='bbox 3390 4365 3624 4419; x_wconf 91' lang='lat' dir='ltr'><strong>nonnul-</strong></span> 
     </span>
    </p>
   </div>
   <div class='ocr_carea' id='block_1_100' title="bbox 2065 4460 3628 4533">
    <p class='ocr_par' dir='ltr' id='par_1_100' title="bbox 2065 4460 3628 4533">
     <span class='ocr_line' id='line_1_100' title="bbox 2065 4460 3628 4533; baseline -0.006 -14"><span class='ocrx_word' id='word_1_717' title='bbox 2065 4465 2147 4520; x_wconf 91' lang='lat' dir='ltr'><strong>las</strong></span> <span class='ocrx_word' id='word_1_718' title='bbox 2204 4473 2361 4520; x_wconf 88' lang='lat' dir='ltr'><strong>terrae</strong></span> <span class='ocrx_word' id='word_1_719' title='bbox 2412 4470 2593 4533; x_wconf 87' lang='lat' dir='ltr'><strong>partes</strong></span> <span class='ocrx_word' id='word_1_720' title='bbox 2647 4461 2714 4516; x_wconf 90' lang='lat' dir='ltr'><strong>ad</strong></span> <span class='ocrx_word' id='word_1_721' title='bbox 2763 4473 2916 4516; x_wconf 87' lang='lat' dir='ltr'><strong>suam</strong></span> <span class='ocrx_word' id='word_1_722' title='bbox 2971 4460 3203 4513; x_wconf 83' lang='lat' dir='ltr'><strong>traxisse</strong></span> <span class='ocrx_word' id='word_1_723' title='bbox 3248 4464 3522 4518; x_wconf 87' lang='lat' dir='ltr'><strong>naturam,</strong></span> <span class='ocrx_word' id='word_1_724' title='bbox 3573 4465 3628 4510; x_wconf 89' lang='lat' dir='ltr'><strong>et</strong></span> 
     </span>
    </p>
   </div>
   <div class='ocr_carea' id='block_1_101' title="bbox 2067 4547 3626 4631">
    <p class='ocr_par' dir='ltr' id='par_1_101' title="bbox 2067 4547 3626 4631">
     <span class='ocr_line' id='line_1_101' title="bbox 2067 4547 3626 4631; baseline -0.007 -18"><span class='ocrx_word' id='word_1_725' title='bbox 2067 4560 2252 4631; x_wconf 88' lang='lat' dir='ltr'><strong>igneas</strong></span> <span class='ocrx_word' id='word_1_726' title='bbox 2295 4556 2617 4613; x_wconf 88' lang='lat' dir='ltr'><strong>reddidisse.</strong></span> <span class='ocrx_word' id='word_1_727' title='bbox 2665 4552 2822 4608; x_wconf 91' lang='lat' dir='ltr'><strong>Unde</strong></span> <span class='ocrx_word' id='word_1_728' title='bbox 2866 4562 2921 4608; x_wconf 91' lang='lat' dir='ltr'><strong>et</strong></span> <span class='ocrx_word' id='word_1_729' title='bbox 2969 4552 3135 4606; x_wconf 92' lang='lat' dir='ltr'><strong>solem</strong></span> <span class='ocrx_word' id='word_1_730' title='bbox 3184 4563 3417 4605; x_wconf 89' lang='lat' dir='ltr'><strong>massam</strong></span> <span class='ocrx_word' id='word_1_731' title='bbox 3459 4547 3626 4603; x_wconf 80' lang='lat' dir='ltr'><strong>veluti</strong></span> 
     </span>
    </p>
   </div>
   <div class='ocr_carea' id='block_1_102' title="bbox 2065 4641 3627 4716">
    <p class='ocr_par' dir='ltr' id='par_1_102' title="bbox 2065 4641 3627 4716">
     <span class='ocr_line' id='line_1_102' title="bbox 2065 4641 3627 4716; baseline -0.008 -10"><span class='ocrx_word' id='word_1_732' title='bbox 2065 4651 2193 4708; x_wconf 75' lang='lat' dir='ltr'><strong>ferri</strong></span> <span class='ocrx_word' id='word_1_733' title='bbox 2229 4666 2350 4706; x_wconf 91' lang='lat' dir='ltr'><strong>esse</strong></span> <span class='ocrx_word' id='word_1_734' title='bbox 2375 4649 2608 4710; x_wconf 87' lang='lat' dir='ltr'><strong>volebat,</strong></span> <span class='ocrx_word' id='word_1_735' title='bbox 2633 4654 2693 4700; x_wconf 91' lang='lat' dir='ltr'><strong>ut</strong></span> <span class='ocrx_word' id='word_1_736' title='bbox 2715 4645 2876 4716; x_wconf 90' lang='lat' dir='ltr'><strong>paulo</strong></span> <span class='ocrx_word' id='word_1_737' title='bbox 2901 4651 3025 4714; x_wconf 90' lang='lat' dir='ltr'><strong>post</strong></span> <span class='ocrx_word' id='word_1_738' title='bbox 3058 4643 3287 4698; x_wconf 91' lang='lat' dir='ltr'><strong>dicetur.</strong></span> <span class='ocrx_word' id='word_1_739' title='bbox 3316 4641 3420 4696; x_wconf 88' lang='lat' dir='ltr'><strong>Alii</strong></span> <span class='ocrx_word' id='word_1_740' title='bbox 3447 4641 3627 4711; x_wconf 89' lang='lat' dir='ltr'><strong>pumi-</strong></span> 
     </span>
    </p>
   </div>
   <div class='ocr_carea' id='block_1_103' title="bbox 2064 4733 3629 4812">
    <p class='ocr_par' dir='ltr' id='par_1_103' title="bbox 2064 4733 3629 4812">
     <span class='ocr_line' id='line_1_103' title="bbox 2064 4733 3629 4812; baseline -0.008 -14"><span class='ocrx_word' id='word_1_741' title='bbox 2064 4758 2183 4799; x_wconf 91' lang='lat' dir='ltr'><strong>cem</strong></span> <span class='ocrx_word' id='word_1_742' title='bbox 2209 4743 2480 4812; x_wconf 86' lang='lat' dir='ltr'><strong>obliquam</strong></span> <span class='ocrx_word' id='word_1_743' title='bbox 2516 4755 2638 4795; x_wconf 91' lang='lat' dir='ltr'><strong>esse</strong></span> <span class='ocrx_word' id='word_1_744' title='bbox 2667 4737 2990 4803; x_wconf 88' lang='lat' dir='ltr'><strong>docuerunt,</strong></span> <span class='ocrx_word' id='word_1_745' title='bbox 3027 4749 3191 4805; x_wconf 88' lang='lat' dir='ltr'><strong>quam</strong></span> <span class='ocrx_word' id='word_1_746' title='bbox 3219 4734 3435 4790; x_wconf 66' lang='lat' dir='ltr'><strong>aetheris</strong></span> <span class='ocrx_word' id='word_1_747' title='bbox 3463 4733 3629 4789; x_wconf 81' lang='lat' dir='ltr'><strong>ardor</strong></span> 
     </span>
    </p>
   </div>
   <div class='ocr_carea' id='block_1_104' title="bbox 2065 4825 3625 4902">
    <p class='ocr_par' dir='ltr' id='par_1_104' title="bbox 2065 4825 3625 4902">
     <span class='ocr_line' id='line_1_104' title="bbox 2065 4825 3625 4902; baseline -0.003 -14"><span class='ocrx_word' id='word_1_748' title='bbox 2065 4833 2363 4891; x_wconf 87' lang='lat' dir='ltr'><strong>accendat:</strong></span> <span class='ocrx_word' id='word_1_749' title='bbox 2397 4847 2460 4887; x_wconf 80' lang='lat' dir='ltr'><strong>ac</strong></span> <span class='ocrx_word' id='word_1_750' title='bbox 2494 4847 2590 4902; x_wconf 89' lang='lat' dir='ltr'><strong>per</strong></span> <span class='ocrx_word' id='word_1_751' title='bbox 2631 4831 2778 4886; x_wconf 87' lang='lat' dir='ltr'><strong>illius</strong></span> <span class='ocrx_word' id='word_1_752' title='bbox 2827 4827 3093 4883; x_wconf 78' lang='lat' dir='ltr'><strong>foramina</strong></span> <span class='ocrx_word' id='word_1_753' title='bbox 3126 4825 3387 4897; x_wconf 89' lang='lat' dir='ltr'><strong>transpici</strong></span> <span class='ocrx_word' id='word_1_754' title='bbox 3417 4826 3625 4883; x_wconf 88' lang='lat' dir='ltr'><strong>stellas.</strong></span> 
     </span>
    </p>
   </div>
   <div class='ocr_carea' id='block_1_105' title="bbox 2065 4917 3630 4990">
    <p class='ocr_par' dir='ltr' id='par_1_105' title="bbox 2065 4917 3630 4990">
     <span class='ocr_line' id='line_1_105' title="bbox 2065 4917 3630 4990; baseline -0.005 -9"><span class='ocrx_word' id='word_1_755' title='bbox 2065 4926 2218 4982; x_wconf 89' lang='lat' dir='ltr'><strong>Plato</strong></span> <span class='ocrx_word' id='word_1_756' title='bbox 2247 4943 2313 4983; x_wconf 90' lang='lat' dir='ltr'><strong>ex</strong></span> <span class='ocrx_word' id='word_1_757' title='bbox 2358 4924 2641 4982; x_wconf 89' lang='lat' dir='ltr'><strong>elementis</strong></span> <span class='ocrx_word' id='word_1_758' title='bbox 2691 4930 2945 4979; x_wconf 89' lang='lat' dir='ltr'><strong>constare</strong></span> <span class='ocrx_word' id='word_1_759' title='bbox 2973 4927 3227 4990; x_wconf 87' lang='lat' dir='ltr'><strong>quatuor,</strong></span> <span class='ocrx_word' id='word_1_760' title='bbox 3277 4918 3374 4976; x_wconf 89' lang='lat' dir='ltr'><strong>sed</strong></span> <span class='ocrx_word' id='word_1_761' title='bbox 3422 4917 3630 4988; x_wconf 88' lang='lat' dir='ltr'><strong>majore</strong></span> 
     </span>
    </p>
   </div>
   <div class='ocr_carea' id='block_1_106' title="bbox 2067 5014 3628 5090">
    <p class='ocr_par' dir='ltr' id='par_1_106' title="bbox 2067 5014 3628 5090">
     <span class='ocr_line' id='line_1_106' title="bbox 2067 5014 3628 5090; baseline -0.006 -14"><span class='ocrx_word' id='word_1_762' title='bbox 2067 5032 2246 5076; x_wconf 88' lang='lat' dir='ltr'><strong>tamen</strong></span> <span class='ocrx_word' id='word_1_763' title='bbox 2286 5021 2428 5090; x_wconf 88' lang='lat' dir='ltr'><strong>ignis</strong></span> <span class='ocrx_word' id='word_1_764' title='bbox 2461 5026 2634 5090; x_wconf 84' lang='lat' dir='ltr'><strong>parte.</strong></span> <span class='ocrx_word' id='word_1_765' title='bbox 2674 5015 3035 5087; x_wconf 82' lang='lat' dir='ltr'><strong>Xenophanes</strong></span> <span class='ocrx_word' id='word_1_766' title='bbox 3075 5030 3141 5071; x_wconf 86' lang='lat' dir='ltr'><strong>ex</strong></span> <span class='ocrx_word' id='word_1_767' title='bbox 3176 5014 3414 5070; x_wconf 86' lang='lat' dir='ltr'><strong>nubibus</strong></span> <span class='ocrx_word' id='word_1_768' title='bbox 3443 5014 3628 5084; x_wconf 84' lang='lat' dir='ltr'><strong>ignitis</strong></span> 
     </span>
    </p>
   </div>
   <div class='ocr_carea' id='block_1_107' title="bbox 2069 5105 3628 5182">
    <p class='ocr_par' dir='ltr' id='par_1_107' title="bbox 2069 5105 3628 5182">
     <span class='ocr_line' id='line_1_107' title="bbox 2069 5105 3628 5182; baseline -0.006 -14"><span class='ocrx_word' id='word_1_769' title='bbox 2069 5114 2180 5168; x_wconf 81' lang='lat' dir='ltr'><strong>ﬁeri</strong></span> <span class='ocrx_word' id='word_1_770' title='bbox 2215 5114 2424 5177; x_wconf 88' lang='lat' dir='ltr'><strong>stellas,</strong></span> <span class='ocrx_word' id='word_1_771' title='bbox 2453 5126 2657 5182; x_wconf 86' lang='lat' dir='ltr'><strong>easque</strong></span> <span class='ocrx_word' id='word_1_772' title='bbox 2687 5110 2984 5165; x_wconf 91' lang='lat' dir='ltr'><strong>carbonum</strong></span> <span class='ocrx_word' id='word_1_773' title='bbox 3021 5109 3193 5163; x_wconf 86' lang='lat' dir='ltr'><strong>instar</strong></span> <span class='ocrx_word' id='word_1_774' title='bbox 3217 5105 3489 5178; x_wconf 86' lang='lat' dir='ltr'><strong>exstingui</strong></span> <span class='ocrx_word' id='word_1_775' title='bbox 3533 5121 3628 5160; x_wconf 90' lang='lat' dir='ltr'><strong>ac-</strong></span> 
     </span>
    </p>
   </div>
   <div class='ocr_carea' id='block_1_108' title="bbox 2067 5201 3631 5277">
    <p class='ocr_par' dir='ltr' id='par_1_108' title="bbox 2067 5201 3631 5277">
     <span class='ocr_line' id='line_1_108' title="bbox 2067 5201 3631 5277; baseline -0.007 -14"><span class='ocrx_word' id='word_1_776' title='bbox 2067 5207 2334 5277; x_wconf 88' lang='lat' dir='ltr'><strong>cendique</strong></span> <span class='ocrx_word' id='word_1_777' title='bbox 2382 5204 2608 5276; x_wconf 89' lang='lat' dir='ltr'><strong>judicat.</strong></span> <span class='ocrx_word' id='word_1_778' title='bbox 2637 5203 2774 5259; x_wconf 89' lang='lat' dir='ltr'><strong>Cum</strong></span> <span class='ocrx_word' id='word_1_779' title='bbox 2823 5211 3002 5257; x_wconf 90' lang='lat' dir='ltr'><strong>autem</strong></span> <span class='ocrx_word' id='word_1_780' title='bbox 3051 5201 3440 5262; x_wconf 83' lang='lat' dir='ltr'><strong>accenduntur,</strong></span> <span class='ocrx_word' id='word_1_781' title='bbox 3473 5206 3631 5254; x_wconf 89' lang='lat' dir='ltr'><strong>ortus</strong></span> 
     </span>
    </p>
   </div>
   <div class='ocr_carea' id='block_1_109' title="bbox 2067 5291 3625 5371">
    <p class='ocr_par' dir='ltr' id='par_1_109' title="bbox 2067 5291 3625 5371">
     <span class='ocr_line' id='line_1_109' title="bbox 2067 5291 3625 5371; baseline -0.008 -15"><span class='ocrx_word' id='word_1_782' title='bbox 2067 5300 2354 5371; x_wconf 89' lang='lat' dir='ltr'><strong>quamdam</strong></span> <span class='ocrx_word' id='word_1_783' title='bbox 2412 5297 2650 5368; x_wconf 67' lang='lat' dir='ltr'><strong>praebere</strong></span> <span class='ocrx_word' id='word_1_784' title='bbox 2703 5295 2980 5366; x_wconf 87' lang='lat' dir='ltr'><strong>speciem:</strong></span> <span class='ocrx_word' id='word_1_785' title='bbox 3012 5309 3135 5348; x_wconf 89' lang='lat' dir='ltr'><strong>cum</strong></span> <span class='ocrx_word' id='word_1_786' title='bbox 3184 5291 3625 5362; x_wconf 86' lang='lat' dir='ltr'><strong>exstinguuntur,</strong></span> 
     </span>
    </p>
   </div>
   <div class='ocr_carea' id='block_1_110' title="bbox 2068 5382 3628 5460">
    <p class='ocr_par' dir='ltr' id='par_1_110' title="bbox 2068 5382 3628 5460">
     <span class='ocr_line' id='line_1_110' title="bbox 2068 5382 3628 5460; baseline -0.011 -9"><span class='ocrx_word' id='word_1_787' title='bbox 2068 5409 2317 5451; x_wconf 90' lang='lat' dir='ltr'><strong>occasus.</strong></span> <span class='ocrx_word' id='word_1_788' title='bbox 2353 5391 2525 5447; x_wconf 87' lang='lat' dir='ltr'><strong>Stoici</strong></span> <span class='ocrx_word' id='word_1_789' title='bbox 2555 5404 2622 5446; x_wconf 74' lang='lat' dir='ltr'><strong>ex</strong></span> <span class='ocrx_word' id='word_1_790' title='bbox 2662 5389 2784 5460; x_wconf 91' lang='lat' dir='ltr'><strong>igne</strong></span> <span class='ocrx_word' id='word_1_791' title='bbox 2808 5386 3058 5458; x_wconf 84' lang='lat' dir='ltr'><strong>componi</strong></span> <span class='ocrx_word' id='word_1_792' title='bbox 3084 5395 3294 5456; x_wconf 88' lang='lat' dir='ltr'><strong>putant,</strong></span> <span class='ocrx_word' id='word_1_793' title='bbox 3325 5383 3419 5439; x_wconf 92' lang='lat' dir='ltr'><strong>sed</strong></span> <span class='ocrx_word' id='word_1_794' title='bbox 3445 5397 3510 5438; x_wconf 90' lang='lat' dir='ltr'><strong>eo</strong></span> <span class='ocrx_word' id='word_1_795' title='bbox 3540 5382 3628 5436; x_wconf 84' lang='lat' dir='ltr'><strong>di-</strong></span> 
     </span>
    </p>
   </div>
   <div class='ocr_carea' id='block_1_111' title="bbox 2071 5475 3635 5556">
    <p class='ocr_par' dir='ltr' id='par_1_111' title="bbox 2071 5475 3635 5556">
     <span class='ocr_line' id='line_1_111' title="bbox 2071 5475 3635 5556; baseline -0.008 -13"><span class='ocrx_word' id='word_1_796' title='bbox 2071 5489 2196 5544; x_wconf 86' lang='lat' dir='ltr'><strong>vino</strong></span> <span class='ocrx_word' id='word_1_797' title='bbox 2250 5496 2305 5544; x_wconf 89' lang='lat' dir='ltr'><strong>et</strong></span> <span class='ocrx_word' id='word_1_798' title='bbox 2341 5499 2563 5550; x_wconf 60' lang='lat' dir='ltr'><strong>interno,</strong></span> <span class='ocrx_word' id='word_1_799' title='bbox 2617 5499 2792 5556; x_wconf 88' lang='lat' dir='ltr'><strong>neque</strong></span> <span class='ocrx_word' id='word_1_800' title='bbox 2817 5481 2980 5552; x_wconf 87' lang='lat' dir='ltr'><strong>hujus</strong></span> <span class='ocrx_word' id='word_1_801' title='bbox 3039 5482 3212 5536; x_wconf 84' lang='lat' dir='ltr'><strong>nostri</strong></span> <span class='ocrx_word' id='word_1_802' title='bbox 3255 5479 3437 5534; x_wconf 89' lang='lat' dir='ltr'><strong>simili.</strong></span> <span class='ocrx_word' id='word_1_803' title='bbox 3474 5475 3635 5530; x_wconf 65' lang='lat' dir='ltr'><strong>lituis.-</strong></span> 
     </span>
    </p>
   </div>
   <div class='ocr_carea' id='block_1_112' title="bbox 2071 5574 3230 5650">
    <p class='ocr_par' dir='ltr' id='par_1_112' title="bbox 2071 5574 3230 5650">
     <span class='ocr_line' id='line_1_112' title="bbox 2071 5574 3230 5650; baseline -0.013 -11"><span class='ocrx_word' id='word_1_804' title='bbox 2071 5584 2214 5639; x_wconf 87' lang='lat' dir='ltr'><strong>cnim</strong></span> <span class='ocrx_word' id='word_1_805' title='bbox 2247 5579 2544 5650; x_wconf 82' lang='lat' dir='ltr'><strong>corrumpi,</strong></span> <span class='ocrx_word' id='word_1_806' title='bbox 2581 5594 2754 5648; x_wconf 86' lang='lat' dir='ltr'><strong>neque</strong></span> <span class='ocrx_word' id='word_1_807' title='bbox 2781 5578 2960 5632; x_wconf 82' lang='lat' dir='ltr'><strong>lucere</strong></span> <span class='ocrx_word' id='word_1_808' title='bbox 2991 5574 3230 5647; x_wconf 84' lang='lat' dir='ltr'><strong>penitus.</strong></span> 
     </span>
    </p>
   </div>
  </div>
