4040 6206
252 349 382 406 .955

897 378 908 392 .
1007 340 1327 400 ACHlLLlS
1363 337 1548 395 τΑτιι
1584 329 1882 392 lSAGOGE
1919 330 2010 385 AD
2042 333 2249 389 ARATI
2290 306 2756 388 nummariam.

3383 327 3486 382 954

271 469 566 524 δείκνυται.
596 466 852 538 Πίνδαρος
879 465 934 519 δὲ
979 466 1070 520 τὸν
1101 464 1302 536 ἀστέρα
1329 463 1526 534 ἄστρον
1559 455 1821 530 ὀνομάζει,

1937 466 2143 511 astrum
2173 471 2240 511 ex
2263 455 2550 526 disjunctis
2590 470 2654 508 ac
2695 452 2930 509 deﬁnitis
2956 450 3317 520 componitur.
3355 447 3486 502 Nam

271 560 448 630 λέγων
467 577 480 589 ·

487 757 702 825 Μηκέθ’
735 759 911 813 ἁλίου
933 759 1146 813 σκόπει

489 831 674 882 Ἀκί.ιο
697 830 1100 897 θαλπνότερον

494 900 595 953 Ἐν
621 897 803 969 ἁμέρᾳ
839 899 1098 969 φαεννὸν
1118 897 1340 968 ἄστρον
1359 915 1373 927 ·

269 1013 414 1070 κατὰ
443 1013 541 1086 τήν
572 1013 878 1087 συνήθειαν.

783 1125 925 1193 Περὶ
971 1121 1311 1189 πλανήτων.

339 1226 428 1273 ιε’.
454 1221 707 1292 Ἀρατος,
733 1221 798 1290 τῇ
813 1219 920 1272 τῶν
949 1217 1156 1272 πολλῶν
1180 1215 1307 1288 δόξῃ
1335 1211 1824 1283 κατακολουθήσας,

260 1311 393 1375 τοὺς
417 1309 668 1373 ἀπλανεῖς
688 1309 1008 1382 ὲναρηρέναι
1043 1307 1176 1378 φησὶ
1203 1306 1280 1377 τῷ
1301 1303 1513 1376 οὐρανῷ
1531 1321 1545 1335 ’

258 1421 459 1486 Αὐτὸς
479 1421 588 1490 τὰρ
618 1419 758 1473 τάδε
777 1419 994 1488 σήματ’
1027 1419 1096 1473 ἐν
1122 1417 1353 1487 οὐρανῷ
1389 1414 1684 1484 ἐστήριξε-ο

259 1530 420 1601 παρά
452 1530 512 1582 τὸ
544 1529 822 1602 ἐστήριξεν
856 1530 1092 1600 ἀστέρας
1132 1529 1326 1592 αὐτοὺς
1352 1524 1821 1599 παρετυμολογῶν.

258 1622 369 1674 Τὸν
401 1621 458 1674 δὲ
511 1620 620 1674 τῶν
655 1621 937 1693 πλανήτων
960 1622 1115 1691 λόγον
1153 1623 1500 1694 παρῃτήσατο
1523 1622 1551 1674 ὁ
1573 1621 1822 1692 Ἄρατος,

147 1721 149 1724 ‘
255 1713 390 1766 ὅταν
413 1711 544 1786 λέγῃ
563 1730 576 1743 ·

261 1827 332 1878 Oi
355 1824 409 1877 δ’
427 1825 627 1894 ἐπιμὶξ
646 1825 820 1879 ἄλλοι
847 1825 1011 1880 πέντ’
1043 1824 1294 1893 ἀστέρες
1311 1823 1491 1878 οὐδὲν
1509 1822 1715 1892 ὁμοῖοι,

262 1898 569 1963 ἐμπαλιν
592 1897 637 1930 ’³
667 1895 924 1949 εἰδώλων
953 1896 1305 1950 δυοκαίδεκα
1325 1895 1676 1948 δινεύονται.

262 1968 349 2019 Οὐ
377 1965 430 2019 δ’
455 1967 542 2020 ἐτι
571 1965 912 2033 θαρσαλέως
938 1968 1150 2020 κείνων
1175 1967 1288 2035 ἐγὼ
1310 1965 1516 2032 ἄρκιος
1540 1964 1672 2031 εἵην

273 2035 620 2090 Ἀπνῖανέων
636 2035 709 2090 τά
734 2054 794 2090 τε
824 2039 1035 2099 κύκλα,
1065 2036 1136 2090 τά
1162 2036 1210 2090 τ’
1223 2035 1406 2104 αἰθέρι
1433 2035 1480 2068 ⁷⁸⁸
1495 2035 1819 2088 δινεύουσι.

338 2212 686 2282 Παραιτεῖται
707 2212 763 2265 δὲ
788 2211 876 2266 διὰ
904 2213 1100 2275 πολλὰς
1126 2212 1320 2276 αἰτίας.
1353 2213 1570 2284 Πρῶτον
1596 2213 1678 2266 ὅτι
1701 2230 1824 2282 φαι-

257 2303 466 2375 νόμενα
523 2303 774 2376 ἠθέλησε,
835 2306 929 2359 καί¹
968 2307 1098 2358 πᾶσι
1133 2306 1393 2376 σύμφωνα
1425 2305 1592 2370 δεῖξαι
1613 2306 1784 2378 ἄστρα
1805 2323 1818 2336 ⁶

257 2389 414 2450 οὗτοι
441 2396 497 2450 δὲ
548 2396 745 2468 πολλὴν
793 2397 1085 2466 διαφωνίαν
1133 2397 1313 2467 ἔχουσι
1341 2438 1356 2462 ,
1381 2397 1474 2452 καὶ
1505 2397 1625 2451 οὐδὲ
1660 2397 1824 2451 πᾶσίν

258 2489 372 2540 εἰσι
406 2487 640 2558 φανεροί.
674 2488 760 2541 Ἐν
789 2488 844 2540 δὲ
887 2488 964 2560 τῷ
1014 2490 1433 2562 ἐπιγραφομένῳ
1485 2488 1645 2544 αὑτοῦ
1707 2493 1821 2544 Κα-

258 2579 433 2641 νόνι,
486 2579 576 2632 τὸν
617 2580 746 2651 περὶ
793 2579 971 2634 αὐτῶν
1015 2581 1331 2652 ποιούμενος
1375 2580 1550 2649 λόγον,
1591 2579 1825 2652 ἁρμονίᾳ

257 2671 372 2724 τινὶ
401 2672 494 2726 καὶ
521 2672 804 2743 συμφωνίᾳ
830 2675 1058 2744 μουσικῇ
1092 2673 1189 2737 τὰς
1221 2673 1456 2743 κινήσεις
1482 2671 1657 2726 αὐτῶν
1681 2671 1825 2740 λέγει

261 2764 568 2833 γεγονέναι.
591 2763 819 2818 Λεκτέον
867 2763 922 2818 δὲ
948 2766 1075 2836 περὶ
1107 2765 1307 2819 αὐτῶν.

688 2960 860 3028 Τάξις
886 2962 1003 3015 τῶν
1030 2959 1073 3023 ζν
1106 2961 1393 3032 σφαιρῶν.

338 3056 434 3115 ις’.
471 3050 532 3104 Ol
566 3049 691 3121 περὶ
730 3050 800 3104 τὰ
828 3051 1076 3123 μετέωρα
1107 3051 1266 3105 δεινοί
1303 3069 1432 3121 φασι
1473 3051 1647 3116 ζώνας
1676 3052 1824 3117 τινὰς

1937 555 2119 601 certus
2143 547 2198 600 in
2229 560 2558 616 unoquoque
2593 557 2851 599 numerus
2875 539 3200 597 ostenditur.
3225 537 3492 592 Pindarus

1936 645 2143 691 astrum
2171 652 2269 706 pro
2298 635 2474 692 sidere
2505 642 2730 704 usurpat
2762 652 2778 690 :

2149 749 2261 820 80
2288 747 2420 820 Non,
2431 747 2545 820 jam
2575 745 2690 802 sole.
2711 745 2986 802 considera

2142 819 2303 873 Aliud
2341 819 2559 872 calidius

2147 889 2383 944 Interdiu
2411 888 2678 942 splendens
2705 885 2882 950 sidus;

1933 1001 1986 1056 in
2015 1015 2123 1072 quo
2145 999 2523 1056 consuetudini
2559 1000 2742 1056 servit.

2508 1113 2601 1176 ,De
2650 1113 2894 1182 planetis.

2000 1207 2088 1263 15.
2136 1207 2334 1262 Aratus
2390 1206 2535 1278 vulgi
2592 1205 2831 1276 opinioni
2887 1203 3129 1259 serviens
3185 1204 3487 1258 inerrantes

1929 1301 2116 1356 stellas
2144 1299 2284 1354 coelo
2312 1299 2507 1355 inﬁxas
2533 1314 2656 1354 esse
2682 1297 2814 1352 dicit
2841 1318 2853 1352 :

2071 1412 2188 1483 Ipse
2215 1413 2350 1467 enim
2377 1410 2486 1466 ha’c
2511 1412 2663 1482 signa
2690 1412 2744 1464 in
2775 1427 2902 1465 emo
2931 1409 3084 1480 ﬁxit;

1929 1543 1961 1582 a
2012 1527 2276 1582 vocabulo
2319 1525 2622 1598 ἐστήριξεν,
2667 1526 2974 1580 nominatos
3028 1522 3259 1594 ἀστέρας
3313 1520 3486 1576 obiter

1929 1619 2194 1675 indicans.
2224 1619 2297 1674 De
2329 1618 2558 1690 planetis
2596 1625 2771 1673 autem
2799 1617 3036 1672 scribere
3066 1614 3238 1670 noluit
3266 1615 3483 1680 Aratus,
3552 1633 3560 1643 ο

1929 1713 2022 1769 ubi
2061 1714 2134 1767 ita
2163 1712 2360 1767 cecinit
2390 1729 2403 1765 :

1850 1816 1895 1874 Β
1925 1826 2226 1881 Promiscue
2256 1842 2371 1880 vero
2399 1824 2519 1878 alia:
2544 1823 2764 1944 quinjue
2795 1819 2991 1880 stellce.
3017 1819 3148 1872 nihil
3178 1819 3395 1884 similes,

1925 1896 2122 1944 Contra
2151 1913 2306 1944 (ruam
2337 1895 2622 1944 simulacra
2691 1891 2922 1944 uodecim
2956 1900 3246 1944 versantur.

1925 1896 2122 1951 Contra
2151 1913 2306 1966 quam
2337 1891 2631 1966 simulacra
2651 1891 2922 1945 duodecim
2956 1900 3246 1966 versantur.

1925 1967 2104 2038 illeque
2137 1959 2253 2021 vero
2281 1965 2542 2038 conﬁdens
2569 1963 2782 2017 illorum
2807 1978 2897 2032 ego
2923 1977 3040 2038 sum
3066 1959 3302 2038 idoneus,

1924 2031 2409 2106 Inerrrantiumque
2457 2033 2628 2097 orbes,
2685 2049 2898 2104 quaeque
2952 2032 3008 2084 in
3057 2031 3240 2106 wtliere
3287 2031 3484 2106 cientur

3157 2098 3385 2173 [exsequi
3394 2143 3406 2154 .

1992 2217 2166 2288 Atque
2204 2216 2309 2272 hoc
2343 2214 2592 2286 pluribus
2637 2214 2705 2270 de
2753 2214 2936 2269 causis
2978 2219 3210 2267 recusat.
3245 2211 3481 2266 Primum

1921 2308 2065 2380 quod
2117 2315 2442 2378 apparentes
2501 2305 2710 2370 stellas,
2749 2304 2816 2360 de
2863 2303 3060 2374 quibus
3115 2301 3255 2356 inter
3297 2316 3485 2356 omnes

1922 2402 2194 2466 convenit,
2230 2401 2541 2456 describere
2571 2407 2688 2455 erat
2711 2411 3033 2470 aggressus;
3065 2402 3118 2449 at
3147 2394 3265 2449 istae
3293 2408 3485 2463 magno

1923 2493 1978 2548 in
2009 2491 2327 2562 Opinionum
2354 2489 2559 2544 ambitu
2595 2495 2745 2554 sunt,
2775 2503 2876 2542 nec
2917 2485 3172 2541 omnibus
3203 2491 3483 2554 apparent.

1922 2587 1983 2640 In
2031 2585 2170 2640 libro
2218 2597 2367 2648 vero,
2409 2597 2571 2652 quem
2623 2580 2888 2635 Canonem
2940 2576 3263 2648 inscripsit,
3301 2576 3368 2630 de
3415 2573 3484 2629 iis

1923 2691 2108 2748 agens,
2142 2682 2408 2730 concentu
2453 2671 2688 2743 quodam
2737 2681 2790 2725 et
2829 2667 3113 2724 harmonia
3161 2673 3482 2736 temperatos

1922 2784 2044 2824 esse
2076 2774 2254 2822 motus
2280 2766 2492 2820 illarum
2525 2762 2740 2818 asserit.
2768 2759 2934 2816 Nobis
2973 2773 3102 2814 vero
3136 2757 3206 2812 ‘de
3239 2757 3305 2811 iis
3347 2755 3481 2826 ipsis

1922 2860 2183 2916 nonnulla
2210 2857 2437 2914 dicenda
2471 2863 2618 2912 sunt.

2265 2968 2343 3023 De
2375 2968 2552 3022 ordine
2579 2967 2903 3038 sphwrarum
2935 2972 3146 3032 septem.

1997 3059 2082 3115 16.
2107 3059 2419 3115 leestinm
2448 3074 2629 3114 rerum
2655 3056 2847 3128 peritis
2889 3056 3064 3126 placet
3103 3067 3268 3108 zonas
3311 3066 3479 3122 quas-

260 3137 404 3196 εἶναι
431 3142 590 3204 ἑπτὰ,
612 3143 677 3195 δι’
705 3136 779 3197 ὧν
830 3144 1081 3216 φέρονται
1115 3146 1165 3197 οἱ
1203 3145 1341 3200 έπτά
1364 3145 1589 3217 ἀστέρες
1611 3163 1627 3179 ο
1650 3147 1742 3200 καὶ
1767 3147 1821 3200 ὲν

1925 3149 2048 3204 dam
2077 3166 2200 3206 esse
2239 3159 2463 3220 septem,
2490 3164 2585 3220 per
2616 3163 2753 3218 quas
2782 3145 3001 3202 totidem
3036 3146 3264 3215 planetae
3297 3143 3480 3198 ferun-

262 3233 367 3304 μὲν
404 3236 471 3304 τῇ
526 3233 828 3306 omnem
864 3235 1122 3306 φέρεσθαι
1175 3238 1266 3290 τὸν
1299 3237 1393 3291 τοῦ
1433 3238 1661 3308 Κρόνου,
1685 3241 1741 3292 ὲν
1766 3239 1822 3293 δὲ

256 3326 330 3394 τῇ
361 3325 476 3394 μετ’
501 3325 668 3396 αὐτὴν
696 3323 784 3377 τὸν
817 3325 907 3379 τοῦ
930 3325 1050 3390 Διός
1073 3343 1085 3356 ο
1122 3327 1214 3379 κοιλ⁸
1245 3328 1301 3378 ὲν
1334 3330 1399 3399 τῇ
1428 3329 1586 3401 τρίτῃ
1614 3337 1705 3382 τον
1729 3328 1821 3382 τοῦ

263 3419 508 3490 Ἄρεως·
571 3419 627 3468 ὲν
673 3419 738 3487 τῇ
786 3417 1021 3489 τετάρτῃ
1079 3417 1168 3471 τὸν
1213 3418 1305 3471 τοῦ
1366 3418 1604 3490 Ἐρμοῦο
1651 3421 1708 3474 ὲν
1754 3423 1820 3492 τῇ

260 3511 490 3582 πέμπτῃ
521 3508 634 3562 τὸν
659 3510 757 3579 τῆς
789 3510 1104 3582 Ἀφροδίτης
1123 3527 1136 3541 ο
1182 3512 1240 3562 ἐν
1275 3511 1329 3564 δὲ
1356 3514 1420 3583 τῇ
1453 3512 1584 3583 ἕκτῃ
1611 3513 1702 3566 τὸν
1727 3512 1821 3566 τοῦ

257 3604 412 3676 ἡλίου
431 3621 446 3634 ο
485 3605 542 3656 ὲν
566 3603 620 3656 δὲ
642 3606 709 3674 τῇ
737 3603 932 3675 ἑϐδόμῃ
968 3604 1059 3658 τὸν
1080 3605 1178 3674 τῆς
1215 3605 1459 3676 σελήνης.
1496 3605 1650 3668 Τινὲς
1677 3605 1735 3658 δὲ
1764 3607 1821 3660 ὲν

257 3700 328 3768 τῇ
358 3695 595 3766 τετάρτῃ
617 3695 715 3766 τὴν
765 3695 1078 3767 Ἀφροδίτην
1101 3695 1345 3765 λέγουσιν
1370 3713 1383 3727 ·
1418 3699 1477 3750 ἐν
1498 3701 1564 3769 τῇ
1597 3697 1820 3770 πέμπτῃ

254 3786 317 3838 δὲ
349 3786 442 3839 τὸν
475 3786 708 3858 Ἑρμῆν·
750 3787 808 3838 έν
835 3784 891 3838 δὲ
914 3787 980 3856 τῇ
1034 3785 1167 3857 ἕκτῃ
1211 3784 1299 3837 τὸν
1345 3785 1513 3854 ἥλιον.
1551 3785 1735 3838 Ἀλλοι
1765 3785 1821 3840 δὲ

255 3880 524 3950 τέταρτον
546 3879 635 3932 τὸν
672 3877 876 3950 Ἑρμῆν
898 3893 912 3908 ο
943 3877 1107 3948 ἕκτην
1129 3877 1185 3930 δὲ
1213 3878 1308 3949 τὴν
1342 3878 1655 3948 Ἀφροδίτην
1675 3894 1688 3908 ο
1724 3877 1820 3948 μέ-

264 3987 357 4024 σον
377 3970 435 4023 δὲ
455 3969 550 4024 τὸν
587 3970 755 4042 ἣλιον.
787 3968 906 4022 Εἰσὶ
935 3969 990 4022 δὲ
1031 3971 1079 4021 οἱ
1116 3968 1326 4040 πρῶτον
1359 3969 1446 4022 τὸν
1474 3968 1619 4040 ἥλιον
1652 3969 1826 4038 λέγον-

257 4079 352 4127 τες
374 4080 390 4093 ο
418 4062 673 4134 δευτέραν
693 4062 748 4116 δὲ
775 4062 871 4133 τὴν
899 4061 1125 4132 σελήνην
1150 4079 1162 4091 ’
1196 4062 1378 4135 τρίτον
1401 4062 1458 4116 δὲ
1485 4062 1575 4114 τὸν
1596 4061 1820 4135 Κρόνον.

274 4155 338 4208 Ἠ
364 4155 422 4208 δὲ
455 4155 651 4208 πλείων
683 4155 809 4220 δόξα
840 4154 1059 4228 πρώτην
1087 4155 1184 4227 τήν
1221 4155 1446 4226 σελήνην
1485 4154 1631 4223 λέγει
1653 4169 1667 4183 ·
1703 4154 1824 4207 ἐπεὶ

259 4249 357 4302 καὶ
395 4248 732 4318 ἀπόσπασμα
780 4247 870 4302 τοῦ
910 4249 1056 4321 ήλίου
1093 4249 1337 4318 λέγουσιν
1392 4250 1586 4321 αὐτήν⁸
1617 4249 1692 4313 ὡς
1733 4249 1825 4302 καὶ

275 4339 643 4412 Ἐμπεδοκλῆς
661 4357 676 4373 ο

1923 3248 2031 3295 tur.
2067 3240 2123 3295 In
2154 3256 2406 3311 suprema
2429 3254 2592 3311 porro
2623 3236 2844 3293 Saturni
2875 3237 3083 3292 stellam
3111 3235 3225 3306 rapi
3254 3253 3270 3301 ;
3309 3235 3362 3287 in
3391 3250 3480 3289 se-

1921 3332 2095 3387 cunda
2126 3330 2313 3398 Iovis;
2368 3331 2423 3386 in
2452 3329 2608 3386 tertia
2635 3328 2859 3395 Martis;
2886 3328 2938 3382 in
2967 3334 3159 3398 quarta
3191 3324 3477 3392 Mercurii;

1923 3423 1976 3478 in
2010 3422 2198 3493 quinta
2223 3420 2489 3487 Veneris;
2530 3419 2584 3474 in
2608 3427 2758 3475 sexta
2791 3417 2954 3481 solis;
2980 3417 3032 3470 in
3060 3415 3287 3485 septima
3317 3415 3477 3468 luna.

1921 3516 2151 3583 Quidam
2186 3515 2238 3570 in
2274 3522 2467 3585 quarta
2502 3512 2765 3568 Venerem
2796 3511 2998 3574 locant,
3038 3510 3093 3564 in
3121 3508 3309 3578 quinia
3339 3505 3480 3564 Mer-

1922 3609 2155 3674 curium,
2181 3608 2236 3662 in
2269 3615 2420 3662 sexta
2454 3607 2645 3662 solem.
2689 3604 2792 3658 Alii
2832 3612 3084 3674 quartum
3130 3600 3479 3668 Mercurium,

1923 3709 2128 3756 sextam
2171 3697 2457 3762 Venerem,
2491 3695 2728 3752 medium
2758 3709 2886 3750 vero
2915 3693 3083 3750 solem
3117 3691 3478 3747 constituunt.

1924 3792 2064 3847 Sunt
2102 3791 2194 3862 qui
2237 3791 2470 3862 primum
2510 3803 2632 3844 esse
2679 3789 2845 3843 solem
2889 3794 3154 3846 asserant,
3188 3782 3478 3840 secundam

1925 3887 2128 3947 lunam,
2174 3883 2391 3938 tertium
2433 3881 2744 3936 Saturnum.
2783 3879 2974 3934 Plures
3023 3878 3200 3932 lunam
3251 3875 3479 3945 primam

1925 3977 2166 4040 faciunt;
2211 3973 2649 4044 quandoquidem
2702 3988 2826 4042 pars
2872 3970 3137 4041 quaedam,
3189 3976 3249 4022 ut
3302 3967 3474 4030 aiunt,

1923 4069 2109 4124 avulsa
2159 4075 2241 4122 est
2292 4081 2322 4117 a
2366 4065 2480 4120 sole
2521 4066 2688 4132 luna;
2743 4064 2886 4134 quod
2943 4060 3254 4133 Empedocli
3301 4057 3476 4115 visum

1921 4173 2004 4218 est
2041 4181 2054 4214 :

261 4453 633 4522 κυκλοτερὲς
653 4455 784 4524 περὶ
805 4455 978 4525 γαῖαν
1003 4455 1310 4510 ἑλίσσεται
1338 4457 1658 4524 ἀλλότριον
1676 4454 1818 4525 φῶς.

1995 4467 2264 4523 Circulare
2291 4467 2485 4520 circum
2518 4473 2710 4520 terram
2742 4463 2962 4518 volvitur
2985 4461 3210 4516 alienum
3233 4457 3424 4514 lumen.

333 4567 471 4638 Περὶ
519 4567 576 4620 δὲ
630 4568 728 4637 τῆς
771 4568 1090 4638 ἐναρμονίου
1135 4568 1395 4638 κινήσεως
1434 4567 1612 4621 αὐτῶν
1648 4563 1818 4631 εἶπεν,

261 4661 339 4725 ὡς
377 4661 532 4732 ἔφην,
590 4663 821 4732 Ἀρατος
855 4663 911 4714 ὲν
937 4661 1016 4732 τῷ
1089 4663 1332 4724 Κανόνι,
1385 4661 1478 4714 καὶ
1506 4660 1820 4731 Ἐρατοσθέ-

261 4770 362 4823 νης
415 4754 474 4805 ὲν
527 4752 604 4824 τῷ
665 4752 878 4822 Ἐρμῇ,
915 4753 1006 4806 καὶ
1059 4753 1337 4822 ’Υψικλῆς,
1369 4753 1458 4805 xal.
1497 4751 1820 4822 Θράσυλλος,

260 4845 357 4898 καὶ
388 4844 687 4916 ’Δδραστος
727 4843 1110 4916 Ἀφροδισιεύς.
1150 4845 1419 4917 Ἤρξαντο
1445 4845 1502 4898 δὲ
1539 4843 1632 4897 τοῦ
1665 4844 1820 4912 λόγου

259 4935 454 4999 τούτου
502 4937 551 4988 oi
618 4936 1005 5008 Πυθαγόρειον
1064 4937 1238 4991 πάντα
1293 4937 1396 5008 γὰρ
1457 4936 1688 5008 ἁρμονίᾳ
1729 4936 1822 4989 καὶ

258 5030 416 5098 τάξει
447 5029 660 5099 λέγουσι
705 5029 993 5083 κινεῖσθαι’
1035 5029 1175 5083 καθά
1213 5029 1306 5082 καὶ
1343 5029 1513 5100 ἰατροὶ
1536 5029 1660 5092 τοὺς
1690 5045 1823 5098 σφυ-

257 5123 441 5195 γμούς
463 5136 479 5153 ·
529 5123 624 5176 καὶ
675 5122 936 5190 ὑγιαίνειν
970 5122 1090 5192 μὲν,
1127 5123 1254 5176 ὅταν
1289 5121 1610 5186 εὐτακτῶσι,
1649 5121 1822 5175 νοσείν

257 5216 341 5282 δὲ,
374 5215 465 5269 ὅτε
498 5214 747 5278 ἀτάκτως
767 5213 1056 5268 κινοῦνται.

478 5324 618 5394 Περὶ
642 5325 760 5379 τῶν
783 5324 1087 5395 ὀνομάτων
1118 5325 1236 5380 τῶν
1272 5325 1611 5394 πλανήτων.

339 5416 514 5482 ιζ’.Τά
529 5417 765 5488 ὀνόματα
788 5417 894 5471 τῶν
913 5419 1191 5488 πλανήτων
1220 5419 1483 5491 διαφόρως
1497 5419 1818 5492 ἐκλήθησαν,

267 5512 363 5566 καὶ
405 5512 532 5585 περὶ
577 5512 669 5566 τοῦ
700 5513 891 5586 χρόνου
924 5513 1150 5566 ἑκάστου
1189 5512 1451 5582 διαφωνία
1510 5515 1675 5587 πολλὴ
1726 5517 1818 5584 γέ-

264 5623 392 5675 γονε
425 5606 652 5672 πολλοῖς.
671 5607 985 5678 Αἰγυπτίοις
1013 5605 1120 5679 γὰρ
1141 5608 1230 5660 καὶ
1251 5607 1469 5679 Ἕλλησι
1502 5610 1592 5664 τοῦ
1613 5613 1817 5684 Κρόνου

341 5760 388 5792 ⁸³
416 5777 505 5830 γρ.
539 5759 815 5814 πάντοθεν.
892 5759 936 5791 ’⁸
971 5777 1057 5828 γρ.
1089 5758 1288 5832 σώματ’
1340 5761 1594 5816 ἐνισπεῖν,

1993 4579 2067 4636 De
2101 4578 2419 4634 harmonico
2450 4592 2582 4632 vero
2612 4586 2759 4632 motu
2785 4576 2998 4631 illorum
3028 4572 3138 4642 agit
3167 4572 3220 4625 in
3247 4571 3474 4637 Canone,

1924 4671 2000 4724 nti
2026 4670 2229 4725 dictum
2259 4677 2364 4732 est,
2397 4669 2618 4730 Aratus,
2647 4677 2701 4723 et
2733 4667 3118 4722 Eratosthenes
3167 4665 3222 4718 in
3269 4663 3475 4718 Mercu-

1922 4763 2037 4826 rio,
2099 4762 2334 4830 itemque
2387 4758 2700 4832 Hypsicles,
2739 4757 3057 4829 Thrasyllus
3103 4765 3157 4811 et
3213 4755 3477 4811 Adrastus

1921 4855 2379 4926 Aplirodisiensis.
2408 4853 2579 4924 Cujus
2602 4851 2869 4922 dogmatis
2901 4856 3151 4904 auctores
3187 4848 3334 4903 fuere
3368 4845 3477 4920 Py-

1923 4946 2162 5018 thagorei
2185 4985 2201 5011 ,
2233 4946 2326 5016 qui
2362 4947 2615 5000 universa
2645 4947 2914 4997 concentu
2942 4948 3102 5010 atque
3141 4938 3331 4994 ordine
3360 4954 3476 4994 mo-

1921 5041 2032 5096 veri
2063 5047 2252 5110 putant
2287 5058 2300 5094 :
2331 5039 2412 5094 uti
2464 5035 2656 5093 medici
2705 5035 2917 5106 pulsus,
2961 5049 3101 5104 quos
3147 5041 3261 5087 tum
3310 5046 3474 5088 sanos

1919 5148 2042 5189 esse
2074 5131 2348 5195 dictitant,
2375 5146 2501 5185 cum
2549 5129 2794 5184 ordinem
2819 5133 3057 5190 servant,
3089 5126 3228 5182 male
3251 5124 3472 5191 habere,

1919 5239 2043 5279 cum
2073 5223 2448 5279 inconstanter
2473 5229 2777 5277 moventur.

2305 5335 2383 5391 De
2417 5336 2744 5406 planetarum
2775 5333 3090 5390 nominibus.

1992 5429 2077 5483 l7.
2107 5429 2237 5484 Tam
2263 5429 2330 5484 de
2363 5429 2702 5500 planetarum
2752 5426 3028 5482 vocabulis
3055 5438 3216 5496 quam
3261 5421 3328 5478 de
3362 5421 3476 5477 sin-

1918 5525 2167 5592 gulnrum
2204 5523 2537 5592 temporibus
2570 5535 2781 5577 summa
2832 5527 2916 5575 est
2955 5516 3268 5589 opinionum
3299 5515 3471 5570 varie-

1921 5623 2024 5670 tas.
2064 5614 2300 5686 }Egyptii
2349 5623 2402 5671 et
2451 5612 2620 5669 ϐπνοὶ
2671 5612 2888 5671 Saturni
2941 5610 3186 5674 stellam,
3227 5608 3475 5682 quamvis

3339 5863 3422 5881 ο..
