4040 6206
590 376 700 435 955

1636 375 1726 430 AD
1765 371 2032 431 EUSEBII
2069 368 2459 429 CHRONICON
2493 367 2850 426 APPENDIX.
3713 366 3800 426 956

585 492 936 552 bebetissima
981 493 1072 557 sit,
1104 509 1381 564 φαίνοντα,
1415 492 1469 547 id
1516 500 1600 549 est
1647 493 1906 559 lucidam,
1938 501 2129 550 vocant

2256 491 2284 543 6
2330 488 2524 561 ἀστὴρ,
2558 490 2732 544 καίτοι
2779 487 3152 560 ἀμαυρότατος
3181 487 3277 553 ὣν,
3325 485 3533 558 φαίνων
3579 489 3798 559 λέγεται.

585 585 759 641 (ἶηεί
803 585 1021 656 quidem
1069 586 1143 639 ita
1191 585 1322 641 boni
1364 586 1563 640 ominis
1601 601 1768 641 causa
1797 596 2144 657 nuncupant.

585 676 822 750 ᾸΞεγριίἰ
880 693 1010 732 vero
1065 675 1310 734 Nemesis
1379 678 1606 734 stellam.
1687 677 1935 734 Secunda
1997 677 2146 735 Iovis

583 768 827 824 Phaeton
892 785 924 824 a
973 768 1195 834 Graecis,
1256 769 1323 823 ab
1375 766 1646 840 Egyptiis
1703 767 1933 825 Osiridis
1989 769 2144 825 stella

582 861 916 916 nominatur.
953 859 1133 915 Tertia
1158 867 1243 916 est
1274 858 1484 923 Martis,
1521 875 1642 930 quae
1679 858 1881 916 Graecis
1916 867 2000 915 est
2032 860 2142 912 [Iu-

583 953 747 1023 ρόεις,
779 950 1047 1024 Ᾰεςγρῑὶἰε
1095 951 1346 1007 Herculis
1393 952 1571 1006 stella.
1623 951 1828 1018 Quarta
1866 950 2140 1006 Mercurii.

579 1043 926 1101 Concedatur
954 1045 1096 1099 enim
1142 1044 1246 1099 hoc
1278 1045 1334 1100 in
1367 1059 1628 1114 pmsens,
1672 1060 1790 1100 eam
1827 1060 1950 1100 esse
1978 1059 2144 1115 quar-

579 1145 712 1192 tam.
745 1135 878 1190 Nam
911 1136 977 1190 de
1014 1136 1285 1192 sideribus
1331 1136 1476 1202 istis,
1516 1136 1806 1202 Mercurio,
1841 1135 2051 1192 Venere
2079 1151 2142 1191 ac

580 1228 697 1284 sole
761 1243 870 1282 non
903 1228 1074 1282 levem
1136 1243 1260 1284 esse
1307 1229 1729 1284 controversiam
1780 1229 2138 1286 ostendimus.

578 1319 746 1393 Igitur
803 1320 1055 1374 Mercurii
1110 1320 1266 1376 stella
1307 1318 1509 1376 Graacis
1569 1320 1825 1383 Στίλϐων,
1870 1319 2141 1392 Egyptiis

577 1412 840 1481 Apollinis
865 1412 1020 1467 stella
1051 1411 1271 1468 dicitur.
1306 1411 1506 1478 Quinta
1537 1418 1621 1466 est
1647 1409 1896 1475 Veneris,
1936 1409 2138 1466 Graecis

574 1499 812 1556 Lucifer.
868 1501 1084 1558 Primus
1135 1502 1330 1573 Ibycus
1379 1501 1435 1554 in
1495 1516 1657 1554 unum
1724 1500 2138 1570 appellationem

575 1593 868 1647 contraxit.
906 1594 1144 1658 Quartus
1190 1601 1274 1648 est
1313 1592 1396 1648 sol
1439 1591 1732 1663 Egypliis.
1779 1607 1937 1661 quem
1967 1589 2139 1645 Graeci

574 1694 787 1741 sextum
832 1697 1139 1743 numerant.
1193 1684 1434 1758 Septima
1477 1693 1561 1742 est
1605 1685 1755 1740 luna.
1789 1684 1982 1742 Musici
2009 1700 2137 1740 vero

571 1778 854 1834 zodiacum
899 1778 1186 1844 circulum,
1227 1786 1290 1833 ut
1335 1778 1392 1834 in
1448 1777 1751 1842 harmonia,
1803 1777 2014 1848 ﬁngunt
2049 1791 2137 1831 ra-

2261 581 2419 637 Ἀλλὰ
2440 581 2570 652 παρ’
2582 580 2804 650 Ἕλλησι
2823 579 2921 650 μὲν
2941 577 3151 634 κατὰτὸ
3165 579 3408 650 εὔφημον
3417 579 3642 650 λέγεται
3654 579 3798 649 οὕτω,

2248 673 2399 746 παρὰ
2429 674 2488 727 δὲ
2537 672 2851 743 Αἰγυπτίοις
2905 671 3194 742 Νεμέσεως
3244 670 3440 744 ἀστήρ.
3485 672 3799 746 Δεύτεροςὸ

2247 765 2368 829 Διὸς
2381 764 2503 819 καθ’
2523 764 2786 836 Ἕλληνας
2805 763 3019 818 Φαέθων
3038 779 3053 794 ⁸
3081 763 3224 817 κατὰ
3241 764 3300 818 δὲ
3320 763 3655 834 Αἰγυπτίους
3681 767 3801 821 Ὀσί-

2249 858 2392 930 ριδος
2408 858 2603 929 ἀστήρ.
2633 857 2823 929 Τρίτος
2847 858 2876 910 6
2903 855 2997 910 τοῦ
3027 857 3236 928 Ἄρεως
3264 858 3414 928 παρὰ
3440 857 3543 928 μὲν
3582 858 3800 930 Ἕλλησι

2247 952 2508 1023 Πυρόειςο
2559 951 2710 1024 παρὰ
2757 951 2816 1005 δὲ
2862 950 3179 1019 Αἰγυπτίοις
3233 950 3566 1022 Ἡρακλέους
3611 953 3798 1024 ἀστήρ.

2247 1043 2512 1116 Τέταρτος
2546 1046 2574 1098 6
2605 1042 2697 1098 τοῦ
2732 1043 2932 1116 Ἑρμοῦ
2951 1059 2966 1074 ο
2995 1043 3226 1098 δεδόσθω
3271 1043 3380 1116 γὰρ
3423 1043 3521 1098 νῦν
3548 1045 3800 1118 τέταρτον

2243 1137 2406 1190 αὑτὸν
2437 1135 2596 1192 είναι.
2631 1137 2856 1210 Εἴρηται
2897 1137 3026 1208 γὰρ,
3072 1139 3155 1192 ὅτι
3183 1137 3448 1206 διαφωνία
3485 1139 3659 1212 πολλὴ
3683 1141 3799 1212 περί

2244 1227 2349 1280 τῶν
2374 1228 2619 1300 ἀστέρων
2659 1228 2861 1282 τούτων
2879 1229 3044 1293 ἐστὶν,
3081 1229 3304 1300 Ἑρμοῦ,
3328 1230 3422 1284 καὶ
3465 1231 3795 1304 Ἀφροδίτης,

2242 1317 2337 1372 καὶ
2386 1318 2556 1389 ἡλίου.
2604 1320 2660 1373 Ὁ
2703 1319 2881 1373 τοίνυν
2921 1319 3121 1392 Ἑρμοῦ
3161 1320 3337 1392 ἀστὴρ
3364 1322 3612 1376 καλεῖται
3659 1326 3797 1395 παρά

2244 1410 2342 1480 μὲν
2371 1410 2596 1481 Ἕλλησι
2627 1411 2884 1477 Στίλϐων,
2920 1411 3071 1485 παρὰ
3098 1412 3157 1466 δὲ
3185 1413 3504 1482 Αἰγυπτίοις
3544 1415 3798 1472 Ἀπόλλω-

2241 1518 2330 1564 νος
2366 1503 2558 1576 ἀστήρ.
2611 1503 2866 1574 Πέμπτος
2907 1506 2936 1558 6
2985 1505 3084 1574 τῆς
3138 1505 3458 1578 Ἀφροδίτης
3503 1508 3657 1580 παρὰ
3709 1511 3796 1581 μὲν

2241 1593 2495 1666 Ἕλλησιν
2567 1594 2889 1666 Ἐωσφόρος.
2946 1595 3170 1666 Πρῶτος
3225 1597 3282 1651 δὲ
3329 1597 3544 1664 Ἴϐυκος
3590 1602 3674 1665 είς
3714 1602 3798 1677 ἕνα

2242 1686 2544 1742 συνέστειλε
2579 1686 2678 1752 τὰς
2729 1689 3120 1760 προσηγορίας.
3175 1690 3446 1762 Τέταρτος
3497 1694 3557 1747 δὲ
3598 1696 3630 1747 6
3661 1695 3799 1766 ἥλιος

2241 1779 2358 1829 κατ’
2389 1777 2736 1846 Αἰγυπτίους,
2772 1777 2929 1841 ἕκτος
2957 1777 3014 1832 δὲ
3053 1778 3175 1832 καθ’
3208 1779 3494 1852 Ἕλληνας.
3537 1783 3800 1856 Ἕϐδομος

570 1870 779 1925 tionem
826 1868 1024 1924 habere
1081 1868 1345 1942 phthongi
1395 1869 1713 1924 chromatici
1759 1845 1974 1938 generis
2025 1867 2129 1923 dis-

2237 1867 2293 1922 δὲ
2346 1871 2374 1923 6
2419 1845 2517 1940 τῆς
2563 1869 2808 1942 σελήνης.
2848 1873 2910 1924 Οἱ
2948 1871 3006 1924 δὲ
3042 1873 3290 1942 μουσικοὶ
3329 1845 3682 1931 flammaverat

568 1961 767 2033 juncti,
800 1959 1022 2015 Saturni
1066 1961 1275 2017 stellam
1325 1961 1592 2016 rationem
1639 1961 1886 2016 obtinere
1914 1961 2133 2017 harmo-

569 2054 709 2108 nica:
745 2052 1097 2124 disjunctam,
1125 2052 1245 2108 Jovi
1277 2053 1524 2108 ordinem
1551 2053 1799 2108 tribuunt
1826 2053 1882 2106 in
1907 2053 2135 2109 musicis

567 2145 852 2216 phthongi,
877 2159 1038 2216 quem
1066 2143 1348 2199 diatonum
1369 2142 1702 2212 disiunctum
1724 2149 1942 2205 vocant,
1976 2141 2133 2196 Marti

566 2251 719 2299 vero,
751 2235 890 2305 ejus,
922 2249 1081 2305 quem
1113 2249 1436 2305 parameson
1465 2232 1767 2287 nominant.
1797 2231 1887 2286 Sic
1923 2230 2134 2287 Mercu-

566 2326 683 2382 rius
733 2327 790 2380 in
835 2326 1026 2382 eadem
1081 2326 1290 2381 musica
1337 2325 1669 2396 pbthongum
1713 2323 1815 2379 sibi
1871 2321 2129 2386 vindicat,

567 2420 660 2490 qui
718 2433 895 2474 meses
945 2429 1191 2475 vocatur.
1241 2417 1374 2472 Nam
1409 2416 1633 2472 Veneris
1692 2415 1846 2472 stella
1892 2414 2128 2470 medium

564 2511 826 2566 diatonon
857 2517 1024 2568 tenet.
1067 2509 1161 2566 Sol
1204 2511 1311 2566 nisi
1340 2516 1568 2580 quartus
1604 2515 1709 2573 est,
1761 2508 1856 2563 sed
1901 2515 2127 2575 sextus;

564 2604 728 2659 medii
769 2603 972 2657 lichani
1025 2605 1199 2660 instar
1235 2605 1359 2660 erit.
1392 2601 1565 2665 Luna,
1599 2617 1720 2673 qum
1763 2600 1992 2670 septima
2018 2605 2124 2664 est,

563 2695 826 2765 pbthongi
853 2694 998 2748 illius
1025 2693 1272 2749 ordinem
1306 2700 1472 2760 tenet,
1501 2693 1595 2764 qui
1638 2700 1721 2748 est
1761 2693 1985 2762 bypates
2015 2705 2130 2744 me-

562 2789 686 2843 diae.
713 2786 1084 2852 Intervallum,
1115 2785 1262 2858 quod
1309 2785 1378 2840 ad
1417 2800 1590 2856 usque
1641 2785 1824 2839 lunam
1873 2783 2126 2854 pertinet,

561 2881 780 2953 quidam
821 2881 1126 2936 attribuunt
1169 2880 1220 2935 ei
1252 2878 1549 2950 plitbongo,
1593 2892 1755 2948 quem
1801 2875 1856 2929 in
1903 2872 2128 2928 musicis

561 2973 800 3046 hypaton
827 2974 1108 3029 diatonum
1137 2971 1429 3043 appellant.

2240 1961 2498 2024 ζωδιακὸν
2530 1960 2724 2015 κύκλον
2753 1962 2827 2026 ὡς
2861 1965 2917 2016 ὲν
2947 1963 3181 2036 ἁρμονίᾳ
3208 1965 3359 2032 τάξιν
3385 1967 3531 2039 ἔχειν
3565 1970 3798 2040 φθόγγου

2237 2051 2330 2105 τοῦ
2363 2053 2461 2124 τῆς
2488 2055 2840 2125 χρωματικῆς
2875 2054 3282 2128 διεζευγμένουο
3317 2059 3410 2114 τὸν
3454 2061 3514 2114 δὲ
3544 2063 3642 2117 τοῦ
3672 2066 3800 2136 Κρό-

2236 2160 2327 2196 νου
2351 2144 2566 2214 ἐπέχειν
2590 2144 2744 2213 λόγον
2779 2146 2875 2216 τῆς
2910 2148 3228 2220 ἐναρμονίου
3267 2150 3356 2204 τὸν
3401 2150 3793 2225 διεζευγμένον·

2235 2237 2262 2288 6
2302 2235 2359 2288 δὲ
2410 2235 2504 2288 τοῦ
2550 2236 2670 2300 Διὸς
2729 2236 2878 2302 τάξιν
2918 2237 3060 2309 ἔχειν
3108 2241 3154 2272 ³⁸
3182 2243 3240 2294 ὲν
3269 2246 3500 2315 μουσικῇ
3564 2246 3796 2315 φθόγγου

2233 2326 2326 2380 τοῦ
2381 2327 2711 2398 καλουμένου
2759 2329 3000 2383 διατόνου
3050 2331 3450 2405 διεζευγμένου.
3521 2336 3581 2390 '0
3619 2338 3676 2390 δὲ
3703 2339 3794 2392 τοῦ

2237 2421 2444 2490 Ἀρεως
2484 2420 2636 2485 τάξιν
2674 2420 2784 2492 ἔχει
2832 2422 3066 2493 φθόγγου
3108 2424 3202 2478 τοῦ
3247 2426 3580 2498 καλουμένου
3628 2449 3799 2501 παρα-

2235 2513 2417 2584 μέσου.
2463 2513 2518 2567 ’0
2542 2513 2598 2567 δὲ
2634 2515 2726 2568 τοῦ
2760 2514 2959 2587 Ἑρμοῦ
2989 2517 3139 2584 τάξιν
3161 2518 3345 2590 ἐπέχει
3370 2520 3611 2590 φθόγγου
3651 2526 3797 2595 παρὰ

2235 2603 2509 2668 μουσικοῖς
2552 2602 2648 2673 τῆς
2685 2603 2876 2674 μέσης.
2941 2605 2997 2657 '0
3039 2606 3096 2659 δὲ
3140 2607 3238 2678 τῆς
3288 2609 3606 2683 Ἀφροδίτης
3648 2614 3798 2678 τάξιν

2233 2689 2345 2761 ἔχει
2379 2691 2615 2760 φθόγγου
2656 2692 2944 2766 λεγομένου
2969 2696 3130 2767 μέσου
3153 2699 3414 2757 διατόνου.
3453 2702 3510 2756 Ὀ
3538 2703 3596 2756 δὲ
3627 2705 3795 2775 ἥλιος,

2233 2783 2328 2837 ἐὰν
2362 2783 2436 2855 μὴ
2460 2784 2736 2855 τέταρτος,
2760 2785 2897 2840 ἀλλὰ
2940 2788 3096 2852 ’έκτος
3125 2791 3275 2863 δοθῇ,
3309 2793 3461 2847 ἔσται
3514 2795 3670 2862 τάξιν
3699 2800 3798 2853 ἒπ-

2231 2873 2370 2943 έχων
2393 2875 2556 2946 μέσου
2580 2876 2817 2947 λιχανοῦ.
2855 2879 2918 2932 Ἦ
2939 2880 2994 2934 δὲ
3018 2881 3233 2954 σελήνη.
3259 2884 3458 2958 ἑϐδόμη
3472 2883 3630 2953 οὖσα,
3647 2891 3795 2955 τάξιν

2230 2961 2417 3034 ἐπέχει
2457 2963 2693 3035 φθόγγου
2749 2966 2844 3022 τοῦ
2877 2969 3164 3042 λεγομένου
3209 2973 3417 3045 ὑπάτης
3470 2977 3662 3049 μέσης.
3721 2982 3795 3036 T6

558 3066 616 3118 δὲ
639 3066 745 3119 ἀπὸ
794 3065 896 3135 γῆς
934 3065 1210 3136 διάστημα
1268 3063 1429 3134 μέχρι
1488 3062 1586 3134 τῆς
1645 3061 1888 3132 σελήνης,
1923 3057 2167 3112 θέλουσιν
2205 3049 2344 3107 εἷναί
2393 3072 2539 3120 τινες
2579 3059 2689 3112 61:6
2713 3060 2951 3132 φθόγγου
2998 3061 3092 3116 τοῦ
3140 3063 3290 3136 παρὰ
3343 3069 3457 3132 τοῖς
3508 3075 3783 3140 μουσικοῖς

561 3161 781 3217 ὑπάτων
806 3161 1068 3216 διατόνου.

558 3275 666 3346 81
710 3272 787 3327 De
817 3289 876 3346 eo
901 3289 1058 3346 anno,
1093 3272 1182 3346 qui
1209 3287 1426 3342 magnus
1457 3270 1675 3346 dicitur,
1715 3279 1762 3324 et
1809 3275 1931 3338 quot
1971 3265 2121 3322 annis

2232 3261 2322 3328 Τίς
2354 3263 2782 3346 δ’καλούέιεννος
2808 3264 3444 3346 μέγαςβένιαυζὸςηκαὶ
3478 3271 3562 3346 ἐνξ
3585 3274 3794 3343 3600.;

754 3343 1028 3414 cujuslibet
1057 3341 1387 3412 planetarum
1421 3341 1674 3396 revolutio
1709 3348 1931 3394 constet.

632 3520 720 3574 18.
740 3519 950 3576 llursus
973 3521 1144 3591 prima
1158 3521 1399 3575 omnium
1422 3520 1641 3576 Saturni
1664 3521 1818 3576 stella
1845 3523 1910 3577 ab
1926 3538 2035 3578 uno
2050 3522 2126 3578 si-

561 3627 669 3682 gno
697 3611 763 3665 ad
796 3612 961 3677 idem,
993 3623 1050 3666 ut
1083 3612 1263 3668 minus
1297 3621 1549 3669 accurate
1574 3613 1775 3679 dicam,
1806 3623 1860 3669 et
1904 3613 2122 3683 platice,

560 3703 616 3757 in
648 3701 804 3757 annis
838 3701 1058 3772 triginta
1085 3701 1408 3768 revertitur;
1435 3702 1502 3757 ab
1538 3703 1726 3758 eodem
1759 3717 1886 3758 vero
1921 3711 2124 3772 puncto

559 3795 629 3851 ad
676 3795 816 3852 idem
865 3803 1145 3865 punctum,
1185 3795 1240 3849 in
1283 3794 1440 3850 annis
1476 3793 1704 3850 550635.
1743 3794 1919 3865 Atque
1949 3795 1997 3851 is
2040 3802 2126 3851 est

469 3881 475 3888 ’
563 3888 658 3958 qui
691 3903 919 3959 magnus
953 3903 1126 3942 annus
1165 3888 1486 3957 appellatur.
1522 3885 1671 3942 Jovis
1701 3889 1856 3944 stella
1885 3889 2122 3944 secunda

564 3981 671 4035 situ
699 3979 767 4034 ad
797 3979 938 4035 idem
968 3980 1180 4050 signum
1206 3980 1401 4049 platice
1433 3980 1487 4034 in
1519 3979 1677 4036 annis
1701 3979 1767 4033 12
1791 3981 2121 4052 regreditur;

561 4070 632 4126 ad
682 4070 825 4126 idem
877 4079 1136 4142 punctum
1185 4072 1238 4126 in
1281 4072 1439 4128 annis
1475 4071 1704 4128 170620.
1749 4072 1936 4130 Martis
1966 4075 2123 4130 stella

559 4164 851 4219 circuitum
879 4165 1110 4220 absolvit
1147 4181 1176 4219 a
1207 4165 1362 4234 signo
1385 4166 1451 4222 ad
1475 4166 1688 4237 signum
1721 4167 1935 4224 rediens
1965 4168 2122 4223 annis

557 4254 804 4322 duobus;
843 4255 909 4309 ad
935 4255 1073 4310 idem
1096 4271 1227 4312 vero
1249 4265 1511 4327 punctum
1537 4259 1696 4314 annis
1718 4259 1945 4315 120000.
1969 4257 2122 4315 Luna

558 4346 799 4416 quolibet
833 4361 1018 4402 mense
1064 4363 1094 4401 a
1142 4348 1297 4417 signo
1327 4349 1396 4405 ad
1425 4349 1566 4405 idem
1622 4351 1840 4423 signum
1895 4351 2124 4407 reverti-

556 4447 680 4504 tur;
709 4440 792 4494 sol
821 4453 949 4494 vero
977 4439 1168 4496 diebus
1213 4439 1318 4495 365
1359 4451 1412 4496 et
1449 4442 1660 4498 minuto
1692 4462 1705 4497 :
1737 4441 1882 4513 quod
1911 4450 2122 4514 tempus

558 4530 755 4587 solaris
803 4532 1106 4603 appellatur
1153 4549 1349 4589 annus.
1404 4533 1666 4591 Similiter
1705 4543 1761 4590 et
1799 4535 2026 4592 Veneris
2057 4553 2122 4593 ac

2295 3333 2536 3405 χρόνοις
2597 3333 2854 3402 ἕκαστος
2894 3333 2903 3336 ’
2943 3335 3060 3390 τῶν
3135 3338 3456 3405 πλανήτων
3531 3333 3788 3400 ἀποκαθῖ

2295 3403 2550 3456 [σταται.

2296 3523 2385 3588 ιη’.
2419 3517 2587 3572 Πάλιν
2622 3519 2651 3572 6
2681 3517 2914 3589 πρῶτος,
2942 3520 2972 3572 6
2998 3515 3091 3572 τοῦ
3120 3520 3324 3592 Κρονου
3347 3523 3544 3595 αστὴρ,
3601 3543 3783 3598 παρας

2230 3608 2439 3676 γίνεται
2483 3607 2590 3662 ἀπὸ
2635 3606 2826 3672 ζωδίου
2861 3607 2954 3660 ἐπὶ
2983 3606 3169 3672 ζώδιον
3197 3611 3532 3682 παχυμερῶς
3565 3614 3668 3684 μὲν
3699 3616 3790 3668 καὶ

2232 3699 2542 3764 πλατυκῶς,
2562 3699 2704 3752 ἔτεσι
2731 3699 3042 3770 τριάκοντα,
3074 3699 3180 3754 61:6
3212 3701 3268 3754 δὲ
3301 3704 3527 3774 σημείου
3552 3706 3791 3760 ἀποκαθ-

2235 3792 2443 3844 ίσταται
2469 3791 2527 3844 ὲν
2563 3787 2698 3842 ὲτῶν
2741 3789 2965 3860 μυριάσι
3019 3793 3471 3862 τριακονταπέντε
3497 3795 3595 3849 καὶ
3621 3796 3792 3852 ἐτεσιν

2225 3884 2522 3950 ἑξακοσίοις
2557 3881 3034 3953 τριακονταπέντε.
3070 3876 3238 3948 Οὗτος
3269 3885 3327 3938 δέ
3358 3886 3505 3940 ἐστιν
3536 3889 3569 3940 6
3597 3889 3762 3943 καλοῦ

2226 3994 2380 4049 μενος
2409 3975 2581 4047 μέγας
2607 3973 2866 4038 ἐνιαυτός.
2909 3975 2968 4027 Ὃ
2997 3974 3053 4028 δὲ
3081 3975 3173 4029 τοῦ
3202 3976 3322 4040 Διὸς
3351 3978 3526 4050 ἀστὴρ
3554 3981 3584 4033 6
3611 3981 3788 4037 δεῦτε..

2227 4085 2319 4142 ρος
2364 4066 2722 4140 παραγίνεται
2768 4064 2875 4118 61:6
2914 4065 3103 4128 ζωδίου
3140 4065 3234 4119 ἐπὶ
3274 4066 3463 4131 ζώδιον
3502 4069 3784 4134 πλατυκῶς

2221 4161 2316 4216 καὶ
2340 4158 2670 4231 παχυμερῶς
2689 4157 2861 4212 ἔτεσιν
2886 4155 2971 4228 ιβ’·
2988 4157 3094 4211 ἀπὸ
3115 4157 3170 4210 δὲ
3193 4158 3418 4229 σημείου
3444 4159 3532 4212 ἐπὶ
3559 4163 3782 4230 σημεῖον

2221 4252 2644 4309 ἀποκαθίσταται
2677 4252 2735 4304 ὲν
2766 4249 3020 4323 μυριάσιν
3045 4249 3181 4304 ὲτῶν
3207 4250 3271 4314 ιζ’
3302 4251 3396 4304 καὶ
3419 4251 3552 4305 έτεσι
3578 4260 3683 4323 χκ’.
3719 4254 3780 4308 ’0

2220 4346 2277 4400 δὲ
2304 4344 2396 4399 τοῦ
2435 4344 2628 4416 Ἀρεος
2660 4343 3004 4414 περιέρχεται
3034 4341 3140 4395 ἀπὸ
3162 4340 3352 4404 ζωδίου
3386 4345 3477 4398 ἐπὶ
3502 4343 3684 4409 ζώδιον
3711 4345 3781 4399 δι’

2222 4436 2356 4491 ἐτῶν
2399 4435 2512 4501 δύο,
2543 4435 2636 4489 καὶ
2680 4434 2788 4488 ἀπὸ
2821 4434 3044 4505 σημείου
3075 4435 3166 4488 ἐπὶ
3189 4439 3411 4507 σημεῖον
3440 4437 3501 4492 ὲν
3530 4439 3782 4510 μυριάσιν

2224 4528 2358 4582 ἐτῶν
2395 4526 2480 4597 ιβ’.
2521 4525 2578 4578 ὐ
2615 4525 2672 4578 δὲ
2709 4527 2805 4596 τῆς
2865 4524 3179 4595 Ἀφροδίτης
3199 4527 3246 4558 ⁹⁶
3294 4528 3641 4600 περιέρχεται
3677 4531 3783 4584 ἀπὸ

555 4623 810 4680 Mercurii
851 4625 1042 4693 stellae,
1077 4625 1260 4682 itidem
1293 4634 1350 4681 ut
1390 4626 1494 4690 sol,
1523 4627 1592 4682 ad
1625 4627 1681 4682 id
1710 4629 1946 4699 signum,
1978 4630 2119 4688 unde

2232 4621 2408 4688 ζωδίου
2441 4620 2533 4673 ἐπὶ
2567 4617 2754 4683 ζὼδιον
2785 4617 2925 4670 κατὰ
2965 4616 3108 4687 μῆνα
3136 4618 3426 4674 ἓκαστον·ό
3451 4621 3510 4674 δὲ
3535 4622 3686 4693 ἥλιος
3725 4624 3782 4676 ἐν

556 4711 814 4783 profectae
863 4724 1010 4782 sunt,
1051 4731 1232 4772 annuo
1281 4716 1567 4773 intervallo
1621 4719 1966 4790 referuntur;
1993 4738 2117 4778 nam

555 4817 696 4874 pene
721 4803 911 4859 eadem
942 4805 1223 4862 celeritate
1250 4807 1560 4878 rapiuntur.
1589 4807 1671 4866 0b
1699 4811 1755 4866 id
1790 4812 1858 4868 de
1903 4813 2119 4869 illarum

557 4895 667 4950 situ
696 4898 1069 4953 controversia
1090 4899 1353 4955 nascitur.
1383 4900 1586 4957 Horum
1621 4904 1940 4974 spatiorum,
1973 4907 2120 4961 velut

556 4983 957 5054 phtbongorum
989 4987 1057 5042 ab
1088 4988 1289 5044 intimis
1333 4991 1466 5048 locis
1497 4993 1564 5048 ad
1613 4994 1894 5051 zodiacum
1925 5012 2115 5066 usque,

506 5100 511 5105 ν
556 5075 900 5130 intervallum
947 5077 1217 5148 ejusmodi
1253 5091 1337 5141 est
1371 5087 1517 5157 quod
1563 5103 1594 5142 a
1628 5089 1855 5147 musicis
1895 5098 2116 5144 vocatur

554 5165 838 5237 diapason.

627 5429 697 5485 At
744 5433 1003 5504 Chaldaei,
1031 5442 1340 5499 mortalium
1375 5447 1617 5503 omnium
1666 5449 1825 5522 longe
1852 5449 2114 5508 curiosis—

555 5527 701 5593 simi,
725 5530 845 5585 ausi
874 5541 1003 5588 sunt
1017 5549 1239 5592 cursum
1268 5539 1401 5596 solis
1422 5549 1585 5613 atque
1605 5543 1766 5601 horas
1781 5544 2107 5602 describere.

557 5615 767 5674 Etenim
796 5619 985 5677 horam
1015 5624 1183 5692 illam,
1203 5640 1308 5696 qua
1332 5628 1388 5682 in
1417 5632 1758 5702 aequiuoctiis
1778 5632 2107 5691 constitutus

624 5801 670 5834 "
697 5801 737 5872 Ι.
784 5799 912 5872 ἔχει.
988 5803 1033 5835 ’⁸
1061 5803 1102 5869 Ῑ.
1131 5799 1372 5875 σελήνης.

2220 4714 2325 4781 τξέ
2353 4712 2586 4784 ἡμέραις
2627 4709 2721 4764 καὶ
2761 4708 2960 4779 λεπτῷ⁶
2994 4707 3052 4771 ὃς
3081 4708 3143 4780 δὴ
3181 4711 3371 4782 χρόνος
3400 4713 3643 4767 καλεῖται
3679 4716 3781 4768 ἐνι-

2221 4806 2381 4869 αυτὸς
2405 4802 2646 4876 ήλιακός.
2694 4800 2921 4872 Ὁμοίως
2953 4801 3009 4854 δὲ
3041 4801 3180 4855 καὶὸ
3210 4803 3305 4872 τῆς
3345 4803 3660 4877 Ἀφροδίτης
3691 4809 3781 4859 καὶ

2218 4899 2312 4953 τοῦ
2348 4895 2551 4969 Ἑρμοῦ
2582 4897 2677 4950 σὺν
2703 4893 2779 4965 τῷ
2807 4894 2940 4966 ἡλίῳ
2971 4893 3037 4947 δι’
3065 4894 3309 4948 ἐνιαυτοῦ
3338 4895 3446 4948 ἀπὸ
3477 4895 3667 4960 ζωδίου
3691 4899 3780 4950 ἐπὶ

2219 4991 2407 5058 ςώδιον
2440 4989 2857 5061 παραγίνονται·
2889 4988 3073 5059 σχεδὸν
3096 4988 3202 5062 γὰρ
3234 4990 3498 5058 ίσοταχεῖς
3537 4991 3662 5045 εἰσι.
3691 4991 3778 5043 Διὸ

2217 5085 2313 5139 καὶ
2343 5084 2604 5153 διάφωνος
2622 5081 2796 5135 αὐτῶν
2831 5083 2864 5152 ἡ
2900 5081 3068 5148 τάξις.
3100 5081 3314 5135 Τούτων
3342 5081 3406 5154 δὴ
3431 5082 3538 5136 τῶν
3558 5083 3776 5152 διαστηο

2221 5175 2405 5246 μάτων
2434 5173 2543 5226 τῶν
2569 5171 2816 5241 φθόγγων
2844 5171 2953 5226 61:6
2984 5173 3093 5228 τῶν
3131 5172 3424 5226 κατωτάτω
3450 5172 3631 5226 τόπων
3678 5174 3774 5244 μέ-

2216 5285 2309 5340 χρι
2349 5264 2443 5321 τοῦ
2487 5263 2748 5330 ζωδιακοῦ
2781 5264 2986 5332 γίνεται
3029 5265 3301 5336 διάστημα
3336 5267 3650 5337 συμφωνίας
3679 5269 3774 5336 τῆς

2218 5359 2370 5431 παρὰ
2404 5360 2516 5421 τοῖς
2544 5357 2816 5428 μουσικοῖς
2840 5357 3137 5430 λεγομένης
3173 5357 3469 5412 διαπασῶν.

2276 5449 2540 5503 ’Χαλδαῖοι
2581 5449 2656 5514 δὲ,
2690 5449 3096 5520 περιεργότατοι
3139 5451 3436 5523 γενόμενοι,
3475 5448 3771 5520 ἐτόλμησαν

2215 5541 2307 5595 τοῦ
2342 5540 2490 5611 ἡλίου
2522 5543 2611 5594 τδν
2639 5540 2834 5612 δρόμον
2860 5543 2950 5594 καὶ
2979 5541 3077 5606 τὰς
3105 5542 3250 5615 ὧρας
3279 5540 3632 5614 διορίσασθαι.
3667 5540 3770 5610 Τὴν

2215 5632 2320 5705 γὰρ
2365 5634 2421 5688 ὲν
2465 5635 2582 5696 ταῖς
2625 5633 2928 5705 ἰσημερίαις
2974 5633 3120 5707 ὤραν
3163 5634 3351 5701 αὐτοῦ,
3390 5632 3508 5688 καθ’
3537 5633 3604 5707 ἦν
3648 5632 3770 5690 ἴσως
