4040 6206
305 372 410 431 957

1050 376 1367 434 ACHILLIS
1399 377 1582 434 TATll
1621 375 1918 436 lSAGOGE
1955 377 2048 433 AD
2081 375 2291 432 ARATI
2327 376 2793 436 ΡΗΕΝΟΜΕΝΑ.

3418 376 3513 434 158

303 488 574 559 διέρχεται
602 491 693 544 τὸν
718 491 896 558 πόλον,
925 495 1003 558 εἰς
1025 493 1066 546 λ’
1099 495 1256 567 ὅρους
1287 497 1613 568 μερίζουσιν·
1640 497 1778 551 ὥστε
1806 497 1861 550 τὸ

1969 498 2152 568 polum
2184 513 2251 553 ex
2279 512 2435 569 aequo
2460 498 2794 554 transeundo
2825 496 3037 564 dividit,
3066 494 3124 550 in
3141 494 3378 552 tricenos
3407 505 3517 552 ter-

305 578 350 632 λ’
381 579 550 651 μέρος
581 581 681 651 τῆς
710 581 878 653 ὥρας,
903 583 1000 654 τῆς
1029 585 1086 637 ἐν
1110 589 1174 657 τῇ
1204 588 1486 658 εσημερινῇ
1511 587 1713 658 ἡμέρᾳ,
1741 587 1865 657 ὅρον

304 669 559 738 λέγεσθαι
611 674 705 725 τοῦ
751 672 947 745 δρόμου
995 675 1090 728 τοῦ
1139 677 1308 747 ἡλίου.
1351 678 1581 747 Λέγουσι
1610 677 1668 731 δὲ
1706 677 1864 732 πάλιν

301 762 496 834 ἀνδρὸς
544 763 786 833 πορείαν,
826 766 960 837 μήτε
999 766 1278 837 τρέχοντος
1333 770 1467 840 μήτε
1502 769 1683 841 ἡρέμα
1718 767 1861 839 βαδί-

301 851 507 916 ζοντος,
529 855 662 926 μήτε
695 853 945 925 γέροντος
979 858 1113 929 μήτε
1141 859 1350 923 παιδὸς,
1367 858 1463 930 τὴν
1484 859 1706 930 πορείαν
1728 856 1863 912 εἶναι

299 943 396 996 τοῦ
430 944 605 1014 ἡλίου,
639 945 730 997 καὶ
757 945 799 997 λ’
832 947 1058 1001 σταδίων
1079 948 1333 1020 καθαρῶν
1358 945 1517 1003 εἶναι.

381 1035 598 1107 Ἐπειδὴ
625 1035 680 1089 δὲ
709 1035 932 1108 εἴπομεν
955 1038 1456 1112 καθυποϐεδηκέναι
1481 1042 1605 1105 τοὺς
1631 1041 1864 1113 ἀστέρας

295 1128 425 1190 τοὺς
472 1128 746 1200 πλάνητας
782 1129 888 1186 τῶν
930 1131 1132 1196 ἐπάνω,
1159 1134 1251 1186 καὶ
1277 1133 1374 1205 τὴν
1405 1134 1662 1188 ἀνωτάτω
1689 1134 1861 1205 ζώνην

297 1218 445 1290 ἔχειν
489 1220 582 1274 τὸν
634 1220 726 1274 τοῦ
771 1224 1000 1293 Κρόνου,
1030 1225 1130 1296 τὴν
1167 1225 1223 1278 δὲ
1270 1227 1406 1297 μετὰ
1436 1227 1637 1299 ταύτην
1660 1229 1749 1280 τὸν
1770 1226 1860 1279 τοῦ

295 1313 443 1381 Διὸς,
473 1313 572 1386 τὴν
604 1313 660 1367 δὲ
689 1317 874 1387 τρίτην
898 1316 987 1370 τὸν
1009 1316 1102 1370 τοῦ
1135 1320 1347 1389 Ἀρεος,
1373 1321 1466 1374 καὶ
1500 1318 1727 1390 καθεξῆς
1756 1321 1860 1374 τῶν

296 1403 476 1458 ἄλλων
493 1421 508 1436 ο
542 1403 670 1470 ἴσως
693 1407 759 1460 ἂν
791 1408 1042 1479 ζητήσειέ
1069 1427 1150 1473 τις
1173 1409 1288 1474 πῶς
1316 1429 1514 1484 φαμεν,
1539 1414 1586 1466 εἰ
1609 1412 1750 1465 οὕτω
1771 1412 1862 1464 τύ-

293 1510 407 1562 χοι,
438 1494 643 1565 Κρόνον
670 1496 762 1550 καὶ⁸
790 1497 938 1567 ἣλιον
971 1501 1028 1552 ἐν
1057 1501 1212 1572 Κριῷ
1245 1498 1379 1555 εῖναι
1401 1519 1415 1533 ο
1439 1503 1472 1573 ἢ
1513 1503 1739 1573 σελήνην
1768 1504 1862 1556 καὶ

294 1584 400 1638 Δία
452 1587 509 1639 ἐν
557 1586 779 1658 Ταύρῳο
807 1588 839 1659 ἢ
871 1589 1060 1654 ἄλλους
1114 1593 1267 1656 τινὰς
1301 1593 1532 1665 ἀστέρας
1565 1595 1777 1647 σύνοδον
1791 1597 1857 1659 ⁹⁷,

292 1678 461 1731 ὁπότε
487 1680 560 1750 μή
598 1682 733 1735 εἰσιν
764 1684 821 1735 ὲν
851 1681 927 1752 τῷ
958 1684 1106 1755 αὐτῷ
1139 1685 1261 1754 ὕψει
1291 1689 1593 1757 φερόμενοι.
1631 1688 1858 1740 Λεκτέον

293 1767 376 1831 δὲ,
393 1769 474 1823 ὅτι
494 1770 584 1823 ὑπ’
600 1771 858 1843 ἀλλήλους
880 1773 1028 1839 ὅντες
1050 1775 1167 1828 τότε
1198 1776 1442 1840 συνόδους
1463 1777 1858 1842 ποιοῦσιν,ὃταν

1965 585 2144 644 minos
2167 585 2442 653 dividunt,
2468 587 2603 642 adeo
2623 595 2680 642 ut
2704 586 2979 643 tricesima
2997 601 3123 657 pars
3139 585 3307 651 horae,
3323 601 3445 657 quae
3462 586 3518 642 in

1964 677 2326 749 aequinoctiali
2354 679 2442 736 die
2474 678 2552 745 ﬁt,
2577 681 2867 735 terminum
2895 678 3090 736 solaris
3112 693 3308 735 cursus
3340 678 3519 732 nomi-

1963 778 2114 826 nent.
2145 769 2411 828 Asserunt
2439 778 2701 842 praeterea
2731 772 2834 828 iter
2869 771 2992 836 viri,
3023 771 3117 842 qui
3147 785 3322 840 neque
3353 783 3520 825 cursu

1965 862 2192 928 feratur,
2224 879 2400 935 neque
2442 865 2586 920 lente
2615 865 2912 936 gradiatur,
2940 879 3119 934 neque
3141 877 3304 919 senex
3328 862 3401 918 sit
3425 867 3520 916 aut

1965 971 2121 1027 puer,
2161 957 2293 1014 solis
2319 957 2422 1013 iter
2447 972 2590 1023 esse,
2612 973 2675 1013 ac
2701 957 2904 1012 tricena
2933 970 3054 1012 esse
3072 967 3222 1011 mera
3249 952 3441 1010 stadia.

1999 1037 2008 1045 ’
2031 1042 2167 1098 Cum
2193 1053 2372 1100 autem
2401 1046 2647 1117 planetas
2668 1046 2965 1102 dixerimus
2987 1043 3360 1114 superioribus
3387 1040 3520 1099 stel-

1964 1133 2034 1190 lis
2089 1135 2364 1206 subjectos
2410 1151 2553 1202 esse,
2588 1153 2652 1194 ac
2691 1150 3000 1208 supremam
3037 1149 3226 1191 zonam
3274 1134 3521 1190 obtinere

1963 1224 2280 1294 Saturnum,
2324 1229 2626 1300 proximam
2675 1229 2743 1284 ab
2793 1243 2879 1294 eo,
2907 1226 3116 1292 Jovem,
3146 1225 3361 1280 tertiam
3395 1239 3520 1281 esse

1965 1317 2172 1386 Martis,
2223 1335 2288 1375 ac
2345 1320 2602 1391 deinceps
2657 1325 2902 1384 ceteros,
2933 1325 3136 1389 quaeret
3171 1317 3368 1387 aliquis
3400 1315 3516 1370 lor-

1960 1419 2128 1477 tasse,
2159 1412 2431 1482 quomodo
2449 1412 2558 1468 dici
2583 1412 2773 1477 soleat,
2796 1408 3113 1475 Saturnum,
3139 1407 3378 1478 exempli
3397 1420 3518 1477 gra-

1957 1504 2054 1570 tia,
2083 1505 2166 1560 vel
2227 1505 2405 1561 solem
2463 1506 2520 1560 in
2561 1505 2746 1560 Ariete
2792 1503 3035 1570 versari;
3067 1510 3161 1556 aut
3197 1501 3402 1567 lunam,
3431 1497 3519 1555 vel

1957 1586 2144 1644 Jovem
2173 1589 2229 1644 in
2257 1589 2469 1657 Tauro;
2494 1590 2580 1646 vel
2604 1590 2741 1646 alias
2762 1588 2945 1646 stellas
2960 1588 3032 1643 ibi
3056 1588 3112 1642 in
3139 1585 3348 1658 synodo
3373 1599 3516 1651 esse,

1959 1698 2082 1738 cum
2131 1684 2188 1738 in
2229 1683 2417 1741 eadem
2468 1683 2753 1740 altitudine
2780 1699 2902 1741 esse
2946 1687 3238 1753 nequeant.
3267 1677 3408 1734 Huic
3443 1679 3519 1733 ita

1959 1775 2370 1845 respondemus,
2425 1789 2550 1829 cum
2598 1774 2702 1830 sibi
2745 1773 2977 1829 invicem
3015 1771 3261 1842 subjecta
3293 1774 3423 1826 sunt
3452 1781 3518 1822 ea

293 1851 442 1905 κατὰ
469 1853 692 1908 κάθετον
721 1856 960 1926 ἀλλήλων
1013 1859 1294 1926 γένωνται.
1329 1861 1536 1915 Είδέναι
1564 1862 1620 1915 δὲ
1641 1862 1764 1933 χρὴ,
1789 1862 1861 1926 ὼς

1962 1865 2160 1931 sidera,
2188 1865 2454 1937 synodum
2483 1865 2662 1921 facere
2678 1881 2694 1931 ;
2710 1878 2836 1919 cum
2861 1861 3116 1918 videlicet
3129 1860 3333 1916 directe
3347 1871 3540 1936 unum.

290 1944 346 1996 οἱ
367 1943 687 2017 ἀστρονόμοι
724 1947 925 2002 διδόασι
955 1946 1258 2022 ζὼναςἸτῶν
1292 1952 1574 2023 πλανήτων
1596 1952 1856 2023 ἀστέρων.

304 2036 367 2088 Ὀ
419 2037 477 2090 δὲ
533 2037 754 2091 Πλάτων
810 2041 1044 2113 σφαίρας
1092 2040 1228 2096 εἰναι
1255 2043 1400 2112 λέγει
1437 2045 1562 2115 μίαν
1595 2044 1697 2097 ὑπὸ
1732 2045 1860 2114 μίαν

291 2129 530 2200 ἑκάστῳ.
573 2131 630 2184 '0
656 2132 712 2185 δὲ
744 2133 995 2205 Ἄρατος,
1022 2133 1150 2205 περὶ
1183 2134 1289 2188 τῶν
1319 2136 1474 2189 πέντε
1504 2135 1678 2204 λέγειν
1722 2153 1860 2206 παρ-

291 2223 678 2293 αιτησάμενος.
715 2226 851 2295 μετά
883 2227 982 2299 τὴν
1025 2227 1134 2280 τῶν
1171 2228 1509 2297 φαινομένων
1541 2227 1702 2293 δεῖξιν
1733 2227 1860 2299 περὶ

291 2313 447 2384 ἡλίου
476 2316 569 2368 καὶ
602 2315 828 2389 σελήνης
853 2317 1018 2387 λέγει.

361 2502 485 2555 Τῶν
530 2502 585 2556 δὲ
635 2503 876 2575 ἀστέρων
919 2505 969 2558 οἱ
1008 2503 1108 2576 μὲν
1157 2504 1412 2569 ἀπλανεῖς
1449 2506 1744 2578 ὲναρήρασι
1780 2505 1857 2578 τῷ

289 2594 528 2666 οὐρανῷ,
563 2596 655 2650 καί
703 2599 839 2650 εἰσιν
894 2597 1139 2668 ἀκίνητοι
1197 2598 1336 2652 κατά
1375 2598 1468 2652 τὸν
1505 2598 1631 2652 ῖδιον
1667 2598 1852 2667 λόγον·

293 2690 796 2762 συμπεριφέρονται
830 2691 886 2745 δὲ
929 2694 991 2762 τῇ
1030 2691 1176 2764 ῥύμῃ
1206 2691 1300 2745 τοῦ
1337 2691 1688 2763 ούρανοῦ,ἀεί
1721 2693 1857 2746 κατά

289 2781 365 2834 τὰ
420 2782 559 2836 αύτά
604 2782 697 2835 καὶ
738 2783 996 2847 ὡσαύτως
1037 2782 1281 2848 δύνοντες
1327 2783 1419 2836 καὶ
1451 2782 1852 2847 ἀνατέλλοντες

289 2873 375 2927 διὸ
422 2873 516 2926 καὶ
574 2874 831 2938 ἀπλανεῖς
885 2876 1210 2947 ἐκλήθησαν.
1237 2874 1417 2928 Ἀλλοι
1453 2874 1510 2928 δέ
1553 2876 1688 2927 εἰσιν
1721 2874 1858 2928 έπτά

292 2966 524 3038 ἀστέρες
556 2966 848 3038 κατωτέρω
898 2967 991 3020 τοῦ
1036 2967 1263 3040 ούρανοῦ
1308 2969 1366 3020 ὲν
1413 2967 1491 3038 τῷ
1532 2968 1738 3039 ἀέριθε,
1766 2967 1859 3020 καὶ

296 3058 442 3122 ἰδίως
471 3060 564 3112 καὶ
604 3060 742 3130 μετά
784 3059 876 3112 τοῦ
912 3059 1137 3128 ούρανοῦ
1169 3059 1501 3131 κινούμενοι·
1537 3061 1731 3124 οἵτινες
1780 3058 1858 3129 τῷ

295 3150 434 3204 ἰδίαν
487 3151 696 3222 κίνησιν
759 3151 922 3221 ἔχειν,
963 3153 1053 3205 καὶ
1117 3153 1190 3225 μὴ
1239 3154 1500 3227 ἀρηρέναι
1525 3154 1599 3225 τῷ
1623 3155 1854 3227 οὐρανῷ,
1885 3198 1925 3227 ,η

294 3243 411 3297 ἀλλ’
445 3245 503 3297 ὲν
530 3243 607 3315 τῷ
639 3243 811 3316 αἰθέρι
846 3245 1121 3316 φέρεσθαι,
1150 3243 1272 3298 οὔτε
1302 3246 1444 3300 κατὰ
1464 3248 1532 3300 τά
1564 3247 1701 3300 αὐτά
1736 3246 1856 3300 οὔτε
1885 3231 1926 3255 υ

289 3335 555 3400 ὡσαύτως
578 3337 922 3390 ἀνατέλλούσι
943 3356 955 3368 ·
983 3337 1061 3390 διὸ
1089 3337 1226 3409 πρὸς
1258 3337 1541 3410 σύγκρισιν
1563 3339 1668 3393 τῶν
1688 3339 1860 3394 ἀπλα-

290 3425 402 3479 νῶν
431 3426 698 3498 πλάνητες
734 3427 1000 3497 λέγονται.
1033 3430 1096 3482 Οί
1123 3429 1182 3482 δὲ
1222 3425 1584 3502 Πυθαγόρειοι¹
1606 3431 1665 3484 ού
1703 3431 1859 3502 μόνον

287 3519 420 3582 τοὺς
467 3518 742 3591 πλάνητας
784 3521 918 3574 ἰδίαν
946 3521 1155 3592 κίνησιν
1200 3521 1342 3592 ἔχειν
1390 3522 1730 3592 φασὶν,ἀλλά
1766 3525 1859 3576 καὶ

289 3612 419 3674 τοὺς
461 3611 748 3675 ἀπλανεῖς·
783 3613 924 3666 οὕτω
977 3614 1156 3684 μέντοι
1188 3615 1452 3669 κινεῖσθαι
1486 3615 1562 3678 ὡς
1590 3614 1858 3685 τρύπανον

289 3697 732 3769 περιδινούμενον
771 3703 898 3772 περὶ
923 3702 1016 3754 τὸν
1045 3702 1208 3756 αὑτὸν
1243 3704 1426 3758 τόπον.
1463 3704 1759 3757 Ἐκλείπειν
1802 3705 1858 3758 δὲ

282 3791 520 3853 ἕκαστος
564 3793 685 3846 τότε
717 3793 823 3848 τῶν
859 3795 1102 3866 ἀστέρων
1126 3797 1288 3862 δοκεῖ,
1312 3798 1421 3862 ὅτε,
1450 3799 1857 3870 προσγειότερος

284 3883 461 3939 αὑτοῦ
495 3886 633 3940 κατά
664 3887 888 3942 κάθετον
913 3889 1219 3960 γενόμενος,
1247 3891 1547 3945 ὑπεισέλθοι
1575 3891 1669 3963 τὴν
1688 3891 1859 3964 αὐγὴν

279 3976 388 4030 τοῦ
427 3977 595 4047 ἡλίου.

889 4177 1028 4247 Περί
1067 4178 1263 4246 ἡλίου.

357 4264 452 4320 ιθ⁹.
496 4267 689 4321 Πολλοὶ
743 4267 850 4320 τῶν
904 4270 1340 4342 ὲπιφανεστέρων
1366 4270 1492 4342 περὶ
1514 4271 1558 4304 ⁹⁹
1587 4269 1735 4342 ἡλίου
1765 4268 1860 4324 καὶ

281 4359 525 4431 σελήνης
581 4360 1125 4432 ἐπραγματεύσαντοο
1181 4363 1286 4433 ἰδίᾳ
1337 4362 1393 4416 δὲ
1435 4364 1528 4416 καὶ
1581 4363 1710 4435 περί
1752 4362 1858 4416 τῶν

283 4453 474 4506 πέντε.
528 4452 618 4505 Διὸ
667 4453 760 4507 καὶ
802 4454 1036 4524 Ἀρατος
1078 4453 1220 4517 ἰδίως
1269 4455 1367 4525 μὲν
1411 4454 1536 4526 περὶ
1582 4455 1730 4526 ἡλίου
1764 4455 1857 4508 καὶ

1961 1957 2115 2012 alteri
2166 1957 2474 2027 subjicitur.
2510 1957 2805 2013 Sciendum
2853 1963 3035 2010 tamen
3065 1959 3148 2008 est
3174 1959 3517 2007 astronomos

1958 2047 2194 2118 planetis
2222 2047 2462 2104 circulos
2494 2047 2792 2119 assignare,
2822 2046 3102 2102 Platonem
3120 2057 3250 2099 vero
3276 2040 3517 2112 spheras

1958 2155 2081 2197 esse
2128 2146 2341 2211 putare,
2392 2155 2626 2212 quarum
2661 2139 2817 2195 alteri
2866 2139 3036 2194 altera
3093 2135 3374 2207 supposita
3420 2132 3513 2189 sit.

1956 2232 2158 2291 Aratus
2206 2247 2370 2306 porro
2423 2249 2549 2289 cum
2595 2233 2662 2288 de
2715 2232 2956 2304 quinque
3003 2227 3238 2302 planetis
3277 2224 3518 2283 scribere

1957 2325 2246 2389 renuisset,
2265 2333 2552 2396 postquam
2578 2324 2646 2380 de
2671 2320 3060 2395 apparentibus
3088 2332 3308 2375 carmen
3336 2312 3520 2370 absol-

1955 2416 2059 2482 vit,
2088 2416 2156 2472 de
2183 2417 2297 2473 sole
2325 2418 2436 2489 agit
2481 2431 2546 2470 ac
2577 2417 2727 2470 luna.

2025 2509 2194 2580 lgitur
2220 2509 2524 2574 stellarum,
2551 2522 2672 2577 quae
2705 2507 3008 2562 inerrantes
3031 2501 3312 2564 dicuntur,
3343 2495 3522 2552 inﬁxae

1956 2610 2082 2658 sunt
2129 2600 2287 2665 coelo,
2321 2607 2374 2654 et
2425 2599 2686 2670 peculiari
2740 2597 2950 2650 ratione
2992 2601 3122 2650 sunt
3160 2589 3466 2646 immobiles
3499 2605 3518 2645 :

1955 2693 2175 2750 tametsi
2231 2692 2353 2748 coeli
2417 2688 2908 2746 circumvolutione
2961 2683 3267 2754 rapiantur,
3323 2681 3516 2736 iisdem

1956 2787 2092 2842 locis
2145 2801 2210 2842 ac
2249 2785 2499 2842 similiter
2533 2796 2765 2838 occasus
2807 2785 3070 2847 ortusque
3121 2774 3422 2830 facientes:
3448 2772 3518 2826 ob

1958 2879 2011 2934 id
2077 2880 2380 2936 inerrantes
2430 2875 2590 2930 dictae
2628 2880 2775 2930 sunt.
2806 2870 3004 2926 Praeter
3025 2869 3126 2924 has
3145 2867 3263 2922 aliae
3286 2857 3416 2922 sunt
3439 2879 3520 2919 se-

1957 2981 2102 3041 ptem
2151 2981 2380 3024 numero
2438 2966 2607 3022 stellae
2662 2963 2806 3018 inira
2847 2961 3045 3016 coelum
3075 2972 3196 3028 qua:
3237 2955 3294 3011 in
3320 2953 3519 3009 aethere

1958 3071 2066 3116 tam
2095 3062 2316 3132 proprio
2347 3069 2520 3124 motu,
2553 3071 2716 3129 quam
2755 3056 3022 3124 impresso
3048 3051 3116 3108 iis
3146 3051 3214 3105 ab
3243 3047 3383 3104 caelo
3409 3060 3517 3100 mo-

1958 3162 2172 3210 ventur.
2199 3152 2330 3219 Quae
2362 3167 2485 3206 cum
2514 3149 2782 3220 proprios,
2815 3155 2876 3202 ut
2901 3145 3036 3210 dixi,
3056 3149 3237 3197 motus
3259 3139 3518 3201 habeant,

1959 3262 2132 3317 neque
2161 3245 2216 3300 in
2240 3245 2379 3306 coelo
2406 3242 2594 3298 deﬁxae
2627 3241 2756 3307 sint,
2785 3238 2879 3296 sed
2910 3239 2966 3293 in
2991 3236 3190 3292 aethere
3239 3231 3515 3294 ferantur;

1959 3353 2134 3409 neque
2191 3336 2326 3392 locis
2376 3335 2592 3398 iisdem,
2627 3347 2729 3387 nec
2762 3330 2950 3387 eodem
2979 3325 3139 3383 modo
3175 3323 3425 3380 oriuntur
3465 3326 3520 3373 et

1957 3431 2212 3488 occidunt
2242 3449 2256 3485 :
2284 3439 2568 3500 propterea
2598 3441 2723 3481 cum
2765 3423 2886 3479 ﬁxis
2919 3424 3244 3492 comparatae
3287 3414 3520 3485 planetae

1957 3530 2243 3577 vocantur.
2287 3521 2356 3574 At
2404 3535 2534 3574 vero
2564 3514 2888 3589 Pythagorei
2923 3529 3030 3568 non
3057 3510 3232 3566 solum
3262 3503 3518 3578 planetis,

1958 3614 2053 3669 sed
2075 3614 2239 3669 etiam
2261 3613 2383 3668 ﬁxis
2402 3611 2730 3682 peculiarem
2757 3615 2960 3662 motum
2986 3603 3289 3659 attribuunt
3313 3618 3327 3654 :
3357 3612 3520 3668 quem

1959 3706 2174 3777 quidem
2223 3704 2494 3776 ejusmodi
2532 3718 2656 3760 esse
2684 3701 2891 3766 volunt,
2917 3696 3096 3768 qualis
3136 3704 3219 3750 est
3252 3691 3516 3754 terebra,

1958 3815 2079 3870 qua:
2113 3799 2320 3854 circum
2360 3796 2610 3853 eumdem
2635 3795 2810 3849 locum
2831 3791 3085 3846 volvitur.
3121 3787 3360 3866 Denique
3389 3793 3520 3838 tunc

1958 3905 2298 3962 unaquaeque
2339 3890 2618 3946 stellarum
2654 3885 2887 3942 deﬁcere
2914 3881 3147 3947 videtur,
3178 3893 3301 3936 cum
3334 3876 3519 3931 citima

1959 3988 2141 4053 terris,
2166 4001 2231 4041 ac
2257 3984 2361 4041 soli
2389 3999 2456 4038 ex
2485 3981 2694 4036 directo
2728 3976 2907 4048 posita
2939 3973 3042 4030 sub
3089 3971 3208 4042 ejus
3261 3967 3518 4039 splendo-

1957 4095 2068 4136 rem
2097 4078 2264 4136 subit.

2618 4182 2697 4238 De
2733 4181 2863 4236 sole.

2027 4282 2104 4339 De
2160 4280 2522 4353 principatum
2576 4273 2889 4331 tenentibus
2948 4268 3218 4328 sideribus
3281 4263 3394 4322 sole
3455 4276 3520 4317 ac

1959 4377 2087 4438 luna
2143 4373 2453 4444 complures
2509 4375 2737 4441 egerunt
2793 4386 2808 4421 :
2859 4380 2924 4420 ac
2973 4362 3223 4435 privatim
3264 4357 3424 4412 etiam
3452 4355 3522 4410 de

1959 4466 2217 4536 quinque.
2249 4461 2386 4518 Hinc
2403 4462 2602 4515 Aratus
2623 4459 2690 4514 de
2721 4457 2835 4513 sole
2876 4470 2939 4509 ac
2971 4455 3099 4508 luna
3129 4449 3309 4521 operis
3331 4449 3388 4502 in
3416 4446 3522 4502 line

284 4545 527 4616 σελήνης
574 4546 708 4618 πρὸς
735 4547 811 4617 τῷ
838 4546 981 4599 τέλει
1010 4546 1108 4616 τῆς
1151 4549 1421 4618 ποιήσεως
1457 4545 1629 4612 εἶπεν,
1667 4549 1772 4620 ἰδίᾳ
1808 4549 1861 4601 δὲ

1967 4558 2189 4628 scripsit
2221 4576 2234 4612 :
2269 4556 2336 4611 de
2381 4554 2622 4625 quinque
2655 4565 2786 4606 vero
2814 4550 2868 4604 in
2901 4562 2967 4602 eo
2995 4544 3090 4616 qui
3120 4543 3415 4611 inscriptus
3441 4549 3525 4594 est

447 4638 559 4692 τῶν
588 4639 746 4692 πέντε
776 4641 833 4693 ἐν
848 4639 926 4709 τῷ
955 4640 1374 4710 ἐπιγραφομένῳ
1395 4643 1632 4696 Κανόνι.
1658 4643 1768 4714 Τὴν
1801 4643 1857 4696 δὲ

279 4731 482 4786 οὐσίαν
514 4731 608 4784 τοῦ
651 4731 798 4803 ἡλίου
825 4732 1049 4786 Πλάτων
1092 4731 1397 4803 περιέργως
1431 4735 1494 4786 ὲκ
1523 4734 1692 4826 πυρὸς
1721 4731 1858 4788 εἷναί

285 4841 429 4894 φησι
445 4839 461 4854 ’
491 4824 636 4888 τινὲς
658 4824 713 4877 δὲ
736 4824 843 4878 τῶν
870 4824 1112 4894 φυσικῶν
1132 4823 1191 4890 ἐξ
1210 4823 1620 4894 ἀναθυμιάσεως
1645 4825 1746 4896 γῆς
1764 4826 1858 4879 καὶ

281 4898 470 4984 vat;va
502 4917 662 4971 αὑτὸν
691 4911 849 4972 εἶναι.
892 4917 1257 4989 Ἀναξαγόρας
1284 4917 1481 4988 μύδρον
1513 4919 1670 4972 αὑτὸν
1697 4915 1814 4973 εἷπε
1836 4934 1851 4950 ⁸

281 5011 542 5076 Φιλόλαος
593 5012 682 5078 δὲ,
719 5012 779 5065 τὸ
829 5011 1074 5085 πυρῶδες
1113 5014 1204 5066 καὶ
1241 5011 1456 5081 διαυγὲς
1515 5013 1856 5084 λαμϐάνοντα

282 5102 498 5157 ἄνωθεν
531 5103 640 5157 ἀπὸ
664 5103 756 5157 τοῦ
794 5105 1033 5175 αἰθερίου
1061 5105 1250 5176 πυρὸς,
1278 5105 1412 5176 πρὸς
1436 5107 1582 5176 ἡμᾶς
1628 5105 1857 5176 πέμπειν

279 5195 388 5265 τὴν
423 5195 594 5268 αὐγὴν
625 5197 713 5252 διά
751 5213 912 5250 τινων
951 5197 1342 5268 ἀραιωμάτωψ
1376 5197 1512 5251 ὥστε
1544 5199 1664 5252 κατ’
1697 5199 1860 5252 αὐτὸν

283 5287 510 5358 τρισσὸν
553 5284 695 5343 εἶναι
744 5288 837 5341 τὸν
873 5289 1055 5359 ἥλιον
1103 5288 1164 5341 τὸ
1202 5289 1300 5360 μὲν
1338 5290 1444 5343 ἀπὺ
1474 5288 1569 5343 τοῦ
1613 5290 1854 5362 αἰθερίου

285 5379 481 5451 πυρόςε
515 5381 578 5434 τὸ
607 5382 664 5435 δὲ
690 5383 782 5436 ἀπ’
815 5382 1022 5436 ἐκείνου
1050 5383 1398 5453 πεμπόμενον
1419 5382 1511 5436 ἐπὶ
1536 5383 1627 5436 τὸν
1657 5383 1858 5436 ὐελοει-

284 5468 351 5539 ὂῆ
388 5469 480 5522 ὑπ’
513 5470 678 5524 αὑτοῦ
709 5471 997 5543 λεγόμενον
1033 5471 1214 5542 ἥλιον·
1241 5471 1301 5524 τὸ
1330 5471 1388 5525 δὲ
1427 5471 1536 5526 άπὸ
1562 5473 1654 5525 τοῦ
1685 5474 1858 5527 τοιού-

284 5578 380 5614 του
413 5561 561 5636 ἡλίρυ
593 5563 728 5634 πρὸς
755 5564 903 5634 ἡμᾶς
932 5562 1297 5633 πεμπόμενον.
1316 5563 1628 5634 Ἐπίκουρος
1653 5563 1707 5616 δὲ
1737 5581 1855 5616 κισ-

286 5655 544 5728 σηροειδῆ
574 5656 735 5710 αὑτὸν
761 5656 863 5729 ἔφη
891 5657 953 5709 ὲκ
975 5655 1144 5727 πυρὸς
1176 5655 1265 5709 διά
1295 5657 1585 5727 τρημάτων
1611 5657 1772 5710 τινῶν
1797 5658 1858 5711 τὸ

406 5812 449 5844 ⁸⁷
474 5812 517 5881 Ῑ.
555 5811 763 5869 σύνοδον
792 5816 979 5866 ποιεῖν.
1059 5812 1101 5844 9⁸
1133 5812 1171 5880 Ῐ.
1210 5809 1404 5881 αἰθέρι.
1483 5814 1524 5844 ³⁵³
1555 5815 1595 5879 Ι.
1637 5811 1778 5882 πέρι.

1966 4650 2172 4706 Canon.
2205 4647 2362 4714 Quod
2401 4647 2469 4701 ad
2499 4645 2634 4700 solis
2676 4649 2929 4697 naturam
2973 4634 3225 4706 pertinet,
3253 4629 3524 4686 curiosius

1969 4742 2122 4796 Plato
2173 4756 2240 4795 ex
2293 4740 2416 4810 igne
2469 4743 2722 4792 constare
2763 4732 2948 4796 docet;
2987 4726 3199 4797 quidam
3234 4720 3440 4794 physici
3493 4735 3525 4774 e

1965 4843 2127 4890 terra:
2155 4848 2220 4888 ac
2254 4833 2480 4887 nubium
2523 4824 2977 4884 exhalationibus.
2995 4821 3346 4888 Anaxagoras
3377 4828 3525 4869 mas-

1966 4941 2082 4984 sam
2151 4923 2411 4994 ignitam;
2470 4919 2741 4974 Philolaus
2805 4911 3053 4970 eumdem
3100 4904 3361 4979 quidquid
3427 4903 3526 4957 lia-

1962 5019 2054 5081 bet
2110 5021 2326 5089 igneum
2379 5029 2443 5069 ac
2488 5023 2834 5080 transparcns
2861 5022 2929 5062 ex
2967 5003 3190 5060 aetherio
3213 5003 3355 5073 igne,
3379 4998 3524 5089 quod

1970 5087 2157 5179 supra
2181 5107 2356 5176 ipsum
2388 5111 2494 5167 est,
2525 5100 2829 5169 exprimere
2856 5101 3031 5166 putat,
3059 5108 3123 5148 ac
3152 5107 3248 5163 per
3276 5087 3520 5160 quaedam

1964 5203 2226 5258 rimarum
2281 5195 2571 5253 interstitia
2629 5190 2970 5262 splendorem
3008 5187 3076 5241 ad
3102 5200 3203 5240 nos
3241 5180 3522 5238 transmit-

1959 5299 2109 5360 tere;
2147 5290 2281 5345 adeo
2310 5296 2372 5342 ut
2395 5286 2588 5356 triplex
2615 5283 2687 5338 sit
2715 5296 2781 5335 ex
2806 5279 2926 5350 ejus
2955 5277 3210 5348 opinione
3251 5273 3353 5329 sol.
3387 5269 3521 5325 Nam

1961 5361 2158 5454 partim
2190 5398 2257 5439 ex
2287 5381 2508 5436 aetherio
2536 5379 2661 5450 igne
2686 5376 2953 5433 conﬂatus
2976 5380 3066 5428 est
3093 5389 3107 5426 :
3137 5369 3327 5440 partim
3355 5367 3424 5422 ab
3457 5379 3526 5421 eo

1962 5474 2029 5528 ad
2066 5475 2236 5532 solem
2272 5473 2445 5536 illum,
2469 5486 2630 5542 quem
2678 5468 2807 5525 vitri
2843 5466 3078 5522 similem
3109 5469 3290 5527 vocat,
3325 5458 3523 5514 nonni-

1963 5566 2038 5625 hil
2093 5567 2400 5622 emittitur:
2432 5565 2630 5636 partim
2687 5565 2756 5620 ab
2788 5562 2893 5617 hoc
2937 5561 3057 5630 ipso
3101 5555 3170 5611 ad
3211 5567 3314 5609 nos
3351 5565 3523 5622 usque

1963 5667 2164 5715 manat.
2205 5647 2471 5731 Epicurus
2502 5657 2736 5731 pumicis
2779 5653 3016 5727 speciem
3067 5647 3270 5706 habere
3315 5650 3520 5707 censet,
