4040 6206
543 393 650 450 959
1585 392 1676 446 AD
1718 390 1980 447 EUSEBll
2013 389 2404 446 CHBONICON
2432 389 2786 446 APPENDIX.
2818 419 2823 430 -
3656 391 3758 448 960

546 517 711 574 atque
763 522 829 562 ex
875 523 997 577 Igne
1046 523 1143 577 per
1186 509 1428 579 quaedam
1472 506 1735 560 foramina
1760 505 2098 576 splendorem

2204 506 2320 574 φῶς
2360 505 2727 576 ἐκπέμποντα.
2758 505 2914 568 Τινὲς
2951 505 3028 567 δὲ,
3064 498 3140 559 ὧν
3170 508 3285 558 ἐστι
3316 504 3410 558 καὶ⁵
3450 504 3762 576 Ἀναξίμαν-

546 595 831 663 ejaculari.
864 596 1144 660 Nonnulli,
1169 606 1231 652 ut
1273 595 1694 658 Anaximander,
1720 597 1892 651 lucem
1927 598 1996 650 ab
2039 612 2103 652 eo

2204 598 2346 666 ὅρος,
2393 596 2522 666 φασὶ
2579 597 2814 667 πέμπειν
2867 596 3028 650 αὑτὸν
3072 595 3134 648 τὸ
3170 595 3304 664 φῶς,
3344 595 3534 666 σχῆμα
3579 596 3765 665 ἔχοντα

547 689 641 757 qui
672 689 741 744 sit
773 698 904 744 rota:
937 691 1152 753 similis,
1174 690 1345 744 emitti
1373 689 1632 744 sentiunt.
1661 688 1795 742 Nam
1827 697 1886 743 ut
1911 691 1964 742 in
1987 699 2102 743 rota

549 795 716 833 cavus
737 786 820 834 est
843 781 1136 845 modiolus,
1170 781 1254 834 cui
1291 778 1439 832 inﬁxi
1467 779 1605 833 radii
1635 779 1700 833 ad
1730 795 1953 834 summa:
1977 795 2104 833 cur-

550 877 752 923 vaturte
792 870 1054 926 ambitum
1095 869 1302 924 extensi
1337 876 1504 936 sunt;
1540 869 1613 923 ita
1648 871 1815 925 solem
1853 871 2006 924 aiunt
2036 887 2100 924 ex

551 974 683 1014 cavo
700 958 878 1014 lumen
899 959 1257 1014 eﬁ'undentem
1282 957 1461 1012 radios
1481 974 1756 1030 spargere,
1781 961 1890 1030 82
1906 960 2102 1030 quibus

552 1051 977 1121 circumquaque
1011 1049 1322 1104 collustrat;
1341 1048 1478 1104 Sunt
1511 1050 1602 1120 qui
1631 1066 1766 1106 cavo
1796 1066 1862 1104 ex
1891 1051 2011 1104 loco
2051 1057 2104 1104 et

553 1151 805 1213 angusto,
851 1144 990 1196 tubae
1035 1142 1231 1203 instar,
1271 1141 1416 1197 illius
1449 1157 1670 1198 manare
1701 1143 1878 1198 lucem
1910 1142 2102 1198 existi-

555 1241 722 1293 ment.
754 1234 897 1288 velut
946 1233 1128 1303 igneas
1161 1231 1324 1288 faces.
1352 1231 1468 1288 Jam
1501 1233 1669 1305 ﬁgura
1712 1234 1846 1290 solis
1883 1235 1953 1289 ab
1981 1234 2103 1288 aliis

552 1340 674 1379 cum
705 1324 856 1378 disco
895 1333 1262 1394 comparatur.
1298 1325 1602 1381 Heraclitus
1631 1326 1844 1394 scaphae
1874 1325 2102 1380 similem

549 1423 725 1484 putat,
783 1415 951 1468 Stoici
1009 1416 1252 1485 spherae.
1302 1417 1568 1473 Caeterum
1599 1417 1666 1472 de
1697 1417 1810 1473 sole
1861 1417 2104 1488 plerique

550 1508 972 1561 commentarios
1005 1506 1330 1574 ediderunt:
1363 1515 1422 1562 ut
1447 1507 1786 1578 Thrasyllus,
1839 1516 1894 1563 et
1934 1509 2105 1563 Adra-

550 1600 670 1652 stus
706 1595 1117 1666 Peripateticus,
1168 1605 1223 1652 et
1272 1598 1734 1667 Aphrodisiensis.
1777 1598 1967 1654 Deﬁcit
2008 1614 2105 1652 au-

550 1695 681 1752 tem,
720 1702 786 1741 eo
822 1687 966 1756 quod
997 1689 1146 1751 luna,
1174 1695 1234 1742 ut
1261 1689 1484 1758 quidam
1513 1696 1786 1755 asserunt,
1815 1689 2019 1744 directe
2045 1704 2105 1744 se

555 1782 696 1835 inter
736 1783 910 1851 ipsum
967 1791 1020 1837 et
1068 1800 1168 1839 nos
1199 1785 1428 1839 mediam
1476 1786 1816 1856 interponit:
1850 1785 1991 1856 quod
2045 1794 2103 1840 ut

2200 685 2413 756 τροχοῦ.
2446 687 2654 757 Ὠσπερ
2689 687 2798 758 γὰρ
2818 688 2876 739 ἐν
2906 686 2985 756 τῷ
3023 686 3197 758 τροχῷ
3220 686 3374 756 κοίλη
3405 687 3554 739 ἐστὶν
3576 689 3610 758 ἡ
3633 688 3765 758 πλή-

2205 794 2332 846 μνη,
2370 777 2482 848 ἔχει
2513 777 2569 830 δὲ
2593 779 2686 830 ἀπ’
2718 779 2882 848 αὐτῆς
2917 778 3319 848 ἀνατεταμένοις
3358 777 3458 841 τάς
3502 779 3765 848 κνημίδας

2203 868 2341 938 πρὸς
2374 868 2472 939 τὴν
2522 867 2716 934 ἔξωθεν
2746 869 2845 938 τῆς
2893 870 3077 937 ἀψίδος
3121 869 3456 940 περιφοράν·
3497 870 3641 923 οὕτω
3674 873 3767 924 καὶ

2200 959 2381 1021 αὐτὸν,
2400 959 2505 1012 ἀπὸ
2533 959 2710 1012 κοίλου
2736 959 2794 1012 τὸ
2823 960 2936 1028 φῶς
2961 960 3327 1029 ἐκπέμποντα,
3350 961 3450 1031 τὴν
3473 961 3769 1016 ἀνάστασιν

2201 1050 2306 1103 τῶν
2331 1050 2565 1103 ἀκτίνων
2589 1050 2876 1114 ποιεῖσθαι,
2905 1051 2998 1102 καὶ
3025 1049 3220 1114 ἔξωθεν
3244 1051 3414 1114 αὺτάς
3438 1051 3626 1122 κύκλῳ
3653 1071 3766 1120 φω-

2200 1139 2385 1204 τίζειν.
2421 1142 2577 1204 Τινὲς
2602 1142 2678 1204 δὲ,
2710 1141 2784 1204 ὼς
2807 1141 2914 1194 ἀπὸ
2947 1140 3262 1210 σάλπιγγος,
3303 1144 3365 1194 ἐκ
3397 1142 3578 1195 κοίλου
3601 1143 3763 1196 τόπου

2202 1233 2294 1285 καὶ
2319 1233 2500 1286 στενοῦ
2535 1233 2833 1304 ἐκπέμπειν
2864 1232 3024 1288 αὑτὸν
3050 1233 3108 1286 τὸ
3139 1234 3270 1302 φῶς,
3303 1233 3492 1304 ὥστ-πρ
3521 1237 3767 1306 πρηστῆ-

2202 1341 2322 1394 ρας.
2361 1324 2551 1394 Σχῆμα
2583 1325 2640 1378 δὲ
2667 1326 2830 1378 αὑτοῦ
2853 1327 2904 1378 οἱ
2939 1327 3035 1396 μὲν
3065 1325 3376 1388 δισκοειδές,
3417 1325 3767 1396 Ἡράκλειτος

2200 1415 2255 1467 δὲ
2283 1415 2616 1483 σκαφοειδὲς,
2650 1416 2874 1468 Στωϊκοὶ
2907 1417 2960 1470 δὲ
2990 1417 3320 1488 σφαιροειδὲς
3357 1412 3495 1470 εἶναι
3529 1419 3763 1485 λέγουσι.

2203 1504 2422 1567 Πολλοῖς
2436 1505 2493 1558 δὲ
2515 1505 2642 1576 περὶ
2663 1505 2853 1558 τούτου
2875 1511 3237 1577 πραγματεῖαι
3257 1507 3564 1576 γεγόνασιν,
3583 1508 3767 1578 ὥσπερ

2201 1596 2494 1668 Θρασύλλῳ
2523 1597 2617 1650 καὶ
2645 1596 2916 1669 Ἀδράστῳ
2946 1598 3023 1668 τῷ
3056 1599 3164 1652 ἀπὸ
3191 1599 3282 1652 τοῦ
3316 1601 3652 1670 Περιπάτου,
3680 1602 3767 1654 καὶ

2216 1687 2538 1758 ’Ᾱφροδισεῖ.
2557 1688 2824 1741 Ἐκλείπει
2850 1688 2926 1752 δὲ,
2963 1689 3038 1752 ὡς
3071 1689 3169 1760 μέν
3190 1691 3331 1754 τινές
3350 1709 3536 1761 φασιν,
3561 1693 3766 1763 ἔμπρο-

2206 1779 2328 1832 σθεν
2357 1781 2518 1834 αὑτοῦ
2545 1781 2640 1851 τῆς
2671 1781 2896 1851 σελήνης
2929 1782 3066 1834 κατά
3100 1781 3324 1836 κάθετον
3373 1783 3543 1836 αὐτοῦ
3589 1801 3770 1852 γιγνο-

556 1849 889 1941 probabilius
921 1883 1139 1944 oportet
1167 1875 1438 1946 amplecti.
1473 1875 1565 1931 Est
1602 1849 1744 1931 enim
1777 1849 1899 1930 luna
1944 1885 2102 1931 terra:

2205 1871 2387 1942 μένης·⁸
2423 1866 2468 1941 ᾧ
2511 1872 2602 1925 καὶΙ
2659 1873 2876 1942 μᾶλλον,
2898 1873 2972 1936 ὠς
3018 1874 3249 1944 πιθανῷ,
3286 1875 3559 1929 πειστέον.
3593 1877 3768 1947 Προσ-

554 1963 784 2017 vicinior
834 1965 948 2019 sole
994 1978 1153 2036 atque
1201 1965 1539 2036 depressior;
1596 1967 1741 2037 quod
1781 1968 1982 2022 Aratus
2027 1967 2100 2020 ita

552 2063 688 2110 tests
695 2066 783 2112 ιιιι·
819 2076 832 2111 ζ

726 2169 886 2225 Stans
916 2171 1052 2224 inter
1075 2179 1268 2224 terram
1291 2172 1548 2241 salemque
1575 2171 1786 2225 directe.

621 2259 804 2331 Neque
837 2277 965 2316 vero
995 2261 1263 2317 defectum
1310 2265 1510 2333 patitur
1535 2264 1615 2318 sol
1652 2282 1666 2318 :
1708 2263 1810 2318 etsi
1843 2263 1915 2318 ita
1945 2264 2102 2320 nobis

552 2351 782 2407 videtur.
806 2351 939 2406 Nam
986 2369 1109 2407 cum
1158 2355 1223 2408 ad
1275 2356 1715 2424 perpendiculum
1761 2356 1810 2411 ei
1859 2357 2102 2426 subjecta

553 2445 681 2498 luna
732 2443 912 2521 fuerit.
953 2445 1097 2500 illius
1125 2445 1294 2502 radiis
1335 2447 1534 2511 obstat,
1559 2462 1626 2500 ne
1656 2446 1723 2500 ad
1759 2461 1882 2512 nos,
1925 2448 2017 2518 qui
2049 2447 2104 2500 in

551 2545 696 2591 terra
734 2551 944 2599 sumus,
977 2551 1150 2606 usque
1183 2539 1506 2609 pertingant.
1533 2539 1718 2609 Itaque
1741 2539 1898 2594 nobis
1935 2539 2106 2593 multo

553 2625 911 2681 inferioribus
960 2628 1086 2682 luna
1115 2627 1345 2684 deﬁcere
1397 2629 1630 2686 videtur.
1662 2629 1766 2686 Sed
1811 2646 1910 2684 nec
1942 2631 2105 2686 totius

552 2718 707 2781 solis,
750 2735 937 2773 verum
969 2721 1136 2788 partis
1172 2719 1290 2789 ejus
1323 2721 1585 2775 duntaxat
1630 2721 1857 2776 defectio
1889 2721 2102 2776 accidit.

557 2808 676 2866 Non
717 2811 861 2866 enim
898 2819 1078 2881 potest
1102 2813 1260 2884 longe
1293 2814 1467 2867 minor
1495 2815 1612 2883 ipso
1637 2814 1761 2868 luna
1785 2821 1952 2867 totum
1983 2815 2108 2868 abs-

550 2899 804 2954 condere.
839 2898 1014 2965 Quam
1053 2900 1125 2953 ob
1172 2915 1389 2954 causam
1434 2915 1541 2954 non
1575 2900 1643 2953 ab
1670 2899 1922 2954 omnibus
1945 2900 2105 2954 simul

555 2991 866 3046 hominibus
918 2990 1174 3046 deﬁciens
1216 2993 1474 3057 cernitur,
1522 2991 1614 3048 sed
1655 2991 1791 3049 alias
1837 2992 1908 3048 ab
1949 2993 2104 3057 aliis,

551 3079 698 3133 velut
745 3081 797 3132 in
854 3088 1028 3133 tractu
1078 3077 1304 3149 Syenes,
1349 3079 1685 3136 Alexandrite
1730 3087 1784 3136 et
1835 3079 2105 3152 Elephan-

2199 1963 2444 2034 γειοτέρα
2487 1965 2593 2034 γάρ
2638 1963 2800 2016 αὑτοῦ
2840 1966 3046 2035 ἐστινὴ
3096 1965 3312 2036 σελήνη,
3347 1966 3440 2019 καὶ
3478 1967 3769 2038 κατωτέρα

2200 2053 2294 2105 τοῦ
2331 2053 2480 2123 ἡλίου
2502 2070 2515 2083 ·
2559 2052 2697 2106 οὕτω
2732 2054 2840 2124 γὰρ
2875 2055 3019 2108 καὶὸ
3053 2056 3281 2127 Ἄρατος
3304 2055 3483 2124 λέγει·

2308 2169 2624 2238 Ἰσταμένη
2679 2170 2850 2239 γαίης
2895 2187 2958 2222 τε
3003 2171 3098 2223 καὶ
3144 2171 3366 2238 ἠελίοιο
3397 2173 3526 2224 κατ’
3558 2172 3677 2226 ἰθύ.
3818 2223 3820 2225 .

2275 2261 2388 2314 Οὐκ
2414 2259 2651 2313 ἐκλείπει
2681 2261 2735 2314 δὲ
2763 2263 2791 2313 ὁ
2818 2260 2987 2330 ἥλιος·
3005 2261 3116 2314 ἀλλ’
3140 2263 3268 2332 ἡμῖν
3290 2261 3455 2315 δοκεῖ.
3482 2261 3644 2314 Κατά
3674 2266 3770 2316 κάι

2213 2350 2366 2403 θετον
2394 2351 2501 2422 γὰρ
2531 2354 2563 2422 ὴ
2600 2351 2791 2422 σελήνη
2815 2352 3074 2422 γενομένη
3101 2351 3192 2405 τοῦ
3216 2351 3383 2422 ἡλίου,
3403 2351 3650 2423 ἀνείργει
3674 2353 3771 2416 τὰς

2203 2441 2336 2512 πρὸς
2367 2443 2509 2513 ἡμᾶς
2532 2443 2652 2506 τοὺς
2689 2443 2779 2496 ἐπί
2807 2444 2908 2514 γῆς
2936 2443 3108 2513 αὐγάς
3126 2443 3308 2496 αὑτοῦ.
3327 2445 3436 2496 Καὶ
3464 2447 3598 2514 ἡμῖν
3629 2444 3771 2498 οὕτω

2205 2534 2450 2602 φαίνεται
2484 2534 2775 2604 κατωτέρω
2806 2533 2910 2602 γῆς
2947 2533 3174 2604 σελήνης
3204 2530 3370 2587 οὖσιν.
3403 2535 3517 2603 Οὐχ
3539 2534 3666 2586 ὅλου
3690 2535 3767 2600 δέ,

2203 2623 2336 2676 ἀλλά
2365 2625 2561 2696 μέρους
2593 2623 2830 2693 ἔκλειψις
2858 2625 3080 2694 γίνεται.
3110 2625 3184 2677 Οὐ
3209 2623 3316 2695 γάρ
3343 2623 3587 2686 δυνατὸν,
3616 2623 3771 2677 ἐλάτ-

2203 2732 2328 2771 τονα
2366 2712 2527 2770 οὖσαν
2558 2717 2656 2786 τὴν
2689 2717 2916 2788 σελήνην
2945 2717 3098 2779 πολὺ,
3132 2717 3250 2768 ὅλον
3275 2717 3654 2787 ἀποκρύπτειν
3678 2715 3769 2769 τὸν

2203 2809 2371 2878 ἥλιον.
2404 2808 2494 2860 Διὸ
2541 2807 2602 2860 οὐ
2639 2808 2786 2878 παρά
2820 2810 2980 2862 πᾶσιν
3010 2807 3312 2880 ἀνθρώποις
3344 2808 3458 2876 ἅμα
3493 2807 3768 2860 ἐκλείπειν

2203 2900 2434 2963 δοκεῖν¹,
2484 2898 2617 2952 ἀλλά
2652 2899 2778 2970 παρ’
2827 2899 3031 2971 ἐτέροις
3070 2899 3287 2954 άλλοτε’
3319 2893 3426 2952 οἷον
3473 2901 3531 2952 ἐν
3586 2900 3769 2970 Συήνῃ

2205 2990 2298 3042 καὶ
2340 2988 2727 3061 Ἀλεξανδρείᾳ,
2778 2992 2872 3043 καὶ
2919 2990 3265 3062 Ἐλεφαντίνῃ
3299 2989 3412 3060 ἃμα
3467 2989 3764 3043 ἐκλείπειν.

2206 3081 2310 3134 Τοῦ
2380 3082 2487 3153 γάρ
2551 3083 2713 3136 αὑτοῦ
2759 3083 3016 3154 κλίματος
3059 3083 3206 3136 δοκεῖ
3261 3082 3429 3136 ταῦτα
3477 3082 3549 3135 τὰ
3595 3084 3768 3153 χωρία

553 3172 696 3227 tines
740 3173 928 3227 eodem
963 3179 1204 3240 tempore
1246 3172 1503 3228 deﬁciens
1548 3173 1780 3228 videtur.
1813 3171 1936 3228 Haec
1959 3173 2100 3229 enim

2204 3170 2356 3227 εἶναι.
2399 3175 2946 3246 Ἐπραγματεύσαντο
2985 3176 3040 3228 δὲ
3072 3175 3252 3229 πολλοὶ
3297 3176 3422 3246 περὶ
3473 3175 3768 3245 ἐκλείψεων

551 3261 735 3314 omnia
791 3262 906 3315 loca
955 3260 1022 3314 ad
1064 3259 1202 3314 idem
1233 3262 1392 3316 clima
1435 3264 1704 3332 pertinere
1724 3264 1994 3319 videntur.
2033 3263 2104 3318 De

552 3355 845 3423 eclipsibus
875 3355 1006 3410 solis
1032 3356 1330 3411 secundum
1363 3357 1582 3411 climata
1608 3365 1810 3429 septem
1838 3359 2104 3429 scripsere

554 3446 880 3514 complures,
910 3455 969 3499 ut
997 3445 1185 3509 Orion,
1214 3447 1564 3516 Apollinaris,
1590 3449 1932 3508 Ptolemaeus.
1973 3449 2104 3520 Ilip-

555 3536 812 3604 parchus.
847 3536 1074 3592 Climata
1101 3537 1358 3592 dicuntur
1382 3539 1502 3595 ideo
1527 3543 1672 3611 quod
1702 3550 1842 3596 terra
1886 3541 2107 3596 minime

557 3626 712 3692 plana
757 3628 850 3690 sit,
885 3629 976 3683 sed
1009 3629 1299 3684 nonnullas
1340 3629 1669 3688 devexitates
1709 3633 1902 3687 habeat
1933 3652 1946 3686 :
1981 3647 2110 3702 quo-

555 3717 700 3769 niam
733 3728 910 3786 partes
940 3720 1059 3788 ejus
1096 3721 1483 3777 eminentiores
1516 3723 1633 3778 alia:
1675 3733 1825 3791 sunt,
1855 3725 1973 3778 alia:
2014 3725 2108 3778 de-

550 3805 840 3875 jectiores,
889 3825 954 3864 ac
995 3818 1182 3880 gentes
1247 3810 1363 3866 alia:
1393 3812 1514 3868 aliis
1554 3814 1610 3867 in
1659 3814 1795 3869 locis
1844 3813 2106 3870 habitant.

565 3899 756 3955 Annus
786 3905 918 3956 sohs
941 3902 1180 3965 ἐνιαυτός
1205 3912 1454 3969 vocatur,
1481 3905 1625 3975 quod
1653 3907 1710 3958 ἐν
1738 3904 1932 3976 ἐαυτῷ,
1954 3906 2008 3958 in
2031 3923 2111 3960 se-

557 3990 675 4058 ipso
712 3999 1062 4062 tempestates
1093 4010 1283 4050 omnes
1329 4005 1564 4067 quatuor
1605 3997 2002 4068 complectitur,
2051 4005 2109 4052 ut

559 4081 850 4155 Euripides
880 4085 1082 4141 indicat
1104 4103 1120 4140 :

664 4198 926 4264 Quoniam
951 4199 1004 4250 in
1031 4213 1084 4250 se
1105 4208 1294 4250 cuncta
1324 4199 1661 4268 complectens
1699 4201 1870 4256 habet.

625 4311 943 4381 Appellatur
976 4325 1152 4366 annus
1191 4312 1323 4366 solis
1353 4313 1421 4368 ab
1446 4314 1634 4369 eodem
1674 4314 1829 4385 signo
1861 4314 1926 4369 ad
1969 4314 2109 4370 idem

557 4403 831 4458 redeuntis
882 4403 1163 4458 conversio
1194 4403 1247 4457 in
1278 4404 1382 4458 365
1413 4405 1625 4470 diebus,
1657 4415 1712 4461 et
1738 4408 1928 4478 exigua
1961 4407 2112 4462 insu-

2200 3267 2350 3338 ἡλίου
2401 3267 2541 3320 κατά
2583 3267 2649 3320 τὰ
2696 3267 2834 3320 ἐπτά
2887 3267 3159 3338 κλίματαο
3214 3267 3399 3338 ὥσπερ
3462 3267 3681 3338 Ὠρίων,
3739 3269 3766 3320 ὁ

2214 3355 2630 3426 Ἀπολλινάριος,
2667 3357 3016 3427 Πτολεμαῖος,
3057 3358 3376 3426 Ἵππαρχος.
3410 3356 3670 3426 κλίματα
3711 3357 3766 3410 δὲ

2203 3449 2433 3520 εἴρηται,
2463 3449 2550 3502 διὰ
2578 3451 2637 3502 τὸ
2658 3450 2756 3520 τὴν
2783 3451 2884 3520 γῆν
2924 3449 2997 3522 μὴ
3036 3445 3172 3502 εἶναι
3199 3449 3427 3520 ὁμαλὴν,
3459 3447 3599 3501 άλλά
3626 3447 3767 3518 ἔχειν

2202 3534 2310 3590 οἷον
2348 3537 2649 3608 ἐγκλίματά
2687 3557 2826 3604 τινα,
2868 3539 3208 3611 ὑψηλοτέρων
3238 3527 3412 3592 ’ὄντων
3449 3540 3545 3592 καὶ
3569 3555 3763 3590 ταπει-

2203 3630 2429 3700 νοτέρων
2477 3629 2583 3682 τῶν
2647 3630 2826 3701 μερῶν
2862 3633 3047 3702 αὐτῆς,
3075 3632 3167 3684 καὶ
3214 3630 3311 3694 τὰς
3364 3631 3611 3700 οἰκήσεις
3655 3629 3765 3682 τῶν

2204 3720 2370 3773 ἐθνῶν
2411 3720 2572 3784 ἄλλας
2619 3721 2847 3792 ἀλλαχοῦ
2899 3718 3053 3776 εἶναι.
3110 3722 3380 3785 Ἐνιαυτδς
3410 3721 3466 3775 δὲ
3496 3722 3650 3792 ἡλίου
3690 3721 3764 3774 εῐ-

2208 3827 2386 3880 ρηται,
2421 3812 2540 3864 ἐπεὶ
2570 3810 2678 3881 ἔχει
2706 3813 2804 3876 τὰς
2830 3813 3008 3877 πάσας
3032 3813 3178 3885 ὥρας
3202 3816 3258 3866 ἐν
3286 3813 3463 3886 ἐαυτῷ
3495 3813 3762 3884 τέσσαρας

2207 3901 2344 3956 κατὰ
2379 3903 2470 3957 τὸν
2504 3904 2814 3976 Εὐριπίδηνο

2280 4213 2392 4267 Ὅθ⁹
2421 4214 2613 4267 οὕνεκ’
2649 4216 2716 4267 ἐν
2747 4214 2906 4281 αὐτῷ
2935 4215 3128 4269 πάντα
3167 4217 3489 4271 συλλαϐὼν
3515 4218 3647 4285 ἔχει.

2283 4326 2509 4393 Λέγεται
2533 4325 2588 4378 δὲ
2615 4328 2854 4391 ἐνιαυτὸς
2882 4331 2914 4398 ἡ
2959 4329 3065 4382 ἀπὸ
3089 4328 3182 4382 τοῦ
3208 4329 3398 4394 ζωδίου
3430 4330 3518 4383 ἐπὶ
3547 4328 3602 4382 τὸ
3627 4327 3751 4381 αὐτὸ

2207 4417 2639 4482 ἀποκατάστασις
2677 4418 2836 4472 αὑτοῦ
2885 4421 2940 4471 ἐν
2973 4420 3204 4490 ἡμέραις
3230 4420 3335 4484 τξε]
3371 4422 3466 4475 καὶ
3501 4421 3755 4491 ἐλαχίστῳ

559 4508 655 4562 per
684 4501 871 4562 parte;
903 4492 970 4548 ad
1004 4492 1144 4549 idem
1167 4508 1296 4548 vero
1326 4503 1584 4564 punctum
1615 4495 1914 4550 octodecim
1950 4499 2104 4552 annis

2213 4508 2399 4578 μορίῳ·
2434 4506 2539 4559 ἀπὸ
2557 4507 2612 4560 δὲ
2641 4508 2862 4579 σημείου
2890 4510 2980 4562 ἐπὶ
3012 4513 3231 4581 σημεῖον
3259 4511 3677 4564 ἀποκαθίσταται
3700 4511 3754 4561 ἐν

561 4586 892 4642 vertentibus
922 4585 1059 4642 redit
1099 4605 1111 4640 :
1149 4586 1194 4642 si
1225 4595 1308 4641 est
1355 4601 1668 4656 germanum
1718 4603 1855 4658 opus
1916 4587 2107 4642 Erato-

561 4679 786 4734 sthenis.
816 4678 915 4735 Hic
942 4679 1083 4734 enim
1113 4681 1352 4749 scripsit,
1367 4680 1708 4752 ostenditque
1729 4698 1834 4735 non
1865 4697 1987 4737 esse
2019 4697 2108 4736 au-

557 4778 761 4826 ctorem
813 4769 1114 4828 Eudoxum.
1147 4770 1234 4835 At,
1264 4780 1325 4826 ut
1369 4783 1591 4827 censent
1635 4773 1746 4837 alii,
1776 4773 1835 4826 ﬁt
1880 4774 1972 4826 illa
2021 4789 2106 4829 re-

557 4863 733 4918 versio
791 4865 845 4917 in
893 4866 1050 4921 annis
1091 4880 1185 4921 sex
1223 4875 1276 4920 et
1309 4866 1646 4936 septuaginta
1684 4885 1697 4920 :
1734 4882 1854 4936 qua:
1893 4875 1977 4922 est
2006 4867 2108 4922 Ca-

557 4955 686 5025 lippi
721 4957 1006 5010 sententia.
1060 4955 1198 5011 Meto
1231 4972 1358 5012 vero
1399 4956 1768 5011 novemdecim
1799 4959 1956 5014 annis
1991 4959 2101 5014 ﬁeri

559 5053 726 5116 putat.
756 5044 923 5112 Quem
962 5049 1160 5102 Aratus
1189 5048 1275 5104 his
1300 5047 1551 5104 versibus
1581 5059 1802 5104 secutus
1824 5058 1906 5105 est
1939 5069 1953 5106 :

557 5187 900 5229 T‘.————-V---—
923 5159 1248 5211 celebrantur
1275 5160 1390 5229 jam

563 5226 929 5281 Novemdecim
955 5230 1136 5282 circuli
1167 5226 1427 5296 splendidi
1454 5232 1604 5284 solis.

561 5297 692 5349 Tum
730 5315 856 5366 quos
883 5315 915 5350 a
953 5298 1122 5353 balteo
1149 5299 1216 5352 ad
1249 5311 1536 5354 extremum
1566 5301 1810 5356 Orionem

563 5366 686 5420 No.1;
712 5370 1154 5434 circumvolvitur,
1190 5380 1239 5425 et
1273 5371 1339 5424 ad
1365 5371 1558 5426 Canem
1593 5373 1842 5427 audacem
1873 5371 2103 5428 Orionis.

1013 5481 1087 5537 De
1122 5485 1249 5538 solis
1281 5485 1664 5555 magnitudine.

629 5571 718 5626 20.
755 5571 868 5636 Sol,
913 5582 970 5627 ut
1001 5575 1170 5641 aiunt,
1203 5584 1401 5633 terram
1449 5579 1820 5649 magnitudine
1867 5591 2104 5650 superat.

569 5666 796 5732 Quidam
825 5681 951 5720 vero
972 5667 1212 5736 pedalem
1235 5710 1248 5732 ,
1279 5670 1364 5723 alii
1402 5672 1640 5740 octuplo,
1660 5673 1749 5727 alii
1795 5673 2108 5730 undevicies

679 5825 696 5858 ⁸
728 5823 765 5880 ί.
789 5822 950 5878 δοκεῖ.
1046 5826 1062 5855 ²
1101 5822 1354 5881 Mendosa
1389 5825 1488 5881 ista
1532 5833 1676 5882 sunt.

2205 4597 2795 4669 ὀκτωκαιδεκαετηρίδι,
2814 4599 2943 4668 εἴγε
2961 4601 3176 4672 γνήσιόν
3203 4602 3318 4654 ἐστι
3341 4601 3400 4654 τὸ
3429 4601 3758 4670 σύγγραμμα

2219 4689 2678 4762 Ἐρατοσθένους’.
2725 4687 2892 4754 Οἶιτος
2942 4691 3049 4762 γὰρ
3095 4691 3397 4763 ἀνέγραψεν
3423 4691 3655 4755 δεικνὺς,
3687 4691 3760 4753 ὡς

2203 4783 2302 4834 οὐκ
2360 4782 2441 4852 εἴη
2489 4782 2735 4849 Εὐδόξου.
2773 4782 2929 4837 Κατά
2977 4783 3034 4836 δέ
3079 4801 3229 4846 τινας
3269 4785 3321 4836 ἐν
3366 4784 3759 4855 ἐϐδομήκοντα.³

2204 4871 2406 4925 ἔτεσιν·
2455 4867 2522 4942 ἧς
2554 4873 2708 4945 δόξης
2733 4877 2845 4929 ἐστὶ
2878 4876 2969 4928 καί
2995 4875 3302 4939 Κάλιππος.
3352 4876 3506 4939 Κατά
3553 4877 3606 4930 δέ
3650 4877 3755 4930 Μέο

2206 4979 2349 5017 τωνα
2389 4963 2453 5017 δι’
2489 4967 3125 5040 ἐννεακαιδεκαετηρίδος.
3158 4967 3342 5042 Ταύτῃ
3370 4967 3758 5039 κατηκολούθη-

2213 5074 2300 5108 σεν
2333 5059 2564 5127 Ἀρατος
2588 5076 2600 5087 ⁵
2635 5061 2768 5128 φησὶ
2799 5059 2904 5130 γάρ
2925 5077 2938 5089 ·

2211 5197 2418 5208 ο--ι-

2589 5169 2959 5224 συναείδεται
2989 5171 3102 5240 ἤδη

2226 5239 2672 5310 Ἐννεακαίδεκα
2703 5242 2892 5310 κύκλα
2916 5239 3161 5310 φαεινοῦ
3184 5242 3406 5310 ἠελίοιο
3424 5258 3438 5275 ο

2215 5309 2411 5382 "Qqua
2449 5309 2495 5382 τ’
2525 5310 2640 5382 duo
2673 5309 2857 5375 ζώνης
2887 5315 2973 5377 εἰς
2999 5309 3261 5380 ἔσχατον
3291 5313 3526 5382 Ὠρίωνα

2214 5379 2339 5441 [νὺξ
2363 5378 2726 5441 ἐπιδινεῖται,
2767 5382 2928 5434 Κύνα
2961 5399 3022 5434 τε
3054 5378 3287 5448 θρασὺν
3322 5378 3610 5451 Ὠρίωνος.

2259 5558 2266 5568 ⁸
2655 5492 2789 5561 Περὶ
2827 5494 3112 5563 μεγέθους
3142 5496 3338 5562 ἡλίου.

2284 5589 2354 5635 κ’.
2377 5583 2617 5651 Μέγεθος
2651 5586 2796 5656 ἡλίου
2823 5588 3003 5657 μεῖζον
3027 5588 3130 5658 γῆς
3150 5606 3299 5657 φασι.
3328 5588 3435 5642 Καὶ
3463 5589 3512 5641 oi
3549 5589 3645 5658 μὲν
3667 5605 3732 5642 πο

2213 5677 2394 5728 διαῖονσ
2432 5680 2476 5729 οἱ
2534 5678 2586 5730 δὲ
2642 5680 3027 5734 ὀκταπλάσιον
3070 5683 3116 5734 οί
3158 5681 3212 5733 δὲ
3251 5681 3754 5737 ἐννεακαιδεκαπλέξο

1775 5830 1792 5858 ³
1819 5830 1856 5892 Ῑ.
1894 5827 1951 5892 ἒξ
1986 5829 2074 5881 καὶ
2101 5830 2207 5884 ἐϐδ.
