4040 6206
460 197 572 270 95$
1608 184 1696 241 AD
1731 176 2000 237 EUSEBll
2039 172 2442 232 CHRONICON
2475 175 2836 234 APPENDIX.
3473 172 3476 174 ⁷
3725 184 3826 241 964

485 315 638 382 inde
741 316 991 372 falcata.
1023 311 1128 369 llic
1170 325 1279 365 non
1331 305 1565 362 absurde
1613 299 1883 372 quaeritur
1933 310 2044 366 qua
2082 293 2150 350 de

2256 310 2352 364 νης
2381 295 2556 350 ταῦτα
2585 297 2654 350 τά
2699 299 2953 368 σχήματα
3000 298 3221 366 γίνεται.
3271 298 3416 370 Πρὸς
3466 299 3533 369 δὴ
3577 299 3741 354 τοῦτο
3777 305 3824 357 oi

505 417 719 467 causa
783 413 883 461 tot
919 406 976 459 in
1020 405 1152 458 luna
1207 398 1417 471 species
1473 391 1759 448 accidant.
1803 387 2152 460 Respondent

2259 391 2359 459 μὲν
2387 389 2603 458 λέγουσι
2630 392 2757 461 περὶ
2778 391 2865 444 τόν
2895 391 3065 443 κῶνον
3091 392 3261 462 αὐτὴν
3281 392 3576 462 γινομένην
3600 393 3705 462 τῆς
3730 395 3824 465 γῆς

523 493 763 561 aliqui,
800 509 933 550 cum
971 493 1125 546 circa
1153 497 1311 544 terra:
1339 497 1535 540 conum
1575 479 1822 547 exsistit,
1851 477 1907 532 id
1943 478 1996 533 ei
2023 491 2154 532 con-

2256 481 2414 535 τοῦτο
2451 482 2698 554 πάσχειν.
2737 484 2944 554 ’Ὠσπερ
2975 483 3082 555 γάρ
3109 483 3269 546 εἴτις
3299 485 3380 546 εἰς
3411 483 3540 554 ὅρος
3570 484 3822 556 ἀναϐαίη,

536 590 822 654 tingere.
851 584 1010 641 Velut
1039 584 1090 640 si
1123 582 1249 653 quis
1287 585 1526 634 montem
1555 573 1936 630 conscendens
1959 573 2014 628 in
2035 572 2154 644 ejus

2256 575 2349 627 καὶ
2381 574 2474 628 ἐπὶ
2500 574 2669 646 ἄκρου
2701 575 2864 628 αὑτοῦ
2903 576 3082 646 σταίη,
3113 575 3234 638 ὅλος
3265 575 3515 645 φαίνεται
3549 579 3666 638 τοῖς
3691 577 3828 630 ἀπω-

547 677 793 735 vert‘tce
824 678 1114 742 consistat,
1145 681 1298 728 totus
1327 686 1358 724 e
1393 668 1691 739 longinquo
1724 666 1973 737 prospici
1997 673 2154 738 pote-

2256 666 2349 721 θεν
2371 664 2490 721 οὖσι
2511 686 2524 699 ο
2549 668 2818 722 κατιὼνδέ
2847 670 2936 722 ἐπὶ
2956 669 3016 723 τό
3039 671 3222 742 ἕτερον
3251 670 3436 740 μέρος,
3461 673 3578 732 τοῖς
3601 672 3828 724 κατόπιν

559 769 654 825 rit.
690 765 870 823 Idem
912 769 960 824 si
1015 767 1082 821 ad
1133 772 1343 836 partem
1379 761 1611 817 alteram
1653 759 2018 825 descenderit,
2061 759 2153 827 iis,

572 856 666 930 qui
698 872 863 928 pone
890 858 1070 928 ipsum
1112 860 1300 921 erunt,
1338 867 1449 907 non
1483 851 1597 923 jam
1643 859 1791 908 totus
1829 853 2156 923 apparebit;

579 949 679 1009 sed
737 960 944 1020 praeter
997 945 1160 1018 pedes
1208 945 1386 1016 primo
1424 944 1692 1014 reliquum
1743 959 1946 1014 corpus
1977 986 1992 1012 ,
2039 953 2157 1000 tum

584 1043 860 1116 paulatim
912 1039 1086 1110 magis
1127 1039 1410 1110 magisque
1463 1038 1752 1094 demittens
1802 1053 1925 1094 sese
1985 1038 2157 1094 videri

588 1142 743 1192 totus
782 1133 1013 1188 desinet.
1074 1131 1193 1186 Non
1242 1145 1408 1187 secus
1442 1131 1497 1185 in
1548 1130 1681 1185 luna
1728 1129 1845 1186 ﬁeri
1889 1138 2153 1197 censent;

592 1229 756 1299 plena
784 1232 846 1279 ut
874 1223 1008 1279 alias
1035 1230 1318 1288 cernatur,
1342 1222 1480 1277 alias
1510 1229 1664 1292 parte
1686 1223 1770 1278 sui
1808 1221 2008 1291 lucida,
2033 1237 2156 1278 cum

591 1319 764 1376 estin
793 1332 934 1373 cono
978 1324 1182 1372 terrm:
1227 1332 1339 1372 non
1383 1317 1530 1386 quod
1569 1317 1848 1372 minuatur
1881 1318 2026 1388 ipsa,
2061 1316 2158 1373 sed

593 1409 742 1482 quod
777 1408 936 1463 nobis
975 1409 1051 1463 ita
1084 1409 1357 1464 videatur.
1397 1407 1602 1465 Verum
1633 1409 1728 1480 qui
1758 1407 1969 1480 speculi
1999 1408 2158 1464 simi-

594 1501 702 1557 lem
735 1514 857 1556 eam
901 1515 1024 1556 esse
1071 1500 1284 1565 dicunt,
1317 1500 1652 1557 defectiones
1708 1501 1882 1572 ipsam
1919 1500 2159 1571 experiri

595 1593 870 1661 sentiunt;
901 1593 1100 1664 quibus
1127 1592 1360 1649 ellicitur
1388 1603 1447 1649 ut
1470 1594 1741 1650 interdum
1766 1595 1927 1664 plena
1953 1608 2152 1650 cerna-

596 1691 711 1750 tur,
735 1682 872 1738 alias
904 1682 1044 1738 lucis
1083 1682 1287 1753 indiga.
1320 1681 1788 1749 Quemadmodum
1807 1682 1902 1753 qui
1933 1688 2152 1752 sumpto

597 1777 826 1849 speculo
853 1775 1109 1848 imaginis
1147 1774 1398 1831 refracta:
1433 1775 1670 1847 speciem
1702 1775 1760 1829 in
1808 1789 1875 1830 eo
1908 1774 2156 1829 contueri

595 1871 749 1936 velit,
807 1868 944 1924 illud
992 1868 1098 1924 sibi
1155 1883 1223 1923 ex
1272 1868 1498 1924 adverso
1543 1867 1797 1922 collocat.
1840 1867 1918 1922 lta
1956 1867 2156 1938 quippe

596 1969 772 2018 totum
803 1961 858 2016 in
891 1975 957 2017 eo
1002 1959 1211 2016 vultum
1243 1973 1402 2014 suum
1454 1958 1719 2030 aspiciet;
1755 1957 1840 2013 sin
1871 1959 2155 2028 speculum

595 2068 665 2108 ex
697 2051 918 2122 obliquo
945 2051 1265 2122 respexerit,
1288 2057 1451 2121 prout
1481 2050 1586 2104 erit
1619 2048 1952 2120 obliquatio,
1986 2048 2158 2105 decli-

597 2143 856 2214 natioque
881 2143 1109 2213 speculi,
1145 2143 1380 2206 bessem,
1427 2149 1522 2196 aut
1559 2141 1867 2205 semissem,
1911 2150 2006 2195 aut
2036 2141 2155 2196 exi-

597 2248 758 2304 guam
785 2232 1026 2303 aliquam
1058 2233 1244 2287 vultus
1266 2233 1350 2288 sui
1383 2240 1592 2303 partem
1622 2231 1909 2287 refractam
1931 2232 2153 2300 videbit,

595 2338 696 2396 pro
722 2337 788 2380 eo
834 2323 980 2394 quod
1021 2325 1305 2396 speculum
1357 2323 1613 2380 declinet.
1645 2322 1849 2378 Eadem
1899 2330 1954 2378 et
2013 2324 2156 2378 lunae

596 2417 738 2474 ratio
769 2425 874 2474 est.
915 2416 1056 2473 Huic
1087 2416 1338 2488 opinioni
1371 2415 1771 2486 subscripsisse
1814 2423 1972 2487 putes
2015 2416 2154 2470 Ara-

599 2517 733 2575 tum,
760 2523 883 2564 cum
913 2508 988 2564 ita
1021 2508 1295 2579 loquitur:

597 2615 812 2686 Semper
839 2616 1055 2671 aliunde
1085 2616 1224 2670 alias
1254 2615 1521 2670 declinans
1553 2614 1748 2684 facies,

597 2729 846 2786 alludens
872 2729 938 2783 ad
963 2729 1168 2801 speculi
1200 2727 1636 2784 similitudinem.
1665 2724 1954 2795 Sphaericae
1974 2724 2156 2794 ﬁgurae

595 2836 719 2878 esse
745 2821 1008 2875 mundum
1029 2820 1143 2890 jam
1167 2818 1426 2879 diximus,
1456 2832 1618 2887 quem
1652 2817 1707 2869 in
1736 2815 1924 2870 orbem
1945 2815 2154 2868 extrin-

595 2929 756 2970 secus
804 2912 1148 2983 amplectitur
1195 2910 1426 2975 cmlum;
1478 2917 1622 2963 terra
1654 2915 1835 2962 autem
1881 2907 1937 2960 iu
1975 2904 2154 2960 medio

597 3007 741 3071 sita,
769 3005 942 3061 centri
985 3011 1148 3074 atque
1186 3003 1374 3073 puncti
1426 3002 1692 3055 rationem
1737 2999 1966 3054 obtinet.
2008 2997 2152 3054 Inter

598 3099 739 3153 hanc
761 3096 1065 3166 celumque
1091 3092 1376 3163 interiecta
1404 3099 1534 3148 sunt
1555 3089 1746 3156 aether,
1783 3104 1874 3144 aer
1903 3096 1958 3145 et
1984 3103 2152 3160 aqua,

599 3192 936 3264 sphaerarum
963 3202 1116 3245 more
1138 3186 1372 3243 invicem
1404 3191 1678 3241 conserta.
1696 3181 1958 3238 blandum
1988 3196 2154 3253 porro

599 3286 801 3358 κόσμον
835 3285 904 3342 ab
946 3283 1140 3340 ordine
1169 3297 1234 3338 ac
1263 3279 1621 3352 dispositione
1664 3285 1879 3336 veteres
1912 3275 2153 3348 appella-

599 3389 756 3449 runt;
784 3380 866 3437 sic
887 3379 1155 3436 Homerus
1181 3393 1201 3434 :

681 3574 942 3631 Ordinare
974 3591 1131 3645 equos
1149 3612 1165 3639 ,
1189 3580 1238 3628 et
1266 3572 1401 3627 viros
1435 3571 1735 3642 clypeatos;

598 3697 724 3751 item
747 3711 762 3748 :

597 3806 857 3864 therum
889 3805 976 3859 ubi
997 3805 1228 3860 ordinati
1256 3813 1376 3860 sunt
1402 3821 1518 3860 cum
1539 3803 1758 3858 ducibus
1783 3800 2007 3872 singuli,

597 3945 1010 4002 instructionem
1033 3944 1137 3999 hoc
1161 3944 1326 4000 verbo
1347 3943 1681 4015 significans.
1695 3940 1836 3997 Nam
1856 3941 2024 3997 :ether
2041 3940 2154 3994 απὸ

590 4038 691 4091 τοῦ
710 4037 902 4101 αῐθειν,
920 4037 1065 4107 quod
1092 4045 1176 4092 est
1205 4037 1408 4102 ardere,
1425 4037 1754 4103 dicitur;est
1775 4035 1919 4090 enim
1940 4033 2153 4104 igneus,

591 4127 713 4184 sive
739 4143 771 4182 a
789 4127 956 4184 verbo
985 4127 1116 4192 θεῖν,
1149 4145 1353 4183 currere
1380 4135 1435 4184 et
1463 4126 1683 4183 incitate
1715 4125 1864 4190 ferri,
1895 4124 2156 4196 quoniam

596 4217 817 4276 assidue
844 4218 1252 4291 circumagitur.
1284 4219 1391 4275 Aer
1416 4219 1483 4274 ab
1500 4234 1566 4274 eo
1597 4217 1745 4289 quod
1772 4225 1856 4273 est
1877 4217 2015 4282 ἄειν,
2047 4215 2158 4272 hoc

2254 759 2418 813 αὑτοῦ
2445 762 2545 814 οὐκ
2571 761 2650 814 ἔτι
2682 762 2798 825 ὅλος
2831 762 3076 832 φαίνεται
3095 779 3109 792 ο
3139 762 3274 816 ἀλλὰ
3307 763 3436 834 περὶ
3468 764 3491 794 ⁸
3513 765 3642 826 τοὺς
3668 764 3828 828 πόδας

2256 854 2429 923 ἐφάνη
2471 855 2612 907 ὲκεῖο
2646 854 2678 924 ἢ
2716 854 2796 906 ἔτι
2830 854 3025 924 μᾶλλον
3065 854 3266 908 κατιὼν
3297 857 3439 908 κατὰ
3481 854 3681 925 βραχὺ,
3726 856 3827 920 ἕως

2254 941 2314 1000 οὗ
2337 946 2456 1010 ὅλος
2482 948 2692 1018 ἀφανής
2719 947 2974 1018 γένηται·
3009 946 3150 1001 οὕτω
3173 948 3305 1017 φασὶ
3345 949 3438 1002 καὶ
3463 949 3566 1020 τὴν
3597 949 3825 1020 σελήνην

2256 1039 2386 1090 ποτὲ
2419 1039 2516 1108 μὲν
2545 1037 2725 1110 πλήρη
2758 1039 3064 1107 φαίνεσθαι,
3092 1039 3222 1093 ποτέ
3256 1040 3312 1092 δὲ
3348 1041 3413 1094 ἐκ
3446 1040 3674 1110 μέρους,
3701 1044 3826 1114 περὶ

2255 1126 2346 1178 τὸν
2385 1126 2556 1180 κῶνον
2585 1128 2870 1199 γινομένην
2908 1130 3006 1200 τῆς
3047 1130 3171 1200 γῆς,
3206 1131 3325 1200 οὐχὶ
3367 1135 3702 1203 μειουμένην
3733 1135 3826 1187 αὑ-

2255 1220 2374 1290 τὴν,
2403 1220 2517 1274 ἀλλ’
2544 1223 2672 1293 ήμῖν
2711 1223 2850 1277 οὕτω
2883 1224 3230 1296 φαινομένην.
3257 1226 3318 1277 Ol
3346 1225 3402 1277 δέ
3441 1224 3697 1292 λέγοντες
3732 1227 3824 1279 αὑ-

2255 1312 2352 1384 τὴν
2395 1313 2685 1384 κατόπτρῳ
2713 1315 3100 1386 παραπλησίαν
3131 1312 3291 1380 εἶναι,
3314 1316 3589 1386 ἐκλείψεις
3609 1317 3822 1384 λέγουσι

2256 1405 2497 1473 γίνεσθαι
2529 1407 2720 1475 αὐτῆς,
2752 1408 2807 1460 αῖ
2849 1407 2943 1460 τοῦ
2985 1407 3114 1460 ποτε
3163 1408 3262 1478 μέν
3304 1407 3484 1478 πλήρη
3537 1407 3823 1477 φαίνεσθαι

2255 1497 2419 1566 αὐτὴν
2451 1497 2620 1552 αἴτιαι
2664 1499 2918 1566 γίνονται,
2961 1500 3091 1552 ποτέ
3132 1499 3188 1552 δὲ
3223 1499 3378 1552 ἐνδεᾶ
3422 1499 3604 1568 φωτὸς
3646 1495 3819 1552 εἶναι’

2256 1588 2442 1659 ὥσπερ
2469 1587 2576 1660 γάρ
2607 1590 2654 1642 εί
2693 1591 2992 1662 κάτοπτρον
3034 1590 3210 1644 λαϐὼν
3242 1609 3327 1654 τις
3364 1591 3540 1644 ἐθέλοι
3588 1593 3696 1662 τὴν
3733 1592 3822 1644 ἀπ’

2259 1681 2423 1735 αὑτοῦ
2467 1681 2853 1736 ἁντανάκλασιν
2885 1683 2977 1735 τοῦ
3019 1682 3232 1736 εἰδώλου
3276 1681 3598 1745 θεάσασθαι,
3637 1683 3700 1747 ἐξ
3745 1683 3822 1738 ὲν-

2258 1772 2443 1836 αντίας
2463 1772 2555 1840 τοῦ
2590 1772 2876 1843 προσώπου
2906 1772 3066 1826 αὑτοῦ
3087 1773 3182 1843 τὴν
3212 1772 3357 1826 θέσιν
3381 1772 3474 1825 τοῦ
3508 1772 3819 1845 κατόπτρου

2259 1867 2576 1935 ποιήσεται·
2625 1864 2778 1918 τοῦτο
2822 1865 2930 1936 γὰρ
2977 1865 3229 1935 ποιήσας,
3272 1864 3392 1916 ὅλον
3425 1864 3485 1916 τὸ
3529 1864 3821 1934 πρόσωπον

2258 1959 2420 2012 αὐτοῦ
2451 1959 2700 2011 θεάσεται
2745 1960 2804 2011 ἐν
2835 1958 2912 2028 τῷ
2951 1956 3271 2026 κατόπτρῳ·
3307 1957 3355 2008 εί
3398 1955 3454 2008 δὲ
3495 1954 3820 2024 πλαγιάσειε

2255 2049 2316 2102 τὸ
2349 2051 2668 2120 κάτοπτρον,
2704 2049 2836 2120 πρὸς
2865 2048 2956 2100 τὸν
2995 2045 3335 2116 πλαγιασμὸν
3372 2045 3468 2098 καὶ⁵
3511 2045 3622 2116 τὴν
3651 2045 3822 2115 ἐγκλι-

2259 2159 2341 2194 σιν
2376 2142 2468 2194 τοῦ
2515 2142 2819 2212 κατόπτρου
2871 2140 2903 2212 ἢ
2956 2139 3017 2193 τὸ
3066 2140 3325 2210 δίμοιρον,
3369 2139 3403 2208 ἢ
3436 2138 3498 2191 τὸ
3540 2139 3743 2208 ἥμισυ,
3784 2140 3818 2209 ἦ

2259 2235 2428 2306 βραχύ
2459 2253 2510 2287 τι
2541 2235 2703 2306 μέρος
2732 2233 2919 2286 τούτου
2947 2232 3196 2286 θεάσεται
3226 2231 3710 2302 ἀντανακλὼμενον
3729 2231 3820 2284 τοῦ

2256 2326 2544 2399 προσώπου
2568 2324 2752 2388 αὑτοῦ,
2769 2323 2862 2378 τοῦ
2887 2323 3187 2394 κατόπτρου
3209 2322 3592 2392 ἐκκλινομένου
3612 2340 3624 2352 ·
3653 2323 3823 2385 οὕτως

2256 2421 2348 2474 καὶ
2380 2418 2473 2471 ἐπὶ
2497 2419 2596 2488 τῆς
2628 2419 2872 2488 σελήνης.
2905 2415 3086 2490 Ταύτῃ
3113 2418 3178 2487 τῇ
3211 2415 3336 2488 δόξῃ
3370 2415 3551 2468 ἔοικεν
3587 2417 3823 2487 ’Δρατος

2255 2508 2561 2564 ἀκολουθεῖν
2580 2525 2594 2540 ο
2632 2509 2763 2579 φησὶ
2793 2509 2899 2578 γάρ
2922 2523 2938 2539 ’

2255 2624 2375 2679 Λῖεί
2403 2623 2454 2676 δ’
2496 2623 2754 2677 ἄλλοθεν
2793 2622 2952 2676 ἄλλα
2984 2621 3475 2690 παρακλίνουσα
3505 2620 3822 2688 πρόσωπα,

2255 2741 2318 2794 τὸ
2347 2739 2440 2793 τοῦ
2479 2739 2782 2808 κατόπτρου
2816 2736 3161 2809 παράδειγμα
3194 2735 3584 2804 αἰνιττόμενος.
3630 2734 3823 2804 Προεί-

2261 2851 2416 2904 ρηται
2443 2832 2500 2884 δὲ
2527 2833 2556 2884 ό
2583 2831 2783 2902 κόσμος
2813 2830 3043 2900 σφαίρας
3072 2829 3213 2898 ἔχειν
3246 2827 3429 2898 σχῆμα
3447 2843 3462 2858 ο
3493 2825 3697 2891 ἔξωθεν
3728 2827 3826 2897 μὲν

2258 2925 2595 2996 κυκλοτερῶς
2640 2923 3018 2996 περικείμενον
3047 2923 3183 2992 ἔχων
3215 2921 3303 2974 τὸν
3335 2920 3588 2992 οὐρανὸν,
3633 2937 3823 2991 μεσαι-

2254 3021 2421 3093 τάτην
2463 3020 2520 3072 δὲ
2563 3019 2660 3090 τὴν
2694 3018 2818 3089 γῆν,
2867 3019 3087 3088 κέντρου
3131 3017 3224 3069 καὶ
3257 3013 3480 3084 σημείου
3526 3013 3686 3079 τάξιν
3726 3015 3822 3066 ἐπ-

2255 3114 2478 3183 έχουσαν
2494 3128 2508 3142 ·
2541 3109 2739 3182 μεταξὺ
2768 3109 2826 3162 δέ
2851 3107 3018 3179 αὐτῆς
3049 3107 3142 3160 καὶ
3167 3105 3256 3160 τοῦ
3281 3104 3512 3173 οὐρανοῦ
3534 3103 3733 3174 αίθέρα
3764 3120 3823 3155 τε

2254 3201 2416 3256 αὑτὸν
2449 3197 2606 3266 εἶναι,
2637 3199 2732 3253 καὶ
2763 3199 2922 3270 ἀέρα,
2948 3198 3041 3252 καὶ
3071 3197 3212 3267 ὕδωρ
3255 3193 3562 3265 σφαιρικῶς
3595 3195 3691 3246 ὑπ’
3732 3195 3824 3246 ἀλ-

2253 3294 2426 3366 λήλων
2466 3293 2718 3364 ἐχόμενα.
2762 3291 2979 3362 Κόσμον
3018 3288 3074 3341 δὲ
3113 3287 3210 3359 τὴν
3241 3287 3350 3339 τῶν
3390 3286 3528 3340 ὅλων
3565 3285 3824 3339 σύστασιν

2255 3387 2406 3459 παρὰ
2431 3387 2530 3458 τὴν
2558 3384 2916 3455 διακόσμησιν
2949 3383 3042 3437 καὶ
3075 3381 3324 3446 εὐταξίαν
3353 3378 3622 3433 ἐκάλεσαν
3654 3381 3705 3432 οἱ
3730 3395 3828 3431 πα-

2253 3480 2390 3533 λαιοί
2415 3496 2429 3510 ο
2459 3480 2534 3543 ὠς
2563 3477 2658 3532 καὶ
2691 3478 2937 3548 Ὄμηρος
2959 3489 2973 3505 ⁸

2255 3589 2567 3659 Κοσμῆσαι
2594 3590 2814 3655 ἵππους
2834 3604 2898 3641 τε
2919 3587 3015 3642 καὶ
3040 3586 3262 3656 ἄνδρας
3286 3583 3656 3650 ἀσπιδιώτας
3672 3598 3687 3612 ·

2256 3700 2349 3753 καὶ
2371 3698 2529 3752 πάλιν
2546 3715 2560 3729 ο

2256 3811 2451 3880 Αὐτὰρ
2495 3811 2621 3864 ἐπεὶ
2651 3812 2956 3881 κόσμηθεν
2983 3809 3080 3879 ἅμ’
3113 3810 3515 3878 ἡγεμόνεσσιν
3556 3808 3824 3873 ἔκαστοι,

2255 3950 2352 4023 τὴν
2391 3949 2639 4016 εὐταξίαν
2679 3947 2869 4016 λέγων.
2916 3946 3089 4019 Αἰθὴρ
3129 3947 3187 4001 δέ
3219 3947 3436 4016 λέγεται
3466 3948 3577 4000 ἀπὸ
3602 3948 3696 4000 τοῦ
3735 3949 3822 4001 αῖ-

2258 4043 2400 4097 θειν’
2447 4039 2698 4114 πυρώδης
2744 4042 2851 4112 γάρ
2885 4041 3068 4095 ἐστιν’
3113 4039 3146 4111 ἦ
3190 4041 3299 4094 ἀπὸ
3329 4040 3422 4094 τοῦ
3467 4040 3554 4094 ἀεὶ
3585 4042 3696 4093 θεῖν
3727 4041 3826 4094 καὶ

2257 4137 2459 4207 ὁρμᾷνσ
2511 4133 2694 4206 ἐπειδὴ
2729 4133 2816 4188 ἀεὶ
2861 4133 3239 4206 περιφέρεται.
3285 4133 3420 4204 ’Δὴρ
3467 4132 3522 4185 δὲ
3571 4131 3678 4185 ἀπὸ
3723 4133 3824 4186 τοῦ

2259 4229 2401 4284 ἀειν·
2428 4227 2543 4282 ἀειν
2573 4227 2682 4299 γὰρ
2723 4227 2786 4280 τὸ
2839 4229 3010 4282 πνεῖν.
3060 4226 3299 4299 Οὐρανὸς
3333 4226 3391 4278 δὲ
3433 4225 3547 4279 ὅθεν
3588 4223 3821 4295 ἐκλήθη,

593 4316 681 4366 est
710 4308 862 4375 dare,
892 4323 1091 4365 nomen
1121 4310 1340 4381 accipit.
1363 4311 1574 4367 Caelum
1605 4310 1750 4367 unde
1774 4320 2027 4367 vocatum
2059 4312 2151 4378 sit,

2261 4321 2600 4392 προείρηται.

596 4400 759 4472 paulo
796 4407 922 4456 ante
957 4400 1326 4457 meminimus.

667 4492 767 4549 Hic
799 4509 830 4548 a
873 4492 1148 4548 nonnullis
1191 4493 1478 4562 quaeritur.
1507 4507 1607 4548 cur
1651 4509 1773 4547 cum
1808 4494 1995 4565 ignitae
2042 4494 2154 4550 sint

595 4587 798 4654 stellae,
851 4600 1194 4656 nequaquam
1240 4601 1340 4641 nos
1397 4585 1513 4641 suis
1555 4585 1840 4642 ardoribus
1887 4596 2150 4642 exurant.

595 4675 1026 4748 Respondemus,
1055 4692 1220 4748 supra
1251 4687 1448 4732 terram
1477 4677 1599 4733 illas
1628 4693 1751 4734 esse
1777 4679 2021 4749 quidem,
2059 4678 2156 4734 sed

595 4769 878 4826 obscurari
917 4771 1047 4826 solis
1075 4769 1279 4836 radiis,
1325 4776 1380 4825 et
1417 4769 1678 4824 hebetari.
1725 4769 2000 4837 Quocirca
2057 4787 2157 4828 sa:-

594 4879 890 4936 penumero
917 4863 984 4920 de
1007 4864 1114 4930 die,
1145 4878 1267 4919 cum
1290 4864 1373 4919 sol
1401 4862 1604 4928 deﬁcit,
1629 4865 1816 4922 stellas
1852 4866 2154 4922 intuemur.

595 4955 809 5012 Rursus
835 4955 1120 5026 quaeritur,
1160 4955 1207 5010 si
1249 4954 1426 5010 inﬁxa:
1459 4963 1587 5012 sunt
1621 4956 1760 5012 caalo
1810 4957 1980 5014 stella:
2001 4995 2016 5022 ,
2055 4971 2155 5011 cur

594 5053 763 5100 noctu
803 5051 858 5100 et
896 5042 1134 5099 interdiu
1177 5044 1286 5101 labi
1323 5060 1418 5101 eas
1461 5062 1492 5102 e
1535 5047 1675 5102 caelo
1703 5047 2004 5103 videamus.
2052 5044 2155 5101 Cui

595 5136 678 5192 sic
725 5136 1108 5194 occurrimus:
1155 5151 1267 5192 non
1318 5138 1466 5210 ipsas
1516 5139 1713 5196 cadere
1776 5140 2001 5207 stellas,
2052 5138 2150 5194 sed

593 5228 938 5299 splendorem
964 5229 1249 5302 quemdam
1289 5247 1358 5288 ex
1402 5232 1510 5288 illis
1552 5230 1846 5303 proﬂuere;
1879 5239 2041 5302 atque
2086 5239 2149 5285 ut

595 5320 863 5387 ventilati,
893 5331 987 5377 aut
1015 5322 1198 5394 agitati
1232 5323 1496 5380 carbones
1541 5332 1838 5379 coruscant
1871 5322 2044 5393 magis
2091 5338 2154 5380 ac

597 5412 862 5473 scintillas
887 5417 1171 5489 evibrant,
1218 5417 1292 5471 ita
1330 5417 1500 5473 stella:
1533 5417 1782 5474 obscurae
1819 5422 1947 5474 sunt
1976 5416 2152 5475 inter-

671 5591 694 5624 δ
723 5591 764 5662 ί.
793 5592 960 5662 παρά.

2323 4499 2549 4572 Ζητοῦσι
2573 4499 2813 4562 δέτινες,
2837 4499 2884 4550 εί
2905 4496 3170 4567 πυρώδεις
3195 4497 3329 4550 εἰσὶν
3356 4497 3402 4550 oi
3431 4495 3680 4567 ἀστέρες,

2258 4594 2318 4648 οὐ
2351 4593 2524 4646 καίειν
2557 4593 2702 4662 ἡμᾶς
2728 4591 3024 4659 φαίνονται.
3063 4591 3306 4659 Λέγομεν
3336 4584 3448 4652 οὖν,
3479 4588 3555 4651 ὠς
3586 4588 3696 4641 είσὶ
3729 4587 3824 4659 μὲν

2260 4684 2399 4755 ὑπὲρ
2445 4683 2582 4753 γῆς·
2636 4681 3068 4748 καταυγάξονται
3117 4679 3174 4732 δὲ
3217 4678 3322 4732 ὑπὸ
3373 4678 3470 4732 τοῦ
3499 4680 3677 4750 ήλίου,
3732 4682 3824 4733 καὶ

2257 4775 2645 4847 ἀμαυροῦνται.
2682 4774 2768 4826 Ἐν
2796 4772 2925 4841 γοῦν
2958 4771 3230 4840 ἐκλείψεσι
3259 4769 3353 4823 τοῦ
3384 4770 3536 4840 ἡλίου
3565 4771 3823 4835 πολλάκις

2257 4870 2482 4939 ἀστέρες
2507 4867 2768 4944 ὤφθησαν
2813 4868 2870 4919 ἐν
2915 4866 3118 4938 ἡμέρᾳ.
3150 4866 3260 4920 Καὶ
3292 4865 3454 4920 πάλιν
3479 4865 3746 4936 ζητεῖται,
3772 4867 3819 4918 εί

2257 4960 2610 5031 ὲμπεπήγασι
2634 4957 2710 5028 τῷ
2737 4956 2947 5028 οὐρανῷ
2983 4960 3030 5010 οί
3058 4956 3301 5028 ἀστέρες,
3323 4957 3440 5020 πῶς
3467 4957 3686 5028 ὁρῶμεν
3716 4959 3821 5011 ἐνί-

2257 5069 2344 5106 οτε
2391 5051 2583 5114 νυκτὸς
2641 5050 2734 5103 καὶ
2776 5049 2984 5120 ἡμέρας
3047 5047 3522 5119 καταφερομένους
3566 5048 3819 5121 ἀστέρας.

2255 5142 2436 5213 Φαμὲν
2461 5141 2538 5205 δὲ,
2571 5142 2652 5194 ὅτι
2680 5139 2778 5192 οὐκ
2805 5139 2957 5193 αὐτοὶ
2988 5139 3434 5203 καταπίπτουσιν,
3465 5140 3605 5193 ἀλλὰ
3633 5140 3747 5210 φῶς
3773 5158 3822 5193 τι

2257 5234 2317 5300 ἐξ
2337 5234 2512 5288 αὐτῶν
2540 5233 2797 5303 ἀπορρεῖ·
2829 5233 2922 5287 καὶ
2953 5234 3140 5303 ὥσπερ
3168 5235 3218 5287 οἱ
3251 5233 3518 5305 ἄνθρακες
3547 5233 3811 5305 ριπιζόμε-

2258 5346 2358 5393 νοι,
2386 5328 2419 5399 ἢ
2450 5325 2756 5399 κινούμενοι
2783 5327 3150 5399 λαμπρότεροι
3180 5329 3441 5398 γίνονται,
3469 5329 3565 5382 καὶ⁵
3599 5326 3819 5394 σπινθῆ-

2259 5435 2359 5489 ρας
2385 5417 2800 5488 ἁποπέμπουσιο
2831 5419 2922 5474 τὸν
2952 5419 3112 5474 αὑτὸν
3142 5421 3338 5492 τρόπον
3379 5419 3472 5474 καὶ
3506 5421 3556 5473 oi
3601 5419 3822 5486 ἀστέρες
