4040 6206
279 278 384 334 965

976 281 1292 339 ACHILLIS
1331 282 1516 338 TATll
1543 281 1841 341 lSAGOGE
1878 284 1970 338 AD
2007 283 2216 339 ARATI
2255 283 2722 340 ΡΙΙᾹΞΝΟΜΕΝΑ.

3379 282 3484 340 966

276 400 411 456 ποτὲ
462 400 559 471 μὲν
602 402 852 473 ἁμυδροὶ,
887 403 1015 456 ποτὲ
1059 403 1119 456 δὲ
1171 401 1385 475 φαιδροὶ
1415 403 1654 472 γίνονται
1678 419 1693 433 ·
1723 401 1831 456 ἐσθ’

1938 401 2068 456 dum
2088 441 2104 468 ,
2136 403 2270 460 alias
2290 404 2604 475 splendent;
2630 417 3021 476 nonnunquam
3044 403 3227 459 lumen
3267 417 3337 458 ex
3365 417 3487 459 sese

276 494 364 546 ὅτε
389 490 449 544 δὲ
482 491 575 544 καὶ
602 490 717 559 φῶς
739 491 796 559 ἐξ
814 491 993 546 αὐτῶν
1021 493 1384 565 ἐκπέμπουσι.

345 583 455 653 Σχή
463 599 626 654 ματος
652 583 828 636 τοίνυν
860 583 1145 656 σφαιρικοῢ
1165 585 1294 658 περὶ
1323 584 1413 638 τὸν
1441 568 1640 656 κόσμὸν
1667 584 1836 649 ὖντος,

277 674 502 744 καὶτῆς
542 673 645 744 γῆς
688 675 746 727 ὲν
787 673 936 746 μέσῳ
975 674 1201 747 κέντρου
1255 674 1408 740 τάξιν
1451 674 1768 746 ἐπεχούσης,
1809 676 1839 728 6

275 765 384 819 ἀπὸ
404 765 503 836 τῆς
529 765 876 837 περιφερείας
900 765 1002 836 τῆς
1039 767 1271 836 σφαίρας
1301 766 1392 819 τοῦ
1422 766 1645 836 κέντρου
1671 765 1838 835 αὐτῆς

272 858 477 928 διήκων
513 857 605 910 ἐπὶ
639 857 739 929 τὴν
772 858 1125 930 περιφέρειαν
1152 858 1293 922 ἄξων
1319 858 1580 920 καλεῖται,
1608 857 1738 927 περὶ
1779 856 1838 910 ὃν

275 949 568 1022 στρέφεται
611 951 643 1021 ἡ
683 952 888 1020 σφαῖρα
923 951 1041 1020 ἤτοι
1067 951 1158 1020 ἀφ’
1189 949 1408 1019 ἑαυτῆς,
1446 950 1480 1020 ἢ
1512 950 1601 1018 ὑφ’
1649 949 1836 1020 ἐτέρου

274 1041 587 1112 κινουμένη.
631 1042 994 1114 Ἀμφοτέραις
1036 1046 1145 1117 γὰρ
1187 1047 1306 1108 ταῖς
1348 1045 1527 1113 δόξαις
1555 1045 1584 1097 6
1611 1044 1836 1099 Πλάτων

271 1135 330 1187 ὲν
356 1133 438 1205 τῷ
465 1133 759 1200 Πολιτικῷ
785 1135 1070 1208 κέχρηται.

655 1249 794 1316 Περὶ
822 1250 1082 1313 κύκλων,
1111 1249 1209 1304 καὶ
1238 1250 1328 1304 ὅτι
1361 1255 1452 1306 ια’.

341 1341 451 1411 κβ⁹.
483 1340 685 1394 Κύκλοι.
720 1341 778 1394 δέ
803 1342 939 1394 εἰσιν
969 1340 1036 1394 ια’
1057 1359 1070 1372 ο
1103 1342 1300 1408 ἔξωθεν
1334 1343 1433 1414 μὲν
1464 1343 1564 1415 τῆς
1599 1345 1835 1416 σφαίρας

269 1436 365 1489 δύο
399 1435 662 1506 μέγιστοι,
694 1434 723 1488 ὃ
749 1451 806 1488 τε
842 1434 1044 1506 ὁρίζων
1067 1436 1161 1488 καὶ
1191 1437 1219 1489 6
1251 1436 1646 1508 μεσημϐρινόςο
1690 1439 1834 1505 λοξολ⁸

268 1529 327 1582 δὲ
353 1528 449 1582 δύο
478 1529 741 1599 μέγιστοι,
771 1529 866 1582 καὶ
892 1530 1003 1591 τοῖς
1032 1528 1313 1600 προτέροις
1353 1528 1477 1593 ἴσοι,
1507 1531 1537 1584 6
1573 1529 1834 1594 ζωδιακὸς

270 1622 368 1675 καὶ⁵
402 1623 431 1674 6
457 1619 717 1690 γαλαξίας
737 1636 750 1650 ⁸
775 1620 1018 1692 κόλουροι
1043 1621 1100 1674 δὲ
1128 1621 1220 1674 δύο
1252 1621 1344 1675 καὶ
1370 1623 1522 1676 αὐτοὶ¹
1549 1622 1792 1693 μέγιστοι
1815 1639 1829 1653 °

269 1713 604 1783 παράλληλοι
635 1711 691 1764 δὲ
721 1711 901 1774 πέντε,
933 1705 1007 1766 ὧν
1047 1715 1075 1766 6
1102 1713 1262 1782 μέσος
1291 1713 1429 1767 κατὰ
1464 1713 1690 1785 μέγεθος
1719 1714 1830 1778 τσος
1865 1746 1904 1800 Β

266 1809 386 1871 τοῖς
413 1803 841 1878 προειρημένοις.
869 1805 1030 1857 Ὥστε
1062 1804 1256 1877 ὁρίζων
1286 1807 1379 1859 καὶ
1407 1808 1435 1859 6
1462 1805 1830 1876 μεσημϐρινὸς

268 1901 379 1952 ῐσοι
408 1898 532 1963 eici,
561 1897 695 1951 διότι
739 1896 824 1950 διὰ
867 1894 961 1949 τοῦ
990 1896 1214 1968 κέντρου
1258 1898 1510 1969 τέμνουσι
1539 1898 1638 1968 τὴν
1669 1900 1828 1968 σφαῖ-

269 2008 394 2063 ραν.
432 1989 648 2061 Ῥητέον
672 1989 728 2042 δὲ
763 1989 891 2059 περὶ
920 1988 1170 2043 ἑκάστου.

341 2081 570 2150 Λέγεται
607 2079 664 2133 δὲ
693 2077 908 2149 ὁρίζων,
951 2077 1085 2132 διότι
1125 2077 1294 2149 όρίζει
1336 2079 1398 2131 τὸ
1447 2078 1550 2131 ὑπὸ
1588 2079 1690 2150 γῆν
1735 2078 1828 2131 καὶ

186 2157 198 2177 ’
267 2175 414 2245 ὑπὲρ
444 2173 549 2244 γῆν
578 2173 950 2244 ἡμισφαίριον.
982 2171 1117 2244 Περὶ
1154 2172 1264 2243 γὰρ
1293 2171 1392 2242 τὴν
1439 2175 1668 2242 σφαῖραν
1699 2171 1829 2235 ἔξω·

265 2267 364 2321 θεν
390 2266 489 2329 ὢν,
509 2264 662 2329 τάξιν
691 2263 803 2334 ἔχει
823 2263 918 2318 τοῦ
961 2261 1233 2328 Ὠκεανοῦ,
1264 2263 1323 2328 ὃς
1351 2261 1548 2328 ἔξωθεν
1577 2263 1828 2333 περικλύ-

265 2359 359 2424 ζει
403 2359 503 2430 τὴν
532 2357 668 2428 γῆνο
718 2357 809 2425 ἀφ’
851 2349 910 2410 οὗ
949 2355 1277 2418 ἀνατέλλειν,
1324 2355 1418 2408 καὶ
1445 2357 1525 2420 είς
1557 2355 1616 2408 ὃν
1652 2354 1827 2408 δύνειν

261 2449 508 2504 δοκεῖτὰ
545 2448 739 2520 ἄστρα.
769 2447 932 2500 Ὅθεν
967 2447 1062 2500 καὶ
1088 2447 1462 2518 Νεοπτόλεμος
1487 2449 1516 2500 6
1561 2448 1830 2519 Παριανὸς

261 2544 329 2595 ὲν
359 2543 428 2611 τῇ
465 2538 764 2608 ηλιχθονίᾳ
798 2537 958 2609 φησί·

317 2692 330 2704 .
359 2694 372 2705 .
409 2650 489 2717 τῷ
515 2650 680 2706 πᾶσα
711 2651 1059 2720 περίρρυτος
1085 2650 1380 2704 ἐνδέδεται
1410 2650 1588 2720 χθών.

339 2765 502 2819 Ὅθεν
536 2765 631 2820 καὶ
676 2765 911 2836 Ἄρατος
956 2763 1204 2818 Ὠκεανὸν
1245 2764 1406 2820 αὑτὸν
1445 2764 1602 2818 καλεῖ
1650 2764 1736 2818 διά
1770 2782 1827 2817 τε

257 2858 476 2912 τούτων
505 2859 598 2912 καὶ
622 2857 793 2912 ἄλλων
815 2875 830 2888 ·

252 2971 459 3039 Αὐτὰρ
498 2972 584 3040 ὅγ’
636 2971 912 3026 Ὠκεανοῦ
954 2971 1186 3025 τόσσον
1213 2970 1620 3039 παραμείϐεται
1648 2969 1825 3039 ὕδωρ,

263 3045 500 3096 "0060a-
536 3039 636 3096 ἀπ’
673 3041 1026 3111 Λὶγοκερῆος
1046 3040 1462 3111 ἀνερχομένοιο
1493 3039 1758 3112 μάλιστα

260 3113 568 3180 Καρκίνον
597 3115 682 3178 εἰς
706 3113 966 3166 ἀνιόντα.

261 3204 434 3267 Εἰκὸς
472 3205 529 3257 δὲ
570 3205 729 3258 αὑτὸν
761 3206 818 3272 ἐξ
856 3205 1092 3277 Ὀμήρου
1123 3204 1220 3277 τὴν
1253 3204 1504 3276 ἀφορμὴν
1543 3203 1704 3276 ἔχειν,
1738 3202 1827 3257 λέ-

259 3292 486 3344 γοντος.

272 3433 381 3484 Ἐν
405 3430 456 3483 δ’
487 3430 654 3484 ἕπεσ⁹
691 3430 941 3497 Ὠκεανῷ
961 3393 1416 3501 λαμπρὸν-εοάος
1441 3431 1687 3501 ἠελίοιο,

264 3503 498 3555 ’Ἐλκον
543 3503 731 3555 νύκτα
769 3500 1062 3573 μέλαιναν
1101 3501 1199 3556 ἐπὶ
1234 3500 1504 3572 ζείδωρον
1533 3500 1792 3570 ἄρουραν
1810 3517 1825 3532 ο

262 3614 370 3669 καὶ
389 3654 405 3679 ,

273 3721 508 3788 Ἠέλιος
531 3721 583 3775 δ’
604 3722 897 3791 ἀνόρουσε
916 3722 1108 3777 λιπὼν
1131 3723 1491 3792 περικαλλέα
1510 3725 1754 3794 λίμνην.

331 3832 623 3901 Φιλόσοφοι
647 3831 704 3886 δὲ
728 3833 821 3886 κα)⁴
846 3833 1153 3904 γεωμέτραι
1181 3832 1423 3905 ὁρίζοντα
1447 3835 1606 3888 αὐτὸν
1635 3834 1828 3888 καλοῦ-

264 3939 381 3986 τιν,
412 3917 520 3975 οἶδε
543 3921 599 3976 δὲ
622 3921 716 3976 καὶ
743 3923 974 3996 ’Ἄρατος
996 3923 1155 3978 αὐτὸν
1188 3923 1435 3996 ὁρίζοντα
1474 3925 1540 3978 τὰ
1565 3925 1658 3979 δύο
1702 3927 1829 3997 ἡμι-

264 4015 502 4085 σφαίρια
519 4032 533 4045 ·
571 4015 703 4087 φησι
729 4015 838 4088 γάρ
854 4032 868 4045 ο

258 4201 597 4269 Μισγονται
621 4200 822 4267 δύσιές
850 4218 913 4255 τε
933 4201 1030 4256 καὶ
1066 4131 1718 4273 aiiéogiiznciﬂiﬁgim.

334 4311 445 4365 Τὸν
467 4311 522 4364 δὲ
563 4311 809 4384 ὁρίζοντα
851 4315 946 4368 καὶ
987 4315 1350 4387 μεσημϐρινὸν
1379 4317 1526 4380 ἐντὸς
1561 4311 1698 4370 εἶναι
1728 4317 1826 4388 τῆς

1933 490 2270 560 jaculantur.

2007 579 2254 652 “Iam
2280 597 2411 639 vero
2428 623 2443 648 ,
2483 583 2741 654 quoniam
2761 582 2996 639 mundus
3027 584 3290 653 sphaerica
3315 581 3488 652 ﬁgura

1937 673 2197 743 prmditus
2223 681 2328 740 est,
2361 683 2415 730 et
2447 675 2504 730 in
2532 676 2652 747 ejus
2685 675 2864 732 medio
2895 676 3070 732 centri
3105 676 3283 730 locum
3315 687 3487 727 occu-

1936 773 2029 832 pat
2059 771 2203 818 terra
2227 783 2246 831 ;
2283 767 2402 822 axis
2429 767 2484 821 in
2518 783 2582 823 ea
2609 775 2837 823 vocatur
2865 769 3029 832 linea,
3055 783 3175 838 quae
3203 782 3234 820 a
3263 766 3488 836 sphaera!

1937 852 2145 908 ambitu
2174 854 2398 924 trajecta
2429 872 2525 926 per
2545 866 2792 912 centrum
2826 859 2893 913 ad
2922 860 3184 914 ambitum
3213 857 3484 929 pertinet;

1935 957 2094 1012 quem
2127 944 2333 999 circum
2378 946 2588 1016 sphazra
2616 947 2849 1002 volvitur
2869 991 2883 1015 ,
2919 949 3031 1004 sive
3070 965 3166 1019 per
3194 963 3335 1014 sese,
3371 951 3487 1004 sive

1935 1034 2161 1091 alterius
2215 1037 2474 1108 impulsu.
2521 1039 2656 1093 Nam
2710 1050 2939 1112 utraque
2989 1043 3259 1098 sententia
3307 1049 3485 1098 exstat

1935 1127 2078 1198 apud
2115 1127 2398 1186 Platonem
2432 1133 2486 1186 in
2509 1132 2758 1188 Politico.

2109 1241 2186 1298 De
2223 1245 2431 1299 circulis
2460 1245 2693 1313 sphame,
2727 1247 2814 1317 qui
2837 1257 2956 1302 sunt
2982 1264 3193 1302 numero
3215 1265 3289 1304 ιι.

2001 1334 2093 1391 22.
2124 1334 2386 1392 Undecim
2420 1349 2549 1393 sunt
2593 1338 2820 1404 circuli,
2852 1355 3081 1410 quorum
3119 1342 3340 1397 maximi
3377 1343 3486 1398 duo

1933 1432 2062 1482 sunt
2083 1435 2240 1482 extra
2273 1428 2541 1498 sphaeram
2564 1474 2579 1498 ,
2609 1430 2836 1486 horizon
2861 1439 2915 1488 et
2942 1432 3304 1500 meridianus;
3345 1434 3484 1488 obli-

1932 1517 2025 1586 qui
2049 1529 2176 1573 sunt
2209 1518 2319 1574 duo
2350 1522 2593 1586 maximi,
2618 1523 2994 1592 superioribus
3019 1525 3276 1594 aequales,
3300 1525 3485 1580 zodia-

1931 1623 2030 1665 cus
2056 1616 2112 1664 et
2159 1610 2388 1668 lacteus.
2438 1611 2624 1668 Coluri
2672 1613 2780 1669 duo
2819 1621 2948 1669 sunt
2990 1616 3210 1670 maximi
3256 1623 3310 1672 et
3350 1617 3480 1688 ipsi,

1933 1701 2175 1772 paralleli
2233 1704 2506 1774 quinque;
2555 1720 2786 1774 quorum
2845 1706 3057 1762 medius
3121 1709 3343 1780 aequalis
3396 1719 3483 1765 est

1931 1793 2185 1850 omnibus
2236 1795 2303 1850 iis
2331 1811 2469 1866 quos
2522 1797 2917 1852 recensuimus.
2969 1797 3205 1854 Horizon
3247 1815 3377 1872 ergo
3428 1809 3482 1855 et

1930 1883 2266 1940 meridianus
2317 1886 2557 1956 aequales
2602 1894 2751 1954 sunt,
2801 1889 3058 1959 quoniam
3096 1905 3192 1961 per
3232 1901 3477 1947 centrum

1929 1973 2180 2030 dividunt
2206 1976 2494 2048 sphaaram.
2527 1979 2703 2051 Atque
2729 1988 2788 2035 ut
2820 1983 2884 2038 de
2910 1983 3141 2053 singulis
3173 1993 3382 2056 agatur.

1999 2065 2238 2123 Horizon
2292 2070 2419 2125 inde
2469 2071 2648 2128 dictus
2697 2080 2781 2129 est
2839 2075 2982 2145 quod
3039 2075 3477 2146 hemisphaerium

1929 2172 2095 2228 supra
2127 2166 2328 2213 terram
2357 2161 2425 2216 ab
2449 2177 2516 2216 eo
2546 2162 2690 2232 quod
2721 2164 2908 2220 subter
2935 2174 3038 2232 est,
3074 2175 3306 2238 separat.
3343 2169 3476 2224 Nam

1929 2266 2052 2305 eum
2091 2251 2432 2310 extrinsecus
2472 2255 2700 2324 sphaera:
2739 2258 3166 2331 circumpositas
3212 2261 3302 2326 sit,
3333 2264 3481 2318 velut

1930 2341 2180 2400 Oceanus
2205 2354 2289 2400 est
2326 2345 2752 2420 circumquaque
2802 2357 3002 2407 terram
3033 2353 3267 2419 alluens,
3308 2369 3339 2410 e
3372 2371 3480 2426 quo

1930 2436 2100 2491 stellae
2131 2438 2290 2494 nobis
2337 2439 2506 2504 oriri,
2551 2449 2606 2496 et
2653 2443 2709 2497 in
2748 2445 2872 2499 eum
2917 2445 3170 2502 occidere
3202 2448 3475 2504 videntur.

1929 2521 2067 2580 Hinc
2106 2524 2494 2597 Neoptolemus
2526 2527 2789 2588 Parianus
2823 2532 2878 2586 in
2919 2533 3260 2590 Trichthonia
3285 2552 3305 2591 :

1932 2677 1945 2692 .
1967 2679 1982 2693 .
2005 2682 2018 2694 .
2047 2679 2061 2694 .
2096 2641 2182 2693 cui
2213 2650 2321 2694 tota
2349 2641 2659 2713 circumﬂua
2687 2645 2925 2716 illigatur
2956 2655 3118 2701 terra.

1999 2752 2154 2811 Unde
2195 2754 2392 2811 Aratus
2420 2758 2583 2812 etiam
2614 2760 2882 2815 Oceanum
2910 2762 3146 2830 appellat
3187 2763 3332 2819 hunc
3363 2766 3473 2820 cir-

1927 2847 2110 2900 culum
2139 2861 2262 2902 cum
2285 2849 2340 2902 in
2371 2848 2528 2916 aliis,
2559 2857 2668 2905 tum
2705 2851 2760 2906 in
2786 2851 2907 2907 istis
2942 2853 3186 2908 versibus
3217 2874 3229 2908 :

1928 2957 2097 3032 Porro
2131 2959 2449 3032 isteOceam'
2479 2971 2683 3032 tantum
2714 2966 3052 3032 supereminet
3081 2967 3299 3030 undam,

1929 3028 2198 3102 Quantum
2229 3031 2440 3102 interest
2474 3049 2506 3085 a
2533 3028 2852 3102 Capricorno
2883 3038 3190 3092 ascendente
3217 3028 3441 3094 maxime

1852 3078 1895 3138 θ
1929 3078 2192 3154 δαηενιιηι
2222 3101 2290 3155 ad
2317 3078 2692 3173 assurgente'in.

1926 3211 2080 3280 Quod
2118 3230 2186 3270 ex
2229 3214 2465 3272 Homero
2491 3217 2829 3288 expressisse
2871 3219 3126 3288 videtur,
3170 3223 3330 3295 cujus
3359 3223 3474 3280 haec

1923 3307 2091 3362 verba
2125 3313 2254 3364 sunt
2278 3326 2291 3363 :

1927 3421 2123 3494 incidit
2151 3422 2358 3478 Oceano
2386 3423 2482 3494 fax
2513 3425 2688 3480 lucida
2712 3429 2864 3493 solis.

1928 3492 2160 3548 Trahens
2181 3492 2613 3566 noctem‘nigram
2640 3514 2796 3567 super
2825 3499 3020 3554 almam
3051 3510 3262 3556 terram.

1927 3605 2086 3669 item,

1927 3713 2020 3771 Sol
2046 3725 2258 3773 exortus
2286 3727 2363 3774 est
2393 3719 2684 3789 relinquens
2707 3723 3022 3791 praclarum
3047 3722 3239 3780 lacum.

1996 3829 2066 3885 At
2095 3831 2403 3902 philosophi
2433 3840 2489 3888 et
2519 3842 2804 3906 geometrae
2831 3835 3166 3894 horizontem
3198 3839 3348 3893 illum
3383 3854 3474 3894 vo-

1925 3927 2074 3984 cant,
2108 3935 2268 3990 quem
2318 3921 2520 3978 Aratus
2566 3923 2943 3994 hemisphaeria
2990 3925 3097 3981 duo
3139 3927 3327 3997 partiri
3361 3944 3473 3984 me-

1925 4021 2122 4079 morat,
2151 4029 2273 4068 cum
2306 4013 2384 4068 ait
2408 4034 2422 4069 :

1927 4164 1942 4178 .
1969 4164 1982 4178 .
2008 4163 2022 4178 .
2049 4165 2064 4181 .
2097 4124 2187 4179 ubi
2206 4128 2424 4182 extremi

1923 4191 2213 4250 Miscentur
2238 4213 2474 4262 occasus,
2502 4206 2549 4252 et
2584 4207 2728 4254 ortus
2756 4199 2989 4256 invicem.

1993 4305 2259 4364 Praeterea
2308 4309 2655 4381 cogitandum
2697 4320 2781 4369 est
2817 4315 3153 4372 horizontem
3192 4330 3256 4370 ac
3311 4317 3474 4371 meri-

263 4402 504 4473 σφαίρας
525 4403 628 4455 τῶν
656 4403 788 4456 ὅλων
814 4405 1046 4475 νοητέον.
1081 4406 1242 4460 Οὐδὲν
1274 4407 1380 4478 γὰρ
1411 4407 1516 4460 τῶν
1543 4407 1709 4460 ὄντων
1735 4407 1826 4460 αὐ-

1929 4396 2144 4453 dianum
2175 4400 2321 4454 intra
2353 4401 2619 4472 sphazram
2653 4419 2796 4461 esse.
2837 4405 2972 4460 Nam
3019 4408 3288 4462 nulla'res
3317 4415 3470 4463 extra

261 4495 371 4565 τῆς
395 4496 542 4547 ἐστιν
569 4495 741 4559 ἐκτός.
775 4497 941 4568 ’Υπὲρ
966 4497 1022 4550 δὲ
1040 4497 1132 4550 τοῦ
1159 4499 1629 4570 παρακολουθῆσαι
1655 4502 1821 4571 ἡμᾶς,

261 4583 427 4648 ἐκτὸς
471 4581 606 4639 εἶναι
648 4585 894 4654 λέγονται
927 4589 1007 4652 είς
1044 4588 1105 4641 τὸ
1149 4589 1298 4653 ἐντὸς
1337 4590 1435 4661 τῆς
1465 4591 1694 4662 σφαίρας
1726 4591 1824 4644 πέ-

266 4690 392 4744 Pa;-

349 4766 407 4819 '0
453 4766 510 4819 δὲ
558 4768 919 4840 μεσημϐρινὸς
946 4769 1284 4843 παρελήφθη,
1340 4771 1424 4825 ἵνα
1479 4772 1546 4825 τὰ
1583 4773 1688 4826 ἀπὸ
1729 4773 1826 4844 τῆς

259 4855 532 4926 ἀνατολῆς
563 4857 720 4929 μέχρι
752 4857 851 4928 τῆς
881 4857 1082 4923 δύσεως
1109 4859 1346 4933 δεικνύῃ,
1381 4862 1474 4914 καὶ
1519 4862 1604 4914 ἵνα
1641 4862 1824 4933 μάθω-

260 4964 392 5017 μεν,
425 4947 506 5001 ὅτι
534 4949 672 5002 κατὰ
694 4949 876 5004 τοῦτον
908 4951 1182 5021 γινόμενος
1213 4954 1241 5006 6
1263 4953 1412 5024 ἥλιος
1446 4957 1538 5007 καὶ
1569 4954 1635 5006 τὰ
1666 4954 1825 5007 λοιπὰ

260 5040 444 5108 ἄστρα
491 5040 627 5110 ὑπὲρ
677 5041 780 5111 γῆς
831 5047 1179 5114 μεσουρανείο
1223 5045 1314 5098 καὶ
1361 5047 1390 5098 6
1433 5047 1623 5118 χρόνος
1672 5039 1824 5108 οὗτός

257 5131 383 5182 ἐστι
413 5131 744 5202 μεσημὸρία,
774 5135 1082 5206 μεσημερία
1107 5153 1189 5199 τις
1217 5132 1366 5190 οὖσα.
1392 5137 1529 5201 Τοὺς
1551 5137 1606 5189 δὲ
1639 5134 1825 5200 λοξοὺς

259 5225 312 5274 οἱ
349 5225 448 5292 μὲν
477 5225 782 5296 αἰσθητοὺς,
813 5228 863 5280 οἱ
898 5228 954 5280 δὲ
986 5230 1200 5294 πλείους
1242 5230 1331 5283 τὸν
1363 5230 1621 5300 γαλαξίαν
1658 5231 1825 5301 μόνον

257 5311 405 5366 εἶναι
429 5315 733 5385 βούλονται·
769 5320 889 5381 τοὺς
920 5319 975 5370 δὲ
1001 5319 1216 5383 λοιποὺς
1242 5321 1445 5385 πάντας
1477 5321 1717 5392 νοητούς.

549 5517 749 5569 Πόσον
766 5517 831 5569 τὸ
855 5516 1079 5584 πλάτος
1106 5517 1214 5572 τοῦ
1242 5517 1541 5578 ζωδιακοῦ.

336 5610 442 5670 κγ’.
471 5605 528 5658 ὐ
560 5607 616 5660 δὲ
646 5606 902 5672 ζωδιακὸς
934 5609 1080 5676 λοξὸς
1108 5611 1180 5662 ὢν
1206 5611 1555 5682 περιφέρειαν
1585 5613 1695 5682 ἔχει
1730 5632 1823 5684 με-

265 5693 478 5766 γίστην,
504 5696 590 5752 διὰ
612 5698 703 5752 τοῦ
733 5699 950 5770 κέντρου
975 5704 1074 5772 τῆς
1103 5701 1333 5772 σφαίρας
1353 5703 1450 5771 τὴν
1473 5707 1818 5775 περιγραφὴν

1927 4488 2098 4559 ipsam
2131 4500 2233 4545 est.
2273 4488 2378 4545 Sed
2426 4501 2484 4547 ut
2519 4494 2702 4548 animo
2743 4509 2937 4564 capere
2981 4496 3277 4565 possimus,
3323 4506 3474 4551 extra

1924 4595 2045 4636 esse
2096 4580 2406 4650 tinguuntur,
2457 4591 2511 4639 et
2549 4584 2864 4641 interiorem
2920 4587 3182 4656 sphaeram
3233 4586 3472 4642 circum-

1926 4674 2183 4730 scribere.

1993 4764 2330 4821 Meridianus
2385 4767 2454 4822 ad
2503 4767 2608 4824 hoc
2663 4770 2996 4834 assumitur,
3049 4778 3109 4825 ut
3153 4771 3471 4829 orientalem

1925 4857 2111 4912 mundi
2146 4869 2352 4928 partem
2380 4861 2449 4915 ab
2486 4860 2716 4916 occidua
2743 4872 3014 4928 secernat,
3039 4871 3154 4918 tum
3185 4873 3245 4919 ut
3273 4865 3474 4921 intelli-

1924 4964 2116 5021 gamus
2142 4952 2314 5006 solem
2364 4967 2428 5008 ac
2451 4955 2662 5025 reliqua
2693 4955 2894 5022 sidera,
2923 4972 3047 5012 cum
3078 4957 3146 5012 ad
3175 4956 3324 5012 illum
3353 4973 3474 5029 per-

1924 5052 2209 5106 venerunt,
2245 5045 2481 5099 medium
2515 5061 2681 5116 supra
2712 5055 2911 5103 terram
2961 5049 3207 5104 obtinere
3250 5048 3472 5105 cmlum.

1924 5133 2077 5200 Quod
2106 5141 2320 5205 tempus
2356 5137 2703 5212 μεσημϐρίαν
2732 5139 3090 5209 appellamus,
3120 5138 3173 5194 id
3197 5146 3280 5195 est
3309 5140 3475 5194 meri-

1925 5228 2090 5293 diem,
2117 5229 2271 5299 quasi
2304 5231 2666 5303 μεσημερίαν.
2701 5230 2963 5302 Obliquos
2990 5232 3227 5287 circulos
3253 5233 3475 5303 quidam

1925 5319 2281 5388 aspectabiles
2303 5335 2493 5376 omnes
2523 5337 2644 5377 esse
2671 5323 2888 5389 volunt;
2923 5321 3014 5374 alii
3042 5322 3142 5378 soli
3172 5321 3278 5376 hoc
3300 5322 3476 5376 lacteo

1925 5409 2202 5477 tribuunt;
2234 5417 2464 5466 caeteros
2490 5411 2645 5465 aiunt
2667 5411 3026 5482 intelligentia
3055 5411 3171 5466 sola
3196 5418 3472 5467 constare.

2365 5523 2442 5580 De
2476 5524 2679 5580 zodiaci
2709 5523 3009 5581 latitudine.

1991 5615 2082 5669 25.
2114 5615 2385 5673 Zodiacns
2429 5619 2670 5674 circulus
2708 5619 2963 5689 obliquus
2993 5617 3286 5670 maximum
3313 5613 3478 5670 habet

1924 5707 2204 5774 ambitum,
2231 5709 2384 5780 isque
2406 5726 2433 5764 a
2464 5710 2687 5780 sphaerae
2710 5717 2898 5766 centro
2920 5707 3262 5766 describitur.
3287 5703 3465 5778 Hujus
