4040 6206
586 309 692 365 967

1592 304 1681 359 AD
1717 301 1986 360 EUSEBII
2013 297 2406 358 CHRONICON
2445 301 2785 358 APPENDIX

3687 297 3786 354 968

590 414 822 485 latitudo
862 426 1145 484 intervallo
1183 423 1439 480 delinitur
1465 422 1608 494 quod
1639 437 1668 474 a
1699 420 2027 490 Capricorno
2063 416 2127 471 ad

2248 419 2390 488 Ξχων.
2423 420 2630 484 Πλάτος
2674 422 2732 475 δὲ
2761 421 2869 492 ἔχει
2896 422 2992 492 τῆς
3028 420 3224 484 Θέσεως
3255 413 3457 474 τὸ’ἀπὸ
3491 419 3786 489 Αἰγοκὲρω-

591 526 863 579 Cancrum
895 522 1150 592 pertinet.
1192 519 1305 575 Hoc
1339 518 1571 589 spatium
1612 514 1916 584 exprimere
1967 511 2138 564 voluit

592 614 791 668 Aratus
821 611 906 666 his
936 611 1213 666 versibus:

592 707 854 761 Ceterum
879 705 962 757 hic
992 703 1184 759 Oceani
1216 713 1416 756 tantum
1447 699 1787 767 supereminet
1817 693 2034 759 undam,

593 774 861 840 Quantum
897 785 974 828 est
1003 791 1035 827 a
1062 773 1378 840 Capricorno
1405 769 1711 823 ascendente
1739 768 1967 820 maxime

595 847 679 899 Ad
710 853 1064 916 assurgentem
1091 843 1374 896 Cancrum.

668 960 771 1016 Per
801 962 944 1015 hunc
987 959 1249 1012 circulum
1299 970 1607 1009 commeare
1637 954 1889 1008 videntur
1919 955 2145 1024 planeta:

597 1062 803 1124 septem
826 1054 927 1107 sub
955 1051 1130 1105 tribus
1155 1049 1331 1102 lineis.
1360 1047 1464 1113 Qui
1488 1047 1706 1117 quidem
1738 1048 2062 1117 exprimitur
2090 1047 2146 1102 in

597 1144 828 1214 sphaera,
847 1151 904 1196 ut
925 1141 1131 1196 itineris
1160 1140 1499 1210 planetarum
1525 1137 1864 1194 latitudinem
1886 1154 2148 1209 agnosca-

599 1249 741 1289 mus.
773 1233 901 1285 Nam
922 1231 1147 1299 planetae
1169 1229 1409 1298 quinque
1427 1243 1533 1280 non
1559 1244 1665 1280 una
1687 1227 1742 1280 in
1758 1227 1896 1282 linea
1918 1229 2150 1282 circum-

605 1323 873 1378 feruntur.
905 1319 1045 1384 Quid
1071 1319 1236 1388 igitur
1257 1331 1436 1370 causae
1461 1327 1544 1370 est
1570 1331 1668 1370 cur
1691 1331 1800 1369 non
1826 1317 1936 1371 duo
1961 1317 2149 1371 circuli

600 1413 866 1468 circuitus
895 1412 1063 1475 illius,
1099 1410 1192 1466 sed
1216 1418 1329 1464 tres
1357 1408 1411 1463 in
1441 1409 1667 1463 zodiaco
1697 1408 1957 1478 descripti
1990 1407 2154 1462 sunt?

595 1504 859 1558 Nimirum
890 1501 1035 1574 quod
1065 1503 1308 1574 quinque
1335 1500 1436 1564 illi,
1468 1516 1606 1570 quos
1637 1500 1898 1562 diximus,
1926 1499 2155 1570 planeta:

595 1595 766 1650 latum
790 1597 846 1652 id
884 1610 1046 1650 omne
1076 1594 1334 1664 spatium,
1380 1593 1526 1662 quod
1568 1593 1793 1647 circulis
1820 1593 2036 1648 duobus
2071 1594 2157 1648 in-

595 1689 855 1754 cluditur,
874 1687 1125 1744 obeundo
1146 1693 1436 1756 peragrant
1460 1704 1475 1738 :
1500 1686 1579 1739 sol
1605 1692 1782 1738 autem
1807 1701 1913 1738 non
1946 1692 2154 1739 tantum

2234 529 2324 574 τος
2352 512 2511 583 μέχρι
2544 515 2817 584 Καρκίνου
2847 513 3142 582 διάστημα.
3171 513 3340 565 Τοῦτο
3377 512 3439 564 τὸ
3473 511 3680 574 πλάτος
3707 513 3789 581 δη-

2236 604 2408 656 λῶσαι
2437 605 2755 676 βουλόμενος
2781 605 3012 676 ’Λρατός
3043 621 3201 674 φησιν
3219 621 3232 633 ·

2239 696 2434 763 Αὐτὰρ
2474 696 2558 765 ὅγ’
2595 698 2868 751 Ὠκεανοῦ
2917 697 3141 750 τόσσον
3168 697 3588 764 παραμείϐεται
3625 693 3790 761 ὕδωρ,

2243 767 2473 818 Ὂσοόν
2495 769 2593 819 ἀπ’
2624 767 2972 836 Αὶγυκερῆος
3000 768 3414 835 ἀνερχομένοιο
3440 766 3728 834 μάλιστα,

2241 837 2536 902 Καρκίνον
2560 840 2647 901 εἰς
2675 839 2940 892 ἀνιόντα.

2312 941 2535 995 Δοκοῦσι
2578 943 2635 997 δὲ
2679 945 2746 997 δι’
2786 944 2952 998 αύτοῦ
2995 945 3247 1016 φέρεσθαι
3273 947 3320 998 οἱ
3353 947 3494 1000 ἐπτά
3535 947 3794 1019 πλάνητες

2244 1031 2336 1084 ἐπὶ
2365 1033 2530 1100 τριῶν
2567 1035 2857 1104 γραμμῶν.
2883 1037 3162 1089 Δείκνυται
3188 1037 3246 1090 δὲ
3289 1037 3382 1090 ἐπὶ
3408 1037 3509 1108 τῆς
3545 1040 3790 1108 σφαίρας,

2246 1124 2335 1176 ἵνα
2364 1125 2573 1194 νοῶμεν
2614 1127 2674 1178 τὸ
2719 1127 2916 1190 πλάτος
2948 1128 3046 1197 τῆς
3087 1129 3306 1198 πορείας
3341 1129 3450 1180 τῶν
3496 1130 3790 1200 πλανήτων,

2246 1215 2339 1266 καὶ
2366 1214 2534 1283 ἡλίου,
2565 1215 2658 1267 καὶ
2686 1215 2937 1286 σελήνης·
2966 1217 3153 1288 ἐπειδὴ
3171 1219 3220 1269 οἱ
3252 1218 3412 1270 πέντε
3447 1220 3524 1289 μὴ
3556 1221 3650 1271 ἐπὶ
3677 1222 3793 1290 μιᾶς

2248 1306 2508 1376 γραμμῆς
2535 1306 2811 1359 ποιοῦνται
2846 1308 2943 1380 τὴν
2969 1310 3286 1380 περιφοράν.
3311 1311 3377 1362 Τί
3405 1307 3498 1364 οὖν
3518 1311 3715 1381 δήποτε
3738 1313 3793 1364 ού

2248 1397 2340 1450 δύο
2368 1399 2575 1461 κύκλοι,
2607 1399 2742 1453 ἀλλά
2779 1405 2926 1472 τρεῖς
2960 1401 3363 1472 ἐσημειώσαντο
3403 1404 3496 1455 ἐπὶ
3520 1404 3625 1473 τῆς
3654 1422 3796 1475 περι-

2251 1493 2420 1561 φορᾶς
2447 1492 2536 1545 τὸν
2564 1491 2822 1556 ζωδιακὸν
2861 1493 3087 1558 κύκλον;
3130 1495 3273 1548 Διότι
3324 1497 3375 1547 οἱ
3420 1499 3796 1567 προειρημένοι

2253 1583 2412 1635 πέντε
2449 1584 2673 1657 ἀστέρες
2703 1586 2762 1637 τὸ
2805 1586 3006 1654 μεταξὺ
3047 1587 3154 1638 τῶν
3207 1586 3299 1640 δύο
3342 1587 3560 1641 κύκλων
3608 1590 3797 1654 πλάτος

2255 1676 2636 1746 περιφέρονται
2656 1693 2668 1705 ·
2699 1677 2727 1727 6
2752 1677 2806 1729 δὲ
2834 1677 2980 1746 ἣλιος
3013 1679 3071 1730 ού
3094 1680 3342 1732 τοσοῦτον
3364 1683 3694 1752 παραϐαίνει
3716 1685 3798 1736 ἐπὶ

596 1782 666 1837 ad
697 1783 940 1837 dextram
972 1790 1067 1835 aut
1097 1781 1282 1834 laevam
1307 1777 1564 1841 deﬂectit,
1594 1785 1857 1848 quantum
1893 1777 1966 1831 illi
1990 1778 2149 1847 quin-

2248 1768 2315 1821 τά
2355 1767 2504 1834 δεξιά
2553 1768 2647 1820 καὶ
2693 1768 2971 1839 εὐώνυμα,
3019 1771 3139 1823 ὅσον
3185 1773 3234 1824 οἱ
3288 1773 3481 1825 πέντεο
3519 1773 3658 1826 ἀλλά
3702 1775 3798 1828 τῶν

595 1887 724 1941 que,
760 1871 854 1926 sed
887 1870 1026 1924 inter
1070 1869 1209 1923 duos
1251 1867 1386 1922 istos
1420 1868 1729 1922 limitaneos
1766 1867 2002 1922 circulos
2035 1881 2146 1921 me-

598 1962 723 2016 dius
770 1968 1035 2016 movetur.
1061 1959 1142 2015 0b
1188 1958 1242 2012 id
1283 1958 1528 2012 heliacus
1583 1957 1651 2010 ab
1702 1955 1868 2024 hujus
1895 1955 2150 2010 doctrinae

597 2052 790 2122 peritis
821 2051 1152 2121 appellatur;
1181 2056 1276 2102 aut
1308 2047 1616 2116 eclipticus,
1656 2047 1799 2112 quod
1831 2047 1886 2099 in
1916 2059 1983 2100 eo
2017 2045 2148 2098 solis

597 2140 830 2209 eclipses
862 2139 1132 2193 accidant.
1165 2137 1356 2190 Latum
1398 2139 1542 2190 hunc
1570 2137 1837 2190 circulum
1869 2135 2158 2189 zodiacum.

600 2231 669 2284 ab
712 2229 996 2284 duodecim
1037 2230 1208 2298 signis
1250 2228 1567 2282 nominant:
1604 2243 1725 2298 qua:
1767 2237 1926 2292 sunt,
1970 2225 2146 2290 Aries,

599 2319 837 2385 Taurus,
871 2320 1103 2382 Gemini,
1134 2320 1360 2385 Cancer,
1391 2319 1520 2382 Leo,
1555 2318 1738 2389 Virgo,
1773 2317 1954 2383 Libra,
1988 2317 2151 2372 Scor-

600 2410 752 2480 pius,
799 2409 1153 2482 Sagittarius,
1183 2411 1568 2480 Capricornus,
1604 2411 1899 2480 Aquarius.
1941 2409 2146 2464 Pisces.

599 2495 731 2563 Quze
763 2505 818 2553 et
847 2499 989 2553 idola
1012 2505 1297 2562 vocantur,
1325 2510 1382 2552 ut
1405 2499 1473 2552 ab
1495 2497 1698 2554 Arato:

775 2754 970 2812 Contra
999 2764 1153 2825 atqu
1182 2755 1326 2810 idola
1366 2754 1639 2810 duodecim
1681 2755 1976 2810 volvuntur.

668 2846 778 2920 85
796 2845 900 2902 Sed
925 2851 1094 2918 quaeri
1127 2863 1233 2902 non
1256 2849 1522 2902 immerito
1544 2856 1741 2917 potest,
1771 2863 1868 2902 cur
1883 2864 2001 2902 cum
2021 2848 2152 2903 Cas-

602 2939 809 3009 siepea,
841 2947 896 2992 et
925 2938 1284 3002 Andromeda,
1304 2947 1356 2993 et
1409 2939 1514 2991 alia
1542 2938 1832 2993 simulacra
1853 2943 2151 3010 composita

609 3030 720 3086 sint
767 3044 798 3084 e
837 3028 1031 3092 stellis,
1067 3030 1182 3083 sola
1223 3029 1506 3084 duodecim
1547 3029 1709 3093 ζώδια
1755 3044 2150 3103 nuncupentur,

601 3126 748 3174 astra
794 3133 925 3174 vero
967 3127 1181 3174 caetera.
1214 3120 1295 3172 An
1341 3120 1486 3188 quod
1525 3122 1680 3191 plura
1728 3121 1782 3174 in
1818 3123 1908 3176 illo
1950 3123 2153 3178 circulo
2179 3109 2220 3164 ο

601 3225 764 3280 quam
817 3210 966 3275 alibi,
1000 3217 1125 3265 sunt
1176 3211 1452 3273 animalia,
1486 3212 1607 3267 ideo
1650 3214 1804 3268 zodia
1855 3214 2152 3269 dicuntur?

603 3297 743 3353 Sunt
765 3299 908 3354 enim
939 3300 994 3354 in
1025 3299 1294 3355 sideribus
1320 3301 1566 3371 reliquis,
1597 3320 1718 3374 quae
1749 3321 1853 3358 non
1885 3313 2013 3359 sunt
2045 3304 2150 3370 ζώ-

597 3389 706 3457 δια,
737 3391 840 3445 hoc
867 3398 950 3446 est
991 3391 1303 3445 animalium
1351 3391 1661 3449 simulacra.
1696 3394 1776 3448 An
1821 3396 1945 3464 quia
1987 3411 2150 3467 gene-

600 3483 784 3536 thliaci
826 3483 1100 3538 hominum
1121 3500 1364 3554 geneses,
1400 3501 1464 3540 ac
1485 3487 1608 3540 vita:
1637 3488 1931 3558 mortisque
1961 3489 2152 3544 fatales

600 3573 779 3629 exitus
805 3591 871 3629 ex
919 3576 986 3632 iis
1017 3585 1071 3631 et
1120 3576 1553 3632 discurrentibus
1592 3589 1682 3647 per
1723 3593 1783 3632 ea
1811 3580 2040 3649 planetis
2068 3580 2153 3634 in-

600 3665 864 3734 quirunt?
912 3683 980 3722 an
1020 3669 1145 3739 quia
1197 3684 1293 3738 per
1329 3668 1574 3723 eumdem
1637 3669 1923 3734 circulum,
1982 3685 2154 3740 eaque

601 3759 757 3826 signa
782 3757 1004 3826 planetae
1043 3759 1305 3813 circuitus
1340 3775 1469 3815 suos
1493 3759 1714 3824 obeunt,
1747 3776 1846 3815 nec
1867 3776 1899 3815 a
1929 3760 2150 3816 zodiaco

601 3848 1011 3919 digrediuntur?
1048 3849 1187 3905 Sunt
1209 3858 1389 3905 autem
1415 3851 1642 3922 planetae
1683 3867 1870 3907 omnes
1897 3853 2149 3907 animalia

600 3936 871 4008 quaedam,
909 3941 1052 4008 quod
1088 3947 1280 4010 suapte
1314 3951 1506 4010 sponte
1540 3950 1875 3996 moveantur.
1919 3941 2151 3998 Plancus

601 4036 780 4083 autem
813 4029 881 4082 ab
910 4046 1094 4086 errore
1140 4041 1193 4086 et
1235 4034 1518 4102 vagatione
1559 4032 1834 4090 dicuntur.
1882 4034 2150 4090 Interdum

597 4121 762 4176 etiam
783 4122 1045 4178 circulum
1072 4125 1234 4180 istum
1257 4125 1467 4196 ἀλησιν,
1491 4126 1544 4182 id
1556 4136 1638 4183 est
1653 4129 2000 4198 evagationem
2022 4129 2150 4183 solis

598 4214 895 4284 appellant,
931 4222 989 4268 ut
1017 4214 1250 4270 Aratus:

739 4305 1078 4381 ξαν-ἅπτοιτο
1113 4308 1279 4362 borea!
1312 4320 1360 4362 et
1402 4312 1720 4381 eragationis
1754 4311 1882 4366 solis

737 4373 804 4428 In
837 4376 1005 4430 medio
1031 4389 1366 4448 sparguntur.

672 4485 842 4558 Hujus
869 4489 1057 4544 circuli
1085 4506 1294 4546 summa
1321 4499 1404 4548 est
1432 4494 1761 4564 magnitudo.
1792 4495 1958 4565 Cujus
1990 4497 2148 4552 dimi-

595 4577 686 4632 dia
717 4594 843 4649 pars
882 4580 986 4634 sub
1017 4589 1160 4636 terra
1185 4583 1334 4640 latet.
1377 4583 1605 4654 Ideoque
1635 4601 1728 4641 sex
1759 4596 2016 4658 perpetuo
2053 4606 2147 4645 su-

599 4685 697 4739 pra
745 4679 947 4726 terram
1001 4673 1235 4729 interdiu
1283 4676 1520 4731 eminent
1581 4679 1766 4749 signa,
1819 4681 2148 4754 totidemque

598 4770 759 4818 nocte
803 4763 906 4818 sub
947 4771 1148 4819 terram
1192 4767 1410 4823 condita
1440 4776 1586 4824 sunt.
1620 4770 1774 4836 Quod
1823 4772 2026 4831 Aratus
2061 4775 2146 4829 his

598 4855 777 4910 verbis
805 4856 977 4925 aperit
1003 4876 1018 4911 :

650 4967 754 5022 Sea:
783 4981 1027 5040 perpetuo
1056 4971 1296 5028 occidunt
1331 4974 1650 5031 duodecima:
1681 4991 1854 5049 partes
1886 4983 2088 5037 circuli.

665 5080 758 5135 Sic
786 5082 929 5136 enim
951 5083 1384 5144 dodecatemoria
1413 5090 1690 5162 signorum
1719 5095 1981 5152 nominat.
2011 5095 2146 5151 Nolo

596 5171 686 5225 hic
711 5187 797 5226 me
824 5172 1092 5244 quispiam
1127 5177 1449 5250 interpellet,
1483 5183 1846 5255 objiciatque:
1875 5188 1927 5242 Si
1957 5188 2145 5246 diebus

595 5261 825 5331 singulis
852 5279 1013 5334 supra
1043 5266 1289 5340 infraque
1312 5279 1509 5328 terram
1532 5291 1629 5346 par
1655 5279 1928 5348 signorum
1955 5296 2145 5336 nume-

595 5367 690 5407 rus
734 5355 982 5424 exsistat,
1015 5373 1113 5415 cur
1158 5377 1267 5418 non
1304 5365 1538 5437 aequales
1565 5377 1691 5424 sunt
1721 5371 1946 5426 invicem
1986 5373 2143 5431 dies?

594 5439 732 5546 Nam
757 5445 857 5502 hac
880 5446 946 5505 de
964 5465 1022 5505 re
1049 5459 1162 5506 tum
1187 5470 1427 5526 agemus,
1457 5475 1577 5516 cum
1609 5461 1675 5519 de
1702 5472 1821 5520 ortu
1850 5465 2138 5538 cujuslibet

595 5538 734 5608 signi
771 5541 933 5596 verba
963 5542 1242 5603 faciemus.

667 5692 690 5726 '
713 5693 756 5763 ί.
792 5692 971 5758 ζὼδια.

2245 1859 2409 1929 τριῶν
2437 1859 2636 1912 τούτων
2676 1859 2912 1924 κύκλων,
2944 1860 3052 1913 τών
3084 1862 3146 1913 τὸ
3191 1863 3390 1925 πλάτος
3415 1862 3508 1915 τοῦ
3540 1863 3797 1926 ζωδιακοῦ

2245 1950 2560 2003 δεικνύντων
2592 1954 2739 2022 ἡμῖν,
2779 1953 2918 2004 κατά
2965 1953 3052 2004 τὸν
3091 1954 3250 2022 μέσον
3297 1957 3326 2007 6
3370 1955 3527 2024 ἥλιος
3559 1957 3795 2027 φέρεται.

2247 2043 2337 2094 Διὸ
2365 2043 2454 2094 καί⁵
2493 2043 2710 2111 sum;
2747 2043 2853 2095 ὑπὸ
2887 2043 2992 2095 τῶν
3020 2045 3186 2097 ταῦτα
3211 2045 3411 2119 δεινῶν
3433 2049 3799 2119 προσηγόρευ-

2244 2151 2354 2196 ται,
2390 2134 2482 2186 καὶ
2528 2135 2898 2199 ὲκλειπτικόςο
2949 2136 3131 2208 ἐπειδὴ
3176 2140 3235 2190 ἐν
3280 2139 3428 2208 αύτῷ
3477 2142 3538 2192 αἱ
3587 2141 3800 2210 ἡλιακαὶ

2246 2226 2514 2295 ἐκλείψεις
2536 2227 2794 2294 γίνονται.
2825 2229 2928 2281 Τὸν
2959 2229 3016 2282 δὲ
3044 2231 3436 2301 προειρημένον
3465 2233 3675 2287 πλατὺν
3711 2235 3798 2287 κύ-

2248 2317 2370 2370 κλον
2401 2318 2660 2380 ζωδιακὸν
2705 2319 2976 2391 καλοῦμεν
3019 2322 3126 2374 ἀπὸ
3167 2323 3273 2375 τῶν
3309 2325 3367 2377 ἐν
3414 2323 3563 2395 αύτῷ
3595 2321 3675 2394 ἰβ’
3703 2326 3800 2390 ζω-

2246 2409 2402 2462 δίων·
2441 2410 2476 2462 ἃ.
2531 2412 2642 2462 ἐστι
2690 2412 2876 2483 Κριὸς,
2924 2412 3155 2485 Ταῦρος,
3210 2415 3448 2486 Δίδυμοι,
3493 2419 3794 2490 Καρκίνος,

2247 2500 2418 2564 Λέων,
2449 2503 2742 2573 Παρθένος,
2774 2505 2963 2572 Ζυγὸς.
2992 2507 3274 2576 Σκορπίος,
3300 2508 3556 2578 Τοξότης.
3585 2511 3799 2578 Αἰγόκε-

2251 2610 2380 2664 ρως,
2418 2592 2721 2665 ’Υδροχόος,
2752 2596 2954 2666 ’ἰχθύες
2975 2614 2987 2628 ·
3021 2598 3262 2652 καλεῖται
3286 2599 3342 2651 δὲ
3371 2601 3466 2653 καὶ
3484 2601 3704 2654 εἴδωλα·
3730 2602 3798 2664 ὡς

2249 2686 2340 2738 καὶ
2371 2687 2600 2758 ’Ἄρατος
2615 2703 2628 2716 ”

2357 2779 2648 2846 Ἐμπιιλιν
2671 2777 2935 2845 εἰδώλοις
2964 2779 3317 2835 δυοκαίδεκα
3347 2780 3699 2836 δινεύονται.

2324 2867 2501 2932 Ἀξιον
2529 2869 2585 2921 δὲ
2616 2869 2861 2940 ζητῆσαι,
2890 2871 2942 2923 τί
2973 2871 3169 2942 δήποτε
3197 2872 3294 2941 τῆς
3320 2875 3689 2938 Κασσιεπείας
3714 2875 3797 2927 καὶ

2263 2961 2630 3032 Ἀνδρομέδας,
2677 2962 2770 3014 καὶ
2814 2961 2920 3014 τῶν
2964 2963 3136 3017 ἄλλων
3177 2963 3406 3018 εἰδώλων
3453 2965 3512 3030 ἐξ
3565 2966 3796 3035 ἀστέρων

2256 3055 2642 3124 συγκειμένων,
2677 3053 2742 3106 τὰ
2773 3052 2836 3123 ιβ’
2868 3054 3024 3124 μόνον
3053 3053 3234 3117 quam.
3261 3055 3330 3107 τά
3357 3057 3412 3109 δὲ
3444 3056 3611 3108 λοιπὰ
3635 3058 3794 3124 ἄστρα

2253 3144 2514 3198 καλεῖται.
2547 3146 2766 3215 Μήποτε
2791 3141 2882 3196 οὖν
2918 3145 3024 3198 ἀπὸ
3054 3144 3160 3198 τῶν
3201 3147 3599 3210 πλεοναζόντων
3646 3149 3702 3198 ὲν
3732 3145 3799 3214 τῷ

2250 3236 2431 3306 κύκλῳ
2447 3233 2561 3298 ζῶα
2578 3238 2598 3266 ⁵
2618 3236 2857 3304 λέγεταις
2877 3235 2987 3289 ἔστι
3008 3237 3112 3308 γὰρ
3134 3238 3191 3289 ὲν
3210 3240 3320 3299 τοῖς
3341 3237 3547 3300 λοιποῖς
3569 3238 3669 3291 άστ
3679 3255 3798 3308 ροις,

2248 3327 2284 3382 ἃ
2314 3328 2386 3398 μή
2424 3328 2536 3380 ἐστι
2569 3326 2753 3390 ζώδια,
2779 3328 3018 3384 τουτέστι
3052 3327 3202 3392 ζώων
3231 3328 3440 3382 εἴδωλα·
3471 3329 3503 3397 ἢ
3536 3329 3700 3382 πάλιν
3728 3329 3801 3380 ὃτι

2249 3422 2299 3474 οἱ
2325 3421 2688 3489 γενεσιαλόγοι
2716 3420 2814 3484 τὰς
2832 3421 3069 3491 γενέσεις
3090 3419 3196 3473 τῶν
3217 3420 3537 3492 ἀνθρώπων,
3561 3422 3658 3473 καὶ
3682 3423 3804 3490 περὶ

2250 3513 2393 3582 ζωῆς
2425 3514 2519 3565 καὶ
2552 3512 2798 3576 θανάτου,
2843 3512 2977 3582 πρὸς
3010 3510 3179 3565 ταῦτα
3215 3511 3496 3573 σκοποῦσι,
3545 3513 3644 3566 καὶ
3685 3515 3803 3578 τοὺς

2250 3603 2374 3673 περὶ
2420 3601 2556 3654 αὐτά
2596 3602 2968 3672 διερχομένους
3012 3602 3320 3673 πλάνητας·
3363 3602 3394 3671 ἢ
3439 3602 3520 3657 ὅτι
3556 3605 3689 3674 περὶ
3720 3604 3804 3657 τὸν

2249 3694 2463 3759 κύκλον,
2501 3695 2594 3746 καὶ
2626 3693 2752 3766 περὶ
2782 3693 2918 3746 αὐτὰ
2947 3695 2997 3746 οἱ
3028 3694 3166 3747 ἐπτά
3192 3693 3457 3764 πλάνητες
3483 3695 3804 3766 περιφέρον·

2249 3804 2361 3850 ται,
2387 3787 2482 3857 οὐχ
2511 3785 2900 3856 ύπερῦάλλουσι
2923 3787 3013 3838 τὸν
3049 3784 3304 3850 ζωδιακὸν
3340 3783 3560 3838 κύκλον.
3594 3787 3719 3839 Ζῶα
3749 3787 3801 3839 δέ

2248 3877 2352 3929 εἱσι
2372 3877 2464 3930 καὶ
2485 3871 2628 3930 οὗτοι
2649 3878 2698 3929 οἱ
2715 3876 2852 3929 ἑπτὰ
2873 3876 3159 3948 πλάνητες,
3181 3876 3256 3947 τῷ
3279 3877 3621 3946 αύτοκίνητοι
3640 3874 3798 3930 εἶναι’

2249 3969 2511 4039 πλάνητες
2538 3969 2594 4022 δὲ
2625 3967 2912 4022 καλοῦνται
2946 3967 3098 4035 παρὰ
3123 3968 3219 4040 τὴν
3247 3968 3379 4039 ἄλην
3413 3969 3512 4039 τὴν
3545 3970 3639 4022 καί
3671 3970 3801 4023 πλά-

2249 4078 2363 4132 νην.
2399 4062 2552 4112 Ἐστι
2590 4061 2633 4114 δ’
2660 4062 2748 4114 ὅτε
2787 4060 2974 4113 τοῦτον
3014 4061 3103 4116 τὸν
3140 4059 3334 4113 κύκλον
3375 4063 3468 4114 καὶ
3509 4080 3527 4113 ι
3560 4061 3746 4131 ἇλησιν
3773 4080 3791 4111 ι

2248 4150 2596 4222 ὀνομάζουσιν
2628 4171 2646 4203 ι
2681 4152 2849 4222 ἡλίου·
2889 4171 2908 4205 ι
2943 4151 3017 4216 ὡς
3043 4153 3135 4206 καὶ
3167 4154 3416 4224 Ἀρατος·

2317 4333 2426 4389 Καὶ
2452 4334 2522 4387 τὰ
2537 4335 2655 4403 μὲν
2677 4330 2787 4389 οὖν
2809 4334 3020 4402 βορέω,
3043 4335 3139 4390 καὶ
3161 4334 3416 4402 ἁλήσιος
3444 4336 3658 4405 ἠελίοιο

2175 4435 2227 4496 D
2313 4406 2639 4474 Μεσσηγὺς
2671 4405 3001 4474 κέχυται....

2323 4517 2474 4587 Ἔχει
2505 4517 2561 4570 δὲ
2591 4509 2742 4580 οὗτος
2773 4518 2801 4569 6
2826 4515 3019 4580 κύκλος
3047 4516 3268 4587 μέγεθος
3299 4516 3568 4586 μέγιστον.
3611 4517 3793 4570 Ἀεὶδὲ

2251 4609 2311 4662 τὸ
2337 4610 2505 4680 ἥμισυ
2534 4609 2638 4662 ὑπὸ
2669 4609 2773 4680 γῆν
2810 4609 2940 4680 ἔχει.
2984 4609 3073 4662 Διὸ
3103 4610 3194 4663 καὶ
3232 4609 3289 4673 ἓξ
3324 4611 3460 4680 ὑπὲρ
3500 4611 3602 4679 γῆν
3634 4611 3718 4662 ἀεὶ
3740 4612 3795 4662 ἐν

2250 4701 2432 4772 ἡμέρᾳ
2458 4700 2570 4753 ἐστὶ
2600 4699 2782 4765 ζώδια,
2805 4701 2896 4753 καὶ
2925 4701 2982 4766 ἓξ
3015 4701 3120 4754 ὑπὸ
3148 4702 3248 4772 γῆν
3281 4703 3337 4754 ὲν
3367 4702 3541 4755 νυκτί.
3581 4703 3798 4771 Ἐπιση-

2255 4790 2496 4860 μαίνεται
2524 4791 2580 4844 δὲ
2611 4791 2764 4844 τοῦτο
2795 4792 2886 4844 καὶ
2914 4792 3144 4862 ’Ἄρατος
3167 4791 3355 4861 λέγων·

2324 4995 2424 5059 Ἓξ
2453 4995 2562 5049 αἰεὶ
2594 4994 2843 5049 δύνουσι
2872 4994 3234 5061 δυωδεκάδες
3258 4995 3518 5048 κύκλοιο.

2313 5106 2656 5170 Δυωδεκάδας
2685 5107 2790 5177 γάρ
2817 5102 2937 5159 εἷπε
2972 5106 3042 5160 τὰ
3083 5106 3522 5177 δωδεκατημόρια
3556 5105 3663 5160 τῶν
3694 5106 3795 5171 ζωο

2244 5195 2384 5252 δίων.
2416 5198 2618 5277 Μηδεὶς
2645 5197 2700 5250 δὲ
2732 5197 2825 5250 νῦν
2856 5198 3203 5269 ὑποκρουέτω
3222 5199 3410 5266 λέγων·
3432 5200 3494 5252 Εἰ
3519 5199 3638 5252 καθ’
3667 5200 3793 5251 ἑκά-

2249 5308 2380 5361 στην
2426 5290 2630 5360 ἡμέραν
2675 5290 2813 5360 ὑπὲρ
2851 5291 2952 5362 γῆν
3001 5292 3092 5344 καὶ
3143 5291 3247 5344 ὑπὸ
3299 5292 3400 5362 γῆν
3457 5291 3547 5345 ἴσα
3589 5292 3793 5360 γίνεται

2248 5380 2430 5446 ζώδια,
2465 5379 2581 5443 πῶς
2605 5381 2703 5434 ούκ
2736 5381 2844 5435 ῐσαι
2877 5383 3013 5436 εἰσὶν
3058 5385 3112 5436 αἱ
3147 5383 3348 5456 ἡμέραι
3386 5383 3637 5455 ἀλλήλαις
3672 5383 3788 5448 dei;

2259 5472 2516 5544 Ἐροῦμεν
2548 5472 2655 5544 γὰρ
2680 5475 2802 5545 περὶ
2833 5476 3040 5542 τούτου,
3067 5477 3192 5530 ὅταν
3226 5476 3352 5548 περὶ
3378 5476 3635 5547 ἀνατολῆς
3668 5476 3792 5530 ἑκά-

2251 5581 2371 5618 στου
2407 5564 2591 5630 ζωδίου
2623 5564 2882 5637 λέγωμεν.
