  <div class='ocr_page' id='page_1' title='image "/cluster/home/n/w/nwhite01/storage/ocr_20150623/19/hvd.32044073501199/492.png"; bbox 0 0 4040 6206; ppageno 0'>
   <div class='ocr_carea' id='block_1_1' title="bbox 332 389 437 448">
    <p class='ocr_par' dir='ltr' id='par_1_1' title="bbox 332 389 437 448">
     <span class='ocr_line' id='line_1_1' title="bbox 332 389 437 448; baseline 0.019 -3"><span class='ocrx_word' id='word_1_1' title='bbox 332 389 437 448; x_wconf 81' lang='lat'><strong>969</strong></span> 
     </span>
    </p>
   </div>
   <div class='ocr_carea' id='block_1_2' title="bbox 1032 376 2791 445">
    <p class='ocr_par' dir='ltr' id='par_1_2' title="bbox 1032 376 2791 445">
     <span class='ocr_line' id='line_1_2' title="bbox 1032 376 2791 445; baseline -0.003 -2"><span class='ocrx_word' id='word_1_2' title='bbox 1032 386 1349 445; x_wconf 72' lang='lat' dir='ltr'><strong>ACHILLIS</strong></span> <span class='ocrx_word' id='word_1_3' title='bbox 1386 383 1572 442; x_wconf 76' lang='lat' dir='ltr'><strong>TATlI</strong></span> <span class='ocrx_word' id='word_1_4' title='bbox 1605 382 1902 442; x_wconf 70' lang='lat' dir='ltr'><strong>ISAGOGE</strong></span> <span class='ocrx_word' id='word_1_5' title='bbox 1940 382 2030 438; x_wconf 79' lang='lat' dir='ltr'><strong>AD</strong></span> <span class='ocrx_word' id='word_1_6' title='bbox 2067 380 2279 438; x_wconf 78' lang='lat' dir='ltr'><strong>ARATI</strong></span> <span class='ocrx_word' id='word_1_7' title='bbox 2318 376 2791 438; x_wconf 69' lang='grc' dir='ltr'><strong>ΡΙῘΔΕΝΟΜΕΝΑ.</strong></span> 
     </span>
    </p>
   </div>
   <div class='ocr_carea' id='block_1_3' title="bbox 3468 384 3573 445">
    <p class='ocr_par' dir='ltr' id='par_1_3' title="bbox 3468 384 3573 445">
     <span class='ocr_line' id='line_1_3' title="bbox 3468 384 3573 445; baseline -0.01 -1"><span class='ocrx_word' id='word_1_8' title='bbox 3468 384 3573 445; x_wconf 76' lang='lat'><strong>970</strong></span> 
     </span>
    </p>
   </div>
   <div class='ocr_carea' id='block_1_4' title="bbox 403 496 1896 575">
    <p class='ocr_par' dir='ltr' id='par_1_4' title="bbox 403 501 1896 575">
     <span class='ocr_line' id='line_1_4' title="bbox 403 501 1896 575; baseline -0.002 -17"><span class='ocrx_word' id='word_1_9' title='bbox 403 501 609 558; x_wconf 78' lang='grc' dir='ltr'>Τούτου</span> <span class='ocrx_word' id='word_1_10' title='bbox 626 503 718 557; x_wconf 78' lang='grc' dir='ltr'>τοῦ</span> <span class='ocrx_word' id='word_1_11' title='bbox 743 501 940 558; x_wconf 75' lang='grc' dir='ltr'>κύκλου</span> <span class='ocrx_word' id='word_1_12' title='bbox 960 502 1053 557; x_wconf 76' lang='grc' dir='ltr'>τοῦ</span> <span class='ocrx_word' id='word_1_13' title='bbox 1073 502 1334 570; x_wconf 74' lang='grc' dir='ltr'>ζωδιακοῦ</span> <span class='ocrx_word' id='word_1_14' title='bbox 1350 503 1409 556; x_wconf 80' lang='grc' dir='ltr'>τὸ</span> <span class='ocrx_word' id='word_1_15' title='bbox 1432 503 1529 574; x_wconf 82' lang='grc' dir='ltr'>μὲν</span> <span class='ocrx_word' id='word_1_16' title='bbox 1563 501 1802 575; x_wconf 83' lang='grc' dir='ltr'>βορειότε</span> <span class='ocrx_word' id='word_1_17' title='bbox 1810 518 1896 573; x_wconf 86' lang='grc' dir='ltr'><strong>ρον</strong></span> 
     </span>
    </p>
   </div>
   <div class='ocr_carea' id='block_1_5' title="bbox 1996 496 3569 575">
    <p class='ocr_par' dir='ltr' id='par_1_5' title="bbox 2071 496 3569 571">
     <span class='ocr_line' id='line_1_5' title="bbox 2071 496 3569 571; baseline 0.006 -22"><span class='ocrx_word' id='word_1_18' title='bbox 2071 496 2292 552; x_wconf 86' lang='lat' dir='ltr'><strong>Zodiaci</strong></span> <span class='ocrx_word' id='word_1_19' title='bbox 2321 497 2516 552; x_wconf 84' lang='lat' dir='ltr'><strong>circuli</strong></span> <span class='ocrx_word' id='word_1_20' title='bbox 2558 512 2686 567; x_wconf 85' lang='lat' dir='ltr'><strong>pars</strong></span> <span class='ocrx_word' id='word_1_21' title='bbox 2723 498 2834 562; x_wconf 91' lang='lat' dir='ltr'><strong>illa,</strong></span> <span class='ocrx_word' id='word_1_22' title='bbox 2870 511 2991 568; x_wconf 72' lang='lat' dir='ltr'><strong>qua:</strong></span> <span class='ocrx_word' id='word_1_23' title='bbox 3022 496 3259 553; x_wconf 74' lang='lat' dir='ltr'><strong>maxime</strong></span> <span class='ocrx_word' id='word_1_24' title='bbox 3295 500 3468 571; x_wconf 83' lang='lat' dir='ltr'><strong>vergit</strong></span> <span class='ocrx_word' id='word_1_25' title='bbox 3502 500 3569 558; x_wconf 86' lang='lat' dir='ltr'><strong>ad</strong></span> 
     </span>
    </p>
   </div>
   <div class='ocr_carea' id='block_1_6' title="bbox 337 593 1904 667">
    <p class='ocr_par' dir='ltr' id='par_1_6' title="bbox 337 593 1904 667">
     <span class='ocr_line' id='line_1_6' title="bbox 337 593 1904 667; baseline 0.001 -20"><span class='ocrx_word' id='word_1_26' title='bbox 337 595 504 665; x_wconf 80' lang='grc' dir='ltr'><strong>μέρος</strong></span> <span class='ocrx_word' id='word_1_27' title='bbox 537 593 837 663; x_wconf 77' lang='grc' dir='ltr'>ἐφάπτεται</span> <span class='ocrx_word' id='word_1_28' title='bbox 852 593 946 648; x_wconf 79' lang='grc' dir='ltr'><strong>τοῦ</strong></span> <span class='ocrx_word' id='word_1_29' title='bbox 967 593 1178 666; x_wconf 81' lang='grc' dir='ltr'>θερινοῦ</span> <span class='ocrx_word' id='word_1_30' title='bbox 1194 593 1456 667; x_wconf 81' lang='grc' dir='ltr'>τροπικοῦ</span> <span class='ocrx_word' id='word_1_31' title='bbox 1488 594 1627 648; x_wconf 79' lang='grc' dir='ltr'>κατὰ</span> <span class='ocrx_word' id='word_1_32' title='bbox 1646 594 1737 648; x_wconf 80' lang='grc' dir='ltr'>τὸν</span> <span class='ocrx_word' id='word_1_33' title='bbox 1754 596 1904 667; x_wconf 85' lang='grc' dir='ltr'>Καρ-</span> 
     </span>
    </p>
   </div>
   <div class='ocr_carea' id='block_1_7' title="bbox 333 686 1904 760">
    <p class='ocr_par' dir='ltr' id='par_1_7' title="bbox 333 686 1904 760">
     <span class='ocr_line' id='line_1_7' title="bbox 333 686 1904 760; baseline 0.001 -21"><span class='ocrx_word' id='word_1_34' title='bbox 333 687 504 750; x_wconf 85' lang='grc' dir='ltr'>κίνον,</span> <span class='ocrx_word' id='word_1_35' title='bbox 524 686 587 740; x_wconf 82' lang='grc' dir='ltr'>τὸ</span> <span class='ocrx_word' id='word_1_36' title='bbox 608 686 666 740; x_wconf 82' lang='grc' dir='ltr'>δὲ</span> <span class='ocrx_word' id='word_1_37' title='bbox 691 686 1004 759; x_wconf 83' lang='grc' dir='ltr'>νοτιὼτερον</span> <span class='ocrx_word' id='word_1_38' title='bbox 1028 686 1122 741; x_wconf 77' lang='grc' dir='ltr'>τοῦ</span> <span class='ocrx_word' id='word_1_39' title='bbox 1145 686 1453 760; x_wconf 85' lang='grc' dir='ltr'>χειμερινοῦ</span> <span class='ocrx_word' id='word_1_40' title='bbox 1471 686 1730 758; x_wconf 82' lang='grc' dir='ltr'>τροπικοῦ</span> <span class='ocrx_word' id='word_1_41' title='bbox 1762 686 1904 742; x_wconf 82' lang='grc' dir='ltr'>κατὰ</span> 
     </span>
    </p>
   </div>
   <div class='ocr_carea' id='block_1_8' title="bbox 329 777 1901 852">
    <p class='ocr_par' dir='ltr' id='par_1_8' title="bbox 329 777 1901 852">
     <span class='ocr_line' id='line_1_8' title="bbox 329 777 1901 852; baseline 0.001 -22"><span class='ocrx_word' id='word_1_42' title='bbox 329 778 426 831; x_wconf 75' lang='grc' dir='ltr'>τὸν</span> <span class='ocrx_word' id='word_1_43' title='bbox 453 777 824 851; x_wconf 80' lang='grc' dir='ltr'>Αίγοκέρωτα·</span> <span class='ocrx_word' id='word_1_44' title='bbox 872 778 967 833; x_wconf 76' lang='grc' dir='ltr'><strong>τοῦ</strong></span> <span class='ocrx_word' id='word_1_45' title='bbox 995 779 1051 833; x_wconf 84' lang='grc' dir='ltr'>δὲ</span> <span class='ocrx_word' id='word_1_46' title='bbox 1088 779 1412 851; x_wconf 86' lang='grc' dir='ltr'>μεσαιτάτου</span> <span class='ocrx_word' id='word_1_47' title='bbox 1458 779 1551 832; x_wconf 84' lang='grc' dir='ltr'>τοῦ</span> <span class='ocrx_word' id='word_1_48' title='bbox 1587 778 1901 852; x_wconf 77' lang='grc' dir='ltr'>ἰσημερινοῦ</span> 
     </span>
    </p>
   </div>
   <div class='ocr_carea' id='block_1_9' title="bbox 331 869 1903 943">
    <p class='ocr_par' dir='ltr' id='par_1_9' title="bbox 331 869 1903 943">
     <span class='ocr_line' id='line_1_9' title="bbox 331 869 1903 943; baseline 0.001 -19"><span class='ocrx_word' id='word_1_49' title='bbox 331 869 476 924; x_wconf 83' lang='grc' dir='ltr'>κατὰ</span> <span class='ocrx_word' id='word_1_50' title='bbox 505 869 599 924; x_wconf 81' lang='grc' dir='ltr'>δύο</span> <span class='ocrx_word' id='word_1_51' title='bbox 626 870 788 943; x_wconf 87' lang='grc' dir='ltr'>μέρη,</span> <span class='ocrx_word' id='word_1_52' title='bbox 815 873 908 926; x_wconf 77' lang='grc' dir='ltr'>καὶ</span> <span class='ocrx_word' id='word_1_53' title='bbox 934 870 1028 925; x_wconf 76' lang='grc' dir='ltr'>δύο</span> <span class='ocrx_word' id='word_1_54' title='bbox 1057 870 1243 940; x_wconf 78' lang='grc' dir='ltr'>ζώδια,</span> <span class='ocrx_word' id='word_1_55' title='bbox 1265 872 1408 927; x_wconf 89' lang='grc' dir='ltr'>κατά</span> <span class='ocrx_word' id='word_1_56' title='bbox 1425 889 1483 925; x_wconf 88' lang='grc' dir='ltr'><strong>τε</strong></span> <span class='ocrx_word' id='word_1_57' title='bbox 1506 873 1674 942; x_wconf 79' lang='grc' dir='ltr'>Κριὸν</span> <span class='ocrx_word' id='word_1_58' title='bbox 1694 871 1903 936; x_wconf 77' lang='grc' dir='ltr'>καὶτὰς</span> 
     </span>
    </p>
   </div>
   <div class='ocr_carea' id='block_1_10' title="bbox 330 960 1903 1036">
    <p class='ocr_par' dir='ltr' id='par_1_10' title="bbox 330 960 1903 1036">
     <span class='ocr_line' id='line_1_10' title="bbox 330 960 1903 1036; baseline 0.001 -21"><span class='ocrx_word' id='word_1_59' title='bbox 330 960 544 1033; x_wconf 81' lang='grc' dir='ltr'>Χηλάς’</span> <span class='ocrx_word' id='word_1_60' title='bbox 577 964 673 1016; x_wconf 74' lang='grc' dir='ltr'><strong>καὶ</strong></span> <span class='ocrx_word' id='word_1_61' title='bbox 710 962 775 1034; x_wconf 80' lang='grc' dir='ltr'>δὴ</span> <span class='ocrx_word' id='word_1_62' title='bbox 813 962 997 1034; x_wconf 81' lang='grc' dir='ltr'><strong>τέμνει</strong></span> <span class='ocrx_word' id='word_1_63' title='bbox 1028 962 1120 1017; x_wconf 83' lang='grc' dir='ltr'>τὸν</span> <span class='ocrx_word' id='word_1_64' title='bbox 1157 964 1487 1036; x_wconf 79' lang='grc' dir='ltr'>ἰσημερινὸν.</span> <span class='ocrx_word' id='word_1_65' title='bbox 1523 967 1619 1018; x_wconf 77' lang='grc' dir='ltr'>καὶ</span> <span class='ocrx_word' id='word_1_66' title='bbox 1646 964 1903 1035; x_wconf 79' lang='grc' dir='ltr'><strong>τέμνεται</strong></span> 
     </span>
    </p>
   </div>
   <div class='ocr_carea' id='block_1_11' title="bbox 329 1051 1903 1132">
    <p class='ocr_par' dir='ltr' id='par_1_11' title="bbox 329 1051 1903 1132">
     <span class='ocr_line' id='line_1_11' title="bbox 329 1051 1903 1132; baseline 0.001 -25"><span class='ocrx_word' id='word_1_67' title='bbox 329 1052 426 1107; x_wconf 78' lang='grc' dir='ltr'><strong>ὑπ’</strong></span> <span class='ocrx_word' id='word_1_68' title='bbox 457 1051 644 1106; x_wconf 76' lang='grc' dir='ltr'>αὐτοῦ.</span> <span class='ocrx_word' id='word_1_69' title='bbox 685 1053 814 1107; x_wconf 87' lang='grc' dir='ltr'>Ὀτε</span> <span class='ocrx_word' id='word_1_70' title='bbox 856 1055 1033 1109; x_wconf 86' lang='grc' dir='ltr'><strong>τοίνυν</strong></span> <span class='ocrx_word' id='word_1_71' title='bbox 1075 1056 1166 1109; x_wconf 74' lang='grc' dir='ltr'><strong>ἐπὶ</strong></span> <span class='ocrx_word' id='word_1_72' title='bbox 1198 1057 1267 1110; x_wconf 79' lang='grc' dir='ltr'>τὰ</span> <span class='ocrx_word' id='word_1_73' title='bbox 1308 1056 1619 1132; x_wconf 83' lang='grc' dir='ltr'>βορειότερα</span> <span class='ocrx_word' id='word_1_74' title='bbox 1655 1054 1764 1110; x_wconf 84' lang='grc' dir='ltr'><strong>ἀπὸ</strong></span> <span class='ocrx_word' id='word_1_75' title='bbox 1795 1056 1903 1109; x_wconf 89' lang='grc' dir='ltr'><strong>τῶν</strong></span> 
     </span>
    </p>
   </div>
   <div class='ocr_carea' id='block_1_12' title="bbox 330 1145 1899 1223">
    <p class='ocr_par' dir='ltr' id='par_1_12' title="bbox 330 1145 1899 1223">
     <span class='ocr_line' id='line_1_12' title="bbox 330 1145 1899 1223; baseline 0.002 -23"><span class='ocrx_word' id='word_1_76' title='bbox 330 1145 665 1217; x_wconf 86' lang='grc' dir='ltr'>νοτιωτέρων</span> <span class='ocrx_word' id='word_1_77' title='bbox 685 1145 917 1216; x_wconf 74' lang='grc' dir='ltr'>ὑψοῦται</span> <span class='ocrx_word' id='word_1_78' title='bbox 933 1150 962 1202; x_wconf 89' lang='lat'><strong>6</strong></span> <span class='ocrx_word' id='word_1_79' title='bbox 980 1147 1150 1219; x_wconf 84' lang='grc' dir='ltr'>ἥλιος,</span> <span class='ocrx_word' id='word_1_80' title='bbox 1176 1148 1340 1222; x_wconf 88' lang='grc' dir='ltr'>μέχρι</span> <span class='ocrx_word' id='word_1_81' title='bbox 1366 1150 1640 1223; x_wconf 79' lang='grc' dir='ltr'><strong>Καρκίνου</strong></span> <span class='ocrx_word' id='word_1_82' title='bbox 1667 1151 1899 1220; x_wconf 85' lang='grc' dir='ltr'>γίνεται.</span> 
     </span>
    </p>
   </div>
   <div class='ocr_carea' id='block_1_13' title="bbox 328 1237 1902 1316">
    <p class='ocr_par' dir='ltr' id='par_1_13' title="bbox 328 1237 1902 1316">
     <span class='ocr_line' id='line_1_13' title="bbox 328 1237 1902 1316; baseline 0.004 -27"><span class='ocrx_word' id='word_1_83' title='bbox 328 1237 426 1290; x_wconf 82' lang='grc' dir='ltr'><strong>Διὸ</strong></span> <span class='ocrx_word' id='word_1_84' title='bbox 451 1238 543 1290; x_wconf 77' lang='grc' dir='ltr'><strong>καὶ</strong></span> <span class='ocrx_word' id='word_1_85' title='bbox 575 1237 776 1309; x_wconf 83' lang='grc' dir='ltr'>θερμὸς</span> <span class='ocrx_word' id='word_1_86' title='bbox 800 1240 929 1311; x_wconf 77' lang='grc' dir='ltr'>ἡμῖν</span> <span class='ocrx_word' id='word_1_87' title='bbox 977 1241 1290 1306; x_wconf 78' lang='grc' dir='ltr'><strong>ὑποπίπτει,</strong></span> <span class='ocrx_word' id='word_1_88' title='bbox 1342 1243 1437 1297; x_wconf 81' lang='grc' dir='ltr'>ἆτε</span> <span class='ocrx_word' id='word_1_89' title='bbox 1484 1242 1710 1316; x_wconf 81' lang='grc' dir='ltr'><strong>πλησίον</strong></span> <span class='ocrx_word' id='word_1_90' title='bbox 1741 1242 1902 1314; x_wconf 80' lang='grc' dir='ltr'>ἡμῶν</span> 
     </span>
    </p>
   </div>
   <div class='ocr_carea' id='block_1_14' title="bbox 327 1327 1899 1405">
    <p class='ocr_par' dir='ltr' id='par_1_14' title="bbox 327 1327 1899 1405">
     <span class='ocr_line' id='line_1_14' title="bbox 327 1327 1899 1405; baseline 0.005 -24"><span class='ocrx_word' id='word_1_91' title='bbox 327 1327 428 1383; x_wconf 71' lang='grc' dir='ltr'>ῶν.</span> <span class='ocrx_word' id='word_1_92' title='bbox 459 1329 743 1383; x_wconf 78' lang='grc' dir='ltr'>Ἐπέκεινα</span> <span class='ocrx_word' id='word_1_93' title='bbox 772 1330 829 1384; x_wconf 84' lang='grc' dir='ltr'>δὲ</span> <span class='ocrx_word' id='word_1_94' title='bbox 851 1332 1123 1401; x_wconf 83' lang='grc' dir='ltr'>Καρκίνου</span> <span class='ocrx_word' id='word_1_95' title='bbox 1152 1334 1248 1405; x_wconf 77' lang='grc' dir='ltr'><strong>οὐχ</strong></span> <span class='ocrx_word' id='word_1_96' title='bbox 1278 1334 1525 1405; x_wconf 64' lang='grc' dir='ltr'><strong>ὑψοῦται·</strong></span> <span class='ocrx_word' id='word_1_97' title='bbox 1558 1335 1693 1390; x_wconf 82' lang='grc' dir='ltr'>ἀλλὰ</span> <span class='ocrx_word' id='word_1_98' title='bbox 1729 1353 1899 1405; x_wconf 71' lang='grc' dir='ltr'>προτ-</span> 
     </span>
    </p>
   </div>
   <div class='ocr_carea' id='block_1_15' title="bbox 310 1418 1900 1493">
    <p class='ocr_par' dir='ltr' id='par_1_15' title="bbox 310 1418 1900 1493">
     <span class='ocr_line' id='line_1_15' title="bbox 310 1418 1900 1493; baseline 0.005 -21"><span class='ocrx_word' id='word_1_99' title='bbox 310 1418 431 1484; x_wconf 61' lang='grc' dir='ltr'>,ιὼν</span> <span class='ocrx_word' id='word_1_100' title='bbox 471 1418 704 1474; x_wconf 76' lang='grc' dir='ltr'>ἐνταῦθα</span> <span class='ocrx_word' id='word_1_101' title='bbox 742 1422 1000 1493; x_wconf 85' lang='grc' dir='ltr'>τρέπεται</span> <span class='ocrx_word' id='word_1_102' title='bbox 1045 1427 1137 1479; x_wconf 73' lang='grc' dir='ltr'><strong>ἐπὶ</strong></span> <span class='ocrx_word' id='word_1_103' title='bbox 1183 1426 1253 1479; x_wconf 79' lang='grc' dir='ltr'>τὰ</span> <span class='ocrx_word' id='word_1_104' title='bbox 1305 1426 1475 1480; x_wconf 87' lang='grc' dir='ltr'>νότια·</span> <span class='ocrx_word' id='word_1_105' title='bbox 1521 1428 1613 1480; x_wconf 75' lang='grc' dir='ltr'>καὶ</span> <span class='ocrx_word' id='word_1_106' title='bbox 1655 1427 1900 1481; x_wconf 85' lang='grc' dir='ltr'>καλεῖται</span> 
     </span>
    </p>
   </div>
   <div class='ocr_carea' id='block_1_16' title="bbox 310 1512 1902 1589">
    <p class='ocr_par' dir='ltr' id='par_1_16' title="bbox 310 1512 1902 1589">
     <span class='ocr_line' id='line_1_16' title="bbox 310 1512 1902 1589; baseline 0.001 -20"><span class='ocrx_word' id='word_1_107' title='bbox 310 1512 514 1585; x_wconf 77' lang='grc' dir='ltr'>,θερινὴ</span> <span class='ocrx_word' id='word_1_108' title='bbox 538 1514 713 1584; x_wconf 81' lang='grc' dir='ltr'>τροπὴ</span> <span class='ocrx_word' id='word_1_109' title='bbox 738 1513 800 1567; x_wconf 83' lang='grc' dir='ltr'>τὸ</span> <span class='ocrx_word' id='word_1_110' title='bbox 823 1516 880 1569; x_wconf 81' lang='grc' dir='ltr'>ἐν</span> <span class='ocrx_word' id='word_1_111' title='bbox 907 1515 983 1586; x_wconf 79' lang='grc' dir='ltr'>τῷ</span> <span class='ocrx_word' id='word_1_112' title='bbox 1009 1516 1264 1589; x_wconf 83' lang='grc' dir='ltr'>Καρκίνῳ</span> <span class='ocrx_word' id='word_1_113' title='bbox 1293 1516 1424 1587; x_wconf 66' lang='grc' dir='ltr'>ὖῷος</span> <span class='ocrx_word' id='word_1_114' title='bbox 1448 1515 1541 1570; x_wconf 78' lang='grc' dir='ltr'><strong>τοῦ</strong></span> <span class='ocrx_word' id='word_1_115' title='bbox 1572 1517 1744 1589; x_wconf 79' lang='grc' dir='ltr'>ἡλίου.</span> <span class='ocrx_word' id='word_1_116' title='bbox 1777 1518 1902 1572; x_wconf 77' lang='grc' dir='ltr'>Βού-</span> 
     </span>
    </p>
   </div>
   <div class='ocr_carea' id='block_1_17' title="bbox 324 1602 1900 1677">
    <p class='ocr_par' dir='ltr' id='par_1_17' title="bbox 324 1602 1900 1677">
     <span class='ocr_line' id='line_1_17' title="bbox 324 1602 1900 1677; baseline 0.003 -21"><span class='ocrx_word' id='word_1_117' title='bbox 324 1602 510 1657; x_wconf 87' lang='grc' dir='ltr'>λονται</span> <span class='ocrx_word' id='word_1_118' title='bbox 547 1603 603 1656; x_wconf 84' lang='grc' dir='ltr'>δὲ</span> <span class='ocrx_word' id='word_1_119' title='bbox 648 1604 853 1674; x_wconf 81' lang='grc' dir='ltr'>τροπὴν</span> <span class='ocrx_word' id='word_1_120' title='bbox 898 1604 1057 1658; x_wconf 76' lang='grc' dir='ltr'>αὑτὸν</span> <span class='ocrx_word' id='word_1_121' title='bbox 1106 1605 1372 1659; x_wconf 84' lang='grc' dir='ltr'>ποιεῖσθαι</span> <span class='ocrx_word' id='word_1_122' title='bbox 1418 1606 1467 1659; x_wconf 75' lang='lat' dir='ltr'><strong>oi</strong></span> <span class='ocrx_word' id='word_1_123' title='bbox 1513 1606 1616 1677; x_wconf 82' lang='grc' dir='ltr'>μὲν</span> <span class='ocrx_word' id='word_1_124' title='bbox 1647 1608 1774 1676; x_wconf 75' lang='grc' dir='ltr'>περὶ</span> <span class='ocrx_word' id='word_1_125' title='bbox 1801 1606 1900 1671; x_wconf 76' lang='grc' dir='ltr'><strong>τὰς</strong></span> 
     </span>
    </p>
   </div>
   <div class='ocr_carea' id='block_1_18' title="bbox 326 1695 1900 1772">
    <p class='ocr_par' dir='ltr' id='par_1_18' title="bbox 326 1695 1900 1772">
     <span class='ocr_line' id='line_1_18' title="bbox 326 1695 1900 1772; baseline 0.004 -24"><span class='ocrx_word' id='word_1_126' title='bbox 326 1695 525 1766; x_wconf 82' lang='grc' dir='ltr'>ἀρχὰς,</span> <span class='ocrx_word' id='word_1_127' title='bbox 561 1696 611 1748; x_wconf 90' lang='grc' dir='ltr'><strong>οί</strong></span> <span class='ocrx_word' id='word_1_128' title='bbox 644 1695 699 1748; x_wconf 81' lang='grc' dir='ltr'>δὲ</span> <span class='ocrx_word' id='word_1_129' title='bbox 731 1697 858 1768; x_wconf 78' lang='grc' dir='ltr'>περὶ</span> <span class='ocrx_word' id='word_1_130' title='bbox 888 1696 1078 1767; x_wconf 83' lang='grc' dir='ltr'><strong>ὀγδόην</strong></span> <span class='ocrx_word' id='word_1_131' title='bbox 1109 1700 1320 1770; x_wconf 82' lang='grc' dir='ltr'>μοῖραν,</span> <span class='ocrx_word' id='word_1_132' title='bbox 1342 1700 1390 1751; x_wconf 75' lang='lat' dir='ltr'><strong>oi</strong></span> <span class='ocrx_word' id='word_1_133' title='bbox 1420 1699 1476 1753; x_wconf 81' lang='grc' dir='ltr'>δὲ</span> <span class='ocrx_word' id='word_1_134' title='bbox 1510 1701 1639 1772; x_wconf 78' lang='grc' dir='ltr'>περὶ</span> <span class='ocrx_word' id='word_1_135' title='bbox 1666 1700 1751 1771; x_wconf 82' lang='grc' dir='ltr'><strong>ιβ’,</strong></span> <span class='ocrx_word' id='word_1_136' title='bbox 1777 1701 1826 1754; x_wconf 92' lang='grc' dir='ltr'><strong>οί</strong></span> <span class='ocrx_word' id='word_1_137' title='bbox 1843 1701 1900 1754; x_wconf 82' lang='grc' dir='ltr'>δὲ</span> 
     </span>
    </p>
   </div>
   <div class='ocr_carea' id='block_1_19' title="bbox 325 1785 1893 1863">
    <p class='ocr_par' dir='ltr' id='par_1_19' title="bbox 325 1785 1893 1863">
     <span class='ocr_line' id='line_1_19' title="bbox 325 1785 1893 1863; baseline 0.006 -27"><span class='ocrx_word' id='word_1_138' title='bbox 325 1788 459 1858; x_wconf 73' lang='grc' dir='ltr'>περὶ</span> <span class='ocrx_word' id='word_1_139' title='bbox 485 1793 543 1839; x_wconf 87' lang='grc' dir='ltr'><strong>ιε’</strong></span> <span class='ocrx_word' id='word_1_140' title='bbox 563 1785 656 1840; x_wconf 81' lang='grc' dir='ltr'>τοῦ</span> <span class='ocrx_word' id='word_1_141' title='bbox 681 1788 976 1860; x_wconf 84' lang='grc' dir='ltr'>Καρκίνου.</span> <span class='ocrx_word' id='word_1_142' title='bbox 996 1789 1211 1843; x_wconf 87' lang='grc' dir='ltr'>Κατιὼν</span> <span class='ocrx_word' id='word_1_143' title='bbox 1230 1789 1287 1843; x_wconf 81' lang='grc' dir='ltr'>δὲ</span> <span class='ocrx_word' id='word_1_144' title='bbox 1304 1791 1397 1843; x_wconf 73' lang='grc' dir='ltr'><strong>ἐπὶ</strong></span> <span class='ocrx_word' id='word_1_145' title='bbox 1418 1789 1487 1845; x_wconf 81' lang='grc' dir='ltr'><strong>τὰ</strong></span> <span class='ocrx_word' id='word_1_146' title='bbox 1508 1792 1654 1845; x_wconf 88' lang='grc' dir='ltr'>νότια</span> <span class='ocrx_word' id='word_1_147' title='bbox 1675 1794 1704 1845; x_wconf 92' lang='lat'><strong>6</strong></span> <span class='ocrx_word' id='word_1_148' title='bbox 1723 1792 1893 1863; x_wconf 81' lang='grc' dir='ltr'>ἥλιος,</span> 
     </span>
    </p>
   </div>
   <div class='ocr_carea' id='block_1_20' title="bbox 324 1878 1895 1956">
    <p class='ocr_par' dir='ltr' id='par_1_20' title="bbox 324 1878 1895 1956">
     <span class='ocr_line' id='line_1_20' title="bbox 324 1878 1895 1956; baseline 0.005 -26"><span class='ocrx_word' id='word_1_149' title='bbox 324 1878 467 1932; x_wconf 68' lang='grc' dir='ltr'>ἐπὰν</span> <span class='ocrx_word' id='word_1_150' title='bbox 511 1878 651 1933; x_wconf 84' lang='grc' dir='ltr'>κατὰ</span> <span class='ocrx_word' id='word_1_151' title='bbox 684 1878 776 1933; x_wconf 81' lang='grc' dir='ltr'><strong>τοῦ</strong></span> <span class='ocrx_word' id='word_1_152' title='bbox 819 1880 1134 1952; x_wconf 74' lang='grc' dir='ltr'>ίσημερινοῦ</span> <span class='ocrx_word' id='word_1_153' title='bbox 1167 1880 1413 1953; x_wconf 84' lang='grc' dir='ltr'>γένηται,</span> <span class='ocrx_word' id='word_1_154' title='bbox 1446 1883 1568 1937; x_wconf 75' lang='grc' dir='ltr'>τότε</span> <span class='ocrx_word' id='word_1_155' title='bbox 1607 1885 1895 1956; x_wconf 86' lang='grc' dir='ltr'>ίσημερίαν</span> 
     </span>
    </p>
   </div>
   <div class='ocr_carea' id='block_1_21' title="bbox 322 1970 1899 2046">
    <p class='ocr_par' dir='ltr' id='par_1_21' title="bbox 322 1970 1899 2046">
     <span class='ocr_line' id='line_1_21' title="bbox 322 1970 1899 2046; baseline 0.004 -24"><span class='ocrx_word' id='word_1_156' title='bbox 322 1972 491 2025; x_wconf 79' lang='grc' dir='ltr'>ποιεῖ.</span> <span class='ocrx_word' id='word_1_157' title='bbox 528 1971 678 2023; x_wconf 86' lang='grc' dir='ltr'>Ποιεῖ</span> <span class='ocrx_word' id='word_1_158' title='bbox 698 1971 754 2025; x_wconf 83' lang='grc' dir='ltr'>δὲ</span> <span class='ocrx_word' id='word_1_159' title='bbox 780 1970 938 2026; x_wconf 80' lang='grc' dir='ltr'>τοῦτο</span> <span class='ocrx_word' id='word_1_160' title='bbox 958 1973 1038 2036; x_wconf 74' lang='grc' dir='ltr'>δὶς</span> <span class='ocrx_word' id='word_1_161' title='bbox 1064 1973 1158 2026; x_wconf 80' lang='grc' dir='ltr'>τοῦ</span> <span class='ocrx_word' id='word_1_162' title='bbox 1184 1973 1449 2028; x_wconf 69' lang='grc' dir='ltr'>ἐνιαυτοῖν</span> <span class='ocrx_word' id='word_1_163' title='bbox 1483 1975 1666 2046; x_wconf 77' lang='grc' dir='ltr'>ἐπειδὴ</span> <span class='ocrx_word' id='word_1_164' title='bbox 1695 1978 1787 2029; x_wconf 76' lang='grc' dir='ltr'>καὶ</span> <span class='ocrx_word' id='word_1_165' title='bbox 1818 1976 1899 2040; x_wconf 84' lang='grc' dir='ltr'><strong>δίς</strong></span> 
     </span>
    </p>
   </div>
   <div class='ocr_carea' id='block_1_22' title="bbox 323 2059 1895 2139">
    <p class='ocr_par' dir='ltr' id='par_1_22' title="bbox 323 2059 1895 2139">
     <span class='ocr_line' id='line_1_22' title="bbox 323 2059 1895 2139; baseline 0.004 -28"><span class='ocrx_word' id='word_1_166' title='bbox 323 2059 630 2128; x_wconf 70' lang='grc' dir='ltr'>ἐφάπτεται</span> <span class='ocrx_word' id='word_1_167' title='bbox 649 2060 742 2114; x_wconf 80' lang='grc' dir='ltr'>τοῦ</span> <span class='ocrx_word' id='word_1_168' title='bbox 769 2061 1103 2134; x_wconf 79' lang='grc' dir='ltr'>ίσημερινοῦ.</span> <span class='ocrx_word' id='word_1_169' title='bbox 1120 2063 1231 2116; x_wconf 76' lang='grc' dir='ltr'><strong>Καὶ</strong></span> <span class='ocrx_word' id='word_1_170' title='bbox 1249 2065 1282 2133; x_wconf 78' lang='grc' dir='ltr'>ἡ</span> <span class='ocrx_word' id='word_1_171' title='bbox 1308 2064 1406 2134; x_wconf 84' lang='grc' dir='ltr'>μὲν</span> <span class='ocrx_word' id='word_1_172' title='bbox 1422 2064 1662 2119; x_wconf 82' lang='grc' dir='ltr'>καλεῖται</span> <span class='ocrx_word' id='word_1_173' title='bbox 1684 2064 1895 2139; x_wconf 80' lang='grc' dir='ltr'>ἐαρινὴ,</span> 
     </span>
    </p>
   </div>
   <div class='ocr_carea' id='block_1_23' title="bbox 318 2150 1895 2228">
    <p class='ocr_par' dir='ltr' id='par_1_23' title="bbox 318 2150 1895 2228">
     <span class='ocr_line' id='line_1_23' title="bbox 318 2150 1895 2228; baseline 0.004 -24"><span class='ocrx_word' id='word_1_174' title='bbox 318 2152 362 2221; x_wconf 79' lang='grc' dir='ltr'><strong>ἡ</strong></span> <span class='ocrx_word' id='word_1_175' title='bbox 391 2150 447 2204; x_wconf 81' lang='grc' dir='ltr'>δὲ</span> <span class='ocrx_word' id='word_1_176' title='bbox 483 2152 820 2225; x_wconf 75' lang='grc' dir='ltr'><strong>μετοπωρινή</strong></span> <span class='ocrx_word' id='word_1_177' title='bbox 853 2154 1130 2227; x_wconf 75' lang='grc' dir='ltr'>ἰσημερίαο</span> <span class='ocrx_word' id='word_1_178' title='bbox 1159 2155 1347 2227; x_wconf 82' lang='grc' dir='ltr'>ὲαρινὴ</span> <span class='ocrx_word' id='word_1_179' title='bbox 1385 2157 1483 2227; x_wconf 85' lang='grc' dir='ltr'>μὲν</span> <span class='ocrx_word' id='word_1_180' title='bbox 1511 2157 1569 2212; x_wconf 85' lang='grc' dir='ltr'>ὲν</span> <span class='ocrx_word' id='word_1_181' title='bbox 1597 2156 1771 2228; x_wconf 82' lang='grc' dir='ltr'>Κριῷ,</span> <span class='ocrx_word' id='word_1_182' title='bbox 1806 2158 1895 2211; x_wconf 86' lang='grc' dir='ltr'>ὅτε</span> 
     </span>
    </p>
   </div>
   <div class='ocr_carea' id='block_1_24' title="bbox 322 2240 1895 2319">
    <p class='ocr_par' dir='ltr' id='par_1_24' title="bbox 322 2240 1895 2319">
     <span class='ocr_line' id='line_1_24' title="bbox 322 2240 1895 2319; baseline 0.003 -24"><span class='ocrx_word' id='word_1_183' title='bbox 322 2241 629 2312; x_wconf 75' lang='grc' dir='ltr'>ἐφάπτεται</span> <span class='ocrx_word' id='word_1_184' title='bbox 667 2240 762 2296; x_wconf 80' lang='grc' dir='ltr'><strong>τοῦ</strong></span> <span class='ocrx_word' id='word_1_185' title='bbox 805 2242 1120 2315; x_wconf 83' lang='grc' dir='ltr'>ίσημερινοῦ</span> <span class='ocrx_word' id='word_1_186' title='bbox 1158 2243 1381 2298; x_wconf 82' lang='grc' dir='ltr'>κύκλου·</span> <span class='ocrx_word' id='word_1_187' title='bbox 1432 2245 1777 2319; x_wconf 81' lang='grc' dir='ltr'>μετοπωρινὴ</span> <span class='ocrx_word' id='word_1_188' title='bbox 1818 2246 1895 2312; x_wconf 85' lang='grc' dir='ltr'><strong>δὲ,</strong></span> 
     </span>
    </p>
   </div>
   <div class='ocr_carea' id='block_1_25' title="bbox 320 2334 1897 2409">
    <p class='ocr_par' dir='ltr' id='par_1_25' title="bbox 320 2334 1897 2409">
     <span class='ocr_line' id='line_1_25' title="bbox 320 2334 1897 2409; baseline 0.004 -23"><span class='ocrx_word' id='word_1_189' title='bbox 320 2334 416 2387; x_wconf 74' lang='grc' dir='ltr'>ὅτε</span> <span class='ocrx_word' id='word_1_190' title='bbox 454 2334 661 2403; x_wconf 88' lang='grc' dir='ltr'>γίνεται</span> <span class='ocrx_word' id='word_1_191' title='bbox 700 2336 758 2388; x_wconf 82' lang='grc' dir='ltr'>ὲν</span> <span class='ocrx_word' id='word_1_192' title='bbox 800 2336 1037 2407; x_wconf 82' lang='grc' dir='ltr'>Χηλαῖς,</span> <span class='ocrx_word' id='word_1_193' title='bbox 1089 2336 1249 2391; x_wconf 77' lang='grc' dir='ltr'>πάλιν</span> <span class='ocrx_word' id='word_1_194' title='bbox 1280 2337 1652 2409; x_wconf 78' lang='grc' dir='ltr'><strong>ἐφαπτόμενος</strong></span> <span class='ocrx_word' id='word_1_195' title='bbox 1684 2337 1777 2391; x_wconf 77' lang='grc' dir='ltr'>τοῦ</span> <span class='ocrx_word' id='word_1_196' title='bbox 1815 2341 1897 2392; x_wconf 81' lang='grc' dir='ltr'><strong>ἱσ-</strong></span> 
     </span>
    </p>
   </div>
   <div class='ocr_carea' id='block_1_26' title="bbox 315 2426 1898 2502">
    <p class='ocr_par' dir='ltr' id='par_1_26' title="bbox 315 2426 1898 2502">
     <span class='ocr_line' id='line_1_26' title="bbox 315 2426 1898 2502; baseline 0.003 -23"><span class='ocrx_word' id='word_1_197' title='bbox 315 2426 607 2498; x_wconf 75' lang='grc' dir='ltr'>ημερινοῦ.</span> <span class='ocrx_word' id='word_1_198' title='bbox 647 2426 779 2480; x_wconf 83' lang='grc' dir='ltr'><strong>Ἀπὸ</strong></span> <span class='ocrx_word' id='word_1_199' title='bbox 805 2427 861 2481; x_wconf 84' lang='grc' dir='ltr'>δὲ</span> <span class='ocrx_word' id='word_1_200' title='bbox 881 2428 1074 2501; x_wconf 82' lang='grc' dir='ltr'>Χηλῶν</span> <span class='ocrx_word' id='word_1_201' title='bbox 1101 2430 1311 2484; x_wconf 85' lang='grc' dir='ltr'>κάτεισι</span> <span class='ocrx_word' id='word_1_202' title='bbox 1326 2430 1641 2502; x_wconf 79' lang='grc' dir='ltr'>νοτιώτερος</span> <span class='ocrx_word' id='word_1_203' title='bbox 1669 2431 1773 2495; x_wconf 82' lang='grc' dir='ltr'>ἓως</span> <span class='ocrx_word' id='word_1_204' title='bbox 1799 2433 1898 2484; x_wconf 66' lang='grc' dir='ltr'><strong>Δία</strong></span> 
     </span>
    </p>
   </div>
   <div class='ocr_carea' id='block_1_27' title="bbox 318 2516 1896 2593">
    <p class='ocr_par' dir='ltr' id='par_1_27' title="bbox 318 2516 1896 2593">
     <span class='ocr_line' id='line_1_27' title="bbox 318 2516 1896 2593; baseline 0.004 -24"><span class='ocrx_word' id='word_1_205' title='bbox 318 2516 646 2587; x_wconf 83' lang='grc' dir='ltr'>γοκέρωτος·</span> <span class='ocrx_word' id='word_1_206' title='bbox 671 2517 791 2571; x_wconf 85' lang='grc' dir='ltr'>τότε</span> <span class='ocrx_word' id='word_1_207' title='bbox 820 2518 876 2571; x_wconf 85' lang='grc' dir='ltr'>δὲ</span> <span class='ocrx_word' id='word_1_208' title='bbox 907 2518 1203 2588; x_wconf 75' lang='grc' dir='ltr'>ἐφάπτεται</span> <span class='ocrx_word' id='word_1_209' title='bbox 1236 2523 1265 2574; x_wconf 97' lang='lat'><strong>6</strong></span> <span class='ocrx_word' id='word_1_210' title='bbox 1287 2520 1549 2584; x_wconf 79' lang='grc' dir='ltr'>ζωδιακὸς</span> <span class='ocrx_word' id='word_1_211' title='bbox 1579 2521 1673 2574; x_wconf 73' lang='grc' dir='ltr'>τοῦ</span> <span class='ocrx_word' id='word_1_212' title='bbox 1708 2539 1896 2593; x_wconf 86' lang='grc' dir='ltr'>χειμε-</span> 
     </span>
    </p>
   </div>
   <div class='ocr_carea' id='block_1_28' title="bbox 318 2606 1897 2682">
    <p class='ocr_par' dir='ltr' id='par_1_28' title="bbox 318 2606 1897 2682">
     <span class='ocr_line' id='line_1_28' title="bbox 318 2606 1897 2682; baseline 0.004 -22"><span class='ocrx_word' id='word_1_213' title='bbox 318 2606 477 2680; x_wconf 80' lang='grc' dir='ltr'>ρινοῦ</span> <span class='ocrx_word' id='word_1_214' title='bbox 500 2609 784 2680; x_wconf 81' lang='grc' dir='ltr'>τροπικοῦ,</span> <span class='ocrx_word' id='word_1_215' title='bbox 812 2610 905 2663; x_wconf 77' lang='grc' dir='ltr'>καὶ</span> <span class='ocrx_word' id='word_1_216' title='bbox 926 2612 954 2663; x_wconf 91' lang='lat'><strong>6</strong></span> <span class='ocrx_word' id='word_1_217' title='bbox 978 2609 1127 2682; x_wconf 80' lang='grc' dir='ltr'>ἥλιος</span> <span class='ocrx_word' id='word_1_218' title='bbox 1157 2610 1317 2665; x_wconf 84' lang='grc' dir='ltr'>πάλιν</span> <span class='ocrx_word' id='word_1_219' title='bbox 1356 2612 1463 2665; x_wconf 83' lang='grc' dir='ltr'><strong>ἀπὸ</strong></span> <span class='ocrx_word' id='word_1_220' title='bbox 1494 2610 1602 2665; x_wconf 88' lang='grc' dir='ltr'><strong>τῶν</strong></span> <span class='ocrx_word' id='word_1_221' title='bbox 1627 2612 1897 2666; x_wconf 81' lang='grc' dir='ltr'>ταπεινῶν</span> 
     </span>
    </p>
   </div>
   <div class='ocr_carea' id='block_1_29' title="bbox 316 2700 1896 2776">
    <p class='ocr_par' dir='ltr' id='par_1_29' title="bbox 316 2700 1896 2776">
     <span class='ocr_line' id='line_1_29' title="bbox 316 2700 1896 2776; baseline 0.002 -21"><span class='ocrx_word' id='word_1_222' title='bbox 316 2702 419 2756; x_wconf 68' lang='grc' dir='ltr'><strong>ἐπὶ</strong></span> <span class='ocrx_word' id='word_1_223' title='bbox 436 2700 505 2755; x_wconf 78' lang='grc' dir='ltr'><strong>τὰ</strong></span> <span class='ocrx_word' id='word_1_224' title='bbox 529 2702 835 2776; x_wconf 73' lang='grc' dir='ltr'>ὑψηλότερα</span> <span class='ocrx_word' id='word_1_225' title='bbox 857 2702 1132 2775; x_wconf 84' lang='grc' dir='ltr'>τρέπεται·</span> <span class='ocrx_word' id='word_1_226' title='bbox 1158 2704 1250 2757; x_wconf 70' lang='grc' dir='ltr'><strong>καὶ</strong></span> <span class='ocrx_word' id='word_1_227' title='bbox 1276 2704 1520 2757; x_wconf 84' lang='grc' dir='ltr'>καλεῖται</span> <span class='ocrx_word' id='word_1_228' title='bbox 1547 2704 1721 2776; x_wconf 80' lang='grc' dir='ltr'>τροπὴ</span> <span class='ocrx_word' id='word_1_229' title='bbox 1744 2703 1896 2775; x_wconf 83' lang='grc' dir='ltr'>ἡλίου</span> 
     </span>
    </p>
   </div>
   <div class='ocr_carea' id='block_1_30' title="bbox 315 2792 1898 2868">
    <p class='ocr_par' dir='ltr' id='par_1_30' title="bbox 315 2792 1898 2868">
     <span class='ocr_line' id='line_1_30' title="bbox 315 2792 1898 2868; baseline 0.001 -21"><span class='ocrx_word' id='word_1_230' title='bbox 315 2794 360 2863; x_wconf 77' lang='grc' dir='ltr'><strong>ἡ</strong></span> <span class='ocrx_word' id='word_1_231' title='bbox 396 2792 504 2847; x_wconf 80' lang='grc' dir='ltr'><strong>ἀπὸ</strong></span> <span class='ocrx_word' id='word_1_232' title='bbox 527 2792 907 2865; x_wconf 75' lang='grc' dir='ltr'>ταπεινοτέρου</span> <span class='ocrx_word' id='word_1_233' title='bbox 934 2794 1025 2847; x_wconf 77' lang='grc' dir='ltr'><strong>ἐπὶ</strong></span> <span class='ocrx_word' id='word_1_234' title='bbox 1049 2793 1109 2847; x_wconf 83' lang='grc' dir='ltr'>τὸ</span> <span class='ocrx_word' id='word_1_235' title='bbox 1142 2793 1470 2867; x_wconf 69' lang='grc' dir='ltr'>ὑψηλότερον</span> <span class='ocrx_word' id='word_1_236' title='bbox 1503 2796 1717 2868; x_wconf 87' lang='grc' dir='ltr'>πορεία.</span> <span class='ocrx_word' id='word_1_237' title='bbox 1760 2796 1898 2849; x_wconf 82' lang='grc' dir='ltr'>Ποτὲ</span> 
     </span>
    </p>
   </div>
   <div class='ocr_carea' id='block_1_31' title="bbox 315 2882 1896 2958">
    <p class='ocr_par' dir='ltr' id='par_1_31' title="bbox 315 2882 1896 2958">
     <span class='ocr_line' id='line_1_31' title="bbox 315 2882 1896 2958; baseline 0.004 -23"><span class='ocrx_word' id='word_1_238' title='bbox 315 2882 381 2936; x_wconf 80' lang='grc' dir='ltr'>δὲ</span> <span class='ocrx_word' id='word_1_239' title='bbox 405 2883 691 2953; x_wconf 76' lang='grc' dir='ltr'>Αἰγύπτιοι</span> <span class='ocrx_word' id='word_1_240' title='bbox 717 2885 823 2940; x_wconf 82' lang='grc' dir='ltr'>ἀπὸ</span> <span class='ocrx_word' id='word_1_241' title='bbox 850 2885 1125 2958; x_wconf 86' lang='grc' dir='ltr'>Καρκίνου</span> <span class='ocrx_word' id='word_1_242' title='bbox 1148 2887 1240 2940; x_wconf 76' lang='grc' dir='ltr'><strong>ἐπὶ</strong></span> <span class='ocrx_word' id='word_1_243' title='bbox 1264 2886 1609 2958; x_wconf 77' lang='grc' dir='ltr'>Αίγοκέρωτα</span> <span class='ocrx_word' id='word_1_244' title='bbox 1630 2886 1718 2940; x_wconf 78' lang='grc' dir='ltr'><strong>τὸν</strong></span> <span class='ocrx_word' id='word_1_245' title='bbox 1743 2886 1896 2957; x_wconf 80' lang='grc' dir='ltr'>ἥλιον</span> 
     </span>
    </p>
   </div>
   <div class='ocr_carea' id='block_1_32' title="bbox 318 2973 1898 3050">
    <p class='ocr_par' dir='ltr' id='par_1_32' title="bbox 318 2973 1898 3050">
     <span class='ocr_line' id='line_1_32' title="bbox 318 2973 1898 3050; baseline 0.001 -22"><span class='ocrx_word' id='word_1_246' title='bbox 318 2975 583 3028; x_wconf 83' lang='grc' dir='ltr'>κατιόντα</span> <span class='ocrx_word' id='word_1_247' title='bbox 606 2974 860 3046; x_wconf 84' lang='grc' dir='ltr'>ὁρῶντες,</span> <span class='ocrx_word' id='word_1_248' title='bbox 901 2976 996 3029; x_wconf 67' lang='grc' dir='ltr'>καὶ</span> <span class='ocrx_word' id='word_1_249' title='bbox 1036 2977 1101 3029; x_wconf 79' lang='grc' dir='ltr'>ἐκ</span> <span class='ocrx_word' id='word_1_250' title='bbox 1146 2975 1495 3048; x_wconf 79' lang='grc' dir='ltr'>μακροτέρων</span> <span class='ocrx_word' id='word_1_251' title='bbox 1530 2973 1898 3050; x_wconf 75' lang='grc' dir='ltr'>σμικρύνοντα</span> 
     </span>
    </p>
   </div>
   <div class='ocr_carea' id='block_1_33' title="bbox 316 3063 1895 3137">
    <p class='ocr_par' dir='ltr' id='par_1_33' title="bbox 316 3063 1895 3137">
     <span class='ocr_line' id='line_1_33' title="bbox 316 3063 1895 3137; baseline 0 -18"><span class='ocrx_word' id='word_1_252' title='bbox 316 3063 429 3129; x_wconf 66' lang='grc' dir='ltr'><strong>τὰς</strong></span> <span class='ocrx_word' id='word_1_253' title='bbox 461 3064 695 3137; x_wconf 81' lang='grc' dir='ltr'>ἡμέρας,</span> <span class='ocrx_word' id='word_1_254' title='bbox 726 3064 1005 3129; x_wconf 77' lang='grc' dir='ltr'>ἐπένθουν,</span> <span class='ocrx_word' id='word_1_255' title='bbox 1045 3063 1430 3136; x_wconf 77' lang='grc' dir='ltr'>εὐλαϐούμενοι</span> <span class='ocrx_word' id='word_1_256' title='bbox 1470 3064 1543 3137; x_wconf 83' lang='grc' dir='ltr'>μὴ</span> <span class='ocrx_word' id='word_1_257' title='bbox 1578 3065 1895 3136; x_wconf 76' lang='grc' dir='ltr'>καταϐραχὺ</span> 
     </span>
    </p>
   </div>
   <div class='ocr_carea' id='block_1_34' title="bbox 318 3150 1968 3250">
    <p class='ocr_par' dir='ltr' id='par_1_34' title="bbox 318 3150 1968 3250">
     <span class='ocr_line' id='line_1_34' title="bbox 318 3150 1968 3250; baseline -0.001 -38"><span class='ocrx_word' id='word_1_258' title='bbox 318 3157 601 3230; x_wconf 80' lang='grc' dir='ltr'>καταλίπῃ</span> <span class='ocrx_word' id='word_1_259' title='bbox 626 3157 821 3221; x_wconf 69' lang='grc' dir='ltr'>αὐτοὺς</span> <span class='ocrx_word' id='word_1_260' title='bbox 850 3159 878 3211; x_wconf 81' lang='grc' dir='ltr'><strong>ὁ</strong></span> <span class='ocrx_word' id='word_1_261' title='bbox 909 3157 1078 3228; x_wconf 76' lang='grc' dir='ltr'>ἥλιοςο</span> <span class='ocrx_word' id='word_1_262' title='bbox 1110 3157 1204 3211; x_wconf 75' lang='grc' dir='ltr'>καὶ</span> <span class='ocrx_word' id='word_1_263' title='bbox 1233 3156 1376 3210; x_wconf 76' lang='grc' dir='ltr'>ἔστιν</span> <span class='ocrx_word' id='word_1_264' title='bbox 1404 3158 1432 3210; x_wconf 92' lang='lat'><strong>6</strong></span> <span class='ocrx_word' id='word_1_265' title='bbox 1468 3156 1656 3229; x_wconf 80' lang='grc' dir='ltr'>καιρὸς</span> <span class='ocrx_word' id='word_1_266' title='bbox 1682 3150 1837 3220; x_wconf 75' lang='grc' dir='ltr'>οὗτος</span> <span class='ocrx_word' id='word_1_267' title='bbox 1868 3158 1897 3210; x_wconf 83' lang='grc' dir='ltr'>ὁ</span> <span class='ocrx_word' id='word_1_268' title='bbox 1925 3189 1968 3250; x_wconf 69' lang='lat' dir='ltr'>c</span> 
     </span>
    </p>
   </div>
   <div class='ocr_carea' id='block_1_35' title="bbox 316 3249 1895 3322">
    <p class='ocr_par' dir='ltr' id='par_1_35' title="bbox 316 3249 1895 3322">
     <span class='ocr_line' id='line_1_35' title="bbox 316 3249 1895 3322; baseline -0.001 -17"><span class='ocrx_word' id='word_1_269' title='bbox 316 3253 459 3322; x_wconf 77' lang='grc' dir='ltr'>παρ’</span> <span class='ocrx_word' id='word_1_270' title='bbox 482 3251 666 3314; x_wconf 81' lang='grc' dir='ltr'>αὐτοῖς</span> <span class='ocrx_word' id='word_1_271' title='bbox 693 3250 798 3303; x_wconf 90' lang='grc' dir='ltr'><strong>τῶν</strong></span> <span class='ocrx_word' id='word_1_272' title='bbox 827 3249 1173 3320; x_wconf 75' lang='grc' dir='ltr'>καλουμένων</span> <span class='ocrx_word' id='word_1_273' title='bbox 1211 3249 1403 3303; x_wconf 86' lang='grc' dir='ltr'>Ἰσίων.</span> <span class='ocrx_word' id='word_1_274' title='bbox 1453 3250 1607 3303; x_wconf 73' lang='grc' dir='ltr'>Ἐπεὶ</span> <span class='ocrx_word' id='word_1_275' title='bbox 1642 3250 1700 3304; x_wconf 79' lang='grc' dir='ltr'>δὲ</span> <span class='ocrx_word' id='word_1_276' title='bbox 1734 3249 1895 3304; x_wconf 85' lang='grc' dir='ltr'>πάλιν</span> 
     </span>
    </p>
   </div>
   <div class='ocr_carea' id='block_1_36' title="bbox 314 3341 1897 3414">
    <p class='ocr_par' dir='ltr' id='par_1_36' title="bbox 314 3341 1897 3414">
     <span class='ocr_line' id='line_1_36' title="bbox 314 3341 1897 3414; baseline 0.002 -20"><span class='ocrx_word' id='word_1_277' title='bbox 314 3341 637 3395; x_wconf 77' lang='grc' dir='ltr'>ἀναϐαίνειν</span> <span class='ocrx_word' id='word_1_278' title='bbox 672 3342 891 3414; x_wconf 74' lang='grc' dir='ltr'>ἤρξατο,</span> <span class='ocrx_word' id='word_1_279' title='bbox 936 3342 1029 3396; x_wconf 80' lang='grc' dir='ltr'>καὶ</span> <span class='ocrx_word' id='word_1_280' title='bbox 1070 3341 1410 3414; x_wconf 81' lang='grc' dir='ltr'>μακροτέρας</span> <span class='ocrx_word' id='word_1_281' title='bbox 1444 3344 1615 3395; x_wconf 86' lang='grc' dir='ltr'>ποιεῖν</span> <span class='ocrx_word' id='word_1_282' title='bbox 1640 3342 1738 3406; x_wconf 78' lang='grc' dir='ltr'><strong>τὰς</strong></span> <span class='ocrx_word' id='word_1_283' title='bbox 1761 3343 1897 3413; x_wconf 71' lang='grc' dir='ltr'>ἡμέο</span> 
     </span>
    </p>
   </div>
   <div class='ocr_carea' id='block_1_37' title="bbox 319 3432 1893 3505">
    <p class='ocr_par' dir='ltr' id='par_1_37' title="bbox 319 3432 1893 3505">
     <span class='ocr_line' id='line_1_37' title="bbox 319 3432 1893 3505; baseline 0.003 -20"><span class='ocrx_word' id='word_1_284' title='bbox 319 3449 446 3504; x_wconf 85' lang='grc' dir='ltr'>ρας,</span> <span class='ocrx_word' id='word_1_285' title='bbox 484 3432 782 3502; x_wconf 73' lang='grc' dir='ltr'>τηνικαῦτα</span> <span class='ocrx_word' id='word_1_286' title='bbox 815 3432 1327 3504; x_wconf 85' lang='grc' dir='ltr'>λευχειμονήσαντες</span> <span class='ocrx_word' id='word_1_287' title='bbox 1358 3434 1893 3505; x_wconf 68' lang='grc' dir='ltr'>ἐστεφανηφόρησαν.</span> 
     </span>
    </p>
   </div>
   <div class='ocr_carea' id='block_1_38' title="bbox 314 3517 1898 3596">
    <p class='ocr_par' dir='ltr' id='par_1_38' title="bbox 314 3517 1898 3596">
     <span class='ocr_line' id='line_1_38' title="bbox 314 3517 1898 3596; baseline 0 -19"><span class='ocrx_word' id='word_1_288' title='bbox 314 3517 492 3586; x_wconf 78' lang='grc' dir='ltr'>Οὗτος</span> <span class='ocrx_word' id='word_1_289' title='bbox 525 3525 555 3577; x_wconf 91' lang='lat'><strong>6</strong></span> <span class='ocrx_word' id='word_1_290' title='bbox 582 3522 800 3588; x_wconf 84' lang='grc' dir='ltr'>κύκλος,</span> <span class='ocrx_word' id='word_1_291' title='bbox 844 3525 895 3577; x_wconf 90' lang='grc' dir='ltr'><strong>εί</strong></span> <span class='ocrx_word' id='word_1_292' title='bbox 924 3523 1217 3596; x_wconf 81' lang='grc' dir='ltr'>διαιρεθείη</span> <span class='ocrx_word' id='word_1_293' title='bbox 1259 3524 1339 3588; x_wconf 85' lang='grc' dir='ltr'><strong>είς</strong></span> <span class='ocrx_word' id='word_1_294' title='bbox 1371 3523 1513 3578; x_wconf 83' lang='grc' dir='ltr'>ὀκτὼ</span> <span class='ocrx_word' id='word_1_295' title='bbox 1552 3524 1691 3596; x_wconf 78' lang='grc' dir='ltr'>μέρη</span> <span class='ocrx_word' id='word_1_296' title='bbox 1717 3565 1731 3590; x_wconf 93' lang='grc'><em>,</em></span> <span class='ocrx_word' id='word_1_297' title='bbox 1775 3524 1898 3578; x_wconf 85' lang='grc' dir='ltr'>τέσ-</span> 
     </span>
    </p>
   </div>
   <div class='ocr_carea' id='block_1_39' title="bbox 319 3614 1891 3690">
    <p class='ocr_par' dir='ltr' id='par_1_39' title="bbox 319 3614 1891 3690">
     <span class='ocr_line' id='line_1_39' title="bbox 319 3614 1891 3690; baseline 0.003 -23"><span class='ocrx_word' id='word_1_298' title='bbox 319 3631 469 3686; x_wconf 84' lang='grc' dir='ltr'>σαρα</span> <span class='ocrx_word' id='word_1_299' title='bbox 489 3616 585 3686; x_wconf 87' lang='grc' dir='ltr'>μὲν</span> <span class='ocrx_word' id='word_1_300' title='bbox 600 3614 709 3680; x_wconf 77' lang='grc' dir='ltr'><strong>ἔξει</strong></span> <span class='ocrx_word' id='word_1_301' title='bbox 731 3616 870 3687; x_wconf 82' lang='grc' dir='ltr'>ὑπὲρ</span> <span class='ocrx_word' id='word_1_302' title='bbox 889 3615 1014 3687; x_wconf 84' lang='grc' dir='ltr'>γῆν,</span> <span class='ocrx_word' id='word_1_303' title='bbox 1034 3615 1104 3669; x_wconf 73' lang='grc' dir='ltr'>τὰ</span> <span class='ocrx_word' id='word_1_304' title='bbox 1121 3617 1177 3670; x_wconf 82' lang='grc' dir='ltr'>δὲ</span> <span class='ocrx_word' id='word_1_305' title='bbox 1201 3616 1362 3690; x_wconf 75' lang='grc' dir='ltr'>ἔτερα</span> <span class='ocrx_word' id='word_1_306' title='bbox 1382 3615 1622 3689; x_wconf 85' lang='grc' dir='ltr'>τέσσαρα</span> <span class='ocrx_word' id='word_1_307' title='bbox 1644 3617 1748 3670; x_wconf 76' lang='grc' dir='ltr'><strong>ὑπὸ</strong></span> <span class='ocrx_word' id='word_1_308' title='bbox 1768 3617 1891 3689; x_wconf 77' lang='grc' dir='ltr'>γῆν.</span> 
     </span>
    </p>
   </div>
   <div class='ocr_carea' id='block_1_40' title="bbox 322 3706 1893 3783">
    <p class='ocr_par' dir='ltr' id='par_1_40' title="bbox 322 3706 1893 3783">
     <span class='ocr_line' id='line_1_40' title="bbox 322 3706 1893 3783; baseline 0.003 -23"><span class='ocrx_word' id='word_1_309' title='bbox 322 3707 495 3761; x_wconf 78' lang='grc' dir='ltr'>Ὥστε</span> <span class='ocrx_word' id='word_1_310' title='bbox 525 3709 637 3762; x_wconf 84' lang='grc' dir='ltr'>ῐσον</span> <span class='ocrx_word' id='word_1_311' title='bbox 674 3706 783 3778; x_wconf 73' lang='grc' dir='ltr'>ἔχει</span> <span class='ocrx_word' id='word_1_312' title='bbox 814 3708 919 3762; x_wconf 82' lang='grc' dir='ltr'><strong>ἀπὸ</strong></span> <span class='ocrx_word' id='word_1_313' title='bbox 950 3709 1073 3781; x_wconf 83' lang='grc' dir='ltr'>γῆν,</span> <span class='ocrx_word' id='word_1_314' title='bbox 1104 3709 1195 3763; x_wconf 76' lang='grc' dir='ltr'>καὶ</span> <span class='ocrx_word' id='word_1_315' title='bbox 1222 3708 1334 3764; x_wconf 73' lang='grc' dir='ltr'>ἴσον</span> <span class='ocrx_word' id='word_1_316' title='bbox 1367 3709 1505 3783; x_wconf 81' lang='grc' dir='ltr'>ὑπὲρ</span> <span class='ocrx_word' id='word_1_317' title='bbox 1534 3713 1658 3782; x_wconf 80' lang='grc' dir='ltr'>γῆν.</span> <span class='ocrx_word' id='word_1_318' title='bbox 1693 3710 1893 3778; x_wconf 86' lang='grc' dir='ltr'>Τέμνει</span> 
     </span>
    </p>
   </div>
   <div class='ocr_carea' id='block_1_41' title="bbox 314 3798 1598 3874">
    <p class='ocr_par' dir='ltr' id='par_1_41' title="bbox 314 3798 1598 3874">
     <span class='ocr_line' id='line_1_41' title="bbox 314 3798 1598 3874; baseline 0.002 -21"><span class='ocrx_word' id='word_1_319' title='bbox 314 3798 385 3853; x_wconf 79' lang='grc' dir='ltr'>δὲ</span> <span class='ocrx_word' id='word_1_320' title='bbox 407 3799 501 3853; x_wconf 83' lang='grc' dir='ltr'>τὸν</span> <span class='ocrx_word' id='word_1_321' title='bbox 530 3800 859 3872; x_wconf 79' lang='grc' dir='ltr'>ἰσημερινὸν,</span> <span class='ocrx_word' id='word_1_322' title='bbox 886 3802 980 3855; x_wconf 79' lang='grc' dir='ltr'>καὶ</span> <span class='ocrx_word' id='word_1_323' title='bbox 1010 3802 1265 3874; x_wconf 81' lang='grc' dir='ltr'>τέμνεται</span> <span class='ocrx_word' id='word_1_324' title='bbox 1290 3802 1381 3856; x_wconf 81' lang='grc' dir='ltr'><strong>ὑπ’</strong></span> <span class='ocrx_word' id='word_1_325' title='bbox 1413 3801 1598 3856; x_wconf 80' lang='grc' dir='ltr'>αὐτοῦ.</span> 
     </span>
    </p>
   </div>
   <div class='ocr_carea' id='block_1_42' title="bbox 796 4000 1421 4071">
    <p class='ocr_par' dir='ltr' id='par_1_42' title="bbox 796 4000 1421 4071">
     <span class='ocr_line' id='line_1_42' title="bbox 796 4000 1421 4071; baseline 0.003 -16"><span class='ocrx_word' id='word_1_326' title='bbox 796 4001 937 4071; x_wconf 77' lang='grc' dir='ltr'>Περὶ</span> <span class='ocrx_word' id='word_1_327' title='bbox 969 4000 1074 4055; x_wconf 86' lang='grc' dir='ltr'>τοῦ</span> <span class='ocrx_word' id='word_1_328' title='bbox 1110 4000 1421 4071; x_wconf 75' lang='grc' dir='ltr'>γαλαξίου.</span> 
     </span>
    </p>
   </div>
   <div class='ocr_carea' id='block_1_43' title="bbox 401 4091 1929 4173">
    <p class='ocr_par' dir='ltr' id='par_1_43' title="bbox 401 4091 1929 4173">
     <span class='ocr_line' id='line_1_43' title="bbox 401 4091 1929 4173; baseline 0.008 -26"><span class='ocrx_word' id='word_1_329' title='bbox 401 4091 478 4148; x_wconf 82' lang='grc' dir='ltr'>κδ’</span> <span class='ocrx_word' id='word_1_330' title='bbox 485 4136 500 4151; x_wconf 94' lang='grc'><strong>.</strong></span> <span class='ocrx_word' id='word_1_331' title='bbox 544 4093 602 4149; x_wconf 84' lang='grc' dir='ltr'><strong>Ὀ</strong></span> <span class='ocrx_word' id='word_1_332' title='bbox 630 4092 687 4146; x_wconf 80' lang='grc' dir='ltr'>δὲ</span> <span class='ocrx_word' id='word_1_333' title='bbox 714 4092 977 4162; x_wconf 81' lang='grc' dir='ltr'>γαλαξίας</span> <span class='ocrx_word' id='word_1_334' title='bbox 1012 4094 1223 4166; x_wconf 71' lang='grc' dir='ltr'>εἴρηται</span> <span class='ocrx_word' id='word_1_335' title='bbox 1251 4093 1369 4165; x_wconf 82' lang='grc' dir='ltr'>μὲν,</span> <span class='ocrx_word' id='word_1_336' title='bbox 1403 4093 1479 4157; x_wconf 83' lang='grc' dir='ltr'>ὼς</span> <span class='ocrx_word' id='word_1_337' title='bbox 1511 4092 1655 4145; x_wconf 70' lang='grc' dir='ltr'><strong>ἔστιν</strong></span> <span class='ocrx_word' id='word_1_338' title='bbox 1676 4093 1890 4166; x_wconf 72' lang='grc' dir='ltr'>ὁρατὸς,</span> <span class='ocrx_word' id='word_1_339' title='bbox 1926 4168 1929 4173; x_wconf 25' lang='grc' dir='ltr'>ι</span> 
     </span>
    </p>
   </div>
   <div class='ocr_carea' id='block_1_44' title="bbox 317 4182 1893 4256">
    <p class='ocr_par' dir='ltr' id='par_1_44' title="bbox 317 4182 1893 4256">
     <span class='ocr_line' id='line_1_44' title="bbox 317 4182 1893 4256; baseline 0.001 -19"><span class='ocrx_word' id='word_1_340' title='bbox 317 4186 423 4239; x_wconf 76' lang='grc' dir='ltr'>καὶ</span> <span class='ocrx_word' id='word_1_341' title='bbox 446 4184 603 4255; x_wconf 77' lang='grc' dir='ltr'>μόνος</span> <span class='ocrx_word' id='word_1_342' title='bbox 623 4183 714 4238; x_wconf 68' lang='grc' dir='ltr'><strong>ἐπὶ</strong></span> <span class='ocrx_word' id='word_1_343' title='bbox 732 4184 830 4255; x_wconf 82' lang='grc' dir='ltr'>τῆς</span> <span class='ocrx_word' id='word_1_344' title='bbox 852 4182 1084 4256; x_wconf 84' lang='grc' dir='ltr'>σφαίρας</span> <span class='ocrx_word' id='word_1_345' title='bbox 1103 4184 1376 4255; x_wconf 79' lang='grc' dir='ltr'>αἰσθητὸς,</span> <span class='ocrx_word' id='word_1_346' title='bbox 1401 4184 1508 4238; x_wconf 90' lang='grc' dir='ltr'><strong>τῶν</strong></span> <span class='ocrx_word' id='word_1_347' title='bbox 1531 4184 1704 4240; x_wconf 83' lang='grc' dir='ltr'>ἄλλων</span> <span class='ocrx_word' id='word_1_348' title='bbox 1726 4185 1893 4239; x_wconf 76' lang='grc' dir='ltr'>ὄντων</span> 
     </span>
    </p>
   </div>
   <div class='ocr_carea' id='block_1_45' title="bbox 316 4271 1894 4346">
    <p class='ocr_par' dir='ltr' id='par_1_45' title="bbox 316 4271 1894 4346">
     <span class='ocr_line' id='line_1_45' title="bbox 316 4271 1894 4346; baseline 0 -20"><span class='ocrx_word' id='word_1_349' title='bbox 316 4271 551 4342; x_wconf 85' lang='grc' dir='ltr'>νοητῶν.</span> <span class='ocrx_word' id='word_1_350' title='bbox 591 4272 726 4345; x_wconf 57' lang='grc' dir='ltr'><strong>Περὶ⁸</strong></span> <span class='ocrx_word' id='word_1_351' title='bbox 761 4272 821 4325; x_wconf 75' lang='grc' dir='ltr'>δὲ</span> <span class='ocrx_word' id='word_1_352' title='bbox 858 4271 1046 4326; x_wconf 85' lang='grc' dir='ltr'>τούτου</span> <span class='ocrx_word' id='word_1_353' title='bbox 1091 4273 1255 4344; x_wconf 75' lang='grc' dir='ltr'>φησὶν</span> <span class='ocrx_word' id='word_1_354' title='bbox 1300 4274 1690 4346; x_wconf 80' lang='grc' dir='ltr'>Ἐρατοσθένης</span> <span class='ocrx_word' id='word_1_355' title='bbox 1728 4274 1786 4328; x_wconf 77' lang='grc' dir='ltr'>ὲν</span> <span class='ocrx_word' id='word_1_356' title='bbox 1818 4271 1894 4344; x_wconf 80' lang='grc' dir='ltr'>τῷ</span> 
     </span>
    </p>
   </div>
   <div class='ocr_carea' id='block_1_46' title="bbox 312 4360 1895 4436">
    <p class='ocr_par' dir='ltr' id='par_1_46' title="bbox 312 4360 1895 4436">
     <span class='ocr_line' id='line_1_46' title="bbox 312 4360 1895 4436; baseline 0.001 -20"><span class='ocrx_word' id='word_1_357' title='bbox 312 4361 749 4431; x_wconf 76' lang='grc' dir='ltr'>Καταμερισμῷ</span> <span class='ocrx_word' id='word_1_358' title='bbox 813 4360 1182 4436; x_wconf 85' lang='grc' dir='ltr'>μυθικώτερον</span> <span class='ocrx_word' id='word_1_359' title='bbox 1234 4362 1324 4415; x_wconf 81' lang='grc' dir='ltr'>τὸν</span> <span class='ocrx_word' id='word_1_360' title='bbox 1371 4362 1634 4431; x_wconf 80' lang='grc' dir='ltr'>γαλαξίαν</span> <span class='ocrx_word' id='word_1_361' title='bbox 1695 4362 1895 4417; x_wconf 81' lang='grc' dir='ltr'>κύκλον</span> 
     </span>
    </p>
   </div>
   <div class='ocr_carea' id='block_1_47' title="bbox 313 4454 1896 4528">
    <p class='ocr_par' dir='ltr' id='par_1_47' title="bbox 313 4454 1896 4528">
     <span class='ocr_line' id='line_1_47' title="bbox 313 4454 1896 4528; baseline 0.001 -22"><span class='ocrx_word' id='word_1_362' title='bbox 313 4454 601 4524; x_wconf 82' lang='grc' dir='ltr'>γεγονέναι</span> <span class='ocrx_word' id='word_1_363' title='bbox 622 4454 687 4508; x_wconf 82' lang='grc' dir='ltr'>ὲκ</span> <span class='ocrx_word' id='word_1_364' title='bbox 711 4454 804 4508; x_wconf 74' lang='grc' dir='ltr'>τοῦ</span> <span class='ocrx_word' id='word_1_365' title='bbox 830 4455 930 4526; x_wconf 81' lang='grc' dir='ltr'>τῆς</span> <span class='ocrx_word' id='word_1_366' title='bbox 954 4455 1130 4526; x_wconf 84' lang='grc' dir='ltr'>’Ἥρας</span> <span class='ocrx_word' id='word_1_367' title='bbox 1151 4455 1435 4523; x_wconf 81' lang='grc' dir='ltr'>γάλακτος.</span> <span class='ocrx_word' id='word_1_368' title='bbox 1462 4454 1568 4508; x_wconf 78' lang='grc' dir='ltr'><strong>Τοῦ</strong></span> <span class='ocrx_word' id='word_1_369' title='bbox 1589 4455 1701 4528; x_wconf 81' lang='grc' dir='ltr'><strong>γὰρ</strong></span> <span class='ocrx_word' id='word_1_370' title='bbox 1730 4456 1896 4527; x_wconf 84' lang='grc' dir='ltr'>Ἦρα-</span> 
     </span>
    </p>
   </div>
   <div class='ocr_carea' id='block_1_48' title="bbox 314 4546 1889 4621">
    <p class='ocr_par' dir='ltr' id='par_1_48' title="bbox 314 4546 1889 4621">
     <span class='ocr_line' id='line_1_48' title="bbox 314 4546 1889 4621; baseline 0.001 -22"><span class='ocrx_word' id='word_1_371' title='bbox 314 4547 512 4609; x_wconf 80' lang='grc' dir='ltr'>κλέους</span> <span class='ocrx_word' id='word_1_372' title='bbox 541 4546 619 4599; x_wconf 76' lang='grc' dir='ltr'>ἔτι</span> <span class='ocrx_word' id='word_1_373' title='bbox 646 4546 876 4619; x_wconf 79' lang='grc' dir='ltr'>βρέφους</span> <span class='ocrx_word' id='word_1_374' title='bbox 903 4546 1073 4609; x_wconf 73' lang='grc' dir='ltr'>ὄντος,</span> <span class='ocrx_word' id='word_1_375' title='bbox 1105 4548 1199 4600; x_wconf 80' lang='grc' dir='ltr'>καὶ</span> <span class='ocrx_word' id='word_1_376' title='bbox 1225 4546 1314 4601; x_wconf 77' lang='grc' dir='ltr'>τὸν</span> <span class='ocrx_word' id='word_1_377' title='bbox 1337 4548 1541 4618; x_wconf 86' lang='grc' dir='ltr'>μαστὸν</span> <span class='ocrx_word' id='word_1_378' title='bbox 1574 4550 1673 4621; x_wconf 80' lang='grc' dir='ltr'>τῆς</span> <span class='ocrx_word' id='word_1_379' title='bbox 1707 4550 1889 4620; x_wconf 85' lang='grc' dir='ltr'>Ἥρας</span> 
     </span>
    </p>
   </div>
   <div class='ocr_carea' id='block_1_49' title="bbox 314 4637 1892 4710">
    <p class='ocr_par' dir='ltr' id='par_1_49' title="bbox 314 4637 1892 4710">
     <span class='ocr_line' id='line_1_49' title="bbox 314 4637 1892 4710; baseline 0.004 -20"><span class='ocrx_word' id='word_1_380' title='bbox 314 4637 762 4709; x_wconf 73' lang='grc' dir='ltr'>ἐπισπασαμένου</span> <span class='ocrx_word' id='word_1_381' title='bbox 790 4639 1164 4710; x_wconf 82' lang='grc' dir='ltr'>σφοδρότερον,</span> <span class='ocrx_word' id='word_1_382' title='bbox 1184 4638 1395 4710; x_wconf 75' lang='grc' dir='ltr'>ἐκείνην</span> <span class='ocrx_word' id='word_1_383' title='bbox 1417 4641 1764 4695; x_wconf 65' lang='grc' dir='ltr'>ἀντισπάσαν</span> <span class='ocrx_word' id='word_1_384' title='bbox 1794 4642 1892 4696; x_wconf 78' lang='grc' dir='ltr'>καὶ</span> 
     </span>
    </p>
   </div>
   <div class='ocr_carea' id='block_1_50' title="bbox 312 4728 1889 4801">
    <p class='ocr_par' dir='ltr' id='par_1_50' title="bbox 312 4728 1889 4801">
     <span class='ocr_line' id='line_1_50' title="bbox 312 4728 1889 4801; baseline 0.002 -18"><span class='ocrx_word' id='word_1_385' title='bbox 312 4729 465 4783; x_wconf 59' lang='lat' dir='ltr'><strong>oili-co</strong></span> <span class='ocrx_word' id='word_1_386' title='bbox 513 4730 892 4801; x_wconf 82' lang='grc' dir='ltr'>περιχυθέντος</span> <span class='ocrx_word' id='word_1_387' title='bbox 925 4728 1018 4782; x_wconf 78' lang='grc' dir='ltr'>τοῦ</span> <span class='ocrx_word' id='word_1_388' title='bbox 1058 4729 1347 4798; x_wconf 82' lang='grc' dir='ltr'>γάλακτος,</span> <span class='ocrx_word' id='word_1_389' title='bbox 1378 4730 1576 4784; x_wconf 78' lang='grc' dir='ltr'>κύκλον</span> <span class='ocrx_word' id='word_1_390' title='bbox 1613 4731 1889 4801; x_wconf 82' lang='grc' dir='ltr'>γενέσθαι,</span> 
     </span>
    </p>
   </div>
   <div class='ocr_carea' id='block_1_51' title="bbox 316 4820 1892 4893">
    <p class='ocr_par' dir='ltr' id='par_1_51' title="bbox 316 4820 1892 4893">
     <span class='ocr_line' id='line_1_51' title="bbox 316 4820 1892 4893; baseline 0.003 -20"><span class='ocrx_word' id='word_1_391' title='bbox 316 4821 608 4890; x_wconf 85' lang='grc' dir='ltr'>παγέντος.</span> <span class='ocrx_word' id='word_1_392' title='bbox 643 4821 716 4874; x_wconf 84' lang='grc' dir='ltr'><strong>Τὸ</strong></span> <span class='ocrx_word' id='word_1_393' title='bbox 742 4821 798 4874; x_wconf 88' lang='grc' dir='ltr'>δὲ</span> <span class='ocrx_word' id='word_1_394' title='bbox 836 4821 966 4875; x_wconf 81' lang='grc' dir='ltr'>αὐτὸ</span> <span class='ocrx_word' id='word_1_395' title='bbox 1005 4821 1100 4875; x_wconf 68' lang='grc' dir='ltr'><strong>καὶ</strong></span> <span class='ocrx_word' id='word_1_396' title='bbox 1141 4822 1234 4875; x_wconf 72' lang='grc' dir='ltr'><strong>ἐπὶ</strong></span> <span class='ocrx_word' id='word_1_397' title='bbox 1261 4820 1355 4875; x_wconf 82' lang='grc' dir='ltr'>τοῦ</span> <span class='ocrx_word' id='word_1_398' title='bbox 1393 4821 1595 4893; x_wconf 81' lang='grc' dir='ltr'>Ἑρμοῦ</span> <span class='ocrx_word' id='word_1_399' title='bbox 1628 4821 1775 4892; x_wconf 84' lang='grc' dir='ltr'>λέγει</span> <span class='ocrx_word' id='word_1_400' title='bbox 1802 4840 1892 4893; x_wconf 76' lang='grc' dir='ltr'>γε·</span> 
     </span>
    </p>
   </div>
   <div class='ocr_carea' id='block_1_52' title="bbox 312 4912 1892 4988">
    <p class='ocr_par' dir='ltr' id='par_1_52' title="bbox 312 4912 1892 4988">
     <span class='ocr_line' id='line_1_52' title="bbox 312 4912 1892 4988; baseline 0 -21"><span class='ocrx_word' id='word_1_401' title='bbox 312 4913 581 4984; x_wconf 75' lang='grc' dir='ltr'>γενῆσθαι</span> <span class='ocrx_word' id='word_1_402' title='bbox 623 4912 1032 4985; x_wconf 85' lang='grc' dir='ltr'>Ἐρατοσθένης,</span> <span class='ocrx_word' id='word_1_403' title='bbox 1076 4913 1152 4978; x_wconf 83' lang='grc' dir='ltr'><strong>ὡς</strong></span> <span class='ocrx_word' id='word_1_404' title='bbox 1187 4914 1296 4986; x_wconf 85' lang='grc' dir='ltr'>ἄρα</span> <span class='ocrx_word' id='word_1_405' title='bbox 1341 4914 1370 4967; x_wconf 90' lang='lat'><strong>6</strong></span> <span class='ocrx_word' id='word_1_406' title='bbox 1415 4914 1623 4987; x_wconf 83' lang='grc' dir='ltr'>Ἐρμῆς</span> <span class='ocrx_word' id='word_1_407' title='bbox 1662 4914 1756 4970; x_wconf 76' lang='grc' dir='ltr'><strong>τοῦ</strong></span> <span class='ocrx_word' id='word_1_408' title='bbox 1790 4936 1892 4988; x_wconf 62' lang='grc' dir='ltr'>μα-</span> 
     </span>
    </p>
   </div>
   <div class='ocr_carea' id='block_1_53' title="bbox 315 5005 1890 5077">
    <p class='ocr_par' dir='ltr' id='par_1_53' title="bbox 315 5005 1890 5077">
     <span class='ocr_line' id='line_1_53' title="bbox 315 5005 1890 5077; baseline -0.001 -16"><span class='ocrx_word' id='word_1_409' title='bbox 315 5005 450 5061; x_wconf 80' lang='grc' dir='ltr'>στοῦ</span> <span class='ocrx_word' id='word_1_410' title='bbox 476 5006 577 5076; x_wconf 86' lang='grc' dir='ltr'>τῆς</span> <span class='ocrx_word' id='word_1_411' title='bbox 607 5005 782 5077; x_wconf 85' lang='grc' dir='ltr'>Ἥρας</span> <span class='ocrx_word' id='word_1_412' title='bbox 816 5005 1109 5063; x_wconf 76' lang='grc' dir='ltr'>ἐσπάσατο.</span> <span class='ocrx_word' id='word_1_413' title='bbox 1151 5005 1332 5059; x_wconf 80' lang='grc' dir='ltr'>Ἀλλοι</span> <span class='ocrx_word' id='word_1_414' title='bbox 1354 5006 1411 5060; x_wconf 84' lang='grc' dir='ltr'>δὲ</span> <span class='ocrx_word' id='word_1_415' title='bbox 1449 5009 1512 5060; x_wconf 74' lang='grc' dir='ltr'>ἐκ</span> <span class='ocrx_word' id='word_1_416' title='bbox 1549 5007 1650 5077; x_wconf 82' lang='grc' dir='ltr'>τῆς</span> <span class='ocrx_word' id='word_1_417' title='bbox 1690 5006 1890 5077; x_wconf 82' lang='grc' dir='ltr'>συμϐο-</span> 
     </span>
    </p>
   </div>
   <div class='ocr_carea' id='block_1_54' title="bbox 311 5095 1885 5171">
    <p class='ocr_par' dir='ltr' id='par_1_54' title="bbox 311 5095 1885 5171">
     <span class='ocr_line' id='line_1_54' title="bbox 311 5095 1885 5171; baseline 0.002 -19"><span class='ocrx_word' id='word_1_418' title='bbox 311 5098 417 5170; x_wconf 85' lang='grc' dir='ltr'>λῆς</span> <span class='ocrx_word' id='word_1_419' title='bbox 450 5096 558 5150; x_wconf 86' lang='grc' dir='ltr'><strong>τῶν</strong></span> <span class='ocrx_word' id='word_1_420' title='bbox 586 5095 681 5150; x_wconf 82' lang='grc' dir='ltr'>δύο</span> <span class='ocrx_word' id='word_1_421' title='bbox 721 5097 1091 5171; x_wconf 81' lang='grc' dir='ltr'>ἡμισφαιρίων</span> <span class='ocrx_word' id='word_1_422' title='bbox 1134 5096 1348 5168; x_wconf 86' lang='grc' dir='ltr'>λέγουσι</span> <span class='ocrx_word' id='word_1_423' title='bbox 1388 5098 1548 5153; x_wconf 82' lang='grc' dir='ltr'>αὐτὸν</span> <span class='ocrx_word' id='word_1_424' title='bbox 1585 5099 1885 5168; x_wconf 87' lang='grc' dir='ltr'>γεγονέναι.</span> 
     </span>
    </p>
   </div>
   <div class='ocr_carea' id='block_1_55' title="bbox 315 5182 1890 5262">
    <p class='ocr_par' dir='ltr' id='par_1_55' title="bbox 315 5182 1890 5262">
     <span class='ocr_line' id='line_1_55' title="bbox 315 5182 1890 5262; baseline 0 -19"><span class='ocrx_word' id='word_1_425' title='bbox 315 5186 539 5261; x_wconf 81' lang='grc' dir='ltr'>Ἐτεροι</span> <span class='ocrx_word' id='word_1_426' title='bbox 574 5188 631 5242; x_wconf 82' lang='grc' dir='ltr'><strong>δέ</strong></span> <span class='ocrx_word' id='word_1_427' title='bbox 664 5205 847 5258; x_wconf 85' lang='grc' dir='ltr'>φασιν,</span> <span class='ocrx_word' id='word_1_428' title='bbox 884 5182 959 5243; x_wconf 84' lang='grc' dir='ltr'>ὧν</span> <span class='ocrx_word' id='word_1_429' title='bbox 987 5191 1104 5243; x_wconf 77' lang='grc' dir='ltr'>ἐστι</span> <span class='ocrx_word' id='word_1_430' title='bbox 1130 5191 1227 5244; x_wconf 78' lang='grc' dir='ltr'>καὶ</span> <span class='ocrx_word' id='word_1_431' title='bbox 1251 5190 1553 5262; x_wconf 88' lang='grc' dir='ltr'>Οίνωπίδης</span> <span class='ocrx_word' id='word_1_432' title='bbox 1572 5192 1601 5243; x_wconf 87' lang='lat'><strong>6</strong></span> <span class='ocrx_word' id='word_1_433' title='bbox 1623 5191 1774 5254; x_wconf 83' lang='grc' dir='ltr'>Χίος,</span> <span class='ocrx_word' id='word_1_434' title='bbox 1807 5191 1890 5244; x_wconf 84' lang='grc' dir='ltr'><strong>ὅτι</strong></span> 
     </span>
    </p>
   </div>
   <div class='ocr_carea' id='block_1_56' title="bbox 313 5280 1890 5354">
    <p class='ocr_par' dir='ltr' id='par_1_56' title="bbox 313 5280 1890 5354">
     <span class='ocr_line' id='line_1_56' title="bbox 313 5280 1890 5354; baseline 0 -19"><span class='ocrx_word' id='word_1_435' title='bbox 313 5283 583 5354; x_wconf 80' lang='grc' dir='ltr'>πρότερον</span> <span class='ocrx_word' id='word_1_436' title='bbox 623 5281 764 5341; x_wconf 83' lang='grc' dir='ltr'>κατὰ</span> <span class='ocrx_word' id='word_1_437' title='bbox 791 5280 980 5336; x_wconf 81' lang='grc' dir='ltr'>τούτου</span> <span class='ocrx_word' id='word_1_438' title='bbox 1026 5282 1251 5354; x_wconf 74' lang='grc' dir='ltr'>ἐφέρετο</span> <span class='ocrx_word' id='word_1_439' title='bbox 1295 5284 1323 5336; x_wconf 87' lang='lat'><strong>6</strong></span> <span class='ocrx_word' id='word_1_440' title='bbox 1368 5282 1539 5353; x_wconf 77' lang='grc' dir='ltr'>ἥλιος,</span> <span class='ocrx_word' id='word_1_441' title='bbox 1587 5283 1676 5337; x_wconf 78' lang='grc' dir='ltr'>διὰ</span> <span class='ocrx_word' id='word_1_442' title='bbox 1720 5282 1779 5336; x_wconf 83' lang='grc' dir='ltr'>δὲ</span> <span class='ocrx_word' id='word_1_443' title='bbox 1819 5282 1890 5336; x_wconf 76' lang='grc' dir='ltr'>τὰ</span> 
     </span>
    </p>
   </div>
   <div class='ocr_carea' id='block_1_57' title="bbox 312 5373 1889 5448">
    <p class='ocr_par' dir='ltr' id='par_1_57' title="bbox 312 5373 1889 5448">
     <span class='ocr_line' id='line_1_57' title="bbox 312 5373 1889 5448; baseline 0 -21"><span class='ocrx_word' id='word_1_444' title='bbox 312 5374 581 5429; x_wconf 83' lang='grc' dir='ltr'>Θυέστεια</span> <span class='ocrx_word' id='word_1_445' title='bbox 609 5373 798 5430; x_wconf 80' lang='grc' dir='ltr'>δεῖπνα</span> <span class='ocrx_word' id='word_1_446' title='bbox 825 5375 1168 5448; x_wconf 82' lang='grc' dir='ltr'>ἀπεστράφη,</span> <span class='ocrx_word' id='word_1_447' title='bbox 1197 5376 1291 5429; x_wconf 74' lang='grc' dir='ltr'>καὶ</span> <span class='ocrx_word' id='word_1_448' title='bbox 1316 5375 1414 5447; x_wconf 81' lang='grc' dir='ltr'>τὴν</span> <span class='ocrx_word' id='word_1_449' title='bbox 1445 5374 1693 5431; x_wconf 89' lang='grc' dir='ltr'>έναντίαν</span> <span class='ocrx_word' id='word_1_450' title='bbox 1716 5373 1889 5445; x_wconf 78' lang='grc' dir='ltr'>τούτῳ</span> 
     </span>
    </p>
   </div>
   <div class='ocr_carea' id='block_1_58' title="bbox 317 5465 1887 5539">
    <p class='ocr_par' dir='ltr' id='par_1_58' title="bbox 317 5465 1887 5539">
     <span class='ocr_line' id='line_1_58' title="bbox 317 5465 1887 5539; baseline 0.002 -22"><span class='ocrx_word' id='word_1_451' title='bbox 317 5465 613 5538; x_wconf 80' lang='grc' dir='ltr'>πεποίηται</span> <span class='ocrx_word' id='word_1_452' title='bbox 636 5466 961 5539; x_wconf 82' lang='grc' dir='ltr'>περιφορὰν,</span> <span class='ocrx_word' id='word_1_453' title='bbox 986 5466 1053 5538; x_wconf 74' lang='grc' dir='ltr'>ἢν</span> <span class='ocrx_word' id='word_1_454' title='bbox 1079 5465 1173 5520; x_wconf 76' lang='grc' dir='ltr'>νῦν</span> <span class='ocrx_word' id='word_1_455' title='bbox 1200 5466 1526 5538; x_wconf 84' lang='grc' dir='ltr'>περιγράφει</span> <span class='ocrx_word' id='word_1_456' title='bbox 1554 5466 1584 5519; x_wconf 92' lang='lat'><strong>6</strong></span> <span class='ocrx_word' id='word_1_457' title='bbox 1606 5466 1887 5531; x_wconf 77' lang='grc' dir='ltr'>ζωδιακός.</span> 
     </span>
    </p>
   </div>
   <div class='ocr_carea' id='block_1_59' title="bbox 323 5556 1889 5630">
    <p class='ocr_par' dir='ltr' id='par_1_59' title="bbox 323 5556 1889 5630">
     <span class='ocr_line' id='line_1_59' title="bbox 323 5556 1889 5630; baseline 0.002 -23"><span class='ocrx_word' id='word_1_458' title='bbox 323 5556 481 5610; x_wconf 81' lang='grc' dir='ltr'>Ἐστι</span> <span class='ocrx_word' id='word_1_459' title='bbox 508 5557 566 5611; x_wconf 78' lang='grc' dir='ltr'>δὲ</span> <span class='ocrx_word' id='word_1_460' title='bbox 594 5557 837 5629; x_wconf 84' lang='grc' dir='ltr'>μυθῶδες</span> <span class='ocrx_word' id='word_1_461' title='bbox 871 5557 1028 5612; x_wconf 81' lang='grc' dir='ltr'>τοῦτο</span> <span class='ocrx_word' id='word_1_462' title='bbox 1063 5558 1158 5612; x_wconf 80' lang='grc' dir='ltr'>καὶ</span> <span class='ocrx_word' id='word_1_463' title='bbox 1193 5557 1405 5628; x_wconf 80' lang='grc' dir='ltr'>ψεῦδος.</span> <span class='ocrx_word' id='word_1_464' title='bbox 1440 5558 1505 5611; x_wconf 87' lang='grc' dir='ltr'>Τί</span> <span class='ocrx_word' id='word_1_465' title='bbox 1534 5558 1641 5630; x_wconf 83' lang='grc' dir='ltr'><strong>γὰρ</strong></span> <span class='ocrx_word' id='word_1_466' title='bbox 1670 5557 1889 5630; x_wconf 78' lang='grc' dir='ltr'>ἐροῦσιν</span> 
     </span>
    </p>
   </div>
   <div class='ocr_carea' id='block_1_60' title="bbox 314 5646 1886 5721">
    <p class='ocr_par' dir='ltr' id='par_1_60' title="bbox 314 5646 1886 5721">
     <span class='ocr_line' id='line_1_60' title="bbox 314 5646 1886 5721; baseline 0.001 -23"><span class='ocrx_word' id='word_1_467' title='bbox 314 5648 372 5699; x_wconf 83' lang='grc' dir='ltr'><strong>οί</strong></span> <span class='ocrx_word' id='word_1_468' title='bbox 399 5646 570 5702; x_wconf 79' lang='grc' dir='ltr'>ταῦτα</span> <span class='ocrx_word' id='word_1_469' title='bbox 599 5649 845 5719; x_wconf 84' lang='grc' dir='ltr'>λέγοντες</span> <span class='ocrx_word' id='word_1_470' title='bbox 882 5648 1010 5721; x_wconf 81' lang='grc' dir='ltr'>περὶ</span> <span class='ocrx_word' id='word_1_471' title='bbox 1041 5649 1140 5719; x_wconf 85' lang='grc' dir='ltr'>τῆς</span> <span class='ocrx_word' id='word_1_472' title='bbox 1177 5649 1407 5721; x_wconf 86' lang='grc' dir='ltr'>σελήνης</span> <span class='ocrx_word' id='word_1_473' title='bbox 1444 5650 1537 5703; x_wconf 77' lang='grc' dir='ltr'>καὶ</span> <span class='ocrx_word' id='word_1_474' title='bbox 1576 5649 1683 5702; x_wconf 87' lang='grc' dir='ltr'><strong>τῶν</strong></span> <span class='ocrx_word' id='word_1_475' title='bbox 1720 5648 1886 5702; x_wconf 85' lang='grc' dir='ltr'>πέντε</span> 
     </span>
    </p>
   </div>
   <div class='ocr_carea' id='block_1_61' title="bbox 316 5733 1886 5812">
    <p class='ocr_par' dir='ltr' id='par_1_61' title="bbox 316 5733 1886 5812">
     <span class='ocr_line' id='line_1_61' title="bbox 316 5733 1886 5812; baseline 0.002 -23"><span class='ocrx_word' id='word_1_476' title='bbox 316 5737 600 5809; x_wconf 71' lang='grc' dir='ltr'>ἁστέρωνς</span> <span class='ocrx_word' id='word_1_477' title='bbox 636 5740 710 5794; x_wconf 83' lang='grc' dir='ltr'><strong>Οὐ</strong></span> <span class='ocrx_word' id='word_1_478' title='bbox 738 5740 846 5812; x_wconf 84' lang='grc' dir='ltr'><strong>γὰρ</strong></span> <span class='ocrx_word' id='word_1_479' title='bbox 879 5739 943 5812; x_wconf 80' lang='grc' dir='ltr'>δὴ</span> <span class='ocrx_word' id='word_1_480' title='bbox 971 5740 1065 5794; x_wconf 77' lang='grc' dir='ltr'>καὶ</span> <span class='ocrx_word' id='word_1_481' title='bbox 1094 5733 1238 5793; x_wconf 74' lang='grc' dir='ltr'>οὗτοι</span> <span class='ocrx_word' id='word_1_482' title='bbox 1269 5739 1357 5793; x_wconf 85' lang='grc' dir='ltr'><strong>διὰ</strong></span> <span class='ocrx_word' id='word_1_483' title='bbox 1388 5741 1455 5795; x_wconf 79' lang='grc' dir='ltr'>τὰ</span> <span class='ocrx_word' id='word_1_484' title='bbox 1483 5740 1742 5794; x_wconf 84' lang='grc' dir='ltr'>Θυέστεια</span> <span class='ocrx_word' id='word_1_485' title='bbox 1777 5739 1886 5792; x_wconf 80' lang='grc' dir='ltr'>δεῖ·</span> 
     </span>
    </p>
   </div>
   <div class='ocr_carea' id='block_1_62' title="bbox 319 5832 1882 5907">
    <p class='ocr_par' dir='ltr' id='par_1_62' title="bbox 319 5832 1882 5907">
     <span class='ocr_line' id='line_1_62' title="bbox 319 5832 1882 5907; baseline 0.001 -23"><span class='ocrx_word' id='word_1_486' title='bbox 319 5840 433 5884; x_wconf 60' lang='grc' dir='ltr'>τινα</span> <span class='ocrx_word' id='word_1_487' title='bbox 458 5832 902 5905; x_wconf 80' lang='grc' dir='ltr'>ἀπεστράφησαν.</span> <span class='ocrx_word' id='word_1_488' title='bbox 940 5833 1122 5887; x_wconf 79' lang='grc' dir='ltr'>’Δλλοι</span> <span class='ocrx_word' id='word_1_489' title='bbox 1161 5833 1217 5887; x_wconf 83' lang='grc' dir='ltr'>δὲ</span> <span class='ocrx_word' id='word_1_490' title='bbox 1255 5836 1317 5886; x_wconf 83' lang='grc' dir='ltr'>ἐκ</span> <span class='ocrx_word' id='word_1_491' title='bbox 1355 5834 1562 5907; x_wconf 86' lang='grc' dir='ltr'>μικρῶν</span> <span class='ocrx_word' id='word_1_492' title='bbox 1595 5835 1754 5899; x_wconf 85' lang='grc' dir='ltr'>πάνυ,</span> <span class='ocrx_word' id='word_1_493' title='bbox 1788 5833 1882 5887; x_wconf 75' lang='grc' dir='ltr'>καὶ</span> 
     </span>
    </p>
   </div>
   <div class='ocr_carea' id='block_1_63' title="bbox 644 5928 1277 5989">
    <p class='ocr_par' dir='ltr' id='par_1_63' title="bbox 644 5928 1277 5989">
     <span class='ocr_line' id='line_1_63' title="bbox 644 5928 1277 5989; baseline -0.002 -1"><span class='ocrx_word' id='word_1_494' title='bbox 644 5929 913 5988; x_wconf 67' lang='lat' dir='ltr'><strong>Parnm.</strong></span> <span class='ocrx_word' id='word_1_495' title='bbox 949 5928 1065 5988; x_wconf 79' lang='lat' dir='ltr'><strong>Gn.</strong></span> <span class='ocrx_word' id='word_1_496' title='bbox 1104 5928 1277 5989; x_wconf 78' lang='lat' dir='ltr'><strong>XIX.</strong></span> 
     </span>
    </p>
   </div>
   <div class='ocr_carea' id='block_1_64' title="bbox 2005 587 3569 660">
    <p class='ocr_par' dir='ltr' id='par_1_64' title="bbox 2005 587 3569 660">
     <span class='ocr_line' id='line_1_64' title="bbox 2005 587 3569 660; baseline 0.004 -19"><span class='ocrx_word' id='word_1_497' title='bbox 2005 588 2330 658; x_wconf 83' lang='lat' dir='ltr'><strong>aquilonem,</strong></span> <span class='ocrx_word' id='word_1_498' title='bbox 2368 588 2635 658; x_wconf 90' lang='lat' dir='ltr'><strong>tropicum</strong></span> <span class='ocrx_word' id='word_1_499' title='bbox 2662 588 2913 644; x_wconf 68' lang='lat' dir='ltr'><strong>aestivum</strong></span> <span class='ocrx_word' id='word_1_500' title='bbox 2936 588 3205 659; x_wconf 84' lang='lat' dir='ltr'><strong>contingit</strong></span> <span class='ocrx_word' id='word_1_501' title='bbox 3233 588 3290 644; x_wconf 92' lang='lat' dir='ltr'><strong>in</strong></span> <span class='ocrx_word' id='word_1_502' title='bbox 3318 587 3569 660; x_wconf 84' lang='lat' dir='ltr'><strong>Cancro;</strong></span> 
     </span>
    </p>
   </div>
   <div class='ocr_carea' id='block_1_65' title="bbox 2003 682 3570 755">
    <p class='ocr_par' dir='ltr' id='par_1_65' title="bbox 2003 682 3570 755">
     <span class='ocr_line' id='line_1_65' title="bbox 2003 682 3570 755; baseline 0.004 -20"><span class='ocrx_word' id='word_1_503' title='bbox 2003 696 2124 751; x_wconf 76' lang='lat' dir='ltr'><strong>quae</strong></span> <span class='ocrx_word' id='word_1_504' title='bbox 2149 696 2277 736; x_wconf 84' lang='lat' dir='ltr'><strong>vero</strong></span> <span class='ocrx_word' id='word_1_505' title='bbox 2301 682 2534 737; x_wconf 77' lang='lat' dir='ltr'><strong>maxime</strong></span> <span class='ocrx_word' id='word_1_506' title='bbox 2561 694 2645 738; x_wconf 90' lang='lat' dir='ltr'><strong>est</strong></span> <span class='ocrx_word' id='word_1_507' title='bbox 2674 683 2953 749; x_wconf 75' lang='lat' dir='ltr'><strong>australis,</strong></span> <span class='ocrx_word' id='word_1_508' title='bbox 2987 682 3276 741; x_wconf 89' lang='lat' dir='ltr'><strong>hibernum</strong></span> <span class='ocrx_word' id='word_1_509' title='bbox 3299 685 3570 755; x_wconf 82' lang='lat' dir='ltr'><strong>tropicum</strong></span> 
     </span>
    </p>
   </div>
   <div class='ocr_carea' id='block_1_66' title="bbox 2005 770 3572 843">
    <p class='ocr_par' dir='ltr' id='par_1_66' title="bbox 2005 770 3572 843">
     <span class='ocr_line' id='line_1_66' title="bbox 2005 770 3572 843; baseline 0.003 -16"><span class='ocrx_word' id='word_1_510' title='bbox 2005 774 2176 843; x_wconf 87' lang='lat' dir='ltr'><strong>tangit</strong></span> <span class='ocrx_word' id='word_1_511' title='bbox 2216 773 2270 827; x_wconf 89' lang='lat' dir='ltr'><strong>in</strong></span> <span class='ocrx_word' id='word_1_512' title='bbox 2302 770 2679 843; x_wconf 79' lang='lat' dir='ltr'><strong>Capricorno;</strong></span> <span class='ocrx_word' id='word_1_513' title='bbox 2706 775 2944 830; x_wconf 84' lang='lat' dir='ltr'><strong>medium</strong></span> <span class='ocrx_word' id='word_1_514' title='bbox 2973 774 3260 830; x_wconf 88' lang='lat' dir='ltr'><strong>amborum</strong></span> <span class='ocrx_word' id='word_1_515' title='bbox 3305 776 3572 832; x_wconf 82' lang='lat' dir='ltr'><strong>circulum</strong></span> 
     </span>
    </p>
   </div>
   <div class='ocr_carea' id='block_1_67' title="bbox 2002 864 3571 939">
    <p class='ocr_par' dir='ltr' id='par_1_67' title="bbox 2002 864 3571 939">
     <span class='ocr_line' id='line_1_67' title="bbox 2002 864 3571 939; baseline 0.003 -20"><span class='ocrx_word' id='word_1_516' title='bbox 2002 864 2435 934; x_wconf 77' lang='lat' dir='ltr'><strong>aequinoctialem</strong></span> <span class='ocrx_word' id='word_1_517' title='bbox 2476 866 2530 919; x_wconf 92' lang='lat' dir='ltr'><strong>in</strong></span> <span class='ocrx_word' id='word_1_518' title='bbox 2568 865 2782 921; x_wconf 86' lang='lat' dir='ltr'><strong>duabus</strong></span> <span class='ocrx_word' id='word_1_519' title='bbox 2819 867 3086 937; x_wconf 87' lang='lat' dir='ltr'><strong>partibus,</strong></span> <span class='ocrx_word' id='word_1_520' title='bbox 3127 882 3193 923; x_wconf 89' lang='lat' dir='ltr'><strong>ac</strong></span> <span class='ocrx_word' id='word_1_521' title='bbox 3228 869 3400 939; x_wconf 79' lang='lat' dir='ltr'><strong>signis</strong></span> <span class='ocrx_word' id='word_1_522' title='bbox 3431 870 3571 925; x_wconf 84' lang='lat' dir='ltr'><strong>duo-</strong></span> 
     </span>
    </p>
   </div>
   <div class='ocr_carea' id='block_1_68' title="bbox 2003 956 3576 1024">
    <p class='ocr_par' dir='ltr' id='par_1_68' title="bbox 2003 956 3576 1024">
     <span class='ocr_line' id='line_1_68' title="bbox 2003 956 3576 1024; baseline 0.002 -12"><span class='ocrx_word' id='word_1_523' title='bbox 2003 956 2128 1019; x_wconf 88' lang='lat' dir='ltr'><strong>bus,</strong></span> <span class='ocrx_word' id='word_1_524' title='bbox 2151 956 2335 1011; x_wconf 82' lang='lat' dir='ltr'><strong>Ariete</strong></span> <span class='ocrx_word' id='word_1_525' title='bbox 2356 971 2420 1011; x_wconf 89' lang='lat' dir='ltr'><strong>ac</strong></span> <span class='ocrx_word' id='word_1_526' title='bbox 2453 956 2636 1012; x_wconf 87' lang='lat' dir='ltr'><strong>Libra.</strong></span> <span class='ocrx_word' id='word_1_527' title='bbox 2661 956 2830 1024; x_wconf 86' lang='lat' dir='ltr'><strong>Quem</strong></span> <span class='ocrx_word' id='word_1_528' title='bbox 2857 959 3105 1014; x_wconf 89' lang='lat' dir='ltr'><strong>eumdem</strong></span> <span class='ocrx_word' id='word_1_529' title='bbox 3145 960 3411 1016; x_wconf 87' lang='lat' dir='ltr'><strong>circulum</strong></span> <span class='ocrx_word' id='word_1_530' title='bbox 3434 962 3576 1017; x_wconf 79' lang='lat' dir='ltr'><strong>bifa-</strong></span> 
     </span>
    </p>
   </div>
   <div class='ocr_carea' id='block_1_69' title="bbox 2005 1047 3572 1123">
    <p class='ocr_par' dir='ltr' id='par_1_69' title="bbox 2005 1047 3572 1123">
     <span class='ocr_line' id='line_1_69' title="bbox 2005 1047 3572 1123; baseline 0.003 -23"><span class='ocrx_word' id='word_1_531' title='bbox 2005 1047 2141 1100; x_wconf 84' lang='lat' dir='ltr'><strong>riam</strong></span> <span class='ocrx_word' id='word_1_532' title='bbox 2167 1054 2337 1109; x_wconf 78' lang='lat' dir='ltr'><strong>secat,</strong></span> <span class='ocrx_word' id='word_1_533' title='bbox 2369 1056 2423 1101; x_wconf 93' lang='lat' dir='ltr'><strong>et</strong></span> <span class='ocrx_word' id='word_1_534' title='bbox 2443 1047 2687 1105; x_wconf 82' lang='lat' dir='ltr'><strong>vicissim</strong></span> <span class='ocrx_word' id='word_1_535' title='bbox 2718 1049 2785 1101; x_wconf 89' lang='lat' dir='ltr'><strong>ab</strong></span> <span class='ocrx_word' id='word_1_536' title='bbox 2807 1063 2874 1103; x_wconf 89' lang='lat' dir='ltr'><strong>eo</strong></span> <span class='ocrx_word' id='word_1_537' title='bbox 2900 1058 3135 1105; x_wconf 83' lang='lat' dir='ltr'><strong>secatur.</strong></span> <span class='ocrx_word' id='word_1_538' title='bbox 3162 1048 3330 1121; x_wconf 88' lang='lat' dir='ltr'><strong>Igitur</strong></span> <span class='ocrx_word' id='word_1_539' title='bbox 3350 1053 3572 1123; x_wconf 81' lang='lat' dir='ltr'><strong>quando</strong></span> 
     </span>
    </p>
   </div>
   <div class='ocr_carea' id='block_1_70' title="bbox 2002 1138 3570 1211">
    <p class='ocr_par' dir='ltr' id='par_1_70' title="bbox 2002 1138 3570 1211">
     <span class='ocr_line' id='line_1_70' title="bbox 2002 1138 3570 1211; baseline 0.004 -18"><span class='ocrx_word' id='word_1_540' title='bbox 2002 1139 2085 1193; x_wconf 90' lang='lat' dir='ltr'><strong>sol</strong></span> <span class='ocrx_word' id='word_1_541' title='bbox 2116 1138 2185 1193; x_wconf 90' lang='lat' dir='ltr'><strong>ab</strong></span> <span class='ocrx_word' id='word_1_542' title='bbox 2217 1139 2545 1197; x_wconf 85' lang='lat' dir='ltr'><strong>australibus</strong></span> <span class='ocrx_word' id='word_1_543' title='bbox 2576 1141 2822 1211; x_wconf 88' lang='lat' dir='ltr'><strong>partibus</strong></span> <span class='ocrx_word' id='word_1_544' title='bbox 2844 1142 3379 1200; x_wconf 76' lang='lat' dir='ltr'><strong>recedensboreales</strong></span> <span class='ocrx_word' id='word_1_545' title='bbox 3408 1159 3570 1201; x_wconf 31' lang='lat' dir='ltr'><strong>scana</strong></span> 
     </span>
    </p>
   </div>
   <div class='ocr_carea' id='block_1_71' title="bbox 2001 1230 3569 1305">
    <p class='ocr_par' dir='ltr' id='par_1_71' title="bbox 2001 1230 3569 1305">
     <span class='ocr_line' id='line_1_71' title="bbox 2001 1230 3569 1305; baseline 0.003 -19"><span class='ocrx_word' id='word_1_546' title='bbox 2001 1231 2103 1295; x_wconf 88' lang='lat' dir='ltr'><strong>dit,</strong></span> <span class='ocrx_word' id='word_1_547' title='bbox 2147 1230 2215 1286; x_wconf 90' lang='lat' dir='ltr'><strong>ad</strong></span> <span class='ocrx_word' id='word_1_548' title='bbox 2262 1231 2529 1288; x_wconf 79' lang='lat' dir='ltr'><strong>Cancrum</strong></span> <span class='ocrx_word' id='word_1_549' title='bbox 2580 1247 2751 1303; x_wconf 90' lang='lat' dir='ltr'><strong>usque</strong></span> <span class='ocrx_word' id='word_1_550' title='bbox 2798 1235 3061 1303; x_wconf 86' lang='lat' dir='ltr'><strong>pervenit.</strong></span> <span class='ocrx_word' id='word_1_551' title='bbox 3095 1232 3390 1305; x_wconf 83' lang='lat' dir='ltr'><strong>Propterea</strong></span> <span class='ocrx_word' id='word_1_552' title='bbox 3440 1230 3569 1291; x_wconf 88' lang='lat' dir='ltr'><strong>tunc</strong></span> 
     </span>
    </p>
   </div>
   <div class='ocr_carea' id='block_1_72' title="bbox 2004 1324 3568 1398">
    <p class='ocr_par' dir='ltr' id='par_1_72' title="bbox 2004 1324 3568 1398">
     <span class='ocr_line' id='line_1_72' title="bbox 2004 1324 3568 1398; baseline 0.003 -20"><span class='ocrx_word' id='word_1_553' title='bbox 2004 1324 2162 1380; x_wconf 86' lang='lat' dir='ltr'><strong>nobis</strong></span> <span class='ocrx_word' id='word_1_554' title='bbox 2200 1324 2478 1381; x_wconf 87' lang='lat' dir='ltr'><strong>ardentior</strong></span> <span class='ocrx_word' id='word_1_555' title='bbox 2508 1325 2727 1391; x_wconf 87' lang='lat' dir='ltr'><strong>accidit,</strong></span> <span class='ocrx_word' id='word_1_556' title='bbox 2763 1333 2949 1396; x_wconf 81' lang='lat' dir='ltr'><strong>utpote</strong></span> <span class='ocrx_word' id='word_1_557' title='bbox 2993 1327 3371 1398; x_wconf 90' lang='lat' dir='ltr'><strong>propinquior.</strong></span> <span class='ocrx_word' id='word_1_558' title='bbox 3413 1328 3568 1385; x_wconf 87' lang='lat' dir='ltr'><strong>Ultra</strong></span> 
     </span>
    </p>
   </div>
   <div class='ocr_carea' id='block_1_73' title="bbox 2000 1415 3567 1486">
    <p class='ocr_par' dir='ltr' id='par_1_73' title="bbox 2000 1415 3567 1486">
     <span class='ocr_line' id='line_1_73' title="bbox 2000 1415 3567 1486; baseline 0.001 -14"><span class='ocrx_word' id='word_1_559' title='bbox 2000 1415 2274 1472; x_wconf 87' lang='lat' dir='ltr'><strong>Cancrum</strong></span> <span class='ocrx_word' id='word_1_560' title='bbox 2325 1433 2433 1472; x_wconf 92' lang='lat' dir='ltr'><strong>non</strong></span> <span class='ocrx_word' id='word_1_561' title='bbox 2464 1418 2765 1485; x_wconf 81' lang='lat' dir='ltr'><strong>attollitur;</strong></span> <span class='ocrx_word' id='word_1_562' title='bbox 2804 1418 2899 1474; x_wconf 89' lang='lat' dir='ltr'><strong>sed</strong></span> <span class='ocrx_word' id='word_1_563' title='bbox 2943 1433 3009 1473; x_wconf 90' lang='lat' dir='ltr'><strong>eo</strong></span> <span class='ocrx_word' id='word_1_564' title='bbox 3037 1434 3162 1474; x_wconf 89' lang='lat' dir='ltr'><strong>cum</strong></span> <span class='ocrx_word' id='word_1_565' title='bbox 3203 1421 3457 1486; x_wconf 88' lang='lat' dir='ltr'><strong>accessit,</strong></span> <span class='ocrx_word' id='word_1_566' title='bbox 3499 1421 3567 1474; x_wconf 89' lang='lat' dir='ltr'><strong>ad</strong></span> 
     </span>
    </p>
   </div>
   <div class='ocr_carea' id='block_1_74' title="bbox 2002 1507 3566 1580">
    <p class='ocr_par' dir='ltr' id='par_1_74' title="bbox 2002 1507 3566 1580">
     <span class='ocr_line' id='line_1_74' title="bbox 2002 1507 3566 1580; baseline 0.003 -20"><span class='ocrx_word' id='word_1_567' title='bbox 2002 1516 2248 1563; x_wconf 83' lang='lat' dir='ltr'><strong>austrum</strong></span> <span class='ocrx_word' id='word_1_568' title='bbox 2293 1507 2625 1575; x_wconf 80' lang='lat' dir='ltr'><strong>reflectitur;</strong></span> <span class='ocrx_word' id='word_1_569' title='bbox 2660 1509 3070 1580; x_wconf 85' lang='lat' dir='ltr'><strong>appellaturque</strong></span> <span class='ocrx_word' id='word_1_570' title='bbox 3102 1510 3389 1567; x_wconf 83' lang='lat' dir='ltr'><strong>conversio</strong></span> <span class='ocrx_word' id='word_1_571' title='bbox 3437 1513 3566 1566; x_wconf 80' lang='lat' dir='ltr'><strong>alti-</strong></span> 
     </span>
    </p>
   </div>
   <div class='ocr_carea' id='block_1_75' title="bbox 2002 1597 3564 1672">
    <p class='ocr_par' dir='ltr' id='par_1_75' title="bbox 2002 1597 3564 1672">
     <span class='ocr_line' id='line_1_75' title="bbox 2002 1597 3564 1672; baseline 0.003 -20"><span class='ocrx_word' id='word_1_572' title='bbox 2002 1597 2133 1652; x_wconf 85' lang='lat' dir='ltr'><strong>tudo</strong></span> <span class='ocrx_word' id='word_1_573' title='bbox 2157 1600 2246 1651; x_wconf 86' lang='lat' dir='ltr'><strong>illa</strong></span> <span class='ocrx_word' id='word_1_574' title='bbox 2269 1599 2400 1655; x_wconf 91' lang='lat' dir='ltr'><strong>solis</strong></span> <span class='ocrx_word' id='word_1_575' title='bbox 2429 1600 2484 1653; x_wconf 90' lang='lat' dir='ltr'><strong>in</strong></span> <span class='ocrx_word' id='word_1_576' title='bbox 2504 1600 2736 1655; x_wconf 83' lang='lat' dir='ltr'><strong>Cancro.</strong></span> <span class='ocrx_word' id='word_1_577' title='bbox 2767 1599 2916 1656; x_wconf 75' lang='lat' dir='ltr'><strong>lianc</strong></span> <span class='ocrx_word' id='word_1_578' title='bbox 2937 1616 3100 1672; x_wconf 89' lang='lat' dir='ltr'><strong>porro</strong></span> <span class='ocrx_word' id='word_1_579' title='bbox 3128 1604 3564 1669; x_wconf 82' lang='lat' dir='ltr'><strong>conversionem,</strong></span> 
     </span>
    </p>
   </div>
   <div class='ocr_carea' id='block_1_76' title="bbox 2002 1690 3569 1763">
    <p class='ocr_par' dir='ltr' id='par_1_76' title="bbox 2002 1690 3569 1763">
     <span class='ocr_line' id='line_1_76' title="bbox 2002 1690 3569 1763; baseline 0.005 -19"><span class='ocrx_word' id='word_1_580' title='bbox 2002 1690 2116 1745; x_wconf 85' lang='lat' dir='ltr'><strong>sive</strong></span> <span class='ocrx_word' id='word_1_581' title='bbox 2143 1690 2434 1745; x_wconf 72' lang='lat' dir='ltr'><strong>solsﬁtium</strong></span> <span class='ocrx_word' id='word_1_582' title='bbox 2460 1691 2549 1745; x_wconf 90' lang='lat' dir='ltr'><strong>alii</strong></span> <span class='ocrx_word' id='word_1_583' title='bbox 2583 1692 2737 1746; x_wconf 90' lang='lat' dir='ltr'><strong>initio</strong></span> <span class='ocrx_word' id='word_1_584' title='bbox 2761 1690 2956 1747; x_wconf 88' lang='lat' dir='ltr'><strong>Cancri</strong></span> <span class='ocrx_word' id='word_1_585' title='bbox 2994 1693 3109 1748; x_wconf 87' lang='lat' dir='ltr'><strong>ﬁeri</strong></span> <span class='ocrx_word' id='word_1_586' title='bbox 3133 1694 3353 1763; x_wconf 80' lang='lat' dir='ltr'><strong>volunt;</strong></span> <span class='ocrx_word' id='word_1_587' title='bbox 3388 1695 3479 1749; x_wconf 86' lang='lat' dir='ltr'><strong>alii</strong></span> <span class='ocrx_word' id='word_1_588' title='bbox 3510 1696 3569 1752; x_wconf 83' lang='lat' dir='ltr'><strong>in</strong></span> 
     </span>
    </p>
   </div>
   <div class='ocr_carea' id='block_1_77' title="bbox 1999 1781 3567 1853">
    <p class='ocr_par' dir='ltr' id='par_1_77' title="bbox 1999 1781 3567 1853">
     <span class='ocr_line' id='line_1_77' title="bbox 1999 1781 3567 1853; baseline 0.004 -17"><span class='ocrx_word' id='word_1_589' title='bbox 1999 1789 2187 1836; x_wconf 82' lang='lat' dir='ltr'><strong>octava</strong></span> <span class='ocrx_word' id='word_1_590' title='bbox 2222 1794 2413 1853; x_wconf 88' lang='lat' dir='ltr'><strong>parte;</strong></span> <span class='ocrx_word' id='word_1_591' title='bbox 2449 1784 2540 1837; x_wconf 92' lang='lat' dir='ltr'><strong>alii</strong></span> <span class='ocrx_word' id='word_1_592' title='bbox 2562 1784 2711 1838; x_wconf 89' lang='lat' dir='ltr'><strong>circa</strong></span> <span class='ocrx_word' id='word_1_593' title='bbox 2740 1781 3149 1853; x_wconf 87' lang='lat' dir='ltr'><strong>duodecimam;</strong></span> <span class='ocrx_word' id='word_1_594' title='bbox 3176 1786 3269 1840; x_wconf 88' lang='lat' dir='ltr'><strong>alii</strong></span> <span class='ocrx_word' id='word_1_595' title='bbox 3295 1787 3441 1842; x_wconf 87' lang='lat' dir='ltr'><strong>circa</strong></span> <span class='ocrx_word' id='word_1_596' title='bbox 3469 1787 3567 1842; x_wconf 82' lang='lat' dir='ltr'><strong>de-</strong></span> 
     </span>
    </p>
   </div>
   <div class='ocr_carea' id='block_1_78' title="bbox 1998 1873 3564 1948">
    <p class='ocr_par' dir='ltr' id='par_1_78' title="bbox 1998 1873 3564 1948">
     <span class='ocr_line' id='line_1_78' title="bbox 1998 1873 3564 1948; baseline 0.002 -20"><span class='ocrx_word' id='word_1_597' title='bbox 1998 1873 2194 1928; x_wconf 90' lang='lat' dir='ltr'><strong>cimam</strong></span> <span class='ocrx_word' id='word_1_598' title='bbox 2221 1876 2493 1944; x_wconf 88' lang='lat' dir='ltr'><strong>quintam.</strong></span> <span class='ocrx_word' id='word_1_599' title='bbox 2519 1875 2647 1931; x_wconf 91' lang='lat' dir='ltr'><strong>lnde</strong></span> <span class='ocrx_word' id='word_1_600' title='bbox 2673 1877 2755 1932; x_wconf 89' lang='lat' dir='ltr'><strong>sol</strong></span> <span class='ocrx_word' id='word_1_601' title='bbox 2780 1876 2833 1931; x_wconf 92' lang='lat' dir='ltr'><strong>in</strong></span> <span class='ocrx_word' id='word_1_602' title='bbox 2867 1887 3111 1932; x_wconf 90' lang='lat' dir='ltr'><strong>austrum</strong></span> <span class='ocrx_word' id='word_1_603' title='bbox 3136 1877 3413 1948; x_wconf 90' lang='lat' dir='ltr'><strong>delapsus,</strong></span> <span class='ocrx_word' id='word_1_604' title='bbox 3438 1892 3564 1932; x_wconf 91' lang='lat' dir='ltr'><strong>cum</strong></span> 
     </span>
    </p>
   </div>
   <div class='ocr_carea' id='block_1_79' title="bbox 1998 1964 3566 2040">
    <p class='ocr_par' dir='ltr' id='par_1_79' title="bbox 1998 1964 3566 2040">
     <span class='ocr_line' id='line_1_79' title="bbox 1998 1964 3566 2040; baseline 0.003 -21"><span class='ocrx_word' id='word_1_605' title='bbox 1998 1964 2435 2035; x_wconf 73' lang='lat' dir='ltr'><strong>aequinoctialem</strong></span> <span class='ocrx_word' id='word_1_606' title='bbox 2459 1968 2656 2038; x_wconf 84' lang='lat' dir='ltr'><strong>attigit,</strong></span> <span class='ocrx_word' id='word_1_607' title='bbox 2690 1968 3075 2040; x_wconf 66' lang='lat' dir='ltr'><strong>aequinoctium</strong></span> <span class='ocrx_word' id='word_1_608' title='bbox 3099 1967 3265 2036; x_wconf 88' lang='lat' dir='ltr'><strong>facit;</strong></span> <span class='ocrx_word' id='word_1_609' title='bbox 3289 1968 3451 2039; x_wconf 83' lang='lat' dir='ltr'><strong>idque</strong></span> <span class='ocrx_word' id='word_1_610' title='bbox 3480 1968 3566 2024; x_wconf 87' lang='lat' dir='ltr'><strong>bis</strong></span> 
     </span>
    </p>
   </div>
   <div class='ocr_carea' id='block_1_80' title="bbox 1998 2058 3565 2133">
    <p class='ocr_par' dir='ltr' id='par_1_80' title="bbox 1998 2058 3565 2133">
     <span class='ocr_line' id='line_1_80' title="bbox 1998 2058 3565 2133; baseline 0.004 -24"><span class='ocrx_word' id='word_1_611' title='bbox 1998 2058 2314 2126; x_wconf 87' lang='lat' dir='ltr'><strong>quotannis,</strong></span> <span class='ocrx_word' id='word_1_612' title='bbox 2350 2059 2513 2115; x_wconf 87' lang='lat' dir='ltr'><strong>toties</strong></span> <span class='ocrx_word' id='word_1_613' title='bbox 2536 2060 2687 2114; x_wconf 81' lang='lat' dir='ltr'><strong>enim</strong></span> <span class='ocrx_word' id='word_1_614' title='bbox 2717 2060 3151 2131; x_wconf 72' lang='lat' dir='ltr'><strong>:rquinoctialcm</strong></span> <span class='ocrx_word' id='word_1_615' title='bbox 3178 2062 3416 2133; x_wconf 85' lang='lat' dir='ltr'><strong>attingit.</strong></span> <span class='ocrx_word' id='word_1_616' title='bbox 3451 2060 3565 2115; x_wconf 49' lang='lat' dir='ltr'><strong>ilo:</strong></span> 
     </span>
    </p>
   </div>
   <div class='ocr_carea' id='block_1_81' title="bbox 1998 2149 3567 2220">
    <p class='ocr_par' dir='ltr' id='par_1_81' title="bbox 1998 2149 3567 2220">
     <span class='ocr_line' id='line_1_81' title="bbox 1998 2149 3567 2220; baseline 0.003 -19"><span class='ocrx_word' id='word_1_617' title='bbox 1998 2163 2121 2201; x_wconf 90' lang='lat' dir='ltr'><strong>rum</strong></span> <span class='ocrx_word' id='word_1_618' title='bbox 2162 2149 2392 2203; x_wconf 89' lang='lat' dir='ltr'><strong>alterum</strong></span> <span class='ocrx_word' id='word_1_619' title='bbox 2441 2150 2827 2220; x_wconf 63' lang='lat' dir='ltr'><strong>aequinoctium</strong></span> <span class='ocrx_word' id='word_1_620' title='bbox 2881 2165 3147 2218; x_wconf 85' lang='lat' dir='ltr'><strong>vernum;</strong></span> <span class='ocrx_word' id='word_1_621' title='bbox 3192 2152 3422 2207; x_wconf 89' lang='lat' dir='ltr'><strong>alterum</strong></span> <span class='ocrx_word' id='word_1_622' title='bbox 3462 2165 3567 2215; x_wconf 85' lang='lat' dir='ltr'><strong>au-</strong></span> 
     </span>
    </p>
   </div>
   <div class='ocr_carea' id='block_1_82' title="bbox 1999 2241 3569 2309">
    <p class='ocr_par' dir='ltr' id='par_1_82' title="bbox 1999 2241 3569 2309">
     <span class='ocr_line' id='line_1_82' title="bbox 1999 2241 3569 2309; baseline 0.002 -14"><span class='ocrx_word' id='word_1_623' title='bbox 1999 2242 2240 2298; x_wconf 87' lang='lat' dir='ltr'><strong>tumnale</strong></span> <span class='ocrx_word' id='word_1_624' title='bbox 2297 2241 2516 2298; x_wconf 88' lang='lat' dir='ltr'><strong>dicitur.</strong></span> <span class='ocrx_word' id='word_1_625' title='bbox 2556 2241 2796 2299; x_wconf 79' lang='lat' dir='ltr'><strong>Vernum</strong></span> <span class='ocrx_word' id='word_1_626' title='bbox 2839 2243 2898 2298; x_wconf 83' lang='lat' dir='ltr'><strong>fit</strong></span> <span class='ocrx_word' id='word_1_627' title='bbox 2938 2244 2994 2298; x_wconf 90' lang='lat' dir='ltr'><strong>in</strong></span> <span class='ocrx_word' id='word_1_628' title='bbox 3023 2244 3230 2309; x_wconf 87' lang='lat' dir='ltr'><strong>Arietc,</strong></span> <span class='ocrx_word' id='word_1_629' title='bbox 3269 2244 3360 2299; x_wconf 91' lang='lat' dir='ltr'><strong>ubi</strong></span> <span class='ocrx_word' id='word_1_630' title='bbox 3389 2243 3569 2299; x_wconf 79' lang='lat' dir='ltr'><strong>circu—</strong></span> 
     </span>
    </p>
   </div>
   <div class='ocr_carea' id='block_1_83' title="bbox 1998 2333 3569 2407">
    <p class='ocr_par' dir='ltr' id='par_1_83' title="bbox 1998 2333 3569 2407">
     <span class='ocr_line' id='line_1_83' title="bbox 1998 2333 3569 2407; baseline 0.003 -20"><span class='ocrx_word' id='word_1_631' title='bbox 1998 2333 2109 2387; x_wconf 88' lang='lat' dir='ltr'><strong>lum</strong></span> <span class='ocrx_word' id='word_1_632' title='bbox 2131 2333 2563 2404; x_wconf 69' lang='lat' dir='ltr'><strong>aequinoctialem</strong></span> <span class='ocrx_word' id='word_1_633' title='bbox 2590 2336 2785 2407; x_wconf 84' lang='lat' dir='ltr'><strong>tangit.</strong></span> <span class='ocrx_word' id='word_1_634' title='bbox 2813 2335 3143 2391; x_wconf 86' lang='lat' dir='ltr'><strong>Autumnale</strong></span> <span class='ocrx_word' id='word_1_635' title='bbox 3170 2335 3227 2390; x_wconf 92' lang='lat' dir='ltr'><strong>in</strong></span> <span class='ocrx_word' id='word_1_636' title='bbox 3258 2333 3448 2402; x_wconf 84' lang='lat' dir='ltr'><strong>Libra;</strong></span> <span class='ocrx_word' id='word_1_637' title='bbox 3472 2336 3569 2391; x_wconf 83' lang='lat' dir='ltr'><strong>ubi</strong></span> 
     </span>
    </p>
   </div>
   <div class='ocr_carea' id='block_1_84' title="bbox 1998 2425 3567 2498">
    <p class='ocr_par' dir='ltr' id='par_1_84' title="bbox 1998 2425 3567 2498">
     <span class='ocr_line' id='line_1_84' title="bbox 1998 2425 3567 2498; baseline 0.003 -19"><span class='ocrx_word' id='word_1_638' title='bbox 1998 2440 2191 2480; x_wconf 90' lang='lat' dir='ltr'><strong>rursus</strong></span> <span class='ocrx_word' id='word_1_639' title='bbox 2214 2426 2464 2482; x_wconf 89' lang='lat' dir='ltr'><strong>eumdem</strong></span> <span class='ocrx_word' id='word_1_640' title='bbox 2500 2428 2767 2482; x_wconf 83' lang='lat' dir='ltr'><strong>circulum</strong></span> <span class='ocrx_word' id='word_1_641' title='bbox 2794 2427 3028 2498; x_wconf 87' lang='lat' dir='ltr'><strong>attingit.</strong></span> <span class='ocrx_word' id='word_1_642' title='bbox 3051 2426 3097 2480; x_wconf 83' lang='lat' dir='ltr'><strong>A</strong></span> <span class='ocrx_word' id='word_1_643' title='bbox 3124 2425 3287 2483; x_wconf 89' lang='lat' dir='ltr'><strong>Libra</strong></span> <span class='ocrx_word' id='word_1_644' title='bbox 3309 2426 3567 2497; x_wconf 81' lang='lat' dir='ltr'><strong>deinceps</strong></span> 
     </span>
    </p>
   </div>
   <div class='ocr_carea' id='block_1_85' title="bbox 1998 2517 3569 2589">
    <p class='ocr_par' dir='ltr' id='par_1_85' title="bbox 1998 2517 3569 2589">
     <span class='ocr_line' id='line_1_85' title="bbox 1998 2517 3569 2589; baseline 0.001 -18"><span class='ocrx_word' id='word_1_645' title='bbox 1998 2517 2055 2571; x_wconf 91' lang='lat' dir='ltr'><strong>in</strong></span> <span class='ocrx_word' id='word_1_646' title='bbox 2083 2526 2329 2571; x_wconf 88' lang='lat' dir='ltr'><strong>austrum</strong></span> <span class='ocrx_word' id='word_1_647' title='bbox 2378 2519 2552 2588; x_wconf 85' lang='lat' dir='ltr'><strong>magis</strong></span> <span class='ocrx_word' id='word_1_648' title='bbox 2579 2533 2644 2572; x_wconf 89' lang='lat' dir='ltr'><strong>ac</strong></span> <span class='ocrx_word' id='word_1_649' title='bbox 2688 2517 2859 2588; x_wconf 86' lang='lat' dir='ltr'><strong>magis</strong></span> <span class='ocrx_word' id='word_1_650' title='bbox 2904 2518 3132 2584; x_wconf 88' lang='lat' dir='ltr'><strong>recedit,</strong></span> <span class='ocrx_word' id='word_1_651' title='bbox 3171 2518 3419 2589; x_wconf 85' lang='lat' dir='ltr'><strong>adusque</strong></span> <span class='ocrx_word' id='word_1_652' title='bbox 3462 2518 3569 2574; x_wconf 53' lang='lat' dir='ltr'><strong>Ca.</strong></span> 
     </span>
    </p>
   </div>
   <div class='ocr_carea' id='block_1_86' title="bbox 1997 2608 3568 2681">
    <p class='ocr_par' dir='ltr' id='par_1_86' title="bbox 1997 2608 3568 2681">
     <span class='ocr_line' id='line_1_86' title="bbox 1997 2608 3568 2681; baseline 0.001 -18"><span class='ocrx_word' id='word_1_653' title='bbox 1997 2608 2334 2681; x_wconf 78' lang='lat' dir='ltr'><strong>pricornum,</strong></span> <span class='ocrx_word' id='word_1_654' title='bbox 2370 2608 2462 2663; x_wconf 85' lang='lat' dir='ltr'><strong>ubi</strong></span> <span class='ocrx_word' id='word_1_655' title='bbox 2513 2609 2773 2666; x_wconf 81' lang='lat' dir='ltr'><strong>zodiacus</strong></span> <span class='ocrx_word' id='word_1_656' title='bbox 2812 2612 3081 2680; x_wconf 88' lang='lat' dir='ltr'><strong>tropicum</strong></span> <span class='ocrx_word' id='word_1_657' title='bbox 3126 2610 3413 2664; x_wconf 90' lang='lat' dir='ltr'><strong>hibernum</strong></span> <span class='ocrx_word' id='word_1_658' title='bbox 3437 2625 3568 2665; x_wconf 71' lang='lat' dir='ltr'><strong>cono</strong></span> 
     </span>
    </p>
   </div>
   <div class='ocr_carea' id='block_1_87' title="bbox 1998 2697 3569 2769">
    <p class='ocr_par' dir='ltr' id='par_1_87' title="bbox 1998 2697 3569 2769">
     <span class='ocr_line' id='line_1_87' title="bbox 1998 2697 3569 2769; baseline 0.001 -18"><span class='ocrx_word' id='word_1_659' title='bbox 1998 2698 2158 2769; x_wconf 82' lang='lat' dir='ltr'><strong>tingit</strong></span> <span class='ocrx_word' id='word_1_660' title='bbox 2189 2716 2204 2754; x_wconf 88' lang='lat'><strong>:</strong></span> <span class='ocrx_word' id='word_1_661' title='bbox 2249 2712 2313 2752; x_wconf 89' lang='lat' dir='ltr'><strong>ac</strong></span> <span class='ocrx_word' id='word_1_662' title='bbox 2346 2698 2427 2753; x_wconf 92' lang='lat' dir='ltr'><strong>sol</strong></span> <span class='ocrx_word' id='word_1_663' title='bbox 2469 2713 2662 2755; x_wconf 88' lang='lat' dir='ltr'><strong>rursus</strong></span> <span class='ocrx_word' id='word_1_664' title='bbox 2686 2713 2716 2751; x_wconf 88' lang='lat' dir='ltr'><strong>a</strong></span> <span class='ocrx_word' id='word_1_665' title='bbox 2744 2697 3131 2768; x_wconf 89' lang='lat' dir='ltr'><strong>dejectioribus</strong></span> <span class='ocrx_word' id='word_1_666' title='bbox 3171 2698 3362 2756; x_wconf 88' lang='lat' dir='ltr'><strong>mundi</strong></span> <span class='ocrx_word' id='word_1_667' title='bbox 3395 2699 3569 2769; x_wconf 74' lang='lat' dir='ltr'><strong>parti-</strong></span> 
     </span>
    </p>
   </div>
   <div class='ocr_carea' id='block_1_88' title="bbox 1998 2786 3686 2858">
    <p class='ocr_par' dir='ltr' id='par_1_88' title="bbox 1998 2786 3686 2858">
     <span class='ocr_line' id='line_1_88' title="bbox 1998 2786 3686 2858; baseline -0.002 -15"><span class='ocrx_word' id='word_1_668' title='bbox 1998 2788 2101 2843; x_wconf 88' lang='lat' dir='ltr'><strong>bus</strong></span> <span class='ocrx_word' id='word_1_669' title='bbox 2130 2786 2195 2842; x_wconf 89' lang='lat' dir='ltr'><strong>ad</strong></span> <span class='ocrx_word' id='word_1_670' title='bbox 2219 2787 2440 2843; x_wconf 86' lang='lat' dir='ltr'><strong>altiores</strong></span> <span class='ocrx_word' id='word_1_671' title='bbox 2463 2789 2818 2843; x_wconf 81' lang='lat' dir='ltr'><strong>convertitur.</strong></span> <span class='ocrx_word' id='word_1_672' title='bbox 2848 2786 2978 2854; x_wconf 51' lang='lat' dir='ltr'><strong>Quae</strong></span> <span class='ocrx_word' id='word_1_673' title='bbox 3004 2786 3222 2858; x_wconf 87' lang='lat' dir='ltr'><strong>quidem</strong></span> <span class='ocrx_word' id='word_1_674' title='bbox 3251 2788 3320 2843; x_wconf 88' lang='lat' dir='ltr'><strong>ab</strong></span> <span class='ocrx_word' id='word_1_675' title='bbox 3346 2789 3569 2844; x_wconf 82' lang='lat' dir='ltr'><strong>inferio-</strong></span> <span class='ocrx_word' id='word_1_676' title='bbox 3677 2831 3686 2840; x_wconf 94' lang='lat'><strong>.</strong></span> 
     </span>
    </p>
   </div>
   <div class='ocr_carea' id='block_1_89' title="bbox 1998 2878 3564 2949">
    <p class='ocr_par' dir='ltr' id='par_1_89' title="bbox 1998 2878 3564 2949">
     <span class='ocr_line' id='line_1_89' title="bbox 1998 2878 3564 2949; baseline -0.001 -14"><span class='ocrx_word' id='word_1_677' title='bbox 1998 2880 2148 2935; x_wconf 88' lang='lat' dir='ltr'><strong>ribus</strong></span> <span class='ocrx_word' id='word_1_678' title='bbox 2182 2880 2249 2935; x_wconf 88' lang='lat' dir='ltr'><strong>ad</strong></span> <span class='ocrx_word' id='word_1_679' title='bbox 2287 2879 2456 2934; x_wconf 88' lang='lat' dir='ltr'><strong>ardua</strong></span> <span class='ocrx_word' id='word_1_680' title='bbox 2476 2879 2752 2949; x_wconf 79' lang='lat' dir='ltr'><strong>migratio,</strong></span> <span class='ocrx_word' id='word_1_681' title='bbox 2788 2880 2922 2935; x_wconf 89' lang='lat' dir='ltr'><strong>solis</strong></span> <span class='ocrx_word' id='word_1_682' title='bbox 2953 2879 3241 2935; x_wconf 80' lang='lat' dir='ltr'><strong>conversio</strong></span> <span class='ocrx_word' id='word_1_683' title='bbox 3275 2878 3383 2934; x_wconf 90' lang='lat' dir='ltr'><strong>dici</strong></span> <span class='ocrx_word' id='word_1_684' title='bbox 3407 2880 3564 2936; x_wconf 74' lang='lat' dir='ltr'><strong>solet.</strong></span> 
     </span>
    </p>
   </div>
   <div class='ocr_carea' id='block_1_90' title="bbox 1999 2966 3570 3043">
    <p class='ocr_par' dir='ltr' id='par_1_90' title="bbox 1999 2966 3570 3043">
     <span class='ocr_line' id='line_1_90' title="bbox 1999 2966 3570 3043; baseline -0.001 -17"><span class='ocrx_word' id='word_1_685' title='bbox 1999 2966 2240 3043; x_wconf 66' lang='lat' dir='ltr'><strong>Egyptii</strong></span> <span class='ocrx_word' id='word_1_686' title='bbox 2268 2970 2542 3041; x_wconf 75' lang='lat' dir='ltr'><strong>Quondam</strong></span> <span class='ocrx_word' id='word_1_687' title='bbox 2570 2974 2739 3027; x_wconf 90' lang='lat' dir='ltr'><strong>solem</strong></span> <span class='ocrx_word' id='word_1_688' title='bbox 2779 2969 3027 3025; x_wconf 87' lang='lat' dir='ltr'><strong>videntes</strong></span> <span class='ocrx_word' id='word_1_689' title='bbox 3061 2984 3090 3024; x_wconf 89' lang='lat' dir='ltr'><strong>a</strong></span> <span class='ocrx_word' id='word_1_690' title='bbox 3124 2969 3337 3025; x_wconf 87' lang='lat' dir='ltr'><strong>Cancro</strong></span> <span class='ocrx_word' id='word_1_691' title='bbox 3363 2970 3430 3024; x_wconf 89' lang='lat' dir='ltr'><strong>ad</strong></span> <span class='ocrx_word' id='word_1_692' title='bbox 3461 2970 3570 3025; x_wconf 83' lang='lat' dir='ltr'><strong>Ca-</strong></span> 
     </span>
    </p>
   </div>
   <div class='ocr_carea' id='block_1_91' title="bbox 1996 3061 3568 3134">
    <p class='ocr_par' dir='ltr' id='par_1_91' title="bbox 1996 3061 3568 3134">
     <span class='ocr_line' id='line_1_91' title="bbox 1996 3061 3568 3134; baseline 0.002 -17"><span class='ocrx_word' id='word_1_693' title='bbox 1996 3063 2312 3134; x_wconf 89' lang='lat' dir='ltr'><strong>pricornum</strong></span> <span class='ocrx_word' id='word_1_694' title='bbox 2344 3061 2699 3127; x_wconf 81' lang='lat' dir='ltr'><strong>descendere,</strong></span> <span class='ocrx_word' id='word_1_695' title='bbox 2725 3077 2793 3118; x_wconf 91' lang='lat' dir='ltr'><strong>ac</strong></span> <span class='ocrx_word' id='word_1_696' title='bbox 2832 3062 3108 3134; x_wconf 88' lang='lat' dir='ltr'><strong>longiores</strong></span> <span class='ocrx_word' id='word_1_697' title='bbox 3152 3063 3568 3120; x_wconf 81' lang='lat' dir='ltr'><strong>contrahenxem</strong></span> 
     </span>
    </p>
   </div>
   <div class='ocr_carea' id='block_1_92' title="bbox 1998 3153 3569 3228">
    <p class='ocr_par' dir='ltr' id='par_1_92' title="bbox 1998 3153 3569 3228">
     <span class='ocr_line' id='line_1_92' title="bbox 1998 3153 3569 3228; baseline 0.004 -19"><span class='ocrx_word' id='word_1_698' title='bbox 1998 3153 2138 3219; x_wconf 84' lang='lat' dir='ltr'><strong>dies,</strong></span> <span class='ocrx_word' id='word_1_699' title='bbox 2187 3156 2370 3225; x_wconf 82' lang='lat' dir='ltr'><strong>lugere</strong></span> <span class='ocrx_word' id='word_1_700' title='bbox 2411 3164 2832 3219; x_wconf 86' lang='lat' dir='ltr'><strong>consueverant,</strong></span> <span class='ocrx_word' id='word_1_701' title='bbox 2881 3155 3034 3211; x_wconf 82' lang='lat' dir='ltr'><strong>veriti</strong></span> <span class='ocrx_word' id='word_1_702' title='bbox 3074 3171 3140 3211; x_wconf 91' lang='lat' dir='ltr'><strong>ne</strong></span> <span class='ocrx_word' id='word_1_703' title='bbox 3178 3156 3437 3228; x_wconf 83' lang='lat' dir='ltr'><strong>paulatim</strong></span> <span class='ocrx_word' id='word_1_704' title='bbox 3484 3157 3569 3214; x_wconf 83' lang='lat' dir='ltr'><strong>sol</strong></span> 
     </span>
    </p>
   </div>
   <div class='ocr_carea' id='block_1_93' title="bbox 1997 3243 3566 3317">
    <p class='ocr_par' dir='ltr' id='par_1_93' title="bbox 1997 3243 3566 3317">
     <span class='ocr_line' id='line_1_93' title="bbox 1997 3243 3566 3317; baseline -0.001 -13"><span class='ocrx_word' id='word_1_705' title='bbox 1997 3264 2091 3305; x_wconf 86' lang='lat' dir='ltr'><strong>eos</strong></span> <span class='ocrx_word' id='word_1_706' title='bbox 2115 3247 2466 3317; x_wconf 81' lang='lat' dir='ltr'><strong>relinqueret.</strong></span> <span class='ocrx_word' id='word_1_707' title='bbox 2492 3246 2647 3312; x_wconf 86' lang='lat' dir='ltr'><strong>Quod</strong></span> <span class='ocrx_word' id='word_1_708' title='bbox 2682 3254 2896 3316; x_wconf 89' lang='lat' dir='ltr'><strong>tempus</strong></span> <span class='ocrx_word' id='word_1_709' title='bbox 2944 3243 3217 3303; x_wconf 83' lang='lat' dir='ltr'><strong>incidebat</strong></span> <span class='ocrx_word' id='word_1_710' title='bbox 3247 3248 3301 3302; x_wconf 91' lang='lat' dir='ltr'><strong>in</strong></span> <span class='ocrx_word' id='word_1_711' title='bbox 3336 3246 3566 3303; x_wconf 83' lang='lat' dir='ltr'><strong>lsiorum</strong></span> 
     </span>
    </p>
   </div>
   <div class='ocr_carea' id='block_1_94' title="bbox 1999 3337 3569 3408">
    <p class='ocr_par' dir='ltr' id='par_1_94' title="bbox 1999 3337 3569 3408">
     <span class='ocr_line' id='line_1_94' title="bbox 1999 3337 3569 3408; baseline 0.001 -16"><span class='ocrx_word' id='word_1_712' title='bbox 1999 3338 2215 3394; x_wconf 81' lang='lat' dir='ltr'><strong>festum.</strong></span> <span class='ocrx_word' id='word_1_713' title='bbox 2258 3337 2430 3392; x_wconf 90' lang='lat' dir='ltr'><strong>Simul</strong></span> <span class='ocrx_word' id='word_1_714' title='bbox 2460 3347 2623 3408; x_wconf 88' lang='lat' dir='ltr'><strong>atque</strong></span> <span class='ocrx_word' id='word_1_715' title='bbox 2662 3352 2790 3393; x_wconf 89' lang='lat' dir='ltr'><strong>vero</strong></span> <span class='ocrx_word' id='word_1_716' title='bbox 2816 3337 3186 3393; x_wconf 83' lang='lat' dir='ltr'><strong>conscendere</strong></span> <span class='ocrx_word' id='word_1_717' title='bbox 3212 3349 3470 3408; x_wconf 83' lang='lat' dir='ltr'><strong>coeperat,</strong></span> <span class='ocrx_word' id='word_1_718' title='bbox 3501 3354 3569 3394; x_wconf 79' lang='lat' dir='ltr'><strong>ac</strong></span> 
     </span>
    </p>
   </div>
   <div class='ocr_carea' id='block_1_95' title="bbox 1997 3429 3569 3501">
    <p class='ocr_par' dir='ltr' id='par_1_95' title="bbox 1997 3429 3569 3501">
     <span class='ocr_line' id='line_1_95' title="bbox 1997 3429 3569 3501; baseline 0.001 -16"><span class='ocrx_word' id='word_1_719' title='bbox 1997 3429 2206 3485; x_wconf 89' lang='lat' dir='ltr'><strong>dierum</strong></span> <span class='ocrx_word' id='word_1_720' title='bbox 2237 3430 2410 3498; x_wconf 87' lang='lat' dir='ltr'><strong>spatia</strong></span> <span class='ocrx_word' id='word_1_721' title='bbox 2449 3430 2787 3499; x_wconf 86' lang='lat' dir='ltr'><strong>producere;</strong></span> <span class='ocrx_word' id='word_1_722' title='bbox 2816 3436 2950 3483; x_wconf 89' lang='lat' dir='ltr'><strong>tunc</strong></span> <span class='ocrx_word' id='word_1_723' title='bbox 2980 3430 3170 3495; x_wconf 85' lang='lat' dir='ltr'><strong>albati,</strong></span> <span class='ocrx_word' id='word_1_724' title='bbox 3211 3432 3569 3501; x_wconf 84' lang='lat' dir='ltr'><strong>coronatique</strong></span> 
     </span>
    </p>
   </div>
   <div class='ocr_carea' id='block_1_96' title="bbox 1996 3518 3568 3595">
    <p class='ocr_par' dir='ltr' id='par_1_96' title="bbox 1996 3518 3568 3595">
     <span class='ocr_line' id='line_1_96' title="bbox 1996 3518 3568 3595; baseline 0.003 -21"><span class='ocrx_word' id='word_1_725' title='bbox 1996 3520 2302 3593; x_wconf 88' lang='lat' dir='ltr'><strong>prodibant.</strong></span> <span class='ocrx_word' id='word_1_726' title='bbox 2338 3518 2622 3595; x_wconf 80' lang='lat' dir='ltr'><strong>Postremo</strong></span> <span class='ocrx_word' id='word_1_727' title='bbox 2657 3520 2902 3576; x_wconf 89' lang='lat' dir='ltr'><strong>circulus</strong></span> <span class='ocrx_word' id='word_1_728' title='bbox 2932 3519 3036 3575; x_wconf 87' lang='lat' dir='ltr'><strong>iste</strong></span> <span class='ocrx_word' id='word_1_729' title='bbox 3059 3521 3105 3575; x_wconf 91' lang='lat' dir='ltr'><strong>si</strong></span> <span class='ocrx_word' id='word_1_730' title='bbox 3141 3521 3196 3575; x_wconf 90' lang='lat' dir='ltr'><strong>in</strong></span> <span class='ocrx_word' id='word_1_731' title='bbox 3231 3531 3356 3576; x_wconf 90' lang='lat' dir='ltr'><strong>octo</strong></span> <span class='ocrx_word' id='word_1_732' title='bbox 3388 3532 3568 3592; x_wconf 85' lang='lat' dir='ltr'><strong>partes</strong></span> 
     </span>
    </p>
   </div>
   <div class='ocr_carea' id='block_1_97' title="bbox 1996 3612 3564 3686">
    <p class='ocr_par' dir='ltr' id='par_1_97' title="bbox 1996 3612 3564 3686">
     <span class='ocr_line' id='line_1_97' title="bbox 1996 3612 3564 3686; baseline -0.001 -17"><span class='ocrx_word' id='word_1_733' title='bbox 1996 3613 2286 3678; x_wconf 82' lang='lat' dir='ltr'><strong>tribuatur,</strong></span> <span class='ocrx_word' id='word_1_734' title='bbox 2322 3612 2515 3666; x_wconf 86' lang='lat' dir='ltr'><strong>harum</strong></span> <span class='ocrx_word' id='word_1_735' title='bbox 2548 3627 2715 3683; x_wconf 87' lang='lat' dir='ltr'><strong>supra</strong></span> <span class='ocrx_word' id='word_1_736' title='bbox 2748 3620 2946 3668; x_wconf 89' lang='lat' dir='ltr'><strong>terram</strong></span> <span class='ocrx_word' id='word_1_737' title='bbox 2984 3622 3226 3684; x_wconf 83' lang='lat' dir='ltr'><strong>quatuor</strong></span> <span class='ocrx_word' id='word_1_738' title='bbox 3250 3624 3564 3686; x_wconf 86' lang='lat' dir='ltr'><strong>emergent;</strong></span> 
     </span>
    </p>
   </div>
   <div class='ocr_carea' id='block_1_98' title="bbox 1952 3702 3564 3775">
    <p class='ocr_par' dir='ltr' id='par_1_98' title="bbox 1952 3702 3564 3775">
     <span class='ocr_line' id='line_1_98' title="bbox 1952 3702 3564 3775; baseline 0.001 -15"><span class='ocrx_word' id='word_1_739' title='bbox 1952 3702 1953 3705; x_wconf 53' lang='grc'><em>“</em></span> <span class='ocrx_word' id='word_1_740' title='bbox 1999 3705 2222 3775; x_wconf 72' lang='lat' dir='ltr'><strong>reliqum</strong></span> <span class='ocrx_word' id='word_1_741' title='bbox 2249 3704 2389 3759; x_wconf 89' lang='lat' dir='ltr'><strong>infra</strong></span> <span class='ocrx_word' id='word_1_742' title='bbox 2427 3712 2624 3760; x_wconf 86' lang='lat' dir='ltr'><strong>terram</strong></span> <span class='ocrx_word' id='word_1_743' title='bbox 2657 3712 2892 3775; x_wconf 87' lang='lat' dir='ltr'><strong>quatuor</strong></span> <span class='ocrx_word' id='word_1_744' title='bbox 2929 3716 3090 3760; x_wconf 87' lang='lat' dir='ltr'><strong>erunt</strong></span> <span class='ocrx_word' id='word_1_745' title='bbox 3116 3707 3362 3761; x_wconf 82' lang='lat' dir='ltr'><strong>occultae.</strong></span> <span class='ocrx_word' id='word_1_746' title='bbox 3394 3708 3469 3761; x_wconf 81' lang='lat' dir='ltr'><strong>Ita</strong></span> <span class='ocrx_word' id='word_1_747' title='bbox 3499 3722 3564 3761; x_wconf 79' lang='lat' dir='ltr'><strong>ex</strong></span> 
     </span>
    </p>
   </div>
   <div class='ocr_carea' id='block_1_99' title="bbox 1994 3798 3567 3871">
    <p class='ocr_par' dir='ltr' id='par_1_99' title="bbox 1994 3798 3567 3871">
     <span class='ocr_line' id='line_1_99' title="bbox 1994 3798 3567 3871; baseline 0 -17"><span class='ocrx_word' id='word_1_748' title='bbox 1994 3814 2149 3869; x_wconf 62' lang='lat' dir='ltr'><strong>siquo</strong></span> <span class='ocrx_word' id='word_1_749' title='bbox 2180 3816 2364 3871; x_wconf 84' lang='lat' dir='ltr'><strong>supra,</strong></span> <span class='ocrx_word' id='word_1_750' title='bbox 2399 3798 2651 3871; x_wconf 89' lang='lat' dir='ltr'><strong>infraque</strong></span> <span class='ocrx_word' id='word_1_751' title='bbox 2680 3809 2883 3854; x_wconf 89' lang='lat' dir='ltr'><strong>terram</strong></span> <span class='ocrx_word' id='word_1_752' title='bbox 2924 3814 3048 3855; x_wconf 89' lang='lat' dir='ltr'><strong>sese</strong></span> <span class='ocrx_word' id='word_1_753' title='bbox 3076 3800 3344 3856; x_wconf 90' lang='lat' dir='ltr'><strong>continet.</strong></span> <span class='ocrx_word' id='word_1_754' title='bbox 3370 3799 3567 3870; x_wconf 62' lang='lat' dir='ltr'><strong>Equi-</strong></span> 
     </span>
    </p>
   </div>
   <div class='ocr_carea' id='block_1_100' title="bbox 1994 3890 3493 3955">
    <p class='ocr_par' dir='ltr' id='par_1_100' title="bbox 1994 3890 3493 3955">
     <span class='ocr_line' id='line_1_100' title="bbox 1994 3890 3493 3955; baseline 0 -11"><span class='ocrx_word' id='word_1_755' title='bbox 1994 3891 2281 3947; x_wconf 86' lang='lat' dir='ltr'><strong>noctialem</strong></span> <span class='ocrx_word' id='word_1_756' title='bbox 2314 3900 2493 3946; x_wconf 90' lang='lat' dir='ltr'><strong>autem</strong></span> <span class='ocrx_word' id='word_1_757' title='bbox 2517 3898 2684 3955; x_wconf 88' lang='lat' dir='ltr'><strong>secat,</strong></span> <span class='ocrx_word' id='word_1_758' title='bbox 2720 3900 2774 3945; x_wconf 91' lang='lat' dir='ltr'><strong>et</strong></span> <span class='ocrx_word' id='word_1_759' title='bbox 2803 3890 2870 3946; x_wconf 87' lang='lat' dir='ltr'><strong>ab</strong></span> <span class='ocrx_word' id='word_1_760' title='bbox 2900 3906 2966 3946; x_wconf 89' lang='lat' dir='ltr'><strong>eo</strong></span> <span class='ocrx_word' id='word_1_761' title='bbox 2990 3891 3233 3947; x_wconf 79' lang='lat' dir='ltr'><strong>vicissim</strong></span> <span class='ocrx_word' id='word_1_762' title='bbox 3259 3902 3493 3946; x_wconf 85' lang='lat' dir='ltr'><strong>secatur.</strong></span> 
     </span>
    </p>
   </div>
   <div class='ocr_carea' id='block_1_101' title="bbox 2510 4004 3022 4060">
    <p class='ocr_par' dir='ltr' id='par_1_101' title="bbox 2510 4004 3022 4060">
     <span class='ocr_line' id='line_1_101' title="bbox 2510 4004 3022 4060; baseline 0 -1"><span class='ocrx_word' id='word_1_763' title='bbox 2510 4004 2586 4060; x_wconf 86' lang='lat' dir='ltr'><strong>De</strong></span> <span class='ocrx_word' id='word_1_764' title='bbox 2615 4004 2784 4060; x_wconf 83' lang='lat' dir='ltr'><strong>lacteo</strong></span> <span class='ocrx_word' id='word_1_765' title='bbox 2822 4005 3022 4059; x_wconf 78' lang='lat' dir='ltr'><strong>circulo</strong></span> 
     </span>
    </p>
   </div>
   <div class='ocr_carea' id='block_1_102' title="bbox 2063 4095 3566 4167">
    <p class='ocr_par' dir='ltr' id='par_1_102' title="bbox 2063 4095 3566 4167">
     <span class='ocr_line' id='line_1_102' title="bbox 2063 4095 3566 4167; baseline -0.002 -14"><span class='ocrx_word' id='word_1_766' title='bbox 2063 4096 2151 4154; x_wconf 71' lang='grc'><strong>24.</strong></span> <span class='ocrx_word' id='word_1_767' title='bbox 2181 4096 2437 4154; x_wconf 87' lang='lat' dir='ltr'><strong>Lacteum</strong></span> <span class='ocrx_word' id='word_1_768' title='bbox 2478 4097 2744 4153; x_wconf 89' lang='lat' dir='ltr'><strong>circulum</strong></span> <span class='ocrx_word' id='word_1_769' title='bbox 2780 4099 2956 4151; x_wconf 91' lang='lat' dir='ltr'><strong>solum</strong></span> <span class='ocrx_word' id='word_1_770' title='bbox 2981 4110 3050 4152; x_wconf 80' lang='lat' dir='ltr'><strong>ex</strong></span> <span class='ocrx_word' id='word_1_771' title='bbox 3082 4096 3357 4160; x_wconf 85' lang='lat' dir='ltr'><strong>omnibus,</strong></span> <span class='ocrx_word' id='word_1_772' title='bbox 3380 4095 3475 4167; x_wconf 92' lang='lat' dir='ltr'><strong>qui</strong></span> <span class='ocrx_word' id='word_1_773' title='bbox 3508 4095 3566 4164; x_wconf 81' lang='lat' dir='ltr'><strong>in</strong></span> 
     </span>
    </p>
   </div>
   <div class='ocr_carea' id='block_1_103' title="bbox 1995 4189 3567 4261">
    <p class='ocr_par' dir='ltr' id='par_1_103' title="bbox 1995 4189 3567 4261">
     <span class='ocr_line' id='line_1_103' title="bbox 1995 4189 3567 4261; baseline -0.001 -16"><span class='ocrx_word' id='word_1_774' title='bbox 1995 4189 2205 4259; x_wconf 70' lang='lat' dir='ltr'><strong>sphaera</strong></span> <span class='ocrx_word' id='word_1_775' title='bbox 2242 4197 2392 4252; x_wconf 89' lang='lat' dir='ltr'><strong>sunt,</strong></span> <span class='ocrx_word' id='word_1_776' title='bbox 2443 4189 2830 4260; x_wconf 82' lang='lat' dir='ltr'><strong>aspectabilem</strong></span> <span class='ocrx_word' id='word_1_777' title='bbox 2872 4202 3015 4254; x_wconf 80' lang='lat' dir='ltr'><strong>esse,</strong></span> <span class='ocrx_word' id='word_1_778' title='bbox 3054 4202 3119 4243; x_wconf 89' lang='lat' dir='ltr'><strong>ac</strong></span> <span class='ocrx_word' id='word_1_779' title='bbox 3147 4203 3311 4245; x_wconf 90' lang='lat' dir='ltr'><strong>sensu</strong></span> <span class='ocrx_word' id='word_1_780' title='bbox 3362 4192 3567 4261; x_wconf 85' lang='lat' dir='ltr'><strong>percipi</strong></span> 
     </span>
    </p>
   </div>
   <div class='ocr_carea' id='block_1_104' title="bbox 1991 4277 3567 4352">
    <p class='ocr_par' dir='ltr' id='par_1_104' title="bbox 1991 4277 3567 4352">
     <span class='ocr_line' id='line_1_104' title="bbox 1991 4277 3567 4352; baseline 0.001 -17"><span class='ocrx_word' id='word_1_781' title='bbox 1991 4281 2104 4352; x_wconf 86' lang='lat' dir='ltr'><strong>jam</strong></span> <span class='ocrx_word' id='word_1_782' title='bbox 2148 4282 2420 4349; x_wconf 80' lang='lat' dir='ltr'><strong>diximus;</strong></span> <span class='ocrx_word' id='word_1_783' title='bbox 2466 4297 2593 4337; x_wconf 88' lang='lat' dir='ltr'><strong>cum</strong></span> <span class='ocrx_word' id='word_1_784' title='bbox 2649 4283 2831 4338; x_wconf 70' lang='lat' dir='ltr'><strong>caeteri</strong></span> <span class='ocrx_word' id='word_1_785' title='bbox 2879 4277 2993 4339; x_wconf 84' lang='lat' dir='ltr'><strong>sola</strong></span> <span class='ocrx_word' id='word_1_786' title='bbox 3027 4281 3388 4352; x_wconf 81' lang='lat' dir='ltr'><strong>intelligentia</strong></span> <span class='ocrx_word' id='word_1_787' title='bbox 3432 4296 3567 4337; x_wconf 90' lang='lat' dir='ltr'><strong>con-</strong></span> 
     </span>
    </p>
   </div>
   <div class='ocr_carea' id='block_1_105' title="bbox 1996 4372 3565 4446">
    <p class='ocr_par' dir='ltr' id='par_1_105' title="bbox 1996 4372 3565 4446">
     <span class='ocr_line' id='line_1_105' title="bbox 1996 4372 3565 4446; baseline -0.001 -17"><span class='ocrx_word' id='word_1_788' title='bbox 1996 4382 2161 4430; x_wconf 87' lang='lat' dir='ltr'><strong>stent.</strong></span> <span class='ocrx_word' id='word_1_789' title='bbox 2213 4374 2288 4429; x_wconf 82' lang='lat' dir='ltr'><strong>De</strong></span> <span class='ocrx_word' id='word_1_790' title='bbox 2326 4374 2432 4429; x_wconf 89' lang='lat' dir='ltr'><strong>hoc</strong></span> <span class='ocrx_word' id='word_1_791' title='bbox 2466 4374 2745 4446; x_wconf 78' lang='lat' dir='ltr'><strong>fabulatur</strong></span> <span class='ocrx_word' id='word_1_792' title='bbox 2789 4372 3177 4429; x_wconf 80' lang='lat' dir='ltr'><strong>Eratosthenes</strong></span> <span class='ocrx_word' id='word_1_793' title='bbox 3210 4373 3267 4427; x_wconf 89' lang='lat' dir='ltr'><strong>in</strong></span> <span class='ocrx_word' id='word_1_794' title='bbox 3300 4387 3368 4428; x_wconf 92' lang='lat' dir='ltr'><strong>eo</strong></span> <span class='ocrx_word' id='word_1_795' title='bbox 3401 4373 3565 4440; x_wconf 75' lang='lat' dir='ltr'><strong>libro,</strong></span> 
     </span>
    </p>
   </div>
   <div class='ocr_carea' id='block_1_106' title="bbox 1995 4464 3564 4536">
    <p class='ocr_par' dir='ltr' id='par_1_106' title="bbox 1995 4464 3564 4536">
     <span class='ocr_line' id='line_1_106' title="bbox 1995 4464 3564 4536; baseline -0.002 -17"><span class='ocrx_word' id='word_1_796' title='bbox 1995 4466 2089 4536; x_wconf 91' lang='lat' dir='ltr'><strong>qui</strong></span> <span class='ocrx_word' id='word_1_797' title='bbox 2121 4465 2584 4534; x_wconf 79' lang='grc' dir='ltr'>Καταμερισιιός,</span> <span class='ocrx_word' id='word_1_798' title='bbox 2624 4465 2678 4519; x_wconf 92' lang='lat' dir='ltr'><strong>id</strong></span> <span class='ocrx_word' id='word_1_799' title='bbox 2714 4475 2799 4520; x_wconf 84' lang='lat' dir='ltr'><strong>est</strong></span> <span class='ocrx_word' id='word_1_800' title='bbox 2827 4464 3076 4528; x_wconf 80' lang='lat' dir='ltr'><strong>Partitio,</strong></span> <span class='ocrx_word' id='word_1_801' title='bbox 3109 4465 3409 4534; x_wconf 84' lang='lat' dir='ltr'><strong>inscriptus</strong></span> <span class='ocrx_word' id='word_1_802' title='bbox 3450 4476 3564 4532; x_wconf 79' lang='lat' dir='ltr'><strong>est;</strong></span> 
     </span>
    </p>
   </div>
   <div class='ocr_carea' id='block_1_107' title="bbox 1997 4550 3566 4609">
    <p class='ocr_par' dir='ltr' id='par_1_107' title="bbox 1997 4550 3566 4609">
     <span class='ocr_line' id='line_1_107' title="bbox 1997 4550 3566 4609; baseline 0.001 -2"><span class='ocrx_word' id='word_1_803' title='bbox 1997 4569 2064 4608; x_wconf 77' lang='lat' dir='ltr'><strong>ex</strong></span> <span class='ocrx_word' id='word_1_804' title='bbox 2091 4552 2323 4609; x_wconf 70' lang='lat' dir='ltr'><strong>lunonis</strong></span> <span class='ocrx_word' id='word_1_805' title='bbox 2355 4555 2495 4609; x_wconf 89' lang='lat' dir='ltr'><strong>lacte</strong></span> <span class='ocrx_word' id='word_1_806' title='bbox 2524 4560 2708 4609; x_wconf 89' lang='lat' dir='ltr'><strong>ortum</strong></span> <span class='ocrx_word' id='word_1_807' title='bbox 2753 4554 3033 4609; x_wconf 89' lang='lat' dir='ltr'><strong>habuisse.</strong></span> <span class='ocrx_word' id='word_1_808' title='bbox 3059 4550 3191 4606; x_wconf 85' lang='lat' dir='ltr'><strong>Nam</strong></span> <span class='ocrx_word' id='word_1_809' title='bbox 3223 4566 3348 4607; x_wconf 89' lang='lat' dir='ltr'><strong>cum</strong></span> <span class='ocrx_word' id='word_1_810' title='bbox 3382 4553 3566 4609; x_wconf 78' lang='lat' dir='ltr'><strong>infans</strong></span> 
     </span>
    </p>
   </div>
   <div class='ocr_carea' id='block_1_108' title="bbox 1995 4643 3565 4715">
    <p class='ocr_par' dir='ltr' id='par_1_108' title="bbox 1995 4643 3565 4715">
     <span class='ocr_line' id='line_1_108' title="bbox 1995 4643 3565 4715; baseline 0 -16"><span class='ocrx_word' id='word_1_811' title='bbox 1995 4645 2173 4701; x_wconf 89' lang='lat' dir='ltr'><strong>adhuc</strong></span> <span class='ocrx_word' id='word_1_812' title='bbox 2199 4644 2462 4702; x_wconf 79' lang='lat' dir='ltr'><strong>Hercules</strong></span> <span class='ocrx_word' id='word_1_813' title='bbox 2494 4644 2728 4702; x_wconf 72' lang='lat' dir='ltr'><strong>Iunonis</strong></span> <span class='ocrx_word' id='word_1_814' title='bbox 2766 4645 3022 4715; x_wconf 90' lang='lat' dir='ltr'><strong>papillam</strong></span> <span class='ocrx_word' id='word_1_815' title='bbox 3053 4643 3431 4700; x_wconf 83' lang='lat' dir='ltr'><strong>vehementius</strong></span> <span class='ocrx_word' id='word_1_816' title='bbox 3467 4661 3565 4701; x_wconf 84' lang='lat' dir='ltr'><strong>ex-</strong></span> 
     </span>
    </p>
   </div>
   <div class='ocr_carea' id='block_1_109' title="bbox 1993 4736 3561 4823">
    <p class='ocr_par' dir='ltr' id='par_1_109' title="bbox 1993 4736 3561 4823">
     <span class='ocr_line' id='line_1_109' title="bbox 1993 4736 3561 4823; baseline 0 -32"><span class='ocrx_word' id='word_1_817' title='bbox 1993 4745 2251 4807; x_wconf 84' lang='lat' dir='ltr'><strong>sugeret;</strong></span> <span class='ocrx_word' id='word_1_818' title='bbox 2303 4753 2533 4809; x_wconf 88' lang='lat' dir='ltr'><strong>eamque</strong></span> <span class='ocrx_word' id='word_1_819' title='bbox 2570 4750 2762 4794; x_wconf 89' lang='lat' dir='ltr'><strong>contra</strong></span> <span class='ocrx_word' id='word_1_820' title='bbox 2792 4737 2885 4792; x_wconf 90' lang='lat' dir='ltr'><strong>illa</strong></span> <span class='ocrx_word' id='word_1_821' title='bbox 2937 4736 3283 4823; x_wconf 49' lang='lat' dir='ltr'><strong>retraxisset,</strong></span> <span class='ocrx_word' id='word_1_822' title='bbox 3326 4736 3561 4793; x_wconf 80' lang='lat' dir='ltr'><strong>eﬂ‘usum</strong></span> 
     </span>
    </p>
   </div>
   <div class='ocr_carea' id='block_1_110' title="bbox 1992 4829 3559 4901">
    <p class='ocr_par' dir='ltr' id='par_1_110' title="bbox 1992 4829 3559 4901">
     <span class='ocr_line' id='line_1_110' title="bbox 1992 4829 3559 4901; baseline -0.001 -16"><span class='ocrx_word' id='word_1_823' title='bbox 1992 4844 2116 4885; x_wconf 90' lang='lat' dir='ltr'><strong>esse</strong></span> <span class='ocrx_word' id='word_1_824' title='bbox 2146 4830 2250 4894; x_wconf 92' lang='lat' dir='ltr'><strong>lac,</strong></span> <span class='ocrx_word' id='word_1_825' title='bbox 2281 4836 2335 4883; x_wconf 90' lang='lat' dir='ltr'><strong>et</strong></span> <span class='ocrx_word' id='word_1_826' title='bbox 2361 4830 2474 4901; x_wconf 77' lang='lat'><strong>86</strong></span> <span class='ocrx_word' id='word_1_827' title='bbox 2511 4845 2577 4886; x_wconf 92' lang='lat' dir='ltr'><strong>eo</strong></span> <span class='ocrx_word' id='word_1_828' title='bbox 2604 4838 2994 4886; x_wconf 90' lang='lat' dir='ltr'><strong>concrescente</strong></span> <span class='ocrx_word' id='word_1_829' title='bbox 3024 4830 3289 4884; x_wconf 89' lang='lat' dir='ltr'><strong>circulum</strong></span> <span class='ocrx_word' id='word_1_830' title='bbox 3313 4845 3438 4886; x_wconf 91' lang='lat' dir='ltr'><strong>esse</strong></span> <span class='ocrx_word' id='word_1_831' title='bbox 3478 4829 3559 4883; x_wconf 81' lang='lat' dir='ltr'><strong>fa-</strong></span> 
     </span>
    </p>
   </div>
   <div class='ocr_carea' id='block_1_111' title="bbox 1992 4917 3561 4989">
    <p class='ocr_par' dir='ltr' id='par_1_111' title="bbox 1992 4917 3561 4989">
     <span class='ocr_line' id='line_1_111' title="bbox 1992 4917 3561 4989; baseline -0.001 -17"><span class='ocrx_word' id='word_1_832' title='bbox 1992 4926 2172 4981; x_wconf 86' lang='lat' dir='ltr'><strong>ctum;</strong></span> <span class='ocrx_word' id='word_1_833' title='bbox 2204 4919 2352 4989; x_wconf 89' lang='lat' dir='ltr'><strong>quod</strong></span> <span class='ocrx_word' id='word_1_834' title='bbox 2380 4920 2561 4989; x_wconf 88' lang='lat' dir='ltr'><strong>ipsum</strong></span> <span class='ocrx_word' id='word_1_835' title='bbox 2589 4926 2644 4975; x_wconf 91' lang='lat' dir='ltr'><strong>et</strong></span> <span class='ocrx_word' id='word_1_836' title='bbox 2665 4918 2933 4974; x_wconf 81' lang='lat' dir='ltr'><strong>Mercurio</strong></span> <span class='ocrx_word' id='word_1_837' title='bbox 2966 4917 3263 4989; x_wconf 88' lang='lat' dir='ltr'><strong>contigisse</strong></span> <span class='ocrx_word' id='word_1_838' title='bbox 3283 4918 3561 4975; x_wconf 61' lang='lat' dir='ltr'><strong>memoria:</strong></span> 
     </span>
    </p>
   </div>
   <div class='ocr_carea' id='block_1_112' title="bbox 1991 5007 3558 5081">
    <p class='ocr_par' dir='ltr' id='par_1_112' title="bbox 1991 5007 3558 5081">
     <span class='ocr_line' id='line_1_112' title="bbox 1991 5007 3558 5081; baseline 0.002 -19"><span class='ocrx_word' id='word_1_839' title='bbox 1991 5007 2172 5081; x_wconf 86' lang='lat' dir='ltr'><strong>prodit</strong></span> <span class='ocrx_word' id='word_1_840' title='bbox 2230 5007 2639 5073; x_wconf 81' lang='lat' dir='ltr'><strong>Eratosthenes,</strong></span> <span class='ocrx_word' id='word_1_841' title='bbox 2677 5017 2737 5063; x_wconf 90' lang='lat' dir='ltr'><strong>ut</strong></span> <span class='ocrx_word' id='word_1_842' title='bbox 2774 5008 3006 5066; x_wconf 83' lang='lat' dir='ltr'><strong>Junonis</strong></span> <span class='ocrx_word' id='word_1_843' title='bbox 3044 5023 3338 5064; x_wconf 89' lang='lat' dir='ltr'><strong>mammam</strong></span> <span class='ocrx_word' id='word_1_844' title='bbox 3375 5011 3558 5066; x_wconf 87' lang='lat' dir='ltr'><strong>trabe-</strong></span> 
     </span>
    </p>
   </div>
   <div class='ocr_carea' id='block_1_113' title="bbox 1994 5100 3557 5172">
    <p class='ocr_par' dir='ltr' id='par_1_113' title="bbox 1994 5100 3557 5172">
     <span class='ocr_line' id='line_1_113' title="bbox 1994 5100 3557 5172; baseline 0.003 -19"><span class='ocrx_word' id='word_1_845' title='bbox 1994 5109 2094 5156; x_wconf 89' lang='lat' dir='ltr'><strong>ret.</strong></span> <span class='ocrx_word' id='word_1_846' title='bbox 2128 5100 2235 5154; x_wconf 89' lang='lat' dir='ltr'><strong>Alii</strong></span> <span class='ocrx_word' id='word_1_847' title='bbox 2263 5116 2331 5155; x_wconf 83' lang='lat' dir='ltr'><strong>ex</strong></span> <span class='ocrx_word' id='word_1_848' title='bbox 2370 5101 2875 5172; x_wconf 62' lang='lat' dir='ltr'><strong>hemisphaeriorum</strong></span> <span class='ocrx_word' id='word_1_849' title='bbox 2918 5102 3153 5158; x_wconf 90' lang='lat' dir='ltr'><strong>duorum</strong></span> <span class='ocrx_word' id='word_1_850' title='bbox 3194 5102 3557 5159; x_wconf 87' lang='lat' dir='ltr'><strong>commissura</strong></span> 
     </span>
    </p>
   </div>
   <div class='ocr_carea' id='block_1_114' title="bbox 1993 5177 3554 5266">
    <p class='ocr_par' dir='ltr' id='par_1_114' title="bbox 1993 5177 3554 5266">
     <span class='ocr_line' id='line_1_114' title="bbox 1993 5177 3554 5266; baseline 0.002 -19"><span class='ocrx_word' id='word_1_851' title='bbox 1993 5192 2108 5249; x_wconf 79' lang='lat' dir='ltr'><strong>ﬁeri</strong></span> <span class='ocrx_word' id='word_1_852' title='bbox 2140 5200 2384 5249; x_wconf 90' lang='lat' dir='ltr'><strong>censent.</strong></span> <span class='ocrx_word' id='word_1_853' title='bbox 2416 5194 2543 5261; x_wconf 82' lang='lat' dir='ltr'><strong>Alii,</strong></span> <span class='ocrx_word' id='word_1_854' title='bbox 2574 5202 2634 5248; x_wconf 93' lang='lat' dir='ltr'><strong>ut</strong></span> <span class='ocrx_word' id='word_1_855' title='bbox 2660 5192 2972 5266; x_wconf 77' lang='lat' dir='ltr'><strong>(Enopides</strong></span> <span class='ocrx_word' id='word_1_856' title='bbox 2999 5194 3189 5261; x_wconf 89' lang='lat' dir='ltr'><strong>Chius,</strong></span> <span class='ocrx_word' id='word_1_857' title='bbox 3218 5177 3554 5260; x_wconf 79' lang='lat' dir='ltr'><strong>asseverant.</strong></span> 
     </span>
    </p>
   </div>
   <div class='ocr_carea' id='block_1_115' title="bbox 1991 5282 3555 5361">
    <p class='ocr_par' dir='ltr' id='par_1_115' title="bbox 1991 5282 3555 5361">
     <span class='ocr_line' id='line_1_115' title="bbox 1991 5282 3555 5361; baseline 0.002 -19"><span class='ocrx_word' id='word_1_858' title='bbox 1991 5282 2162 5342; x_wconf 84' lang='lat' dir='ltr'><strong>solem</strong></span> <span class='ocrx_word' id='word_1_859' title='bbox 2190 5294 2349 5342; x_wconf 88' lang='lat' dir='ltr'><strong>antea</strong></span> <span class='ocrx_word' id='word_1_860' title='bbox 2386 5286 2487 5343; x_wconf 87' lang='lat' dir='ltr'><strong>iter</strong></span> <span class='ocrx_word' id='word_1_861' title='bbox 2523 5287 2649 5343; x_wconf 83' lang='lat' dir='ltr'><strong>illac</strong></span> <span class='ocrx_word' id='word_1_862' title='bbox 2680 5286 2901 5354; x_wconf 88' lang='lat' dir='ltr'><strong>fecisse,</strong></span> <span class='ocrx_word' id='word_1_863' title='bbox 2933 5288 3106 5344; x_wconf 89' lang='lat' dir='ltr'><strong>donec</strong></span> <span class='ocrx_word' id='word_1_864' title='bbox 3136 5298 3357 5359; x_wconf 88' lang='lat' dir='ltr'><strong>propter</strong></span> <span class='ocrx_word' id='word_1_865' title='bbox 3377 5289 3555 5361; x_wconf 78' lang='lat' dir='ltr'><strong>Thye-</strong></span> 
     </span>
    </p>
   </div>
   <div class='ocr_carea' id='block_1_116' title="bbox 1991 5379 3558 5451">
    <p class='ocr_par' dir='ltr' id='par_1_116' title="bbox 1991 5379 3558 5451">
     <span class='ocr_line' id='line_1_116' title="bbox 1991 5379 3558 5451; baseline 0 -17"><span class='ocrx_word' id='word_1_866' title='bbox 1991 5386 2139 5434; x_wconf 90' lang='lat' dir='ltr'><strong>steas</strong></span> <span class='ocrx_word' id='word_1_867' title='bbox 2168 5379 2357 5449; x_wconf 87' lang='lat' dir='ltr'><strong>epulas</strong></span> <span class='ocrx_word' id='word_1_868' title='bbox 2393 5393 2641 5443; x_wconf 88' lang='lat' dir='ltr'><strong>aversus,</strong></span> <span class='ocrx_word' id='word_1_869' title='bbox 2681 5379 3016 5434; x_wconf 88' lang='lat' dir='ltr'><strong>contrariam</strong></span> <span class='ocrx_word' id='word_1_870' title='bbox 3043 5380 3183 5434; x_wconf 88' lang='lat' dir='ltr'><strong>viam</strong></span> <span class='ocrx_word' id='word_1_871' title='bbox 3222 5380 3390 5451; x_wconf 72' lang='lat' dir='ltr'><strong>erepit</strong></span> <span class='ocrx_word' id='word_1_872' title='bbox 3418 5381 3558 5437; x_wconf 84' lang='lat' dir='ltr'><strong>insi-</strong></span> 
     </span>
    </p>
   </div>
   <div class='ocr_carea' id='block_1_117' title="bbox 1991 5466 3558 5541">
    <p class='ocr_par' dir='ltr' id='par_1_117' title="bbox 1991 5466 3558 5541">
     <span class='ocr_line' id='line_1_117' title="bbox 1991 5466 3558 5541; baseline 0 -17"><span class='ocrx_word' id='word_1_873' title='bbox 1991 5475 2157 5534; x_wconf 87' lang='lat' dir='ltr'><strong>stere,</strong></span> <span class='ocrx_word' id='word_1_874' title='bbox 2187 5483 2350 5539; x_wconf 89' lang='lat' dir='ltr'><strong>quam</strong></span> <span class='ocrx_word' id='word_1_875' title='bbox 2385 5469 2640 5525; x_wconf 87' lang='lat' dir='ltr'><strong>zodiacus</strong></span> <span class='ocrx_word' id='word_1_876' title='bbox 2673 5469 2833 5524; x_wconf 93' lang='lat' dir='ltr'><strong>modo</strong></span> <span class='ocrx_word' id='word_1_877' title='bbox 2873 5467 3155 5524; x_wconf 87' lang='lat' dir='ltr'><strong>describit.</strong></span> <span class='ocrx_word' id='word_1_878' title='bbox 3188 5466 3294 5525; x_wconf 91' lang='lat' dir='ltr'><strong>Sed</strong></span> <span class='ocrx_word' id='word_1_879' title='bbox 3326 5468 3558 5541; x_wconf 54' lang='lat' dir='ltr'><strong>baecﬁfa-</strong></span> 
     </span>
    </p>
   </div>
   <div class='ocr_carea' id='block_1_118' title="bbox 1990 5558 3556 5631">
    <p class='ocr_par' dir='ltr' id='par_1_118' title="bbox 1990 5558 3556 5631">
     <span class='ocr_line' id='line_1_118' title="bbox 1990 5558 3556 5631; baseline 0.003 -17"><span class='ocrx_word' id='word_1_880' title='bbox 1990 5559 2184 5615; x_wconf 89' lang='lat' dir='ltr'><strong>bulosa</strong></span> <span class='ocrx_word' id='word_1_881' title='bbox 2231 5567 2379 5615; x_wconf 91' lang='lat' dir='ltr'><strong>sunt.</strong></span> <span class='ocrx_word' id='word_1_882' title='bbox 2413 5558 2549 5614; x_wconf 88' lang='lat' dir='ltr'><strong>Nam</strong></span> <span class='ocrx_word' id='word_1_883' title='bbox 2589 5560 2723 5631; x_wconf 90' lang='lat' dir='ltr'><strong>quid</strong></span> <span class='ocrx_word' id='word_1_884' title='bbox 2750 5560 2935 5616; x_wconf 90' lang='lat' dir='ltr'><strong>dicent</strong></span> <span class='ocrx_word' id='word_1_885' title='bbox 2976 5560 3068 5631; x_wconf 91' lang='lat' dir='ltr'><strong>qui</strong></span> <span class='ocrx_word' id='word_1_886' title='bbox 3096 5561 3173 5615; x_wconf 84' lang='lat' dir='ltr'><strong>ita</strong></span> <span class='ocrx_word' id='word_1_887' title='bbox 3211 5560 3453 5616; x_wconf 88' lang='lat' dir='ltr'><strong>sentiunt</strong></span> <span class='ocrx_word' id='word_1_888' title='bbox 3487 5560 3556 5618; x_wconf 90' lang='lat' dir='ltr'><strong>de</strong></span> 
     </span>
    </p>
   </div>
   <div class='ocr_carea' id='block_1_119' title="bbox 1989 5650 3554 5723">
    <p class='ocr_par' dir='ltr' id='par_1_119' title="bbox 1989 5650 3554 5723">
     <span class='ocr_line' id='line_1_119' title="bbox 1989 5650 3554 5723; baseline 0 -18"><span class='ocrx_word' id='word_1_889' title='bbox 1989 5652 2141 5720; x_wconf 89' lang='lat' dir='ltr'><strong>luna,</strong></span> <span class='ocrx_word' id='word_1_890' title='bbox 2172 5659 2225 5707; x_wconf 90' lang='lat' dir='ltr'><strong>et</strong></span> <span class='ocrx_word' id='word_1_891' title='bbox 2248 5652 2490 5723; x_wconf 90' lang='lat' dir='ltr'><strong>quinque</strong></span> <span class='ocrx_word' id='word_1_892' title='bbox 2514 5653 2774 5723; x_wconf 85' lang='lat' dir='ltr'><strong>reliquis?</strong></span> <span class='ocrx_word' id='word_1_893' title='bbox 2802 5651 2924 5707; x_wconf 82' lang='lat' dir='ltr'><strong>Non</strong></span> <span class='ocrx_word' id='word_1_894' title='bbox 2969 5652 3114 5707; x_wconf 90' lang='lat' dir='ltr'><strong>enim</strong></span> <span class='ocrx_word' id='word_1_895' title='bbox 3155 5652 3225 5707; x_wconf 92' lang='lat' dir='ltr'><strong>ob</strong></span> <span class='ocrx_word' id='word_1_896' title='bbox 3255 5650 3554 5723; x_wconf 79' lang='lat' dir='ltr'><strong>Thyesteas</strong></span> 
     </span>
    </p>
   </div>
   <div class='ocr_carea' id='block_1_120' title="bbox 1989 5740 3553 5811">
    <p class='ocr_par' dir='ltr' id='par_1_120' title="bbox 1989 5740 3553 5811">
     <span class='ocr_line' id='line_1_120' title="bbox 1989 5740 3553 5811; baseline -0.001 -16"><span class='ocrx_word' id='word_1_897' title='bbox 1989 5741 2156 5810; x_wconf 88' lang='lat' dir='ltr'><strong>dapes</strong></span> <span class='ocrx_word' id='word_1_898' title='bbox 2182 5741 2344 5796; x_wconf 91' lang='lat' dir='ltr'><strong>etiam</strong></span> <span class='ocrx_word' id='word_1_899' title='bbox 2375 5742 2465 5797; x_wconf 93' lang='lat' dir='ltr'><strong>isti</strong></span> <span class='ocrx_word' id='word_1_900' title='bbox 2510 5756 2631 5797; x_wconf 91' lang='lat' dir='ltr'><strong>sese</strong></span> <span class='ocrx_word' id='word_1_901' title='bbox 2661 5740 3007 5797; x_wconf 83' lang='lat' dir='ltr'><strong>reflexerunt.</strong></span> <span class='ocrx_word' id='word_1_902' title='bbox 3042 5741 3182 5794; x_wconf 87' lang='lat' dir='ltr'><strong>Sunt</strong></span> <span class='ocrx_word' id='word_1_903' title='bbox 3213 5742 3304 5811; x_wconf 88' lang='lat' dir='ltr'><strong>qui</strong></span> <span class='ocrx_word' id='word_1_904' title='bbox 3339 5740 3553 5811; x_wconf 56' lang='lat' dir='ltr'><strong>peresi-</strong></span> 
     </span>
    </p>
   </div>
   <div class='ocr_carea' id='block_1_121' title="bbox 1988 5832 3553 5905">
    <p class='ocr_par' dir='ltr' id='par_1_121' title="bbox 1988 5832 3553 5905">
     <span class='ocr_line' id='line_1_121' title="bbox 1988 5832 3553 5905; baseline -0.001 -17"><span class='ocrx_word' id='word_1_905' title='bbox 1988 5834 2110 5904; x_wconf 86' lang='lat' dir='ltr'><strong>guis</strong></span> <span class='ocrx_word' id='word_1_906' title='bbox 2164 5850 2228 5890; x_wconf 89' lang='lat' dir='ltr'><strong>ac</strong></span> <span class='ocrx_word' id='word_1_907' title='bbox 2267 5834 2477 5891; x_wconf 88' lang='lat' dir='ltr'><strong>crebris</strong></span> <span class='ocrx_word' id='word_1_908' title='bbox 2506 5850 2535 5890; x_wconf 92' lang='lat' dir='ltr'><strong>e</strong></span> <span class='ocrx_word' id='word_1_909' title='bbox 2565 5835 2762 5901; x_wconf 87' lang='lat' dir='ltr'><strong>stellis,</strong></span> <span class='ocrx_word' id='word_1_910' title='bbox 2794 5849 2914 5905; x_wconf 72' lang='lat' dir='ltr'><strong>qua:</strong></span> <span class='ocrx_word' id='word_1_911' title='bbox 2944 5834 3027 5888; x_wconf 90' lang='lat' dir='ltr'><strong>ob-</strong></span> <span class='ocrx_word' id='word_1_912' title='bbox 3059 5834 3182 5887; x_wconf 77' lang='lat' dir='ltr'><strong>cmli</strong></span> <span class='ocrx_word' id='word_1_913' title='bbox 3216 5848 3245 5885; x_wconf 91' lang='lat' dir='ltr'><strong>a</strong></span> <span class='ocrx_word' id='word_1_914' title='bbox 3294 5844 3431 5886; x_wconf 80' lang='lat' dir='ltr'><strong>torta</strong></span> <span class='ocrx_word' id='word_1_915' title='bbox 3467 5832 3553 5886; x_wconf 68' lang='grc' dir='ltr'>οε-</span> 
     </span>
    </p>
   </div>
  </div>
