4040 6206
491 414 591 475 971

1522 400 1614 454 AD
1643 394 1911 453 EUSEBII
1950 392 2345 452 CHRONICON
2383 388 2747 448 APPENDIX.

3640 377 3746 435 9'72

495 536 754 596 stantiam
787 529 1098 588 coalescere
1118 523 1388 586 videntur,
1421 519 1731 575 confectum
1766 518 1917 573 illum
1947 518 2065 573 exi-
2099 544 2112 577 λ

2213 514 2636 586 επυκνωμένων,
2664 511 2758 564 καὶ⁹
2788 510 2919 580 ἡμῖν
2946 505 3247 560 δοκούντων
3278 500 3542 573 ἡνῶσθαι,
3576 500 3665 554 διὰ
3690 499 3750 555 τδ

440 646 467 703 ιε.
497 630 722 687 stimant
741 642 756 681 ε
778 625 925 680 velut
949 620 996 678 si
1018 620 1143 691 quis
1160 616 1389 673 minutis
1415 613 1735 683 crebrisque
1757 612 1889 668 salis
1914 610 2072 665 micis

502 718 706 791 aliquid
742 718 1040 786 inspergat.
1067 711 1173 767 Sed
1200 706 1389 765 nescio
1412 721 1482 761 an
1505 720 1613 760 non
1641 708 1713 760 sit
1733 702 2073 775 probabilius

502 815 674 878 dictu,
698 825 770 865 ex
804 807 1043 863 nubibus
1094 819 1217 860 eum
1251 798 1480 857 conﬂari
1532 797 1647 853 sive
1684 795 2072 852 condensatio-

504 920 631 962 nem
677 902 821 957 aeris
859 914 983 955 esse
1021 897 1403 968 pellueentem,
1446 905 1568 962 qua:
1612 888 1801 944 circuli
1842 889 2077 956 speciem

506 998 691 1054 habet.
724 993 900 1064 Hujus
928 1005 1060 1047 sane
1085 987 1331 1043 meminit
1355 984 1556 1039 Aratus
1590 982 1676 1039 his
1700 980 1881 1037 verbis
1912 998 1925 1032 :

512 1199 658 1258 Illud
688 1199 907 1267 insigne,
943 1190 1247 1254 rotundum,
1279 1188 1362 1243 lac
1399 1187 1569 1255 ipsum
1608 1183 1901 1237 nominant.

580 1294 689 1348 Lac
749 1288 896 1344 enim
946 1284 1070 1340 ideo
1109 1288 1331 1345 vocant,
1374 1277 1521 1350 quod
1568 1274 1857 1346 γαλαξίου,
1895 1270 1949 1327 id
1997 1279 2086 1328 est

520 1404 538 1436 ι
571 1382 750 1449 lactei,
777 1400 796 1433 ι
829 1392 1028 1433 nomen
1054 1388 1250 1429 versus
1277 1371 1417 1427 ratio
1457 1384 1565 1425 non
1605 1366 1933 1422 admitteret.
1970 1361 2087 1416 Cae-

514 1486 692 1532 terum
722 1486 751 1525 a
789 1467 1031 1523 candore
1075 1464 1231 1519 lactis
1272 1462 1349 1517 ita
1407 1464 1773 1528 nuncupatur.
1810 1452 1907 1509 Est
1941 1452 2087 1508 enim

514 1566 784 1624 candidus
823 1569 879 1619 et
920 1569 1290 1629 transparens.
1332 1553 1438 1622 Qui
1474 1550 1764 1622 sphaeram,
1811 1554 1865 1602 et
1903 1544 2089 1601 zodia-

518 1676 644 1714 cum
678 1655 971 1719 circulum,
1010 1659 1065 1707 et
1105 1644 1541 1719 aequinoctialem
1587 1639 1836 1696 bifariam
1870 1636 2089 1700 dividit,

518 1753 589 1810 ab
616 1752 794 1822 iisque
823 1753 1016 1801 mutuo
1053 1740 1337 1804 dividitur,
1365 1752 1490 1793 cum
1519 1736 1589 1790 sit
1611 1731 1856 1803 aequalis.
1925 1775 1929 1779 .

859 1856 939 1911 De
964 1854 1189 1926 quinque
1212 1847 1486 1921 parallelis
1521 1844 1756 1900 circulis.

589 1954 684 2011 25.
714 1951 966 2020 Quinque
991 1951 1119 2001 sunt
1140 1941 1383 2014 paralleli
1416 1938 1609 1996 circuli
1643 1956 1655 1991 :
1701 1935 1959 2000 arcticus,
1999 1932 2093 2003 qui

525 2050 593 2102 ad
631 2044 940 2116 aquilonem
980 2038 1207 2111 propius
1250 2032 1493 2100 accedit,
1537 2029 1709 2085 Ursas
1743 2027 1885 2081 intra
1940 2040 2000 2081 se
2040 2031 2095 2079 et

526 2141 831 2194 Draconem
848 2133 1165 2197 continens;
1182 2128 1302 2185 etei
1320 2124 1607 2197 oppositus
1625 2119 1909 2183 australis,
1930 2133 2097 2188 quem

529 2227 892 2284 antarcticum
938 2229 1161 2277 vocant.
1210 2219 1476 2289 Tropicus
1507 2214 1733 2270 aestivus
1774 2218 1899 2282 post
1937 2211 2101 2265 arcti-

528 2335 691 2385 cum;
717 2318 982 2375 hibernus
1013 2313 1261 2384 tropicus
1292 2318 1416 2383 post
1445 2306 1831 2364 antarcticum.
1864 2304 2102 2372 Quintus

533 2409 729 2463 horum
758 2405 1002 2460 omnium
1037 2401 1253 2458 medius
1293 2411 1379 2457 est
1409 2396 1829 2470 aequinoctialis,
1870 2396 1987 2467 pari
2020 2395 2105 2449 in-

529 2499 759 2554 tervallo
796 2497 1007 2553 distans
1038 2494 1107 2549 ab
1158 2493 1346 2549 aestivo
1384 2492 1719 2560 hibernoque
1747 2489 1979 2559 tropico.
2013 2486 2107 2542 Est

534 2599 715 2647 autem
763 2590 1001 2644 arcticus
1043 2586 1394 2642 minimarum
1425 2600 1589 2650 unus,
1620 2583 1711 2654 qui
1749 2582 1894 2637 circa
1927 2581 2106 2651 polum

540 2683 803 2753 descripti
828 2689 977 2745 sunt,
1002 2680 1238 2736 medium
1262 2680 1461 2750 ipsum,
1492 2677 1640 2733 velut
1661 2687 1931 2740 centrum,
1959 2689 2109 2727 eom-

536 2777 800 2848 plectens,
823 2775 916 2845 qui
947 2772 1187 2827 arcticus
1213 2779 1434 2842 propter
1466 2768 1658 2833 Ursas,
1690 2784 1827 2839 quas
1855 2780 2108 2837 campre-

540 2869 769 2936 hendit;
816 2879 871 2922 et
895 2864 1156 2929 borealis,
1203 2863 1350 2934 quod
1398 2862 1464 2916 ad
1511 2876 1631 2917 eam
1673 2859 1862 2914 mundi
1903 2865 2108 2928 partem

538 2961 738 3032 vergit,
786 2957 1128 3029 appellatur:
1178 2954 1321 3010 idem
1368 2969 1641 3024 apparens
1693 2950 1915 3015 dicitur,
1964 2948 2109 3019 quod

542 3066 759 3122 semper
800 3050 1036 3113 eminet,
1090 3062 1189 3102 nec
1224 3045 1424 3101 occidit
1471 3059 1731 3114 unquam.
1774 3041 1913 3097 liuic
1943 3056 2113 3112 oppo—

545 3148 685 3201 situs
712 3142 973 3199 australis
992 3140 1255 3211 aqualem
1294 3152 1418 3191 cum
1445 3151 1511 3192 eo
1539 3136 1704 3191 situm
1736 3135 1920 3200 habet,
1952 3142 2113 3204 atque

2174 606 2450 676 διάστημα
2476 604 2536 657 τὸ
2564 602 2673 656 ἀπὸ
2706 599 2798 654 τοῦ
2833 594 3064 670 οὐρανοῦ
3094 597 3186 648 ἐπὶ
3214 594 3315 665 τὴν
3340 592 3468 663 γῆν,
3505 590 3750 663 ἀστέρων

2178 697 2342 753 αὐτὸν
2368 692 2510 751 εἷναί
2551 711 2733 765 φασιν·
2762 692 2837 757 ὡς
2861 690 3013 753 εἴτις
3036 688 3159 743 aut
3182 687 3401 750 λεπτοῖς
3425 702 3487 737 τε
3508 684 3605 738 καὶ
3627 684 3754 738 πολ-

2178 793 2290 856 λοῖς
2332 786 2667 845 καταπάσειέ
2712 803 2785 839 τι.
2834 784 3063 854 Μήποτε
3110 781 3293 853 μέντοι
3338 780 3560 851 ἄμεινον
3596 778 3755 832 αὐτὸν

2179 883 2357 952 λέγειν
2395 882 2459 934 ὲκ
2487 877 2687 948 νεφῶν,
2723 874 2758 947 ἢ
2789 873 3001 944 πίλημά
3046 889 3099 924 τι
3138 869 3301 942 ἀέρος
3337 868 3559 937 διαυγὲς
3592 862 3753 932 εἶναι,

2183 975 2380 1032 κύκλου
2416 972 2601 1044 σχῆμα
2626 970 2764 1041 ἔχον.
2801 967 3088 1038 Μέμνηται
3117 963 3175 1017 δὲ
3198 961 3363 1017 αὑτοῦ
3391 961 3489 1015 καὶ
3526 963 3755 1032 1Ἄρατος

2180 1069 2246 1122 δι’
2270 1062 2346 1122 ὧν
2367 1080 2552 1139 φησιν·

2185 1184 2357 1241 Κεῒνο
2382 1181 2772 1251 περίγληνον,
2802 1176 3120 1246 τροχαλὸν,
3148 1171 3306 1243 τάλα
3322 1185 3431 1240 μιν
3449 1165 3755 1221 καλέουσι.

2255 1275 2402 1329 Γάλα
2423 1271 2534 1345 γὰρ
2563 1270 2726 1325 αὐτὸν
2749 1268 3022 1339 ὠνόμασε,
3046 1263 3135 1319 διὰ
3158 1262 3218 1317 τδ
3243 1262 3319 1333 μὴ
3344 1258 3606 1314 δύνασθαι
3634 1256 3758 1311 αὐτὸ

2189 1365 2467 1437 ἐντεθῆναι
2499 1365 2580 1427 είς
2617 1361 2748 1424 ἔπος
2793 1358 2888 1413 τοῦ
2928 1354 3185 1427 γαλαξίου
3214 1353 3276 1407 τὸ
3303 1352 3496 1423 ὄνομα.
3531 1350 3759 1418 Λέγεται

2188 1459 2246 1512 δὲ
2290 1457 2399 1511 ἀπὸ
2441 1456 2542 1528 τῆς
2588 1455 2779 1527 χροιᾶς
2816 1449 2911 1505 τοῦ
2940 1448 3208 1519 γάλακτος
3232 1447 3394 1500 οὕτω·
3431 1442 3627 1505 λευκὸς
3657 1441 3761 1510 γάρ

2191 1553 2286 1608 καλ⁸
2321 1550 2547 1620 διαυγὴς
2589 1545 2858 1617 φαίνεται.
2896 1543 3096 1612 Τέμνει
3126 1540 3184 1594 δὲ
3213 1539 3337 1610 δίχα
3376 1535 3474 1608 τὴν
3508 1537 3759 1604 σφαῖραν,

2194 1646 2289 1701 καὶ
2315 1645 2407 1697 τδν
2436 1640 2697 1708 ζωδιακὸν
2722 1637 2942 1701 κύκλον,
2968 1635 3061 1688 καὶ
3091 1629 3423 1703 ἰσημερινόν·
3452 1627 3549 1681 καὶ
3573 1625 3762 1695 τέμνε-

2193 1756 2282 1791 ται
2318 1737 2409 1790 ὑπ’
2441 1732 2638 1807 αὑτῷν,
2676 1732 2789 1794 (co;
2820 1729 3000 1791 αὐτοῖς
3030 1725 3123 1781 ὢν.

2501 1845 2640 1914 Περὶ
2672 1842 2790 1897 τῶν
2818 1841 2997 1895 πέντε
3029 1835 3456 1907 παραλλήλων.

2264 1947 2364 1996 κε’.
2399 1939 2460 1992 Οἱ
2484 1937 2541 1991 δὲ
2568 1931 2899 2007 παράλληλοί
2920 1932 3024 1983 είσι
3050 1928 3230 1994 πέντε,
3253 1924 3535 1999 ἀρκτικὸς,
3563 1924 3627 1988 ὃς
3662 1925 3770 1977 ἔστι

2197 2037 2551 2108 βορειότερος,
2586 2027 2736 2091 ὲντδς
2760 2025 2898 2097 ἔχων
2929 2023 3028 2088 τάς
3061 2023 3330 2095 Ἀρκτους
3385 2019 3482 2073 καὶ
3510 2016 3606 2071 τὸν
3639 2016 3773 2088 Δρά-

2198 2107 2380 2180 κοντα·
2421 2122 2518 2176 καὶ
2548 2122 2577 2174 6
2600 2119 2775 2189 τούτῳ
2806 2113 3176 2184 ἀντικείμενος
3202 2110 3395 2173 νότιος,
3429 2109 3459 2161 6
3484 2107 3775 2179 ἀνταρκτιο

2199 2220 2294 2283 κὸς
2328 2215 2676 2287 καλούμενος
2714 2212 2742 2264 6
2771 2207 2913 2283 [καὶ]
2955 2205 3165 2278 θερινὸς
3203 2202 3462 2276 τροπικδς
3503 2199 3650 2272 μετά
3688 2198 3778 2251 τὸν

2202 2304 2481 2376 άρκτικόν·
2514 2304 2609 2357 καὶ
2631 2303 2660 2355 6
2681 2297 2987 2371 χειμερινὸς
3011 2295 3268 2368 τροπικὸς
3298 2290 3438 2365 μετά
3466 2291 3561 2345 τὸν
3583 2290 3778 2361 ἀνταρ-

2203 2394 2591 2465 κτικόνῂμέσος
2612 2392 2668 2445 δὲ
2693 2390 2897 2444 τούτων
2920 2387 3165 2460 πέμπτος
3188 2387 3216 2439 6
3243 2382 3577 2456 ίσημερινὸς,
3592 2381 3780 2436 τοσοῦ-

2204 2505 2295 2541 τον
2323 2486 2542 2556 ἀπέχων
2570 2482 2664 2537 τοῦ
2694 2479 2907 2554 θερινοῦ
2944 2476 3232 2551 τροπικοῶ
3257 2477 3380 2529 ὅσον
3408 2473 3502 2528 τοῦ
3534 2489 3781 2544 χειμερι-

2206 2580 2319 2633 νοῦ.
2346 2579 2503 2632 Ἔστι
2526 2576 2583 2629 δὲ
2608 2577 2636 2628 6
2662 2572 2921 2646 ἀρκτικὸς
2942 2570 3048 2624 τῶν
3073 2568 3387 2640 ἐλαχίστων,
3414 2567 3511 2619 καὶ
3537 2564 3672 2636 περὶ
3696 2564 3782 2616 τὸν

2209 2675 2416 2747 βόρειον
2431 2670 2611 2733 πόλον,
2626 2668 2777 2731 ἐντὸς
2795 2666 2931 2736 ἔχων
2950 2661 3271 2735 μεσαίτατον
3286 2659 3375 2713 τὸν
3392 2656 3556 2710 πόλον
3573 2654 3784 2724 ὡσπερ-

2208 2745 2257 2820 εὶ
2276 2745 2503 2835 κέντρον
2528 2759 2715 2816 αὐτοῦ.
2757 2757 3019 2812 Καλεῖται
3058 2753 3117 2807 δὲ
3159 2749 3413 2825 ἀρκτικὸς
3439 2748 3550 2802 ἀπὸ
3572 2745 3666 2800 τοῦ
3698 2747 3786 2798 ὲν-

2207 2858 2299 2922 τὸς
2326 2856 2471 2927 ἔχειν
2509 2853 2606 2917 τάς
2637 2852 2925 2923 Ἀρκτους·
2951 2846 3045 2901 καὶ
3071 2844 3299 2917 βόρειος,
3327 2840 3415 2895 διά
3443 2839 3505 2893 τὺ
3538 2838 3676 2910 πρὸς
3702 2837 3791 2907 βο-

2215 2951 2341 3023 ρέαν
2369 2945 2508 3002 εἶναι
2529 2944 2635 2999 ἀεί.
2655 2942 2893 3015 Φανερὸς
2914 2940 2971 2994 δέ
2994 2943 3112 2993 ἐστι
3132 2937 3152 2966 ⁶
3175 2934 3262 2989 διὰ
3284 2935 3346 2987 τὸ
3364 2933 3451 2986 ἀεὶ
3476 2928 3789 3002 φαίνεσθαι,

2214 3022 2308 3098 καί⁸
2343 3043 2417 3114 μὴ
2445 3041 2640 3095 δύνειν.
2687 3037 2747 3090 '0
2777 3036 2834 3089 δὲ
2862 3033 3036 3103 τούτῳ
3057 3028 3429 3100 ἀντικείμενος
3453 3025 3630 3088 νότιος
3653 3022 3791 3077 κατά

2212 3137 2312 3209 τὴν
2334 3136 2481 3189 θέσιν
2503 3135 2616 3196 ίσος
2647 3130 2744 3203 μὲν
2768 3130 2914 3182 ἔστιν
2941 3124 3113 3196 αὐτῷ,
3141 3121 3385 3193 περιέχει
3412 3119 3472 3173 δὲ
3501 3118 3596 3171 τὸν
3619 3116 3792 3170 νότιον

547 3237 840 3294 australem
885 3234 1128 3288 continet
1174 3230 1392 3302 polum;
1446 3230 1779 3283 antarcticus
1822 3235 2001 3283 autem
2048 3243 2112 3282 ex

2220 3231 2400 3284 πόλον.
2435 3228 2667 3297 Λέγεται
2702 3224 2760 3278 δὲ
2788 3218 3147 3293 ἀνταρκτικὸς
3167 3215 3275 3271 ἀπὸ
3292 3213 3385 3268 τοῦ
3409 3212 3652 3273 ἐναντίος
3684 3211 3795 3262 κεί-

546 3349 615 3387 eo
643 3331 979 3391 nominatur,
1021 3325 1164 3397 quod
1216 3334 1407 3379 contra
1441 3331 1602 3393 atque
1639 3322 1878 3378 arcticus
1908 3321 2119 3394 positus

550 3425 643 3479 sit.
673 3422 807 3476 Nam
842 3423 1079 3474 arcticus
1108 3418 1175 3474 ad
1228 3417 1471 3477 boream,
1502 3416 1605 3470 iste
1638 3414 1707 3468 ad
1740 3404 2010 3479 austrum,
2046 3413 2124 3470 si-

550 3522 643 3570 tus
670 3521 753 3569 est
780 3531 795 3578 ;
823 3513 912 3567 ille
944 3511 1248 3566 altissimus
1292 3519 1378 3565 est
1407 3513 1462 3563 in
1487 3508 1698 3578 sphaera
1724 3526 1737 3562 :
1770 3508 1858 3562 hic
1889 3509 2125 3563 maxime

553 3605 869 3676 depressus.
895 3602 978 3659 Ob
1009 3604 1059 3658 id
1085 3603 1322 3657 arcticus
1352 3618 1567 3672 semper
1593 3616 1858 3672 apparens
1897 3609 1981 3656 est
2006 3618 2021 3655 :
2046 3600 2124 3654 al-

553 3706 639 3752 ter
672 3704 895 3767 apparet
929 3710 1227 3765 nunquam.
1274 3693 1459 3747 Potest
1497 3702 1551 3748 et
1600 3692 1886 3747 antarctici
1924 3705 2124 3745 nomen

555 3786 683 3841 inde
725 3787 985 3845 derivari,
1028 3784 1173 3854 quod
1221 3784 1426 3838 arctieo
1467 3799 1532 3838 ex
1588 3798 1745 3853 aequo
1776 3782 2123 3852 respondeat.

553 3877 694 3931 Nam
727 3877 1037 3947 prmpositio
1069 3876 1211 3943 ἀντί,
1252 3894 1271 3927 ι
1299 3877 1508 3947 aequale
1540 3896 1559 3929 ι
1596 3876 1864 3947 signiﬁcat
1890 3893 1906 3943 ;
1937 3883 1996 3929 ut
2034 3876 2129 3930 άν-

555 3967 751 4032 τίθεος,
808 3968 861 4023 id
911 3976 1044 4024 estt
1074 3969 1299 4039 aequalis
1352 3968 1528 4033 Deo,»
1570 3968 1827 4023 famulus.
1879 3966 2024 4023 idem
2075 3976 2129 4024 et

559 4060 816 4115 australis
854 4068 1100 4126 vocatur,
1128 4069 1323 4130 estque
1345 4074 1560 4129 semper
1588 4059 1857 4114 occultus.

627 4153 897 4224 Tropicus
943 4153 1167 4208 aestivus
1213 4153 1354 4206 inter
1388 4152 1651 4206 arcticum
1695 4162 1749 4208 et
1784 4151 2133 4222 azquinoctla-

559 4245 664 4300 lem
699 4245 839 4299 situs
883 4251 990 4306 est,
1022 4258 1085 4296 ac
1137 4242 1431 4298 solstitium
1462 4244 1712 4297 aestivum
1764 4243 1818 4296 in
1858 4258 1918 4297 se
1954 4244 2132 4297 conti-

561 4348 673 4391 net.
707 4334 842 4390 Nam
888 4350 1012 4389 cum
1059 4335 1138 4390 sol
1184 4335 1239 4388 in
1268 4335 1485 4389 Cancro
1527 4343 1797 4398 versatur,
1844 4334 1936 4389 ubi
1979 4335 2131 4389 illum

561 4420 763 4499 attigit,
804 4428 1053 4483 aestivum
1106 4426 1400 4482 solstitium
1446 4424 1597 4480 facit.
1655 4423 1782 4480 Ideo
1828 4424 2134 4481 solstitialis

2224 3321 2345 3376 σθαι
2373 3320 2450 3392 τῷ
2485 3314 2749 3391 ἀρκτικῷ’
2784 3313 2814 3365 6
2852 3312 2950 3383 μὲν
2982 3309 3091 3380 γάρ
3122 3305 3380 3381 ἀρκτικὸς
3407 3302 3550 3357 κατά
3577 3302 3793 3373 βορέαν.

2221 3411 2373 3479 οὗτος
2395 3414 2452 3467 δὲ
2478 3410 2620 3467 κατά
2652 3411 2801 3464 νότον
2827 3405 2962 3460 ὲστί.
3006 3392 3118 3458 Καὶ
3158 3402 3188 3453 6
3228 3399 3326 3470 μὲν
3364 3396 3623 3469 ἀρκτικὸς
3658 3392 3798 3448 κατά

2222 3511 2320 3581 τὴν
2354 3509 2586 3578 σφαῖραν
2629 3498 2961 3573 ὑψηλότατός
2996 3499 3164 3558 ἐστιν,
3210 3496 3239 3546 6
3283 3493 3340 3546 δὲ
3387 3489 3797 3550 ταπεινότατος.

2224 3580 2315 3657 Διὸ
2335 3604 2364 3655 6
2398 3602 2495 3671 μὲν
2534 3595 2792 3671 ἀρκτικὸς
2818 3592 3081 3662 ἀειφανής
3107 3590 3275 3642 ἐστιν·
3303 3581 3457 3648 οὗτος
3492 3583 3551 3636 δὲ
3581 3582 3642 3635 οὐ
3676 3580 3801 3651 φαί-

2225 3711 2372 3749 νεται
2410 3694 2559 3764 ἡμῖν.
2593 3690 2661 3743 Ἦ
2701 3689 2783 3741 ὅτι
2825 3686 2938 3748 ἴσος
2969 3682 3083 3736 ἐστὶ
3124 3680 3203 3750 τῷ
3241 3676 3505 3751 ἀρκτικῷ,
3541 3675 3643 3745 τῆς
3680 3673 3801 3726 ἀντὶ

2227 3786 2533 3858 προθέσεως
2562 3782 2622 3836 τὸ
2647 3780 2759 3833 ἴσον
2794 3774 3181 3848 σημαινούσης,
3204 3772 3279 3835 ὼς
3306 3772 3365 3824 έν
3396 3767 3474 3840 τῷ
3507 3791 3526 3819 ι
3557 3765 3802 3822 ἀντίθεον

2227 3878 2555 3951 θεράποντα.
2598 3891 2617 3926 ι
2662 3869 2927 3927 Καλεῖται
2967 3866 3024 3919 δὲ
3064 3861 3425 3934 ἀνταρκτικὸς
3466 3860 3562 3914 καὶ
3602 3859 3799 3920 νότιος.

2231 3973 2387 4025 Ἔστι
2418 3968 2475 4021 δὲ
2499 3968 2586 4021 ἀεὶ
2611 3963 2843 4034 ἀφανής.

2309 4149 2369 4203 Ὀ
2393 4148 2449 4203 δὲ
2476 4144 2687 4218 θερινὸς
2708 4139 2967 4215 τροπικδς
2990 4140 3166 4192 κεῖται
3196 4134 3397 4208 μεταξὺ
3420 4132 3514 4187 τοῦ
3540 4127 3803 4201 ἁρκτικοῦ

2233 4240 2440 4296 καὶτοῦ
2477 4235 2813 4310 ίσημερινοῦ.
2852 4234 3005 4304 Ἔχει
3033 4231 3090 4284 δὲ
3130 4232 3186 4283 ὲν
3224 4227 3404 4298 ἑαυτῴ
3443 4225 3538 4288 τὰς
3578 4219 3800 4293 θερινὰς

2232 4334 2443 4406 τροπὰς
2473 4330 2567 4386 τοῦ
2597 4330 2769 4403 ἡλίου.
2811 4328 2940 4382 Ὅτε
2969 4325 3078 4395 γὰρ
3114 4325 3143 4375 6
3167 4321 3319 4391 ἥλιος
3354 4321 3414 4373 ἐν
3447 4317 3517 4388 τῷ
3538 4313 3804 4386 Καρκίνῳ

2234 4427 2477 4499 γένηται,
2521 4423 2869 4494 ἐφαψάμενος
2907 4415 3095 4480 αὐτοῦ,
3129 4413 3227 4485 τὴν
3254 4410 3475 4483 θερινὴν
3500 4409 3639 4461 ποιεῖ
3670 4422 3805 4476 τρο-

561 4522 787 4577 aestivus
833 4521 1052 4576 dicitur.
1104 4518 1199 4573 Est
1241 4526 1422 4573 autem
1457 4525 1518 4572 ut
1552 4517 1757 4572 arctieo
1808 4517 2004 4587 major,
2054 4520 2112 4574 sic

2237 4497 2365 4590 πὴν.
2394 4518 2484 4571 Διὸ
2507 4517 2603 4570 καὶ
2633 4513 2843 4587 θερινὸς
2865 4509 3122 4586 τροπικός
3146 4505 3430 4576 κέκληται.
3455 4505 3609 4556 Ἔστι
3628 4499 3686 4554 δὲ
3708 4497 3808 4552 τοῦ

563 4613 929 4685 aequinoctiali
957 4613 1159 4667 minor.
1196 4598 1275 4666 Ac
1301 4612 1347 4667 si
1374 4610 1500 4684 quis
1530 4611 1706 4681 ipsum
1753 4610 1807 4664 in
1839 4580 1965 4666 oc'to
1987 4580 2112 4683 vpar‘

2240 4580 2337 4686 μὲν
2359 4607 2620 4684 ἀρκτικοῦ
2646 4580 2862 4680 μείζων·
2890 4580 2985 4657 τοῦ
3010 4602 3070 4656 δὲ
3100 4596 3418 4672 ἰσημερινοῦ
3452 4595 3810 4669 βραχύτερος.

562 4714 649 4762 tes
672 4705 972 4761 secundum
1017 4704 1242 4757 Aratum
1270 4701 1513 4765 dividat,
1560 4710 1719 4756 erunt
1767 4702 2008 4774 quinque
2039 4717 2132 4758 su-

564 4813 663 4869 pra
694 4807 914 4864 terram,
945 4805 1057 4854 tres
1084 4794 1247 4851 infra.
1275 4791 1455 4850 Verba
1478 4793 1631 4849 Arati
1668 4811 1682 4848 :

569 5001 811 5070 Quinque
831 4998 883 5051 in
922 4997 1049 5052 caelo
1084 5004 1364 5052 versantur
1385 5010 1547 5070 supra
1574 5003 1794 5051 terram.

568 5065 698 5127 Tres
725 5065 787 5123 in
806 5071 911 5123 imo
928 5086 948 5121 :
975 5070 1176 5122 wstatis
1206 5077 1382 5122 autem
1402 5067 1458 5120 in
1504 5082 1562 5121 eo
1582 5075 1706 5120 sunt
1742 5065 2135 5130 conversiones;

567 5183 769 5255 quibus
800 5180 981 5235 verbis
1015 5195 1080 5234 ex
1120 5187 1245 5235 octo
1275 5179 1525 5249 partibus
1564 5179 1805 5249 quinque
1830 5179 1986 5233 illum
2029 5179 2140 5233 ha-

569 5276 698 5330 bere
732 5287 895 5342 supra
919 5281 1144 5335 terram,
1176 5279 1288 5327 tres
1319 5272 1604 5336 subterra,
1635 5271 1923 5344 signiﬁcat.
1950 5271 2010 5326 In
2035 5272 2140 5327 hoc

569 5362 794 5432 sphaerae
825 5362 956 5424 situ,
975 5362 1066 5432 qui
1101 5360 1456 5432 Hellesponti,
1481 5361 1811 5417 Macedonia:
1839 5370 1892 5418 et
1911 5360 2138 5419 Graeciae

567 5455 773 5510 elimati
821 5456 1133 5526 respondet,
1177 5456 1400 5526 quando
1444 5457 1525 5511 sol
1570 5458 1818 5513 testivum
1860 5457 2135 5528 tropicum

567 5555 738 5610 tenet,
770 5551 1042 5604 maximus
1074 5550 1192 5606 dies
1217 5553 1472 5607 horarmn
1504 5562 1588 5607 est
1620 5551 1717 5617 15;
1750 5551 1974 5606 minima
2002 5564 2136 5615 nox,

569 5639 635 5708 9;
659 5656 782 5696 eum
823 5642 1024 5739 ubique
1064 5645 1244 5701 noctis
1282 5661 1345 5702 ac
1372 5647 1475 5705 diei
1504 5647 1678 5719 spatia
1708 5646 1873 5704 simul
1912 5654 2133 5718 sumpta

644 5801 729 5875 σί.

2235 4709 2299 4761 Et
2324 4704 2381 4759 δέ
2408 4722 2488 4769 τις
2519 4701 2680 4758 αὐτὸν
2705 4699 2866 4754 διέλοι
2899 4698 2978 4761 είς
3008 4693 3152 4749 ὀκτὼ
3189 4693 3329 4765 μέρη
3355 4689 3499 4744 κατά
3528 4689 3619 4743 τὸν
3643 4688 3815 4757 Ἀρα-

2236 4815 2349 4863 τον,
2380 4796 2532 4849 ἔσται
2557 4794 2654 4865 μὲν
2678 4789 2839 4845 αὐτοῦ
2868 4787 3027 4841 πέντε
3053 4785 3151 4856 μὲν
3173 4783 3312 4853 ὑπὲρ
3334 4780 3461 4851 γῆν,
3480 4779 3609 4850 τρία
3630 4776 3685 4830 δὲ
3708 4774 3815 4829 ὑπὸ

2238 4889 2362 4961 γῆν.
2393 4888 2529 4959 Φησὶ
2550 4886 2606 4939 δὲ
2630 4886 2759 4955 περὶ
2780 4878 2946 4936 αὐτοῦ
2969 4877 3141 4941 οὕτως
3177 4877 3414 4948 ’Ἄρατος
3440 4889 3457 4904 ο

2239 5002 2425 5058 Πέντε
2446 5001 2563 5070 μὲν
2583 4998 2749 5053 ἐνδια
2775 4995 3091 5070 στρέφεται
3117 4991 3245 5070 καθ’
3265 4988 3561 5070 iisrepst
3584 4988 3776 5070 γαίης.

2248 5073 2325 5128 Τὰ
2350 5061 2480 5141 τρίᾶ
2499 5071 2549 5124 δ’
2570 5071 2639 5125 ὲν
2661 5061 2905 5139 περὰτῂ·
2923 5061 3127 5133 θέρεος
3148 5061 3214 5118 δέ
3243 5064 3298 5116 οἱ
3315 5061 3603 5130 ὲντροπαί
3620 5061 3778 5113 εἰσιν
3795 5072 3815 5087 ο

2210 5249 2215 5255 1
2241 5187 2349 5242 ἀπὸ
2368 5184 2476 5240 τῶν
2503 5182 2647 5237 ὀκτὼ
2672 5179 2852 5254 μερῶν
2879 5177 3056 5249 δηλῶν
3082 5177 3154 5231 τά
3175 5176 3335 5230 πέντε
3358 5174 3500 5244 ὑπὲρ
3518 5171 3626 5242 γῆν
3648 5171 3818 5241 ἔχειν,
3886 5187 3890 5191 ⁴

2242 5279 2311 5332 τὰ
2336 5279 2393 5332 δὲ
2413 5277 2540 5348 τρία
2566 5274 2672 5328 ὑπὸ
2697 5273 2819 5343 γῆν.
2844 5270 3004 5326 Κατά
3028 5270 3233 5339 ταύτην
3249 5268 3350 5340 τὴν
3372 5266 3522 5320 θέσιν
3543 5264 3647 5335 τῆς
3668 5261 3821 5332 σφαί-

2246 5387 2369 5443 ρας,
2399 5370 2518 5441 ἦτις
2551 5366 2693 5421 κατά
2732 5365 2794 5419 τὸ
2831 5364 2999 5437 κλίμα
3029 5362 3122 5418 τοῦ
3163 5359 3555 5431 Ἑλλησπόντου
3594 5358 3687 5410 καὶ
3717 5354 3821 5425 τῆς

2245 5459 2581 5523 Μακεδονίας
2604 5458 2741 5525 ἐστὶ,
2780 5460 2877 5512 καὶ
2909 5457 3009 5528 τῆς
3051 5454 3318 5518 Ἑλλάδος,
3347 5450 3443 5505 τοῦ
3476 5450 3632 5522 ἡλίου
3663 5464 3818 5517 γενο-

2249 5553 2408 5625 μένου
2452 5553 2545 5606 ὲπὶ
2583 5551 2677 5605 τοῦ
2721 5549 2932 5624 θερινοῦ
2975 5546 3259 5621 τῳπικοῦ,
3301 5548 3335 5618 ἡ
3379 5544 3611 5618 μεγίστη
3639 5541 3821 5614 ἡμέρα

2246 5646 2392 5700 ἐστὶν
2424 5643 2582 5716 ὡρῶν
2609 5651 2687 5698 ts"
2723 5647 2757 5715 ὴ
2784 5645 2841 5699 δὲ
2867 5642 3122 5713 ἐλαχίστη
3153 5639 3311 5712 ὡρῶν
3331 5638 3398 5704 θ’,
3427 5633 3704 5708 πανταχοῦ
3722 5627 3826 5689 τοῦ
