4040 6206
373 430 480 486 973

1107 425 1417 483 ACHlLLtS
1455 417 1641 482 TATll
1672 425 1965 482 ISAGOGE
2004 425 2093 479 AD
2126 422 2335 480 aunt
2375 406 2854 478 PHENOMENA:

3403 464 3407 468 τ
3491 406 3598 472 9'16

375 541 770 616 ἡμερονυκτίου
813 541 886 596 κδ’
915 541 1071 613 ὡρῶν
1099 543 1270 607 δντος.
1301 544 1363 595 El
1396 541 1811 614 ύποστησὸμεθα
1843 537 1936 595 οὖν

2053 543 2202 595 horas
2231 537 2463 610 quatuor
2487 547 2538 594 et
2551 537 2739 607 viginti
2761 532 3038 604 colligant.
3065 528 3238 602 igitur
3260 529 3306 585 si
3330 529 3384 584 in
3409 531 3600 585 aestivo

374 643 433 695 ἐν
471 644 589 704 ταῖς
621 638 856 707 θεριναῖς
887 638 1134 707 τροπαῖς,
1163 635 1350 707 ὥσπερ
1383 637 1632 706 εἴπομεν,
1678 642 1738 688 ιε’
1779 636 1936 705 ὡρῶν

373 733 471 804 τὴν
499 730 759 803 μεγίστην
791 727 998 800 ἡμέραν
1024 722 1500 794 εἷναι,γάκὸλουθόν
1529 729 1642 778 ἐστι
1670 726 1938 797 βραχυτὰ-

374 841 475 894 την
506 822 628 874 τότε
669 819 908 890 νομίζειν
951 814 1087 870 εἶναι
1133 818 1232 887 τὴν
1278 817 1468 870 νύκτα.
1501 816 1670 869 Τοῦτο
1701 816 1755 868 δὲ
1783 815 1937 886 δῆλον

375 916 437 968 ἐκ
471 932 530 968 τε
565 912 757 974 ἄλλων,
794 911 888 962 καὶ
930 909 990 974 ἐξ
1023 902 1100 962 ὧν
1148 910 1378 980 ’Ἄρατός
1420 925 1602 979 φησιν.
1647 909 1708 959 Εἰ
1745 906 1851 977 γὰρ
1879 906 1938 958 τὸ

374 1003 765 1078 ήμερονύκτιόν
806 1003 950 1052 ἐστιν
986 1001 1442 1070 εἰκοσιτεσσάρων
1479 998 1656 1069 ὡρῶν,
1703 999 1780 1060 εὶς
1806 1005 1855 1067 η’
1882 997 1937 1049 δὲ

373 1098 518 1169 μέρη
544 1096 634 1149 τὸν
661 1093 867 1165 θερινὸν
890 1091 1146 1162 τροπικὸν
1170 1090 1460 1160 τέμνεσθαι
1491 1090 1588 1154 δεῖ,
1623 1089 1852 1141 ἕκαστον
1883 1088 1939 1141 δέ

372 1191 568 1260 τμῆμα
592 1185 748 1258 ὡρῶν
781 1190 827 1252 γ’
847 1200 861 1212 ’
890 1182 1008 1252 τρίς
1026 1181 1082 1233 δὲ
1109 1180 1177 1234 τὰ
1201 1187 1248 1252 η’
1278 1180 1353 1233 κδ’
1376 1197 1390 1211 ·
1423 1181 1472 1233 εί
1501 1179 1675 1232 τοίνυν
1703 1178 1810 1233 ἀπὸ
1832 1178 1940 1232 τῶν

369 1279 518 1334 ὀκτὼ
546 1277 749 1331 τούτων
781 1275 960 1346 μερῶν
993 1275 1151 1328 πέντε
1181 1274 1326 1326 ἐστὶν
1355 1272 1495 1343 ὑπὲρ
1533 1273 1635 1342 γῆν
1659 1289 1673 1301 θ
1715 1271 1940 1324 ἕκαστον

371 1371 434 1424 δὲ
464 1370 640 1440 τρισὶν
671 1366 841 1438 ὥραις
862 1365 1230 1435 περιδινεῖται·
1257 1364 1374 1435 τρὶς
1403 1365 1422 1396 τ
1464 1363 1530 1416 τὰ
1557 1365 1713 1416 πέντε
1735 1363 1941 1432 γίνεται

377 1469 467 1516 ιε”
493 1458 881 1514 πεντεκαίδεκα
905 1457 1061 1522 ὡρῶν
1087 1456 1294 1526 γίνεται
1334 1456 1622 1528 περιφορά.
1654 1458 1716 1509 Εἰ
1749 1457 1805 1510 δέ
1838 1456 1942 1510 ὑπὸ

372 1557 478 1626 γῆν
503 1553 631 1626 τρία
659 1551 796 1623 μέρη
824 1551 938 1603 ἐστ)⁵
957 1550 1098 1603 τότε·
1122 1550 1349 1603 ἕκαστον
1371 1549 1426 1602 δὲ
1447 1548 1555 1602 τῶν
1581 1548 1746 1621 τριῶν
1765 1550 1940 1621 τρισὶν

371 1645 546 1716 ὥραις
572 1643 939 1714 περιδινεῖταυ
966 1641 1085 1712 τρὶς
1105 1639 1245 1694 δὲτὰ
1269 1640 1394 1712 τρία
1418 1640 1572 1692 ἐννέα
1600 1640 1738 1692 ἐστί·
1762 1640 1938 1710 δῆλον,

370 1740 457 1793 ὅτι
478 1738 626 1790 ἔσται
654 1737 687 1807 ἡ
710 1731 803 1799 νὺξ
827 1733 984 1806 ὡρῶν
1010 1733 1052 1786 θ’
1076 1749 1088 1762 °
1109 1735 1230 1804 ἥτις
1248 1732 1503 1803 ἐλαχίστη
1524 1732 1669 1786 ἐστὶν
1690 1733 1747 1786 ἐν
1769 1730 1940 1802 τούτῳ

374 1833 455 1904 τῷ
483 1830 726 1901 κλίματι.

460 2096 518 2149 '0
544 2094 599 2147 δέ
631 2092 934 2165 χειμερινὸς
971 2090 1226 2164 τροπικδς
1263 2094 1444 2145 κεῖται
1477 2091 1678 2163 μεταξὺ
1705 2091 1798 2144 τοῦ
1827 2092 1950 2145 ἀντ-

377 2184 642 2260 αρκτικοῦ
689 2185 784 2239 καὶ
826 2184 918 2237 τοῦ
969 2182 1305 2256 ἰσημερινοῦ,
1355 2183 1593 2246 ἐναντίος
1632 2182 1711 2252 τῷ
1757 2182 1951 2254 θερινῷ

377 2277 644 2352 τροπικῴ,
686 2276 800 2340 ῐσος
825 2275 988 2328 αὑτοῦ
1017 2276 1296 2347 ὑπάρχων.
1341 2275 1670 2345 Ἐφάπτεται
1697 2274 1754 2327 δὲ
1787 2275 1948 2328 αὑτοῦ

375 2371 406 2424 6
450 2369 709 2435 ζωδιακὸς
755 2368 951 2431 κύκλος
999 2368 1139 2421 κατὰ
1189 2368 1280 2420 τὸν
1324 2367 1694 2438 Αίγοκέρωτα·
1745 2367 1865 2419 καθ’
1893 2366 1951 2420 ὃν

374 2463 671 2532 γενόμενος
698 2463 726 2514 6
758 2460 908 2531 ἥλιος
936 2461 1166 2513 ποιεῖται
1194 2458 1506 2531 χειμερινὰς
1539 2459 1765 2530 τροπάς.
1808 2457 1953 2510 Ἐκεῖ

378 2553 491 2625 γὰρ
521 2552 831 2622 γενόμενος,
862 2549 1208 2618 παυσάμενος
1235 2549 1331 2619 τῆς
1359 2549 1605 2611 καθόδου,
1633 2547 1793 2601 πάλιν
1821 2548 1954 2600 ἀνω-

376 2646 522 2716 τέρω
566 2636 772 2698 ἄνεισι·
815 2641 894 2694 διὸ
937 2641 1030 2694 καὶ
1076 2641 1250 2712 τροπὴ
1292 2639 1454 2692 αὑτοῦ
1506 2639 1721 2706 λέγεται
1765 2639 1798 2707 ἡ
1845 2635 1951 2689 ἀπὸ

378 2736 754 2806 Αίγοκέρωτος
806 2733 898 2785 ἐπὶ
948 2731 1219 2803 Καρκίνον
1266 2730 1469 2794 ἄνοδος.
1523 2729 1845 2800 Χειμερινὸς
1893 2728 1951 2782 δὲ

382 2829 609 2901 ἐκλήθη,
644 2830 726 2882 ὅτι
760 2829 816 2879 ἐν
841 2825 987 2895 αὐτῷ
1008 2824 1292 2895 γενόμενος
1314 2823 1342 2874 ὁ
1368 2822 1516 2892 ἥλιος
1541 2823 1598 2875 ἐν
1618 2821 1950 2893 Λίγοκέρωτι

383 2921 625 2993 χειμῶνα
659 2923 801 2972 ποιεῖ
822 2918 1137 2989 ἀκρότατον.
1177 2917 1319 2978 Ἵσος
1345 2915 1402 2967 δὲ
1431 2913 1506 2968 ὢν
1536 2909 1688 2978 οὗτος
1714 2916 1742 2967 6
1767 2931 1952 2984 χειμε-

2041 634 2276 690 εοὶειὶιίο
2305 639 2574 696 sumatur,
2608 629 2686 682 uti
2718 628 2921 682 dictum
2945 632 3055 689 est,
3100 623 3455 693 longissimus
3483 623 3600 678 dies

2040 726 2299 780 horarum
2328 722 2423 788 15;
2447 735 2786 790 consequens
2813 726 2891 774 est
2922 716 3298 778 brevissimam
3325 729 3448 770 esse
3472 723 3602 768 tunc

2043 825 2278 870 noctem.
2329 815 2506 884 Atque
2542 813 2646 866 hoc
2695 823 2819 865 cum
2849 801 3070 863 aliunde
3117 804 3465 862 manifestum
3495 814 3599 868 est,

2043 916 2156 963 tum
2193 908 2381 970 exiis,
2429 923 2550 977 qua:
2587 907 2787 960 Aratus
2834 903 3087 972 explicat.
3133 901 3268 956 Nam
3317 901 3363 957 si
3409 901 3517 956 dici
3550 911 3604 964 et

2043 1001 2221 1056 noctis
2241 999 2587 1055 intervallum
2616 998 2876 1052 horarum
2905 1003 2992 1051 est
3017 995 3210 1066 viginti
3238 1005 3472 1066 quatuor
3500 1014 3512 1049 :
3539 1010 3604 1050 ac

2044 1095 2311 1164 tropicum
2333 1091 2598 1147 circulum
2630 1089 2689 1144 in
2713 1096 2896 1159 partes
2934 1089 3059 1142 octo
3089 1087 3329 1142 dividere
3353 1095 3563 1156 Oportet
3583 1099 3602 1153 ‘;

2043 1201 2274 1258 quarum
2303 1184 2558 1254 quaelibet
2587 1182 2753 1236 trium
2780 1189 2866 1235 eSt
2893 1179 3152 1233 horarum
3170 1191 3191 1233 ‘:
3221 1195 3344 1232 cum
3370 1185 3461 1234 ter
3481 1186 3607 1233 octo

2045 1281 2155 1335 sint
2172 1277 2357 1348 viginti
2389 1285 2651 1346 quatuor;
2671 1267 2930 1343 quoniam
2959 1286 3025 1326 ex
3042 1277 3164 1325 octo
3182 1271 3429 1341 partibus
3447 1272 3607 1342 quin-

2045 1387 2150 1442 que
2199 1385 2364 1440 supra
2399 1378 2599 1423 terram
2633 1366 2896 1429 eminent,
2947 1373 3002 1419 et
3047 1379 3385 1434 unaquaeque
3428 1363 3608 1420 tribus

2046 1464 2196 1519 horis
2225 1462 2459 1518 volvitur
2494 1482 2507 1517 :
2541 1467 2670 1516 sunt
2712 1467 2892 1513 autem
2934 1457 3224 1528 quinquies
3258 1464 3342 1511 ter
3378 1455 3610 1527 quinde-

2045 1555 2151 1608 cim
2184 1572 2197 1608 :
2230 1567 2453 1608 necesse
2477 1559 2559 1607 est
2578 1549 2890 1620 quindecim
2919 1547 3176 1602 horarum
3202 1547 3453 1602 diurnum
3476 1548 3610 1603 solis

2045 1659 2165 1700 esse
2187 1651 2413 1698 motum.
2443 1642 2600 1709 Quod
2641 1641 2687 1696 si
2722 1649 2852 1695 tunc
2879 1639 3120 1710 quinque
3160 1648 3287 1695 sunt
3317 1647 3500 1708 partes
3524 1638 3611 1694 irr-

2048 1736 2128 1791 fra
2172 1745 2400 1804 terram;
2429 1750 2660 1807 quarum
2694 1733 2948 1804 qualibet
2988 1734 3148 1788 trium
3202 1733 3460 1788 horarum
3492 1747 3613 1804 spa-

2044 1829 2122 1883 tio
2166 1830 2381 1883 cietur:
2415 1842 2539 1881 cum
2573 1827 2684 1881 sint
2710 1833 2808 1884 .ter
2855 1823 2963 1877 tria
3003 1839 3234 1889 novem;
3263 1824 3610 1893 perspicuum

1973 1923 2015 1979 B
2043 1932 2127 1977 est
2162 1930 2374 1976 noctem
2406 1921 2559 1975 horis
2602 1929 2853 1976 constare
2894 1932 3087 1973 novem
3115 1934 3130 1984 ;
3163 1932 3284 1987 quae
3311 1925 3395 1974 est
3434 1919 3500 1973 in.
3519 1918 3610 1973 illo

2052 2020 2230 2067 tractu
2257 2012 2598 2068 brevissima.

2120 2103 2392 2158 Hibernus
2424 2103 2666 2172 trapicus
2700 2102 2844 2158 inter
2878 2103 3239 2158 antarcticum
3267 2101 3532 2158 circulum
3561 2111 3614 2158 et

2050 2194 2488 2264 aequinoctialem
2536 2193 2746 2262 positus
2789 2199 2894 2263 est,
2935 2202 3125 2262 contra
3173 2203 3332 2264 atque
3364 2194 3614 2264 tropicus

2050 2289 2291 2354 aestivus,
2321 2287 2408 2340 cui
2433 2286 2543 2356 87
2571 2293 2653 2340 est
2676 2286 2922 2356 aequalis.
2956 2284 3119 2342 Hunc
3144 2286 3400 2342 zodiacus
3429 2288 3488 2342 in
3512 2286 3616 2341 Ca-

2050 2380 2306 2449 pricorno
2335 2378 2600 2449 contingit
2629 2397 2641 2432 :
2677 2379 2730 2432 in
2761 2393 2871 2448 quo
2896 2379 2978 2433 sol
3009 2379 3293 2435 hibernum
3322 2380 3615 2435 solstitium

2050 2468 2229 2524 eﬂicit.
2259 2468 2392 2522 Illuc
2417 2469 2561 2524 enim
2597 2467 2688 2522 ubi
2729 2470 3152 2539 pervenit,,non
3200 2471 3344 2525 ultra
3391 2470 3618 2526 descen-

2050 2560 2162 2628 dit;
2192 2560 2288 2615 sed
2325 2559 2624 2615 ascendere
2671 2575 2866 2615 rursus
2913 2560 3136 2629 incipit;
3175 2573 3453 2630 propterea
3479 2576 3619 2616 con-

2048 2653 2228 2709 versio
2257 2651 2404 2706 illius
2430 2650 2630 2705 dicitur
2655 2666 2684 2704 a
2703 2651 3037 2722 Capricorno
3058 2651 3125 2705 ad
3143 2649 3410 2707 Cancrum
3430 2669 3594 2710 ascen

2051 2743 2154 2798 sio.
2182 2740 2298 2798 Jam
2341 2740 2604 2796 hibernus
2636 2740 2759 2796 ideo
2792 2741 3128 2806 nominatur,
3161 2742 3309 2811 quod
3369 2757 3494 2797 cum
3543 2743 3620 2797 ibi

2051 2836 2133 2891 sol
2160 2835 2215 2890 in
2236 2834 2570 2904 Capricorno
2598 2841 2868 2898 versatur,
2903 2849 3178 2888 summam
3203 2835 3433 2890 hiemem
3465 2835 3616 2891 facit.

2050 2925 2187 2979 Cum
2232 2933 2413 2981 autem
2449 2924 2696 2995 tropicus
2736 2925 3000 2980 hibernus
3045 2925 3236 2981 aestivo
3268 2926 3340 2981 sit
3370 2926 3617 2996 aqualis,

385 3015 528 3086 ρινὸς
554 3011 812 3083 τροπικδς
843 3010 920 3080 τῷ
954 3006 1148 3080 θερινῷ
1175 3005 1438 3077 τροπικῷ,
1469 3006 1678 3078 ἐτμήθη
1705 3008 1782 3070 είς
1807 3006 1949 3078 μέρη

2053 3016 2304 3072 similiter
2347 3025 2513 3088 atque
2561 3019 2651 3072 hic
2698 3017 2752 3071 in
2785 3025 2974 3089 partes
3023 3025 3148 3073 octo
3199 3018 3478 3074 dividitur.
3513 3017 3621 3074 Sed

381 3112 454 3175 η’,
490 3103 738 3173 καθάπερ
771 3103 996 3162 ἐκεῖνος.
1029 3097 1346 3152 Τούναντίον
1377 3093 1470 3151 οὖν
1496 3097 1686 3170 ἐκείνῳ
1711 3097 1819 3164 ags;
1845 3099 1952 3152 ἀπὸ

2053 3108 2350 3174 contrario,
2387 3124 2553 3179 quam
2589 3108 2703 3175 ille,
2735 3107 2896 3163 modo
2929 3108 2998 3163 de
3027 3108 3276 3179 partibus
3307 3116 3430 3162 octo
3459 3107 3622 3179 quin-

383 3196 491 3249 τῶν
516 3201 564 3266 η’
599 3192 779 3264 μερῶν
804 3191 962 3244 πέντε
1001 3189 1098 3260 μὲν
1121 3188 1226 3241 ὑπὸ
1257 3188 1380 3260 γῆν,
1419 3189 1543 3260 τρία
1566 3188 1623 3242 δὲ
1651 3189 1789 3260 ὑπὲρ
1823 3189 1947 3258 γῆν·

2053 3212 2160 3268 que
2195 3197 2336 3253 infra
2362 3206 2587 3265 terram,
2617 3206 2732 3254 tres
2757 3213 2926 3268 supra
2957 3207 3155 3253 terram
3179 3198 3370 3265 habet;
3402 3207 3462 3253 ut
3495 3207 3623 3254 tunc

385 3289 462 3351 ὡς
494 3261 740 3354 γίνεσθαι
762 3283 859 3354 τήν
888 3282 1096 3354 ἡμέραν
1120 3280 1239 3334 τότε
1267 3279 1570 3352 ἐλαχίστην,
1603 3281 1690 3333 ὅτε
1718 3283 1774 3334 ἐν
1803 3282 1952 3350 Alvo-

2061 3291 2381 3347 brevissima
2408 3291 2526 3347 dies
2557 3291 2650 3357 sit,
2679 3306 2803 3346 cum
2825 3291 2910 3345 sol
2931 3289 3323 3360 Capricornum
3353 3292 3622 3348 transiens

385 3381 587 3449 κέρωτι
620 3376 906 3446 γενόμενος
941 3376 970 3426 6
1008 3373 1158 3443 ἥλιος
1194 3371 1489 3441 ἐφάπτεται
1519 3371 1614 3424 τοῦ
1646 3371 1952 3444 χειμερινοῦ

2059 3380 2342 3435 hibernum
2373 3381 2642 3452 tr0picum
2676 3381 2918 3452 attingit;
2951 3381 3209 3435 horarum
3236 3382 3484 3438 videlicet
3522 3399 3622 3438 no-

383 3469 646 3543 τροπικοῦ
667 3486 680 3499 ο
713 3469 830 3540 ἦτοι
860 3466 1016 3538 ὡρῶν
1049 3464 1092 3517 θ’
1113 3480 1127 3494 ⁸
1170 3465 1268 3535 τὴν
1302 3464 1357 3517 δὲ
1391 3462 1561 3517 νύκτα
1595 3463 1751 3534 ὡρῶν
1783 3470 1823 3516 ε’
1862 3466 1952 3518 καὶ

2057 3487 2174 3526 vcm
2209 3490 2221 3526 :
2256 3487 2364 3526 nox
2400 3482 2582 3528 autem
2624 3473 2885 3527 horarum
2919 3472 3231 3543 quindecim
3260 3492 3277 3528 :
3310 3475 3535 3544 perinde
3559 3491 3625 3532 ac

369 3562 539 3626 δέκα,
574 3560 713 3615 κατὰ
740 3559 830 3612 τὸν
858 3557 1016 3611 αὑτὸν
1048 3557 1202 3626 λόγον
1228 3555 1305 3626 τῷ
1325 3555 1518 3626 θερινῷ
1547 3555 1810 3627 τροπικῷ.

473 3653 529 3706 '0
556 3653 612 3705 δὲ
648 3650 976 3722 ίσημερινὸς,
1015 3647 1214 3718 μεταξὺ
1261 3648 1366 3700 τῶν
1399 3647 1562 3700 πέντε
1600 3646 1958 3716 παραλλήλων

390 3743 664 3814 κείμενος,
711 3741 910 3812 μείζων
941 3741 1056 3793 ἐστὶ
1087 3737 1192 3793 τῶν
1228 3738 1400 3792 ἄλλων
1432 3737 1709 3808 τεσσάρων
1728 3755 1740 3768 ·
1775 3737 1960 3809 ἐπειδὴ

389 3835 479 3889 διὰ
492 3833 582 3887 τοῦ
600 3834 824 3905 κέντρου
843 3833 940 3903 τὴν
957 3830 1304 3902 περιφέρειαν
1326 3830 1456 3900 ἔχει.
1482 3831 1630 3884 Ποιεῖ
1649 3830 1705 3882 δὲ
1725 3832 1782 3883 ἐν
1815 3829 1960 3900 αύτῷ

394 3931 424 3982 ὁ
456 3927 607 3998 ἥλιος
650 3925 748 3989 τὰς
801 3923 1202 3996 προειρημένας
1247 3923 1339 3976 δύο
1387 3923 1706 3994 ἰσημερίας·
1744 3922 1960 3994 ἐαρινὴν

398 4021 497 4094 μὲν
535 4023 592 4074 ἐν
630 4019 785 4091 Κριῷ
825 4018 1130 4088 γενόμενος,
1175 4017 1547 4086 μετοπωρινὴν
1572 4015 1627 4068 δέ
1649 4017 1706 4068 ἐν
1734 4015 1956 4086 Χηλαῖς.

407 4112 740 4184 Ἰσημερινὸς
759 4110 814 4163 δὲ
839 4110 1074 4178 λέγεται,
1099 4107 1282 4179 ἐπειδὴ
1305 4108 1362 4159 ἐν
1382 4107 1527 4184 αὐτῷ
1550 4107 1646 4171 τὰς
1678 4107 1963 4178 ἰσημερίας

391 4206 542 4256 ποιεῖ
577 4206 605 4256 ὁ
631 4202 799 4274 ἥλιος.
839 4201 882 4252 Τ
888 4200 1080 4271 μηθεὶς
1107 4199 1163 4267 δὲ
1201 4200 1280 4262 είς
1310 4204 1379 4271 η’,
1410 4197 1648 4268 τέσσαρα
1691 4199 1787 4269 μὲν
1823 4199 1960 4270 ὑπὲρ

393 4293 523 4362 γῆν,
544 4290 783 4361 τέσσαρα
820 4289 875 4341 δὲ
905 4289 1008 4341 ὑπὸ
1050 4290 1153 4359 γῆν
1181 4287 1291 4354 ἕξει
1339 4287 1508 4359 μέρη⁶
1542 4290 1634 4342 καὶ
1665 4288 1810 4342 ἔστιν
1852 4288 1964 4352 ἴσος

393 4385 476 4456 τῷ
505 4380 754 4452 ζωδιακῷ
781 4381 876 4433 καὶ
905 4379 982 4450 τῷ
1013 4378 1262 4450 γαλαξίᾳ.

474 4476 632 4538 Ἴσως
656 4473 700 4525 δ’
723 4473 786 4526 ἄν
805 4490 888 4535 τις
919 4471 1189 4542 ζητήσειε,
1216 4469 1330 4535 πῶς
1362 4470 1568 4542 ἔφαμεν
1601 4473 1658 4525 ἐν
1689 4471 1788 4542 μὲν
1820 4471 1963 4543 θερι-

397 4571 521 4631 ναῖς
553 4567 779 4637 τροπαῖς
815 4563 1104 4633 γενόμενον
1126 4563 1217 4615 τὸν
1242 4563 1393 4633 ἥλιον
1421 4569 1480 4615 ιε’
1509 4563 1664 4634 ὡρῶν
1689 4563 1786 4635 τὴν
1824 4564 1961 4635 ἡμέ-

402 4677 503 4732 ραν
543 4659 743 4710 ποιεῖν’
789 4657 845 4708 ἐν
879 4655 934 4708 δὲ
973 4657 1304 4725 χειμεριναῖς
1339 4655 1402 4718 θ’,
1433 4654 1594 4708 ὁπότε
1632 4657 1688 4706 ἐν
1712 4658 1825 4718 τοῖς
1861 4673 1962 4725 μη-

399 4753 643 4822 χανικοῖς
664 4747 991 4820 ὡρολογίοις,
1032 4747 1126 4799 καὶ
1158 4744 1484 4816 ύδρολογίοις
1507 4746 1592 4798 ἀεὶ
1631 4747 1664 4815 ἡ
1693 4745 1872 4815 ἡμέρα
1898 4746 1963 4814 ιβ’

395 4844 560 4914 ὡρῶν
585 4842 850 4910 φαίνεται.
885 4839 1126 4907 Λέγομεν
1151 4834 1263 4901 οὖν,
1295 4838 1397 4904 ὅτι,
1417 4837 1602 4906 ῶσπερ
1628 4837 1733 4899 πᾶς
1758 4835 1964 4907 ἅνθρω-

400 4952 503 4997 πος
522 4935 681 4985 πέντε
707 4930 979 4984 δακτύλων
1002 4929 1112 4999 ἔχει
1138 4929 1234 5000 τὴν
1259 4930 1434 4999 χεῖρα,
1457 4930 1584 4989 παῖς
1609 4944 1668 4979 τε
1691 4927 1784 4980 καὶ
1805 4927 1960 4997 ἀνὴρ,

400 5028 464 5078 ού
493 5025 596 5097 μὴν
623 5025 789 5089 ἴσους,
816 5022 1088 5090 ἀναλόγως
1115 5022 1207 5074 καὶ
1234 5021 1326 5073 ἐπὶ
1354 5019 1460 5073 τῶν
1491 5019 1710 5091 ἡμερῶν
1739 5020 1832 5072 καὶ
1855 5018 1963 5072 τῶν

401 5115 610 5171 νυκτῶν
633 5114 767 5187 πρὸς
796 5113 856 5166 τὸ
887 5113 1111 5183 μέγεθος
1140 5113 1233 5165 καὶ
1265 5111 1361 5182 τὴν
1395 5111 1667 5181 ταχυτῆτα
1700 5109 1842 5180 ἔχειν
1864 5127 1964 5179 φα-

405 5210 510 5280 μὲν
540 5208 639 5271 τὰς
667 5207 846 5278 ὥρας·
891 5206 984 5258 καὶ
1014 5205 1262 5274 μεγάλων
1298 5205 1394 5274 μὲν
1424 5203 1680 5274 μεγάλας,
1715 5202 1962 5274 σμικρῶν

399 5301 463 5355 δὲ
497 5301 748 5371 σμικράς.
781 5298 924 5368 Πρὸς
953 5293 1044 5350 οὖν
1085 5295 1180 5360 τὰς
1210 5295 1519 5367 χειμερινὰς
1542 5295 1754 5366 ἡμέρας
1789 5295 1846 5347 αἱ
1873 5293 1961 5345 θε-

407 5396 554 5466 ριναὶ
598 5392 828 5463 μεγάλαι
874 5387 1047 5452 οὖσαι,
1089 5395 1146 5442 ιε’
1195 5388 1340 5459 ὥρας
1389 5389 1701 5460 ίσημερινῆς
1751 5386 1960 5458 ἡμέρας

403 5485 680 5557 διάστημα
709 5485 946 5555 ἔχουσαι,
978 5484 1056 5546 είς
1087 5481 1150 5552 ιβ’
1181 5480 1452 5550 ἀναλόγως
1487 5481 1709 5553 διῃρέθη
1741 5481 1783 5534 ⁸.
1807 5481 1878 5532 Τὸ
1907 5480 1964 5534 δὲ

395 5578 538 5632 αὐτὸ
567 5580 661 5631 καὶ
690 5581 781 5631 ἐπὶ
804 5575 1010 5630 νυκτῶν
1033 5574 1300 5645 μεγάλων,
1331 5575 1424 5629 καὶ
1454 5574 1684 5646 μικρῶν,
1709 5576 1802 5630 καὶ
1825 5577 1963 5647 ἡμει

407 5669 521 5740 ρῶν
553 5670 573 5700 ³
610 5670 818 5740 μικρῶν
844 5669 1055 5725 σκόπει,

476 5869 498 5901 ⁷
526 5870 567 5938 f.
600 5871 717 5941 τρὶς
742 5871 817 5926 δέ.

2055 3564 2267 3632 tropico
2288 3563 2477 3620 aestivo
2500 3564 2725 3628 accidit,

2126 3653 2548 3724 {Equinoctialis
2593 3656 2836 3711 circulus
2889 3657 3102 3714 medius
3149 3657 3292 3714 inter
3332 3659 3625 3729 parallelos

2058 3750 2300 3818 quinque
2324 3789 2341 3812 .
2371 3757 2609 3821 quatuor
2639 3751 2866 3821 reliquis
2896 3753 3071 3822 major
3102 3761 3187 3808 est
3212 3791 3229 3817 ,
3263 3754 3406 3823 quod
3435 3768 3464 3806 a
3497 3769 3626 3807 cen-

2059 3849 2146 3893 tro
2172 3839 2403 3894 ducatur
2433 3841 2554 3910 ejus
2586 3841 2845 3895 ambitus.
2875 3842 2932 3896 In
2962 3857 3028 3896 eo
3055 3843 3138 3897 sol
3168 3841 3279 3897 duo
3307 3842 3434 3896 facit
3459 3843 3626 3912 ιυᾳυί-

2061 3930 2272 3994 noctia,
2307 3947 2427 4001 quae
2452 3947 2615 4001 supra
2639 3933 2935 3987 memoravi
2963 3951 2977 3987 :
3011 3948 3237 3989 vernum
3289 3949 3411 3988 cum
3439 3944 3522 3988 est
3569 3935 3625 3989 in

2062 4022 2246 4078 Ariete
2272 4042 2285 4077 :
2325 4023 2638 4077 autunmale
2667 4031 2850 4079 autem
2871 4067 2886 4090 ,
2913 4026 2967 4079 in
2998 4023 3179 4080 Libra.
3203 4024 3625 4096 [Equinoctialis

2060 4107 2110 4162 ei
2145 4123 2342 4162 nomen
2372 4117 2486 4174 est,
2524 4108 2781 4177 quoniam
2820 4109 2876 4163 in
2912 4109 3038 4179 ipso
3067 4109 3391 4180 aequinoctia
3425 4109 3563 4166 ﬁunt
3594 4126 3626 4165 a

2062 4198 2198 4253 sole.
2236 4196 2333 4252 ilic
2366 4199 2414 4252 si
2448 4198 2502 4251 in
2536 4205 2726 4268 partes
2757 4207 2882 4254 octo
2913 4200 3212 4264 tribuatur,
3252 4209 3487 4270 quatuor
3528 4215 3626 4256 su-

2063 4305 2160 4360 pra
2202 4299 2400 4345 terram
2447 4302 2648 4359 erunt;
2693 4290 2837 4345 intra
2869 4291 3132 4360 totidem;
3165 4302 3354 4363 estque
3403 4291 3628 4347 sodiaco

2063 4383 2287 4452 aequalis
2319 4391 2372 4438 et
2401 4384 2578 4438 lacteo
2607 4383 2837 4439 circulo.

2135 4474 2308 4545 Roget
2352 4475 2550 4545 aliquis
2597 4491 2698 4530 cur
2747 4475 3088 4544 dixerimus,
3135 4475 3303 4530 solem
3354 4475 3408 4530 in
3438 4475 3628 4538 estjvo

2065 4567 2302 4621 solstitio
2351 4568 2709 4622 constitutum
2765 4559 3025 4622 horarum
3075 4567 3386 4637 quindecim
3448 4566 3629 4622 facere

2064 4659 2205 4713 diem
2233 4676 2248 4725 ;
2283 4659 2338 4712 in
2369 4657 2630 4724 hiberno,
2663 4675 2856 4714 novem
2890 4677 2903 4712 :
2937 4673 3062 4713 cum
3099 4666 3284 4712 tamen
3311 4659 3366 4712 in
3403 4659 3627 4714 mecha-

2065 4749 2200 4802 nicis
2232 4748 2531 4818 horologiis
2574 4758 2627 4803 et
2677 4749 3008 4820 hydrologiis
3039 4750 3157 4804 dies
3187 4757 3451 4819 perpetuo
3478 4749 3629 4804 horis

2064 4839 2350 4894 duodecim
2377 4849 2630 4896 constare
2662 4841 2931 4896 videatur.
2958 4840 3092 4895 Huic
3115 4841 3187 4896 ita
3211 4842 3622 4912 reSpondcmus,

2065 4930 2520 5000 quemadmodum
2554 4932 2716 4987 homo
2749 4931 2978 5001 quilibet
3007 4940 3121 4986 tam
3162 4948 3299 5002 puer
3326 4948 3488 5002 quam
3519 4934 3624 4995 vir,

2068 5021 2267 5092 quinos
2299 5022 2357 5076 in
2409 5037 2575 5075 manu
2622 5021 2821 5093 digitos
2852 5022 3056 5090 habet;
3093 5039 3201 5078 non
3235 5033 3414 5078 tamen
3446 5039 3626 5093 mqua-

2070 5112 2148 5166 les
2177 5131 2190 5166 :
2223 5112 2465 5168 eamdem
2505 5115 2666 5185 plane
2697 5115 2753 5169 in
2783 5115 2977 5171 diebus
3017 5131 3081 5170 ac
3134 5116 3384 5170 noctibus
3420 5103 3630 5184 magni-

2071 5203 2278 5258 tudinis
2344 5219 2408 5259 ac
2484 5205 2783 5262 celeritatis
2837 5207 3102 5260 rationem
3160 5206 3324 5261 horas
3384 5205 3627 5260 habere:

2070 5296 2206 5350 adeo
2237 5306 2294 5352 ut
2327 5312 2648 5368 magnarum
2681 5313 2889 5369 magna:
2921 5299 3073 5365 sint;
3119 5314 3408 5368 parvarum
3445 5297 3628 5352 itidem

2071 5401 2270 5458 parvae.
2291 5388 2460 5460 igitur
2479 5391 2650 5445 aestivi
2683 5390 2798 5446 dies
2825 5391 3065 5446 hibernis
3093 5391 3326 5460 majores
3348 5390 3630 5444 intervallo

2069 5489 2327 5536 constant
2355 5481 2610 5535 horarum
2641 5481 2708 5535 15
2736 5481 3229 5551 :equinoctialium,
3261 5495 3381 5550 quae
3410 5479 3462 5532 in
3495 5480 3630 5534 duo-

2072 5571 2248 5626 decim
2288 5573 2636 5642 proportione
2675 5572 3011 5628 dividuntur.
3054 5573 3196 5627 Idem
3235 5588 3367 5643 ergo
3408 5571 3630 5642 majori-

2071 5663 2175 5718 bus
2219 5679 2282 5718 ac
2340 5664 2646 5720 minoribus
2680 5665 2748 5720 de
2777 5667 3067 5732 noctibus,
3119 5674 3173 5722 et
3226 5665 3525 5738 majoribus
3565 5675 3631 5717 ac

2074 5755 2374 5813 minoribus
2403 5756 2593 5814 diebus
2628 5765 2710 5814 est
2736 5757 3023 5827 judicium.

926 5871 947 5903 ⁸
981 5872 1020 5939 f.
1049 5871 1390 5944 διῃρέθησαν.
1466 5875 1485 5906 θ
1521 5869 1666 5925 Deest
1698 5871 1966 5940 μεγοῖλων,
1993 5874 2102 5924 καί.
