4040 6206
513 356 618 412 9Ἱῦ

1529 352 1619 407 AD
1656 349 1924 408 EUSEBII
1962 345 2353 404 CHRONICON
2395 343 2760 401 APPENDIX.

3650 346 3753 404 976

588 469 837 528 Paralleli
865 469 1105 542 quinque
1135 471 1324 527 circuli
1361 479 1623 528 vocantur
1658 470 1922 526 translata
1952 484 1982 523 a
2018 469 2064 522 li.

2253 465 2588 538 Παράλληλοι
2608 465 2665 518 δὲ
2687 462 2989 535 ἐκλήθησαν
3009 461 3058 514 οί
3075 459 3115 514 ε’
3141 459 3328 515 κύκλοι
3350 460 3458 515 ἀπὸ
3473 459 3584 516 τῶν
3607 467 3753 537 παρὰ

515 567 634 622 ncis
687 563 1083 635 appellatione,
1134 579 1271 634 quas
1317 570 1608 634 geometrze
1658 561 1947 633 parallelas
1996 576 2090 615 vo-

513 669 660 714 cant.
695 655 974 726 Ejusmodi
1017 657 1366 710 nominantur
1406 656 1473 711 ab
1519 655 1586 709 iis
1634 655 1819 719 linem,
1870 669 1990 724 qua:
2032 654 2087 708 in

513 750 703 805 eodem
747 748 910 818 plano
958 747 1151 816 posita:
1191 747 1338 803 nulla
1369 754 1522 818 parte
1553 748 1610 802 in
1639 763 1698 803 se
1727 747 1968 802 invicem
2003 747 2088 801 in-

513 841 740 895 clinant.
787 837 895 893 Sed
941 853 1040 892 nos
1067 837 1346 893 facilitatis
1381 839 1553 910 gratia
1586 839 1654 894 ab
1681 855 1748 894 eo
1775 838 1921 908 quod
1950 852 2087 893 con-

513 945 751 1002 sequens
797 935 883 984 est
915 942 1010 983 cos
1041 928 1396 998 explicemus.
1433 927 1728 984 Parallelos
1763 929 1944 999 itaque
1977 927 2085 981 cir-

513 1025 666 1079 culos
712 1037 836 1078 esse
883 1019 1116 1074 dicimus
1161 1035 1286 1084 eos,
1321 1020 1415 1088 qui
1466 1035 1496 1074 a
1541 1021 1978 1076 circumferentia
2017 1019 2083 1074 ad

509 1115 1010 1172 circumferentiam
1060 1111 1304 1168 eamdem
1338 1113 1704 1184 undequaque
1739 1113 2081 1168 latitudine

512 1209 754 1275 habent;
805 1207 909 1262 etsi
963 1221 1071 1260 non
1112 1205 1334 1278 aequalis
1385 1206 1532 1261 inter
1575 1220 1766 1260 omnes
1796 1204 2081 1275 interiecta

508 1301 737 1357 latitudo
769 1300 858 1356 sit.

756 1413 834 1469 De
872 1430 1128 1468 zonarum
1160 1431 1192 1466 α
1220 1429 1275 1467 se
1306 1413 1524 1470 invicem
1555 1411 1834 1469 distantia.

573 1507 663 1562 26.
706 1507 880 1578 Atque
911 1515 970 1560 ut
1009 1505 1201 1560 horum
1233 1507 1512 1561 intervalla
1539 1520 1962 1576 cognoscamus,
1998 1506 2080 1560 di-

504 1599 723 1653 vidatur
753 1598 965 1668 sphaera
1004 1611 1100 1666 per
1131 1605 1379 1652 centrum
1403 1635 1420 1661 ,
1451 1597 1532 1650 sic
1564 1607 1621 1650 ut
1653 1596 1894 1664 parallcli
1943 1596 2080 1650 bifa-

506 1691 643 1746 riam
703 1698 977 1754 secentur,
1026 1688 1173 1743 velut
1218 1703 1314 1743 eos
1341 1689 1514 1742 coluri
1563 1687 1849 1754 dividunt;
1903 1690 2079 1758 sitque

2187 562 2297 624 τοῖς
2329 557 2667 628 γεωμέτραις
2695 554 3050 628 παραλλήλων
3089 553 3384 626 γραμμῶν.
3412 557 3753 631 Παράλληλοι

2186 650 2242 704 δὲ
2269 648 2523 721 γραμμαὶ
2547 649 2792 716 λέγονται
2819 648 2949 718 παρ’
2975 647 3158 710 αὐτοῖς
3179 648 3232 698 αἱ
3263 647 3322 700 έν
3349 645 3427 718 τῷ
3460 649 3610 719 αὐτῷ
3631 651 3750 702 sm-

2186 742 2330 812 πέδῳ
2352 737 2526 806 οὖσαι,
2548 740 2640 794 καὶ
2664 739 2736 812 μὴ
2760 740 3160 811 συμπίπτουσαι
3183 738 3277 790 ἐπὶ
3293 739 3570 811 μηδέτερα
3589 742 3746 814 μέρη.

2184 833 2486 906 Σαφηνείας
2517 833 2572 886 δὲ
2606 833 2765 886 ἕνεκα
2799 833 2863 885 ὲκ
2895 830 2987 885 τοῦ
3026 830 3557 901 παρακολουθοῦντος
3590 833 3750 887 εἴπω-

2186 945 2303 998 μεν.
2337 927 2520 997 Φαμὲν
2566 921 2679 988 οὖν,
2706 926 2786 977 ὅτι
2830 923 3159 996 παράλληλοί
3185 926 3319 977 είσιν
3353 926 3404 976 οί
3439 924 3626 978 κύκλοι
3653 944 3743 996 με-

2181 1019 2312 1086 ταξὺ
2351 1018 2592 1090 ἀλλήλων
2629 1017 2736 1072 ἀπὸ
2776 1015 3128 1088 περιφερείας
3162 1017 3252 1069 ἐπὶ
3297 1018 3654 1087 περιφέρειαν
3691 1019 3747 1072 τὸ

2183 1112 2294 1163 ίσον
2325 1110 2423 1180 μὲν
2464 1108 2665 1171 πλάτος
2693 1107 2905 1177 ἔχοντες
2946 1105 3301 1177 πανταχόθεν,
3331 1108 3392 1159 ού
3433 1107 3613 1178 μέντοι
3641 1108 3748 1161 ίσον

2181 1200 2274 1253 καὶ
2300 1201 2360 1254 τὸ
2384 1200 2582 1264 πλάτος
2606 1199 2664 1252 τὸ
2697 1199 2896 1270 μεταξὺ
2932 1199 3129 1252 αὐτῶν.

2180 1405 2317 1476 Περὶ
2347 1405 2456 1473 τῆς
2487 1405 2634 1474 πρὸς
2665 1402 2943 1468 ἀλλήλας
2979 1401 3096 1456 τῶν
3124 1399 3318 1462 ζωνῶν
3355 1402 3739 1469 διαστάσεως.

2249 1505 2359 1564 κς’.
2393 1498 2508 1550 Ἵνα
2550 1497 2606 1549 δὲ
2662 1497 2756 1558 καὶ
2801 1495 2869 1551 τὰ
2905 1497 3105 1568 μεταξὺ
3153 1495 3354 1550 τούτων
3405 1495 3743 1565 διαστήματα

2182 1591 2459 1662 μάθωμεν,
2489 1588 2627 1642 ἔστω
2650 1589 2956 1660 τεμνομένη
2982 1591 3015 1660 ή
3051 1591 3253 1659 σφαῖρα
3287 1587 3376 1640 διὰ
3404 1587 3495 1640 τοῦ
3520 1587 3740 1659 κέντρου

2176 1683 2366 1754 αὐτῆς,
2397 1681 2535 1734 ὥστε
2568 1681 2688 1752 δίχα
2712 1681 3001 1751 τέμνεσθαι
3031 1681 3153 1744 τοὺς
3191 1679 3583 1751 παραλλήλους,
3614 1679 3740 1733 καθ-

505 1782 750 1838 circulus
782 1781 872 1836 ille
900 1781 1137 1850 partium
1165 1779 1234 1834 60
1263 1779 1640 1849 hemisphaeria
1660 1821 1674 1845 ,
1702 1795 1835 1850 ergo
1864 1780 2064 1850 singula

2177 1778 2318 1848 άπερ
2385 1776 2488 1828 ὑπὸ
2546 1774 2652 1827 τῶν
2703 1773 2971 1846 κολούρων
3019 1774 3344 1843 τέμνονταιο
3395 1774 3488 1824 καὶ
3537 1772 3678 1825 ἔστω
3713 1775 3740 1824 ὁ

507 1874 731 1944 triginta
761 1874 997 1944 partium
1027 1880 1206 1928 erunt.
1254 1871 1420 1943 Igitur
1448 1874 1515 1926 ab
1548 1872 1827 1927 horizonte
1866 1872 1932 1924 ad
1976 1873 2064 1927 bo-

2176 1868 2369 1932 κύκλος
2416 1863 2566 1930 οὗτος
2611 1867 2813 1938 μοιρῶν
2855 1866 2916 1932 ξ’.
2958 1867 3228 1920 Ἔκαστον
3264 1860 3356 1918 οῦν
3386 1864 3739 1936 ἡμισφαίριον

506 1967 706 2022 realem
738 1967 919 2036 polum
953 1982 1048 2021 sex
1093 1968 1194 2020 erit
1238 1966 1472 2036 partium
1520 1965 1900 2029 intervallum,
1947 1967 2071 2018 toti-

505 2058 630 2112 dem
655 2097 670 2122 ,
702 2065 836 2127 quot
869 2057 1088 2128 triginta
1121 2065 1248 2112 sunt
1275 2057 1329 2111 in
1359 2055 1740 2126 hemisphaario
1768 2055 2066 2125 superiore.

506 2151 680 2204 Tanta
709 2157 792 2205 est
818 2150 962 2204 enim
992 2149 1284 2205 eminentis
1313 2149 1424 2218 poli
1453 2149 1522 2202 ab
1555 2147 1836 2203 horizonte
1861 2148 2071 2202 distzn-

505 2242 604 2296 tia.
649 2239 930 2311 Siquidem
977 2240 1152 2296 centri
1199 2240 1373 2296 instar
1416 2246 1500 2296 est
1534 2239 1772 2296 borealis
1816 2241 1974 2311 polus
2004 2240 2072 2294 ad

505 2333 770 2388 ambitum
803 2332 991 2388 arctici
1021 2331 1236 2387 circuli.
1269 2330 1329 2385 ln
1357 2331 1504 2386 omni
1539 2338 1722 2386 autem
1751 2331 1958 2385 circulo
1986 2346 2070 2385 re-

503 2431 606 2479 cta:
649 2437 838 2480 omnes
884 2438 915 2477 a
961 2431 1151 2478 centro
1189 2423 1366 2478 ductae
1408 2423 1476 2477 ad
1526 2424 1793 2479 ambitum
1833 2424 2070 2492 aequales

503 2522 632 2571 sunt
681 2514 932 2569 invicem.
991 2513 1340 2569 Intervallum
1394 2517 1462 2570 ab
1509 2516 1717 2569 arctico
1765 2515 1970 2570 circulo
2001 2515 2069 2569 ad

500 2605 773 2676 tropicum
804 2607 1051 2662 aestivum
1080 2606 1315 2676 partium
1342 2608 1447 2663 erit
1472 2608 1750 2678 quinque;
1780 2608 1849 2661 ab
1879 2608 2068 2662 aestivo

503 2696 714 2766 tropico
765 2696 834 2750 ad
883 2697 1317 2766 aequinoctialem
1372 2699 1612 2768 partium
1667 2705 1940 2768 quatuor;
1999 2697 2067 2751 ab

434 2829 439 2836 .
498 2788 862 2858 aequinoctiali
897 2789 966 2844 ad
1008 2791 1298 2847 hibernum
1345 2792 1650 2862 tropicum,
1703 2791 1888 2846 itidem
1931 2806 2066 2860 qua-

498 2889 662 2946 tuor;
693 2880 762 2935 ab
792 2880 1018 2936 hiberno
1052 2883 1264 2951 tropico
1308 2883 1375 2937 ad
1414 2883 1752 2938 horizontem
1779 2922 1794 2947 ,
1831 2883 2064 2952 partium

499 2973 779 3044 quinque;
831 2973 899 3027 ab
946 2974 1231 3028 horizonte
1284 2972 1352 3026 ad
1406 2974 1588 3042 polum
1636 2975 1963 3039 australem,
2011 2981 2064 3028 et

500 3081 715 3135 semper
744 3066 1048 3130 occultum,
1079 3074 1261 3135 partes
1289 3075 1450 3120 erunt
1481 3083 1615 3134 sex;
1655 3067 1724 3121 ab
1751 3067 1938 3122 eodem
1969 3081 2063 3119 au—

499 3159 654 3214 strali
699 3161 824 3230 polo
865 3159 933 3212 ad
973 3159 1286 3214 inferiorem
1323 3160 1583 3214 ambitum
1628 3160 1819 3214 circuli
1869 3167 1993 3214 anta
2009 3175 2061 3212 r-
2086 3197 2131 3255 ο

495 3248 659 3314 ctici,
688 3264 780 3305 sex
813 3259 1038 3320 partes;
1087 3252 1156 3306 ab
1185 3251 1485 3308 antarctico
1529 3252 1735 3307 circulo
1782 3253 1836 3307 in
1879 3253 2057 3308 hemi-

495 3341 730 3410 sphaerio
758 3341 1014 3398 inferiore
1040 3342 1106 3396 ad
1132 3343 1465 3400 horizontem
1483 3385 1496 3411 ,
1527 3354 1581 3400 et
1604 3353 1909 3400 contactum
1939 3345 2058 3415 ejus

497 3440 661 3500 atque
694 3435 885 3488 arctici
921 3435 1150 3501 circuli,
1191 3437 1377 3493 eadem
1409 3453 1516 3508 qua
1548 3437 1603 3492 in
1633 3438 1899 3508 superiori
1932 3453 2058 3510 pro-

497 3523 778 3594 portione,
811 3527 1034 3597 reliqum
1065 3537 1191 3584 sunt
1225 3537 1406 3599 partes
1435 3528 1760 3585 octodecim.
1801 3527 2058 3585 Nonnulli

499 3615 765 3685 sphaeram
797 3632 892 3686 per
923 3619 1081 3690 polos
1109 3619 1420 3676 dividentes
1441 3660 1455 3681 .
1503 3621 1646 3676 velut
1681 3637 1777 3692 per
1804 3622 2054 3690 coluros,

495 3706 778 3762 intervalla
812 3711 1197 3779 parallelorum
1228 3712 1284 3766 in
1313 3712 1481 3767 latum
1517 3729 1626 3768 non
1669 3715 1724 3768 in
1753 3721 1934 3782 partes
1962 3714 2052 3779 60,

494 3797 589 3852 sed
623 3797 679 3876 in
709 3799 814 3853 360
845 3799 1178 3858 distribuunt
1206 3819 1220 3867 ;
1253 3803 1692 3874 quandoquidem
1737 3820 1915 3862 annus
1952 3807 2056 3860 565

494 3889 688 3946 diebus
735 3900 968 3948 constat.
1018 3894 1185 3949 Aiunt
1233 3911 1363 3966 ergo
1412 3895 1692 3951 dimidium
1739 3897 1893 3968 ejus,
1943 3901 2056 3955 sive

495 3984 747 4052 superius
776 3984 1209 4054 hemiSpltaarium
1229 4026 1246 4052 ,
1282 3994 1466 4057 partes
1495 3989 1740 4044 obtinere
1771 3989 1874 4044 180
1901 4006 1915 4056 ;
1949 3997 2053 4044 tot-

494 4073 635 4129 idem
676 4075 921 4132 inferius.
957 4076 1033 4131 Ex
1075 4079 1275 4148 quibus
1305 4080 1373 4132 ab
1404 4080 1687 4135 horizonte
1729 4081 1797 4135 ad
1829 4083 2052 4138 boream

492 4163 676 4232 polum
697 4203 712 4227 ,
745 4171 800 4219 et
829 4164 1075 4220 altiorem
1108 4167 1369 4222 ambitum
1397 4170 1587 4224 circuli
1617 4173 1804 4226 arctici
1825 4212 1840 4237 ,
1872 4183 2052 4242 partes

491 4263 618 4308 aunt
641 4253 746 4320 58;
778 4270 808 4310 a
838 4254 1002 4311 boreo
1032 4259 1156 4326 polo
1184 4257 1252 4311 ad
1274 4260 1536 4315 arcticum
1564 4261 1832 4316 circulum
1863 4272 2052 4332 partes

493 4346 612 4401 alizc
637 4347 704 4401 38
733 4365 747 4412 ;
795 4348 862 4404 ab
908 4349 1114 4404 arctico
1145 4349 1212 4402 ad
1259 4350 1506 4406 aestivum
1541 4354 1835 4422 tropicum,
1872 4364 2052 4422 partes

489 4439 596 4505 24;
627 4455 656 4492 a
687 4441 898 4510 tropico
922 4442 1112 4496 aestivo
1141 4442 1211 4498 ad
1237 4443 1668 4512 aequinoctialem
1687 4485 1702 4508 ,
1731 4453 1915 4514 partes
1937 4445 2007 4499 24
2033 4463 2046 4511 ;

2170 1962 2274 2016 ἀνὰ
2297 1962 2338 2014 λ’
2370 1960 2569 2033 μοιρῶν
2593 1960 2723 2025 ἕξει.
2769 1960 2900 2013 Ἀπὸ
2920 1960 3097 2014 τοίνυν
3122 1958 3215 2013 τοῦ
3239 1957 3509 2030 ὁρίζοντος
3532 1957 3624 2010 ἐπὶ
3652 1957 3738 2008 τὸν

2173 2054 2378 2127 βόρειον
2401 2055 2559 2108 πόλον
2579 2054 2637 2119 ἒξ
2657 2053 2858 2126 μοιρῶν
2880 2054 3032 2108 ἔσται
3056 2052 3329 2124 διάστημα
3356 2052 3462 2104 τῶν
3479 2051 3619 2121 ὑπὲρ
3636 2049 3736 2119 γῆν

2170 2148 2262 2201 τοῦ
2283 2149 2637 2220 ἡμισφαιρίου
2665 2148 2707 2200 λ’
2735 2146 2936 2219 μοιρῶν
2956 2164 2969 2176 ·
2989 2146 3237 2200 τοσοῦτον
3262 2145 3370 2216 γὰρ
3397 2143 3504 2197 ἀπὸ
3519 2142 3612 2196 τοῦ
3635 2142 3738 2213 ὁρί-

2170 2239 2352 2304 ζοντος
2381 2242 2474 2293 ἐπὶ
2503 2241 2592 2294 τὸν
2623 2240 2830 2312 βόρειον
2880 2239 3039 2293 πόλον
3079 2239 3194 2292 ἐστὶ
3231 2238 3290 2291 τὸ
3332 2236 3566 2308 ἕξαρμα.
3607 2236 3735 2289 Ἀπὸ

2171 2333 2268 2403 μὲν
2301 2333 2407 2405 γὰρ
2436 2333 2530 2386 τοῦ
2559 2332 2767 2404 βορείου
2802 2333 2963 2386 πόλου
2985 2333 3077 2386 ἐπὶ
3107 2332 3204 2403 τὴν
3233 2331 3345 2385 ἄνω
3383 2328 3734 2402 περιφέρειαν

2167 2423 2260 2477 τοῦ
2302 2424 2564 2495 άρκτικοῦ
2603 2423 2804 2476 κύκλου
2850 2423 3076 2495 κέντρου
3125 2423 3276 2489 τάξιν
3318 2421 3431 2492 ἔχει
3463 2423 3492 2474 ὁ
3529 2421 3731 2492 βόρειος

2167 2517 2354 2580 πόλος·
2389 2517 2495 2570 ἀπὸ
2520 2515 2576 2568 δὲ
2603 2515 2697 2568 τοῦ
2735 2516 2899 2586 μέσου
2930 2515 3153 2586 κέντρου
3184 2515 3384 2578 παντὸς
3409 2514 3504 2567 τοῦ
3535 2514 3730 2567 κύκλου

2165 2608 2220 2660 αἱ
2249 2605 2635 2676 ὲκὸαλλόμεναι
2666 2605 2872 2658 εὐθεῖαι
2909 2607 2988 2668 είς
3024 2606 3121 2677 τὴν
3169 2605 3523 2678 περιφέρειαν
3564 2607 3730 2658 πᾶσαι

2166 2699 2277 2752 ίσαι
2303 2697 2558 2769 ἀλλήλαις
2607 2697 2734 2750 είσί.
2760 2698 2832 2750 Τὸ
2861 2697 2916 2751 δὲ
2948 2699 3056 2752 ἀπὸ
3098 2697 3191 2751 τοῦ
3225 2696 3486 2769 ἀρκτικοῦ
3531 2697 3729 2751 κύκλου

2163 2791 2435 2861 διάστημα
2463 2792 2554 2843 ἐπὶ
2579 2789 2668 2843 τὸν
2700 2789 2907 2861 θερινὸν
2943 2790 3196 2861 τροπικὸν
3241 2790 3392 2844 ἔσται
3424 2791 3637 2862 μοιρῶν
3655 2795 3724 2843 ε’·

2161 2881 2222 2934 τὸ
2245 2883 2302 2935 δὲ
2333 2882 2440 2935 ἀπὸ
2474 2880 2566 2934 τοῦ
2605 2881 2818 2953 θερινοῦ
2859 2881 3117 2952 τροπικοῦ
3157 2883 3249 2934 ἐπὶ
3287 2882 3378 2934 τὸν
3417 2883 3727 2954 ίσημερινὸν

2163 2973 2313 3027 ἔσται
2345 2974 2546 3045 μοιρῶν
2565 2973 2606 3027 δ’
2626 2989 2640 3004 ·
2678 2973 2740 3026 τὸ
2767 2975 2822 3027 δὲ
2845 2974 2951 3028 ἀπὸ
2991 2975 3084 3028 τοῦ
3113 2975 3426 3047 ίσημερινοῦ
3453 2977 3614 3048 μέχρι
3634 2977 3728 3029 τοῦ

2161 3065 2469 3139 χειμερινοῦ
2514 3065 2774 3138 τροπικοῦ
2813 3066 2965 3120 ἔσται
3007 3067 3114 3120 τῶν
3153 3069 3282 3121 ἰσων
3319 3067 3634 3138 τεσσάρων
3671 3068 3728 3119 τὸ

2161 3158 2216 3212 δὲ
2249 3159 2358 3212 ἀπὸ
2389 3158 2480 3211 τοῦ
2512 3158 2818 3230 χειμερινοῦ
2847 3155 3106 3230 τροπικοῦ
3140 3159 3300 3230 μέχρι
3331 3159 3424 3214 τοῦ
3456 3160 3726 3231 ὁρίζοντος

2167 3250 2371 3321 μοιρῶν
2405 3248 2470 3302 ε’·
2497 3251 2605 3304 ἀπο
2622 3251 2679 3303 es
2707 3249 2800 3304 τοῦ
2823 3250 3091 3322 ὁρίζοντος
3115 3252 3206 3304 ἐπὶ
3231 3251 3320 3305 τὸν
3340 3251 3511 3306 νότιον
3544 3251 3724 3316 πόλον,

2161 3342 2252 3394 καὶ
2277 3342 2362 3394 ἀεὶ
2390 3341 2588 3412 ἀφανῆ,
2619 3343 2803 3413 μοῖραί
2833 3345 2937 3396 εἱσι
2963 3348 3014 3407 ς’
3038 3360 3051 3374 ο
3084 3343 3192 3397 ἀπὸ
3221 3341 3277 3396 δὲ
3313 3343 3406 3396 τοῦ
3439 3341 3603 3396 αὐτοῦ
3637 3360 3724 3396 νοο

2158 3435 2271 3488 τίου
2307 3435 2468 3488 πόλου
2495 3437 2587 3489 ἐπὶ
2612 3436 2708 3507 τὴν
2735 3437 2883 3490 κάτω
2907 3435 3208 3508 περιφορὰν
3236 3435 3328 3490 τοῦ
3359 3435 3723 3507 ἀνταρκτικοῦ

2157 3528 2214 3579 αἱ
2243 3526 2424 3579 λοιπαὶ
2445 3526 2576 3602 ,ἑξῆς
2617 3534 2685 3597 ιη’
2713 3529 2896 3598 μοῖραι
2914 3545 2928 3560 ο
2955 3527 3061 3580 ἀπὸ
3095 3527 3206 3580 δὲ’·
3225 3527 3318 3580 τοῦ
3364 3525 3720 3596 ἁνταρκτικοῦ

2157 3621 2215 3671 ὲν
2242 3617 2319 3688 τῷ
2350 3620 2497 3674 κάτω
2537 3620 2876 3691 ἡμισφαιρίῳ
2918 3620 3078 3692 μέχρι
3120 3618 3214 3672 τοῦ
3255 3618 3547 3690 ὁρίζοντος,
3589 3618 3721 3672 καθὸ

2157 3710 2455 3778 ἐφάπτεται
2479 3713 2507 3763 ὁ
2537 3711 2793 3782 ἀρκτικὸς
2828 3711 3023 3775 κύκλος
3051 3711 3237 3775 αὑτοῦ,
3292 3712 3569 3780 ἀναλόγως
3609 3713 3719 3772 τοῖς

2156 3801 2567 3872 προειρημένοις
2607 3802 2746 3874 ὑπὲρ
2783 3803 2886 3872 γῆς
2925 3804 3306 3876 εὑρεθήσονται
3333 3803 3396 3855 ¹⁰.
3444 3803 3599 3867 Τινὲς
3640 3803 3717 3862 δὲ,

2153 3893 2437 3963 τέμνοντες
2474 3895 2571 3967 τὴν
2617 3899 2848 3967 σφαῖραν
2880 3895 2969 3950 διὰ
3008 3895 3115 3949 τῶν
3164 3895 3360 3962 πόλων,
3397 3894 3587 3966 ῶσπερ
3632 3894 3720 3948 διὰ

2153 3985 2260 4039 τῶν
2311 3987 2604 4058 κολούρων,
2631 3991 2700 4040 τὰ
2738 3987 2935 4058 μεταξὺ
2971 3988 3075 4042 τῶν
3105 3989 3461 4060 παραλλήλων
3492 3989 3715 4057 διαστή-

2157 4095 2299 4148 ματα
2329 4079 2468 4131 κατὰ
2503 4079 2700 4142 πλάτος
2728 4080 2828 4132 οὐκ
2869 4082 2948 4142 εἰς
2976 4078 3016 4143 ξ’
3046 4081 3236 4152 μοίρας
3273 4080 3576 4151 τέμνουσιν,
3601 4077 3714 4130 ἀλλ’

2153 4169 2232 4232 εἰς
2279 4169 2387 4234 τε·
2421 4171 2603 4242 ἐπειδὴ
2647 4172 2737 4223 καὶ
2779 4173 2807 4222 ὁ
2841 4172 3080 4234 ἐνιαυτὸς
3131 4170 3235 4238 τξε’
3265 4172 3410 4225 ἐστὶν
3459 4169 3706 4242 ἡμερῶνο

2153 4262 2244 4314 καί
2285 4277 2444 4330 φασιν
2489 4259 2576 4332 ρπ⁹
2605 4257 2743 4316 εἶναι
2795 4263 2985 4332 μοίρας
3013 4263 3073 4315 τὸ
3115 4263 3308 4333 ἥμισυ,
3335 4264 3452 4334 ἤτοι
3479 4261 3535 4313 τὸ
3567 4259 3708 4330 ὑπὲρ

2152 4353 2253 4422 γῆς
2279 4353 2629 4424 ἡμισφαίριον
2653 4370 2666 4383 ·
2705 4354 2798 4407 καὶ
2826 4354 2986 4408 πάλιν
3017 4362 3105 4426 ρπ¹
3137 4355 3196 4408 τὸ
3227 4355 3333 4408 ὑπὸ
3354 4358 3471 4427 γῆν.
3512 4351 3602 4416 Ἐξ
3631 4345 3706 4404 ῶν

2150 4445 2257 4498 ἀπὸ
2292 4445 2390 4514 μὲν
2423 4444 2514 4497 τοῦ
2547 4446 2820 4516 ὁρίζοντος
2849 4447 3010 4517 μέχρι
3042 4446 3252 4518 βορείου
3293 4447 3456 4501 πόλου
3485 4445 3576 4500 καὶ
3610 4443 3710 4513 τῆς

491 4534 558 4587 ab
582 4534 943 4602 aequinoctiali
971 4535 1038 4589 ad
1068 4534 1353 4590 hibernum
1388 4536 1689 4605 tropicum,
1724 4543 1905 4606 partes
1935 4537 2006 4591 Ἡ
2033 4554 2048 4603 ;

2165 4537 2504 4608 περιφερείας
2519 4539 2611 4592 τοῦ
2630 4539 2888 4610 ἀρκτικοῦ
2905 4539 3104 4594 κύκλου
3129 4541 3228 4611 τῆς
3255 4541 3588 4612 ὑψηλοτέρας
3605 4540 3713 4593 εἰσὶ

418 4658 421 4660 -
490 4623 619 4677 hinc
659 4622 726 4679 ad
771 4627 1161 4691 antarcticum,
1215 4627 1306 4699 qui
1358 4623 1695 4683 horizontem
1745 4628 2045 4698 contingit,

490 4717 607 4769 alia;
637 4725 817 4786 partes
844 4716 930 4773 '52.
961 4717 1052 4773 Ha:
1083 4733 1274 4775 omnes
1303 4720 1466 4774 simul
1496 4721 1736 4775 collectae
1763 4719 1898 4775 fiunt
1923 4721 2044 4775 180.

493 4805 582 4859 Sic
613 4807 750 4861 infra
792 4816 993 4864 terram
1031 4809 1221 4866 eodem
1265 4811 1426 4866 modo
1469 4819 1654 4881 partes
1686 4812 1909 4868 totidem
1941 4812 2047 4868 180

489 4907 864 4956 numerantur.
911 4899 1210 4958 Possumus
1251 4912 1304 4958 et
1354 4903 1641 4974 parallelos
1692 4904 1824 4958 istos
1868 4913 2046 4960 rectos

489 4992 792 5045 nominare.
825 4991 927 5057 Qui
957 4994 1028 5048 ob
1059 4994 1112 5050 id
1143 5003 1520 5058 assumuntur,
1553 5003 1613 5049 ut
1660 4995 1905 5052 boreales
1946 5011 2044 5050 au-

489 5081 792 5150 stralesque
821 5091 998 5150 partes
1022 5099 1116 5154 per
1139 5086 1252 5156 88
1279 5101 1372 5140 eas
1403 5085 1614 5142 facilius
1644 5101 2001 5158 agnoscamus
2025 5105 2041 5140 :

491 5180 603 5223 tum
637 5171 798 5223 etiam
829 5176 1210 5230 conversiones
1240 5175 1495 5231 hibernas
1544 5185 1599 5231 et
1651 5177 1887 5241 azstivas,
1945 5191 2043 5233 nec

487 5275 598 5315 non
631 5259 1031 5330 aequinoctiales
1057 5278 1252 5319 vernas
1284 5274 1337 5320 et
1369 5267 1727 5324 autumnales.

2156 4631 2339 4700 μοῖραι
2359 4627 2440 4698 λη’
2459 4647 2471 4660 ·
2501 4631 2608 4684 ἀπὸ
2629 4630 2685 4684 δὲ
2709 4630 2801 4685 τοῦ
2829 4632 3034 4702 βορείου
3058 4634 3152 4686 ἐπὶ
3185 4632 3278 4686 τὸν
3311 4633 3569 4704 ἀρκτικὸν
3600 4634 3714 4702 μοῖ-

2154 4737 2245 4790 ραι
2275 4721 2426 4776 άλλαι
2451 4723 2562 4794 λη’⁶
2597 4723 2703 4778 ἀπὸ
2734 4724 2791 4777 δὲ
2825 4725 2916 4778 τοῦ
2951 4725 3209 4798 ἁρκτικοῦ
3248 4725 3407 4796 μέχρι
3445 4725 3536 4778 τοῦ
3571 4725 3713 4795 θερι-

2149 4811 2242 4864 νοῦ
2265 4813 2523 4884 τροπικοῦ
2558 4818 2741 4888 μοῖραί
2769 4817 2873 4870 εἰσι
2897 4817 2971 4869 κδ’
2990 4834 3002 4846 ·
3031 4818 3137 4870 ἀπὸ
3160 4816 3216 4870 δὲ
3241 4816 3334 4870 τοῦ
3357 4816 3568 4889 θερινοῦ
3589 4833 3712 4888 τρο-

2150 4903 2310 4956 πικοῦ
2344 4905 2504 4977 μέχρι
2531 4907 2622 4960 τοῦ
2667 4908 2979 4980 ίσημερινοῦ
3019 4912 3203 4981 μοῖραι
3243 4911 3352 4966 κδ”
3389 4911 3497 4966 ἀπὸ
3525 4912 3583 4966 δὲ
3620 4913 3712 4966 τοῦ

2153 4995 2466 5068 ίσημερινοῦ
2499 4998 2602 5062 ἕως
2629 4999 2722 5053 τοῦ
2754 5001 3061 5072 χειμερινοῦ
3089 5003 3348 5074 τροπικοῦ
3382 5007 3566 5076 μοῖραι
3602 5002 3709 5058 κδ’·

2150 5089 2256 5142 ἀπὸ
2302 5089 2356 5142 δὲ
2395 5090 2486 5142 τοῦ
2532 5093 2838 5163 χειμερινοῦ
2893 5095 2996 5158 ἕως
3040 5095 3134 5148 τοῦ
3180 5096 3565 5167 ἀνταρκτικοῦ,
3621 5095 3712 5148 τοῦ

2150 5179 2524 5253 ἐφαπτομένου
2571 5183 2664 5236 τοῦ
2715 5185 3008 5256 ὁρίζοντος,
3045 5188 3199 5242 ἄλλαι
3247 5189 3353 5242 εἰσὶ
3388 5193 3574 5258 μοῖραι
3614 5187 3710 5255 λβ’.

2195 5267 2316 5327 ὗται
2348 5273 2426 5340 δὲ,
2477 5277 2568 5329 ἐπὶ
2614 5277 2674 5330 τὸ
2714 5278 2844 5332 αὐτὸ
2875 5280 3173 5351 γινόμεναι,
3219 5279 3295 5344 ὡς
3340 5281 3586 5351 εἴπομεν,
3625 5284 3715 5351 pr!

485 5358 740 5428 γίνονται.
791 5359 1018 5430 Ὁμοίως
1059 5361 1116 5413 δὲ
1159 5361 1253 5414 καὶ
1295 5362 1398 5416 ὑπὸ
1426 5363 1531 5433 γῆν
1575 5363 1715 5418 κατὰ
1743 5365 1835 5419 τὸν
1881 5365 2040 5419 αὑτὸν
2069 5367 2264 5438 τρόπον
2299 5371 2408 5424 ῐσαι
2446 5371 2598 5426 άλλαι
2635 5380 2720 5444 ρπ¹
2780 5378 2981 5448 μοῖραι.
3023 5377 3285 5430 Δύνανται
3334 5375 3390 5429 δὲ
3415 5377 3465 5430 οἱ
3504 5373 3712 5446 παράλ-

485 5452 633 5523 ληλοι
676 5448 818 5508 οὗτοι
850 5457 940 5509 καί⁵
978 5457 1126 5527 ὁρθοὶ
1166 5457 1440 5511 καλεῖσθαι
1464 5474 1480 5489 ο
1512 5461 1933 5532 παρελήφθησαν
1976 5461 2033 5515 δὲ
2060 5463 2199 5535 ὑπὲρ
2227 5465 2319 5518 τοῦ
2353 5467 2887 5542 εὐπαρακολούθητον
2909 5474 3038 5544 ἡμῖν
3082 5475 3180 5545 τὴν
3227 5473 3403 5545 Δδεῖξιν
3458 5469 3710 5541 γενέσθαι

481 5544 591 5599 τῶν
639 5545 983 5639 βορειοτέρων
1023 5551 1115 5602 καὶ
1157 5553 1515 5624 νοτιωτέρων·
1552 5555 1644 5608 καὶ
1677 5553 1817 5608 ὥστε
1845 5555 2045 5624 γνῶναι
2095 5559 2241 5628 ἡμᾶς
2281 5559 2379 5624 τὰς
2421 5564 2754 5634 χειμερινὰς,
2813 5567 2906 5621 καὶ
2952 5543 3059 5631 τὰς
3099 5543 3334 5639 θερινὰς,
3377 5566 3592 5629 καὶτὰς
3631 5567 3709 5619 lc-

483 5636 765 5707 ημερινὰς,
797 5640 888 5691 καὶ
915 5640 1150 5712 ἐαρινὰς,
1183 5643 1275 5696 καὶ
1306 5646 1678 5718 μετοπωρινὰς
1701 5647 1924 5718 τροπάς.

549 5776 591 5807 θ’
629 5773 748 5845 ch.
784 5777 1139 5849 ὰνταρτιτικοῦ
1173 5781 1351 5852 μοῖραί
1373 5784 1508 5836 εἰσιν
1543 5785 1632 5849 έξο
1659 5785 1764 5840 ἀπὸ
1794 5785 1871 5854 δέ,
1907 5793 2014 5845 etc.
2097 5789 2139 5822 ¹⁰
2169 5787 2289 5861 Leg.
2325 5791 2462 5864 ὑπὲρ
2491 5793 2593 5862 γῆς
2616 5793 2670 5849 αἱ
2693 5794 2875 5849 λοιπαὶ
2910 5793 2976 5866 ιη’
3013 5798 3197 5867 μοῖραι
3230 5797 3638 5867 εὑρεθήσονται.
