4040 6206
1125 332 1446 391 ACHILLIS
1489 336 1675 392 ΤΑΤΙΙ
1715 336 1869 392 ISAG

1975 339 2010 393 E
2047 339 2136 393 AD
2177 341 2382 397 ABATI
2419 342 2884 402 ΡΗΑΞΝΟΜΕΝΑ.
3517 351 3626 413 978

2673 462 2749 516 De
2778 465 2992 520 coluris.

384 329 491 388 977
580 315 584 324 '

929 452 1068 519 Περὶ
1091 454 1412 522 κολούρων.
1981 462 2031 521 Α

455 563 558 631 κζ’.
587 564 651 616 Oi
701 563 758 618 δὲ
802 563 1044 636 κόλουροι
1071 567 1175 619 εἰσι
1218 565 1317 638 μὲν
1345 567 1437 622 δύο
1473 568 1580 622 άπὸ
1626 569 1814 642 βορέου
1862 573 1870 625 ἑ

2135 574 2226 652 27.
2274 575 2386 629 Duo
2419 583 2547 629 sunt
2580 577 2752 631 coluri
2788 595 2818 632 a
2851 583 3221 650 septentrione
3269 585 3334 638 ad
3375 586 3620 644 austrum
3653 572 3663 597 ²

372 659 548 721 νότον,
574 655 662 710 διὰ
679 655 783 710 τῶν
797 656 973 710 πόλων
986 657 1272 729 τέμνοντες
1286 660 1385 729 τὴν
1403 664 1632 732 σφαῖραν
1653 665 1748 716 καλ⁸
1758 666 1870 727 τοὺς

2053 681 2151 737 per
2182 667 2362 742 polos
2393 668 2657 738 sphaeram
2704 669 2932 741 ejusque
2985 673 3220 730 circulos
3260 692 3449 734 omnes
3493 695 3620 750 par-

367 752 511 822 αύτῇ
528 750 734 814 πάντας
747 748 936 814 ἄλλους
947 749 1324 815 κύκλουςΕἰσὶ
1335 753 1390 805 δὲ
1409 754 1654 824 μέγιστοι
1670 756 1764 810 καὶ
1775 757 1870 810 αύτ

367 840 448 874 ,ξυ-
470 839 534 874 rm
550 839 637 874 sui.
666 838 760 874 ιρλῆ
783 839 1007 874 νέω-ΛΑ..
1033 840 1134 874 ...τι
1151 842 1386 874 mut.--
1410 845 1631 874 .t......'.....
1680 846 1867 874 ναίω.-.

2053 757 2272 816 tientes.
2327 757 2497 815 Iidem
2550 762 2774 816 maximi
2822 771 2983 828 sunt,
3017 774 3077 820 ut
3105 767 3196 837 qui
3233 784 3326 838 per
3371 779 3645 874 centrum.

2052 847 2278 874 -.ιιυνηυυι
2311 858 2594 874 ο---.,.-..-ι
2659 851 2855 874 Ω----ι
2892 861 3055 874 ---Αιμ
3111 858 3122 868 ο
3149 857 3213 874 ινα
3268 873 3271 874 ,
3431 867 3444 874 ι
3601 865 3611 874 .

364 840 448 904 ὡς
467 839 534 894 ἂν
550 839 638 894 διὰ
666 838 760 893 τοῦ
783 839 1007 910 κέντρου
1033 840 1134 911 τῆς
1151 842 1386 914 σφαίρας
1410 845 1654 914 ἠγμένοι.
1680 846 1870 918 Τέμνοι

2051 838 2279 918 sphaera:
2311 858 2620 906 transeunt.
2659 851 2859 907 Secant
2887 861 3064 912 autem
3110 857 3348 924 idcirco,
3393 867 3451 914 ut
3487 846 3640 940 anni?

363 932 447 997 δὲ,
484 933 568 987 ἵνα
593 931 693 996 τὰς
719 933 760 986 δ’
791 933 941 1006 ὥρας
964 933 1059 987 τοῦ
1091 935 1334 989 ἐνιαυτοῦ
1369 935 1564 1008 ῥᾳδίως
1596 938 1870 1010 καταλαμε

2048 946 2396 1011 tempestates
2429 953 2669 1013 quatuor
2697 947 2854 1002 facile
2887 947 3284 1009 discernamus.
3319 952 3453 1008 Nam
3487 937 3641 1009 cum"

363 1043 568 1096 νωμεν.
594 1028 662 1080 Τε
672 1027 909 1097 μνόντων
931 1028 1039 1099 γὰρ
1067 1029 1269 1084 τούτων
1289 1029 1550 1101 ἀλλήλους
1566 1032 1660 1085 καὶ
1679 1032 1776 1104 τὴν
1795 1049 1870 1101 σφι

2045 1048 2166 1088 sese
2211 1043 2402 1089 mutuo
2442 1033 2719 1102 dividant,
2757 1039 3027 1108 sphaeram
3066 1041 3240 1112 ipsam
3286 1060 3501 1115 quoque
3529 1046 3612 1101 di-

361 1136 490 1190 ραν,
525 1120 856 1192 συμϐήσεται
883 1123 964 1186 είς
988 1122 1230 1194 τέσσαρα
1261 1123 1563 1194 τετμῆσθαι
1585 1141 1597 1154 ο
1630 1124 1769 1178 ὥστε
1814 1125 1870 1179 Ex

2041 1123 2150 1178 vidi
2181 1140 2406 1181 necesse
2449 1134 2534 1181 est
2560 1128 2626 1198 fin
2681 1137 2863 1200 partes
2895 1140 3149 1201 quatuor,
3181 1135 3314 1190 adeo
3348 1146 3404 1191 ut
3435 1139 3609 1208 quod-

361 1226 490 1264 στον
516 1210 624 1264 τῶν
657 1211 938 1284 τεσσάρων
969 1214 1271 1285 τμημάτων
1307 1216 1435 1288 μίαν
1459 1215 1605 1288 ὥραν
1639 1216 1730 1270 τοῦ
1758 1220 1870 1272 ἐνια

2041 1218 2172 1273 libet
2214 1235 2244 1274 e.
2290 1222 2589 1290 segmentis
2618 1232 2859 1293 quatuor
2890 1241 3043 1282 suam
3075 1228 3200 1282 anni
3233 1236 3604 1302 tempestatem

354 1300 457 1355 τοῦ
495 1302 658 1373 ἔχειν.
691 1305 800 1359 Καὶ
828 1308 856 1359 6
880 1305 980 1376 μὲν
1013 1305 1192 1361 αὐτῶν
1242 1307 1382 1362 κατὰ
1412 1309 1684 1379 Καρκίνον
1713 1311 1807 1365 καὶ
1844 1310 1870 1362 Δ

2037 1310 2298 1365 obtineat.
2331 1309 2372 1363 E
2399 1311 2607 1367 coluris
2639 1313 2762 1369 istis
2789 1314 3023 1373 alterius
3061 1318 3299 1375 ambitus
3340 1300 3437 1390 per
3461 1322 3604 1378 Can-

355 1395 641 1466 γοκέρωτα
665 1396 780 1468 ἔχει
811 1400 908 1471 τὴν
931 1400 1282 1473 περιφέρειαν
1299 1419 1311 1431 ·
1341 1401 1427 1456 διὰ
1450 1403 1548 1472 μὲν
1569 1403 1661 1456 τοῦ
1683 1403 1870 1475 ἐνὸςήι

2035 1418 2186 1458 crum
2228 1411 2282 1459 et
2332 1403 2727 1475 Capricornum
2766 1407 3015 1475 ducitur,
3057 1424 3121 1464 ac
3152 1426 3248 1482 per
3283 1412 3602 1469 semicircu-

352 1488 580 1542 κυκλίου
613 1489 872 1546 δεικνύων
908 1493 966 1546 ὲν
989 1494 1252 1566 Καρκίνῳ
1281 1494 1458 1566 θέρος,
1481 1495 1570 1549 διὰ
1589 1495 1644 1550 δὲ
1679 1496 1772 1550 τοῦ
1813 1498 1870 1549 ὲτ

2032 1493 2144 1547 lum
2177 1511 2342 1550 unum
2376 1505 2621 1553 aestatem
2653 1499 2859 1556 indicat
2887 1500 2940 1555 in
2971 1500 3183 1557 Cancro
3205 1547 3218 1569 ,
3249 1520 3347 1574 per
3371 1506 3598 1562 alterum

348 1599 453 1654 ρου
491 1583 549 1636 ἐν
579 1583 913 1656 Αῐγοκέρωτι
959 1586 1220 1657 χειμῶνα.
1258 1586 1314 1640 ὐ
1352 1587 1409 1640 δὲ
1440 1587 1580 1642 κατὰ
1624 1588 1791 1660 Κριὸν
1837 1607 1868 1641 κ

2031 1585 2263 1642 hiemem
2292 1589 2347 1644 in
2368 1591 2722 1661 Capricorno.
2751 1592 2988 1650 Alterius
3018 1596 3254 1653 ambitus
3280 1601 3476 1656 transit
3502 1616 3598 1671 per

346 1673 539 1745 Χηλὰς
563 1673 659 1747 τὴν
690 1676 1044 1747 περιφέρειαν
1066 1676 1178 1747 ἔχει
1199 1693 1212 1708 ·
1247 1677 1340 1731 καὶ
1362 1677 1512 1750 δηλοῖ
1531 1677 1628 1743 τὰς
1652 1679 1816 1743 ἄλλας
1836 1679 1870 1733 6‘

2029 1675 2265 1734 Arietem
2310 1688 2364 1736 et
2412 1680 2630 1737 Libram
2655 1724 2672 1750 ,
2703 1698 2767 1739 ac
2795 1685 2932 1742 duas
2971 1687 3108 1744 alias
3145 1690 3593 1760 tequinoctiorum

341 1769 498 1838 ὥρας
511 1769 610 1833 τὰς
635 1770 970 1842 ίσημερινάς·
995 1770 1093 1842 τὴν
1123 1771 1219 1841 μὲν
1237 1772 1455 1844 ἐαρινὴν
1477 1773 1534 1825 ὲν
1550 1773 1724 1844 Κριῷ,
1753 1772 1870 1844 τὴν‹

1975 1839 1991 1848 _
2028 1773 2381 1840 tempestates
2411 1774 2630 1830 exhibet
2658 1794 2671 1829 :
2708 1792 2933 1832 vernam
2963 1781 3018 1834 in
3043 1779 3226 1836 Ariete
3255 1799 3270 1848 ;
3303 1791 3591 1839 autumna-

345 1837 741 1931 μετοπωρινὴν
752 1837 815 1914 ὲν*
827 1837 1326 1932 Χηλαίςίιίδλουροι
1358 1837 1423 1915 δὲ’
1445 1837 1758 1935 κέκλτίνται,
1785 1837 1870 1916 διό

1975 1839 1992 1893 ἶ
2024 1859 2127 1914 lem
2163 1861 2217 1915 in
2250 1862 2435 1918 Libra.
2470 1863 2576 1931 Qui
2609 1867 2786 1922 coluri
2822 1877 3108 1941 propterea
3138 1884 3422 1939 vocantur,
3463 1881 3590 1949 quia

337 1951 591 2006 δοκοῦσιν
616 1953 746 2024 ἡμῖν
762 1951 1046 2008 κολοῦσθαι
1073 1952 1261 2024 ὥσπερ
1275 1953 1374 2018 τὰς
1388 1953 1574 2026 οὐρὰς,
1590 1954 1678 2010 διὰ
1704 1954 1763 2008 τὸ
1786 1956 1870 2026 ήμῑ

2021 1950 2178 2006 nobis
2216 1953 2366 2008 velut
2395 1956 2569 2011 cauda
2604 1959 2842 2014 mutilati
2888 1961 3164 2024 videntur.
3199 1981 3266 2020 eo
3293 1968 3436 2038 quod
3464 1983 3588 2040 par-

341 2047 422 2117 μὴ
451 2045 734 2115 φαίνεσθαι
772 2047 952 2101 αὐτῶν
991 2046 1059 2101 τὰ
1085 2048 1177 2100 ἐπὶ
1214 2048 1307 2100 τοῦ
1354 2047 1714 2120 άνταρκτικοῦ
1751 2049 1870 2121 μέρη

2017 2052 2100 2100 tes
2135 2046 2352 2102 illorum
2385 2048 2452 2103 ad
2477 2051 2662 2121 polum
2683 2055 3042 2110 antarcticum
3064 2058 3438 2116 occultantur:
3467 2064 3587 2134 qui-

336 2139 436 2191 καὶ
462 2140 645 2192 δοκεῖν·
691 2139 978 2193 κολοῦσῦαι
1015 2141 1210 2204 αὐτοὺς
1256 2142 1396 2195 κατὰ
1436 2140 1595 2194 τοῦτο
1625 2142 1684 2194 τὸ
1729 2142 1870 2214 μέρο.

2016 2139 2120 2194 bus
2149 2152 2204 2195 et
2238 2143 2475 2197 mutilati
2505 2145 2781 2223 videntur.
2815 2147 2949 2204 Nam
2997 2168 3117 2222 qua:
3154 2170 3366 2224 seraper
3416 2172 3583 2229 appa-

336 2227 662 2301 Συμϐέὸηκε
709 2229 815 2301 γάρ
845 2229 912 2284 τὰ
946 2231 1045 2301 μὲν
1087 2232 1194 2284 ἀπὸ
1221 2231 1313 2286 τοῦ
1359 2233 1650 2303 ἁειφανοῦς
1693 2233 1870 2287 κύκλοι

2014 2241 2168 2289 rente
2197 2234 2432 2301 circulo,
2472 2237 2524 2291 id
2561 2249 2645 2294 est
2687 2241 2929 2308 arctico,
2964 2246 3336 2310 continentur,
3365 2227 3579 2304 illorum

333 2315 584 2369 τουτέστι
607 2316 702 2370 τοῦ
729 2318 1012 2387 άρκτικοῦ,
1044 2319 1183 2391 μέρη
1215 2320 1530 2392 φαίνεσθαι·
1556 2323 1727 2378 ταῦτα
1761 2324 1815 2377 δὲ
1845 2343 1870 2377 τ

2013 2326 2324 2396 conspicua:
2355 2339 2481 2385 sunt
2515 2339 2731 2402 partes:
2767 2349 2888 2405 quae
2920 2351 3051 2392 vero
3080 2340 3381 2397 antarctico
3406 2342 3580 2400 inclu-

333 2407 482 2479 μέρη
532 2406 641 2462 τῶν
682 2408 953 2481 κολούρων
1000 2409 1214 2466 κύκλων
1266 2413 1336 2468 τά
1389 2414 1483 2469 τοῦ
1548 2417 1870 2490 ἀνταρκτικο

2010 2416 2232 2485 duntur,
2267 2435 2478 2493 semper
2506 2425 2750 2480 occultae.

329 2502 422 2555 ἀεὶ
450 2502 629 2574 ἁφανῆ
665 2497 823 2556 ἑῖναι.

850 2644 1002 2714 Περὶ.
1017 2645 1124 2700 τοῦ
1144 2646 1384 2714 ἄξονος.

2677 2650 2752 2703 De
2788 2670 2905 2708 axe.

398 2761 502 2825 κη’.
538 2757 724 2827 Διήκει
756 2757 812 2810 δὲ
839 2759 868 2811 6
896 2758 1040 2824 ἄξων
1073 2762 1181 2816 ἀπὸ
1206 2762 1299 2818 τοῦ
1340 2765 1563 2838 κέντρου
1591 2769 1681 2822 τοῦ
1715 2769 1903 2839 ἀρκτι-

325 2846 423 2898 aco-3
451 2844 653 2900 κύκλου
705 2847 791 2902 διὰ
840 2851 935 2904 τοῦ
983 2853 1206 2925 κέντρου
1240 2856 1340 2928 τῆς
1391 2858 1623 2929 σφαίρας
1670 2860 1774 2924 ἓως
1804 2861 1898 2915 τοῦ

319 2936 552 3008 κέντρου
582 2937 676 2992 τοῦ
707 2941 1090 3014 άνταρκτικοῦ.
1122 2947 1498 3020 Παρείληπται
1531 2950 1606 3016 δὲ,
1643 2953 1729 3007 ῖνα
1759 2955 1899 3024 γνῶ-

323 3047 425 3100 μεν
477 3031 560 3084 ὅτι
613 3034 742 3106 περὶ
786 3035 949 3090 αὑτὸν
979 3039 1074 3092 καὶ
1111 3039 1179 3091 τὰ
1208 3040 1351 3111 ἄκρα
1398 3043 1562 3097 αὐτοῦ
1618 3045 1838 3101 δινεῖται
1867 3050 1895 3102 6

316 3123 547 3195 οὐρανός
569 3141 581 3155 ·
617 3125 803 3200 ὥσπερ
837 3130 963 3201 περὶ
1012 3131 1304 3202 ἁρμάτειον
1343 3135 1506 3201 ἄξονα
1544 3136 1806 3192 δινοῦνται
1841 3143 1890 3193 οῖ

316 3216 521 3287 τροχοί.
547 3218 657 3288 Τὴν
686 3219 743 3273 δὲ
782 3220 912 3292 ὓλην
942 3223 1108 3276 αὐτοῦ
1139 3225 1238 3278 οὐκ
1279 3225 1512 3292 ἐδίδαξεν
1553 3230 1697 3298 ἡμᾶς
1723 3234 1890 3303 Ἀρα-

313 3325 440 3372 τος·
471 3308 585 3362 ἀλλ’
624 3311 700 3374 ὡς
741 3313 798 3365 ἐν
839 3316 1053 3385 ποιήσει
1104 3316 1491 3390 μυθικώτερον,
1545 3321 1732 3396 ὥσπερ
1764 3326 1885 3378 ὀϐε-

312 3401 500 3455 λίσκον
537 3403 697 3456 αὑτὸν
736 3400 906 3460 εἶπεν.
936 3408 998 3460 Εἰ
1041 3408 1138 3478 μὲν
1163 3405 1255 3463 οὖν
1301 3410 1444 3480 λέγοι
1475 3431 1557 3478 τις
1599 3417 1758 3470 αὐτοῦ
1789 3419 1885 3490 τὴν

311 3491 444 3561 ὕλην
474 3493 540 3546 ἐκ
570 3494 759 3565 πυρὸς,
794 3494 962 3549 ἐλθὼν
1006 3497 1097 3550 ἐπὶ
1142 3497 1238 3568 τὴν
1272 3499 1364 3553 τοῦ
1409 3501 1600 3565 ὓδατος
1652 3509 1883 3578 σφαῖραν

309 3582 669 3655 σϐεσθήσεται
688 3602 704 3619 ο
730 3586 762 3657 ἢ
788 3587 892 3640 ὑπὸ
913 3589 1011 3659 τῆς
1046 3588 1136 3642 τοῦ
1159 3591 1328 3665 πυρὸς
1355 3594 1592 3664 σφαίρας
1621 3597 1882 3667 καταφλε-

304 3676 599 3748 χοήσετοιιο
633 3675 763 3731 εί’δὲ
786 3679 849 3732 ὲκ
876 3680 974 3750 τῆς
1012 3681 1120 3738 τῶν
1151 3681 1370 3747 λοιπῶν,
1409 3685 1569 3756 ἀέρος
1597 3688 1630 3758 ἢ
1666 3687 1874 3756 ὕδατος,

300 3769 509 3841 ἀμιγὴς
538 3770 688 3824 ἔσται
713 3773 823 3836 τοῖς
851 3772 1051 3837 ἄλλοις,
1082 3775 1176 3828 καὶ
1200 3776 1303 3829 ὑπὸ
1322 3777 1429 3830 τῶν
1457 3780 1710 3835 ἐναντίων
1736 3783 1876 3853 ἀφα-

299 3862 635 3934 νισθήσεται.
681 3864 991 3937 Γεωμέτραι
1025 3867 1081 3920 δὲ
1126 3870 1286 3923 αὐτὸν
1321 3872 1657 3928 ὑποτίθενται
1699 3893 1876 3947 γραμ-

299 3957 412 4026 μήν
439 3973 560 4010 τινα
601 3957 824 4030 λεπτὴν,
873 3958 1166 4029 διήκουσαν
1211 3962 1318 4016 ἀπὸ
1361 3963 1453 4017 τοῦ
1506 3968 1729 4039 κέντρου
1777 3970 1871 4024 τοῦ

293 4047 561 4119 ἀρκτικοῦ
607 4048 810 4104 κύκλου
853 4051 1014 4123 μέχρι
1047 4054 1141 4108 τοῦ
1192 4057 1573 4128 ἁνταρκτικοῦ,
1621 4061 1869 4135 καθάπερ

289 4140 529 4210 εἴρηται.
579 4143 640 4194 Ol
675 4141 730 4196 δὲ
771 4145 990 4212 φυσικοὶ
1033 4148 1308 4219 φιλόσοφοι
1352 4151 1410 4204 τὸ
1444 4152 1644 4223 μεταξὺ
1683 4155 1868 4226 διῆκον

287 4230 513 4302 πνεῦμα
544 4231 792 4301 λέγουσιν
820 4233 1005 4302 ἄξονα.
1038 4237 1323 4308 Μέμντηται
1357 4242 1411 4295 δὲ
1440 4243 1602 4297 αὑτοῦ
1645 4246 1864 4300 Ἐρατο-

287 4321 485 4394 σθένης
516 4323 575 4377 ὲν
602 4323 679 4395 τῷ
714 4324 897 4396 Ἐρμῇ
917 4326 1090 4396 λέγων
1109 4345 1123 4360 ο

281 4456 493 4542 ﬁeri».
517 4459 633 4542 μέγ
654 4478 762 4542 μιν
803 4462 1006 4542 ἔτετμε
1046 4464 1519 4542 ιέεᾳήρεᾳῇπιιντὶ
1560 4472 1860 4542 Ὀλύμπου

281 4517 546 4596 Κέντροὖ
568 4517 688 4585 ea?)
723 4517 986 4602 σφαίρᾱς
1004 4550 1020 4566 -
1046 4517 1152 4590 ἒςιά
1188 4517 1487 4606 ἓτᾶξὲἑὶὸέ
1501 4517 1855 4611 ’ἡρῐίόἓῗὰἓὲῗ
1892 4517 1937 4570 D

278 4642 396 4695 Καὶ
416 4642 445 4694 6
473 4643 706 4716 Ἀρατος
732 4647 933 4716 λέγων⁶

275 4754 479 4824 Αὐτὰρ
509 4755 596 4827 ὅτ’
619 4759 742 4814 οὐδ’
775 4762 985 4833 ὀλίγον
1021 4767 1450 4835 μετανίσσεται
1469 4787 1481 4800 ·
1524 4772 1686 4844 ἀλλὰ
1710 4773 1854 4844 μάλ’

278 4894 482 4960 Ἄξων
504 4897 637 4952 αἰὲν
664 4899 882 4972 ἄρηρεν
903 4918 919 4934 ⁸
947 4905 1072 4975 ἔχει
1096 4906 1149 4960 δ’
1171 4907 1508 4964 ἀτάλαντον
1530 4860 1852 4984 ἀπιίῗῖτξως

268 5034 602 5105 Μεσσηγὺς
629 5037 831 5108 quiat"
863 5041 994 5111 περὶ
1034 5043 1088 5097 δ’
1113 5047 1366 5116 οὐρανὸς
1408 5050 1595 5105 αὐτὸν
1635 5052 1843 5124 ἀγινεῖ.

353 5211 673 5282 Ὦνόμασται
697 5215 743 5268 δ’
774 5217 918 5283 ἄξων
938 5220 1025 5274 διὰ
1045 5222 1106 5276 τὸ
1137 5225 1264 5296 περὶ
1288 5227 1450 5282 αὐτὸν
1476 5230 1724 5298 ἄγεσθαι,
1749 5234 1840 5287 καὶ

2071 2756 2160 2812 28.
2201 2760 2282 2815 Ab
2312 2763 2502 2818 arctici
2555 2767 2748 2822 circuli
2798 2777 2986 2825 centro
3035 2787 3132 2842 per
3183 2775 3406 2846 Sphaera:
3445 2794 3572 2835 cen-

2001 2854 2181 2916 trum,
2237 2853 2306 2908 ad
2354 2865 2601 2912 centrum
2651 2859 2800 2914 aliud
2844 2864 3129 2920 antarctici
3180 2871 3379 2923 transit
3427 2871 3565 2927 axis.

1999 2937 2102 3004 Qui
2134 2941 2204 2997 ob
2245 2943 2296 2999 id
2342 2958 2660 3019 assumptus
2695 2959 2812 3020 est,
2848 2961 2906 3008 ut
2949 2956 3315 3028 intelligamus
3357 2959 3564 3016 circum

1996 3030 2142 3087 hunc
2171 3043 2226 3089 et
2254 3035 2376 3106 ejus
2404 3047 2649 3097 extrema
2675 3044 3032 3102 circumvolvi
3063 3051 3260 3105 cmlum
3289 3069 3302 3117 ;
3337 3052 3564 3122 perinde

1996 3130 2158 3193 atque
2183 3127 2388 3202 circum
2412 3147 2609 3189 currus
2637 3152 2793 3192 axem
2817 3148 2950 3194 rotze
2969 3141 3276 3198 volvuntur.
3306 3143 3376 3198 De
3399 3145 3562 3215 hujus

1993 3216 2217 3270 materia
2270 3221 2407 3275 nihil
2452 3239 2553 3280 nos
2600 3225 2799 3285 Aratus
2829 3231 3032 3287 docuit.
3090 3233 3192 3289 Sed
3242 3238 3450 3306 poetica
3496 3239 3562 3293 li-

1989 3311 2167 3364 centia
2201 3311 2505 3374 fabulosius
2537 3319 2766 3390 loquens
2811 3325 2988 3378 veruti
3034 3326 3208 3383 instar
3243 3345 3364 3384 esse
3398 3330 3557 3389 dixit.

1989 3401 2179 3472 Itaque
2211 3407 2326 3463 sive
2355 3410 2480 3480 quis
2510 3412 2662 3468 illum
2707 3432 2776 3470 ex
2803 3418 2958 3487 igne.
2993 3435 3092 3475 ceu
3126 3423 3382 3489 materia,
3426 3440 3556 3480 con-

1988 3502 2134 3550 stare
2164 3499 2322 3566 velit,
2355 3516 2479 3556 cum
2525 3521 2621 3574 per
2663 3523 2818 3578 aquae
2856 3510 3122 3580 sphaeram
3162 3521 3442 3583 transeat,
3475 3517 3553 3574 ibi

1987 3588 2400 3659 restinguetur;
2463 3603 2556 3650 aut
2603 3599 2670 3652 ab
2718 3599 2858 3671 ignis
2910 3603 3121 3672 sphaera
3173 3618 3545 3676 consumetur,

1982 3680 2097 3736 sive
2123 3697 2189 3736 ex
2226 3685 2456 3740 aliorum
2511 3689 2903 3747 elementorum
2932 3698 3196 3764 materia,
3234 3710 3362 3771 puta
3403 3704 3549 3762 aeris

1979 3781 2072 3826 aut
2101 3789 2271 3844 aquae,
2303 3777 2521 3833 misceri
2553 3795 2675 3836 cum
2721 3785 2844 3840 aliis
2873 3801 2979 3841 non
3006 3792 3204 3858 poterit
3232 3809 3245 3857 ;
3273 3800 3326 3848 et
3355 3809 3385 3848 a
3411 3810 3548 3850 con-

1978 3864 2162 3920 trariis
2187 3865 2477 3924 delehitur.
2504 3869 2738 3926 Proinde
2762 3885 3053 3944 geometra:
3083 3881 3280 3936 lineam
3311 3899 3432 3938 esse
3460 3885 3544 3938 di-

1975 3964 2108 4010 cunt
2131 3957 2323 4012 exilem
2351 3960 2421 4014 ah
2447 3961 2637 4016 arctici
2664 3974 2854 4022 centro
2883 3969 2950 4022 ad
2977 3979 3223 4025 centrum
3253 3974 3540 4031 antarctici

1972 4048 2337 4116 pertinentem
2358 4091 2372 4117 ,
2399 4053 2476 4106 uti
2505 4054 2767 4113 diximus.
2802 4060 2870 4114 At
2897 4061 3106 4133 physici
3133 4064 3415 4136 spiritum,
3444 4069 3538 4142 qui

1971 4155 2068 4209 per
2093 4141 2440 4213 interjectum
2473 4148 2712 4218 spatium
2733 4154 2959 4220 transit,
2989 4171 3147 4211 axem
3174 4166 3366 4229 putant
3393 4141 3534 4221 esse.

1968 4230 2138 4303 Cujus
2165 4234 2221 4289 in
2253 4234 2516 4294 Mercurio
2544 4244 2790 4300 meminit
2819 4245 3206 4306 Eratosthenes
3239 4271 3251 4305 :

2039 4476 2219 4567 ipsum
2245 4480 2451 4567 quidem
2482 4487 2647 4539 secuit
2672 4491 2896 4545 mediam
2923 4510 3139 4563 prorsus
3177 4497 3421 4567 Olympi,

2037 4546 2227 4604 Ccntro
2257 4546 2320 4604 ab
2350 4554 2608 4622 sphaerae;
2639 4574 2730 4626 per
2760 4546 3058 4620 axem'vero
3087 4546 3424 4636 fulcieliat'ur:

1958 4656 2158 4716 Aratus
2183 4678 2397 4735 quoque
2431 4684 2443 4720 :

2027 4771 2200 4827 Porro
2233 4776 2317 4830 hic
2338 4795 2400 4832 ne
2426 4782 2699 4837 minimum
2726 4786 2932 4856 quidem
2961 4787 3220 4863 declinat,
3248 4794 3339 4848 sed
3365 4794 3524 4863 plane

3148 4859 3167 4932 [
3185 4859 3523 4920 immoliiliter

2028 4912 2160 4966 Axis
2191 4930 2392 4986 semper
2422 4922 2665 4990 ﬁrmatus
2695 4935 2770 4979 est
2794 4943 2813 4990 ;
2845 4927 3094 5001 habetque
3123 4912 3518 5018 ιῖὂὲᾱὶἱιῑξόξῆἓ

3393 5023 3517 5060 nmo

2023 5051 2090 5107 In
2136 5055 2304 5111 medio
2350 5067 2587 5128 terram;
2625 5065 2820 5120 circum
2861 5077 3035 5124 autem
3075 5070 3211 5126 hunc
3249 5004 3434 5217 “[1:le
3461 5094 3518 5132 se

3321 5158 3512 5204 versat.

3321 5158 3512 5204 versat.

2014 5236 2147 5295 Axis
2173 5243 2496 5299 vocabulum
2521 5246 2644 5304 ideo
2671 5251 2868 5306 meruit
2887 5292 2902 5317 ,
2925 5254 3070 5323 quod
3099 5255 3307 5313 circum
3333 5260 3509 5330 ipsum

279 5302 656 5372 τεριδινεῖσθαι
677 5307 769 5362 τὸν
793 5311 1036 5383 οὐρανόν.
1066 5315 1146 5369 Τὰ
1182 5317 1238 5370 δὲ
1274 5319 1486 5390 πέρατα
1513 5323 1677 5377 αὐτοῦ
1704 5326 1840 5397 πρὸς

2591 5302 2632 5304 ρ
2794 5302 2866 5306 _--
2887 5302 2902 5317 ,
2928 5302 3070 5323 γ--
3103 5302 3307 5313 -..-.....
3333 5302 3509 5330 ...νω-

1975 5343 2150 5400 gatur,
2181 5335 2534 5409 volvaturque
2565 5342 2782 5399 coelum.
2817 5345 2992 5418 Hujus
3023 5361 3264 5408 extrema
3295 5363 3426 5410 sunt
3452 5356 3511 5414 il

269 5393 379 5454 rei;
414 5394 656 5467 κέντροις
685 5398 780 5453 τοῦ
804 5418 863 5454 τε
903 5403 1162 5474 ἀρκτικοῦ
1206 5409 1297 5462 καὶ
1333 5411 1428 5464 τοῦ
1475 5413 1834 5486 ἀνταρκτικοῦ

1940 5424 2146 5479 centris
2179 5426 2368 5481 arctici
2409 5435 2464 5483 et
2513 5433 2798 5487 antarctici
2828 5435 3158 5492 circulorum
3203 5455 3345 5510 quos
3404 5449 3510 5512 p‘o-

1937 5511 2019 5570 los
2050 5517 2365 5587 nominant,
2397 5535 2462 5576 eo
2491 5523 2638 5593 quod
2675 5525 2882 5582 circum
2925 5529 3016 5583 illa
3056 5532 3255 5587 caelum
3283 5511 3498 5592 assidu!

1935 5606 2199 5676 vertigine
2242 5618 2582 5681 torqueatur.
2621 5614 2700 5672 Ex
2743 5619 2811 5676 iis
2853 5620 2990 5677 alter
3031 5621 3232 5680 bereus
3275 5624 3484 5692 dicituo

1933 5712 2148 5768 semper
2175 5715 2443 5774 apparens
2468 5725 2481 5759 :
2517 5707 2652 5763 alter
2677 5715 2929 5772 australis
2951 5756 2964 5782 ,
2990 5732 3204 5787 semper
3230 5718 3474 5778 occulti!

1931 5789 2136 5850 Horum
2166 5798 2411 5855 meminit
2446 5800 2678 5859 Aratus:

295 5500 401 5537 στι.
429 5486 665 5543 Καλοῢσι
695 5492 740 5544 δ’
767 5493 908 5548 αὐτὰ
927 5496 1123 5563 πόλους
1143 5498 1251 5553 ἀπὸ
1277 5501 1369 5555 τοῦ
1401 5507 1831 5576 περιπολεῖσθαι,

265 5577 360 5629 -ιαὶ
394 5579 715 5649 στρέφεσθαι
764 5587 890 5657 περὶ
920 5589 1058 5644 αὐτὰ
1097 5591 1186 5644 τὸν
1227 5593 1473 5666 οὐρανόν.
1521 5599 1737 5655 Τούτων
1775 5605 1832 5656 δὲ

254 5667 288 5720 6
318 5671 418 5738 μὲν
443 5671 684 5728 καλεῖται
713 5675 940 5750 βόρειος,
965 5683 1053 5736 ἀεὶ
1090 5685 1320 5756 φανερὸς
1346 5688 1420 5742 ὧν
1438 5706 1453 5719 ⁶
1488 5693 1516 5744 ὀ
1544 5693 1600 5748 δὲ
1635 5695 1823 5766 νότιος,

251 5762 346 5825 ἀεὶ
377 5764 609 5839 ἀφανής.
633 5769 918 5844 Μέμνηται
956 5773 1133 5832 αὐτῶν
1159 5779 1251 5831 καὶ
1281 5778 1541 5851 Ἄρατος·
