4040 6206
517 275 620 333 983

1532 283 1622 339 AD
1654 283 1920 340 EUSEBII
1953 286 2342 343 CHRONICON
2375 288 2732 345 APPENDIX.

3649 291 3748 348 984

520 402 875 464 tempestates
911 395 1114 452 habent
1144 397 1384 454 easdem.
1419 399 1634 455 Δηιαιοὶ
1662 402 1907 457 eamdem
1942 403 2080 457 invi-

2197 425 2345 476 ρωτι.
2369 409 2432 460 Οἱ
2475 409 2573 479 μὲν
2612 404 2704 461 οὖν
2752 405 3017 478 περίοικοι
3060 405 3158 476 τὴν
3201 405 3368 477 αὐτὴν
3409 404 3624 477 ἔχουσιν
3668 408 3752 460 ἀεὶ

515 503 635 541 cem
670 498 882 544 noctem
924 488 1149 557 habent,
1185 501 1240 546 et
1265 491 1409 546 diem
1444 511 1457 545 :
1492 493 1586 547 sed
1634 494 1849 550 diversa
1893 497 2080 551 solsti-

517 579 614 634 tia.
642 578 780 633 Nam
819 581 900 636 sol
940 580 994 635 in
1025 583 1236 638 Cancro
1264 583 1479 653 positus
1516 593 1576 638 ut
1613 595 1858 641 aestatem
1896 589 2079 652 nobis,

518 671 610 741 qui
643 672 710 726 ad
753 674 1153 743 septentriones
1193 676 1540 742 accedimus;
1585 677 1667 732 sic
1718 679 1846 746 illis,
1885 681 1979 750 qui
2015 682 2080 736 ad

517 771 763 817 austrum
797 773 1055 836 vergunt,
1107 765 1260 821 aﬂ'ert
1299 769 1556 824 hiemem.
1614 769 1865 825 Vicissim
1899 785 2079 827 autem

517 856 583 909 ad
612 854 1006 924 Capricornum
1030 856 1242 912 delatus
1271 857 1431 913 nobis
1461 858 1693 914 hiemem
1723 866 2081 930 septentrioni

518 947 1040 1018 prapinquioribus;
1068 950 1135 1004 ad
1167 957 1418 1004 austrum
1453 967 1582 1007 vero
1615 953 1807 1022 positis
1838 963 2081 1010 aestatem

515 1039 698 1093 cilicit.
737 1039 974 1105 Rursus,
1017 1056 1141 1096 cum
1184 1042 1293 1095 sint
1327 1043 1658 1112 mquinoctia
1701 1047 1832 1112 duo,
1862 1047 2084 1116 quando

515 1133 595 1186 sol
631 1131 868 1188 Arietem
904 1134 1100 1205 attigit,
1125 1133 1440 1190 borealibus
1467 1136 1628 1191 nobis
1655 1153 1885 1192 vernum
1913 1139 2082 1208 requi-

512 1225 757 1280 noctium
792 1225 941 1290 facit,
978 1229 1206 1283 antmeis
1245 1230 1576 1285 autumnale.
1613 1231 1669 1284 In
1698 1229 1862 1284 Libra
1892 1240 2082 1285 contra

513 1317 670 1370 nobis
717 1318 1062 1382 autumnale,
1120 1319 1353 1373 antmcis
1413 1334 1640 1373 vernum
1692 1318 2081 1388 aequinoctium

512 1408 673 1475 parit.
708 1407 837 1464 Post
878 1409 1289 1479 atquinoctium,
1327 1410 1473 1480 quod
1506 1410 1564 1464 iit
1607 1410 1766 1464 nobis
1805 1410 1859 1464 in
1897 1411 2086 1464 Aricte

512 1513 764 1563 vernum,
801 1499 884 1556 sol
928 1500 1253 1566 ascendens,
1294 1501 1350 1554 in
1384 1502 1597 1556 Cancro
1657 1501 1816 1556 nobis
1840 1509 2084 1556 :estatem

512 1591 695 1655 edicit,
728 1601 999 1664 augetque
1038 1593 1250 1654 dierum
1302 1595 1517 1665 spatia;
1553 1604 1819 1650 nocturna
1863 1601 2083 1649 contra-

2184 498 2370 564 νύκτα,
2395 501 2487 553 καὶ
2507 499 2736 572 ἡμέραν,
2755 499 2849 552 καὶ
2873 497 2972 561 τὰς
3000 498 3248 568 ἐτησίους
3275 497 3423 568 ὥρας
3441 517 3452 527 ·
3480 499 3530 550 oi
3556 497 3612 550 δὲ
3633 499 3751 554 ἄντ-

2192 606 2336 642 οικοι
2374 589 2470 660 τὴν
2523 591 2620 660 μὲν
2657 587 2825 659 αὐτὴν
2874 586 3086 658 ἔχουσιν
3124 587 3370 658 ἀλλήλοις
3417 588 3632 659 ἡμέραν
3665 591 3755 642 καί

2190 683 2379 747 νύκτα,
2419 684 2478 735 οὑ
2511 681 2610 745 τὰς
2656 680 2825 743 αὑτὰς
2852 680 2910 734 δὲ
2955 682 3179 752 τροπάς.
3230 681 3318 734 Ἐν
3355 682 3618 752 Καρκίνῳ
3648 683 3754 752 γὰρ

2185 774 2480 845 γενόμενος
2505 777 2533 827 6
2557 773 2706 844 ἥλιος
2736 775 2866 844 ἡμῖν
2893 774 2990 844 μὲν
3025 773 3201 844 Θέρος,
3237 773 3596 844 βορειοτέροις
3616 771 3752 838 οὖσι,

2188 871 2351 931 ποιεῖ,
2370 869 2483 930 τοῖς
2510 865 2566 918 δὲ
2584 865 2938 936 νοτιωτέροις,
2956 865 3215 935 χειμῶνα.
3239 865 3409 919 Ὅταν
3433 865 3490 917 δὲ
3513 868 3569 918 ὲν
3597 867 3757 934 Αἰγο-

2190 957 2390 1026 κέρωτι
2418 955 2662 1027 γένηται,
2688 957 2816 1026 ἡμῖν
2844 959 2940 1026 μὲν
2969 955 3210 1026 χειμῶνα
3234 955 3590 1028 βορειοτέροις
3615 956 3754 1022 οὖσι,

2184 1055 2293 1114 τοῖς
2327 1050 2383 1103 δὲ
2414 1052 2512 1121 τὴν
2554 1050 2728 1104 νότιον
2771 1051 2979 1104 οἰκοῦσι
3025 1050 3201 1122 ζώνην
3249 1051 3407 1123 θέρος
3435 1055 3600 1108 ποιεῖ.
3649 1053 3756 1105 Καὶ

2187 1142 2348 1195 πάλιν
2375 1143 2482 1196 τῶν
2518 1141 2817 1214 ἰσημεριῶν
2846 1142 2937 1195 δύο
2965 1141 3159 1208 οὐσῶν,
3197 1146 3255 1196 ὲν
3296 1143 3394 1214 μὲν
3423 1141 3578 1215 Κριῷ
3609 1144 3759 1214 ἥλιος

2185 1235 2474 1305 γενόμενος
2504 1236 2634 1305 ἡμῖν
2679 1235 2777 1305 μὲν
2811 1234 3054 1305 ἐαρινὴν,
3088 1238 3201 1298 τοῖς
3237 1235 3334 1306 τὴν
3377 1235 3616 1306 βόρειον,
3647 1241 3757 1302 τοῖς

2184 1327 2241 1380 δὲ
2287 1327 2554 1390 ἀντοίκοις
2601 1326 2974 1398 μετοπωρινὴν
3018 1327 3306 1399 ἰσημερίαν
3341 1331 3499 1381 ποιεῖ.
3526 1329 3670 1382 ·Ἐέιν
3701 1329 3757 1382 δὲ

2186 1420 2244 1471 ἐν
2269 1416 2477 1490 Χηλαῖς
2505 1418 2763 1488 γένηται,
2797 1419 2927 1489 ἡμῖν
2970 1417 3068 1488 μὲν
3117 1419 3521 1490 μετοπωρινὴν,
3550 1424 3668 1483 τοῖς
3701 1421 3757 1474 δὲ

2185 1510 2454 1572 ἀντοίκοις
2491 1509 2710 1580 ἐαρινὴν
2751 1509 3042 1580 ἰσημερίαν
3073 1511 3235 1562 ποιεῖ.
3271 1510 3404 1562 Ἀπὸ
3438 1511 3492 1563 δὲ
3533 1513 3634 1582 τῆς
3664 1512 3754 1565 τοῦ

2190 1599 2366 1670 Κριοῦ
2392 1601 2680 1671 ἰσημερίας
2700 1600 2798 1669 τῆς
2837 1603 2966 1671 παρ’
2994 1602 3122 1671 ἡμῖν
3147 1602 3367 1673 ἐαρινῆς
3389 1603 3418 1654 6
3447 1603 3599 1673 ἥλιος
3631 1605 3761 1656 ἀναν

511 1681 614 1737 hit.
645 1683 728 1738 Ab
772 1685 1077 1739 autumnali
1105 1686 1432 1755 aequinoctio
1472 1685 1652 1740 Libra:
1681 1687 1748 1740 ad
1793 1685 2080 1756 Capricor-

2187 1692 2385 1746 ϐαίνων
2411 1694 2471 1746 ὲν
2510 1693 2770 1764 Καρκίνῳ
2791 1693 2965 1765 ⁸Θέρος
2995 1693 3093 1764 μὲν
3121 1697 3251 1765 ἡμῖν
3285 1697 3447 1757 ποιεῖ,
3479 1697 3576 1748 καὶ
3609 1694 3759 1760 αὔξει

513 1789 643 1829 num
719 1775 1003 1839 delabens,
1044 1775 1187 1845 apud
1236 1790 1338 1831 nos
1379 1774 1498 1830 dies
1549 1775 1843 1840 imminuit,
1896 1783 2080 1831 noctes

2185 1781 2285 1845 τὰς
2313 1782 2543 1852 ἡμέρας,
2582 1757 2681 1846 τὰς
2712 1757 2769 1836 δέ
2791 1757 3006 1846 νύκτας.
3021 1757 3275 1848 ἐλάττους
3297 1788 3441 1838 ποιεῖ
3464 1786 3506 1816 ¹⁸
3529 1803 3541 1814 ·
3573 1757 3761 1839 ἀπο-δὲ

512 1867 801 1936 producit;
828 1866 1058 1922 hiemem
1081 1866 1348 1933 aﬂ‘erens;
1377 1866 1520 1937 apud
1550 1867 1673 1923 illos
1705 1875 1766 1920 ut
1791 1876 1950 1938 auget
1978 1867 2088 1922 die-

513 1975 637 2013 rum
692 1958 998 2024 intervalla,
1050 1958 1132 2014 sic
1189 1955 1256 2013 de
1297 1959 1587 2014 nocturnis
1620 1959 1878 2023 detrahit,
1918 1968 2084 2015 testa—

514 2059 731 2122 temque
775 2051 970 2108 reddit.
1021 2050 1196 2121 Atque
1245 2059 1304 2104 ut
1346 2066 1453 2106 uno
1479 2054 1646 2106 verbo
1684 2052 1882 2116 dicam,
1925 2051 2084 2121 quid-

513 2142 648 2214 quid
681 2140 892 2195 Cancer
933 2142 1095 2196 nobis
1153 2140 1346 2206 edicit,
1401 2141 1503 2194 hoc
1537 2141 1646 2195 illis
1677 2140 2081 2209 Capricornus;

513 2231 735 2303 etquod
759 2231 917 2286 nobis
941 2231 1336 2302 Capricornus,
1372 2231 1473 2285 hoc
1514 2231 1622 2284 illis
1665 2229 1874 2284 Cancer
1899 2249 1914 2298 ;
1939 2230 2085 2301 quod

515 2324 674 2380 nob‘is
704 2316 881 2385 Aries,
929 2323 1033 2379 hoc
1075 2324 1180 2378 illis
1214 2324 1380 2378 Libra
1410 2334 1501 2380 :et
1529 2339 1558 2378 e
1584 2325 1878 2378 contrario.
1930 2325 2085 2378 Anti-

514 2414 845 2471 chthonibus
872 2413 1144 2468 alternant
1172 2423 1360 2470 noctes
1391 2423 1445 2470 et
1474 2413 1608 2471 dies.
1635 2413 1768 2469 Nam
1790 2416 2088 2485 superiori-

515 2503 620 2557 bus
649 2517 841 2557 eorum
878 2511 1001 2556 ortu
1051 2517 1156 2558 suo
1182 2502 1326 2558 dicm
1369 2503 1449 2558 sol
1481 2504 1719 2558 infundit
1749 2522 1764 2558 :
1797 2505 2088 2561 inferiori-

515 2596 620 2657 bus
645 2603 882 2651 noctem.
912 2596 1126 2652 Rursus
1163 2596 1320 2652 nobis
1345 2597 1426 2656 sol
1455 2610 1655 2651 occasu
1686 2613 1788 2651 suo
1822 2606 2037 2653 noctem
2066 2617 2081 2664 ;

517 2689 620 2743 sub
647 2696 793 2744 terra
821 2687 1080 2750 conditis,
1112 2687 1259 2741 diem
1288 2686 1516 2742 oricndo
1548 2688 1811 2743 restituit.
1838 2688 2086 2744 Solstitia

516 2784 700 2832 tamen
726 2784 779 2830 et
811 2775 1141 2847 aequinoctia
1182 2777 1474 2846 utrobique
1511 2789 1640 2835 sunt
1673 2779 1860 2835 eadem
1891 2779 2085 2835 borea—

515 2867 658 2923 libus
705 2866 848 2922 lnfra
899 2883 1170 2939 supraque
1208 2869 1421 2939 positis.
1485 2867 1769 2937 Ejusmodi
1811 2877 1937 2925 sunt
1988 2886 2086 2923 an-

513 2959 846 3020 tichthones.
878 2957 1180 3030 Antipodes
1217 2959 1497 3014 contraria
1518 2966 1573 3014 et
1610 2959 1864 3030 Opposita
1898 2957 2082 3014 vident

513 3049 715 3106 Omnia.
758 3049 892 3105 Nam
929 3059 983 3106 et
1020 3065 1145 3106 cum
1187 3050 1305 3106 dies
1340 3060 1424 3107 est
1463 3051 1639 3116 nobis,
1681 3067 1788 3105 nox
1831 3051 1940 3106 illis
1975 3062 2078 3120 est;

514 3159 567 3212 et
615 3164 740 3204 cum
797 3147 942 3219 apud
980 3147 1102 3202 illos
1153 3155 1318 3201 aestas
1357 3155 1461 3208 est,
1527 3146 1584 3200 in
1617 3146 1751 3201 orbe
1785 3154 1975 3201 nostro
2023 3147 2082 3201 ﬁt

515 3241 712 3295 hiems.
741 3238 823 3297 Ad
860 3254 1128 3295 summam
1154 3252 1280 3292 cum
1319 3237 1578 3292 australis
1603 3252 1754 3292 zonae
1796 3239 2081 3293 contraria:

517 3331 712 3388 incolis
750 3331 924 3386 hiems
964 3338 1058 3384 aut
1089 3330 1206 3385 dies
1246 3329 1470 3394 accidit,
1509 3337 1640 3383 tunc
1667 3330 1734 3385 iis
1758 3331 1848 3400 qui
1889 3329 2082 3387 borea-

515 3424 621 3486 lem
677 3424 948 3489 incolunt,
986 3431 1149 3480 aestas
1201 3433 1256 3478 et
1308 3437 1420 3478 nox
1459 3423 1794 3493 supervenit.
1852 3421 1931 3477 ita
1969 3431 2080 3479 tam

514 3521 705 3569 noctes
741 3521 796 3569 et
831 3515 986 3581 dies,
1028 3529 1189 3586 quam
1240 3515 1506 3580 solstitia,
1548 3515 1876 3584 aequinoctia
1924 3515 2080 3570 habi-

513 3607 856 3678 tationesque
892 3623 924 3663 e
959 3608 1234 3662 contrario
1273 3608 1472 3662 antoeci
1511 3607 1779 3663 obtinent.

2185 1871 2282 1942 τῆς
2309 1873 2365 1924 ἐν
2394 1871 2600 1942 Χηλαῖς
2637 1873 2926 1944 ἰσημερίας
2954 1874 3045 1926 ἐπὶ
3083 1874 3170 1927 τὸν
3197 1874 3549 1948 Αἰγοκέρωτα
3589 1892 3760 1929 κατα-

2187 1963 2402 2029 ϐαίνων,
2437 1966 2566 2034 παρ’
2610 1966 2740 2034 ἡμῖν
2797 1965 2895 2034 μὲν
2936 1967 3076 2035 μειοῖ
3113 1965 3210 2029 τὰς
3239 1967 3484 2037 ἡμέρας,
3522 1968 3617 2020 καὶ
3665 1967 3760 2030 τὰς

2185 2056 2384 2120 νύκτας
2411 2057 2583 2124 αὔξει,
2605 2058 2850 2128 χειμῶνα
2875 2058 3317 2130 ἀπεργαζόμενος
3336 2077 3350 2090 ο
3380 2061 3508 2132 παρ’
3531 2061 3761 2124 ἐκείνοις

2183 2149 2240 2201 δὲ
2267 2147 2420 2214 αὔξει
2457 2148 2555 2218 τὴν
2595 2150 2832 2221 ἡμέραν,
2871 2149 2962 2202 καὶ
3009 2149 3106 2221 τὴν
3137 2151 3307 2204 νύκτα
3346 2153 3571 2221 μοιεῖ¹⁶,
3604 2151 3760 2223 Θέρος

2185 2241 2372 2296 ποιῶν.
2406 2242 2653 2296 Καθόλου
2702 2241 2759 2294 δὲ
2793 2243 3002 2307 εἰπεῖν,
3033 2243 3061 2295 ὂ
3097 2243 3228 2312 ἡμῖν
3271 2246 3415 2295 ποιεῖ
3463 2244 3757 2314 Καρκίνος,

2183 2329 2328 2383 τοῦτ’
2379 2331 2606 2395 ἐκείνοις
2646 2331 2987 2402 Αἰγόκερωςο
3055 2331 3082 2385 ὃ
3121 2332 3167 2385 δ’
3212 2334 3341 2402 ἡμῖν
3403 2332 3756 2403 Δίγόκερως,

2184 2421 2326 2474 τοῦτ’
2349 2423 2575 2486 ἐκείνοις
2592 2423 2868 2492 Καρκίνος
2886 2439 2899 2453 ’
2937 2422 2965 2475 ὃ
2989 2422 3032 2475 δ’
3061 2425 3195 2494 ἡμῖν
3224 2425 3412 2495 Κριὸς,
3443 2424 3585 2478 τοῦτ’
3614 2426 3759 2478 ἐκεί-

2185 2528 2298 2574 νοις
2330 2509 2512 2582 Χηλαί
2530 2527 2543 2541 ·
2580 2512 2675 2566 καὶ
2699 2511 2760 2564 τὸ
2799 2512 3088 2566 ἀνάπαλιν.
3122 2515 3184 2566 Οἰ
3231 2514 3288 2567 δὲ
3315 2515 3629 2583 ἀντίχθονες
3662 2514 3758 2579 τὰς

2185 2601 2386 2665 νύκτας
2419 2602 2514 2654 καὶ
2538 2601 2638 2665 τὰς
2659 2603 2874 2674 ἡμέρας
2907 2605 3369 2675 παρηλλαγμένας
3399 2605 3601 2675 ἔχουσι.
3636 2607 3760 2669 Τοῖς

2183 2693 2291 2765 γὰρ
2319 2693 2459 2764 ὑπὲρ
2485 2694 2590 2763 γῆς
2623 2693 2932 2764 ἀντίχοοσιν
2978 2695 3284 2750 ἀνατέλλων
3310 2696 3338 2747 ὁ
3369 2697 3518 2766 ἥλιος
3548 2698 3759 2768 ἡμέραν

2185 2787 2348 2850 ποιεῖ,
2379 2788 2490 2848 τοῖς
2515 2783 2570 2837 δὲ
2611 2785 2716 2838 ὑπὸ
2749 2785 2854 2856 γῆν
2885 2785 3074 2841 νύκτα.
3107 2787 3218 2840 Καὶ
3254 2786 3415 2840 πάλιν
3459 2788 3591 2858 παρ’
3625 2789 3763 2857 ἡμῖν

2182 2875 2354 2932 δύνων
2381 2875 2410 2928 6
2433 2875 2583 2946 ἣλιος
2619 2875 2788 2929 νύκτα
2819 2879 2961 2929 ποιεῖ
2980 2893 2994 2908 ο
3027 2874 3176 2948 παρά
3206 2876 3263 2930 δὲ
3297 2879 3410 2940 τοῖς
3443 2878 3595 2930 κάτω
3630 2879 3761 2938 ἀενας

2181 2965 2354 3019 τέλλει
2394 2967 2606 3039 ἡμέραν
2637 2968 2826 3022 ποιῶν.
2865 2967 3082 3040 Τραπεὶς
3112 2967 3292 3040 μέντοι
3324 2970 3420 3022 καί¹
3469 2970 3759 3041 ἰσημερίας

2182 3056 2281 3122 τὰς
2313 3058 2485 3121 αὑτὰς
2507 3057 2719 3128 ἔχουσιν
2743 3059 2790 3111 οἰ
2824 3058 2935 3113 ἄνω
2968 3058 3165 3132 βόρειοι
3188 3061 3300 3123 τοῖς
3319 3058 3468 3113 κάτω
3491 3059 3722 3131 βορείοις
3740 3074 3756 3091 ·

2189 3149 2464 3204 τουτέστιν
2495 3152 2542 3203 οἱ
2572 3150 2902 3220 ἁντίχθονες.
2924 3152 2987 3204 Οἱ
3013 3152 3069 3205 δὲ
3099 3151 3380 3215 ἀντίποδες
3409 3151 3588 3205 πάντα
3609 3155 3761 3205 ἐνανρ

2187 3241 2279 3295 τία
2317 3241 2412 3295 καὶ
2448 3242 2729 3312 μαχόμενα
2769 3242 3018 3312 ἔχουσιν·
3053 3245 3141 3296 ὅτε
3178 3244 3275 3314 μὲν
3304 3243 3412 3315 γὰρ
3447 3243 3585 3314 πρὸς
3613 3245 3760 3314 ἡμᾶς

2185 3331 2280 3396 νύξ
2301 3333 2439 3397 ἐστι,
2471 3334 2601 3403 παρ’
2625 3332 2854 3396 ἐκείνοις
2883 3333 3065 3405 ἡμέρα
3086 3350 3102 3364 ⁶
3139 3337 3233 3387 καὶ
3262 3334 3349 3386 ὅτε
3378 3334 3506 3404 παρ’
3531 3335 3760 3396 ἐκείνοις

2186 3425 2364 3497 θέρος,
2396 3427 2453 3478 ἐν
2478 3429 2544 3496 τῇ
2581 3425 2702 3480 καθ’
2732 3427 2878 3497 ἡμᾶς
2906 3427 3198 3500 οἰκουμένῃ
3231 3426 3455 3498 χειμών.
3475 3428 3588 3480 Καὶ
3622 3426 3755 3478 καθ-

2180 3517 2300 3570 όλου
2333 3520 2422 3572 ὅτε
2466 3518 2524 3570 ὲν
2547 3521 2661 3580 τοῖς
2683 3519 2841 3589 νοτίῳ
2879 3517 3021 3590 ζώνῃ
3047 3519 3354 3574 ἀντοικοῦσι
3392 3517 3752 3589 χειμών-ἐστι

2185 3614 2279 3665 καὶ
2326 3611 2538 3683 ἡμέρα,
2592 3611 2713 3665 τότε
2747 3615 2860 3676 τοῖς
2905 3614 2964 3665 ἐν
3007 3615 3074 3684 τῇ
3118 3613 3310 3684 βορείῳ
3347 3612 3553 3665 οἰκοῦσι
3601 3612 3755 3683 Θέρος

513 3701 628 3752 ἐστὶ
653 3700 747 3754 καὶ
775 3699 890 3766 νύξ.
924 3701 1085 3754 Ὥστε
1123 3703 1216 3756 καὶ
1261 3701 1463 3767 νύκτας
1500 3702 1581 3771 δὲ,
1620 3703 1713 3757 καὶ
1761 3703 1992 3777 ἡμέρας,
2053 3705 2145 3759 καὶ
2189 3707 2428 3779 τροπὰς,
2478 3709 2568 3760 καὶ
2614 3708 2933 3780 ἰσημερίας,
2980 3709 3074 3762 καὶ
3128 3709 3368 3780 οἰκήσεις
3415 3707 3660 3770 ἐναντίας
3706 3709 3753 3760 οἱ

514 3795 750 3850 ἄντοικοι
772 3797 1006 3867 ἔχουσιν.

511 3908 589 3965 De
615 3910 924 3986 urttbrqru‘nt
957 3912 1276 3986 cii/ferentia,
1313 3931 1431 3986 qua:
1465 3917 1522 3969 in
1546 3916 1957 3971 habitationibus
1987 3933 2079 3970 va-

636 3981 732 4036 riis
772 3981 1039 4051 incidunt,
1062 3994 1113 4039 et
1153 3981 1469 4056 quibusnam
1498 3987 1688 4057 degant
1716 3989 1773 4041 in
1804 3988 1953 4041 locis.

582 4097 672 4154 51.
713 4097 771 4151 In
810 4098 1203 4155 habitationum
1236 4100 1552 4157 discrimine
1580 4100 1799 4171 quidam
1826 4102 2084 4158 dicuntur

512 4189 672 4254 ascii,
705 4189 797 4242 alii
820 4189 1148 4261 brachyscii,
1169 4192 1261 4246 alii
1291 4193 1600 4257 macroscii,
1628 4191 1848 4264 quidam
1876 4193 2084 4249 hetero-

511 4279 634 4343 scii,
667 4280 761 4334 alii
799 4281 1036 4346 antiscii,
1067 4283 1160 4336 alii
1187 4283 1492 4352 amphiscii.
1569 4283 1715 4340 Ascii
1751 4294 1898 4351 sunt,
1933 4303 2076 4357 quo-

2186 3915 2326 3984 Περὶ
2361 3912 2646 3984 διαφορᾶς
2681 3913 2798 3967 τῶν
2827 3915 2896 3967 ὲν
2925 3915 3053 3980 ταῖς
3080 3914 3356 3979 οἰκήσεσι
3403 3915 3613 3980 σκιῶν,
3653 3919 3752 3972 amt

2489 3984 2639 4038 κατὰ
2666 3986 2875 4050 ποίους
2900 3985 3123 4051 τόπους
3154 3986 3444 4039 οἰκοῦσιν.

2252 4098 2350 4152 λα’.
2387 4097 2506 4150 Τῶν
2535 4095 2590 4149 δὲ
2625 4097 2682 4150 ἐν
2715 4099 2835 4160 ταῖς
2862 4097 3141 4168 οἰκήσεσιν
3165 4099 3214 4150 οἰ
3244 4097 3344 4168 μέν
3372 4100 3510 4150 εἰσιν
3543 4099 3740 4160 ἄσκιοι,

2182 4190 2230 4242 οἱ
2251 4189 2308 4241 δὲ
2337 4188 2678 4260 βραχύσκιοι,
2707 4190 2755 4241 οἱ
2779 4188 2837 4246 δὲ
2873 4189 3220 4260 μακρόσκιοι,
3245 4191 3293 4242 οἱ
3329 4189 3386 4242 δὲ
3422 4190 3741 4260 ἐτερόσκιοισ

2181 4284 2228 4334 οἱ
2281 4282 2338 4335 δὲ
2370 4282 2644 4336 αὐτόσκιοι
2677 4281 2741 4345 ⁸⁷,
2780 4283 2829 4334 οἱ
2864 4281 2922 4334 δὲ
2953 4281 3260 4352 ἁμφίσκιοι.
3309 4283 3515 4337 Ἀσκιοι
3561 4283 3656 4351 μὲν
3688 4285 3738 4335 οξ

509 4385 632 4425 rum
657 4372 914 4428 verticem
947 4373 1030 4428 sol
1068 4374 1292 4428 incubat
1317 4374 1455 4428 hora
1493 4375 1600 4430 diei
1630 4387 1806 4432 sexta.
1834 4374 1903 4430 Ut
1933 4378 2078 4432 enim

2186 4374 2328 4426 κατὰ
2357 4374 2600 4444 κορυφὴν
2639 4371 2758 4446 ῶρα
2799 4375 2932 4446 ἕκτῃ
2965 4374 3058 4425 τὸν
3099 4374 3248 4444 ἥλιον
3278 4374 3508 4442 ἔχοντες.
3533 4375 3744 4445 Ὥσπερ

510 4464 558 4536 si
589 4463 714 4533 quis
741 4478 1032 4520 accensum
1055 4473 1260 4518 torrem
1288 4473 1496 4519 rectum
1525 4473 1753 4533 statuat,
1780 4467 1900 4535 ejus
1919 4468 2076 4522 nulla

508 4555 768 4610 reddetur
790 4557 1012 4623 umbra;
1039 4555 1118 4610 sic
1140 4555 1344 4609 nullam
1372 4555 1571 4612 habent
1594 4556 1654 4622 ii,
1683 4573 1916 4629 quorum
1951 4573 2083 4614 ver-..

508 4648 599 4703 tici
623 4649 863 4704 medium
891 4650 1090 4707 emtum
1133 4658 1320 4704 tenens
1354 4649 1433 4704 sol
1461 4649 1729 4706 imminet.
1763 4650 1923 4707 Tales
1947 4661 2077 4706 sunt

506 4741 602 4813 qui
633 4738 738 4798 sub
780 4742 1150 4813 aequinoctiali
1183 4742 1406 4813 degunt,
1431 4743 1526 4814 qui
1567 4745 1682 4800 sole
1710 4745 1953 4800 Arietem
1988 4746 2077 4801 vel

505 4834 729 4892 Libram
751 4836 1032 4892 obtinente
1053 4835 1222 4891 solem
1257 4851 1424 4906 supra
1462 4847 1626 4908 caput
1654 4831 1945 4908 aspiciunt.
1973 4837 2077 4894 Fe-

506 4937 634 4982 runt
680 4926 820 4998 apud
863 4926 1075 4998 Syenen
1117 4935 1170 4983 et
1208 4928 1606 5000 Elephantinen
1658 4929 1911 4984 umbram
1952 4944 2075 4986 esse

505 5019 710 5074 nullam
739 5019 870 5074 hora
907 5020 1010 5075 diei
1037 5030 1213 5085 sexta,
1245 5036 1369 5076 cum
1401 5022 1457 5076 in
1489 5021 1702 5078 Cancro
1732 5022 1816 5077 sol
1847 5022 2072 5079 residet.

507 5108 842 5181 Brachyscii,
891 5109 947 5164 id
995 5120 1080 5166 est
1116 5130 1135 5163 ι
1173 5111 1356 5168 brevis
1395 5113 1622 5181 umbrae,
1663 5135 1682 5167 ι
1719 5123 1848 5171 sunt
1886 5131 1916 5169 a
1950 5117 2075 5186 qui-

507 5199 612 5253 bus
641 5215 832 5269 parum
864 5201 944 5256 sol
978 5199 1182 5269 distat;
1237 5206 1552 5274 macroscii,
1598 5225 1617 5258 ι
1658 5207 1921 5279 longioris
1955 5224 2075 5263 um-

503 5285 638 5352 brae,
678 5307 698 5341 ι
735 5298 866 5345 sunt
890 5291 984 5360 qui
1021 5305 1052 5344 a
1079 5291 1192 5346 sole
1227 5292 1444 5365 longius
1484 5296 1721 5365 distant;
1759 5299 2069 5363 heteroscii,

504 5380 558 5436 id
587 5391 672 5437 est
712 5400 732 5435 ι
760 5397 870 5438 uno
903 5383 1072 5441 latere
1096 5387 1345 5442 umbram
1371 5388 1660 5458 jacientes,
1693 5410 1712 5441 ι
1741 5391 1941 5458 iisunt,
1976 5389 2069 5460 qui

503 5471 559 5535 in
594 5485 782 5537 nostro
818 5476 952 5534 orbe
981 5487 1286 5535 versantur.
1351 5479 1490 5536 Nam
1528 5480 1595 5544 ad
1653 5481 1883 5536 alterum
1927 5481 2068 5535 latus

2182 4465 2312 4537 γὰρ,
2339 4467 2392 4518 εἴ
2415 4482 2500 4528 τις
2531 4465 2686 4519 δαλὸν
2729 4465 2940 4535 ἀνάψας
2965 4464 3121 4536 ὀρθὸν
3158 4468 3397 4532 στήσειε,
3438 4467 3618 4519 τούτου
3645 4467 3747 4521 οὐκ

2181 4557 2246 4611 ἂν
2271 4558 2481 4626 γένοιτο
2510 4559 2637 4612 σκιά
2654 4574 2666 4586 ·
2702 4558 2874 4622 οὕτως
2899 4558 3017 4612 οὐδὲ
3035 4557 3144 4612 τῶν
3165 4559 3304 4631 ὑπὲρ
3332 4559 3570 4631 κορυφῆς
3596 4559 3746 4629 ἐχόν-

2179 4667 2290 4703 των
2322 4650 2412 4705 τὸν
2463 4650 2615 4720 ἥλιον
2671 4649 3104 4722 μεσουρανοῦντα
3144 4649 3356 4720 γένοιτο
3400 4651 3485 4704 ἄν.
3525 4652 3646 4704 Εἰσὶ
3691 4651 3749 4704 δὲ

2180 4735 2324 4806 οὗτοι
2367 4739 2532 4796 οἰ’τὸν
2560 4742 2870 4816 ἰσημερινὸν
2890 4742 3163 4810 οἰκοῦντες
3185 4758 3197 4772 ⁸
3221 4737 3384 4806 οὗτοι,
3419 4743 3570 4814 ἡλίου
3599 4759 3756 4810 γενο-

2188 4835 2373 4906 μένου,
2401 4837 2458 4890 ὲν
2491 4835 2647 4908 Κριῷ
2695 4837 2728 4907 ἢ
2780 4838 2837 4889 ἐν
2876 4836 3111 4907 Χηλαῖς,
3140 4837 3260 4890 τότε
3310 4835 3453 4888 κατά
3504 4835 3748 4906 κορυφῆς

2184 4925 2365 4997 έχουσι
2385 4926 2476 4980 τὸν
2508 4927 2676 4998 ἥλιον.
2706 4928 2843 4980 Φασί
2864 4925 2921 4980 δὲ
2955 4929 3011 4980 ὲν
3050 4928 3227 4998 Συήνῃ
3269 4928 3360 4982 καὶ
3401 4926 3746 4996 Ἐλεφαντίνῃ

2181 5019 2404 5083 ἀσκίους
2449 5019 2722 5088 γίνεσθαι,
2763 5020 2851 5072 ὅτε
2897 5020 2926 5072 6
2954 5018 3104 5088 ἥλιος
3146 5019 3354 5086 γίνεται
3394 5019 3452 5071 ὲν
3485 5018 3748 5088 Καρκίνῳ

2180 5112 2308 5182 περὶ
2342 5109 2491 5183 ὤραν
2522 5111 2708 5182 ἕκτην.
2741 5108 3070 5182 Βραχύσκιοι
3093 5109 3150 5163 δὲ
3181 5110 3230 5163 οἱ
3258 5110 3347 5163 τὸν
3382 5109 3533 5180 ἧλιον
3569 5109 3745 5178 ὀλίγον

2182 5204 2470 5274 ἀφεστῶτα
2512 5202 2759 5273 ἔχοντες·
2803 5202 3127 5274 μακρόσκιοι
3169 5201 3228 5256 δὲ
3276 5203 3324 5256 oi
3363 5201 3552 5274 πόρρω
3585 5201 3746 5256 αὐτὸν

2180 5294 2423 5366 ἔχοντες·
2475 5295 2773 5366 ὲτερόσκιοι
2821 5293 2879 5348 δὲ
2927 5295 2978 5348 οἰ
3027 5296 3086 5348 ἐν
3137 5294 3307 5366 ταύτῃ
3337 5297 3402 5366 τῇ
3455 5294 3746 5366 οἰκουμένῃ

2178 5389 2472 5452 οἰκοῦντες,
2515 5387 2705 5459 ἐπειδὴ
2732 5389 2824 5440 ἐπὶ
2861 5388 2921 5442 τὸ
2940 5388 3126 5460 ἕτερον
3163 5389 3327 5460 μέρος
3364 5388 3392 5459 ἦ
3423 5388 3553 5442 οκιά
3586 5386 3745 5458 ἡμῶν

2177 5479 2468 5550 τρέπεταιο
2502 5479 2643 5547 λέγω
2669 5479 2725 5533 δὲ
2760 5481 2815 5535 ὲν
2854 5480 2999 5552 δεξιᾷ
3029 5482 3121 5536 ἐπὶ
3159 5481 3217 5536 τὸ
3255 5480 3481 5551 βόρειον.
3516 5479 3746 5551 Ὁμοίως

583 5655 626 5688 ’³
645 5656 798 5712 Deest
829 5661 1074 5730 opposita
1110 5674 1243 5730 pars.
1269 5660 1571 5718 divisionis.
1657 5664 1695 5694 ⁸⁸
1727 5660 1848 5735 Leg.
1888 5665 2050 5736 μειοῖ.

2204 5661 2324 5716 Cor.
2357 5660 2641 5716 ἀντίσκιοι.
