4040 6206
276 290 386 349 985

1024 280 1342 340 ACHILLIS
1380 281 1567 337 TATll
1594 280 1892 338 ISAGOGE
1927 282 2020 336 AD
2049 279 2259 336 ARATI
2298 275 2767 333 ΡΗᾹΞΝΟΜΕΝΑ.

3417 278 3523 336 986

275 400 337 457 δὲ
366 400 463 455 καὶ
492 399 542 455 oi
582 399 819 454 ἀντοικοι
849 396 1147 469 ὲτερὸσκιοί
1185 398 1324 451 εἰσιν
1342 411 1356 425 ·
1386 395 1574 467 ἐπειδὴ
1609 396 1705 451 καὶ
1735 394 1858 449 τούο

1974 395 2151 452 tmbra
2182 401 2372 450 nostra
2416 389 2741 462 projicitur:
2779 387 3033 445 videlicet
3054 386 3304 443 dextrum
3341 396 3396 443 et
3431 390 3523 445 bo-

275 508 391 546 των
424 489 458 560 ή
499 491 626 542 σκιὰ
675 486 768 540 ἐπὶ
806 486 868 540 τὸ
909 486 1196 559 ἀριστερὸν
1233 486 1400 558 μέρος
1438 486 1503 540 τὸ
1543 485 1856 561 νοτιώτερον

275 582 565 654 τρέπεται.
598 578 888 634 Ἀντίσκιοι
928 578 985 631 δὲ
1033 580 1082 631 οἱ
1126 579 1181 631 ἐν
1214 577 1291 648 τῷ
1330 576 1526 651 βορείῳ
1562 578 1637 610 η·
1670 578 1856 652 ἐπειδὴ

276 671 533 736 ἐναντίας
561 669 660 735 τὰς
687 669 845 734 σκιὰς
871 668 1082 741 ἔχουσιν
1102 686 1116 701 ·
1139 671 1188 723 oi
1206 670 1320 742 ’μὲν
1349 671 1429 735 είς
1448 670 1514 725 τά
1540 670 1690 737 δεξιά
1716 672 1855 744 μέρη

278 764 488 830 αὐτῶν,
527 765 576 816 οἱ
612 762 669 816 δὲ
702 763 783 826 είς
834 760 904 815 τά
944 762 1232 835 ἀριστερὰ,
1264 761 1351 817 διὰ
1401 760 1464 816 τὸ
1515 763 1679 834 μέσον
1720 760 1859 819 εἶναι

276 852 468 909 αὐτῶν
496 854 588 907 τὸν
616 853 787 925 ἥλιον.
821 853 1133 925 Ἀμφίσκιοι
1160 853 1219 907 δὲ
1262 852 1500 922 γίνονται
1539 852 1590 907 οί
1634 854 1732 925 μὲν
1769 854 1858 908 τὸν

284 944 604 1018 ἰσημερινὸν
637 944 835 999 κύκλον
862 944 1156 1009 οἰκοῦντες.
1181 946 1243 998 Οί
1272 945 1330 998 δὲ
1361 943 1515 999 αὐτοὶ
1538 944 1631 998 καὶ
1657 944 1855 1000 ἀσκιοι.

283 1037 417 1089 νοτε
449 1035 548 1107 μὲν
572 1034 682 1106 γὰρ
709 1034 849 1106 ὑπὲρ
880 1034 1124 1107 κορυφῆς
1151 1033 1330 1088 αὐτῶν
1352 1035 1499 1089 ἐστιν
1538 1036 1567 1088 ὁ
1593 1034 1759 1106 ἥλιος,
1785 1035 1861 1098 ὡς

280 1126 534 1197 εἴπομεν,
566 1126 747 1181 ἀσκιοί
790 1128 955 1180 εἰσινο
997 1127 1087 1181 ὅτε
1112 1125 1169 1179 δὲ
1214 1126 1509 1194 ἀφίσταται
1538 1125 1715 1180 αὐτῶν
1754 1125 1861 1180 ἀπὸ

280 1217 460 1289 Κριοῦ
489 1220 568 1282 είς
587 1216 797 1289 Ταῦρον
824 1216 918 1270 καὶ
934 1215 1001 1270 τά
1023 1215 1149 1285 ἑξῆς
1172 1214 1358 1282 ζώδια,
1374 1215 1474 1286 τὴν
1503 1215 1671 1286 αὐτὴν
1700 1215 1860 1272 σκιὰν

282 1305 501 1377 ἔχουσιν
526 1305 620 1359 ἐπὶ
650 1305 721 1380 τὰ
751 1304 1004 1376 εὐώνυμα
1030 1304 1202 1376 μέρη·
1235 1304 1323 1357 ὅτε
1348 1304 1405 1359 δὲ
1430 1304 1538 1359 ἀπὸ
1573 1305 1862 1377 ἰσημερίας

278 1398 389 1469 τῆς
413 1399 472 1451 ἐν
499 1396 705 1471 Χηλαίς
743 1397 773 1450 ὁ
806 1395 957 1467 ἥλιος
982 1396 1206 1467 γένηται
1250 1397 1308 1449 ὲν
1346 1396 1601 1468 Σκορπίῳ
1633 1397 1724 1450 καὶ
1751 1399 1863 1460 τοῖς

282 1481 418 1554 ἑξῆς
462 1483 693 1550 ζωδίοις,
723 1483 846 1536 τότε
876 1484 910 1554 ἡ
956 1481 1085 1536 σκιά
1113 1480 1294 1536 αὐτῶν
1324 1481 1416 1535 ἐπὶ
1448 1480 1518 1534 τὰ
1544 1480 1692 1546 δεξιά
1722 1481 1861 1553 μέρη

281 1575 654 1647 ἐκπέμπεται.
693 1575 853 1627 Ὥστε
896 1572 1211 1645 συμϐαίνειν
1249 1573 1375 1637 τοὺς
1413 1572 1540 1643 τῇδε
1582 1571 1862 1636 οἰκοῦντας

286 1670 421 1724 ποτὲ
456 1668 553 1740 μὲν
579 1667 803 1731 ἀσκίους
832 1665 1100 1735 γίνεσθαι,
1135 1666 1286 1731 ὅταν,
1323 1666 1382 1719 ὲν
1408 1664 1615 1736 Χηλαῖς
1639 1666 1673 1736 ἢ
1706 1663 1863 1736 Κριῷ

1958 503 2133 543 reum.
2171 485 2263 541 Sic
2288 483 2486 539 antoeci
2531 480 2821 538 beteroscii
2860 487 3037 546 sunt,
3086 480 3285 550 quippe
3307 479 3522 536 illorum

1959 579 2154 634 umbra
2188 577 2475 633 sinistrum
2497 574 2564 629 ad
2588 575 2731 629 latus
2754 579 2808 628 et
2836 571 3078 627 australe
3114 570 3384 642 dirigitur.
3413 572 3525 626 An-

1959 671 2102 727 tiscii
2126 668 2436 725 borealibus
2459 677 2587 723 sunt
2618 666 2909 729 australes,
2937 663 3064 735 quia
3102 666 3408 719 contrarias
3432 664 3528 718 ha-

1958 763 2088 817 bent
2126 754 2396 825 umbras;
2440 758 2516 812 illi
2558 756 2820 812 dextrum
2870 755 2938 809 ad
2987 755 3153 820 latus,
3193 755 3248 810 hi
3281 755 3346 810 ad
3389 755 3527 811 sini-

1961 862 2157 916 strum,
2200 851 2455 922 quoniam
2503 848 2717 904 medius
2756 847 2837 902 sol
2887 847 3152 902 ambobus
3205 847 3527 917 interjeclus

1959 952 2061 1000 est.
2125 941 2456 1013 Amphiscii,
2503 937 2556 995 id
2600 945 2706 1005 est,
2765 937 2834 992 ad
2877 945 3171 1008 utrumque
3209 938 3353 992 latus
3402 955 3526 991 um-

1958 1032 2112 1088 bram
2168 1032 2462 1094 habentes,
2510 1036 2638 1084 sunt
2683 1025 3049 1098 aequinoctiali
3101 1026 3308 1081 circulo
3337 1025 3523 1094 subje-

1960 1124 2054 1178 cti.
2101 1121 2267 1177 [idem
2313 1129 2366 1176 et
2409 1121 2572 1183 ascii,
2606 1118 2660 1173 id
2692 1126 2775 1175 est
2820 1116 3023 1171 umbra:
3059 1131 3286 1186 prorsus
3328 1130 3526 1184 exper-

1961 1222 2064 1272 tes.
2122 1213 2257 1268 Nam
2304 1228 2428 1268 cum
2486 1226 2652 1282 supra
2695 1210 2951 1267 verticem
3014 1208 3233 1262 illorum
3289 1207 3370 1261 sol
3409 1216 3524 1269 est,

1962 1306 2116 1370 ﬂunt,
2148 1313 2207 1360 ut
2239 1305 2497 1369 diximus,
2530 1301 2702 1370 ascii;
2728 1317 2851 1356 cum
2876 1298 3027 1354 abiis
3062 1298 3370 1360 recesserit,
3398 1306 3524 1366 puta

1962 1398 2030 1453 ab
2066 1397 2250 1453 Ariete
2283 1396 2352 1451 ad
2381 1395 2622 1449 Taurum
2657 1401 2710 1448 et
2759 1390 3148 1462 consequentia
3181 1389 3354 1460 signa,
3376 1404 3527 1443 eam-

1962 1488 2083 1543 dem
2110 1488 2392 1543 nobiscum
2427 1486 2632 1540 habent
2660 1484 2907 1540 umbram
2932 1482 2999 1537 ad
3040 1481 3325 1537 sinistrum
3358 1479 3524 1534 latus.

1965 1577 2069 1635 Sed
2093 1595 2216 1634 cum
2247 1578 2314 1633 ab
2337 1577 2695 1649 aequinoctio,
2738 1574 2883 1647 quod
2937 1574 2992 1627 in
3014 1571 3178 1628 Libra
3233 1569 3312 1635 ﬁt,
3347 1570 3427 1624 sol
3459 1568 3527 1624 ad

1964 1670 2248 1741 Scorpium
2303 1678 2358 1725 et
2393 1670 2499 1725 alia
2537 1669 2690 1740 signa.
2725 1666 3014 1722 transitum
3054 1663 3201 1728 facit,
3238 1672 3368 1717 tunc
3396 1662 3529 1717 dex-

282 1762 315 1816 ὁ
345 1762 496 1832 ἥλιος
515 1759 611 1826 ὢν,
650 1758 792 1814 κατὰ
819 1758 1063 1831 κορυφῆς
1089 1756 1265 1812 αὐτῶν
1404 1755 1537 1810 ποτὲ
1564 1756 1621 1809 δὲ
1654 1757 1713 1810 έν
1734 1756 1861 1828 ἀρι-

1974 1772 2203 1818 Lrorsum
2240 1761 2454 1817 illorum
2505 1760 2697 1815 umbra
2759 1759 3015 1815 mittitur.
3062 1755 3140 1811 lta
3165 1755 3243 1822 ﬁt,
3285 1764 3339 1809 ut
3381 1754 3528 1809 illius

286 1853 458 1925 στερᾷ
482 1850 624 1922 ἔχειν
653 1850 754 1922 τὴν
792 1849 972 1916 σκιὰν,
999 1851 1088 1904 ὅτε
1116 1850 1174 1902 ὲν
1198 1845 1453 1920 Σκορπίῳ
1478 1846 1574 1901 καὶ
1598 1849 1709 1911 τοῖς
1729 1845 1857 1917 ἑξῆς

285 1949 318 2000 ὁ
340 1945 496 2017 ἥλιος
523 1945 754 2014 γίνεται.
786 1942 944 2008 Τινὲς
978 1943 1037 1999 δὲ
1087 1941 1184 1996 καὶ
1222 1941 1539 2014 περισκίους
1570 1941 1692 2005 τοὺς
1729 1940 1860 2014 περὶ

285 2038 487 2100 αὐτοὺς
512 2035 697 2106 κύκλῳ
726 2034 946 2106 ἔχοντας
971 2033 1070 2106 τὴν
1101 2031 1263 2121 σκιὰν
1288 2028 1429 2088 εἶναι
1454 2029 1755 2103 βούλονται.

1960 1852 2198 1922 regionis
2262 1850 2454 1906 incolae
2485 1849 2756 1905 interdum
2800 1849 2937 1904 ascii
2970 1846 3103 1913 sint,
3132 1862 3255 1901 cum
3284 1845 3334 1899 in
3366 1844 3528 1899 Libra

1962 1945 2046 1999 vel
2071 1945 2257 2000 Ariete
2295 1945 2378 1999 sol
2432 1943 2622 1999 vertici
2669 1941 2888 1997 illorum
2936 1939 3184 1997 insidet:
3232 1939 3366 1995 alias
3396 1936 3531 1992 sini-

1964 2044 2077 2092 stra
2124 2037 2192 2092 iis
2237 2037 2431 2091 umbra
2477 2035 2570 2090 ﬂat
2606 2034 2827 2105 quando
2861 2032 2941 2090 sol
2979 2030 3267 2103 Scorpium
3306 2037 3359 2086 et
3397 2044 3530 2084 con-

286 2128 572 2201 sequentia
604 2128 757 2198 sigua
794 2135 1062 2198 peragrat.
1127 2126 1266 2182 Sunt
1304 2126 1398 2198 qui
1429 2124 1695 2197 periscios
1740 2123 1867 2181 illos
1904 2145 2025 2184 esse
2063 2130 2270 2196 dicant,
2302 2144 2537 2200 quorum
2577 2128 2634 2183 in
2691 2127 2880 2183 orbem
2915 2126 3346 2196 circumquaque
3411 2135 3532 2176 uln-

284 2224 387 2283 bra
423 2224 648 2295 jacitur.

361 2318 584 2391 Πρῶτος
629 2317 688 2371 δὲ
736 2317 1082 2390 Παρμενίδης
1122 2317 1253 2389 περὶ
1288 2315 1396 2371 τῶν
1424 2311 1609 2380 ζωνῶν
1644 2314 1866 2386 ἐκίνησε

289 2412 471 2482 λόγον.
502 2412 639 2483 Περὶ
668 2409 726 2464 δὲ
760 2410 855 2465 τοῦ
895 2408 1149 2482 ἀριθμοῦ·
1174 2409 1352 2464 αὐτῶν
1396 2407 1567 2480 πολλὴ
1599 2406 1869 2477 διαφωνία

288 2506 406 2568 τοῖς
433 2503 550 2574 μετ’
585 2503 745 2558 αὑτὸν
769 2501 1019 2572 γέγονεν’
1048 2502 1097 2554 οἱ
1134 2501 1231 2572 μὲν
1258 2500 1368 2573 γὰρ
1398 2499 1458 2565 ἒξ
1485 2499 1653 2564 αὐτὰς
1680 2495 1833 2553 εἷπον
1850 2516 1864 2530 ·

290 2596 372 2659 ὡς
404 2594 686 2659 Πολύσιος,
744 2594 840 2650 καὶ
880 2592 1234 2656 Ποσειδώνιος
1253 2631 1269 2657 ,
1303 2591 1399 2663 τὴν
1431 2590 1869 2662 διακεκαυμένην

292 2689 376 2751 εἰς
404 2686 500 2740 δύο
543 2684 904 2758 διαιροῦντεςο
934 2684 984 2737 οί
1010 2682 1066 2736 δὲ
1107 2683 1269 2737 πέντε
1303 2680 1608 2754 παρέλαϐον
1628 2698 1642 2711 ο
1677 2679 1867 2751 ὥσπερ

307 2776 699 2851 Ἐρατοσθένης
743 2775 838 2830 καὶ
870 2774 1020 2829 ἄλλοι
1054 2772 1257 2837 πολλοὶ,
1297 2767 1377 2837 οἷς
1403 2772 1497 2826 καὶ
1528 2771 1684 2843 ἡμεῖς
1733 2786 1865 2824 κατ-

292 2869 764 2941 ηκολουθήσαμεν.
796 2868 931 2939 Περὶ
977 2866 1035 2925 δὲ
1062 2867 1333 2938 ὀἰκήσεων
1381 2864 1540 2918 πάλιν
1564 2902 1580 2927 ,
1614 2864 1710 2917 καὶ
1761 2861 1868 2916 τῶν

294 2960 669 3024 ἐνοικούντων,
704 2961 800 3013 καὶ
830 2958 1109 3029 ὀνομάτων
1126 2998 1142 3022 ,
1184 2957 1375 3027 γέγονε
1408 2955 1576 3028 πολλὴ
1619 2954 1832 3026 ταραχὴ
1850 2992 1867 3017 ,

296 3054 397 3112 καὶ
425 3053 554 3125 περὶ
580 3052 907 3124 ἀντιχθόνων
924 3092 940 3116 ,
968 3050 1062 3106 καὶ
1093 3049 1411 3104 ἀντιπόδων.

592 3168 731 3238 Περὶ
766 3164 1106 3238 μεταρσίων
1137 3165 1236 3219 καὶ
1279 3162 1594 3233 μετεώρων.

371 3283 474 3354 λβν.
513 3281 768 3352 Διαφέρει
798 3278 1103 3351 μεταρσίων
1138 3276 1387 3347 μετέωρα
1406 3292 1419 3305 ·
1514 3273 1582 3327 τά
1611 3273 1709 3344 μὲν
1743 3290 1873 3344 μετ-

305 3375 455 3447 έωρα
510 3377 567 3426 ὲν
604 3370 818 3444 ούρανῷ
865 3370 960 3424 καὶ
1007 3368 1187 3440 αίθέρι
1232 3366 1377 3419 ἐστίν
1401 3382 1416 3396 ο
1451 3365 1526 3428 ὼς
1567 3364 1745 3434 ἥλιος,
1785 3365 1877 3419 καὶ

306 3465 379 3518 τά
402 3462 585 3526 λοιπὰ,
614 3463 708 3516 καὶ
742 3460 1001 3532 οὐρανὸς,
1032 3459 1128 3511 καὶ
1173 3456 1337 3529 αἰθήρ
1361 3472 1374 3485 ·
1416 3455 1679 3526 μετάρσια
1718 3454 1773 3507 δὲ
1808 3454 1877 3508 τὰ

310 3553 514 3626 μεταξὺ
535 3552 628 3606 τοῦ
659 3552 818 3623 ἀέρος
850 3550 1065 3621 καὶτῆς
1092 3551 1195 3620 γῆς
1217 3565 1230 3578 ·
1264 3543 1372 3602 οἷον
1408 3546 1616 3618 ἄνεμοι,
1635 3546 1874 3617 νεφέλαι,

302 3645 536 3717 ὄμϐροι,
566 3643 873 3715 ἀστραπαὶ,
907 3641 1123 3713 βρονταὶ
1142 3679 1158 3706 ,
1183 3639 1452 3712 κομῆται,
1490 3639 1692 3703 δοκίδες
1717 3679 1732 3703 ,
1764 3655 1878 3691 πω-

303 3737 522 3807 γωνίαι,
552 3736 862 3808 λαμπάδες,
900 3733 1084 3805 ἴριδες,
1108 3730 1313 3796 ἆλωες,
1339 3731 1661 3801 διᾴττοντες,
1693 3729 1875 3801 ῥυμοὶ,

309 3831 531 3902 ῥύακες.
566 3829 794 3883 Λεκτέον
831 3826 889 3881 δὲ
912 3826 1041 3897 περὶ
1081 3823 1422 3897 μεταρσίων
1456 3822 1583 3893 περὶ
1621 3821 1729 3894 γὰρ
1762 3837 1880 3892 μετ-

307 3923 497 3997 εώρων
538 3921 878 3995 προείρηται.
925 3917 1147 3991 Πρῶτον
1187 3917 1244 3971 δὲ
1288 3917 1417 3974 περὶ
1458 3915 1673 3982 ἀνέμων
1718 3915 1880 3968 εἴπω-

317 4033 439 4090 μεν.

312 4126 451 4197 Περὶ
491 4124 744 4196 ἀνέμων,
789 4123 890 4179 καὶ
927 4123 1015 4178 ὅτι
1051 4122 1314 4191 διαφέρει
1354 4117 1510 4190 αὖρα
1557 4117 1880 4189 ἀναθυμιά-

1014 4208 1185 4259 σεως.

388 4309 486 4378 λγ’.
535 4306 953 4379 Ἀναξίμανδρος
994 4305 1172 4360 τοίνυν
1203 4305 1357 4376 ῥύσιν
1380 4304 1541 4377 ἀέρος
1568 4302 1657 4356 τὸν
1686 4300 1882 4371 ἄνεμον

315 4399 471 4460 εἴπεο
508 4402 651 4466 τινὲς
689 4401 746 4455 δὲ
784 4399 1143 4469 ἀναθυμίασιν
1173 4398 1351 4468 ἀέρος.
1388 4397 1570 4450 Ἀλλοι
1603 4395 1659 4449 δὲ
1694 4392 1881 4464 διαφέ⁴

318 4511 435 4568 ρειν
460 4493 656 4563 ἄνεμον
685 4491 933 4560 λέγουσιν
956 4487 1130 4559 αὔρας
1152 4505 1166 4519 ο
1202 4489 1401 4557 ἄνεμον
1427 4486 1536 4557 γὰρ
1568 4481 1704 4540 εἶναι
1729 4482 1882 4553 ῥύσιν

315 4584 478 4656 ἀέρος
498 4599 513 4616 '
538 4580 711 4651 αῦραν
741 4581 800 4634 δὲ
838 4578 1200 4650 ἀναθυμίασιν
1225 4577 1349 4647 γῆς.
1386 4577 1496 4630 Καὶ
1531 4577 1657 4637 τοὺς
1688 4574 1785 4645 μὲν
1818 4574 1883 4626 ὲκ

314 4677 493 4746 νεφῶν
519 4674 762 4744 λέγουσιν
794 4668 930 4726 εἶναι
964 4670 1218 4741 ἀνέμους,
1255 4669 1350 4721 καὶ
1368 4664 1645 4720 καλεῖσθαι
1685 4683 1704 4715 ι
1728 4666 1881 4717 ὲκνε-

313 4770 444 4840 φίας
466 4783 480 4799 ο
511 4786 532 4820 ι
560 4766 685 4829 τοὺς
706 4765 762 4819 δὲ
785 4764 892 4819 ἀπὸ
920 4762 1025 4833 γῆς
1052 4760 1385 4832 φερομένους
1408 4757 1696 4826 ἀπογείους
1713 4772 1730 4785 ·
1755 4755 1883 4820 τοὺς

311 4860 370 4916 δὲ
403 4860 510 4915 ἀπὸ
541 4856 798 4928 ποταμῶν
832 4854 1083 4927 ἐνυδρίας
1106 4868 1122 4884 ·
1148 4853 1273 4915 τοὺς
1301 4850 1357 4904 δὲ
1385 4849 1493 4903 ἀπὸ
1516 4848 1731 4902 κόλπων
1760 4847 1884 4901 κολ-

313 4954 445 5017 πίας
467 4969 481 4982 ·
518 4951 627 5005 ἀπὸ
652 4949 709 5003 δὲ
739 4947 878 5020 ὁρῶν
909 4946 1085 5019 ὁρίας,
1108 4944 1143 5016 ἢ
1165 4944 1443 5015 ὁρεστίας’
1473 4942 1568 4995 καὶ
1597 4940 1706 5009 γὰρ
1736 4940 1886 5011 παρὰ

328 5045 689 5119 Ἀριστοτέλει
720 5046 778 5098 ὲν
803 5042 882 5115 τῷ
914 5041 1054 5111 Περὶ
1091 5020 1349 5108 ἀνέμων,
1388 5036 1482 5090 καὶ
1515 5033 1667 5106 παρά
1687 5032 1888 5087 Καλλι-

319 5142 478 5211 μάχῳ
530 5137 703 5201 οῦτως
754 5133 1125 5206 ὀνομάζονται.
1177 5131 1338 5183 ’Ὥστε
1387 5128 1483 5182 καὶ
1539 5125 1646 5179 ἀπὸ
1707 5124 1888 5207 τόπων

313 5231 476 5285 τινῶν
522 5228 654 5300 φασί
695 5243 844 5292 τινας
893 5225 1176 5294 λέγεσθαι*
1216 5218 1327 5278 οἷον
1384 5216 1619 5273 Καικίαν
1650 5217 1741 5270 τὸν
1784 5214 1891 5269 ἀπὸ

317 5324 488 5388 Κάῖος
513 5325 558 5357 υ
595 5319 842 5392 ποταμοῦ
879 5318 1112 5374 πνέοντα
1137 5330 1154 5346 '
1187 5317 1282 5370 καὶ
1323 5314 1602 5387 Σκείρωνα
1643 5310 1737 5365 τὸν
1783 5307 1893 5362 ἀπὸ

317 5414 688 5489 Σκειρωνίδων
713 5411 946 5487 πετρῶν.
983 5409 1138 5474 Τινὲς
1158 5408 1215 5462 δὲ
1245 5406 1352 5461 ἀπὺ
1382 5407 1557 5477 ὁρμῆς
1580 5400 1891 5475 ὠνομάσθη-

319 5523 439 5573 σαν,
460 5506 535 5571 ὼς
569 5504 809 5577 σφοδρῶς
843 5503 1057 5576 ῥέοντες
1076 5517 1091 5532 ο
1120 5498 1216 5552 καὶ
1241 5499 1289 5550 οἱ
1317 5496 1452 5566 μετὰ
1480 5493 1696 5566 παλμοῦ
1724 5507 1885 5555 τινος,

395 5686 439 5720 ⁸⁸
469 5685 620 5741 Deest
649 5684 869 5748 aliquid,
900 5692 1024 5737 vult:
1057 5685 1167 5745 τοῖς
1196 5686 1251 5734 ἐν
1277 5695 1353 5745 τῳ
1378 5675 1555 5745 νοτίῳ.

2037 2311 2255 2366 Primus
2289 2310 2357 2364 de
2387 2309 2545 2364 zonis
2569 2305 2925 2361 Parmenides
2959 2303 3144 2359 dicere
3170 2303 3424 2358 instituit.
3457 2304 3534 2361 De

1966 2416 2196 2471 quarum
2227 2414 2454 2453 numero
2479 2411 2675 2469 magna
2707 2395 2977 2451 dissensio
3000 2401 3103 2450 est.
3143 2393 3278 2449 Nam
3309 2394 3399 2449 alii
3439 2411 3535 2451 sex

1970 2502 2280 2557 numerant,
2341 2500 2401 2545 ut
2447 2488 2706 2561 Polybius
2742 2495 2797 2544 et
2848 2486 3201 2553 Posidonius,
3238 2488 3333 2557 qui
3376 2489 3537 2543 torri-

1967 2587 2090 2643 dam
2124 2586 2178 2640 in
2205 2583 2344 2639 duas
2366 2581 2655 2648 dividunt;
2684 2579 2928 2651 quinque
2958 2580 3168 2634 malunt
3195 2581 3313 2645 alii,
3346 2597 3379 2637 e
3406 2581 3531 2652 qui-

1971 2680 2073 2735 bus
2102 2686 2185 2735 est
2205 2674 2613 2737 Eratosthenes,
2636 2680 2689 2726 et
2718 2686 2819 2726 nos
2848 2669 3041 2726 iisdem
3080 2671 3530 2743 subscripsimus.

1972 2770 2061 2826 Sic
2090 2770 2157 2825 de
2188 2765 2642 2828 habitationibus,
2677 2773 2730 2818 ct
2763 2777 2951 2818 earum
2990 2762 3205 2825 incolis,
3235 2778 3534 2833 eorumque

1972 2859 2286 2915 nominibus
2324 2855 2470 2912 haud
2515 2852 2650 2909 levis
2688 2850 2977 2908 conﬂictus
3013 2859 3119 2913 est,
3163 2858 3219 2905 ut
3254 2852 3401 2905 etde
3438 2866 3535 2905 au-

1971 2948 2343 3005 tiehthonibus
2369 2953 2423 3002 et
2458 2944 2826 3017 antipodibus.

2010 3153 2116 3224 91
2156 3150 2234 3205 De
2279 3151 2343 3204 iis
2376 3164 2492 3221 qua:
2531 3146 2800 3220 μετάρσια
2840 3152 2890 3199 et
2939 3144 3191 3217 μετέωρα
3230 3142 3499 3196 dicuntur.

2045 3267 2137 3324 '52.
2171 3265 2437 3321 Diﬂ‘erunt
2466 3280 2497 3318 a
2524 3262 2781 3319 meleoris
2809 3276 2929 3331 quae
2956 3259 3223 3331 μετάρσια
3250 3255 3538 3311 norninan-

1978 3372 2065 3415 tur
2097 3381 2109 3415 :
2144 3375 2268 3415 nam
2308 3366 2545 3413 meteora
2579 3356 2637 3411 in
2669 3354 2808 3411 caelo
2839 3361 2968 3411 sunt
3011 3358 3065 3406 et
3112 3350 3314 3404 mthere
3344 3366 3358 3402 :
3395 3346 3543 3402 velut

1977 3456 2079 3517 sol,
2105 3461 2158 3507 et
2193 3453 2247 3507 id
2275 3465 2445 3522 genus
2475 3457 2687 3511 caetera,
2722 3446 2919 3502 cmlum
2940 3484 2955 3508 ,
3005 3441 3206 3507 :cther;
3244 3441 3495 3495 nietarsia
3520 3476 3540 3501 ,

1977 3561 2098 3619 quae
2122 3560 2301 3602 aerem
2333 3543 2477 3598 inter
2500 3549 2555 3597 et
2591 3550 2791 3597 terram
2817 3535 3110 3592 accidunt:
3146 3539 3206 3587 ut
3238 3533 3404 3592 venti,
3438 3546 3541 3585 nu-

1978 3639 2096 3701 bes,
2125 3637 2351 3698 imbres,
2384 3633 2600 3704 fulgura
2620 3669 2636 3695 ,
2670 3630 2909 3684 tonitrua
2934 3666 2950 3691 ,
3004 3632 3229 3680 cometa:
3250 3661 3266 3687 ,
3319 3620 3502 3676 trabes
3524 3659 3540 3683 ,

1977 3729 2220 3785 barbatae
2251 3727 2437 3789 stellae,
2468 3723 2639 3785 faces.
2672 3720 2872 3787 irides,
2917 3733 3055 3772 area:
3080 3754 3097 3782 ,
3144 3714 3544 3771 transvolantes

1980 3822 2176 3885 stellae,
2219 3826 2502 3880 temones,
2560 3812 2842 3886 proﬂuvia.
2894 3810 2969 3866 De
3002 3810 3070 3866 iis
3101 3825 3223 3881 qua:
3279 3806 3546 3880 μετάρσια

1979 3918 2278 3972 vocantur,
2321 3907 2587 3979 agendum
2640 3902 2800 3958 nobis
2830 3908 2936 3956 est.
2986 3896 3121 3953 Nam
3170 3895 3237 3953 de
3288 3891 3543 3951 meteoris

1975 4004 2089 4075 jam
2122 3999 2376 4057 diximus.
2408 3996 2486 4051 Ac
2513 3994 2665 4065 prius
2690 3993 2759 4048 de
2786 3990 2984 4046 ventis.

1986 4115 2062 4170 De
2101 4114 2300 4177 remis,
2341 4110 2501 4182 deque
2538 4123 2684 4161 aura:
2718 4114 2768 4159 et
2820 4100 3173 4157 exhalationis
3220 4096 3540 4152 discrimine.

2063 4292 2168 4354 53..
2186 4292 2586 4350 Anaximander
2611 4290 2864 4345 ﬂuentem
2898 4299 3081 4339 aerem
3111 4280 3246 4335 dixit
3266 4294 3388 4334 esse
3413 4292 3546 4332 ven-

1995 4398 2147 4454 tum;
2182 4386 2273 4439 alii
2301 4382 2697 4439 exhalationem
2730 4376 2892 4432 aeris.
2937 4372 3043 4427 Alii
3070 4377 3289 4425 ventum
3319 4369 3388 4422 ab
3413 4381 3546 4420 aura

1994 4480 2313 4548 discrepare
2335 4474 2557 4529 volunt:
2587 4471 2786 4542 quippe
2813 4472 3030 4521 ventum
3066 4461 3219 4515 aiunt
3241 4474 3361 4514 esse
3383 4456 3548 4511 ﬂuen-

1994 4573 2097 4621 tem
2150 4547 2364 4628 aerem;
2411 4574 2601 4614 auram
2653 4572 2785 4613 vero
2818 4562 3090 4610 terrenam
3119 4547 3540 4604 exbalationem.

1995 4658 2293 4713 Ventorum
2326 4668 2490 4725 porro
2518 4651 2654 4706 alios
2680 4666 2711 4705 e
2740 4647 2977 4703 nubibus
3014 4641 3232 4713 prodire
3258 4644 3470 4706 putant,
3495 4647 3551 4693 et

1987 4750 2174 4805 vocari
2209 4767 2228 4799 ι
2262 4745 2586 4816 ecnephias;
2628 4760 2646 4793 ι
2682 4739 2818 4794 alios
2853 4753 2884 4793 e
2920 4744 3065 4791 terra
3109 4732 3375 4789 excitatos
3413 4730 3547 4783 ἀπο-

1988 4841 2204 4909 γείουςε
2240 4837 2333 4906 qui
2371 4852 2401 4891 e
2456 4831 2769 4888 ﬂuminibus
2801 4828 3085 4890 oriuntur,
3120 4823 3418 4894 aquatiles,
3455 4819 3548 4891 qui

1987 4947 2015 4985 a
2050 4928 2338 4983 maritimis
2381 4925 2613 4986 sinibus,
2632 4920 2879 4986 κολπίας,
2911 4933 2940 4971 a
2974 4916 3247 4971 montibus
3279 4914 3432 4985 ὁρίας
3465 4912 3552 4967 vel

1991 5022 2274 5094 ὀρεστίαςς
2310 5016 2581 5089 quomodo
2620 5014 2689 5068 ab
2716 5010 3004 5067 Aristotele
3032 5011 3087 5062 in
3115 5006 3259 5061 libro
3291 5004 3369 5058 De
3414 5019 3552 5058 ven-

1991 5121 2077 5183 tis,
2114 5124 2165 5170 et
2198 5111 2532 5169 Callimacho
2558 5107 2924 5164 nominantur.
2987 5101 3077 5158 Sic
3105 5100 3298 5176 a‘locis
3329 5096 3553 5168 quidam

1991 5225 2187 5265 nomen
2220 5206 2494 5276 accipiunt
2521 5221 2535 5258 :
2569 5212 2628 5257 ut
2646 5200 2848 5257 Caecias
2878 5215 2907 5253 a
2929 5196 3092 5253 Caico
3106 5193 3270 5249 ﬂuvio
3289 5191 3504 5261 spirans
3532 5207 3551 5254 ;

1992 5315 2045 5358 et
2081 5300 2272 5355 Sciron
2303 5308 2333 5352 a
2365 5290 2661 5352 Scironicis
2707 5292 2966 5363 scopulis.
3011 5286 3295 5343 Nonnullis
3331 5285 3401 5340 ab
3451 5283 3550 5337 im-

1989 5402 2116 5465 petu
2182 5406 2374 5446 nomen
2436 5387 2706 5444 inditum:
2764 5392 2825 5439 ut
2876 5382 2968 5454 qui
3033 5377 3411 5435 vehementius
3463 5376 3553 5429 in-

1991 5464 2222 5559 qruant;
2277 5490 2329 5539 et
2374 5481 2467 5553 qui
2504 5478 2735 5551 quadam
2790 5490 2911 5532 cum
2952 5470 3255 5529 vibratione
3303 5481 3366 5521 ac
3425 5464 3559 5523 sub-

1672 5674 1712 5705 "
1743 5672 1783 5742 ί.
1819 5669 2043 5723 Καΐκου.
