4040 6206
439 251 539 309 987
1465 242 1549 296 AD
1581 237 1847 294 EUSEBII
1874 236 2264 294 CHRONlCO‘N
2303 239 2662 295 APPENDIX.

3577 249 3676 307 988

441 369 587 423 sultu
624 365 872 421 feruntur
896 406 910 430 ,
961 363 1232 435 procellae.
1265 362 1371 416 Alii
1420 377 1450 414 a
1498 360 1678 431 specie
1708 360 2007 415 dicuntur:

2127 357 2208 411 ιαὶ
2241 357 2554 430 πηδήματος
2593 359 2829 413 Θύελλαι.
2867 361 2928 414 Οἱ
2955 362 3010 414 δὲ
3045 363 3151 416 ἀπὸ
3186 364 3463 435 σχήματος
3494 365 3677 434 λέγον-

442 461 588 516 velut
609 460 703 530 qui
734 457 968 528 quadam
1004 456 1271 528 vertigine
1296 455 1610 520 volvuntur,
1643 451 2010 524 appellantur-

443 567 550 622 que
583 549 848 605 turbines.
880 549 1014 603 ltem
1045 549 1138 619 qui
1189 547 1256 602 ab
1281 547 1390 601 imo
1419 560 1638 601 sursum
1670 544 2007 610 attolluntur,

444 652 736 714 presteres.
765 641 997 712 Scripsit
1021 641 1088 696 de
1113 639 1288 696 ventis
1321 639 1484 694 etiam
1505 637 1912 695 Eratosthenes.
1944 638 2012 692 At

445 735 750 790 cardinales
787 733 934 790 venti
983 738 1110 788 sunt
1143 738 1412 802 quatuor:
1446 746 1478 786 e
1505 729 1703 801 quibus
1755 729 1883 796 ille,
1919 729 2010 801 qui

447 827 516 881 ab
546 833 670 880 ortu
700 824 830 889 ﬂat,
886 824 1218 880 subsolanus
1267 822 1502 890 dicitur;
1563 822 1656 892 qui
1711 821 1778 877 ab
1811 822 2011 878 arctico

447 920 592 990 polo,
620 919 850 983 boreas;
884 917 976 988 qui
1001 919 1070 971 ab
1101 915 1422 982 antarctico,
1453 923 1664 984 auster;
1695 915 1764 970 ab
1789 930 2011 982 occasu,

450 1011 742 1084 zephyrus.
777 1008 914 1065 Nam
945 1009 1108 1078 ζέφος
1140 1009 1352 1080 poetice
1375 1022 1633 1065 occasum
1659 1007 1948 1080 signiﬁcat.

1060 1192 1138 1248 De
1175 1194 1411 1248 cometis.

519 1287 609 1342 54.
645 1285 722 1342 De
748 1283 978 1340 cometis
1008 1292 1062 1340 et
1091 1284 1336 1342 trabibus
1369 1283 1640 1355 scripsere
1662 1284 1970 1356 complures
1999 1302 2010 1339 :

450 1381 597 1436 velut
624 1378 952 1434 Demetrius.
983 1377 1161 1434 Locus
1187 1393 1374 1434 eorum
1411 1389 1496 1434 est
1542 1379 1600 1434 in
1637 1392 1780 1444 aere,
1811 1394 1920 1434 non
1961 1381 2016 1435 in

452 1473 608 1527 coelo.
645 1470 721 1524 Ex
754 1470 824 1526 iis
856 1485 1090 1541 quorum
1139 1470 1320 1525 lumen
1366 1469 1624 1526 deorsum
1667 1472 1925 1541 respicit,
1960 1479 2018 1526 ut

453 1579 644 1620 versus
673 1577 792 1618 eam
815 1569 1022 1632 partem
1039 1562 1329 1618 coruscare
1344 1561 1632 1617 videantur
1648 1601 1664 1627 ,
1706 1581 1723 1614 ι
1749 1572 1970 1618 cometa:
1993 1581 2012 1614 ι
2047 1596 2090 1652 Β

453 1653 848 1720 nominantur;
917 1667 1152 1723 quorum
1218 1651 1474 1722 splendor
1528 1667 1746 1708 sursum
1806 1653 2015 1722 vergit,

460 1765 479 1799 ι
515 1745 702 1813 faces;
743 1764 763 1799 ι
798 1759 923 1800 cum
953 1745 1044 1800 lux
1077 1745 1291 1799 tractim
1321 1744 1659 1815 producitur,
1688 1763 1705 1794 ι
1743 1744 1962 1811 trabes;
1995 1764 2013 1797 ›

454 1839 674 1910 quando
717 1837 992 1895 roscidum
1045 1838 1227 1893 lumen
1275 1849 1517 1908 apparet,
1549 1856 1569 1890 ι
1606 1838 1704 1892 iris
1742 1857 1760 1890 ›
1799 1837 2016 1893 dicitur.

455 1930 688 1997 Quando
723 1929 892 1986 solem
921 1929 1093 1983 ambit
1125 1929 1364 1984 circulus
1395 1947 1407 1982 :
1441 1928 1744 1998 cuiusmodi
1771 1943 2022 1982 nonnun-

456 2037 621 2093 quam
664 2021 773 2076 duo
806 2028 990 2082 tresve
1018 2020 1193 2075 ﬁunt:
1231 2019 1374 2074 unde
1401 2030 1454 2074 et
1481 2019 1680 2072 Aratus
1707 2017 1843 2072 dixit
1874 2034 1894 2068 α
1925 2016 2024 2071 tri-

456 2115 714 2186 plicatam
748 2119 1017 2178 aream,»
1062 2122 1286 2168 vocatur
1313 2114 1454 2175 ἅλως
1476 2151 1492 2177 ,
1536 2111 1588 2166 id
1621 2117 1704 2166 est
1755 2129 1774 2161 ι
1815 2124 1962 2164 area.
1998 2127 2017 2161 ι

460 2207 518 2261 Si
541 2207 616 2280 ab
646 2206 813 2262 astris
867 2207 1007 2276 ignis
1052 2205 1120 2260 ad
1154 2205 1411 2261 inferiora
1458 2204 1822 2274 propellatur,
1880 2222 1899 2254 ‹
1944 2210 2025 2256 te-

457 2313 669 2365 mones,
693 2318 711 2351 »
731 2305 784 2352 et
804 2317 822 2349 ι
856 2297 1118 2369 proﬁuvia
1143 2317 1163 2351 ι
1196 2305 1599 2367 nuncupantur.
1616 2295 1718 2363 Qui
1736 2293 2023 2352 subsultim

459 2392 567 2446 huc
617 2398 673 2447 et
711 2391 840 2445 illuc
876 2391 1184 2462 agitantur,
1245 2409 1262 2441 ι
1305 2391 1559 2446 salientes
1599 2408 1619 2441 ι
1679 2396 1733 2444 et
1766 2407 1783 2440 ‹
1826 2387 2026 2443 transi-

461 2484 654 2539 lientes
684 2503 696 2538 :
727 2484 873 2555 quzd
907 2484 966 2538 ﬁt
999 2484 1170 2541 stellis
1215 2493 1376 2540 vento
1403 2482 1686 2540 concussis
1706 2525 1720 2546 ,
1761 2490 1816 2538 et
1868 2483 2025 2553 quasi

460 2576 724 2631 scintillas
757 2575 1152 2632 emittentibus.
1187 2573 1328 2629 Hinc
1375 2573 1510 2628 illud
1563 2581 1848 2630 ventorum
1889 2589 2027 2644 pra:-

461 2668 672 2738 sagium
725 2665 905 2722 facere
949 2665 1108 2721 docet
1155 2666 1376 2720 Aratus.
1408 2665 1491 2718 Ad
1523 2665 1638 2719 lucc
1672 2683 1690 2716 ι
1727 2680 1969 2736 praesepe
2002 2655 2021 2717 ἱ

459 2771 654 2816 vocant
689 2761 887 2818 nubem
942 2760 1232 2830 quamdam
1292 2761 1439 2815 circa
1491 2759 1763 2814 Cancrum
1800 2759 2024 2829 conglo-

461 2854 642 2908 batam
699 2862 753 2908 et
800 2852 1169 2922 splendidam,
1221 2859 1280 2906 ut
1329 2854 1528 2907 Aratus
1574 2851 1881 2923 signiﬁcat:
1937 2849 2026 2904 cui

2111 465 2234 500 ται·
2260 448 2444 521 ὥσπερ
2478 452 2526 502 οἱ
2567 450 2718 520 μετά“
2749 451 3008 523 δινήσεως
3043 454 3339 525 στρόϐιλοι·
3370 459 3466 510 καὶ
3488 460 3541 510 οἱ
3584 461 3678 514 κά-

2110 541 2279 594 τωθεν
2305 543 2383 605 είς
2417 541 2548 610 ὕψος
2575 543 2861 613 φερόμενοι
2885 547 3218 616 πρηστῆρες.
3265 549 3679 620 Ἐπραγματεύρ

2114 651 2242 710 σατο
2277 633 2336 686 δὲ
2372 635 2502 705 περὶ
2527 635 2741 705 ἀνέμων
2768 637 2861 689 καὶ
2896 637 3302 711 Ἐρατοσθένης.
3338 643 3402 694 Οἱ
3442 644 3500 696 δὲ
3538 660 3682 712 γενι-

2112 726 2344 782 κώτατοι
2383 728 2572 798 ἄνεμοι
2605 728 2868 800 τέσσαρές
2891 731 3038 782 ἐἰσιο
3074 731 3170 783 καὶ
3201 735 3230 785 6
3269 735 3366 804 μὲν
3412 736 3524 789 ἀπὸ
3557 738 3683 790 ἀναο

2110 819 2285 873 τολῶν
2333 819 2510 873 πνέων
2571 821 2814 874 καλεῖται
2860 822 3206 895 ἀπηλιώτης,
3247 828 3275 878 6
3322 827 3378 879 66
3433 829 3542 882 ἀπὸ
3592 830 3683 883 τοῦ

2113 914 2373 985 ἀρκτικοῦ
2419 915 2580 969 πόλου
2630 915 2843 988 βορέας,
2874 918 2902 970 6
2933 917 2988 970 66
3032 918 3139 971 ἀπὸ
3184 919 3277 971 τοῦ
3319 920 3685 992 ἀνταρκτικοῦ

2114 1008 2284 1073 νότος,
2314 1011 2342 1062 ὁ
2372 1008 2428 1061 δὲ
2457 1007 2564 1062 ἀπὸ
2600 1007 2800 1072 δύσεως
2839 1008 3070 1081 ζέφυρος
3095 1027 3108 1040 ο
3139 1009 3301 1081 ζέφος
3335 1011 3446 1084 γὰρ
3476 1015 3511 1084 ἡ
3538 1014 3687 1077 δύσις

2116 1100 2256 1155 κατά
2276 1102 2403 1165 τοὺς
2436 1101 2681 1170 ποιητάς.

2671 1195 2809 1263 Περὶ
2837 1194 3128 1264 κομητῶν.

2186 1284 2280 1337 16'.
2301 1284 2437 1358 Περὶ
2457 1285 2513 1340 δὲ
2540 1286 2794 1358 κομητῶν
2811 1289 2903 1340 καὶ
2923 1288 3143 1341 δοκίδων
3165 1290 3689 1361 ἐπραγματεύσαντο

2117 1374 2329 1429 πολλοί⁸
2379 1376 2566 1449 ὥσπερ
2613 1378 2708 1430 καὶ
2753 1379 3078 1451 Δημήτριος.
3117 1382 3239 1434 Εἰσὶ
3284 1383 3339 1436 δὲ
3373 1385 3477 1438 οὐκ
3510 1387 3572 1440 ὲν
3599 1387 3687 1438 o6-

2121 1467 2288 1539 ρανῷ,
2339 1468 2453 1521 ἀλλ’
2504 1470 2562 1522 ὲν
2610 1468 2689 1540 τῷ
2720 1471 2859 1542 ἀέρι.
2890 1472 2952 1525 Ol
3002 1473 3098 1543 μὲν
3136 1470 3228 1527 οὖν
3268 1475 3419 1528 κάτω
3464 1476 3528 1528 τὸ
3579 1477 3689 1545 φῶς

2119 1561 2331 1632 ἔχοντες
2354 1603 2368 1628 ,
2405 1563 2498 1616 καὶ
2543 1562 2642 1627 τὰς
2682 1566 3044 1636 μαρμαρυγὰς
3080 1568 3228 1621 κάτω
3268 1569 3566 1636 νευούσας,
3592 1589 3688 1624 κα-

2118 1652 2332 1706 λοῦνται
2390 1673 2408 1705 ι
2451 1654 2719 1724 κομῆταιο
2769 1673 2787 1706 ι
2836 1657 2886 1708 οἱ
2925 1655 2980 1708 δὲ
3015 1657 3126 1711 ἀνω
3174 1659 3233 1711 τὸ
3277 1659 3392 1728 φῶς
3438 1661 3692 1725 νενευκὸς

2119 1742 2330 1813 ἔχοντες
2368 1743 2652 1798 καλοῦνται
2690 1764 2708 1797 ι
2728 1744 3024 1817 λαμπάδες.
3058 1767 3076 1799 ι
3115 1749 3304 1803 Ὁπότε
3331 1751 3387 1804 66
3420 1753 3694 1824 ἐπίμηκες

2120 1834 2300 1905 έχουσι
2331 1835 2392 1888 τὸ
2424 1837 2560 1905 φῶς,
2593 1837 2880 1908 καλοῦνται
2914 1858 2932 1890 ι
2952 1839 3154 1903 δοκίδες
3174 1856 3188 1871 ο
3218 1860 3238 1893 ι
3268 1842 3426 1897 ὁπότε
3444 1844 3503 1896 δὲ
3534 1847 3691 1916 ἰκμα-

2119 1927 2284 1992 τῶδες
2331 1929 2445 1998 φῶς
2485 1931 2673 2000 ὁρᾶται
2697 1971 2713 1996 ,
2748 1932 2991 1986 καλεῖται
3027 1951 3044 1983 ι
3074 1933 3212 2003 ἶρις·
3250 1953 3267 1986 ι
3303 1936 3432 1988 ὃταν
3461 1936 3519 1988 δὲ
3569 1938 3694 2008 περὶ

2120 2021 2211 2073 τὸν
2235 2021 2384 2091 ἥλιον
2483 2020 2709 2086 κύκλος·
2743 2022 2911 2076 ὲνίοτε
2943 2023 3038 2076 κα)⁸
3064 2024 3109 2054 ²⁰
3149 2024 3261 2088 δύο,
3297 2026 3390 2079 καὶ
3430 2031 3583 2098 τρεῖς
3610 2030 3692 2096 γί-

2122 2130 2328 2168 νονται·
2371 2114 2493 2168 ὅθεν
2519 2116 2612 2168 καὶ
2641 2117 2873 2186 Ἀρατος
2913 2112 3035 2170 εἷπε
3081 2136 3099 2169 ι
3123 2117 3424 2188 τριέλικτον
3452 2120 3687 2192 ἀλωήνοι

2129 2204 2327 2268 «ἄλως»
2352 2205 2616 2260 καλεῖται.
2633 2204 2757 2259 Ἐὰν
2772 2205 2828 2259 δὲ
2851 2207 2957 2260 ἀπὸ
2976 2207 3215 2280 ἀστέρων
3233 2203 3365 2272 ὧσις
3393 2209 3488 2263 τοῦ
3519 2213 3692 2281 φωτὸς

2124 2296 2348 2367 γένηται
2382 2297 2473 2350 ἐπὶ
2500 2297 2567 2351 τά
2596 2297 2765 2363 κάτω,
2793 2298 3076 2353 καλοῦνται
3105 2318 3123 2350 ι
3153 2299 3314 2370 ρυμοὶ
3345 2319 3364 2351 ι
3401 2302 3498 2354 καὶ
3529 2302 3692 2373 «ῥύα-

2124 2403 2251 2452 κες’
2283 2407 2301 2439 ι
2335 2390 2382 2442 οἱ
2415 2388 2471 2442 δὲ
2515 2388 2623 2442 ἀπὸ
2651 2389 2816 2443 τόπου
2855 2391 2935 2454 είς
2965 2390 3126 2444 τόπον
3171 2392 3558 2463 μετερχόμενοι
3595 2387 3700 2446 καἰ

2123 2479 2336 2535 λοῦνται
2385 2500 2403 2534 ι
2432 2481 2680 2553 ᾄττοντες
2717 2501 2735 2533 ›
2783 2481 2876 2536 καὶ
2922 2501 2940 2534 ι
2963 2482 3294 2554 διᾴττοντεςι
3326 2502 3346 2534 ι
3383 2484 3594 2552 γίνεται
3637 2485 3693 2538 δὲ

2124 2572 2312 2637 τοῦτο,
2341 2573 2449 2626 τῶν
2496 2573 2738 2646 ἀστέρων
2780 2574 2884 2628 ὑπὸ
2930 2573 3234 2645 πνεύματος
3269 2577 3703 2646 τινασσομένων,-

2127 2666 2221 2719 καὶ
2255 2667 2416 2720 οἱονεὶ
2470 2666 2770 2738 σπινθῆρας
2813 2667 3078 2736 ἀφιέντων
3103 2683 3116 2697 °
3161 2668 3240 2721 διὸ
3289 2667 3432 2721 κατά
3474 2672 3698 2740 σημεῒθν

2127 2759 2341 2830 ἀνέμων
2379 2755 2531 2813 εἶπεν
2565 2761 2798 2832 ’Ἄρατος
2839 2759 3014 2814 τοῦτο.
3053 2761 3163 2814 Καὶ
3191 2762 3396 2833 φάτνην
3443 2763 3500 2815 δὲ
3540 2762 3698 2832 νέφος

2129 2850 2536 2922 πεφωτισμένον
2594 2851 2722 2922 περὶ
2774 2850 2866 2904 τὸν
2908 2851 3181 2921 Καρκίνον
3232 2852 3434 2920 φασίν·
3479 2851 3556 2912 ὡς
3607 2869 3701 2907 και

474 2952 902 3000 consentaneum
932 2953 1034 3009 est,
1051 2944 1194 3014 quod
1220 2943 1273 2997 in
1303 2943 1489 2999 eadem
1512 2950 1665 3013 parte
1689 2941 1858 2996 stella:
1881 2955 2028 3011 quae-

2134 2941 2384 3010 Ἄρατος.
2427 2941 2755 3006 Ἀκολούθως
2796 2941 2852 2994 δὲ
2886 2940 3055 3013 ταύτῃ
3087 2943 3180 2996 καὶ
3215 2960 3234 2992 ι
3257 2943 3409 3007 ὅνους
3433 2963 3451 2994 ι
3482 2937 3707 3012 λέγουσι

464 3039 589 3092 alam
621 3037 768 3092 circa
795 3035 1087 3103 Cancrum,
1121 3055 1140 3087 ι
1180 3036 1319 3090 asini
1359 3055 1377 3087 ›
1413 3034 1691 3088 dicuntur.
1723 3032 1895 3088 Porro
1935 3047 2028 3088 co-

464 3138 637 3192 metas
671 3135 725 3184 et
754 3129 807 3182 id
836 3143 1007 3197 genus
1047 3127 1186 3190 alia,
1233 3126 1454 3196 quidam
1502 3143 1531 3182 e
1571 3125 1743 3182 stellis
1790 3123 2028 3179 densatis

466 3228 520 3276 et
549 3219 867 3278 illuminatis
906 3217 1038 3272 oriri
1069 3217 1311 3273 sentiunt
1340 3236 1352 3271 :
1386 3218 1478 3271 alii
1508 3233 1575 3272 ex
1608 3217 1842 3272 nubibus
1873 3215 2031 3270 undi-

465 3326 573 3380 que
599 3309 965 3374 collustratis;
1017 3309 1266 3364 nonnulli
1296 3323 1359 3363 ex
1403 3307 1616 3363 aﬂ‘rictu
1647 3307 1905 3364 succendi
1936 3323 2032 3363 vo-

465 3403 605 3457 lunt.
636 3401 822 3471 Neque
855 3415 983 3455 vero
1017 3416 1230 3471 semper
1255 3407 1535 3471 apparent,
1558 3400 1652 3456 sed
1676 3400 1839 3456 certis
1871 3391 2040 3455 inter?

467 3491 628 3546 vallis
660 3500 982 3563 temporum.
1031 3493 1301 3547 Caeterum
1344 3492 1520 3549 nubes
1552 3493 1696 3548 inter
1733 3506 1792 3546 se
1829 3491 2034 3546 collisae

467 3585 710 3638 tonitrua
741 3584 987 3651 faciunt;
1043 3583 1184 3640 ﬁssae
1211 3600 1370 3650 vero,
1413 3592 1466 3640 et
1521 3599 1647 3639 cum
1702 3583 1907 3653 impetu
1967 3595 2032 3637 ac

469 3671 806 3727 vehementia
840 3672 1022 3728 ﬂatum
1055 3674 1367 3730 emittentes
1389 3715 1404 3741 ,
1466 3673 1730 3728 fulmina:
1763 3687 1887 3727 cum
1918 3671 2035 3742 agi-

468 3767 676 3822 tatione
707 3765 870 3822 ﬂatus
915 3766 1268 3834 accenditur;
1322 3765 1536 3839 fulgura
1588 3765 1676 3822 vel
1714 3779 1746 3820 e
1795 3763 2033 3819 nubibus

469 3858 607 3930 ipsis
659 3864 947 3924 oriuntur,
1003 3875 1235 3916 accenso
1287 3860 1411 3934 igne
1468 3873 1532 3913 ac
1588 3857 1894 3913 restincto:
1948 3856 2034 3911 vel

470 3950 728 4021 splendor
754 3959 838 4007 est
867 3968 931 4006 ex
962 3952 1086 4022 igne
1115 3966 1435 4008 coruscans.
1481 3950 1688 4005 Imbres
1709 3964 1776 4004 ex
1817 3946 2035 4002 madido

469 4059 692 4112 vapore,
734 4052 788 4098 et
840 4043 1077 4098 humidis
1118 4043 1354 4097 nubibus
1399 4043 1690 4098 exsistunt.
1732 4039 1857 4094 llaec
1887 4053 2036 4094 sum-

472 4135 659 4188 matim
711 4135 779 4190 de
827 4136 971 4190 aeris
1001 4134 1375 4191 aﬁ‘ectionibus
1403 4173 1419 4200 ,
1471 4149 1594 4204 qua:
1646 4133 1907 4203 μετάρσια
1934 4145 2034 4186 no-

473 4227 704 4287 minant.

971 4395 1047 4450 De
1081 4397 1255 4464 positu
1305 4396 1543 4462 sphaera.

541 4487 631 4544 55.
667 4485 901 4559 Sphaerze
931 4490 1106 4556 situs,
1135 4489 1280 4559 quod
1327 4491 1582 4560 ignorare
1634 4503 1743 4543 non
1794 4495 2042 4558 Oportet,

473 4577 617 4632 haud
647 4579 813 4634 unius
853 4579 1068 4650 generis
1115 4587 1236 4644 est,
1283 4579 1379 4636 sed
1411 4595 1512 4651 pro
1539 4587 1698 4635 terrae
1734 4579 2038 4636 inclinatio-

473 4669 636 4724 nibus
666 4670 804 4724 varii
843 4678 972 4726 sunt
1027 4671 1252 4741 sphaerae
1302 4672 1460 4728 situs.
1510 4670 1552 4724 E
1607 4672 1804 4741 quibus
1834 4686 2037 4743 paucos

474 4763 957 4835 perstringemus:
1019 4772 1074 4820 et
1126 4764 1193 4819 ad
1256 4764 1466 4819 Aratea:
1525 4764 1748 4834 sphaerae
1805 4764 2042 4835 positum

474 4867 665 4928 postea
693 4858 994 4913 veniemus.
1044 4855 1142 4911 Est
1189 4857 1352 4928 igitur
1378 4857 1517 4913 situs
1568 4856 1816 4927 inprimis
1864 4855 2044 4913 llelle-

475 4952 680 5026 sponti,
705 4965 769 5004 ac
797 4950 1124 5006 Macedonia:
1149 4951 1354 5005 elimati
1383 4965 1709 5021 congruens.
1733 4949 1870 5005 Cum
1894 4950 2041 5006 enim

477 5043 620 5108 apud
668 5042 999 5112 Antigonum
1040 5040 1369 5096 Macedonia:
1414 5058 1594 5114 regem
1627 5049 1771 5098 esset
1799 5040 2037 5107 Aratus,

478 5131 546 5188 ad
578 5131 725 5186 illius
772 5130 877 5185 loci
923 5130 1084 5185 clima
1111 5132 1486 5203 apparentium
1516 5133 1819 5188 doctrinam
1867 5131 2043 5203 exegit

477 5239 712 5279 omnem.
744 5222 916 5280 Porro
955 5225 1169 5294 quoties
1195 5225 1304 5295 poli
1333 5225 1670 5280 horizontem
1696 5223 2038 5296 contingunt,

479 5316 678 5373 accidit
705 5324 766 5372 ut
797 5331 898 5373 nec
926 5317 1165 5374 arcticus
1219 5319 1458 5374 circulus
1479 5357 1497 5383 ,
1551 5333 1654 5373 nec
1705 5317 2040 5374 antarcticus
2066 5338 2085 5362 ο

481 5423 695 5478 semper
742 5417 1078 5481 appareant:
1112 5411 1209 5468 sed
1261 5410 1700 5482 hemisphaerium
1751 5418 2041 5481 utrumque

481 5499 690 5557 oriatur
751 5510 806 5560 et
863 5503 1094 5560 occidat.
1183 5504 1277 5559 Sin
1309 5504 1580 5561 borealem
1637 5505 1817 5576 polum
1877 5519 2041 5576 supra

565 5687 611 5719 ³⁵
705 5687 876 5747 tutor:
897 5687 976 5744 δέ.
1053 5689 1116 5723 ’⁸⁵
1144 5689 1183 5759 f.
1204 5690 1362 5746 κατα.
1390 5691 1544 5748 Eutr.

2132 3032 2258 3103 περὶ
2284 3031 2374 3086 τὸν
2404 3031 2674 3102 Καρκίνον
2720 3031 2951 3101 ἀστέρας
2991 3024 3148 3084 εἶναι.
3179 3031 3316 3095 Τοὺς
3352 3031 3408 3085 δὲ
3455 3035 3703 3103 κομήτας

2133 3125 2224 3177 καὶ
2250 3124 2376 3186 τοὺς
2404 3122 2680 3186 τοιούτους
2703 3124 2752 3176 οἱ
2791 3124 2889 3193 μὲν
2917 3124 3164 3192 λέγουσιν
3208 3123 3266 3187 ἐξ
3299 3123 3544 3194 ἀστέρων
3579 3141 3702 3177 συν-

2130 3233 2156 3268 ε
2163 3217 2437 3288 ρχομένων
2448 3215 2686 3285 γίνεσθαι
2703 3215 2796 3269 καὶ
2815 3216 3288 3286 έμφωτιζομένων,
3305 3218 3354 3268 οἱ
3375 3216 3433 3270 δὲ
3449 3218 3514 3269 ὲκ
3527 3218 3704 3286 νεφῶν

2131 3309 2682 3380 περι-πεφωτισμένων
2701 3325 2714 3338 ⁸
2749 3307 2896 3362 ἄλλοι
2924 3308 2979 3360 δὲ
3006 3309 3070 3361 ὲκ
3097 3307 3479 3379 παρατρίψεως
3508 3307 3706 3370 αὐτοὺς

2124 3378 2457 3470 ἱφωτίζεσθαι
2481 3398 2746 3468 λέγουσιν.
2777 3399 2850 3453 Οὐ
2887 3398 3162 3468 φαίνονται
3206 3378 3386 3452 δὲίάεί
3407 3416 3420 3428 ο
3456 3399 3594 3452 ἀλλά
3620 3400 3702 3468 γί-

2133 3509 2311 3547 νονται
2345 3492 2439 3546 καὶ
2473 3491 2543 3522 ’⁸⁸
2567 3491 2844 3562 περιόδους
2890 3489 3114 3561 χρόνων.
3142 3491 3270 3543 Ὅτε
3308 3490 3404 3561 μὲν
3441 3486 3535 3543 οὗν
3569 3507 3699 3558 συγ-

2124 3582 2418 3654 ’κρούονται
2438 3581 2493 3634 αί
2526 3581 2741 3650 νεφέλαι
2773 3580 2906 3652 πρὸς
2930 3580 3184 3651 ἀλλήλας,
3208 3579 3435 3652 βροντὰς
3467 3582 3699 3636 ποιοῦσιο

2135 3672 2382 3744 ραγεῖσαι
2422 3671 2498 3735 δὲ,
2532 3671 2623 3724 καὶ
2657 3670 2872 3741 πνεῦμα
2921 3669 3058 3742 μετά
3111 3670 3289 3742 ῥύμης
3334 3672 3426 3724 καὶ
3468 3673 3701 3744 σφοδρᾶς

2133 3763 2308 3833 ὁρμῆς
2349 3762 2604 3833 ἀφεῖσαι,
2634 3762 2930 3833 κεραυνοὺς
2978 3761 3228 3827 ποιοῦσι,
3265 3760 3354 3815 διὰ
3390 3763 3488 3833 τῆς
3524 3763 3704 3835 ῥύμης

2134 3853 2504 3924 ἀγαπωμένου
2538 3851 2632 3905 τοῦ
2669 3851 2976 3923 πνεύματος
3005 3868 3018 3882 ·
3053 3852 3326 3925 ἀστραπαὶ
3367 3853 3424 3906 δὲ
3463 3854 3702 3922 γίνονται

2135 3945 2252 4014 ἦτοι
2285 3943 2342 4011 ἐξ
2381 3943 2560 3997 αὐτῶν
2600 3944 2759 3998 πάλιν
2796 3945 2903 3997 τῶν
2935 3945 3142 4014 νεφῶν,
3172 3945 3348 4014 φωτὸς
3394 3944 3701 4016 ἀναπτομέ-

2137 4050 2226 4086 νου
2256 4035 2350 4088 καὶ
2379 4034 2734 4106 σϐεννυμένου
2761 4053 2773 4065 ·
2804 4036 2836 4107 ἢ
2869 4037 2932 4090 ὲκ
2961 4037 3131 4108 πυρὸς
3172 4037 3528 4110 μαρμαρυγαί
3563 4039 3698 4090 είσιν

2138 4123 2573 4194 ὲκπεμπόμεναι.
2617 4125 2850 4197 Ὄμϐροι
2882 4125 2938 4178 δὲ
2983 4125 3040 4192 ἐξ
3081 4125 3254 4196 ὑγρᾶς
3287 4125 3581 4186 ἀναδόσεως
3602 4122 3694 4176 καὶ

2069 4274 2111 4303 ᾖ
2139 4215 2374 4284 νεφελῶν
2406 4215 2588 4287 ὑγρῶν
2618 4216 2874 4285 γίνονται.
2905 4215 3088 4270 Ταῦτα
3121 4217 3218 4287 μὲν
3243 4210 3336 4271 οὖν
3361 4217 3434 4280 ὡς
3457 4215 3508 4268 ὲν
3530 4212 3693 4303 ὀλίγῳ

2143 4307 2270 4380 περὶ
2305 4307 2631 4379 μεταρσίων.

2488 4397 2628 4466 Περὶ
2648 4396 2866 4464 θέσεως
2895 4398 3024 4470 [τῆς
3052 4398 3356 4471 oga-[pag].
3715 4393 3730 4439 ε

2213 4489 2303 4544 λε’.
2327 4488 2652 4561 Εἰδέναιξχρὴ
2669 4491 2796 4562 περὶ
2807 4489 2907 4560 τῆς
2928 4489 3125 4555 θέσεως
3141 4491 3238 4561 τῆς
3253 4488 3593 4561 σφαίρας,ὡς
3605 4487 3703 4542 οὐκ

2143 4580 2258 4635 ἐστι
2294 4582 2410 4653 μία,
2444 4580 2581 4636 ἀλλὰ
2608 4581 2743 4653 πρὸς
2767 4580 2836 4635 τὰ
2863 4582 3100 4653 κλίματα
3139 4582 3238 4652 τῆς
3266 4582 3368 4652 γῆς
3405 4581 3499 4634 καὶ
3530 4581 3588 4633 αἱ
3620 4580 3706 4634 θέ-

2145 4691 2258 4738 σεις
2289 4675 2386 4745 τῆς
2424 4672 2656 4745 σφαίρας
2695 4675 2952 4742 γίνονται.
2982 4673 3211 4727 Λεκτέον
3237 4673 3295 4726 δὲ
3321 4672 3449 4744 περὶ
3475 4672 3670 4740 ὀλίγων
3690 4688 3704 4702 ⁸

2144 4767 2238 4821 καὶ
2267 4767 2391 4820 τότε
2419 4767 2520 4837 τῆς
2553 4765 2694 4820 κατὰ
2726 4765 2817 4820 τὸν
2853 4766 3084 4836 ’Ἄρατον
3113 4765 3382 4837 ἀψόμεθα.
3421 4765 3581 4828 Θέσις
3626 4765 3709 4828 τίς

2144 4859 2260 4912 ἐστι
2293 4858 2436 4913 κατὰ
2481 4859 2543 4911 τὸ
2583 4858 3066 4930 Ἐλλησποντιακὸν
3100 4859 3194 4911 καὶ
3237 4859 3334 4930 τῆς
3375 4858 3709 4920 Μακεδονίας

2143 4953 2334 5024 κλίμα.
2367 4951 2524 5025 Παρά
2555 4953 2663 5024 γὰρ
2699 4951 2982 5022 Ἀντιγόνῳ
3011 4951 3298 5025 διατρίϐων
3334 4953 3599 5023 Ἀρατος,
3633 4950 3710 5019 τῷ

2142 5046 2240 5117 τῆς
2271 5045 2607 5107 Μακεδονίας
2652 5043 2876 5114 βασιλεῖ,
2924 5044 3061 5115 πρὸς
3093 5043 3154 5096 τὸ
3185 5043 3367 5097 αὐτόοι
3407 5043 3576 5113 κλίμα
3619 5042 3710 5094 καὶ

2287 5136 2632 5191 διδασκαλίαν
2684 5135 2792 5189 τῶν
2841 5114 3179 5206 φαινομένων
3225 5135 3530 5206 πεποίηται.
3588 5133 3711 5187 Ἐὰν

2145 5232 2244 5302 μὲν
2271 5225 2362 5285 οὖν
2387 5234 2436 5284 οἱ
2462 5231 2611 5283 πόλοι
2641 5228 2778 5301 πρὸς
2809 5228 2887 5300 τῷ
2914 5229 3146 5301 ὁρίζοντι
3180 5228 3278 5301 τὴν
3316 5228 3462 5282 Θέσιν
3493 5228 3707 5298 ἔχωσιν,

2141 5322 2281 5376 ὥστε
2328 5319 2662 5392 ἐφάπτεσθαι
2710 5319 2805 5373 τοῦ
2854 5321 3156 5391 ὁρίζοντος,
3189 5318 3526 5390 συμϐήσεται
3577 5319 3708 5388 μήτε

2141 5414 2231 5469 τὸν
2259 5412 2515 5486 ἀρκτικὸν
2565 5413 2699 5484 μήτε
2743 5413 2833 5466 τὸν
2874 5411 3233 5485 ἀνταρκτικὸν
3274 5411 3504 5480 ἀειφανῆ
3549 5406 3708 5472 εἶναι,

2145 5507 2256 5561 ἀλλ’
2287 5506 2540 5577 ἑκάτερον
2573 5504 2776 5561 τούτων
2805 5505 3126 5577 ἡμικύκλιον
3159 5501 3464 5561 ἀνατέλλειν
3504 5501 3590 5556 ἀεὶ
3619 5503 3707 5556 καὶ
