4040 6206
247 3285 256 3290 ·
289 3311 296 3317 .
337 3266 513 3321 ταῦτα
563 3269 681 3322 κατ’

355 211 460 270 989

1098 214 1419 272 ACHILLIS
1457 215 1641 271 TATll
1681 216 1977 274 lSAGOGE
2019 217 2107 272 AI)
2141 213 2349 270 ABATI
2389 212 2858 270 ΡΙΙᾸΞΝΟΜΕΝΑ.

3484 220 3589 278 990

351 327 550 384 δύνειν.
591 326 717 383 Ἐὰν
746 331 802 384 δὲ
841 331 934 384 τὸν
965 331 1168 402 βόρειον
1202 333 1365 387 πόλον
1403 333 1732 408 ὑψηλότερον
1778 338 1916 408 ποιή-

2032 335 2370 389 horizontem
2397 330 2697 385 attollimus
2723 370 2736 394 ,
2781 345 2879 400 pro
2918 329 3220 386 altitudinis
3245 339 3474 394 ratione.
3503 349 3593 388 va-

352 439 541 494 υωμεν
568 422 660 475 τοῦ
692 423 982 494 ὁρίζοντος,
1013 424 1149 496 πρὸς
1180 427 1240 478 τὸ
1259 427 1538 498 γινόμενον
1570 427 1801 499 ἐξαρμα,
1827 429 1920 482 καὶ

354 513 491 584 ὕψος
521 514 707 578 αὐτοῦ,
737 515 924 569 καὶτὰ
955 516 1190 587 κλίματα
1218 518 1318 589 τῆς
1347 519 1449 590 γῆς
1479 518 1589 583 ἕξει
1612 519 1680 572 τὰ
1714 519 1916 591 μεγέθη

351 607 462 662 τῶν
484 605 702 678 ἡμερῶν
735 607 828 660 καὶ
853 607 960 660 τῶν
994 608 1202 662 νυκτῶν
1231 609 1476 680 διάφορα.
1506 609 1693 681 Δῶμεν
1723 611 1764 677 ξ’
1799 627 1917 681 μοι-

351 699 466 770 ρῶν
505 697 702 752 κύκλον
732 699 994 770 τέμνοντα
1020 699 1118 770 τὴν
1165 703 1398 771 σφαῖραν
1435 700 1522 754 διὰ
1567 701 1674 754 τῶν
1719 701 1917 766 πόλων,

347 787 542 860 ὥσπερ
572 790 696 852 τοὺς
729 788 1036 861 κολούρους.
1071 788 1236 861 Δῆλον
1273 785 1399 856 οὖν,
1433 791 1515 843 ὅτι
1555 790 1781 844 ἕκαστον
1812 790 1919 845 τῶν

349 879 728 950 ἡμισφαιρίων
755 879 864 946 ἕξει
891 879 995 934 ἀνὰ
1018 879 1060 932 λ’
1079 897 1093 911 ·
1127 880 1234 934 τῶν
1262 881 1319 934 δὲ
1350 882 1390 912 ¹¹
1422 882 1557 954 ὑπὲρ
1589 881 1693 952 γῆς
1726 882 1920 953 μοίρας

348 971 394 1024 λ’
425 971 534 1024 ἀπὸ
570 970 662 1024 τοῦ
695 970 967 1043 ὁρίζοντος
1003 971 1162 1043 μέχρι
1185 971 1277 1026 τοῦ
1295 973 1478 1028 πόλου.
1519 974 1643 1027 Ἐὰν
1672 971 1765 1026 οὖν
1795 989 1919 1044 μετ-

348 1064 570 1134 εωρίσω
637 1063 727 1117 τὸν
777 1063 984 1135 βόρειον
1029 1065 1190 1118 πόλον
1241 1066 1434 1138 μοίρας
1494 1072 1569 1131 ς’,
1618 1065 1770 1119 ἔσται
1823 1066 1917 1119 τοῦ

361 1153 757 1224 Ἑλλησπόντου
804 1154 864 1208 τὸ
911 1154 1080 1227 κλίμα
1117 1155 1244 1229 ἔχον
1289 1156 1388 1228 τὴν
1431 1157 1530 1228 μὲν
1573 1157 1784 1229 ἡμέραν
1821 1157 1918 1228 τὴν

352 1248 619 1318 μεγίστην
669 1246 827 1318 ὡρῶν
873 1253 954 1314 ιε’,
1004 1226 1209 1320 τὴν’δὲ
1260 1226 1443 1310 νύκτα
1473 1226 1918 1328 τὴνὴὲλαχίστην

345 1342 508 1413 ὡρῶν
543 1341 608 1395 θ’.
651 1341 774 1395 Ἐὰν
807 1341 863 1394 δὲ
907 1342 981 1413 μὴ
1018 1342 1177 1411 μόνον
1215 1341 1274 1407 ἒξ
1296 1383 1311 1409 ,
1342 1343 1456 1396 ἀλλ’
1493 1344 1647 1396 ἐννέα
1684 1343 1792 1396 ἀπὸ
1823 1339 1944 1402 τοῖς

344 1433 620 1509 ὁρίζοντος
655 1433 968 1506 μετεωρίσω
1003 1433 1094 1488 τὸν
1133 1433 1340 1506 βόρειον
1367 1435 1560 1500 πόλον,
1607 1434 1919 1506 μακροτέρα

343 1522 500 1577 ἔσται
541 1526 574 1597 ἡ
609 1525 836 1596 μεγίστη
871 1525 1052 1598 ἡμέρα
1082 1526 1231 1598 παρὰ
1261 1529 1373 1591 τοῖς
1403 1527 1573 1592 οὕτως
1609 1528 1847 1581 οἰκοῦσιν
1882 1528 1915 1598 ἢ

343 1617 462 1679 τοῖς
503 1617 920 1690 προειρημένοις
959 1619 1017 1671 ὲν
1055 1617 1132 1689 τῷ
1166 1617 1555 1690 Ἑλλησπόντῳ.
1602 1621 1712 1672 Καὶ
1757 1619 1917 1673 πάλιν

2025 428 2105 482 ria
2139 437 2297 483 terra:
2333 424 2644 479 climatibus
2675 423 2884 478 dierum
2915 429 2968 478 et
2998 423 3236 476 noctium
3277 425 3592 493 magnitudo

2025 518 2316 575 constabit.
2349 516 2645 587 Fingamus
2707 517 2940 586 partium
2999 515 3278 584 sexaginta
3326 515 3588 569 circulum

2023 625 2182 675 esse,
2239 608 2331 678 qui
2393 608 2659 678 sphaeram
2707 621 2805 676 per
2844 606 2999 675 polos
3046 607 3318 660 transiens
3353 603 3589 669 dividit,

2022 698 2129 769 92
2162 704 2219 752 ut
2244 697 2417 753 coluri
2449 697 2675 752 faciunt.
2732 695 2900 767 Igitur
2951 696 3328 766 hemisphaeria
3377 697 3590 765 singula

1991 790 2250 844 ’tricenis
2286 789 2547 858 gradibus
2581 789 2931 853 constabunt,
2979 789 3221 858 adeoque
3251 787 3395 857 quod
3427 804 3590 856 supra

2025 890 2224 936 terram
2253 882 2476 946 eminet,
2513 881 2714 951 gradus
2764 881 3005 936 tricenos
3056 881 3277 935 habebit
3326 879 3393 935 ab
3440 881 3592 934 hori-

2026 982 2184 1029 zonte
2203 975 2269 1028 ad
2299 975 2502 1044 polum.
2531 973 2710 1039 Quare
2755 973 2801 1028 si
2831 973 2897 1026 ad
2923 981 3107 1042 partes
3130 987 3226 1027 sex
3267 973 3452 1042 polum
3491 987 3588 1026 ex-

2027 1066 2225 1130 tulero,
2247 1065 2304 1119 in
2334 1064 2666 1135 Hellesponti
2692 1065 2906 1118 climate
2934 1063 3282 1132 longissimus
3331 1064 3451 1118 dies
3493 1063 3590 1119 ho-

2025 1172 2209 1212 rarum
2237 1157 2328 1213 ﬁet
2350 1158 2450 1224 15;
2483 1157 2806 1213 brevissima
2846 1171 2954 1211 nox
2993 1159 3248 1209 horarum
3276 1155 3329 1210 9.
3386 1155 3592 1222 Quodsi

2025 1267 2134 1306 non
2166 1258 2376 1305 tantum
2419 1265 2513 1304 sex
2543 1249 2839 1321 gradibus,
2887 1247 2983 1302 sed
3016 1261 3210 1301 novem
3245 1262 3408 1316 supra
3445 1248 3594 1302 hori-

2025 1350 2238 1396 zontem
2272 1342 2457 1411 polum
2483 1341 2754 1395 borealem
2777 1354 3024 1403 erexcro,
3071 1339 3304 1409 longior,
3341 1353 3502 1408 quam
3534 1338 3591 1394 in

2026 1433 2395 1502 Hellesponto,
2428 1432 2518 1488 ﬁet
2551 1433 2698 1497 dies,
2735 1432 2883 1486 illius
2920 1438 3129 1485 tractus
3175 1430 3392 1484 incolis.
3452 1429 3594 1483 Rur-

2025 1541 2118 1581 sus
2147 1541 2276 1580 vero
2320 1525 2366 1579 si
2413 1524 2643 1578 arduum
2670 1523 2875 1594 magis,
2930 1538 2994 1578 ac
3031 1537 3204 1593 supra
3255 1523 3592 1577 horizontem

2024 1618 2352 1672 eminentem
2400 1617 2581 1686 polum
2633 1625 2915 1678 statuero,
2965 1616 3110 1669 hora:
3169 1615 3444 1686 longiores
3499 1631 3592 1669 ex-

344 1707 445 1761 ὲὰν
488 1708 814 1780 ὑψηλότερον
857 1709 1019 1769 αὑτὸν
1058 1712 1295 1782 ποιήσω,
1331 1711 1424 1763 καὶ
1457 1712 1588 1765 πολὺ
1629 1711 1792 1766 αὑτοῦ
1825 1712 1916 1766 τοῦ

2019 1709 2246 1773 sistent,
2303 1709 2477 1764 donec
2527 1709 2762 1763 borealis
2817 1708 2976 1778 polus
3023 1707 3303 1762 culminct.
3353 1707 3430 1760 Ac
3462 1715 3593 1760 tunc

344 1799 619 1870 ὁρίζοντος
681 1801 979 1872 ἀπέχοντα,
1031 1803 1372 1874 μακρότεραι¹
1417 1803 1800 1875 εὑρεθήσονται
1866 1807 1922 1856 αί

342 1884 485 1959 ὧραι
513 1892 558 1924 “
578 1932 593 1956 ,
628 1892 732 1956 ἓως
770 1892 835 1946 ἂν
861 1895 890 1946 ό
923 1893 1132 1968 βόρειος
1180 1895 1559 1966 μεσουρανήσῃ
1603 1894 1764 1957 πόλος
1788 1911 1801 1923 ·
1830 1895 1923 1948 καὶ

343 1981 468 2035 τότε
494 2022 511 2048 ,
541 1983 712 2048 οὕτως
744 1985 1003 2056 κειμένης
1039 1986 1138 2056 τῆς
1181 1985 1448 2056 σφαίρας,
1481 1985 1817 2055 συμϐήσεται
1865 1984 1924 2048 ἓξ

347 2076 535 2148 μηνῶν
567 2072 706 2130 εἶναι
733 2078 832 2149 τὴν
877 2079 1111 2151 ἡμέραν,
1147 2079 1240 2132 καὶ
1271 2077 1329 2142 ἓξ
1360 2077 1544 2148 μηνῶν
1576 2076 1674 2148 τὴν
1714 2077 1882 2130 νύκτα
1905 2095 1918 2107 ·

347 2169 808 2240 μεσουρανοῦντος
858 2170 965 2242 γὰρ
1012 2167 1106 2224 τοῦ
1147 2170 1356 2247 βορείου
1396 2170 1558 2223 πόλου
1583 2211 1598 2233 ,
1632 2169 1923 2242 εὑρεθήσε-

342 2271 436 2309 ται
465 2258 494 2310 ὁ
525 2256 786 2321 ζωδιακὸς
818 2258 922 2310 ὑπὸ
953 2252 1047 2310 τοῦ
1094 2257 1364 2329 ὁρίζοντος
1409 2259 1488 2321 είς
1519 2258 1612 2311 δύο
1652 2259 1920 2329 τεμνόμε-

341 2363 435 2410 νος
457 2363 475 2378 ⁸
504 2348 598 2401 κα)⁸
626 2347 687 2400 τὸ
727 2349 825 2418 μὲν
849 2348 1018 2418 ἥμισυ
1045 2348 1183 2420 ὑπὲρ
1211 2349 1334 2419 γῆς,
1363 2349 1424 2402 τὸ
1452 2349 1510 2402 δὲ
1535 2349 1717 2402 λοιπὸν
1749 2350 1918 2420 ἥμισυ

341 2437 451 2490 ὑπὸ
471 2437 574 2509 γῆν
603 2438 688 2490 διε)⁸
716 2438 873 2508 ἔχων.
903 2438 1104 2491 Τούτου
1133 2439 1190 2492 δὲ
1234 2439 1404 2502 οὕτως
1440 2440 1612 2506 ὄντος,
1638 2439 1814 2511 δῆλον,
1845 2440 1920 2504 ὡς

341 2530 439 2584 καὶ
465 2528 525 2595 ἓξ
551 2530 713 2596 ζώδια
740 2531 880 2602 ὑπὲρ
915 2532 1016 2602 γῆς
1052 2531 1225 2597 ἔσται,
1250 2530 1422 2587 ταῦτα
1455 2532 1712 2603 δηλονότι,
1756 2535 1813 2587 ὲν
1837 2529 1918 2598 οἷς

339 2623 371 2675 ὁ
388 2623 542 2694 ἥλιος
571 2623 878 2694 γενόμενος,
903 2624 996 2677 καὶ
1023 2624 1141 2677 καθ’
1157 2625 1384 2678 ἕκαστον
1413 2626 1456 2678 λ’
1485 2625 1698 2697 ἡμέρας
1723 2626 1912 2691 ποιῶν,

341 2718 564 2787 ποιήσει
591 2697 687 2788 τῆν
717 2717 928 2788 ἡμέραν
962 2719 1145 2788 μηνῶν
1181 2724 1232 2782 ς’
1260 2735 1274 2749 ο
1307 2717 1375 2771 τὰ
1407 2717 1463 2771 δὲ
1498 2717 1632 2774 ἄλλα
1667 2725 1721 2783 ς’
1750 2717 1920 2782 ζώδια

340 2808 431 2863 ἀεὶ
460 2807 662 2878 ἀφανῆ,
696 2808 790 2861 καὶ
812 2808 914 2860 ὑπὸ
950 2809 1053 2880 γῆν
1097 2807 1246 2861 ἔσται
1271 2849 1286 2872 ,
1313 2809 1372 2861 ὲν
1402 2803 1483 2872 οἷς
1520 2814 1548 2862 ὁ
1587 2810 1737 2880 ἥλιος
1765 2811 1916 2878 γενό-

343 2916 505 2969 μενος
539 2898 752 2972 ποιήσει
780 2898 880 2970 τὴν
902 2898 1072 2952 νύκτα
1113 2899 1294 2969 μηνῶν
1329 2906 1404 2964 ς’,
1449 2899 1538 2953 διὰ
1571 2899 1632 2953 τὸ
1670 2901 1744 2970 μὴ
1783 2901 1915 2954 ἀνα·-

2026 1800 2308 1855 semestris
2347 1799 2464 1856 dies
2502 1800 2607 1854 erit
2641 1799 3030 1866 semcstrisque
3059 1814 3185 1853 nox.
3238 1796 3372 1850 Nam
3410 1799 3454 1852 si
3496 1798 3594 1852 bo-

2024 1891 2188 1946 realis
2220 1891 2378 1960 polus
2429 1891 2486 1944 in
2535 1891 2740 1946 vertice
2790 1891 2892 1957 sit,
2930 1889 3186 1944 zodiacus
3216 1890 3283 1943 ab
3313 1890 3594 1943 horizonte

2024 1981 2280 2050 bipertito
2308 1981 2618 2048 secabitur;
2651 1980 2878 2051 ejusque
2924 1995 3052 2050 pars
3079 1979 3301 2035 dimidia
3331 1990 3594 2049 perpetuo

2023 2089 2188 2142 supra
2229 2083 2430 2128 terram
2456 2074 2708 2138 exstabit,
2738 2074 2905 2128 altera
2939 2074 3042 2128 sub
3073 2080 3276 2126 terram
3301 2072 3590 2128 condetur.

2023 2163 2138 2220 Hoc
2180 2181 2309 2221 vero
2360 2166 2574 2236 posito,
2632 2165 2982 2236 perspicuum
3016 2173 3100 2220 est
3147 2180 3243 2219 sex
3286 2162 3400 2219 fore
3441 2166 3594 2235 signa

2022 2271 2186 2327 supra
2209 2264 2412 2312 terram
2441 2275 2458 2312 :
2500 2257 2556 2311 in
2595 2257 2796 2327 quibus
2827 2257 3037 2311 scilicet
3069 2256 3282 2326 positus
3317 2257 3421 2319 sol,
3453 2266 3507 2310 et
3540 2257 3594 2311 in

2020 2364 2352 2419 unoquoque
2380 2348 2602 2419 triginta
2631 2348 2748 2404 dies
2773 2363 3143 2415 commorans,
3179 2356 3494 2402 semestrem
3518 2346 3596 2402 ef-

2019 2443 2161 2499 ﬁciet
2195 2442 2370 2509 diem;
2399 2442 2611 2511 reliqua
2641 2458 2736 2498 sex
2755 2442 2912 2513 signa
2940 2456 3154 2510 semper
3176 2441 3392 2495 occulta
3413 2449 3594 2505 erunt,

1985 2545 1988 2548 ’
2017 2542 2071 2590 et
2099 2533 2201 2590 sub
2225 2543 2371 2588 terra
2407 2532 2626 2587 condita
2655 2552 2667 2588 :
2701 2548 2822 2604 quae
2852 2549 2978 2588 cum
3019 2534 3100 2587 sol
3136 2533 3467 2604 peragrabit,
3502 2548 3595 2590 sex

2018 2627 2290 2683 mensium
2322 2633 2536 2681 noctem
2564 2624 2750 2688 faciet,
2778 2640 2844 2680 eo
2867 2625 3013 2694 quod
3041 2627 3098 2678 in
3127 2625 3236 2679 illis
3277 2626 3419 2680 situs
3448 2642 3595 2679 nun-

2017 2734 2178 2790 quam
2203 2717 2395 2772 oritur.
2436 2716 2562 2772 Haec
2607 2717 2676 2772 ad
2707 2717 2919 2772 dierum
2977 2727 3031 2772 et
3075 2715 3318 2770 noctium
3351 2717 3594 2786 inaequa-

2017 2811 2223 2866 litatem
2251 2809 2626 2881 explicandam
2659 2807 3078 2878 assumpsimus.
3134 2804 3210 2860 De
3253 2806 3456 2874 quibus
3511 2807 3596 2862 sic

2014 2903 2323 2959 habendum
2349 2909 2467 2969 est;
2505 2901 2747 2965 ratione,
2797 2915 2862 2954 ac
2903 2898 3362 2962 consideratione,
3398 2913 3596 2953 conse-

339 2991 546 3044 τέλλειν
575 2993 633 3044 ὲν
659 2994 770 3055 τοῖς
795 2997 849 3056 ς’
882 2991 1092 3055 τούτοις
1117 2993 1404 3062 γενόμενον
1435 2992 1614 3045 αὐτόν.
1649 2991 1832 3046 Ταῦτα
1854 2992 1911 3046 δὲ

2016 3004 2351 3066 quenterque
2380 2995 2447 3049 iis
2476 3010 2597 3064 qua:
2649 2999 2951 3062 apparent,
3009 2991 3126 3046 haec
3177 3005 3207 3044 a
3250 2989 3414 3045 nobis
3468 3004 3596 3045 esse

338 3085 476 3154 ἡμῖν
512 3083 753 3155 εἰλήφθω
794 3085 894 3156 τῆς
935 3058 1258 3154 ἀνωμαλίας⁷
1297 3083 1405 3137 τῶν
1454 3084 1676 3155 ἡμερῶν
1716 3102 1774 3138 τε
1821 3084 1914 3138 καὶ

2017 3087 2284 3152 collecta;
2317 3101 2440 3140 cum
2478 3086 2589 3140 sint
2618 3083 2835 3139 occulta
2866 3099 3114 3154 prorsus.
3142 3080 3261 3138 Non
3293 3083 3438 3137 enim
3479 3083 3591 3138 ulla

337 3174 551 3229 νυκτῶν
588 3175 766 3246 χάριν.
810 3175 929 3248 Χρὴ
957 3175 1014 3228 δὲ
1046 3176 1261 3238 εἰδέναι,
1294 3177 1376 3229 ὅτι
1415 3176 1558 3247 λόγῳ
1591 3177 1684 3229 καὶ
1715 3175 1918 3249 θεωρία

739 3268 1055 3321 ἀκολουθίαν
1103 3269 1168 3321 ἐκ
1225 3266 1335 3322 τῶν
1382 3268 1630 3340 φανερῶν
1676 3269 1910 3340 ἐδείχθη,

337 3360 524 3430 ἀφανῆ
551 3360 697 3412 ὁντα.
734 3360 808 3413 Ού
837 3359 945 3432 γὰρ
992 3360 1186 3431 ἔχομεν
1225 3359 1334 3413 ἀπὸ
1371 3360 1660 3432 ἐμπειρίας
1697 3360 1756 3425 ἒξ
1809 3377 1912 3431 μη-

336 3452 447 3504 νῶν
476 3451 573 3522 τὴν
599 3451 830 3523 ἡμέραν,
866 3453 958 3505 καί
977 3452 1076 3523 τὴν
1107 3451 1274 3504 νύκτα
1303 3451 1570 3506 τοσούτων
1599 3452 1784 3519 δεῖξαι.
1815 3454 1910 3505 Τι-

336 3543 429 3606 νὲς
469 3543 527 3596 δὲ
562 3543 863 3614 ἱστοροῦσιν
894 3551 942 3616 η’
976 3543 1199 3615 ἡμερῶν
1243 3541 1462 3597 ἔκτασιν
1511 3546 1640 3615 μιᾶς
1678 3544 1908 3617 ἡμέρας,

341 3633 492 3688 ἄλλοι
517 3633 573 3687 δὲ
593 3641 646 3686 π’
667 3635 889 3706 ἡμερῶν
911 3652 924 3665 ·
960 3635 1064 3688 εἰσὶ
1096 3636 1153 3688 δὲ
1178 3631 1320 3690 οὗτοι
1350 3637 1406 3689 οἱ,
1422 3636 1561 3707 ὑπὲρ
1587 3635 1792 3708 Θούλην
1814 3637 1912 3707 τὴν

342 3723 505 3795 νῆσον
536 3723 814 3794 λεγόμενοι
847 3719 1004 3780 εἶναι.
1043 3727 1106 3779 Ἠ
1138 3727 1237 3796 μὲν
1273 3722 1365 3780 οὖν
1407 3726 1548 3780 κατὰ
1579 3726 1647 3780 τὰ
1676 3713 1914 3797 κλίματα

342 3814 575 3888 διαφορὰ
601 3815 709 3870 τῶν
737 3817 958 3888 ἡμερῶν
997 3834 1058 3870 τε
1104 3820 1198 3872 καὶ
1233 3819 1443 3873 νυκτῶν
1477 3819 1913 3891 παραδείγματος

340 3907 501 3978 χάριν
532 3905 715 3959 τοῦτον
743 3905 832 3960 τὸν
863 3907 1062 3979 τρόπον
1092 3911 1124 3980 ἡ
1135 3911 1224 3980 μίν
1261 3909 1501 3981 εἴρηται·
1528 3912 1561 3982 ἡ
1593 3911 1648 3964 δὲ
1678 3910 1819 3964 κατὰ
1845 3910 1914 3964 τὰ

305 4049 307 4051 ,
346 3999 680 4066 Φαινόμενα
722 3999 947 4070 Ἀράτου
972 4001 1070 4072 τῆς
1105 4001 1337 4073 σφαίρας
1369 4002 1518 4066 θέσις
1543 4002 1744 4070 ὀφείλει
1770 4002 1913 4074 ἔχειν

341 4090 434 4144 τὸν
463 4090 720 4160 ἀρκτικὸν
747 4090 942 4144 κύκλον
979 4091 1070 4145 τοῦ
1096 4093 1363 4169 ὁρίζοντος
1392 4094 1782 4165 ἐφαπτόμενον,
1814 4095 1912 4166 τήν

2016 3178 2176 3233 nobis
2205 3178 2537 3247 experientia
2569 3184 2888 3233 semestrem
2933 3173 3076 3230 diem
3115 3182 3442 3242 noctemque
3494 3188 3593 3243 pa-

2014 3270 2218 3326 tefecit.
2271 3269 2393 3324 Sint
2423 3271 2515 3340 qui
2548 3269 2746 3325 alicubi
2780 3269 2994 3323 dierum
3045 3275 3169 3322 octo
3215 3281 3338 3322 esse
3377 3266 3592 3335 lucem;

2014 3363 2107 3416 alii
2135 3363 2409 3432 octoginta
2457 3360 2697 3416 referant
2728 3380 2740 3415 :
2775 3360 2921 3432 quod
2955 3359 3024 3415 iis
3055 3358 3254 3413 accidit
3287 3357 3381 3428 qui
3427 3371 3596 3427 supra

2013 3453 2222 3509 Thulen
2270 3454 2502 3509 insulam
2540 3453 2809 3508 habitant.
2859 3452 2943 3506 Ad
2980 3469 3105 3508 eum
3156 3452 3340 3522 itaque
3369 3452 3594 3507 modum

2011 3547 2222 3602 dierum
2268 3547 2620 3619 noctiumque
2672 3562 2770 3617 pro
2799 3547 3078 3601 climatum
3131 3545 3344 3601 ratione
3393 3546 3593 3601 discri-

2012 3655 2137 3694 men
2192 3654 2223 3693 a
2285 3640 2446 3695 nobis
2499 3639 2828 3709 explicatum
2877 3647 2983 3694 est.
3035 3637 3236 3693 Verum
3293 3639 3436 3694 situs
3491 3638 3587 3694 ille

2009 3731 2256 3802 sphaera,
2285 3731 2377 3801 qui
2412 3731 2481 3785 ad
2520 3731 2673 3784 Arati
2708 3730 3061 3785 Phwnomena
3090 3731 3384 3797 convenit,
3441 3730 3590 3800 ejus-

2011 3821 2157 3876 modi
2181 3837 2301 3878 esse
2323 3821 2504 3888 debet,
2530 3829 2588 3876 ut
2615 3822 2670 3876 in
2709 3837 2774 3878 eo
2805 3822 3047 3876 circulus
3077 3823 3316 3878 areticus
3371 3823 3592 3877 coutin-

2019 3920 2112 3981 gat
2146 3913 2509 3978 horizontem,
2539 3929 2773 3984 eumque
2801 3915 3068 3968 circulum
3101 3922 3288 3984 tangat
3323 3913 3588 3970 Draconis

2017 4013 2182 4074 caput
2210 4024 2222 4059 :
2256 4005 2336 4060 sic
2366 4012 2427 4059 ut
2458 4007 2696 4062 arcticus
2725 4007 2815 4062 ille
2835 4008 3087 4078 attingat,
3105 4021 3170 4061 ac
3186 4007 3587 4079 quodammodo

2016 4097 2171 4152 radat
2201 4097 2560 4153 horizontem.
2593 4096 2732 4154 Hinc
2765 4100 2967 4154 Aratus
2995 4119 3008 4153 :

338 4203 398 4239 τε
430 4186 524 4240 τοῦ
559 4186 860 4278 Δράκοντος
899 4187 1136 4262 κεφαλὴν
1178 4189 1557 4261 ἐφαπτομένην
1595 4190 1687 4243 τοῦ
1741 4191 2000 4262 ἁρκτικοῦ
2068 4193 2266 4248 κύκλου
2288 4237 2304 4263 ,
2337 4195 2502 4251 αὑτοῦ
2541 4197 2600 4250 δὲ
2634 4195 2729 4250 τοῦ
2780 4196 3040 4270 ἀρκτικού
3084 4199 3457 4270 ἐφαπτομένου
3493 4199 3592 4260 τοῦ,

337 4282 612 4354 ὁρίζοντος
637 4326 652 4350 ,
677 4284 770 4337 καὶ
801 4282 988 4356 ὥσπερ
1018 4283 1157 4348 ξέειν
1189 4284 1369 4339 αὐτόν.
1413 4286 1504 4339 Διὸ
1544 4287 1636 4340 καὶ
1680 4287 1914 4360 Ἀρατός
1947 4306 2110 4360 φησι·

339 4400 519 4474 ξείνη
553 4414 670 4454 που
695 4400 928 4474 {sescenti}
951 4399 1025 4468 τῇ
1050 4401 1323 4474 νίσσεται
1352 4402 1418 4474 '_’,
1450 4397 1555 4473 ᾗχί
1572 4417 1701 4474 ,περ
1732 4405 1909 4474 ἄκραι
1940 4409 1987 4469 D

336 4471 666 4539 Μίσγονται
693 4470 899 4537 δύσιές
924 4488 987 4524 τε
1015 4471 1113 4524 καὶ
1146 4472 1393 4525 ἀντολαὶ
1423 4470 1750 4544 ἀλλήλῃσι.

409 4582 514 4634 ἰ’ὁν
546 4582 655 4652 γὰρ
685 4580 933 4653 ὁρίζοντα
978 4581 1178 4652 μεταξὺ
1217 4581 1312 4634 τοῦ
1359 4584 1496 4654 ὑπὲρ
1523 4584 1626 4655 γῆς
1670 4585 1764 4637 καὶ
1804 4585 1910 4637 ὑπὸ

337 4671 441 4741 γῆν
466 4672 825 4743 ἡμισφαιρίου
858 4667 998 4725 εἶναι
1036 4673 1368 4743 συμϐέϐηκε.
1415 4676 1572 4739 Τινὲς
1598 4677 1654 4729 δὲ
1683 4678 1782 4730 οὑκ
1816 4678 1909 4731 ἐπὶ

333 4763 432 4816 τού
452 4763 723 4834 ὁρίζοντος
750 4764 1057 4831 ἁκούουσιν,
1073 4765 1186 4823 ἀλλ’
1215 4766 1309 4822 ἐπὶ
1335 4767 1428 4824 τοῦ
1449 4771 1819 4842 μεσημϐρινοῦ
1847 4773 1909 4826 τὸ

336 4856 445 4909 ὑπὸ
470 4855 562 4909 τοῦ
602 4856 825 4927 ’Δράτου
849 4857 1059 4928 λεχθέν⁸
1083 4858 1216 4912 διότι
1242 4859 1337 4924 τοῦ
1367 4861 1507 4932 ὑπὲρ
1522 4863 1625 4934 γῆς
1644 4865 1908 4935 ἡμισφαι-

340 4947 458 5019 ρίου
490 4947 820 5018 τεμνομένου
861 4949 963 5002 ὑπὸ
1000 4950 1094 5004 τοῦ
1137 4950 1508 5023 μεσημϐρινοῦ
1546 4954 1607 5006 τὸ
1645 4957 1743 5026 μὲν
1788 4956 1904 5010 ἐστι

335 5040 475 5110 πρὸς
516 5043 583 5112 τῇ
623 5040 876 5112 ἀνατολῇ,
899 5043 959 5095 τὸ
1000 5043 1057 5095 δὲ
1091 5043 1225 5115 πρὸς
1257 5048 1321 5116 τῇ
1352 5045 1519 5102 δύσει.
1564 5049 1716 5118 Ἐμοὶ
1747 5049 1803 5102 δὲ
1842 5051 1902 5102 ού

335 5130 477 5182 πάνυ
510 5148 563 5184 τι
593 5131 931 5194 δοκεῖ,τοῦτο
973 5133 1150 5202 λέγειν
1188 5137 1449 5207 Ἀρατος’
1493 5141 1542 5190 εί
1574 5140 1648 5210 μὴ
1691 5139 1798 5211 ἄρα
1826 5157 1909 5204 τις

334 5219 479 5274 οὕτω
508 5220 656 5292 λέγοι
692 5223 790 5295 τὴν
828 5223 1067 5294 κεφαλὴν
1095 5224 1186 5276 τοῦ
1219 5226 1520 5296 Δράκοντος
1551 5227 1899 5298 πορεύεσθαι,

1065 5330 1260 5406 χί
1286 5351 1396 5406 περ
1423 5338 1598 5407 ἄκραι

334 5403 663 5474 Μίστονται
699 5405 905 5473 δύσιές
941 5424 1003 5461 τε
1031 5408 1126 5461 καὶ
1156 5403 1404 5462 ἆθτολᾶὶ
1430 5403 1739 5479 ἀλλήλῃσι
1759 5429 1771 5442 ·

332 5495 474 5552 καθὸ
500 5497 595 5551 τοῦ
631 5498 902 5572 ὁρίζοντος
945 5499 1296 5573 ἐφαπτομένη
1327 5502 1471 5556 ἐστὶν
1503 5504 1534 5574 ἡ
1567 5503 1774 5576 κεφαλὴ
1806 5505 1898 5560 τοῦ

411 5652 454 5684 ιι
479 5652 519 5724 θ’,
544 5655 602 5709 τδ
617 5655 700 5727 δή.
775 5659 822 5690 ιι
855 5657 896 5724 ί,
921 5657 1138 5727 ἡμέρας,
1208 5658 1253 5690 ³³
1287 5674 1373 5726 no.
1405 5658 1643 5724 νῆκιςται.

2232 4405 2377 4477 Illud
2417 4417 2574 4477 caput
2607 4425 2667 4463 eo
2702 4409 2952 4477 pervenit,
2979 4409 3067 4462 ubi
3098 4408 3317 4461 extremi

2240 4476 2535 4533 Miscentur
2569 4476 2808 4544 occaSus,
2843 4488 2892 4532 et
2923 4489 3068 4534 ortus
3101 4479 3334 4532 invicem.

2083 4589 2217 4645 Nam
2273 4593 2502 4648 horizon
2571 4593 2715 4649 inter
2778 4592 3216 4660 hemisphaerium
3295 4597 3588 4659 utrumque

2014 4683 2268 4752 superius
2327 4691 2381 4738 et
2431 4683 2662 4739 inferius
2717 4684 3038 4754 iuterjectus
3078 4691 3179 4736 est.
3231 4678 3350 4733 Non
3387 4679 3583 4734 desunt

2015 4783 2216 4838 tamen,
2241 4777 2334 4844 qui
2357 4775 2511 4830 Arati
2537 4777 2700 4830 verba
2735 4776 2826 4829 illa
2863 4790 2972 4828 non
3001 4774 3068 4828 ad
3097 4774 3455 4836 horizontem,
3485 4771 3580 4826 sed

2013 4866 2080 4920 ad
2115 4867 2479 4920 meridianum
2531 4866 3103 4935 referantzquoniam
3158 4880 3281 4919 cum
3331 4863 3583 4933 superius

2011 4957 2452 5028 hemisphaerium
2487 4973 2518 5012 a
2548 4959 2848 5018 meridiano
2879 4958 3085 5012 circulo
3133 4956 3423 5019 dividitur,
3460 4954 3584 5023 ejus

1962 5082 1966 5086 »
2011 5049 2180 5103 altera
2221 5065 2349 5120 pars
2373 5048 2440 5103 ad
2472 5058 2651 5105 ortum
2675 5091 2690 5117 ,
2722 5050 2892 5104 altera
2925 5048 2993 5102 ad
3039 5063 3294 5103 occasum
3324 5046 3577 5116 pertinet.

2015 5140 2141 5194 Mihi
2170 5157 2300 5197 vero
2349 5158 2460 5197 non
2511 5143 2616 5198 hoc
2647 5142 2784 5197 velle
2813 5140 2916 5196 sibi
2964 5140 3178 5196 videtur
3207 5140 3438 5203 Aratus,
3474 5137 3587 5203 nisi,

2009 5233 2131 5301 quis
2153 5229 2385 5288 fortasse
2408 5233 2608 5290 dixerit
2633 5232 2899 5289 Draconis
2929 5240 3093 5302 caput
3119 5245 3183 5286 eo
3212 5229 3339 5285 ferri
3358 5270 3373 5296 ,

2315 5384 2330 5395 -
2411 5386 2426 5401 .
2597 5391 2612 5406 .
2726 5381 2745 5402 ο
2781 5345 3126 5400 αὸιεωινεηιὶ

2228 5414 2774 5483 Miscenturoccasus,
2797 5427 2847 5469 et
2873 5426 3021 5469 ortus
3043 5415 3255 5468 invicem
3277 5431 3298 5478 ;

2008 5510 2099 5566 ubi
2135 5510 2402 5583 contingit
2441 5511 2780 5567 horizontem
2814 5508 3081 5565 Draconis
3112 5513 3273 5583 caput
3319 5505 3384 5561 ad
3418 5505 3572 5560 meri~
