4040 6206
523 260 626 321 991

1545 258 1629 312 AD
1671 258 1936 313 EUSEBII
1973 259 2370 318 CHRONICON
2415 260 2768 315 APPENDIX.

3653 264 3764 324 99!

524 385 747 437 dtanum
787 377 1091 443 circulum,
1137 395 1244 449 qua
1288 385 1441 449 parte
1493 392 1617 432 cum
1672 377 1952 435 horizonte
1995 379 2080 456 ille

2190 377 2510 449 Δράκοντος,
2546 378 2638 431 καὶ
2668 377 2801 451 πρὸς
2823 376 2899 449 τῷ
2934 379 3288 453 μεσημϐρινῷ
3306 422 3321 447 ,
3346 382 3483 437 καθδ
3514 381 3761 456 συμϐολὴ

526 471 905 535 committitur,
932 486 999 526 ac
1027 486 1087 527 se
1115 448 1220 541 ipsi
1255 448 1438 526 secant
1490 470 1744 526 invicem.
1793 448 2089 541 Propte’rea

527 563 594 618 de
621 562 836 634 Cepheo
866 564 1095 634 loquens
1128 563 1347 630 Aratus,
1380 562 1631 619 eumdem
1680 561 1840 617 nobis
1881 561 2091 617 indica-

527 645 622 709 vit.
648 655 779 710 Nam
809 656 972 725 hujus
993 671 1120 727 pars
1154 656 1247 711 illa
1272 664 1404 722 tota,
1440 670 1562 726 quae
1584 669 1615 708 a
1641 655 1861 726 cingulo
1901 654 1969 710 ad
1997 670 2091 726 pe-

527 745 625 800 des
655 745 904 814 pertinet,
937 746 1081 800 intra
1101 745 1364 800 circulum
1394 746 1662 801 arcticum
1693 755 1797 801 est.
1820 744 2088 812 Quoniam

530 853 657 891 vero
686 839 927 894 circulus
981 839 1220 894 arcticus
1268 838 1473 893 occidit
1519 853 1838 908 nunquam;
1877 838 2085 893 balteus

526 943 655 984 vero
686 929 887 1000 Cephei
920 930 976 984 in
1016 930 1222 985 ambitu
1255 939 1342 986 est
1391 930 1634 1000 ejusdem
1691 929 1909 998 arctici;
1958 929 2087 985 hinc

527 1020 865 1076 horizontem
894 1035 991 1091 per
1019 1020 1137 1091 ejus
1173 1021 1413 1077 balteum
1446 1020 1715 1091 signiﬁcat
1754 1039 1768 1078 :

1093 1234 1108 1249 .
1187 1234 1199 1247 .
1278 1234 1295 1250 .
1337 1194 1566 1265 Cepheus
1599 1208 1769 1267 autem
1803 1197 2014 1267 cingulo

527 1266 746 1319 Terram
777 1264 917 1319 radit
937 1278 957 1318 :
990 1280 1108 1337 qua:
1149 1275 1273 1320 sunt
1324 1267 1379 1320 in
1408 1264 1582 1336 capite
1602 1266 1839 1338 quidem,
1869 1264 2084 1351 prorsus

527 1405 749 1476 Tingens
781 1404 989 1462 Oceano
1010 1421 1029 1460 :
1063 1404 1161 1460 illa
1208 1412 1331 1460 ‘vero
1384 1422 1488 1461 non
1539 1407 1700 1462 licet:
1734 1407 1822 1463 sed
1854 1337 2085 1477 et??ng

531 1539 679 1596 Ursae
705 1542 996 1612 prohibent,
1026 1542 1200 1611 pedes,
1233 1552 1282 1598 et
1308 1558 1461 1614 genu,
1470 1554 1533 1615 μ
1556 1542 1777 1598 lumbos.

596 1653 719 1709 Haec
738 1662 1001 1725 suntquae
1025 1655 1093 1710 de
1114 1654 1338 1724 sphaera?
1360 1656 1539 1725 positu
1569 1655 1799 1711 dicenda
1824 1654 2084 1710 videban—

2191 463 2396 532 γίνεται
2438 464 2529 517 τοῦ
2585 466 2957 540 μεσημϐρινοῦ
3011 468 3103 523 καὶ
3149 468 3243 523 τοῦ
3296 470 3611 544 ὁρίζοντος,
3666 474 3760 527 καὶ

2191 556 2475 627 τέμνουσιν
2503 557 2782 630 ἀλλήλους.
2818 560 2928 614 Καὶ
2956 560 3042 614 διὰ
3066 559 3223 615 τοῦτο
3254 560 3381 635 περὶ
3405 564 3645 634 Κηφέως
3670 565 3759 618 λέ-

2190 663 2330 715 γων,
2364 648 2455 703 τὸν
2502 650 2662 704 αὐτὸν
2702 650 2958 720 ἐνέφηνεν
3004 655 3137 723 ἡμῖν
3184 654 3213 707 ὁ
3253 655 3505 726 ΙΙἌρατος.
3556 656 3757 712 Τούτου

2188 737 2298 810 γὰρ
2333 740 2402 793 τὰ
2444 740 2552 795 ἀπὸ
2593 742 2691 813 τῆς
2731 740 2906 813 ζώνης
2946 743 3050 808 ἕως
3088 744 3196 798 τῶν
3242 745 3416 800 ποδῶν
3449 748 3603 811 ἐντός
3643 750 3758 804 ἐστι

2186 828 2281 882 τοῦ
2310 828 2594 900 ἀρκτικοῦ.
2635 831 2786 884 Ἐπεὶ
2831 831 2887 885 δὲ
2919 834 2949 886 ὁ
2980 833 3238 905 ἀρκτικὸς
3277 834 3477 898 κύκλος
3503 836 3755 891 οὐδέποτε

2187 920 2531 989 καταδύεται,
2562 924 2595 994 ἡ
2626 922 2682 975 δὲ
2711 921 2853 994 ζώνη
2878 923 2972 977 τοῦ
3001 926 3234 995 Κηφέως
3262 928 3320 979 ἐν
3336 929 3405 998 τῇ
3431 929 3757 1000 περιφερείᾳ

2185 1009 2302 1064 ἐστὶ
2334 1010 2428 1064 τοῦ
2463 1013 2723 1085 ἀρκτικοῦ
2756 1013 2954 1068 κύκλου
2995 1014 3087 1070 τὸν
3124 1014 3376 1088 ὁρίζοντα
3403 1017 3493 1072 διὰ
3522 1018 3623 1082 τῆς
3656 1019 3756 1082 ζώ-

2184 1116 2281 1172 νης
2306 1102 2470 1156 αὐτοῦ
2496 1103 2749 1174 ἐμφαίνει

2616 1195 2831 1266 "adds
2864 1194 3015 1266 ζώνῃ
3042 1198 3175 1252 τότε
3200 1198 3439 1266 Κηφεὺς

2184 1264 2375 1319 Γαῖαν
2395 1264 2629 1329 έπιξύει
2654 1281 2667 1293 ·
2698 1265 2771 1320 τὰ
2801 1265 2919 1336 μὲν
2945 1264 3017 1321 ἐν
3043 1267 3277 1337 κεφαλῇ
3292 1264 3464 1338 ’μάλα
3488 1267 3687 1322 πάντα

2183 1398 2438 1454 Edatur
2474 1397 2775 1456 Ὠκεανοῐο
2800 1416 2816 1431 ’
2854 1399 2928 1454 τὰ
2962 1399 3015 1454 δ’
3043 1400 3116 1455 οὐ
3148 1400 3313 1471 θέμις
3335 1418 3350 1432 ⁸
3380 1400 3657 1488 ﬁdem}?

2187 1537 2417 1607 Ἀρκτοι
2446 1539 2770 1604 κωλύουσι,
2808 1539 3019 1608 πόδας,
3047 1540 3146 1596 καὶ
3175 1541 3385 1614 γοῦνα,
3410 1542 3511 1596 καὶ
3542 1470 3753 1605 ὶὶἕύξξαι

2254 1648 2336 1703 Τὰ
2365 1649 2465 1721 μὲν
2493 1644 2586 1704 οὖν
2622 1650 2720 1721 τῆς
2761 1650 2965 1716 θέσεως
2990 1651 3165 1706 ταῦτα
3190 1669 3206 1683 ’
3243 1652 3334 1706 τὸν
3364 1653 3423 1706 δὲ
3454 1652 3755 1725 ἐξηγούμε-

525 1753 634 1800 tur.
673 1743 845 1811 Quam
883 1723 978 1816 qui
1009 1723 1282 1815 explicare
1307 1723 1437 1801 velit
1464 1750 1503 1814 ,'
1537 1746 1680 1801 hunc
1727 1745 1795 1799 ad
1836 1745 2080 1802 dextram

2185 1758 2273 1795 vov
2299 1743 2357 1796 ἐν
2383 1739 2531 1812 δεξιᾷ
2560 1741 2665 1812 χρὴ
2688 1741 2780 1795 τὸν
2808 1741 3013 1815 βόρειον
3052 1743 3211 1797 πόλον
3234 1743 3397 1814 ἔχειν,
3422 1745 3519 1797 καὶ
3542 1723 3614 1798 ἐν
3641 1746 3753 1819 apt.

525 1836 794 1892 borealem
826 1837 1026 1892 habere
1055 1837 1237 1907 polum
1268 1845 1483 1909 oportet
1513 1857 1529 1894 :
1580 1839 1871 1895 australem
1914 1839 1981 1893 ad
2007 1839 2086 1893 si-

525 1930 777 1984 nistram.
807 1926 940 1983 Nam
970 1926 1127 1983 Ursa;
1147 1928 1202 1983 in
1225 1929 1437 1985 oriente
1463 1930 1668 1986 dextrae
1700 1938 1861 1996 sunt;
1898 1938 2085 1987 auster

522 2035 650 2075 vero
687 2020 930 2076 sinister.
962 2019 1193 2087 Quidam
1226 2028 1405 2077 tamen
1448 2037 1569 2077 cum
1603 2022 1752 2077 illam
1789 2023 2081 2094 explicant,

519 2110 732 2165 malunt
763 2117 888 2165 ante
920 2126 980 2167 se
1019 2109 1189 2167 Ursas
1222 2111 1463 2180 habere;
1520 2128 1662 2182 pone
1695 2122 1941 2169 austrum
1969 2134 1985 2171 :
2022 2124 2083 2170 ut

518 2201 711 2256 dexter
738 2203 809 2255 sit
847 2201 981 2270 ipsis
1009 2202 1224 2266 oriens,
1259 2202 1484 2260 sinister
1518 2205 1794 2263 occidens.
1829 2205 1983 2274 Quod
2012 2223 2082 2265 ex

519 2291 823 2348 Homericis
853 2292 1101 2349 versibus
1131 2293 1367 2352 fortasse
1394 2295 1704 2352 didicerunt
1746 2316 1759 2354 :

520 2402 639 2475 Sive
667 2402 998 2459 dextrorsum
1020 2415 1138 2460 eant
1168 2406 1237 2461 ad
1260 2423 1507 2462 auroram
1530 2417 1580 2463 et
1601 2410 1800 2475 solem;

518 2473 638 2529 Sive
663 2475 1026 2530 sinistrorsum
1048 2475 1117 2530 ad
1150 2493 1392 2532 occasum
1422 2479 1764 2535 tenebrosum.

517 2583 831 2642 Nescientes
861 2595 1074 2657 poetam
1108 2590 1515 2647 accommodate
1557 2592 1626 2647 ad
1658 2593 1877 2649 illorum
1911 2595 2077 2653 situm

516 2678 736 2733 dextras
765 2679 1070 2749 appellasse
1108 2688 1288 2750 partes
1336 2683 1667 2749 orientales,
1712 2686 2077 2745 occidentales

516 2769 791 2824 sinistras.
820 2771 888 2825 At
907 2770 964 2826 in
996 2773 1185 2832 mundi
1220 2774 1402 2844 positu
1432 2774 1640 2833 dextra:
1659 2784 1789 2832 sunt
1814 2778 1990 2845 Ursae,
2022 2788 2077 2835 et

511 2877 580 2917 eo
605 2862 766 2918 modo
795 2862 1060 2934 sphaeram
1111 2867 1448 2925 constituere
1497 2868 1657 2926 debet
1687 2869 1780 2941 qui
1813 2870 1960 2928 illius
1988 2887 2077 2928 ra-

513 2954 719 3010 tionem
748 2955 946 3012 docere
973 2957 1118 3013 velit.
1474 2947 1482 2954 ’

1156 3048 1234 3105 De
1278 3060 1443 3109 motu.

579 3139 669 3196 56.
701 3139 805 3207 Qui
834 3140 1099 3211 sphaeram
1129 3142 1385 3213 explicat,
1413 3144 1468 3199 in
1507 3146 1780 3202 contraria
1807 3147 2075 3219 sphaeram

439 3226 443 3235 ’
514 3239 782 3302 torqueat.
805 3231 938 3287 Nam
965 3234 1060 3304 qui
1088 3243 1279 3289 contra
1303 3236 1568 3305 sphaeram
1616 3254 1809 3295 versus
1834 3240 2076 3311 seipsum

509 3322 619 3393 93
650 3323 847 3389 ciebit;
888 3322 1038 3380 Urse
1074 3324 1310 3383 sinistrae
1337 3333 1496 3381 erunt
1523 3326 1759 3382 orienti:
1793 3336 1980 3385 auster
2007 3330 2076 3385 ad

511 3414 798 3471 dextram:
834 3415 982 3487 quod
1030 3415 1146 3473 ﬁeri
1201 3417 1411 3490 nequit.
1461 3418 1618 3486 Quod
1676 3432 1853 3478 autem
1887 3423 1983 3489 ita,
2015 3430 2077 3479 ut

511 3506 747 3564 diximus
765 3548 781 3572 ,
820 3510 1089 3565 movenda
1118 3511 1330 3582 sphaera
1361 3513 1454 3578 sit,
1478 3512 1699 3572 docebit
1721 3531 1823 3573 nos
1844 3517 2072 3587 Aratus,

508 3599 603 3669 qui
636 3598 703 3655 de
731 3598 884 3656 Ursis
905 3602 1039 3658 alias
1073 3601 1339 3674 loquens:

652 3776 941 3856 .ﬁ..Semper
959 3797 1078 3856 vero
1109 3783 1164 3856 in
1190 3783 1464 3839 humerum
1494 3786 1751 3856 feruntur,

651 3847 981 3918 Pratpostere
1012 3853 1066 3906 in
1102 3853 1344 3910 humeros
1370 3847 1646 3915 convenat.

509 3939 658 3997 Alias
690 3940 757 3996 de
792 3939 1072 4012 Ophiucho
1109 3963 1123 3999 :

512 4030 578 4109 ίη
600 4031 843 4087 humeros
873 4033 1486 4109 demittitarumnosum
1515 4039 1839 4109 Ophiuchum

506 4100 711 4157 Cancer
735 4119 763 4158 e
797 4104 1013 4172 genibus
1037 4122 1055 4158 :
1088 4104 1318 4161 demittit
1362 4127 1480 4164 vero
1522 4100 1821 4256 S'erpenteifi
1856 4116 2068 4185 propius

1800 4200 2061 4241 cervicem.

1800 4200 2061 4241 cervicem.

506 4261 636 4317 ltcm
671 4281 686 4319 ι

505 4354 694 4428 Oritur
721 4350 921 4424 Hydra:
952 4361 1130 4428 caput,
1157 4363 1207 4407 et
1233 4357 1419 4410 cwsius
1434 4357 1601 4428 Lepus

504 4426 581 4480 Ac
611 4424 854 4495 Procyon
881 4440 901 4478 :
928 4425 1317 4496 anterioresque
1348 4424 1513 4483 Canis
1531 4428 1682 4498 pedes
1706 4432 1959 4489 ardentis.

504 4582 545 4636 li
556 4597 717 4639 ursus

503 4674 795 4729 Dimidium
825 4672 1068 4738 Coronw,
1091 4682 1141 4730 et
1160 4675 1329 4743 ipsam
1359 4686 1674 4743 postremam
1697 4680 1921 4737 caudam

500 4745 754 4799 Centauri
784 4745 959 4814 ferunt
979 4745 1317 4801 ascendentes
1348 4749 1524 4801 adhuc
1548 4747 1742 4807 Chelw.

500 4834 574 4890 De
599 4834 734 4889 Ccto
762 4851 894 4891 vero
923 4851 938 4888 :

501 4928 577 4981 Ac
604 4926 742 4999 quod
775 4927 843 4981 ad
872 4930 1118 4985 cervicem
1144 4947 1305 4998 usque
1330 4946 1632 4990 conversum
1667 4948 1745 4994 est

502 5062 743 5130 Occidit;
776 5079 934 5134 porro
968 5065 1197 5135 Cepheus
1231 5072 1421 5141 capite,
1447 5082 1497 5128 et
1531 5092 1712 5143 manu,
1744 5088 1793 5135 et
1820 5062 2052 5140 humero.

498 5220 633 5274 Item
665 5238 680 5275 :

497 5308 679 5386 Equus
697 5323 871 5369 autem
901 5331 1131 5386 aquario
1153 5321 1481 5376 commodum
1506 5327 1702 5384 oriente

2187 1835 2351 1905 στερᾷ
2371 1833 2460 1886 τὸν
2485 1833 2675 1889 νότιον.
2712 1834 2928 1907 Ἐπειδὴ
2959 1837 3014 1888 αἱ
3046 1836 3233 1907 ἄρκτοι
3263 1836 3354 1889 ἐπὶ
3374 1836 3654 1893 ἀνατολῶν
3684 1840 3740 1891 ἐν

2182 1924 2331 1997 δεξιᾷ
2351 1928 2553 1979 κεῖνται
2577 1939 2593 1956 ⁸
2628 1926 2688 1979 ἐν
2726 1927 2986 1998 ἀριστερᾷ
3015 1926 3072 1980 δὲ
3103 1930 3132 1981 ὁ
3160 1927 3328 1992 νότος.
3359 1929 3516 1992 Τινὲς
3547 1928 3608 1982 δὲ
3638 1931 3745 1983 τῶν

2181 2012 2556 2086 ἐξηγουμένων
2578 2013 2852 2086 βούλονται
2876 2015 3179 2087 ἔμπροσθεν
3206 2016 3301 2087 μὲν
3330 2016 3428 2080 τὰς
3457 2018 3749 2090 Ἀρκτους.

2180 2106 2354 2159 ὀπίσω
2377 2105 2433 2159 δὲ
2462 2106 2552 2160 τὸν
2584 2106 2754 2172 νότον,
2781 2106 2930 2174 δεξιὰ
2965 2107 3021 2161 δὲ
3048 2107 3147 2172 τὰς
3168 2107 3459 2173 ἀνατολὰς,
3484 2111 3751 2184 ἀριστερὰ

2179 2196 2236 2250 δὲ
2265 2198 2364 2269 τὴν
2392 2197 2541 2251 δύσιν
2568 2198 2741 2269 ἔχειν·
2776 2197 2905 2263 ἴσως
2946 2198 3053 2253 ἀπὸ
3091 2201 3199 2254 τῶν
3243 2199 3556 2274 Ὁμηρικῶν
3603 2203 3751 2255 ἐπῶν

2180 2288 2490 2360 κινηθέντες
2505 2306 2520 2322 ⁸

2180 2404 2245 2476 δι’
2256 2404 2378 2476 εἶτ’
2406 2404 2505 2476 ἐπὶ
2531 2404 2676 2469 δεξί’
2701 2404 2833 2476 tum
2865 2405 3014 2476 πρὸς
3037 2405 3131 2476 ᾐών
3149 2407 3200 2459 τ’
3227 2405 3441 2475 ἠέλιόν
3458 2424 3544 2466 τε.

2173 2474 2295 2527 Εἶτ’
2327 2475 2419 2528 ἐπ’
2448 2474 2729 2546 ἀριστερὰ
2755 2474 2917 2545 τοίγε
2934 2475 3068 2530 ποτὶ
3096 2474 3273 2546 ζόφον
3296 2477 3623 2546 ἠερόενταδ

2176 2590 2275 2645 οὐκ
2336 2590 2553 2655 εἰδότες,
2586 2592 2664 2655 ὡς
2718 2593 2748 2645 ὀ
2790 2590 3196 2667 ποιητὴςσπρὺς
3250 2589 3349 2663 τὴν
3401 2590 3514 2645 τῶν
3567 2591 3750 2647 τόπων

2176 2683 2397 2737 ἐκείνων
2445 2682 2591 2735 θέσιν
2652 2681 2799 2748 δεξιὰ
2854 2681 2953 2754 μὲν
2992 2681 3062 2734 τὰ
3106 2680 3431 2749 ἀνατολικὰ,
3459 2680 3746 2756 ’ἀριστερὰ

2175 2775 2232 2829 δὲ
2271 2774 2341 2828 τὰ
2369 2774 2559 2828 δυτικὰ
2587 2770 2757 2829 εἶπεν.
2799 2774 2863 2828 Ἦ
2908 2773 2966 2827 δὲ
3003 2773 3095 2828 τοῦ
3141 2774 3344 2847 κόσμου
3381 2775 3532 2841 θέσις
3557 2816 3574 2843 ,
3606 2775 3747 2833 καθὰ

2176 2869 2456 2938 προεῖπον,
2497 2865 2677 2933 δεξιὰς
2709 2865 2820 2937 ἔχει
2851 2866 2950 2930 τὰς
2984 2867 3250 2937 Ἀρκτους
3273 2884 3287 2898 ’
3318 2869 3413 2923 καὶ
3450 2866 3631 2935 οὕτως
3671 2886 3746 2925 τι·

2176 2957 2326 3012 θέναι
2356 2958 2461 3030 χρὴ
2494 2959 2593 3030 τὴν
2624 2960 2860 3029 σφαῖραν
2889 2957 2979 3011 τὸν
3011 2956 3390 3030 ἐξηγούμενον.
3550 2942 3560 2955 ⁸

2713 3049 2853 3119 Περὶ
2891 3049 3205 3118 κινήσεως.

2246 3142 2355 3207 λς’.
2374 3141 2493 3214 Χρὴ
2507 3140 2599 3196 τὸν
2622 3140 2982 3213 ἐξηγούμενον
3008 3142 3100 3195 ἐπὶ
3122 3142 3192 3195 τὰ
3214 3140 3430 3197 ἐναντία
3451 3144 3743 3215 περιδινεῖν

2176 3233 2274 3305 τὴν
2303 3236 2556 3305 σφαῖραν.
2593 3234 2657 3287 Et
2686 3233 2793 3305 γάρ
2827 3251 2912 3297 τις
2946 3232 3054 3288 ἀπὸ
3093 3234 3201 3288 τῶν
3231 3234 3484 3289 ἐναντίων
3509 3237 3601 3305 ἐφ’
3627 3238 3745 3290 ἐαυ-

2174 3325 2265 3379 τὸν
2295 3325 2625 3398 περιδινήσει
2660 3325 2757 3398 τὴν
2801 3326 3033 3397 σφαῖραν
3056 3364 3071 3389 ,
3104 3326 3159 3379 αἱ
3195 3327 3416 3398 Ἀρκτοι
3455 3328 3742 3400 ἀριστερώ⁵

2175 3415 2387 3471 ἔσονται
2427 3415 2537 3470 τῶν
2583 3415 2855 3470 ἀνατολῶν
2883 3434 2895 3447 ο
2941 3418 2970 3470 ὀ
3010 3415 3068 3469 δὲ
3110 3416 3258 3481 νότος
3289 3419 3347 3471 ἐν
3379 3416 3567 3489 δεξιᾷο
3608 3419 3740 3491 ὅπερ

2173 3507 2453 3563 ἀδύνατον.
2484 3509 2605 3564 Ὀτι
2632 3508 2709 3574 δὲ,
2733 3508 2809 3572 ὡς
2834 3501 3008 3573 εἷπον,
3033 3506 3137 3580 χρὴ
3161 3507 3260 3579 τὴν
3288 3510 3523 3580 σφαῖραν
3552 3512 3736 3575 κινεῖν,

2172 3600 2372 3668 διδάξει
2422 3602 2571 3673 ἡμᾶς
2620 3599 2782 3664 αὐτὸς
2827 3599 3061 3671 Ἀρατος
3128 3599 3257 3653 ποτὲ
3305 3599 3404 3670 μὲν
3460 3600 3594 3673 περὶ
3634 3602 3737 3656 τῶν

2176 3694 2426 3764 ’Λρκτων
2448 3692 2640 3770 λέγων.

2177 3826 2191 3841 .
2229 3826 2241 3839 .
2281 3823 2296 3837 .
2332 3781 2572 3838 ,Αιεὶοδέ
2598 3779 2954 3850 κατωμάδιαι
2985 3779 3316 3850 φορέονται,

2175 3857 2474 3924 Ἔμπαλιν
2497 3854 2584 3919 είς
2620 3850 2813 3921 ὤμους
2847 3849 3253 3920 τετραμμέναι.

2172 3944 2306 3998 Ποτὲ
2343 3944 2401 3997 δὲ
2434 3943 2527 3997 ἐπὶ
2558 3941 2649 3995 τοῦ
2696 3941 2972 4011 Ὀφιούχου
3005 3941 3208 4010 λέγων’

2176 4035 2287 4088 Τὸν
2313 4034 2381 4107 δὲ
2409 4034 2618 4107 καὶῄεὶς
2643 4033 2840 4107 ὤμους
2868 4031 3106 4107 κατάγει
3130 4033 3386 4107 μογερὸν
3431 4036 3726 4107 Ὀφιοῦχον

2171 4105 2464 4173 Καρκίνος
2499 4104 2567 4158 ἐκ
2600 4102 2890 4173 γονάτων·
2932 4102 3170 4174 κατάγει
3195 4102 3247 4157 δ’
3268 4102 3716 4248 Ὀεριῖ

3593 4199 3643 4245 ς.

3424 4199 3623 4249 LW!“

2172 4268 2281 4321 Καὶ
2307 4266 2466 4322 πάλιν
2483 4286 2496 4298 ο

2181 4359 2479 4434 fda-reddet
2498 4359 2550 4434 δ’
2570 4360 2783 4434 Ύδρης
2818 4359 3072 4434 κεφαλὴ,
3089 4363 3351 4434 χαροπός
3380 4381 3445 4434 τε
3471 4369 3717 4434 Λαγωόςο

2099 4419 2144 4474 Ι)
2169 4430 2279 4483 Καὶ
2307 4431 2631 4499 Προκύων⁸
2664 4419 2939 4500 ἕντρὅτερόι
2970 4419 3251 4498 τέὶξὶηῖὸς
3285 4419 3720 4505 ποδεςξαὶθορέ-

3492 4523 3618 4560 νοιο
3626 4547 3637 4560 .

2169 4589 2280 4642 Καὶ
2305 4587 2461 4644 πάλιν
2478 4606 2496 4625 ·
3470 4504 3490 4577 [

2166 4682 2385 4757 ᾜμισο
2419 4682 2489 4736 δὲ
2512 4682 2856 4757 Στεφάνοιο,
2885 4683 2981 4757 καὶ
3015 4682 3208 4757 αὐτὴν
3242 4684 3505 4753 ἔσχατον
3539 4688 3721 4757 οἰφὴν

2160 4754 2498 4822 Κενταύρου
2522 4753 2846 4823 φορέουσιν
2871 4755 3260 4824 ἀνερχόμεναι
3290 4757 3378 4810 ἔτι
3408 4753 3620 4826 Χηλαίξ

2163 4844 2274 4897 Καὶ
2300 4844 2428 4917 περὶ
2450 4845 2544 4899 τοῦ
2578 4845 2818 4918 Κήτους⁸

2163 4935 2273 4989 Καὶ
2324 4935 2393 4990 τὸ
2429 4938 2549 5008 μὲν
2591 4939 2659 5005 ἐς
2700 4935 2923 5006 λοφιὴν
2974 4936 3372 5008 τετραμμένον
3405 4939 3543 5007 ἄχρι
3589 4943 3717 5010 παρ’

3412 5010 3629 5081 [αὐτὴν

2162 5077 2363 5131 Δύνει·
2422 5076 2568 5145 ἀτὰρ
2625 5076 2864 5149 Κηφεὺς
2921 5075 3157 5147 κεφαλῇ
3174 5116 3190 5143 ,
3236 5078 3334 5133 καὶ
3383 5075 3531 5147 ista!
3555 5075 3583 5144 ,’
3621 5081 3710 5135 καὶ

3341 5167 3349 5175 ⁸
3461 5149 3635 5222 [ὤμῳ.

2160 5240 2271 5293 Καὶ
2302 5238 2464 5293 πάλιν
2476 5256 2491 5271 ·

2158 5329 2364 5403 flante;
2393 5330 2445 5382 δ’
2482 5328 2804 5403 ’Υδροχόοιο
2845 5330 2989 5403 νέον
3017 5331 3529 5403 περιτελλομένοιο

496 5378 747 5448 Pedibus,
777 5394 828 5438 et
848 5378 1015 5455 capite
1041 5389 1341 5445 revolvitur.
1366 5391 1451 5446 Ex
1479 5378 1698 5454 aduerso
1721 5414 1893 5460 autem
1919 5385 2054 5477 Equi

2176 5378 2355 5453 asas:
2398 5378 2465 5453 τε
2497 5378 3608 5477 “itif"iéséﬁii"désfiegééii'iéizm
3656 5403 3704 5456 δ·

494 5512 540 5569 Α
574 5515 746 5571 cauda
760 5514 1081 5576 Centaurum
1106 5524 1327 5579 attrahit
1358 5527 1579 5586 occidua
1599 5548 1720 5588 nox.

493 5605 620 5664 Haec
638 5611 704 5663 de
740 5618 887 5665 motu
912 5614 1097 5684 paucis
1124 5614 1266 5672 dicta
1297 5625 1441 5674 sunt.

569 5723 619 5759 “
640 5723 729 5796 It,
746 5728 823 5785 M.

2167 5538 2270 5604 Ἐξ
2291 5538 2475 5607 οὐρῆς
2500 5538 2837 5609 Κένταυρον
2862 5541 3171 5611 ἐφέλκεται
3196 5472 3641 5613 summai???"

2156 5630 2338 5689 Ταῦτα
2376 5630 2471 5703 μὲν
2500 5632 2574 5696 ὡς
2599 5634 2655 5688 ἐν
2684 5633 2871 5705 βραχεῖ
2899 5636 3024 5706 περὶ
3056 5636 3333 5707 κινήσεως.
