2020 3103
137 160 188 191 D95

218 215 288 250 Περί
304 215 422 250 ἄστρων
433 215 547 248 δύσεώς
565 223 598 241 τε
615 214 663 241 καὶ
681 213 840 248 ἀνατολῆς.

170 274 221 306 λζ’.
240 273 300 300 Τῶν
316 273 423 309 ἄστρων
434 272 468 299 τὰ
482 272 531 308 μὲν
545 272 617 298 ἐστιν
633 272 759 307 ἀειφανῆ,
776 271 844 298 τὰδὲ
857 271 920 297 ποτὲ

137 319 187 355 μὲν
210 319 370 354 φαινόμενα,
396 318 461 345 ποτὲ
484 319 513 345 δὲ
536 318 626 353 ἀφανῆ
638 317 775 353 γινόμενα.
796 317 920 352 Ἀειφανῆ

137 366 188 402 μὲν
200 363 247 392 οὖν
262 366 320 391 ἐστι
332 364 367 391 τὰ
380 364 453 396 ἐντὸς
464 364 510 391 τοῦ
523 363 652 401 ἀρκτικοῦ
665 363 764 390 κύκλου
774 371 780 378 ·
796 362 921 389 οὐδέποτε

134 411 191 447 γὰρ
218 410 379 438 καταδύεται
408 410 510 437 ταῦτα’
538 410 631 445 ἐπειδὴ
658 409 725 445 μηδὲ
747 409 761 435 ό
789 407 921 442 περιέχων

134 458 209 485 αὐτὰ
222 456 335 489 κύκλος·
354 457 411 484 ἀλλ’
426 456 498 483 ἐστιν
519 457 562 485 ἀεὶ
583 458 611 483 ὲν
633 455 672 491 τῷ
696 455 766 491 ὑπὲρ
787 455 837 490 γῆς
859 455 922 490 ἡμι-

137 503 257 539 σφαιρίῳ
283 501 414 537 ἀειφανὴς
440 502 509 538 μετὰ
532 502 578 529 καὶ
596 501 650 528 τῶν
664 502 692 528 ἐν
711 499 784 535 αὐτῷ
798 500 919 535 ἄστρων·

135 549 229 584 ἀφανῆ
242 548 270 575 δὲ
285 548 318 575 τὰ
333 548 407 580 ἐντὸς
428 547 474 574 τοῦ
495 547 672 584 ἀνταρκτικοῦ
692 547 790 573 κύκλου
801 554 808 561 ·
831 546 922 581 ἐπειδὴ

135 595 184 621 καὶ
205 594 284 626 αὐτὸς
301 594 345 621 ἀεὶ
369 594 474 629 ἀφανής
492 595 558 621 ἐστι,
584 593 643 620 Τῶν
660 594 688 620 δὲ
702 593 801 620 λοιπῶν
817 594 923 629 ἄστρων

135 641 171 667 τὰ
185 641 235 677 μὲν
254 641 318 668 ποτὲ
344 641 393 676 μὲν
415 639 561 672 ἀνατέλλει,
580 640 643 667 ποτὲ
664 641 691 667 δὲ
714 639 784 667 δύνει
797 649 804 655 ·
832 640 866 666 τὰ
895 639 923 666 δὲ

136 686 184 712 ἐπὶ
201 686 251 721 τῆς
264 685 348 720 αὐτῆς
362 685 458 717 νυκτὸς
475 686 520 712 καὶ
536 685 674 712 ἀνατέλλει
690 685 736 711 καὶ
757 685 838 712 δύνει.
861 682 923 711 Οἷον

136 730 210 758 ἔστω
226 731 240 757 ό
260 730 334 766 ἥλιος
351 731 379 757 ὲν
398 730 491 766 ΚριῷΙ·
515 730 608 757 τούτου
639 730 837 762 ἀνατέλλοντος,
856 739 923 765 προ-

135 775 277 802 ανατέλλει
293 775 406 806 Ἵππος·
429 775 458 801 ὲν
483 775 585 810 Χηλαίς
607 774 635 800 δὲ
663 774 738 806 ὄντος
756 770 810 800 ’τοῦ
836 773 922 809 ἡλίου,

135 822 186 849 καὶ
206 821 410 852 ἀνατέλλοντος,
430 820 538 847 δέδυκεν
563 821 613 856 ἤδη
631 821 738 852 Ἵππος.
757 821 838 847 Ὥστε
858 821 923 847 ποτὲ

138 869 190 903 μὲν
205 867 328 903 φαίνεται
345 867 494 895 ἀνατέλλων
512 868 526 893 ὁ
543 867 639 898 Ἵππος
651 887 657 899 ,
680 867 743 894 ποτὲ
768 867 796 894 δὲ
822 867 921 893 δύνων-

134 915 239 950 ὁμοίως
260 915 288 941 δὲ
310 914 358 940 καὶ
373 914 406 940 τὰ
422 914 488 941 ἄλλα
506 914 591 949 ἄστρα
605 913 658 940 ἀπὸ
673 913 777 949 οερινοῦ
795 913 923 950 τροπικοῦ

138 962 221 996 μέχρι
236 960 283 987 τοῦ
299 960 463 996 χειμερινοῦ.
482 960 521 987 Τὰ
537 960 590 996 γὰρ
613 961 641 987 ὲν
658 959 695 995 τῷ
707 960 877 996 ἀνταρκτικῷ
886 960 925 995 τῷ

138 1007 208 1044 πρὸς
219 1008 288 1044 νότῳ
298 1008 361 1034 ὄντα
372 1007 478 1043 βράδιον
491 1007 668 1034 ἀνατέλλοντα
675 1007 746 1034 δύνει
759 1007 871 1042 ταχέως,
881 1006 926 1033 διὰ

143 1054 174 1080 τὺ
189 1054 278 1080 πλεῖον
291 1052 358 1080 εἶναι
377 1053 457 1089 μέρος
474 1052 524 1088 τῆς
539 1053 653 1088 σφαίρας
671 1052 723 1079 ὑπὸ
738 1053 789 1087 γῆν
808 1052 876 1088 πρὸς
887 1052 925 1087 τῷ

142 1099 228 1133 vetor
244 1097 376 1125 ἀνάπαλιν
392 1098 465 1124 δὲτὰ
478 1098 641 1134 βορειότεροι,
656 1099 701 1124 καὶ
721 1097 819 1133 μεταξὺ
833 1098 925 1132 ἀρκτι-

139 1143 189 1171 κοῦ
209 1143 308 1170 κύκλου
333 1143 379 1170 καὶ
407 1144 581 1180 ίσημερινοῦ,
610 1144 714 1179 ταχέως
738 1143 924 1175 ἀνατέλλοντα,

140 1189 261 1225 βραδέως
273 1189 354 1222 δύνει,
373 1189 416 1216 διὰ
434 1189 464 1216 τὸ
487 1190 578 1216 πλεῖον
594 1189 666 1225 ἔχειν
684 1190 765 1225 μέρος
790 1189 860 1225 ὑπὲρ
875 1190 925 1225 γῆν

138 1234 189 1267 τὴν
208 1235 323 1269 σφαῖραν
346 1234 413 1269 πρὸς
436 1234 474 1269 τῷ
495 1234 586 1270 βορέᾳ.
604 1235 774 1270 Συμϐήσεται
797 1232 842 1262 οὖν
865 1244 926 1261 τινα

139 1281 194 1307 τῶν
213 1280 329 1307 ἐνταῦθα
345 1281 477 1316 κειμένων
498 1281 604 1316 ἄστρων
628 1282 679 1308 ὑπὸ
700 1281 750 1316 τῆς
773 1281 857 1317 αὐτῆς
879 1290 926 1307 νυ-

142 1326 205 1358 κτὸς
222 1325 373 1353 ἀνατέλλειν
395 1325 442 1353 καὶ
465 1325 567 1358 δύνειν,
586 1325 604 1352 ἃ
624 1326 746 1352 καλεῖται
772 1325 923 1360 ἀμφιφανῆ.

140 1372 362 1408 Παραδείγματος
383 1372 412 1398 δὲ
429 1373 509 1407 χάριν
531 1372 708 1408 παρειλὴφθω
731 1371 746 1397 ὁ
768 1372 796 1397 ὲν
821 1371 924 1405 γόνασι,

140 1419 189 1445 καὶ
210 1418 280 1445 ἔστω
300 1419 314 1445 ὁ
337 1418 410 1453 ἥλιος
427 1419 456 1444 ὲν
481 1418 598 1455 Τοξότῃ,
624 1418 669 1444 καὶ
691 1417 830 1444 ἀνατέλλει
854 1418 876 1433 ⁸³
898 1418 926 1444 ὲν

141 1463 226 1498 αὐτῷ.
242 1463 325 1490 Πάλιν
339 1463 424 1491 δυέτω
441 1462 562 1495 δύνοντος
578 1463 652 1499 ἡλίου
662 1472 668 1478 ·
683 1463 785 1499 ἑσπέρα
806 1462 864 1488 ἐστὶ
881 1463 927 1489 καὶ

133 1510 190 1542 νύξ
199 1518 205 1525 ·
221 1510 235 1536 ό
249 1509 276 1536 δὲ
291 1510 319 1537 ὲν
332 1509 439 1544 γόνασιν
453 1509 556 1536 οὐδέπω
570 1509 677 1536 δέδυκεν
687 1518 694 1524 ·
711 1509 767 1536 ἀλλ’
784 1509 927 1544 ἐπιμείνας

138 1557 169 1582 ἐν
191 1555 232 1591 τῷ
251 1555 320 1591 ὑπὲρ
342 1557 393 1591 γῆς
410 1555 587 1591 ἡμισφαιρίῳ,
606 1555 672 1590 πρὸς
694 1556 726 1590 τῇ
739 1555 811 1581 δύσει
830 1554 924 1586 δύνων,
940 1565 960 1593 c

139 1602 256 1638 ὕστερον
272 1602 318 1628 ἐπὶ
335 1602 383 1636 τῆς
402 1601 487 1636 αὐτῆς
500 1601 595 1632 νυκτὸς
617 1601 801 1637 προλαμϐάνει
817 1600 865 1636 τὴν
879 1599 925 1626 τοῦ

138 1648 217 1684 ἡλίου
241 1648 370 1684 ἀνατολὴν
390 1648 435 1674 καὶ
450 1647 496 1674 τοῦ
512 1647 636 1680 Τοξὸτου,
657 1646 862 1683 προανατέλλων
879 1647 928 1673 αὺ-

138 1694 207 1723 τῶν,
234 1694 280 1720 καὶ
308 1693 419 1729 ὕστερον
442 1692 530 1720 αὐτῶν
556 1693 651 1720 δύνων.
669 1692 749 1728 Δηλοῖ
768 1692 832 1726 γοῦν
849 1691 927 1719 τοῦτο

141 1741 260 1775 Ἀρατος
279 1740 365 1774 λέγων
375 1748 381 1755 ⁵

141 1786 263 1812 Ὀντινα
293 1785 400 1812 τοῦτον
424 1785 530 1812 ἄϊστον
556 1785 606 1812 ὑπ’
631 1785 777 1819 οὐρανίων
799 1785 928 1812 εἰδώλων

147 1821 328 1855 Ἀμφότερον
343 1820 481 1852 δύνοντα,
499 1821 546 1847 καὶ
563 1820 598 1853 ἐξ
613 1820 717 1855 ἑτέρης
731 1820 852 1847 ἀνιόντα

140 1856 295 1888 Πολλάκις
310 1856 451 1889 αὐτονυχί
466 1856 621 1890 θηεύμεθα.

277 1912 338 1938 Ὅτι
349 1911 452 1944 δύσεις
463 1911 565 1944 διτταὶ,
579 1911 628 1938 καί
644 1912 796 1939 ἀνατολαί,

179 1958 230 1993 λη’.
248 1957 327 1989 Δύσις
338 1957 365 1983 δὲ
381 1958 487 1993 ἄστρων
502 1958 560 1983 ἐστὶ
575 1957 659 1993 διττὴ,
673 1958 719 1984 καὶ
735 1957 848 1992 ἀνατολή
859 1966 865 1972 ·
881 1959 928 1984 καὶ

144 2009 162 2038 ἡ
177 2004 225 2038 μὲν
239 2002 293 2038 ἑῴα
308 2002 426 2036 λέγεται,
438 2004 454 2038 ἡ
468 2003 496 2029 δὲ
512 1995 635 2038 ἐσπερία.
656 2003 725 2039 Ἐῴα
739 2003 787 2039 μὲν
802 2003 927 2039 ἀνατολὴ.

143 2050 209 2076 ὅταν
224 2048 402 2084 συνανατέλλῃ
417 2048 455 2083 τῷ
472 2048 538 2084 ἡλίῳ
558 2048 619 2085 [ὡς]
636 2049 733 2085 ἄστρα,
750 2049 796 2076 καὶ
814 2049 851 2085 μὴ
871 2050 927 2085 μετ’

144 2094 229 2122 αὑτοῦ
249 2095 289 2111 ³⁸-
307 2094 421 2130 ἑσπερία
443 2095 480 2126 δὲ,
505 2095 578 2128 ὅταν,
602 2095 723 2127 δύνοντος
748 2095 840 2131 ἡλίου,
863 2096 928 2122 ἀνα-

144 2141 225 2176 τέλλῃ
241 2140 301 2167 τινὰ
325 2140 378 2167 τῶν
393 2141 510 2176 ἄστρων.
534 2141 613 2173 Δύσις
629 2141 657 2168 δὲ
675 2141 730 2176 ἑῴα
749 2142 832 2173 ἐστὶν,
854 2142 927 2172 ὅταν,

145 2187 222 2221 ἡλίου
245 2186 442 2218 ἀνατέλλοντος,
463 2186 529 2223 δύνῃ
554 2186 589 2213 τὰ
612 2187 698 2222 ἄστρα
726 2187 786 2214 τάδε
809 2187 825 2223 ἢ
847 2187 926 2214 τάδε·

146 2231 261 2267 ὲσπερία
273 2232 312 2263 δὲ,
326 2232 389 2258 ὅταν
405 2231 576 2266 συγκαταδύῃ
596 2231 678 2266 αὐτῷ.

279 2288 343 2315 Ὅτι
357 2287 487 2322 διαφέρει
503 2288 635 2322 ἀνατολὴ
650 2289 801 2323 ὲπιτολῆς.

181 2333 231 2361 λθ’.
243 2333 368 2369 Διαφέρει
376 2333 404 2360 δὲ
413 2332 528 2368 ἀνατολὴ
538 2333 673 2367 ὲπιτολῆς.
689 2332 816 2368 Ἀνατολὴ
824 2332 872 2368 μὲν
877 2332 931 2367 γάρ

147 2389 221 2406 εστιν
240 2381 256 2414 ἡ
276 2379 333 2415 ἅμα
349 2378 386 2414 τῷ
399 2379 466 2414 ἡλίῳ
484 2378 553 2414 ὑπὲρ
574 2378 620 2405 τὸν
644 2378 767 2414 ὁρίζοντα
790 2377 928 2413 ἀναφορά-

147 2425 259 2460 ὲπιτολὴ
274 2425 312 2456 δὲ,
328 2425 393 2451 ὅταν
407 2425 459 2461 πρὸ
478 2425 554 2460 ἡλίου
571 2425 622 2450 ὑπὸ
641 2424 689 2459 τὴν
711 2424 780 2459 ἑῴαν
805 2424 932 2459 ἀνατείλῃ

147 2469 256 2504 ἄστρον,
274 2467 333 2496 εἷτα
352 2469 394 2496 ἐπ’
408 2469 481 2505 αὐτῷ
504 2470 518 2496 ό
539 2469 611 2504 ἥλιος
628 2469 758 2505 ἐπιτείλῃ.
776 2470 822 2495 Δεῖ
841 2469 869 2495 δὲ
888 2470 927 2495 εί-

148 2514 232 2546 δέναι,
248 2515 300 2548 ὅτι,
317 2515 406 2551 πάσης
420 2514 494 2552 ὧρας
514 2515 737 2551 περιφερομένης,
758 2515 803 2542 καὶ
827 2515 929 2550 περιδι-

149 2561 282 2596 νουμένης
302 2561 350 2597 τῆς
368 2561 494 2597 σφαίρας,
518 2562 624 2597 ἀνάγκη
641 2561 704 2588 «ἐστὶ
719 2561 765 2588 καὶ
787 2561 820 2588 τὰ
843 2561 929 2597 ἄστρα

149 2608 231 2633 παντὶ
257 2608 355 2643 καιρῷ,
381 2608 428 2634 καὶ
444 2609 472 2634 ἐν
489 2608 578 2643 ἡμέρᾳ
598 2608 643 2635 καὶ
666 2608 695 2635 ἐν
715 2608 792 2634 νυκτὶ
809 2604 877 2634 εἶναι
900 2608 929 2634 ὲν

149 2653 256 2689 ούρανῷ
270 2654 531 2690 συμπεριδινούμενα
541 2662 547 2669 ·
561 2654 597 2689 μὴ
609 2653 748 2688 φαίνεσθαι
759 2653 786 2680 δὲ
800 2655 828 2680 ὲν
839 2653 931 2689 ἡμέρᾳ.

150 2701 184 2735 τῇ
200 2700 332 2736 ὑπερϐολῇ
352 2700 401 2736 τῆς
423 2699 612 2735 λαμπρότητος
633 2699 679 2725 τοῦ
700 2699 773 2734 ἡλίου
795 2699 929 2726 καλυπτό-

154 2753 232 2780 μενα.
252 2746 391 2781 Ἀνατολὴν
414 2745 441 2772 δὲ
457 2746 487 2771 οὺ
502 2744 609 2772 λεκτέον
629 2745 737 2780 ἄστρου,
755 2745 802 2772 ἐὰν
817 2745 930 2780 δευτέρᾳ

153 2790 212 2827 ὥρᾳ
222 2791 239 2826 ἢ
253 2791 329 2827 τρίτῃ
340 2790 504 2827 ἀναφέρηται
519 2791 588 2822 ὑπὲρ
603 2791 654 2826 γῆς
664 2799 671 2805 ’
687 2790 752 2817 ἀλλὰ
767 2791 825 2818 τότε
839 2792 928 2827 μόνον,

191 2870 211 2903 f.
229 2870 252 2886 "
267 2870 405 2907 ἀνατέλλῃ.
443 2870 465 2885 ’³
483 2869 502 2904 f.
522 2869 613 2897 αὐτόν.

502 156 658 185 ACHlLLlS
678 156 770 183 TATll
789 155 937 185 lSAGOGE
956 155 1001 183 AD
1020 154 1124 182 ARATI
1145 153 1381 182 Pll/ENOMENA.

1701 155 1754 183 994

1170 211 1206 238 De
1221 211 1336 238 siderum
1349 218 1442 238 occasu
1456 214 1480 237 et
1490 215 1558 238 orm.

939 216 962 244 Α

1005 267 1049 296 57.
1066 267 1191 295 Siderum
1202 268 1255 295 alia
1268 275 1375 303 semper
1387 271 1533 303 apparent;
1559 267 1612 294 alia
1628 267 1753 295 videntur

974 315 1109 343 interdum
1122 336 1129 347 ,
1157 315 1225 343 alias
1246 316 1353 342 oeculta
1368 310 1441 342 sunt.
1460 315 1597 349 Apparent
1611 317 1751 349 perpetuo.

974 367 1034 394 qua:
1045 359 1313 394 comprehenduntur
1334 360 1436 387 arctico
1459 359 1562 387 circulo
1586 368 1592 386 :
1612 367 1752 394 nunquam

977 406 1049 432 enim
1064 406 1210 439 occidunt;
1226 406 1264 432 uti
1277 413 1364 440 neque
1380 406 1537 440 complexus
1560 405 1605 432 illa
1620 405 1752 438 circulus,

972 451 1018 485 qui
1033 450 1060 477 in
1077 451 1216 485 superiore
1233 454 1324 477 manet
1351 451 1541 485 lieinisphmrio
1562 458 1669 486 semper
1691 459 1751 478 cum

973 497 1058 524 stellis
1075 497 1132 524 Sitis
1151 505 1294 532 apparens.
1317 495 1460 531 Nunquam
1488 502 1618 531 apparent
1642 505 1673 525 ea
1694 505 1751 532 qua:

975 543 1126 569 antarctico
1140 542 1244 569 circulo
1267 542 1451 574 continentur,
1485 543 1613 577 quoniam
1641 547 1667 570 et
1697 544 1753 578 ipse

973 595 1081 622 semper
1093 588 1216 614 occultus
1230 592 1281 615 est.
1298 587 1475 622 Reliquorum
1498 589 1618 615 siderum
1644 589 1695 615 alia
1714 589 1751 615 iu-

972 634 1078 661 terdum
1105 634 1232 661 oriuntur
1262 634 1427 661 :interdum
1457 635 1600 666 occidunt;
1631 635 1752 670 quaedam

973 678 1067 705 eadem
1081 678 1108 705 in
1122 683 1200 705 nocte
1229 679 1356 706 oriuntur
1369 683 1395 706 et
1410 679 1548 706 occidunt.
1582 679 1622 706 Sit
1638 680 1753 713 exempli

973 731 1055 751 causa
1072 725 1111 751 sol
1125 725 1151 751 in
1163 724 1255 752 Ariete
1271 735 1276 752 :
1292 729 1354 752 ante
1368 725 1440 752 hunc
1457 726 1544 752 oritur
1561 725 1661 760 Equus.
1681 725 1753 752 Idem

974 770 1031 797 sole
1044 770 1071 797 in
1088 770 1169 798 Libra
1199 772 1349 798 constituto
1369 775 1431 798 ante
1454 771 1527 797 hunc
1554 772 1667 798 occidet.
1685 770 1754 798 Hinc

974 816 1119 853 aliquando
1146 818 1267 844 cernitur
1291 817 1384 852 Equus
1399 818 1502 850 oriens,
1521 817 1589 845 alias
1601 818 1729 844 occidens
1746 827 1752 844 :

975 862 1015 889 sic
1040 868 1112 889 astra
1141 863 1243 898 reliqua
1264 863 1298 890 al)
1316 863 1411 890 alstiro
1425 863 1529 898 tropico
1547 863 1579 890 ad
1598 864 1752 890 hibernum.

974 907 1041 934 Nam
1052 916 1112 943 qua:
1130 908 1155 935 in
1177 909 1326 935 antarclico
1343 913 1406 935 sunt
1434 909 1467 935 ad
1493 913 1626 940 austrum,
1650 909 1755 936 tardius

975 951 1088 978 orientia
1110 952 1190 979 citius
1216 952 1345 979 occidunt
1373 954 1468 988 :quod
1496 954 1592 988 majori
1616 961 1647 980 ex
1677 957 1754 988 parte

975 997 1080 1032 sphaera
1096 998 1164 1024 infra
1180 1002 1279 1025 terram
1297 998 1405 1026 condita
1421 1000 1456 1026 sit
1470 1000 1501 1026 ad
1521 1000 1675 1032 meridiem;
1689 1007 1755 1027 con-

975 1047 1016 1069 tra
1034 1050 1093 1077 qua:
1107 1042 1224 1070 borealia
1237 1048 1299 1070 sunt
1315 1044 1385 1070 inter
1412 1045 1542 1071 arcticum
1572 1044 1704 1071 circulum
1728 1048 1755 1071 et

975 1088 1190 1123 aequinoctialem
1208 1089 1307 1123 posita,
1322 1090 1403 1117 citius
1419 1095 1508 1117 ortum
1522 1090 1637 1122 faciunt.
1652 1091 1756 1118 tardius

975 1141 1103 1161 occasum
1122 1142 1128 1159 :
1145 1138 1285 1169 propterea
1300 1134 1371 1169 quod
1384 1135 1479 1169 majori
1498 1140 1574 1170 parte
1591 1137 1633 1163 sui
1649 1137 1755 1171 sphaera

976 1186 1057 1213 supra
1072 1182 1172 1205 terram
1203 1180 1316 1215 emergit
1340 1182 1372 1207 ad
1396 1182 1617 1215 septentrionem.
1646 1183 1757 1209 Aet-idet

975 1232 1039 1259 ergo
1055 1224 1177 1258 quaedam
1198 1230 1227 1251 ut
1241 1225 1277 1252 ibi
1294 1226 1426 1252 collocata
1453 1226 1542 1253 sidera
1565 1227 1658 1254 eadem
1677 1233 1757 1255 nocte

976 1268 1098 1295 oriantur
1108 1271 1134 1295 et
1150 1268 1275 1295 occidant
1289 1277 1295 1294 :
1312 1277 1372 1303 quae
1381 1271 1523 1306 ἀμφιφανῆ
1533 1276 1641 1298 vocant.
1658 1271 1740 1300 Exem
1751 1288 1757 1292 -

975 1314 1011 1348 pli
1028 1314 1113 1349 gratia
1129 1314 1164 1341 sit
1179 1313 1363 1348 lngeniculus,
1380 1315 1470 1349 sitque
1486 1317 1527 1342 sol
1553 1317 1579 1343 in
1595 1317 1756 1351 Sagittario;

975 1359 1003 1386 in
1016 1367 1048 1386 eo
1059 1359 1135 1387 sidus
1151 1359 1217 1386 illud
1229 1359 1342 1387 orietur.
1353 1359 1459 1388 Rursus
1479 1362 1586 1388 occidat
1602 1363 1653 1389 sub
1677 1370 1759 1390 occa—

976 1412 1037 1433 sum
1057 1405 1133 1437 solis,
1146 1413 1260 1440 vespera
1271 1406 1333 1437 erit,
1347 1410 1373 1433 et
1386 1414 1439 1433 nox
1452 1415 1459 1433 :
1482 1408 1597 1434 necdum
1615 1407 1757 1443 lngenicu—

977 1450 1019 1476 lus
1029 1449 1159 1477 occiderit
1172 1459 1178 1477 :
1193 1450 1240 1477 sed
1256 1450 1281 1476 in
1297 1450 1486 1485 hemisphaerio
1501 1453 1642 1486 superiore
1664 1455 1756 1481 consi-

977 1500 1052 1523 stens
1063 1496 1161 1528 adhuc,
1173 1503 1204 1522 ac
1219 1496 1271 1523 sub
1285 1504 1411 1523 occasum
1435 1497 1573 1528 occidens.
1587 1503 1678 1532 postea
1711 1507 1757 1533 per

977 1542 1097 1568 eamdem
1113 1546 1219 1569 noctem
1234 1542 1300 1570 solis
1309 1547 1334 1570 et
1350 1543 1488 1579 Sagittarii
1502 1549 1642 1578 praevertet
1653 1549 1754 1577 ortum,

977 1591 1039 1615 ante
1052 1587 1124 1622 ipsos
1140 1588 1243 1619 oriens.
1257 1592 1284 1615 et
1300 1594 1362 1623 post
1377 1597 1423 1617 eos
1436 1590 1574 1618 occidens.
1592 1590 1670 1624 Quod
1685 1591 1753 1618 Ara-

975 1638 1020 1661 tus
1037 1633 1078 1661 his
1091 1633 1178 1661 verbis
1186 1634 1312 1669 exprimit
1331 1644 1336 1661 :

1013 1775 1094 1815 Quem
1109 1777 1213 1815 quidem
1225 1778 1341 1812 ignotum
1353 1779 1421 1808 inler
1435 1780 1548 1806 caelestes
1562 1781 1687 1815 imagines

1012 1811 1119 1839 Pariter
1136 1811 1306 1844 occidentem,
1323 1819 1347 1840 et
1362 1815 1469 1842 aliunde
1482 1817 1607 1842 orientem

1014 1846 1089 1881 Step9
1101 1848 1190 1874 eadem
1203 1853 1276 1875 nocte
1294 1850 1435 1876 cemimus.

1096 1904 1167 1932 Duos
1184 1914 1292 1932 occasus
1302 1914 1370 1938 esse,
1386 1912 1509 1942 artusque
1521 1909 1639 1937 totidem.

1012 1950 1056 1978 58.
1076 1950 1200 1979 Siderum
1212 1960 1327 1979 occasus
1343 1957 1476 1988 ortusque
1489 1955 1587 1989 duplex
1601 1960 1642 1982 est
1658 1964 1665 1982 :
1691 1957 1760 1983 alter

977 1996 1127 2023 matutinus
1142 2016 1148 2028 ,
1172 1998 1342 2032 vespertinus
1373 1999 1442 2025 alter
1465 2000 1575 2026 dicitur.
1611 2000 1760 2029 Matutinus

976 2045 1054 2068 ortus
1071 2041 1109 2073 ﬁt,
1126 2050 1187 2069 cum
1200 2043 1303 2071 oriente
1318 2045 1374 2071 sole
1389 2045 1514 2072 oriuntur
1527 2053 1588 2072 cum
1611 2054 1643 2074 eo
1659 2047 1758 2080 sidera,

978 2095 1033 2115 non
1049 2087 1221 2123 postipsum.
1245 2088 1435 2124 Vespertinus,
1453 2098 1515 2117 cum
1540 2092 1681 2120 occidente
1702 2094 1760 2120 sole

978 2133 1067 2161 sidera
1097 2133 1220 2168 quaedam
1249 2135 1384 2162 oriuntur.
1403 2135 1550 2165 Matutinus
1581 2145 1695 2165 occasus
1719 2142 1761 2165 est

978 2187 1040 2207 cum
1056 2180 1160 2207 oriente
1174 2180 1231 2207 sole
1249 2181 1377 2208 occidunt
1393 2182 1449 2209 liazc
1464 2183 1505 2210 vel
1522 2183 1567 2209 illa
1589 2183 1695 2217 sidera;
1714 2192 1760 2211 ve-

943 2236 965 2263 ι)
979 2227 1116 2262 spertinus
1131 2234 1193 2254 cum
1207 2235 1260 2254 una
1274 2234 1336 2254 cum
1354 2229 1411 2256 sole
1428 2229 1565 2256 conditur.

1084 2284 1153 2317 Quid
1170 2284 1302 2318 ἀνατολὴ
1319 2290 1343 2312 et
1359 2285 1483 2320 ἐπιτολή
1502 2286 1639 2320 diﬂ‘eranl.

1013 2331 1057 2358 59.
1074 2331 1167 2358 Diﬂert
1187 2336 1276 2359 autem
1297 2333 1410 2368 ἀνατολὴ
1427 2336 1453 2360 et.
1466 2333 1587 2368 ἐπιτολή.
1603 2333 1669 2360 Nam
1698 2334 1749 2360 ἀνα

978 2377 1041 2413 τολή
1053 2382 1093 2405 est
1107 2379 1267 2406 conscensio
1286 2387 1348 2405 cum
1369 2379 1426 2406 sole
1439 2387 1522 2414 supra
1534 2380 1667 2407 ﬁnitorem
1679 2389 1686 2413 ;
1701 2381 1762 2406 ἐπι-

980 2424 1044 2460 τολὴ
1073 2432 1134 2451 cuin
1159 2429 1221 2452 ante
1237 2425 1320 2452 solem
1348 2425 1437 2460 primo
1459 2434 1539 2453 mane
1563 2427 1650 2453 oritur
1666 2428 1761 2458 stella;

980 2478 1061 2506 quam
1079 2471 1235 2498 solis'ortus
1246 2472 1380 2506 sequitur.
1393 2472 1448 2508 94
1467 2472 1521 2500 Nec
1542 2472 1606 2499 illud
1633 2473 1762 2508 ignoran-

981 2518 1044 2544 dum
1057 2522 1115 2549 est;
1130 2517 1195 2544 hora
1213 2518 1343 2552 qualibet.
1365 2518 1528 2546 circumacta
1548 2523 1575 2546 et
1595 2519 1718 2546 volvente
1733 2526 1764 2545 se

982 2563 1098 2598 sphmra,
1120 2564 1210 2591 sidera
1237 2564 1294 2599 ipsa
1322 2565 1476 2592 necessario
1492 2573 1541 2600 per
1556 2573 1635 2592 omne
1657 2570 1767 2599 tempus

982 2613 1062 2637 nocte
1076 2616 1107 2636 ac
1122 2609 1164 2635 die
1178 2617 1237 2636 cum
1251 2611 1319 2636 melo
1336 2611 1505 2647 circumferri
1525 2621 1531 2637 :
1550 2619 1603 2637 non
1622 2616 1709 2638 tamen
1724 2611 1749 2636 in

983 2653 1072 2680 terdiu
1096 2654 1191 2683 νῑιίιτὶ,
1213 2655 1414 2681 vehementiori
1427 2656 1570 2690 splendore
1585 2656 1650 2683 solis
1665 2655 1761 2682 oﬂ‘nsa.

983 2699 1116 2727 Caeterum
1148 2706 1222 2727 ortus
1253 2701 1336 2728 stellae
1363 2702 1455 2728 vocari
1471 2709 1526 2728 non
1539 2696 1630 2733 debet,
1654 2701 1765 2737 quando

983 2746 1102 2773 secunda
1117 2747 1227 2774 tertiavc
1240 2751 1299 2782 post
1319 2747 1385 2775 hora
1400 2748 1560 2776 conscendit
1573 2747 1763 2777 horizontem:

984 2792 1030 2820 sed
1046 2798 1109 2820 tunc
1127 2793 1232 2827 solum,
1249 2801 1310 2822 cum
1324 2802 1378 2823 una
1390 2795 1634 2924 only
1651 2805 1652 2808 ‘

1516 2855 1524 2868 Ι
