3840 6306
119 319 248 382 9οἸ

882 320 1195 377 ACHILLIS
1235 318 1423 375 TATll
1463 315 1711 384 ISAGOG

1825 315 1880 368 ιι)
1914 312 2126 368 ARATI
2162 307 2635 365 ΡΗΑΞΝΟΜΕΝΑ.
2690 316 2691 319 “

3270 304 3379 362 998

118 436 371 509 διιγμα.
411 436 523 493 Καὶ
550 436 655 508 γὰρ
676 434 960 509 φακοειδής
998 437 1144 490 ἐστιν
1167 437 1202 506 ἡ
1229 435 1303 505 γῆ
1324 450 1353 465 ·’
1373 435 1437 487 ὲκ
1467 434 1561 504 μὲν
1587 433 1711 485 ὲκα-
1740 437 1785 493 Α
1808 430 1838 481 6
1865 425 2180 488 διδάσκαλός
2202 440 2302 496 μου
2355 420 2712 509 ἰσιδωριανὺς
2742 419 3018 491 διαφέρειν
3055 419 3292 492 σφαίρας
3319 418 3382 476 τδ

121 525 327 598 τέρων
355 524 465 579 τῶν
503 524 683 596 μερῶν
714 522 806 577 τοῦ
834 541 892 577 τε
919 524 1050 589 ἀνω,
1092 526 1188 580 καὶ
1222 525 1372 578 κάτω
1415 524 1554 596 πρὸς
1585 522 1716 593 ὕψος

120 616 463 688 οἰκουμένη,
492 614 627 687 πρὸς
663 615 720 669 δὲ
760 614 829 668 τὰ
866 619 1075 687 πέρατα
1106 617 1186 680 εἰς
1214 616 1512 686 λεπτότητα
1538 633 1717 669 στενο-

123 707 489 779 χωρουμένη.
530 706 619 769 Ὦς
658 701 752 759 οῦν
787 705 1105 778 ὑποστάθμη
1136 703 1283 760 ὀὖσα
1314 705 1400 759 διά
1430 705 1492 759 τὸ
1532 706 1713 778 βάρος,

124 802 340 873 πρώτη
392 798 529 870 μετά
570 798 633 852 τὸ
674 798 805 870 χάος
860 799 1098 869 πέπηγε.
1147 798 1245 853 Διά
1292 814 1374 851 τοι
1419 797 1576 853 τοῦτο
1625 799 1716 851 καὶ

138 893 418 957 Ἡσίοδος,
446 891 590 946 τοῦτ’
620 891 797 959 εἰδὼς,
823 890 985 963 φησίν
1004 907 1018 920 ·

128 1009 313 1090 Ἥξει
336 1004 454 1090 ιιέτ
488 1003 790 1090 πρώτιστα
814 1002 962 1090 χάος
988 1001 1405 1090 τέῖετύκαῦτέρ
1434 980 1637 1090 ἔπειτά

126 1076 276 1133 Γαῖ’
299 1072 719 1146 εὖρύστερνος,
748 1072 988 1128 πάντων
1016 1073 1151 1139 ἕδος
1175 1072 1448 1141 ἀσφαλὲς
1477 1074 1610 1126 αἰεί.

122 1168 251 1238 95
283 1168 406 1221 Ὀτι
436 1165 492 1219 δὲ
511 1165 604 1220 καὶ
636 1166 777 1237 μέση
794 1167 827 1237 ἠ
844 1165 937 1235 γῆ,
961 1164 1225 1236 μαρτυρεῖ
1245 1164 1495 1234 Ἄρατος,
1511 1162 1680 1232 λέγων
1699 1179 1713 1193 ο

131 1279 351 1344 Ἀξων
384 1278 516 1333 αἰὲν
559 1276 799 1347 ἄρηρεν.
836 1278 994 1347 Ἔχει
1026 1275 1080 1330 δ’
1118 1276 1455 1331 ἀτάλαντον
1479 1275 1715 1347 ἁπάντη

126 1350 477 1421 Μεσσηγὺς
507 1348 700 1419 γαῖαν.

128 1461 223 1515 Ἰδ
263 1461 372 1533 7&9
420 1459 713 1514 ἀτάλαντον
753 1459 874 1515 ἀντὶ
920 1458 1013 1512 τοῦ
1046 1457 1319 1529 ἀκίνητον.
1352 1457 1489 1532 Περὶ
1530 1457 1587 1511 δὲ
1619 1457 1716 1529 τὴν

132 1553 257 1625 γῆν
289 1551 557 1616 κυκλικῶς
586 1551 719 1622 άλλη
766 1550 915 1605 ἐστὶν
949 1550 1132 1604 ἐπάνω
1165 1553 1367 1622 σφαῖρα
1400 1552 1433 1621 ἡ
1465 1549 1559 1603 τοῦ
1594 1547 1719 1603 ὓδα-

130 1661 264 1709 τος.
297 1642 498 1715 μείζων
529 1642 628 1713 τῆς
671 1642 795 1714 γῆς.
832 1640 905 1694 Τὸ
937 1643 1045 1713 γὰρ
1072 1641 1323 1712 περιέχον
1349 1641 1443 1694 τοῦ
1473 1657 1720 1712 περιεχο-

143 1737 317 1808 μένου
372 1734 555 1807 μεῖζον
603 1730 742 1789 εἶναι
784 1734 881 1787 δεῖ.
934 1735 1087 1788 Μετά
1122 1733 1179 1787 δὲ
1221 1733 1318 1805 τὴν
1366 1732 1460 1786 τοῦ
1503 1732 1717 1798 ὓδατος,

149 1828 318 1893 εὐθὺς
350 1826 514 1899 ἠ.τοῦ
544 1827 723 1899 ἀέρος,
762 1826 857 1880 καὶ
886 1824 1023 1896 αὑτὴ
1064 1824 1247 1894 κύκλῳ
1277 1824 1338 1877 τὸ
1379 1822 1521 1896 ὕδωρ
1566 1840 1722 1896 περι-

144 1919 371 1990 έχουσα.
395 1918 618 1973 Μετάδὲ
644 1918 744 1990 τὴν
765 1917 860 1971 τοῦ
888 1917 1047 1990 ἀέρος
1066 1919 1100 1988 ἠ
1130 1917 1223 1970 τοῦ
1258 1915 1491 1989 αἰθέρος.
1509 1916 1600 1969 Διὸ
1627 1915 1722 1970 καί

148 2013 223 2066 Ὃ
231 2013 402 2085 μηρός
432 2029 534 2066 που
559 2011 706 2080 λέγει
726 2028 739 2040 ο

150 2128 259 2191 Εἰς
286 2125 506 2193 ἐλάτην
527 2125 753 2191 ἀναϐὰς
778 2123 1191 2194 περιμήκετον,
1219 2122 1258 2191 ἦ
1291 2124 1407 2194 τότ’
1427 2124 1497 2177 ἐν
1522 2122 1651 2194 Ἴδῃ

151 2192 510 2265 Μακροτὰτη
538 2194 820 2265 πεφυυῖα,
849 2192 923 2249 διἱ
955 2193 1126 2263 ἠέρος
1159 2192 1339 2262 αἰθέρ’
1372 2194 1592 2247 ἵκανεν.

158 2310 315 2366 Εἰσὶν
338 2302 432 2363 οῦν
463 2308 722 2380 τέσσαρες
756 2309 1010 2379 σφαῖραι·
1054 2305 1093 2360 ἃ
1127 2308 1360 2376 στοιχεῖα
1386 2305 1641 2360 καλοῦσιν
1671 2307 1721 2358 οἰ

158 2401 400 2465 παλαιοὶ,
426 2399 513 2454 διά
536 2400 599 2453 τὸ
621 2398 816 2470 στοίχῳ
841 2399 935 2452 καὶ
965 2396 1356 2464 τάξειὲκαστον
1390 2396 1569 2451 αὐτῶν
1592 2396 1724 2449 ὐπο-

157 2492 373 2548 κεΐσθαι
390 2509 404 2523 ο
430 2490 505 2555 ὥς
521 2507 621 2543 που
639 2490 734 2544 καὶ
765 2487 1004 2560 ’Δλκμάν
1023 2486 1366 2559 όμοστοίχους
1387 2486 1611 2540 ἐκάλεσε
1626 2485 1723 2549 τὰς

29 2591 47 2605 ’
161 2589 224 2641 έν
252 2587 402 2653 τάξει
437 2583 765 2658 χορευούσας
806 2582 1127 2655 παρθένους.
1154 2581 1256 2635 Καὶ
1279 2584 1336 2636 ἐν
1368 2584 1722 2654 γραμματικῇ

162 2682 395 2749 στοιχεῖα
434 2679 532 2749 μὲν
578 2676 734 2732 καλεῖ
773 2677 816 2708 ³¹
846 2677 918 2730 τά
947 2675 1265 2749 γράμματα,
1304 2674 1392 2728 διά
1426 2674 1488 2727 τό
1522 2674 1719 2745 στοίχῳ

158 2770 252 2824 καί
278 2769 427 2840 τάξει
461 2768 558 2833 τὰς
588 2768 675 2821 ἐπ’
703 2766 881 2821 αὐτῶν
913 2766 1209 2820 πλέκεσθαι
1246 2766 1531 2830 συλλαϐάς.
1564 2765 1723 2820 Μέσα

38 2870 43 2873 “
157 2856 252 2915 οὖν
280 2862 394 2913 ἐστι
426 2858 497 2913 τὰ
531 2858 701 2930 βαρέα
735 2860 990 2929 στοιχεῖα.
1045 2857 1381 2927 Θαυμαστῶς
1402 2856 1510 2928 γὰρ
1547 2856 1726 2910 πάντα

159 2951 450 3017 κατέταξεν
471 2953 501 3005 6
530 2950 886 3022 Δημιουργός.
920 2950 977 3002 '0
1000 2948 1107 3021 γάρ
1138 2948 1298 3022 αἰθὴρ
1328 2948 1421 3001 καί
1435 2947 1496 3000 τὸ
1512 2946 1726 3019 πνεῦμα

162 3046 340 3099 πάντα
379 3044 459 3107 εἰς
511 3041 679 3095 ἑαυτά
724 3040 922 3106 ἔξωθεν
966 3041 1162 3094 ὲπαι...
1195 3040 1291 3097 καὶ
1317 3039 1440 3093 οὔτε
1480 3039 1559 3110 τῷ
1602 3039 1726 3112 ἀέρι

160 3138 358 3206 πτῆναι
382 3136 674 3207 συγχωρεῖ,
704 3133 828 3187 οὔτε
862 3132 941 3204 τῷ
966 3133 1116 3186 ὕδατι
1145 3133 1371 3204 χυθῆναι
1394 3148 1409 3164 ο
1441 3132 1555 3186 ἀλλ’
1599 3134 1727 3188 ὲκά-
1751 3137 1793 3194 C

164 3243 295 3297 στην
330 3225 554 3295 μόνιμον
578 3221 672 3277 τοῦ
713 3224 878 3277 τόπου
933 3227 1091 3294 τηρεῖ
1112 3224 1210 3294 τὴν
1241 3223 1447 3288 στάσιν,
1483 3224 1623 3278 κατὰ
1663 3222 1725 3277 τὸ

161 3320 257 3372 ἐπὶ
291 3317 384 3371 τοῦ
423 3317 615 3386 λύχνου
639 3315 960 3386 ὑπόδειγμα,
979 3314 1185 3386 καὶτῆς
1207 3316 1357 3383 παρὰ
1383 3318 1494 3379 τοῖς
1525 3318 1725 3385 ἰατροῖς

166 3409 375 3474 σικύας,
425 3409 460 3479 ἡ
508 3408 587 3480 τῷ
614 3408 747 3478 πυρὶ
785 3406 922 3478 πρὸς
963 3407 1158 3477 ἑαυτὴν
1190 3407 1344 3476 ἄγχει
1372 3406 1471 3470 τὰς
1503 3407 1723 3476 φλέϐας.

181 3503 237 3557 ⁸0
265 3503 359 3573 μὲν
387 3498 481 3555 οὖν
504 3501 612 3572 ἀὴρ
642 3499 745 3554 ὑπὸ
777 3499 869 3553 τοῦ
911 3499 1080 3570 πυρὸς
1108 3499 1385 3568 συνέχεται
1408 3515 1421 3529 ·
1446 3499 1505 3552 τὸ
1528 3499 1582 3552 δὲ
1616 3498 1727 3570 πῦρ

170 3572 308 3667 μετά⁹
328 3592 423 3647 τοῦ
454 3592 614 3662 ἀέρος
636 3590 704 3644 τὰ
734 3588 930 3644 πάντα.
961 3588 1060 3643 Διά
1089 3587 1265 3652 τοῦτο,
1287 3587 1441 3657 ὕδωρ
1470 3589 1567 3642 καί
1592 3587 1729 3658 γαῖα

168 3685 459 3757 γένοισθε,
499 3683 597 3753 οὐχ
650 3682 723 3746 ὣς
761 3690 904 3746 τινες
939 3680 1183 3753 κατάραν
1229 3683 1340 3744 τοῖς
1375 3679 1727 3751 στρατιώταις

166 3776 508 3848 κατηράσατο
528 3789 543 3804 °
575 3772 708 3827 ἀλλά
753 3773 845 3826 τὸν
869 3772 1024 3826 ὄκνον
1053 3770 1211 3836 εἰδὼς
1243 3772 1308 3825 ὲκ
1350 3771 1459 3825 τῶν
1490 3771 1728 3844 βαρυτά-

166 3886 274 3923 των
290 3869 417 3921 ὅντα
438 3865 733 3937 στοιχείων,
774 3864 873 3937 τὴν
909 3864 1182 3936 βαρύτητα
1209 3865 1389 3927 αὐτοῖς
1437 3864 1726 3932 ὠνείδισεν,

167 3957 338 4013 εἰπών
355 3977 370 3991 ·

180 4075 330 4131 Ἀλλ’
354 4077 522 4145 ὑμεις
556 4087 673 4145 μεν
705 4086 924 4145 παντες
958 4071 1113 4145 ὕδωρ
1134 4072 1231 4126 καὶ
1269 4070 1406 4145 γαῖα
1431 4070 1729 4142 γένοισθε.

494 4142 899 4212 Είέστηκενή
940 4142 1039 4212 τῆ,
1062 4144 1100 4211 ἢ
1137 4144 1420 4196 κινεῖται.;

244 4257 313 4327 γ’.
355 4258 527 4322 Τινὲς
560 4257 655 4311 καὶ
681 4256 848 4328 αὐτὴν
886 4253 1544 4328 συμπεριστρέφεσθαιτῷ
1570 4271 1711 4309 παντ

172 4367 354 4421 φασιν.
391 4347 752 4420 ’Λναισθήτως
778 4347 834 4400 δὲ
866 4348 1011 4418 ἡμᾶς
1046 4348 1171 4411 τοὺς
1202 4346 1539 4410 ἐνοικοῦντας
1568 4344 1732 4417 ἔχειν,

170 4441 260 4495 διὰ
284 4441 342 4495 τὸ
373 4443 431 4494 έν
460 4439 639 4512 μικρῷ
666 4437 799 4510 ὁρίῳ
842 4437 942 4509 τῆς
972 4437 1075 4508 γῆς
1100 4440 1390 4494 κατοικεῖν.
1425 4438 1640 4491 Βέλτιον
1675 4436 1734 4491 δὲ

175 4533 341 4603 αὐτὴν
356 4531 610 4601 ἀκίνητον
627 4530 790 4601 ἔχειν,
816 4529 1148 4599 πανταχόθεν
1162 4530 1266 4582 ὑπὸ
1285 4527 1391 4582 τῶν
1413 4529 1540 4599 περὶ
1563 4529 1734 4601 αὐτὴν

180 4625 448 4694 στοιχείων
469 4622 928 4694 περιωθουμένην.
950 4620 1132 4674 Δῶκεν
1151 4608 1195 4654 ³³
1223 4620 1279 4674 δὲ
1301 4622 1393 4674 καὶ
1413 4621 1732 4692 ὑπόδειγμα.

191 4716 245 4769 ’0
275 4717 415 4781 άξων
438 4716 544 4768 ἀπὸ
579 4713 840 4787 ἀρκτικοῦ
870 4713 1031 4767 πόλου
1058 4714 1218 4784 μέχρι
1248 4711 1343 4765 τοῦ
1375 4710 1733 4783 ἀνταρκτικόῦ

1816 516 2147 590 σφαιροειδὲς
2166 515 2337 589 ταύτῃ
2356 558 2372 584 ,
2465 514 2500 584 ἡ
2519 513 2617 584 μὲν
2642 513 2847 582 σφαῖρα
2873 511 3216 583 κυκλοτερῶς
3241 526 3381 564 παν-

1813 609 2036 681 ταχόθεν
2070 610 2151 671 εἰς
2178 607 2424 677 λειότητα
2456 606 2813 676 ἀπήρτισται·
2854 602 2916 657 τὸ
2952 603 3285 675 σφαιροειδὲς
3323 602 3383 655 δὲ

1815 702 2033 767 κύκλος,
2058 702 2119 754 ού
2148 699 2252 771 μὴν
2278 699 2411 765 ἴσος,
2454 697 2568 751 ἀλλ’
2609 696 2746 767 ἔχων
2779 694 2997 767 εἰσοχάς
3035 696 3130 750 καὶ
3169 693 3379 766 ἐξοχάς.

1819 795 2005 846 Ἔστιν
2023 787 2114 845 οὖν
2146 793 2180 862 ἡ
2218 791 2288 862 γῆ
2319 787 2660 860 σφαιροειδὴς
2682 790 2741 842 ὲν
2775 785 3050 859 κοιλότησί
3090 803 3150 839 τε
3195 804 3386 842 ταπειι

1815 884 2069 954 νουμένη,
2122 881 2217 935 καὶ
2263 882 2323 935 ὲν
2379 881 2757 950 ἀναστήμασιν
2810 878 3110 952 ὑψουμένη.
3150 880 3254 932 Ἦν
3292 876 3386 933 οὖν

1815 973 2067 1045 οἰκοῦμεν
2085 975 2245 1045 ἡμεῖς
2271 972 2393 1043 γῆν,
2419 970 2621 1042 μαστός
2642 971 2790 1024 ἐστιν
2805 968 3014 1042 ὥσπερ,
3041 969 3137 1025 καὶ
3173 969 3386 1043 κορυφὴ

1815 1062 1915 1132 τῆς
1963 1062 2168 1133 πάσης·
2221 1060 2471 1131 καθάπερ
2513 1060 2606 1113 καὶ
2641 1057 2741 1123 τὰς
2773 1059 2967 1131 νήσους
3024 1059 3082 1112 ὲν
3115 1058 3265 1130 μέσῳ
3307 1058 3385 1128 τῷ

1816 1153 2041 1222 πελάγει
2070 1152 2418 1215 ὲπαναϐἀσας
2439 1150 2517 1217 τῷ
2548 1149 2700 1204 ὕδατι
2722 1148 2958 1222 ὁρῶμεν.
2992 1149 3148 1204 Οὕτω
3175 1151 3269 1205 καὶ
3287 1149 3386 1221 τὴν

1816 1246 1996 1298 πᾶσαν
2039 1243 2363 1315 οἰκουμένην
2415 1242 2709 1314 γενήσουσι
2736 1241 2936 1311 τρόπον
2982 1241 3169 1312 ἐπέχει
3226 1242 3272 1274 ³⁸
3308 1242 3388 1311 τῷ

1816 1335 1963 1408 ὄγκῳ
1983 1335 2076 1391 τοῦ
2125 1336 2505 1407 ἀναστήματος
2536 1335 3043 1390 ἐπανακύπτουσαν.
3097 1335 3388 1407 Συμϐαίνει

1816 1426 1925 1497 7&9
1949 1426 2008 1480 τὸ
2039 1426 2181 1499 ὕδωρ
2213 1427 2355 1480 κατά
2384 1444 2504 1481 τινα
2536 1426 2676 1498 μέρη
2708 1426 2808 1498 τῆς
2830 1428 2953 1498 γῆς,
2981 1425 3046 1481 ἂν
3075 1426 3234 1499 τύχῃ,
3259 1426 3388 1479 ποτὲ

1819 1517 1918 1587 μὲν
1948 1516 2282 1583 πλεονάζειν,
2311 1517 2441 1570 ποτὲ
2460 1518 2515 1571 δὲ
2547 1517 2732 1589 λήγειν
2751 1516 2945 1583 οὕτως,
2970 1516 3111 1571 ὥστε
3135 1519 3386 1588 ἐπινηχο-

1820 1608 1988 1680 μένην
2032 1607 2239 1662 οῐεσθαι
2289 1606 2388 1679 τὴν
2432 1607 2556 1678 γῆν.
2618 1606 2730 1661 Καὶ
2772 1606 2834 1660 τὸ
2877 1605 3050 1671 πάθος
3077 1606 3137 1660 ού
3170 1608 3299 1679 περὶ
3323 1607 3387 1660 τὸ

1818 1700 2047 1771 πάσχον,
2096 1698 2232 1754 ἀλλά
2273 1700 2402 1773 περὶ
2424 1700 2485 1753 τὸ
2507 1699 2797 1769 βαστάζον,
2836 1698 3087 1772 καθάπερ
3115 1700 3208 1754 καί
3235 1701 3292 1753 ὲν
3318 1704 3387 1773 τῇ

1752 1800 1794 1857 Β
1823 1792 2065 1864 θαλάσσῃ
2101 1793 2345 1861 γίνεταν
2386 1792 2448 1846 τὸ
2492 1791 2637 1864 ὕδωρ
2668 1791 2772 1846 ὑπὸ
2806 1790 2915 1848 τῶν
2948 1792 3164 1865 ἀνέμων
3208 1794 3388 1847 κινού-

1824 1900 1983 1955 μενον
2021 1883 2304 1955 ἀνώμαλον
2342 1883 2582 1937 δείκνυσι
2611 1884 2711 1955 τὴν
2745 1884 3097 1955 ἐπιφάνειαν·
3125 1887 3256 1940 ποτὲ
3291 1886 3391 1958 μὲν

1819 1974 2200 2047 κυρτουμένων
2247 1973 2507 2045 κυμάτων
2562 1973 2651 2028 διά
2678 1974 2777 2046 τὴν
2807 1975 2899 2028 τοῦ
2926 1975 3238 2047 πνεύματος
3258 1993 3389 2046 σφο-

1819 2067 2070 2139 δρότητα,
2098 2063 2196 2120 εἷθ’
2230 2067 2335 2120 ὑπὸ
2361 2067 2463 2138 τῆς
2497 2067 2732 2138 φυσικῆς
2762 2067 3005 2140 ἀνάγκης
3036 2070 3116 2132 εἰς
3138 2068 3386 2142 λειότητα

1818 2159 2201 2232 διαχεομένων.
2232 2160 2298 2213 Εἰ
2340 2155 2433 2213 οὖν
2464 2159 2705 2231 συμϐαίη
2736 2157 2887 2231 κῦμα
2918 2159 3119 2231 ὑψηλὸν
3164 2161 3391 2234 ύποδρα-

1824 2255 1942 2323 μεῖν
1968 2249 2117 2316 ναῦν,
2141 2250 2458 2322 έπαιωρίζει
2503 2250 2601 2321 μὲν
2629 2250 2799 2321 αὐτὴν
2838 2251 2920 2314 εἰς
2952 2250 3107 2320 ὕψος,
3136 2252 3391 2324 διαχυθὲν

1820 2342 2252 2414 δὲσυγκατασπᾷ
2297 2343 2393 2399 καί
2440 2342 2539 2414 τὴν
2563 2342 2716 2398 ναῦν.
2751 2341 2863 2395 Καὶ
2892 2345 2925 2414 ἡ
2954 2343 3168 2415 κίνησις
3197 2346 3258 2399 ού
3289 2345 3391 2416 τῆς

1820 2433 1966 2505 νηὸς,
1995 2434 2130 2487 ἀλλὰ
2149 2433 2241 2487 τοῦ
2264 2433 2453 2498 ὓδατος
2478 2433 2707 2504 γίνεται.
2736 2436 2895 2490 Δεῖδὲ
2917 2436 3137 2500 εἰδέναι,
3168 2436 3251 2489 ὄτι
3281 2436 3393 2490 τῶν

1823 2524 2099 2594 στοιχείων
2149 2524 2379 2579 ἕκαστον
2421 2525 2482 2579 ού
2514 2525 2613 2597 τὴν
2642 2527 2836 2581 ἑαυτοῦ
2862 2527 3031 2600 μόνην
3064 2528 3176 2600 ἔχει
3206 2528 3390 2598 φύσιν,

1822 2616 1936 2670 ἀλλ’
2000 2617 2242 2671 ἑκάστων
2301 2617 2410 2671 τῶν
2446 2618 2667 2684 λοιπῶν,
2708 2619 2803 2673 καὶ
2831 2619 2983 2674 οὐδὲν
3025 2621 3250 2693 ἄμοιρον
3293 2624 3394 2693 τῆς

1821 2708 1930 2763 τῶν
1982 2709 2183 2764 λοιπῶν
2240 2710 2550 2781 μετουσίας.
2594 2710 2720 2765 Ἐπὶ⁸
2768 2709 2979 2775 τούτοις
3007 2710 3072 2781 δη
3107 2716 3219 2776 τοῖς
3258 2729 3395 2767 στοι-

1823 2799 1988 2872 χείοις
2014 2799 2210 2865 ἔξωθέν
2235 2800 2352 2855 ἐστι
2378 2801 2556 2855 πάντα
2581 2799 2847 2873 περιέχων
2873 2801 2903 2853 6
2937 2800 3161 2872 οὐρανὸς
3192 2804 3395 2874 σφαῖρα

1824 2884 2068 2962 ἒτέμπτη,
2090 2889 2213 2945 οὕτε
2245 2890 2434 2963 βαρὺς,
2461 2890 2584 2945 οὔτε
2612 2892 2813 2962 κοῦφος
2834 2908 2850 2924 ·
2880 2890 3394 2965 ἀλλάτμεμιγμένην

1824 2985 1888 3037 ὲκ
1919 2983 2133 3038 πάντων
2166 2982 2277 3053 ἔχει
2302 2984 2400 3055 τὴν
2424 2985 2620 3055 κρᾶσιν
2648 2998 2662 3012 ·
2691 2982 2773 3036 διὸ
2807 2983 2900 3037 καὶ
2926 2982 3024 3055 τὴν
3049 2983 3304 3038 σύστασιν
3331 2984 3420 3037 ὲκ·

1824 3074 1923 3144 τῆς
1950 3074 2198 3147 κράσεως
2242 3073 2465 3143 βεϐαίαν
2515 3074 2649 3146 ἔχει.
2677 3074 2787 3128 Καὶ
2811 3075 3122 3147 ὠνόμασται
3157 3075 3307 3145 παρά
3336 3075 3398 3129 τὸ

1824 3165 2052 3238 ὁρούειν,
2079 3167 2109 3220 ὃ
2137 3167 2283 3219 ἐστιν
2299 3167 2475 3238 ὁρμᾷν
2492 3180 2507 3195 ⁸
2540 3165 2872 3240 προώρμησε
2894 3168 3003 3241 7&9
3037 3166 3265 3240 οὐρανὸς
3287 3168 3398 3221 τῶν

1822 3257 1993 3311 ἄλλων
2015 3258 2315 3328 στοιχείων.
2348 3258 2414 3311 Εἰ
2433 3258 2489 3312 δέ
2510 3259 2627 3311 ἐστί
2650 3276 2703 3311 τι
2725 3260 2880 3314 κενὸν
2904 3260 3100 3327 ἔξωθεν
3125 3259 3219 3314 τοῦ
3237 3260 3400 3333 ούρα-

1823 3347 1937 3412 νοῦ,
1963 3350 2024 3402 ού
2056 3350 2346 3422 περίεργος
2379 3351 2510 3421 ἡμῖν
2550 3353 2584 3421 ὴ
2624 3350 2869 3422 ζήτησις.
2900 3350 3047 3423 Πλὴν
3086 3352 3136 3404 οἰ
3171 3352 3400 3407 Στωϊκοὶ

1823 3440 2070 3510 λέγουσιν
2091 3436 2230 3495 εἶναι
2250 3458 2263 3471 ο
2291 3442 2465 3515 ταύτῃ
2494 3441 2600 3514 γάρ
2621 3440 2900 3515 διαφέρειν
2919 3443 2981 3496 τὸ
2996 3443 3115 3497 ὅλον
3139 3445 3235 3497 τοῦ
3261 3463 3397 3499 παν-

1822 3532 1936 3597 τός.
1970 3533 2109 3586 Ἀλλ’
2128 3534 2227 3588 οὐκ
2249 3524 2588 3607 άπειρον,ὼς
2620 3536 2963 3607 Ἐπίκουρος,
2998 3537 3094 3589 καὶ
3125 3539 3173 3590 οἰ
3199 3536 3395 3591 λοιποί.

1838 3624 1990 3679 Ἐπεὶ
2018 3626 2075 3680 δὲ
2114 3627 2486 3698 συμμεμίχθαι
2517 3626 2594 3698 τῷ
2624 3626 2772 3680 ὕδατι
2810 3627 2907 3699 τὴν
2937 3626 3041 3698 γῆν
3074 3644 3274 3697 φαμεν,
3303 3645 3398 3680 τυ-

1826 3716 1937 3788 χὼν
1976 3719 2021 3750 ³⁵
2054 3720 2375 3790 ἀμφοτέρων
2404 3719 2611 3790 ποίημα
2640 3714 2709 3790 ἦν
2741 3720 2771 3772 ὁ
2793 3718 3108 3791 ἄνθρωπος,
3141 3719 3397 3783 Ἡσίοδος

1827 3808 2017 3864 Γαῖαν
2034 3809 2162 3864 ὕδει
2186 3812 2415 3881 φύρειν,
2441 3811 2510 3863 ἐν
2536 3793 2589 3864 δῖ
2619 3810 2930 3880 ἀνθρώπου
2970 3810 3147 3881 θέμεν
3183 3810 3397 3876 αὐδήν.

1827 3900 2109 3955 Καὶτοῦτό
2137 3902 2285 3957 ἐστιν
2315 3904 2344 3955 6
2377 3900 2546 3973 μῦθος
2569 3902 2598 3954 6
2632 3902 2986 3974 Προμηθέως.

2187 3997 2190 4000 ’
2248 4014 2321 4067 El
2346 4010 2456 4074 ζῶα
2482 4012 2691 4084 τρέφει
2729 4017 2763 4068 ό
2786 4013 2980 4083 αἰθήρ.

1898 4123 1962 4177 δ’.
2001 4123 2060 4177 '0
2087 4123 2186 4195 μὲν
2226 4126 2456 4195 ποιητής
2504 4142 2606 4179 που
2634 4124 2782 4194 λέγει
2810 4124 2883 4179 δι’
2912 4123 3140 4193 αἰθέρος
3162 4123 3404 4194 ἀτρυγέ-

1716 4252 1734 4306 ε
1832 4233 1975 4273 τοιο.
2009 4218 2233 4286 ’Λγονον
2260 4216 2356 4271 καὶ¹
2407 4217 2675 4288 ἄκαρπον,
2721 4217 2797 4281 ὥς
2834 4234 2978 4281 τινες
3027 4216 3188 4271 αὐτὸν
3238 4219 3405 4271 αἰνιτ-

1834 4308 2077 4379 τόμενοι·
2114 4308 2160 4340 ³⁸
2206 4303 2276 4381 ἧς
2306 4307 2530 4380 γνώμης
2571 4309 2867 4363 κινδυνεύει
2918 4310 3009 4362 καὶ
3059 4311 3086 4363 6
3143 4309 3405 4382 Πίνδαρος

1837 4395 1999 4466 εἶναι,
2047 4400 2219 4471 λέγων
2239 4416 2253 4430 ·
2300 4400 2522 4471 ἐρήμας
2553 4400 2628 4454 δι’
2676 4401 2927 4470 αἰθέρος.
2975 4400 3313 4473 Εὑρίσκομεν
3348 4402 3405 4454 δὲ

1762 4480 1812 4538 Β
1839 4492 2000 4546 αὐτὸν
2050 4491 2435 4561 ξωογονοῦντα,
2487 4492 2581 4546 καὶ
2633 4491 2748 4557 ζῶα
2774 4492 2982 4563 έχοντα,
3009 4493 3244 4564 μάλιστα
3281 4495 3408 4558 τοὺς

1841 4581 2137 4652 πλάνητας,
2170 4583 2258 4638 διά
2275 4584 2337 4637 τὸ
2361 4584 2733 4656 αὐτοκίνητον.
2768 4586 2879 4638 Καὶ
2904 4584 3171 4656 Ὅμηρος,

1854 4694 2095 4762 Ἠέλιος,
2149 4695 2217 4762 ὃς
2259 4695 2430 4750 πάντ’
2468 4695 2709 4767 ἐφορᾷς,
2735 4697 2832 4752 καὶ
2864 4697 3036 4751 πάντ’
3074 4698 3408 4764 ἐπακούεις,

176 4808 371 4877 διήκει.
411 4807 499 4861 διὰ
542 4806 635 4859 τοῦ
692 4805 926 4875 αἰθέρος,
970 4803 1066 4858 καὶ
1109 4803 1219 4856 τῶν
1254 4803 1427 4857 ἄλλων
1462 4802 1736 4872 στοιχείων
1842 4807 1982 4873 ζῶον
2024 4808 2192 4863 εἰπὼν
2245 4810 2412 4877 ἔδειξε
2450 4809 2543 4863 τὸν
2571 4810 2741 4881 ἥλιονο
2779 4810 2844 4862 Τί
2869 4805 2961 4863 οὖν
2987 4808 3217 4880 λέγομεν
3244 4808 3410 4880 ἀτρύ-

182 4898 510 4968 ἱκνούμενος-
547 4897 612 4949 Ἡ
645 4896 716 4966 γῆ
736 4892 828 4949 οὖν
844 4895 1118 4967 βαρυτάτη
1143 4889 1275 4947 οὖσα
1292 4894 1525 4946 ὲνεῖκται
1554 4893 1619 4958 ³³.
1639 4893 1735 4946 καὶ
1840 4915 2027 4969 γετον;
2059 4899 2119 4952 οὺ
2157 4899 2218 4951 τὸ
2259 4899 2527 4978 ἄκαρπον.
2561 4900 2672 4953 Καὶ
2708 4899 2817 4971 γάρ
2852 4898 3023 4969 γῆν...
3072 4898 3213 4952 έοικε
3242 4898 3414 4951 δὲκαὶ

181 4990 611 5061 ἐμπεπερόνηται
638 4986 1137 5061 ἐμπεριειλημμένη
1160 4986 1264 5039 ὖπδ
1289 4984 1381 5038 τοῦ
1402 4986 1586 5051 ἄξονος
1605 5002 1620 5016 ⁸
1659 4986 1737 5050 ὠς
1841 4992 1930 5046 διά
1978 4990 2076 5062 τὴν
2117 4989 2270 5057 τάξιν
2309 4989 2404 5043 τοῦ
2453 4990 2651 5052 παντὸς
2683 4989 2779 5042 καὶ
2815 4989 2915 5059 τὴν
2953 4988 3133 5058 φύσιν.
3167 4987 3412 5057 Ὅμηρος

186 5080 899 5153 μὴδύνασθαικινεῖσθαι.Τά
917 5079 975 5134 δὲ
989 5079 1122 5132 ἀλλα
1137 5076 1744 5148 χαυνότεραωτατόπον
1848 5078 1942 5136 οὖν
1996 5081 2334 5152 καταμιγνὺς
2390 5079 2453 5132 τὸ
2506 5079 2751 5149 μυθῶδες
2800 5078 2880 5149 τῷ
2934 5076 3146 5148 φυσικῷ
3174 5093 3190 5108 ·
3242 5077 3271 5128 6
3304 5075 3413 5146 γὰρ

184 5172 368 5242 ἔχοντα
416 5172 703 5243 στρέφεται
723 5188 738 5203 ο
773 5171 960 5242 ὥσπερ
986 5170 1052 5224 ἀν
1081 5171 1136 5223 εἰ
1174 5186 1258 5233 τις
1297 5167 1557 5238 ὀϐελίσκῳ
1589 5167 1742 5233 ξύλον
1846 5172 2001 5234 Ζεὺς,
2043 5170 2102 5221 ὃν
2156 5185 2334 5239 φαμεν
2366 5163 2505 5221 εἶναι
2532 5167 2626 5221 τοῦ
2661 5166 2860 5231 παντὸς
2894 5165 3241 5240 δημιουργὸν,
3275 5165 3413 5235 πρὸς

186 5263 448 5334 ἀκινήτως
484 5262 850 5334 ἐμπερονήσῃ,
885 5259 1200 5330 ὲμπεριθεὶς
1228 5258 1305 5329 τῷ
1356 5258 1496 5329 ξύλῳ
1514 5259 1741 5330 τροχοὺς
1846 5262 1938 5315 τὸν
1965 5260 2102 5331 ἀέρα
2129 5257 2227 5330 τὴν
2250 5259 2428 5329 Ἥραν
2460 5258 2639 5326 λέγει·

1849 5357 1922 5408 Ἦ
1944 5355 2016 5408 οὺ
2046 5352 2263 5421 μέμνῃ,
2290 5351 2387 5405 ὅτε
2409 5353 2457 5404 τ’
2480 5350 2702 5421 ἐκρέμω
2723 5352 2975 5421 ὑψόθεν,
3002 5350 3071 5405 ἐκ
3097 5351 3166 5404 δὲ
3183 5348 3420 5404 ποδοῖιν

186 5355 540 5425 κυκλοτερῶς.
584 5353 872 5425 Συμϐαίνει
897 5351 1006 5423 7&9
1029 5353 1153 5414 τοὺς
1197 5352 1294 5423 μὲν
1326 5351 1552 5422 τροχοὺς
1577 5353 1743 5403 κινεῖ-

1851 5418 2141 5494 Ἀκμοιῖας
2167 5418 2286 5493 ἧκα
2320 5422 2461 5488 δύω,
2501 5418 2634 5489 περὶ
2661 5418 2834 5490 χερονί
2877 5421 2946 5474 δὲ
2981 5420 3208 5491 δεσμὸν
3240 5422 3416 5490 ἵηλα;

190 5444 328 5513 σθαι,
357 5446 417 5499 τὺ
440 5447 498 5500 δὲ
531 5445 682 5511 ξύλον
709 5446 984 5515 άκινητεῖν
1014 5442 1116 5496 ὑπὸ
1137 5443 1231 5496 τοῦ
1265 5440 1594 5513 κρατοῦντος
1622 5458 1741 5494 στε-

188 5537 603 5610 νοχωρούμενον.
635 5538 770 5590 Φασὶ
789 5537 846 5591 δὲ
886 5535 1164 5605 Διόδωρος,
1198 5536 1292 5590 καὶ
1324 5535 1616 5606 Κοδρᾶτος,
1647 5534 1742 5588 καὶ
1848 5533 1962 5588 ἔστι
1998 5534 2098 5604 μὲν
2118 5534 2222 5605 γάρ
2244 5535 2273 5586 6
2300 5532 2642 5604 κρεμάμενος
2677 5532 2785 5605 ἀὴρ
2814 5533 2993 5606 Ἥρω
3019 5532 3070 5586 οἰ
3089 5532 3154 5587 δὲ
3185 5532 3418 5605 ἄκμονες

195 5659 302 5801 ’.ἲ
331 5659 702 5799 ἒὶᾷὶέῗὲᾇὲ.
743 5660 786 5691 u
819 5657 938 5730 ng.
977 5658 1171 5730 δῶμεν,
1249 5658 1292 5690 ει
1323 5658 1363 5728 ί,
1394 5659 1648 5729 ὲνεῖρται.
1727 5658 1772 5690 δι
1796 5658 1838 5730 ί,
1872 5658 1976 5731 γῆν
1999 5660 2162 5726 νήσω,
2190 5667 2242 5712 ρι
2274 5657 2506 5728 ἐπέχειν,
2545 5657 2590 5690 u
2621 5656 2662 5728 ί.
2695 5656 2876 5729 τυχόν,
2907 5672 3033 5714 mox
3051 5654 3129 5721 ὡς
3157 5654 3415 5717 Ἡσίοδος.

295 5768 311 5783 .
676 5762 721 5791 ν

295 5768 311 5783 ο
340 5762 449 5784 ιιινι
460 5762 476 5782 ὓ
493 5762 612 5791 θ’θμῦ
622 5762 700 5791 Ἰνὶ
710 5767 721 5781 ι
