4040 6206
494 308 497 313 ’
569 323 675 382 999

1527 317 1617 372 AD
1655 316 1922 372 EL‘SEBII
1950 314 2345 373 CHRONICON
2382 312 2741 373 APPENDIX.

3676 315 3825 373 {000

567 442 675 494 τῶν
701 437 977 509 στοιχείων
1025 435 1096 489 τά
1144 434 1439 510 βαρύτατα,
1468 431 1561 487 τοῦ
1616 433 1776 505 ἀέρος
1815 431 2133 504 ἠρτημέναο
2164 439 2208 495 Α
2238 429 2479 501 ἀλλήλων
2513 428 2760 498 κείμενα,
2786 424 3062 496 Καρκίνος
3094 424 3398 496 Δίγόκερῳ,
3429 423 3610 495 Χηλαὶ
3637 426 3819 499 Κριῷ.

568 533 597 584 6
624 529 679 583 δὲ
703 526 901 601 χρυσὸς
929 527 971 558 ³⁷
1005 526 1205 597 δεσμὸς
1233 524 1342 578 τῶν
1371 521 1571 594 χειρῶν
1591 522 1653 576 τὸ
1678 523 1809 593 πύρ.
1830 522 2139 577 Συνδέδεται

568 623 677 695 γάρ
725 620 805 692 τῷ
855 619 1033 693 αίθέρι
1074 619 1137 672 τὸ
1174 620 1300 672 πᾶν.
1336 617 1459 672 Ζῶα
1487 616 1544 669 δὲ
1569 617 1663 670 τοῦ
1693 618 1856 689 ἀέρος
1884 616 1952 670 τά
1976 619 2033 670 ὲν
2064 618 2141 688 τῷ

568 714 690 787 ἀέρι
717 713 993 785 φερόμενα
1024 711 1468 783 αὐτομολήσαντα
1500 710 1637 783 πρὸς
1664 710 1725 764 τὸ
1750 713 1946 783 φυσᾷν.

1148 823 1286 894 Περὶ
1310 823 1569 878 κύκλων.

569 944 579 973 ³
641 947 705 995 ε’.
737 939 942 994 Κύκλοι
968 939 1024 993 δέ
1053 940 1156 992 είσι
1189 938 1279 992 τὸν
1298 935 1529 1009 ἀριθμὸν
1564 943 1658 990 ια’·
1687 936 1976 1008 ἀρκτικὸς,
2017 938 2141 991 ἀντ-

571 1034 849 1107 αρκτικὸς,
894 1032 1141 1104 τροπικοὶ
1164 1030 1278 1092 δύο,
1312 1028 1645 1101 ίσημερινὸς,
1674 1028 1890 1101 ὁρίζων,
1923 1046 2139 1101 μεσημ-

571 1127 775 1199 ὁρινὸς,
830 1124 1110 1190 ζωδιακὸς,
1140 1122 1423 1193 γαλαξίας,
1470 1121 1717 1193 κόλουροι
1762 1121 1874 1175 δύο.
1912 1123 2139 1193 Μνημο-

571 1219 739 1274 νεύων
761 1218 816 1272 δὲ
840 1216 1020 1271 αὐτῶν
1042 1217 1296 1288 Ἄρατος,
1323 1212 1621 1283 ούθετέρως
1659 1212 1855 1278 αὐτοὺς
1894 1213 2066 1267 καλείο

817 1390 831 1404 .
925 1388 940 1403 .
1018 1388 1034 1403 .
1106 1384 1123 1402 .
1197 1346 1402 1414 ἄρκιος
1429 1345 1562 1414 εἵην

584 1419 915 1477 Ἄπλανέων
928 1418 1003 1473 τά
1019 1435 1087 1484 τε,
1098 1412 1294 1472 κύκλα
1322 1415 1395 1469 τά
1410 1417 1456 1469 τ’
1467 1412 1595 1484 ἠέρι
1609 1413 1824 1485 σήματ’
1844 1412 2136 1468 ἐνισπεῖν.

583 1533 847 1587 Ἐπαινῶν
875 1532 931 1586 δὲ
954 1530 1131 1586 αὐτῶν
1163 1528 1260 1602 τὴν
1294 1528 1514 1600 ἰσότητα
1544 1529 1641 1601 τῆς
1673 1527 2031 1600 δημιουργίας
2051 1542 2069 1561 ο

574 1649 695 1702 Οὐκ
726 1646 802 1701 ἂν
832 1646 1146 1717 Ἀθηναίης
1177 1644 1352 1717 (φησὶ)
1376 1640 1591 1713 χειρῶν
1605 1640 1969 1711 δεδαημένος
1986 1639 2140 1708 ἀνὴρ

573 1717 757 1786 Ἄλλη
796 1716 1179 1785 κοσμήσειεν.
1216 1754 1229 1769 .
1262 1716 1286 1769 ⁷.

568 1832 692 1885 Εἰσὶ
707 1831 764 1885 δὲ
788 1825 931 1884 οὗτοι
949 1846 962 1859 ·
986 1830 1262 1902 ἀρκτικὸς,
1281 1829 1491 1902 θερινὸς
1514 1827 1789 1902 τροπικὸς,
1810 1824 2138 1899 ίσημερινὸς,

571 1922 879 1994 χειμερινὸς
934 1921 1212 1991 τροπικὸς,
1255 1920 1633 1993 ἀνταρκτικός.
1680 1914 1838 1973 Οὗτοι
1880 1918 1931 1969 οἱ
1983 1916 2142 1969 πέντε

570 2014 903 2086 παράλληλοι
970 2013 1259 2068 καλοῦνται
1290 2012 1378 2067 διὰ
1428 2013 1527 2083 τὴν
1564 2012 1716 2076 τάξιν
1760 2010 1857 2080 τῆς
1903 1995 2138 2070 θέσεως’

571 2111 780 2161 κεῖνται
798 2105 906 2176 γὰρ
936 2105 1295 2177 παραλλήλως
1319 2103 1538 2175 ἐφεξῆς.
1569 2104 1626 2156 '0
1652 2103 1751 2173 μὲν
1766 2097 1857 2154 06v
1885 2099 2143 2171 ἀρκτικὸς

570 2202 601 2253 6
629 2198 742 2253 ἀνω
775 2198 910 2269 πρὸς
939 2197 1016 2267 τῷ
1048 2197 1203 2270 ἄκρῳ
1234 2195 1327 2250 τοῦ
1360 2195 1546 2261 ἀξονος
1576 2193 1654 2265 τῷ
1686 2192 1875 2265 ὑψηλῷ
1902 2191 2143 2245 καλεῖται

572 2290 714 2344 κατά
742 2305 915 2355 τινας,
963 2289 1046 2342 ὅτι
1076 2288 1292 2359 πρῶτος
1325 2286 1585 2358 ἀρχεται’
1630 2284 1690 2337 τὸ
1729 2284 1774 2337 δ’
1808 2281 2024 2354 ἀληθὲς,
2062 2282 2142 2334 ὅτι

572 2382 631 2434 ὲν
679 2379 829 2451 αύτῷ
861 2378 960 2444 τὰς
1004 2368 1351 2450 καλουμένας
1369 2380 1636 2449 Ἀρκτους
1670 2375 1802 2447 ἔχει.
1866 2372 2142 2427 Ἐντεῦθεν

575 2469 917 2543 μανθάνομεν
948 2469 1008 2523 τὸ
1042 2469 1189 2543 παρὰ
1220 2468 1297 2542 τῷ
1330 2471 1562 2541 ποιητῇ·

575 2563 823 2632 Ἄρκτον
843 2562 917 2632 θ’,
950 2558 1032 2629 ἣν
1053 2560 1151 2632 καί
1180 2558 1798 2632 Ἂμαξανᾼὲπίκτπμηοςιν
1820 2552 2143 2632 καλέουσιν

575 2625 652 2686 Ἠ
678 2632 727 2685 τ’
749 2631 933 2687 αὐτοῦ
978 2625 1326 2698 στρέφεται,
1359 2628 1461 2698 καί
1504 2629 1555 2681 τ’
1615 2628 1856 2698 Ὠρίωνα
1888 2625 2139 2679 δοκεύει.

575 2701 681 2770 01η
710 2701 763 2753 δ’
790 2700 1052 2770 ἄμμορός
1066 2697 1199 2754 ἐστι
1217 2697 1479 2767 λοετρῶν
1523 2697 1844 2752 Ὠκεανοῖο.
2006 2704 2018 2716 '

571 2787 720 2849 Οὗσα
748 2792 855 2864 γάρ
878 2793 937 2845 ὲν
965 2790 1045 2862 τῷ
1068 2790 1333 2863 ἀρκτικῷ,
1350 2790 1426 2854 ὡς
1455 2787 1694 2859 δρῶμεν,
1711 2788 1773 2841 ού
1796 2785 2139 2840 καταδύεται.

583 2883 673 2949 Ὠς
722 2885 781 2939 δὲ
836 2887 870 2956 η
914 2884 1074 2956 χάρις
1117 2883 1281 2954 φησὶν
1330 2884 1363 2954 ἡ
1399 2881 1676 2953 ποιητικὴ,
1714 2882 1772 2935 ὲν
1814 2878 2051 2950 Ὠκεανῷ
2081 2874 2141 2933 δύ

571 2968 804 3022 λούεται.
860 2968 1141 3039 Ζητοῦμεν
1198 2963 1290 3021 οὖν
1334 2966 1451 3030 πῶς
1488 2966 1654 3038 μόνην
1698 2965 1866 3036 αὐτὴν
1896 2961 2017 3018 εἷπε
2069 2965 2141 3036 μὴ

571 3060 843 3124 λούεσθαι,
870 3059 1115 3113 τουτέστι
1144 3056 1530 3120 καταδύεσθαι,
1577 3059 1671 3112 καὶ
1701 3056 1795 3111 τού
1819 3057 2140 3128 Δράκοντος,

2252 523 2309 575 '0
2335 522 2390 575 δὲ
2417 521 2610 593 ὁρίζων
2629 519 2842 588 λέγεται
2865 519 2982 589 μὲν,
2997 518 3185 589 ἐπειδὴ
3199 516 3422 587 διορίζει
3446 517 3590 573 κατά
3617 517 3824 584 πλάτος

2237 615 2308 668 τὰ
2335 613 2429 667 δύο
2447 612 2798 684 ἡμισφαίρια,
2830 609 3114 677 διάζωσμα
3137 607 3213 661 ὢν
3238 607 3332 661 τοῦ
3345 608 3581 680 ούρανοῦ
3602 625 3617 638 ·
3641 611 3824 663 κεῖται

2238 705 2295 758 δὲ
2320 704 2424 772 ἔξω
2437 705 2535 774 τῆς
2558 704 2793 774 σφαίρας
2809 720 2821 733 ’
2842 702 2918 765 ὡς
2940 702 3078 773 πρὸς
3110 700 3208 771 τὴν
3251 701 3527 772 ἡμετέραν
3553 700 3699 771 ὄψιν.
3742 704 3830 756 Τὸ

2239 798 2283 850 δ’
2309 797 2526 870 ἀληθὲς,
2550 796 2628 868 τῷ
2657 796 2733 867 νῷ
2755 796 2912 849 αὑτὸν
2940 794 3047 847 ἔσω
3064 795 3145 848 δεῖ
3175 792 3511 861 παραλαϐεῖν
3536 793 3824 863 κείμενον.

2241 890 2301 944 Ol
2324 889 2381 942 δὲ
2411 889 2629 959 ποιηταὶ
2669 885 2917 941 Ὠκεανὸν
2932 885 3092 940 αὐτὸν
3111 884 3367 940 καλοῦσιν
3387 900 3401 914 ο
3433 884 3464 936 6
3485 884 3620 953 γοῦν
3638 885 3828 954 E6350-

2243 982 2372 1053 ρίων
2400 981 2562 1052 φησίν
2583 998 2597 1012 ·

2253 1116 2546 1183 Ὠκεανὸς,
2585 1115 2666 1180 τῷ
2703 1114 2869 1170 πᾶσα
2921 1113 3270 1181 περίρῤυτος
3305 1110 3607 1165 ἐνδέδεται
3632 1110 3822 1180 χθὼν.

2251 1228 2309 1281 '0
2336 1226 2393 1280 δὲ
2435 1224 2805 1298 μεσημϐρινὸς
2856 1222 3098 1278 καλεῖται
3161 1222 3258 1293 μὲν
3285 1219 3481 1286 οὕτως,
3519 1220 3607 1273 ὅτι
3641 1219 3820 1291 ἥλιος,

2240 1324 2297 1375 ὲν
2320 1320 2394 1392 τῷ
2417 1317 2663 1390 ζωδιακῷ
2691 1317 2874 1387 κύκλῳ
2902 1316 3220 1388 φερόμενος,
3249 1314 3377 1369 ἄταν
3410 1312 3640 1384 γένηται
3674 1313 3823 1367 κατὰ

2243 1410 2605 1484 μεσημϐρίαν,
2625 1409 2812 1463 τούτου
2827 1408 3075 1461 ἆπτεταυ
3098 1405 3346 1459 τοσοῦτον
3366 1406 3474 1477 γάρ
3489 1406 3689 1475 ἀπέχει
3715 1404 3819 1474 τῆς

2240 1501 2552 1565 ἀναϐάσεως
2567 1501 2688 1553 ὅσον
2706 1499 2804 1569 τῆς
2831 1497 3276 1561 καταϐάσεως.Ἕ
3284 1513 3366 1550 στι
3382 1497 3437 1549 δὲ
3454 1498 3483 1549 6
3504 1496 3709 1567 χαλκὸς
3724 1496 3754 1548 6
3772 1495 3822 1527 ³⁸

2239 1593 2422 1665 κύκλῳ
2442 1594 2498 1647 ὲν
2519 1595 2584 1664 τῇ
2605 1590 2808 1663 σφαίρᾳ
2824 1588 3197 1662 περικείμενος
3217 1588 3303 1642 διὰ
3321 1588 3413 1641 τοῦ
3429 1587 3618 1654 ἄξονος
3636 1588 3815 1658 ὲμπέο

2239 1703 2435 1758 πηγεν.
2464 1685 2519 1739 ’0
2536 1684 2592 1737 δὲ
2618 1682 2877 1749 ζωδιακὸς
2900 1681 3140 1735 καλεῖται
3162 1680 3282 1751 μὲν,
3298 1680 3488 1751 ἐπειδὴ
3506 1682 3565 1732 ὲν
3580 1678 3736 1733 αύτῶ
3750 1680 3821 1732 τὰ

2171 1801 2213 1855 Β
2244 1776 2309 1848 ιβ’
2328 1774 2489 1841 ζώδια
2505 1774 2636 1846 ἔχει·
2653 1773 2763 1844 ἔχει
2777 1772 2833 1826 δὲ
2850 1771 3167 1844 ἐγχαράξεις
3177 1774 3342 1843 τρεῖς,
3360 1771 3427 1835 ἃς
3439 1772 3489 1824 οἱ
3512 1770 3819 1842 μαθηματι-

2240 1872 2326 1926 κολ⁵
2338 1870 2546 1933 ταινίας
2562 1866 2805 1922 καλοῦσι.
2817 1864 3033 1948 Enati);
3045 1863 3102 1917 δέ
3114 1865 3279 1916 ἐστιν’
3298 1864 3355 1916 ὲν
3372 1861 3607 1933 αύτῷ¹γά
3614 1879 3645 1933 ρ
3662 1862 3820 1935 φέρε..

2240 1962 2367 2015 ταιό
2388 1960 2536 2031 ἥλιος
2552 1956 2773 2020 πλατύς.
2807 1957 2901 2019 ’Ὧς
2929 1954 3131 2023 φασιδὲ
3157 1954 3207 2006 οἱ
3228 1953 3566 2025 ἀστρολόγοι,
3600 1956 3653 2006 εἰ
3686 1969 3818 2006 ποτε

2241 2053 2532 2124 παραρῤυῇ
2560 2067 2615 2103 τι
2654 2048 2763 2102 τῶν
2793 2047 3012 2101 ταινιῶν
3060 2044 3215 2117 ἡτού
3252 2045 3403 2116 ἡλίου
3448 2044 3611 2117 φορὰ,
3649 2046 3820 2117 τέρας

2241 2139 2379 2197 εἶναι
2408 2142 2529 2196 τότε
2559 2141 2620 2194 τὸ
2651 2138 3007 2211 γεννώμενον.
3040 2138 3195 2193 Ἔστι
3222 2137 3279 2190 δὲ
3311 2140 3341 2190 6
3373 2138 3822 2208 κατακεχρισμέ-

2240 2253 2328 2300 νος
2356 2237 2413 2287 έν
2473 2236 2538 2304 τῇ
2589 2232 2793 2303 σφαίρᾳ.
2820 2228 2975 2302 κηρῷ
3019 2228 3428 2300 μεμιλτωμένῳ.
3470 2229 3529 2281 ὐ
3556 2228 3615 2280 δὲ
3646 2228 3821 2295 γαλα-

2243 2326 2361 2392 ξίας
2385 2325 2626 2380 καλεῖται
2663 2324 2781 2395 μὲν,
2816 2322 2891 2386 ὡς
2919 2323 2969 2374 οί
2998 2319 3155 2393 μῦθοί
3176 2335 3374 2391 φασιν·
3414 2322 3464 2374 οί
3500 2321 3599 2391 μὲν
3641 2319 3820 2391 Ἠρα-

2242 2418 2395 2483 κλέα,
2424 2419 2474 2471 οἱ
2535 2417 2592 2471 δὲ
2652 2415 2882 2489 Ἑρμῆν,
2915 2415 3003 2468 ὅτε
3054 2413 3355 2486 προσετέθη
3399 2412 3479 2484 τῷ
3526 2412 3687 2484 μαζῷ
3719 2415 3823 2485 τῆς

2243 2512 2420 2585 Ἥρας
2450 2510 2554 2564 ὑπὸ
2578 2508 2672 2563 τοῦ
2711 2509 2849 2575 Διὸς,
2878 2508 2963 2562 ίνα
2983 2507 3225 2578 κλέψειεν
3251 2507 3281 2560 6
3312 2505 3446 2570 Θεὸς
3468 2508 3582 2571 τοῖς
3604 2506 3823 2571 τέκνοις

2242 2603 2538 2667 ἀθανασίας
2564 2602 2800 2676 τροφήνο
2831 2601 2864 2672 ἡ
2900 2600 2977 2664 δὲ,
3003 2600 3125 2653 ἐπεὶ
3156 2598 3434 2669 ἐξανέστη,
3463 2599 3822 2676 ἠγανάκτησε

2242 2697 2379 2768 πρὸς
2437 2695 2535 2768 τὴν
2588 2673 2830 2765 κλοπὴν,
2891 2693 2986 2747 καὶ
3040 2692 3139 2764 τὴν
3189 2691 3355 2764 θηλὴν
3397 2691 3493 2746 τοῦ
3543 2673 3822 2763 στόματος

2241 2789 2528 2843 ἀπέσπασε
2568 2787 2679 2858 βία,
2710 2784 3055 2857 ὲκμυζῶντος
3082 2784 3270 2838 ἔτιτοῦ
3297 2784 3511 2839 παιδίου
3532 2801 3548 2817 ·
3581 2784 3660 2848 ὡς
3690 2783 3819 2839 τότε

2242 2880 2307 2949 τῇ
2335 2876 2469 2949 θηλῇ
2498 2876 2619 2948 ρέον
2644 2874 2722 2945 τῷ
2745 2874 2955 2947 οὐρανῷ
2975 2873 3159 2946 κύκλῳ
3184 2874 3477 2946 περιχυθὲν
3497 2874 3820 2928 ἐκτυπῶσαι

2241 2970 2302 3023 τὸ
2330 2969 2514 3040 σχῆμα
2554 2968 2653 3037 τῆς
2682 2969 2879 3040 ἐκροῆς
2899 2983 2912 3000 ·
2942 2966 3002 3021 τὸ
3029 2966 3086 3020 δὲ
3128 2966 3340 3039 ἀληθὲς,
3376 2966 3465 3021 διὰ
3495 2967 3596 3038 τὴν
3629 2966 3822 3023 λευιοό-

2242 3078 2380 3131 τητα
2432 3059 2751 3131 φερωνύμου
2813 3058 3179 3133 προσηγορίας
3232 3058 3439 3130 ἔτυχεν.
3476 3061 3635 3113 Ἔστι
3677 3060 3744 3114 δὲ
3793 3062 3821 3114 6

572 3154 668 3207 καὶ
683 3152 882 3224 μέρους
913 3150 1005 3205 τοῦ
1036 3150 1268 3221 Κηφέως
1296 3150 1369 3221 μὴ
1397 3150 1819 3221 καταδυομένου.
1842 3148 2143 3221 Λυθήσεται
2170 3157 2211 3212 C
2244 3151 2743 3223 κατακεχρισμένος
2796 3153 2853 3206 ὲν
2905 3154 2970 3223 τῇ
3007 3150 3210 3223 σφαίρᾳ
3250 3150 3404 3223 κηρῷ
3426 3150 3627 3222 λευκῷ..
3666 3153 3736 3205 Ol
3766 3153 3820 3206 δὲ

570 3240 665 3299 οὖν
690 3245 750 3297 τὸ
776 3241 1105 3315 ζητούμενον
1136 3243 1193 3294 ὲν
1222 3241 1302 3312 τῷ
1331 3241 1459 3312 περὶ
1485 3240 1747 3313 άρκτικοῦ
1782 3240 1944 3312 λόγῳ,
1981 3235 2141 3304 εύθὺς

576 3335 714 3407 μετά
737 3334 924 3389 τοῦτον
950 3333 1348 3388 καταϐαίνοντι.
1374 3333 1560 3385 Ἔστιν
1593 3334 1621 3386 6
1640 3331 1969 3401 καλούμενος
1994 3330 2139 3403 θερι-

572 3426 661 3489 νὸς
682 3424 958 3497 τροπικὸς,
998 3426 1102 3488 ὅτι,
1150 3423 1438 3494 γενόμενος
1494 3422 1642 3493 ἥλιος
1687 3423 1745 3475 ὲν
1774 3422 2051 3494 Καρκίνῳ,
2083 3421 2141 3485 ὃς

573 3517 749 3569 κεῖται
777 3518 834 3568 ὲν
859 3513 1026 3585 αὐτῷ,
1066 3513 1282 3586 θερινάς
1307 3512 1513 3584 τροπὰς
1544 3516 1804 3566 ποιεῖται·
1841 3512 1981 3566 κατά
2023 3514 2141 3566 Μα-

573 3604 793 3667 κεδόνας
846 3604 942 3675 μὲν
989 3603 1266 3674 Παναίμου
1329 3601 1505 3679 εἰκάδι
1572 3602 1825 3673 τετάρτῃ,
1895 3602 2036 3656 κατὰ
2082 3601 2138 3654 δὲ

584 3694 966 3767 Ἀλεξανδρέας
1021 3695 1207 3764 Ἐπιφὶ
1253 3697 1489 3767 τετάρτῃ
1530 3693 1723 3748 είκάδι.
1773 3693 1908 3763 Περὶ
1949 3691 2137 3745 τούτου

572 3790 737 3861 φησὶν
764 3789 993 3860 Ἀρατος
1010 3803 1026 3819 ο

715 3900 820 3954 τοῦ
838 3898 955 3985 μέτ’
985 3916 1050 3985 ξε
1076 3898 1150 3953 δι’
1169 3897 1319 3985 ὀκτὼ
1343 3898 1737 3985 μετρηιξέντρς

573 3968 759 4025 Πέἳιτε
780 3968 897 4040 μὲν
920 3970 1086 4025 ἐνδια
1111 3974 1428 4040 στρέφεται
1455 3968 1855 4040 καθυπέρτερα
1874 3968 2068 4036 γαίης,

578 4042 654 4095 Τὰ
681 4037 812 4109 τρία
834 4040 885 4094 δ’
907 4041 976 4095 ἐν
996 4037 1239 4110 περάτῃ.
1259 4037 1483 4108 ’Θὲρὼς
1512 4039 1578 4092 δέ
1604 4041 1657 4091 οἱ
1677 4039 1956 4107 ἐντροπαί
1969 4040 2105 4091 εισι.

571 4155 726 4211 Μετὰ
770 4150 958 4208 τοῦτον
1000 4148 1401 4205 ὑποκαταϐάντι
1436 4149 1582 4201 ἐστὶν
1619 4149 1647 4201 6
1691 4148 2021 4219 καλούμενος
2061 4148 2139 4198 ἰσ-

569 4245 857 4319 ημερινός·
880 4244 1011 4298 ὅτιό
1031 4243 1199 4316 ἥλιος,
1223 4244 1279 4296 ὲν
1306 4241 1385 4313 τῷ
1411 4241 1660 4313 ζωδιακῷ
1691 4240 1874 4312 κύκλῳ
1908 4240 2139 4311 φερόμε-

571 4355 679 4404 νος,
702 4340 829 4391 ὅταν
872 4336 1010 4391 κατά
1066 4334 1237 4406 Κριὸν
1265 4334 1512 4404 γένηται,
1546 4333 1579 4404 ἢ
1623 4332 1764 4386 κατά
1796 4330 2001 4403 Χηλὰς,
2040 4332 2140 4395 τὰς

569 4430 907 4501 καλουμένας
935 4428 1026 4483 ὑπ’
1061 4426 1372 4496 Αἰγυπτίων
1408 4426 1607 4493 Ζυγὸν,
1644 4424 1930 4496 ἰσημερίαν
1958 4426 2134 4477 ποιεῖ⁶

2243 3245 2486 3317 κόλουροι
2536 3243 2784 3313 λέγονται
2846 3243 2963 3314 μὲν,
3001 3243 3081 3296 ὃτι
3113 3242 3175 3295 τὸ
3213 3242 3504 3297 καταδύνον
3525 3243 3709 3297 αὐτῶν
3742 3247 3819 3307 εἰς

2239 3329 2330 3384 τὸν
2362 3331 2721 3401 ἀνταρκτικὸν
2765 3329 2968 3399 ἀφανὲς
2999 3329 3079 3394 ὸν,
3113 3329 3403 3402 ὁλόκληρον
3446 3331 3608 3402 ἡμῶν
3660 3334 3816 3402 γενέ-

2242 3416 2364 3469 σθαι
2408 3414 2618 3469 κολούει
2656 3417 2724 3448 ⁸⁸·
2744 3417 2840 3488 τὴν
2881 3416 3035 3470 θέανο
3086 3419 3135 3470 εἰ
3168 3417 3226 3471 δὲ
3261 3413 3399 3488 ἦσαν
3425 3419 3713 3490 τέσσαρες,
3745 3419 3819 3481 ὥς

2240 3508 2371 3577 φασί
2396 3524 2559 3571 τινες,
2589 3507 2756 3580 μέχρι
2779 3508 2870 3561 τοῦ
2903 3508 3188 3578 βλέποντος
3233 3509 3683 3581 ἀπαρτιζόμενοη
3721 3513 3820 3565 οὐκ

2239 3601 2304 3655 ἂν
2329 3596 2467 3672 ἦσαν
2497 3600 2763 3671 κόλουροι.
2798 3601 2861 3654 Et
2886 3601 2943 3655 δέ
2970 3618 3054 3664 τις
3076 3600 3244 3670 λέγοι,
3262 3603 3354 3655 καὶ
3373 3602 3482 3674 γὰρ
3500 3602 3611 3655 τῶν
3642 3603 3819 3657 ἄλλων

2238 3692 2450 3745 κύκλων
2489 3691 2560 3745 τά
2587 3691 2692 3745 ὑπὸ
2717 3692 2819 3764 γῆν
2841 3693 2902 3745 ού
2926 3693 3205 3762 φαίνονται
3228 3709 3243 3725 ⁸
3274 3693 3415 3747 ὥστε
3447 3696 3692 3749 κάκεῖνοι
3723 3696 3817 3749 κό-

2237 3784 2417 3856 λουροι
2442 3799 2455 3813 ·
2488 3786 2641 3850 ἴστω,
2675 3786 2778 3848 ὅτι,
2809 3784 2919 3839 τῶν
2942 3786 3041 3857 μὲν
3094 3787 3188 3839 :06
3226 3786 3389 3841 πόλου
3418 3790 3815 3860 στρεφομένου,

2238 3877 2329 3929 καὶ
2350 3875 2419 3929 τά
2454 3876 2559 3929 ὑπὸ
2588 3877 2690 3946 γῆν
2731 3876 3059 3947 ὀφθήσεται,
3092 3878 3201 3931 τῶν
3227 3877 3284 3932 δὲ
3315 3877 3590 3950 κολούρων
3625 3880 3723 3932 καὶ
3758 3883 3816 3932 ἐν

2237 3970 2356 4032 ταῖς
2408 3968 2501 4021 τοῦ
2557 3968 2720 4022 πόλου
2760 3972 3022 4040 στροφαῖς
3081 3970 3151 4024 τὰ
3201 3971 3260 4025 ἐν
3288 3970 3365 4042 τῷ
3398 3972 3597 4040 ἀφανεῖ
3632 3974 3811 4043 πάντη

2239 4060 2583 4115 καταδέδυκε.
2621 4060 2835 4114 Τούτων
2864 4062 2974 4115 τῶν
2999 4067 3065 4116 ια’
3080 4061 3202 4133 διχῇ
3221 4062 3484 4131 τέμνουσι
3515 4062 3614 4133 τὴν
3653 4067 3810 4133 σφαῖ-

2242 4172 2339 4226 ραν
2374 4155 2480 4207 οἶδε
2500 4171 2513 4185 ·
2541 4153 2756 4225 ὁρίζων,
2791 4154 3181 4226 μεσημβρινὸς,
3211 4152 3490 4222 ζωδιακὸς,
3523 4154 3803 4224 γαλαξίας,

2242 4245 2573 4317 ίσημερινὸς,
2607 4247 2656 4299 οί
2702 4244 2797 4299 δύο
2836 4244 3106 4319 κόλουροι,
3134 4246 3227 4301 καὶ
3256 4249 3285 4301 6
3309 4248 3629 4318 ίσημερινὸς,
3658 4248 3756 4299 καὶ
3774 4249 3806 4300 6

2190 4384 2196 4389 .
2238 4335 2457 4410 ὁρίζων,
2504 4338 2598 4391 καὶ
2649 4337 3020 4410 μεσημϐρινὸς
3051 4338 3235 4409 κύκλῳ
3282 4338 3549 4409 φέρονται,
3570 4337 3664 4391 καὶ
3686 4337 3805 4391 ἴσον

2237 4429 2303 4497 τῇ
2342 4428 2622 4499 μεταφορᾷ
2650 4427 2742 4481 τὸν
2774 4426 2972 4481 κύκλον
3016 4427 3229 4498 ἔχουσιν
3247 4442 3263 4457 ·
3302 4428 3417 4481 ἀλλ’
3447 4429 3519 4491 ὡς
3540 4428 3674 4499 πρὸς
3702 4428 3807 4498 τὴν

570 4522 716 4590 ἀπαξ
750 4523 849 4593 μὲν
903 4518 1163 4592 Φαμενὼθ
1222 4516 1394 4571 είκάδι
1434 4516 1667 4589 τετάρτῃ
1688 4536 1701 4548 ·
1732 4516 1974 4569 τουτέστι
2007 4516 2139 4586 Γορ-
2169 4505 2213 4562 Ι)
2242 4518 2388 4572 θέσιν
2413 4519 2515 4589 τῆς
2550 4519 2787 4592 σφαίρας
2820 4520 2927 4574 εἰσὶ
2968 4519 3130 4585 λοξοί.
3173 4519 3231 4574 '0
3259 4520 3390 4588 γοῦν
3414 4519 3674 4584 ζωδιακὸς
3708 4520 3809 4574 καὶ

568 4615 775 4669 πιαίου.
824 4612 936 4666 Καὶ
983 4613 1040 4664 ὲν
1072 4607 1227 4682 Κριῷ
1260 4610 1356 4681 μὲν
1387 4607 1608 4679 ἐαρινάς
1644 4610 1788 4659 ποιεῖ
1820 4606 2048 4678 τροπὰς,
2080 4608 2137 4660 ὲν

566 4706 623 4759 δὲ
659 4703 884 4775 Χηλαῖς,
915 4703 1034 4775 ἦτοι
1080 4698 1257 4770 Ζυγῷ,
1297 4696 1718 4770 φθινοπωρινάς.
1754 4696 1911 4750 Μετά
1946 4696 2136 4749 τοῦτον

567 4797 684 4849 κατ’
735 4794 980 4847 ἐναντίαν
1009 4793 1157 4846 ἐστὶν
1215 4791 1244 4842 6
1283 4788 1614 4859 καλούμενος
1643 4788 2000 4860 ἀνταρκτικὸς
2027 4804 2130 4859 χει-

568 4885 786 4956 μεριιὸς
837 4882 1095 4954 τροπικός
1115 4897 1128 4912 ’
1156 4879 1341 4951 ἐπειδὴ
1377 4879 1526 4950 ἥλιος
1560 4880 1618 4931 ὲν
1668 4879 1948 4950 Αἰγόκερῳ
1976 4878 2135 4948 γενό-

569 4994 747 5047 μενος,
780 4975 839 5038 ὃς
891 4978 1066 5028 κεῖται
1098 4976 1155 5028 ὲν
1180 4973 1351 5044 αύτῷ,
1381 4971 1695 5044 χειμερινὰς
1732 4976 1873 5026 ποιεῖ
1908 4972 2131 5045 τροπάς.

566 5070 721 5122 Μετά
745 5066 930 5121 τοῦτόν
951 5068 1096 5119 ἐστιν
1127 5067 1157 5119 ό
1190 5065 1514 5136 καλούμενος
1548 5064 1983 5136 ἀνταρκτικός·ἣ
2013 5067 2136 5118 ἐπεὶ

565 5162 881 5223 ἀντίκειται,
912 5158 947 5230 ἢ
980 5161 1100 5212 ἐπεὶ
1150 5160 1262 5222 ῐσος
1312 5159 1429 5212 ἐστὶ
1460 5158 1539 5230 τῷ
1591 5156 1857 5230 ἀρκτικῷ.
1884 5158 2036 5211 Ἔστι
2078 5156 2135 5210 δὲ

570 5250 682 5315 ῐσος
722 5255 751 5306 6
791 5251 1046 5323 ἀρκτικὸς
1076 5249 1155 5322 τῷ
1208 5249 1570 5322 ἀνταρκτικῷ,
1594 5252 1623 5303 6
1656 5248 1960 5320 χειμερινὸς
2000 5264 2132 5317 τρο-

565 5343 726 5408 πικὸς
778 5343 856 5415 τῷ
902 5341 1096 5416 θερινῷ
1145 5340 1405 5414 τροπικῷ.
1448 5343 1505 5395 '0
1536 5341 1593 5394 δὲ
1629 5341 1845 5394 πάντων
1881 5338 2080 5409 μείζων
2106 5340 2134 5392 6

2239 4607 2418 4674 λοξίας
2450 4608 2553 4661 ὑπό
2595 4626 2759 4663 τινων
2812 4610 3088 4665 καλεῖται·
3139 4609 3325 4681 ἐπειδὴ
3348 4610 3498 4681 ἥλιος
3523 4609 3619 4676 τάς
3657 4610 3810 4674 ὀδοὺς

2240 4703 2297 4754 ὲν
2322 4700 2472 4773 αύτῷ
2505 4700 2793 4773 πορεύεται
2841 4701 3010 4770 λοξός.
3059 4702 3147 4756 Ἐν
3179 4702 3236 4755 δὲ
3263 4701 3340 4773 τῷ
3364 4701 3499 4772 ἡλίῳ
3536 4703 3565 4754 6
3617 4703 3809 4755 Ἀπόλ-

2239 4794 2365 4860 λων,
2395 4795 2455 4860 ὃς
2487 4796 2731 4851 καλεῖται
2762 4796 2956 4864 Λοξίας
2978 4798 3084 4852 ὑπὸ
3108 4796 3216 4853 τῶν
3258 4798 3518 4869 ποιητῶν,
3552 4793 3691 4851 εἶναι
3727 4814 3809 4850 ττι.

2242 4886 2512 4940 στεύεται.
2567 4888 2828 4958 ’Λρχεται
2875 4888 2932 4941 δὲ
2961 4890 2990 4941 6
3017 4886 3280 4952 ζωδιακὸς
3314 4887 3519 4943 ἀνωθεν
3561 4889 3673 4941 ἀπὸ
3712 4887 3809 4941 τοῦ

2240 4976 2452 5049 θερινοῦ
2483 4980 2743 5050 τροπικοῦ
2766 4997 2780 5011 ·
2824 4980 2951 5035 ἔνθα
2983 4980 3194 5052 συνέχει
3224 4981 3314 5037 τὸν
3344 4981 3619 5054 Καρκίνον
3650 4980 3680 5032 6
3711 4982 3810 5034 κύ-

2237 5066 2385 5132 κλος.
2449 5070 2783 5124 Καταὸαίνει
2830 5071 2888 5125 δὲ
2919 5071 3260 5145 λοξούμενος,
3286 5073 3364 5136 ὡς
3389 5074 3526 5145 πρὸς
3563 5072 3635 5126 τὰ
3658 5071 3809 5126 κάτω

2241 5160 2401 5232 μέχρι
2430 5160 2523 5215 τοῦ
2545 5161 2757 5233 θερινοῦ
2789 5165 3072 5236 τροπικοῦ,
3095 5168 3228 5221 ὅπου
3255 5166 3346 5221 τὸν
3373 5165 3574 5221 κύκλον
3595 5164 3805 5236 συνέχει

2235 5251 2567 5322 Δίγόκερως.
2601 5251 2801 5307 Τοῦτον
2823 5255 2915 5308 τὸν
2949 5255 3153 5327 τρόπον
3191 5258 3222 5310 6
3258 5257 3429 5327 ἥλιος,
3458 5256 3534 5320 ὡς
3573 5254 3801 5325 ἔφαμεν,

2236 5340 2462 5410 βαδίζων
2488 5341 2615 5395 δντα
2660 5342 2832 5410 λοξὸν,
2867 5345 2945 5416 πῆ
2971 5347 3067 5417 μὲν
3088 5347 3412 5419 ὑπερπετεῖς
3435 5348 3529 5400 καὶ
3548 5345 3803 5407 πλατείας

571 5434 879 5508 ἰσημερινός
913 5434 1029 5487 ἐστι
1057 5434 1218 5506 μέσος
1231 5432 1327 5496 ὣν,
1348 5432 1668 5505 ἰσομεγέθης
1696 5431 1769 5485 ὢν
1786 5430 1861 5501 τῷ
1882 5428 2131 5500 ξωδιακῷ
2231 5433 2384 5497 ὁδοὺς
2415 5434 2637 5504 βαδίζει,
2667 5437 2767 5502 τὰς
2797 5440 2929 5503 ἀνω,
2964 5441 3094 5495 ὅταν
3181 5444 3239 5496 ὲν
3262 5442 3544 5513 Καρκίνῳ,
3568 5441 3643 5504 ὡς
3669 5438 3801 5511 πρὸς

568 5528 661 5580 καὶ
696 5527 774 5599 τῷ
830 5525 1083 5597 γαλαξίξι.
1133 5526 1288 5580 Ἔστι
1324 5525 1381 5577 δὲ
1425 5524 1593 5589 ζὼδια
1635 5523 1701 5576 τὰ
1729 5522 1867 5577 κατά
1900 5520 2126 5574 κάθετον
2229 5522 2291 5576 τὸ
2318 5523 2585 5596 ἡμέτερον
2607 5526 2775 5600 κλίμα
2804 5532 2861 5583 ὲν
2888 5529 3078 5602 ὑψηλῷ
3094 5533 3345 5603 κειμένου
3377 5532 3456 5564 ες.
3488 5531 3568 5600 πῆ
3597 5530 3655 5584 δὲ
3687 5543 3803 5582 στ’,

632 5711 677 5746 ⁸⁷
707 5712 748 5782 f.
775 5712 1020 5784 χρυσοῦς.
1108 5711 1152 5745 ³⁸
1185 5712 1222 5779 Ῑ.
1255 5712 1333 5774 ὃς.

1413 5710 1475 5743 ³”’
1512 5710 1552 5780 f.
1592 5709 1805 5764 κωλύει.
1846 5708 2000 5763 Eon.
2081 5708 2121 5741 ”
2155 5707 2194 5766 f.
2226 5707 2495 5774 κείμενον.
