4040 6206
501 239 653 302 ἳοοδ
1494 244 1581 299 AD
1612 237 1880 300 EUSEBil
1917 235 2316 301 CilRONlCON
2349 238 2711 302 APPENDIX.
3604 237 3743 304 1004

491 361 603 418 'dio
632 370 684 417 te
712 373 840 434 erga
873 361 1192 433 disciplinas
1219 375 1282 417 ac
1304 362 1586 418 voluntate
1625 377 1748 417 esse
1775 362 2047 418 constanti

2173 359 2434 432 λομαθίαν
2459 362 2798 425 οἱκειὼσεως.
2835 362 2914 416 Τά
2930 377 2987 414 τε
3015 360 3122 432 γὰρ
3141 359 3346 430 φυσικᾶ
3359 358 3470 414 τῶν
3485 358 3744 433 ἐπιζητη·

512 454 722 510 Etenim
755 463 876 524 qua:
913 453 980 508 de
1019 454 1360 511 naturalibus
1388 455 1587 519 rebus,
1619 452 1793 522 deque
1838 452 1907 508 iis
1955 467 2053 523 qua

2176 453 2376 509 θέντων
2390 445 2493 509 ὑπὸ
2508 455 2600 508 σοῦ
2627 457 2721 510 καὶ
2752 453 2819 508 τά
2840 453 3088 527 περὶτῶν
3111 471 3186 507 πα
3195 453 3262 525 ρὰ
3289 455 3498 525 Ἀράτῳ
3519 453 3745 526 λεγομέ-

505 546 579 602 ab
609 547 776 600 Arato
821 545 1022 615 scripta
1037 554 1183 601 ‘sunt
1214 546 1268 600 in
1302 535 1604 609 coortibns,
1637 559 1669 597 a
1713 557 1798 598 me
1825 541 2076 597 sciscita-

497 639 620 701 ‘ris,
660 652 986 711 propensum
1033 638 1086 694 in
1121 638 1292 694 bonas
1323 645 1468 693 artes
1516 637 1758 690 animum
1802 642 1956 689 tuum
1999 633 2074 689 si-

506 733 800 806 gniﬁcant;
833 739 994 802 atque
1016 731 1118 786 hcc
1145 739 1298 786 tanto
1324 730 1548 800 majoris
1582 745 1611 782 a
1641 745 1726 784 me
1757 728 1836 793 lit,
1869 735 2074 798 quanto

506 841 574 881 ex
621 825 1053 880 clarissimorum
1082 822 1331 880 ‘i‘ratrum
1376 831 1689 878 nostrorum
1737 823 1908 886 obitu,
1965 821 2072 876 fre-

507 917 1034 990 ‘quentioribus'vitx
1057 917 1220 987 hujus
1249 917 1480 988 negotiis
1509 915 1817 986 implicatus
1845 915 2068 969 teneris.

504 1011 584 1065 Ac
619 1010 685 1066 de
717 1010 928 1065 caeteris
953 1007 1172 1080 quidem
1204 1007 1352 1078 quid
1396 1009 1623 1063 sentiam
1659 1015 1848 1078 ponea
1887 1005 2069 1061 decla-

501 1103 669 1160 rabo;
697 1117 844 1156 nunc
870 1101 936 1156 de
964 1101 1030 1154 iis
1053 1112 1172 1170 qua:
1194 1099 1247 1154 in
1279 1097 1641 1154 Plia'nomem's
1665 1097 1877 1168 prodita
1908 1104 2072 1152 suunt

496 1193 577 1247 ab
608 1191 795 1258 Arato,
839 1189 1051 1244 institui
1072 1190 1151 1244 .ad
1190 1197 1243 1244 te
1273 1190 1533 1254 scribere,
1567 1200 1625 1244 ut
1658 1189 1908 1244 universe
1940 1187 2070 1259 quid

506 1291 652 1338 recte
685 1291 778 1336 aut
820 1295 981 1338 secus
1026 1282 1082 1336 in
1123 1281 1232 1337 illis
1270 1281 1530 1352 scriptum
1571 1281 1642 1334 s'it
1689 1281 1967 1350 aperiam:
2003 1296 2066 1335 ex

495 1374 704 1446 quibus
752 1389 876 1427 cum
929 1371 1216 1444 perspicua
1267 1371 1366 1426 tibi
1409 1380 1571 1426 erunt
1610 1373 1814 1434 omnia,
1849 1381 1962 1426 tum
2003 1385 2069 1427 ea

497 1466 758 1531 maxime,
790 1477 910 1537 qua:
950 1465 1004 1519 in
1036 1473 1127 1518 tua
1172 1466 1577 1536 percontatione
1606 1464 1858 1536 posuiSti.

573 1563 750 1628 Atque
782 1557 933 1610 Arati
977 1557 1194 1627 quidem
1230 1555 1580 1610 Phwnomena
1632 1571 1753 1612 cum
1800 1555 1890 1610 alii
1921 1567 2070 1609 com-

494 1653 687 1724 plures
720 1649 1057 1722 interpretati
1087 1656 1214 1705 sunt
1245 1668 1257 1703 :
1302 1657 1416 1702 tum
1473 1649 1564 1704 ille
1599 1649 1735 1718 ipse,
1780 1648 1874 1718 qui
1910 1655 2068 1703 aetate

502 1749 690 1799 nostra
718 1742 870 1808 vixit,
896 1740 1313 1795 mathematicus
1341 1741 1584 1794 omnium
1608 1740 1822 1795 videtur
1847 1755 2069 1796 accura-

495 1833 713 1889 tissime
739 1831 1260 1902 diligentissimeque
1293 1829 1603 1900 scripsisse.
1627 1828 1830 1884 Verum
1869 1831 2070 1884 carmi-

502 1941 632 1979 num
661 1925 820 1980 istius
857 1931 1025 1994 poetze
1053 1923 1352 1978 sententias
1398 1922 1695 1993 explicare,
1731 1937 1817 1977 res
1845 1933 1930 1977 est
1957 1937 2067 1977 non

493 2031 716 2089 magna,
752 2031 872 2071 meo
902 2015 1116 2086 quidem
1139 2014 1368 2085 judicio,
1403 2029 1534 2068 cura
1564 2020 1617 2069 et
1655 2015 1953 2068 attentione
1982 2014 2067 2067 di-

492 2125 625 2180 ‘gna.
658 2109 752 2164 Est
778 2109 921 2163 enim
945 2108 1172 2178 simplex
1223 2115 1276 2163 et
1309 2107 1566 2162 concisus
1598 2106 1687 2160 hic
1723 2114 1879 2176 poeta
1906 2123 1919 2158 :
1950 2115 2064 2161 tum

491 2203 585 2258 Vel
629 2201 886 2256 mediocri
929 2216 1110 2255 rerum
1163 2199 1516 2268 intelligentia
1557 2198 1797 2268 praeditis
1843 2199 2064 2270 cognitu

498 2295 678 2350 facilis
714 2313 730 2349 :
771 2309 894 2364 qua:
941 2303 1120 2347 autem
1169 2292 1486 2346 cmlestibus
1527 2290 1595 2345 de
1647 2291 1810 2346 rebus
1853 2291 1921 2346 ab
1971 2293 2063 2347 illo

496 2385 700 2456 scripta
732 2393 882 2448 sunt,
929 2383 1110 2437 animo
1144 2399 1356 2454 capere,
1393 2398 1456 2438 ac
1509 2385 1640 2455 quid
1688 2384 2062 2454 apparentium

485 2489 676 2538 'rerum
721 2475 1108 2547 experimentis
1155 2482 1550 2542 consentanea,
1609 2477 1737 2547 quid
1790 2477 2063 2534 contrarie

486 2568 699 2624 dictum
730 2569 821 2632 sit,
853 2583 1190 2638 agnoscere;
1221 2568 1323 2623 hoc
1349 2577 1402 2622 et
1428 2568 1585 2639 longe
1622 2569 1864 2624 omnium
1891 2570 2064 2627 utilis-

484 2659 715 2722 simum,
750 2669 804 2714 et
852 2657 1125 2728 imprimis
1163 2658 1541 2713 mathematica
1571 2657 1801 2714 scientia
1839 2660 2059 2732 dignum

494 2753 726 2809 videtur.
768 2749 1131 2816 Quamobrem
1177 2765 1298 2806 cum
1338 2749 1393 2804 in
1433 2751 1728 2822 plerisque,
1773 2759 1827 2806 et
1871 2753 2061 2824 praeci-

489 2847 621 2918 puis
651 2847 875 2900 Aratum
916 2859 1195 2900 cernerem
1237 2843 1305 2898 ab
1337 2845 1724 2914 apparentibus
1754 2843 2060 2914 cujusmodi

490 2940 673 3011 reipsa
700 2940 1022 3008 contingunt
1050 2936 1307 2990 aberrare
1333 2955 1346 2990 :
1377 2946 1430 2991 et
1462 2940 1514 2990 in
1544 2936 1732 2992 iisdem
1779 2953 1916 3008 pene
1943 2953 2060 2992 om-

2174 562 2278 598 νων
2300 549 2492 610 ενταῖς
2519 546 2898 610 συνανατολατς
2925 545 3259 616 ἱκανωτέραν
3284 544 3527 614 ὲνέφαινέ
3551 564 3641 617 μοι
3660 565 3745 615 φιο

2173 637 2480 708 λοτεχνίανο
2502 639 2595 692 καὶ
2623 637 2801 708 πολλῷ
2820 655 2882 707 γε
2913 637 3131 710 μᾶλλον,
3151 638 3261 708 ὅσῳ
3288 637 3665 700 πεπλεόνακας
3689 640 3745 690 ὲν

2171 731 2290 792 ταῖς
2319 727 2596 799 βιωτικαῖς
2633 729 2907 800 ἀσχολίαις
2935 728 3022 782 διὰ
3051 729 3148 800 τὴν
3170 728 3278 782 τῶν
3301 728 3744 798 ἀξιολογωτάτων

2172 819 2416 890 ἀδελφῶν
2460 821 2617 892 ⁴ἡμῶν
2646 821 2922 892 τελευτήν.
2974 821 3110 892 Περὶ
3158 820 3256 891 μὲν
3288 815 3382 872 οὖν
3413 818 3524 871 τῶν
3568 817 3743 872 ἄλλων

2174 913 2312 984 μετὰ
2336 913 2508 967 ταῦτά
2533 930 2614 966 σοι
2643 913 2739 984 τὴν
2772 912 2906 966 ἰδίαν
2927 912 3106 984 κρίσιν
3129 912 3446 982 διασαφήσω
3465 927 3479 940 ·
3515 912 3644 981 περὶ
3683 910 3739 963 δὲ

2169 1005 2278 1059 τῶν
2300 1006 2405 1059 ὑπὸ
2439 1004 2664 1077 ’Δράτου
2693 1004 2999 1075 λεγομένων
3019 1006 3075 1058 ἐν
3097 1007 3206 1068 τοῖς
3228 1001 3612 1072 Φαινομένοις
3648 1001 3738 1054 νῦν

2167 1097 2528 1169 προτεθειμαί
2569 1115 2649 1151 σοι
2705 1098 2947 1169 γράψαι,
3001 1098 3109 1151 πᾶν
3159 1095 3384 1150 καθόλου
3448 1095 3512 1148 τὸ
3558 1095 3736 1160 καλῶς

2168 1192 2202 1264 ἢ
2261 1192 2446 1256 κακῶς
2501 1191 2790 1262 λεγόμενον
2862 1192 3044 1256 αύτοίς
3089 1190 3486 1245 ὑποδεικνύωνο
3543 1190 3605 1254 ἐξ
3662 1183 3734 1244 ὧν

2164 1284 2320 1338 ἔσται
2353 1301 2436 1339 σοι
2465 1285 2673 1357 φανερὰ
2707 1286 2903 1353 πάντα,
2933 1287 3029 1340 καὶ
3063 1285 3131 1339 τὰ
3171 1283 3322 1356 παρά
3352 1283 3445 1338 σού
3475 1283 3734 1355 διαπορη-

2167 1375 2350 1432 θέντα.

2239 1561 2472 1631 Ζήτησιν
2496 1547 2538 1589 ‘7
2567 1556 2664 1630 μὲν
2679 1541 2771 1612 οὗν
2798 1555 2906 1610 τῶν
2946 1551 3171 1628 Ἀράτου
3204 1545 3604 1625 Φαινομένων,
3642 1553 3733 1610 καὶ

2159 1652 2313 1706 Ελλοι
2344 1651 2563 1715 πλέονες
2595 1651 3012 1724 συντετάχασινδ
3059 1651 3459 1728 ἐπιμελέστατα
3500 1649 3558 1702 δὲ
3590 1649 3734 1702 δοκεῖ

2168 1745 2383 1798 πάντων
2411 1744 2571 1807 αὐτὸς
2612 1743 2656 1775 ’⁵⁸
2689 1745 2717 1797 ό
2749 1743 2871 1796 καθ’
2899 1744 3045 1814 ἡμᾶς
3076 1740 3451 1815 μαθηματικὸς
3480 1730 3571 1793 τὸν
3607 1742 3732 1812 περὶ

2165 1835 2345 1888 αὐτῶν
2369 1833 2697 1905 πεποιῆσθαι
2716 1835 2898 1903 ’λόγον.
2943 1833 3099 1887 Ἀλλὰ
3125 1822 3185 1886 et
3213 1834 3316 1904 μὲν
3359 1832 3728 1903 ἐξηγήσασθαι

2163 1927 2263 1998 τὴν
2285 1928 2342 1980 ὲν
2367 1928 2479 1989 τοῖς
2535 1927 2801 1998 ποιήμασι
2825 1925 3061 1978 διάνοιαν
3091 1925 3150 1976 οὐ
3187 1922 3432 1994 μεγάλης
3475 1923 3728 1994 ἐπιστρο-

2165 2020 2272 2090 φῆς
2305 2017 2646 2090 προσδεῖσθαι
2685 2015 2920 2088 νομίζω’
2953 2016 3153 2080 ἁπλοῦς
3187 2033 3245 2068 τε
3268 2016 3374 2087 γάρ
3418 2015 3512 2067 καὶ
3543 2014 3728 2067 σύντο-

2167 2107 2266 2180 μός
2309 2111 2424 2161 ἐστι
2455 2110 2712 2180 ποιητής“·
2763 2107 2930 2160 ἔτιδὲ
2979 2107 3152 2179 σαφὴς
3195 2109 3308 2171 τοῖς
3352 2107 3445 2160 καὶ
3491 2106 3726 2176 μετρίως

2163 2199 2697 2272 παρηκολουθηκόσιο
2735 2200 2796 2252 τὸ
2825 2199 2880 2253 δὲ
2912 2201 3146 2252 συνεῖναι
3187 2198 3257 2251 τὰ
3289 2198 3558 2267 λεγόμενα
3599 2197 3726 2269 περὶ

2160 2291 2268 2344 τῶν
2318 2291 2581 2363 οὐρανίων
2635 2292 2724 2345 ὑπ’
2769 2290 2951 2357 αὐτοῦ,
2999 2291 3119 2344 τίνα
3160 2307 3218 2342 τε
3280 2289 3584 2361 συμφώνως
3617 2293 3726 2352 τοῖς

2160 2385 2502 2455 φαινομένοις
2524 2384 2950 2457 ἀναγέγραπται,
2983 2384 3076 2438 καὶ
3097 2374 3214 2437 τίνα
3248 2382 3722 2454 διημαρτημὲνως,

2159 2476 2302 2531 τοῦτ’
2327 2475 2744 2549 ὠφελιμώτατον
2776 2478 3022 2549 ἡγήσαιτ’
3054 2477 3117 2531 ἄν
3152 2493 3253 2541 τις,
3290 2476 3382 2529 καί
3412 2475 3722 2546 μαθηματι-

2160 2569 2260 2640 κῆς
2311 2569 2440 2623 ἴδιον
2480 2569 2788 2642 ἐμπειρίας.
2823 2567 3053 2640 Θεωρῶν
3085 2568 3129 2621 δ’
3173 2564 3268 2621 οὖν
3308 2570 3418 2630 τοῖς
3452 2567 3723 2628 πλείστοις

2159 2660 2252 2713 καί⁹
2290 2661 2723 2732 χρησιμωτάτοις
2761 2658 3129 2731 διαφωνοῦντα
3172 2659 3264 2712 τὸν
3300 2660 3538 2730 ’Ἄρατον
3591 2657 3723 2731 πρὸς

2159 2751 2226 2806 τὰ
2253 2754 2570 2824 φαινόμενα,
2615 2753 2708 2807 καὶ
2733 2753 2989 2825 γινόμενα
3033 2753 3172 2807 κατά
3212 2752 3487 2822 ἀλήθειαν,
3515 2753 3724 2814 τούτοις

2158 2843 2214 2897 δὲ
2244 2843 2414 2899 ἅπασι
2447 2843 2630 2915 σχεδὸν
2658 2845 2716 2897 ού
2755 2846 2913 2916 μόνον
2941 2846 3067 2909 τοὺς
3093 2845 3303 2909 ἄλλους,
3345 2843 3480 2898 ἀλλά
3509 2843 3604 2896 καὶ
3635 2842 3724 2895 τὸν

2163 2938 2424 2992 ’Ἄτταλον
2457 2937 2989 3010 συνεπιγραφόμενον
3010 2955 3023 2968 ·
3059 2938 3248 3009 ἔκρινα
3277 2935 3378 3005 τῆς
3421 2935 3519 3005 σῆς
3561 2934 3726 2987 ἕνεκα

495 3033 656 3089 nibus
690 3031 966 3086 erroribus
997 3043 1108 3084 non
1141 3027 1317 3084 solum
1351 3027 1613 3097 reliquos,
1650 3029 1744 3084 sed
1778 3030 1943 3084 etiam
1967 3029 2053 3085 At»

2159 3030 2480 3102 φιλομαθίας
2514 3029 2732 3100 καὶτῆς
2775 3030 2960 3100 κοινῆς
2993 3027 3255 3098 ὠφελείας
3299 3025 3612 3096 ἀναγράψαι
3659 3024 3722 3079 τὰ

492 3127 660 3182 talum
692 3125 868 3195 ipsum
898 3138 1020 3178 esse
1044 3130 1340 3184 versatum,
1372 3119 1547 3174 visum
1593 3119 1726 3174 mihi
1769 3128 1874 3184 est,
1905 3130 1964 3176 ut
2002 3131 2056 3179 et

491 3215 673 3272 studio
701 3201 826 3284 erga
858 3214 1068 3268 litteras
1100 3220 1215 3277 tuo,
1243 3218 1297 3266 et
1339 3208 1615 3265 communi
1659 3211 1878 3266 utilitati
1923 3228 2054 3268 Cott-

488 3307 754 3369 sulerem,
787 3318 851 3359 ea
881 3302 1138 3358 mandare
1168 3302 1297 3356 huic
1320 3303 1477 3368 libro,
1505 3301 1559 3356 in
1592 3304 1790 3372 quibus
1813 3313 2052 3360 erratum

491 3397 560 3450 ab
584 3395 692 3451 illis
719 3409 841 3450 esse
867 3394 1134 3466 perspexi.
1170 3392 1325 3460 Quod
1352 3392 1589 3464 98non
1623 3409 1686 3449 eo
1713 3395 1974 3467 suscipio,
1993 3404 2053 3450 ut

489 3502 559 3544 ex
587 3487 819 3543 aliorum
845 3485 1270 3557 reprehensione
1291 3485 1467 3540 inanis
1480 3485 1761 3552 cujusdam
1779 3487 2052 3557 opinionis

490 3580 728 3635 fructum
761 3578 1044 3648 colligam;
1074 3576 1129 3632 id
1150 3579 1294 3633 enim
1317 3590 1537 3642 vanum,
1562 3585 1617 3633 et
1643 3579 1904 3635 illiberale
1929 3594 2052 3636 esse

489 3669 706 3742 judico;
753 3669 862 3724 imo
898 3684 1025 3724 vero
1064 3669 1131 3722 iis
1169 3668 1424 3723 omnibus
1468 3683 1499 3724 e
1535 3671 1810 3724 contrario
1849 3673 2049 3741 gratias

488 3760 767 3818 habendas
815 3775 1036 3826 censeo,
1063 3759 1175 3831 {qui
1222 3759 1529 3816 communis
1574 3762 1826 3818 utilitatis
1877 3765 2049 3835 gratia

485 3851 740 3925 privatim
773 3851 1052 3906 elaborare
1081 3851 1404 3918 voluerunt;
1433 3849 1527 3907 sed
1555 3859 1613 3906 ut
1639 3868 1814 3924 neque
1844 3863 1922 3920 tu,
1956 3872 2050 3911 ne

486 3959 594 4015 que
633 3942 861 4000 studiosi
904 3942 1082 3997 cmteri
1135 3943 1191 3998 in
1239 3942 1542 3998 cmlestium
1593 3946 2048 4016 contemplatione

486 4051 669 4092 rerum
697 4049 728 4090 a
758 4035 985 4090 veritate
1012 4035 1225 4106 longius
1262 4035 1633 4104 abhorreatls;
1665 4037 1812 4109 quod
1851 4041 2046 4096 merito

485 4125 756 4197 plerisque
797 4125 1015 4180 accidit.
1048 4124 1184 4179 Nam
1224 4125 1470 4194 poeticus
1511 4127 1663 4198 lepor
1692 4128 1781 4197 iis,
1810 4145 1930 4200 quae
1959 4132 2046 4186 di-

485 4225 704 4282 cnntur,
739 4215 922 4271 nescio
951 4230 1112 4284 quam
1169 4213 1328 4269 [idem
1361 4225 1416 4270 et
1443 4217 1824 4274 auctoritatem
1858 4222 2046 4276 conci-

484 4308 607 4370 liat;
634 4323 698 4362 ac
723 4306 1110 4378 propemodum
1131 4304 1339 4368 omnes,
1368 4306 1460 4376 qui
1486 4313 1702 4378 poetam
1727 4309 1870 4364 hunc
1892 4325 2045 4367 eom-

2158 3121 2417 3177 δοκοῦντά
2442 3138 2533 3192 μοι
2584 3122 3006 3194 διημαρτῆσοαι.
3042 3119 3210 3173 Τοῦτο
3241 3119 3297 3173 δὲ
3331 3118 3554 3188 ποιῆσαι
3594 3133 3724 3188 προ-

2157 3214 2358 3287 εθέμην
2389 3214 2488 3268 οὐκ
2518 3217 2582 3268 ὲκ
2623 3214 2715 3270 τοῦ
2761 3216 2886 3278 τοὺς
2930 3213 3120 3278 ἄλλους
3166 3212 3406 3282 ἐλέγχειν
3426 3212 3723 3281 φαντασίαν

2157 3303 2560 3374 ἀπενέγκασθαι
2592 3303 3014 3376 προαιρούμενος
3038 3319 3049 3329 ·
3081 3301 3233 3356 κενὸν
3263 3301 3370 3372 γὰρ
3401 3300 3496 3353 καὶ
3530 3300 3723 3372 μικρό-

2155 3393 2324 3466 ψυχον
2355 3395 2664 3459 παντελῶς·
2717 3394 3024 3449 τούναντίον
3072 3394 3130 3447 δὲ
3181 3393 3290 3446 δεῖν
3320 3393 3500 3463 οῐομαι
3561 3394 3724 3445 πᾶσιν

2154 3491 2303 3560 ἡμᾶς
2330 3489 2689 3561 εὐχαριστεῖν,
2724 3488 2838 3540 ὅσοι
2873 3487 2970 3556 τῆς
3000 3486 3184 3556 κοινῆς
3229 3486 3412 3538 ἕνεκεν
3454 3483 3725 3553 ὡφελείας

2157 3579 2262 3633 ἴδια
2296 3580 2340 3610 ⁸⁸
2371 3579 2552 3634 πονεῖν
2587 3577 2966 3648 ἀναδεχόμεναι
2994 3575 3350 3645 τυγχάνουσιν
3370 3590 3382 3602 ·
3412 3573 3526 3626 ἀλλ’
3561 3572 3723 3626 ἓνεκα

2153 3673 2246 3726 τοῦ
2279 3674 2411 3744 μήτε
2439 3672 2520 3737 σὲ,
2553 3675 2689 3743 μήτε
2719 3671 2844 3733 τοὺς
2873 3670 3090 3731 λοιποὺς
3118 3667 3224 3720 τῶν
3248 3666 3564 3736 φιλομαθῶν
3592 3668 3723 3720 ἀπο-ο

2153 3764 2454 3819 πλανᾶσθαι
2483 3764 2582 3836 τῆς
2615 3763 2742 3834 περὶ
2771 3761 2839 3816 τὰ
2880 3761 3178 3832 φαινόμενα
3211 3760 3352 3813 κατὰ
3393 3753 3486 3810 τὸν
3519 3758 3720 3828 κόσμον

2153 3856 2417 3929 θεωρίαςο
2465 3857 2603 3928 ὅπερ
2631 3854 2864 3924 εὐλόγως
2901 3854 3084 3907 πολλοὶ
3114 3851 3465 3906 πεπόνθασιν.
3506 3851 3572 3903 Ἦ
3613 3851 3721 3923 γὰρ

2150 3948 2257 4003 τῶν
2293 3948 2612 4020 ποιημάτων
2639 3947 2798 4019 χάρις
2827 3947 3164 4012 ἀξιοπιστίαν
3200 3945 3321 3999 τινὰ
3352 3947 3465 4008 τοῖς
3491 3943 3720 4014 λεγομέι

2150 4057 2262 4103 νοις
2287 4038 2631 4112 περιτίθησι·
2679 4041 2774 4094 καὶ
2820 4040 3018 4102 πάντες
3063 4039 3248 4110 σχεδὸν
3286 4037 3338 4090 oi
3370 4037 3459 4089 τὸν
3490 4038 3717 4107 ποιητὴν

2150 4131 2335 4186 τοῦτον
2381 4131 2731 4204 ἐξηγούμενοι
2767 4130 3142 4202 προστίθενται
3171 4133 3282 4193 τοῖς
3312 4129 3404 4182 ὑπ’
3433 4127 3596 4181 αὐτοῦ
3623 4127 3711 4178 λεί

2150 4223 2418 4294 γομένοις.
2477 4223 2894 4294 Ἐμπειρότερον
2931 4222 2988 4276 δὲ
3028 4221 3254 4286 Εὔδοξος
3301 4221 3400 4292 τὴν
3436 4217 3596 4287 αὐτὴν
3627 4215 3703 4288 τῷ

2161 4315 2370 4388 Ἀράτῳ
2416 4316 2543 4386 περὶ
2585 4314 2692 4368 τῶν
2724 4313 3060 4385 φαινομένων
3103 4311 3352 4378 σύνταξιν
3400 4308 3695 4380 ἀναγέγρα-

484 4396 765 4453 mentariis
815 4396 932 4452 suis
976 4395 1336 4459 illustrarunt,
1385 4394 1453 4450 iis
1506 4412 1626 4466 quae
1683 4398 1752 4454 ab
1800 4414 1868 4456 eo
1914 4415 2044 4460 sunt

2156 4423 2263 4477 pev.
2293 4406 2540 4477 Εὺλόγως
2560 4403 2652 4468 οὖν
2680 4408 2774 4461 καὶ
2796 4408 2860 4460 ὲκ
2885 4406 2984 4477 τῆς
3028 4406 3136 4460 τῶν
3159 4403 3428 4458 τοσούτων
3463 4402 3554 4456 καὶ
3603 4416 3702 4473 τη·-

552 4572 596 4607 u
633 4571 672 4628 θ’,
695 4571 972 4643 ἐξήγησιν.
1048 4569 1095 4602 ⁸⁸
1121 4569 1162 4639 f.
1200 4567 1477 4632 Ἄτταλος.
1525 4569 1599 4646 ,⁸⁸
1633 4570 1674 4642 f.
1710 4566 1835 4642 ίδίᾳξ.

481 4751 677 4808 ηοωίω
699 4758 867 4806 totam
887 4766 1005 4807 eam
1029 4760 1234 4823 partem
1256 4749 1472 4806 duobus
1495 4750 1653 4807 libris
1683 4751 2038 4823 comprehena

480 4823 655 4880 derat.
695 4823 898 4876 Aratus
925 4820 1054 4877 vero
1084 4820 1295 4890 poetico
1352 4823 1536 4891 lepore
1587 4820 1863 4877 conditam
1907 4838 2034 4879 cum

479 4893 674 4950 iisdem
690 4892 836 4948 vitiis
867 4892 1224 4960 periculosius
1255 4892 1416 4947 etiam
1470 4891 1536 4945 ad
1562 4901 1812 4962 posteros
1859 4901 2041 4948 trans-

485 4964 736 5018 miserat.
769 4963 1036 5032 _Accessit
1057 4969 1110 5016 et
1141 4963 1334 5017 tertius
1365 4961 1851 5032 Aratei’poematis
1875 4964 2038 5020 inter-

520 5048 627 5097 res,
651 5032 744 5103 qui
768 5029 1080 5104 Hipparchi,
1113 5039 1172 5085 ut
1206 5032 1420 5104 opinor,
1453 5029 1673 5096 saeculo,
1718 5034 1880 5104 paulo
1909 5040 2034 5089 ante

505 5101 683 5172 psum;
717 5102 1141 5172 commentarios,
1165 5101 1416 5156 ad'illum
1455 5101 1736 5157 auctorem
1790 5105 2032 5172 scripse-

479 5170 587 5243 rat,
610 5170 825 5243 Attalus
863 5171 1285 5243 grammaticus.
1317 5172 1521 5227 Contra
1574 5174 1674 5228 hos
1727 5180 1840 5243 tres
1895 5170 2032 5243 opus

482 5239 1005 5312 istudelucubr’avit
1037 5239 1398 5312 Hipparchus,
1429 5255 1494 5295 ac
1534 5249 1706 5297 totum
1752 5239 2032 5298 distribuit

479 5310 537 5365 in
585 5310 754 5383 libros
799 5319 930 5366 tres.
981 5309 1196 5383 Primus
1247 5312 1403 5366 initio
1454 5313 1781 5367 testimoniis
1825 5314 2032 5383 aliquot

481 5380 736 5448 ostendit,
754 5383 973 5438 Aratum
987 5381 1056 5436 ab
1075 5381 1293 5436 Eudoxo
1304 5390 1488 5452 mutuo
1499 5383 1679 5437 omnia
1695 5380 2027 5452 sumpsisse;

480 5452 560 5524 sic
595 5459 652 5505 ut
683 5455 738 5524 in
781 5453 965 5508 multis
991 5450 1364 5524 tantummodo
1402 5452 1792 5522 paraphrasten
1823 5450 2026 5524 egerit.

476 5519 608 5576 Post
629 5523 910 5577 amborum
956 5528 1132 5576 errata
1167 5529 1320 5592 notat
1348 5519 1419 5576 in
1439 5519 1614 5578 stellis
1642 5539 1737 5592 per
1781 5519 1923 5587 sese,
1974 5531 2029 5578 et

475 5606 663 5664 earum
692 5595 820 5654 situ,
845 5593 930 5646 vel
948 5591 1336 5662 descriptione,
1400 5607 1502 5648 nec
1534 5591 1649 5647 non
1687 5593 1876 5657 Attali,
1927 5594 2026 5664 qui

476 5663 762 5732 utriusque
785 5663 1009 5732 vestigia
1041 5672 1362 5734 persecutus
1391 5671 1500 5729 est,
1560 5663 1791 5720 maxime
1840 5663 2023 5720 autem

2133 4752 2192 4808 ln
2236 4748 2573 4809 delineandis
2596 4753 2888 4824 parallelis,
2917 4752 3148 4824 aliisque
3173 4752 3399 4812 circulis
3429 4755 3720 4813 aberrasse

2138 4824 2414 4879 convincit
2433 4839 2648 4878 omnes.

2210 4891 2494 4968 Secundus
2518 4895 2656 4950 liber
2683 4892 2935 4948 bifariam
2985 4903 3168 4968 sectus
3199 4899 3304 4948 est.
3341 4893 3527 4950 Prima
3587 4912 3713 4968 pars

2136 4964 2301 5018 trium
2333 4964 2549 5035 illorum
2598 4966 3102 5035 peccataeastigat
3152 4964 3208 5018 in
3253 4972 3531 5020 astrorum
3583 4964 3710 5021 ὀννο

2135 5035 2438 5098 ανατολαῖς,
2465 5033 2560 5087 καὶ
2591 5032 3044 5101 συγκαταδύσεσιζ
3073 5049 3214 5105 quos
3232 5046 3470 5100 coortus,
3495 5048 3550 5091 et
3561 5055 3709 5092 coac-

2133 5121 2288 5178 casus
2309 5105 2582 5178 appellare
2611 5105 2775 5178 licet;
2825 5104 3102 5174 posterior
3159 5105 3227 5159 de
3259 5106 3610 5178 iisdemiagit
3638 5123 3703 5162 ex

2132 5175 2211 5229 rei
2242 5177 2488 5237 veritate,
2509 5187 2563 5228 et
2595 5174 2852 5243 opinione
2875 5189 2976 5228 sua
3015 5177 3332 5231 constitutis
3373 5177 3429 5230 in
3465 5174 3701 5234 boreali-

2132 5244 2236 5299 bus
2267 5243 2588 5300 asterismis.

2201 5313 2418 5369 Tertius
2448 5311 2767 5368 australium
2825 5314 3234 5370 asterismorum
3272 5324 3429 5372 ortus
3459 5324 3515 5372 et
3547 5333 3699 5373 occa-

2131 5399 2227 5455 sus
2260 5384 2526 5454 explicat;
2563 5383 2756 5437 deinde
2775 5383 3063 5440 duodecim
3096 5387 3394 5455 imaginum
3421 5396 3576 5443 ortus
3611 5389 3694 5442 iti—

2130 5453 2250 5507 dem
2288 5453 2344 5530 et
2361 5467 2591 5530 occasus
2611 5471 2626 5518 ;
2649 5461 2931 5530 postremo
2959 5456 3026 5511 de
3053 5453 3352 5511 intervallis
3375 5461 3691 5530 asterismo-

2129 5523 2514 5603 rum_disserit_,
2569 5525 2769 5592 quibus
2820 5525 3080 5584 horarum
3127 5534 3364 5600 quatuor
3391 5537 3450 5586 et
3473 5523 3684 5603 _viginti

2129 5595 2304 5667 spatia
2330 5594 2689 5664 complentur.
3143 5594 3163 5600 ’
3473 5595 3495 5605 ⁵
