4040 6206
323 296 346 350 1
357 296 458 352 005

1287 283 1649 350 HIPPARCHI
1687 293 1776 348 AD
1813 283 2256 348 Pil£NOMENA
2276 289 2403 348 LIB.
2443 291 2483 347 ι.

3392 302 3532 366 1006

319 410 582 468 λικούτων
629 401 1018 482 μαθηματικῶν
1071 410 1385 480 συμφωνίας
1463 408 1768 475 ἀξιόπιστος
1841 410 1871 480 ή

1979 407 2120 462 dicta
2157 407 2522 462 consentiunt.
2557 404 2814 463 Eudoxus
2846 417 3025 465 autem
3054 409 3121 465 ad
3158 413 3423 480 eamdem,
3475 420 3528 474 in

320 505 536 575 ποίησις
583 500 744 555 αὐτοῦ
785 500 1218 573 διαλαμϐάνεται.
1277 501 1528 570 Καίτοιγε
1572 499 1664 554 τοῦ
1716 501 1875 572 Ἀρά-

315 615 411 652 του
451 596 548 667 μὲν
606 594 735 658 ἴσως
785 594 885 647 οὐκ
934 593 1080 660 ἀξιον
1128 592 1484 662 ἐφάπτεσθαι,
1529 591 1620 644 καὶ
1667 589 1762 643 ἐὰν
1817 589 1875 643 έν

316 703 426 740 τισι
460 683 762 738 διαπίπτων
805 685 1041 754 τυγχάνῃ
1064 699 1078 714 ο
1116 684 1181 753 τῇ
1223 681 1330 753 γάρ
1371 680 1596 744 Εὐδόξου
1627 679 1873 744 συντάξει

319 779 792 850 κατακολουθήσας
835 777 905 830 τὰ
959 773 1251 847 φαινόμενα
1291 775 1598 846 γέγραφενο
1645 773 1760 828 ἀλλ’
1812 773 1874 826 οὐ

317 871 564 932 κατιδίαν
630 869 1057 941 παρατηρήσας,
1128 869 1161 939 ἢ
1235 864 1617 937 μαθηματικὴν
1694 864 1874 937 κρίσιν

316 959 798 1030 ἐπαγγελλομένων
847 961 904 1012 ὲν
961 959 1072 1021 τοῖς
1131 955 1398 1026 οὐρανίοις
1454 954 1872 1026 προσφέρεσθαι,

316 1055 413 1108 καὶ
440 1051 913 1122 διαμαρτανόντων
939 1048 1047 1102 τῶν
1067 1048 1124 1101 ὲν
1146 1047 1327 1110 αὐτοῖς
1352 1041 1419 1101 ⁸⁸.

1975 513 2137 568 quam
2179 502 2377 554 Aratus
2415 498 2691 565 incubuit,
2738 503 3111 572 apparentium
3151 508 3529 565 tractationem

1975 590 2147 643 multo
2175 589 2434 658 majorem
2476 605 2634 645 usum
2676 606 2739 646 ac
2778 593 3027 662 peritiam
3068 597 3318 652 contulit.
3359 597 3533 657 Habet

1975 680 2141 750 igitur
2167 697 2232 736 ex
2259 687 2340 735 tot
2367 689 2751 754 tantorumque
2783 685 3289 743 mathematicorum
3336 691 3533 746 suﬂ‘ra-

1976 773 2063 844 gio
2092 774 2337 830 veritatis
2382 775 2692 844 opinionem
2743 792 2880 848 opus
2910 779 3041 835 illud
3079 781 3370 850 poeticum.
3425 780 3534 838 Sel

1978 881 2085 920 non
2113 876 2196 922 est
2221 866 2470 933 fortasse,
2501 868 2646 939 quod
2684 870 2906 926 Aratum
2945 887 3284 940 accusemus,
3325 876 3370 930 si
3403 875 3530 946 quid

1977 959 2028 1013 ei
2084 961 2287 1016 erroris
2329 961 2566 1016 oblatum
2611 964 2717 1029 sit;
2759 965 2954 1036 quippe
2993 967 3084 1036 qui
3132 966 3340 1022 Eudoxi
3382 982 3541 1022 com-

1980 1050 2303 1104 mentarium
2335 1059 2576 1116 secutus,
2618 1068 2727 1108 non
2759 1055 3132 1113 observatione
3165 1057 3382 1128 propria
3426 1057 3536 1112 free

315 1158 429 1216 tus,
503 1150 852 1223 phaenomena
911 1145 1256 1214 conscripsit.
1297 1142 1405 1198 Sed
1466 1137 1546 1196 illi
1596 1141 1776 1212 potius
1838 1144 2195 1213 castigatione
2230 1145 2380 1218 digni
2435 1158 2581 1216 sunt,
2629 1149 2724 1221 qui
2767 1150 3150 1208 matbematico
3202 1153 3420 1225 dignam
3464 1153 3535 1209 de

313 1246 386 1301 iis
423 1241 705 1315 iudicandi
746 1239 995 1312 peritiam
1036 1239 1289 1310 professi,
1337 1238 1392 1293 in
1447 1237 1638 1293 iisdem
1687 1246 1868 1292 tamen
1905 1240 2180 1296 aberrant.

385 1358 566 1430 pr’t;
589 1357 644 1411 δὲ
670 1355 778 1409 τῶν
805 1354 1155 1426 ἠγνοημένων
1184 1355 1241 1407 ὲν
1265 1355 1377 1416 τοῖς
1406 1352 1748 1423 φαινομένοις
1769 1347 1871 1406 ὐπό

2044 1355 2156 1429 Ego
2182 1373 2311 1414 vero
2335 1367 2532 1430 praeter
2558 1356 2765 1416 Eudoxi
2791 1369 2844 1418 et
2868 1361 3018 1416 Arati
3050 1365 3104 1418 et
3136 1361 3255 1433 ejus
3283 1362 3374 1434 qui
3418 1377 3535 1418 m-

311 1470 374 1508 τε
404 1450 632 1517 Εὐδόξου
670 1449 765 1503 καὶ
805 1447 899 1502 τοῦ
945 1449 1193 1520 Ἀράτου,
1228 1448 1321 1502 καὶ
1361 1444 1453 1501 τοῦ
1481 1459 1871 1517 σννεπιγραφο-

1972 1448 2163 1504 borum
2193 1451 2524 1521 apparentiis
2553 1452 2874 1523 astipulator
2907 1452 3085 1516 venit,
3115 1452 3169 1506 in
3220 1451 3532 1522 pbaenome-

316 1545 481 1618 μένου
511 1544 629 1605 ταῖς
656 1541 884 1610 φάσεσιν
911 1539 1110 1604 αὐτῶν,
1140 1538 1498 1608 άναγέγραφά
1535 1554 1615 1592 σοι
1649 1532 1744 1591 καὶ
1772 1538 1871 1602 τὰς

1973 1540 2059 1596 nis
2087 1551 2286 1606 errata,
2321 1541 2547 1597 lixarum
2582 1558 2800 1613 quoque
2844 1542 3122 1598 stellarum
3155 1543 3398 1597 omnium
3436 1558 3530 1598 ve-

313 1634 434 1688 κατ’
495 1629 750 1701 ἀλήθειαν
804 1628 1090 1700 γινομένας
1155 1622 1383 1681 ἑκάστου
1443 1626 1554 1680 τῶν
1622 1625 1871 1680 ἀπλανῶν

1973 1646 2065 1686 ros
2089 1647 2211 1687 cum
2243 1632 2527 1687 duodecim
2557 1633 2787 1689 stellatis
2819 1633 2990 1704 signis
3017 1639 3172 1688 ortus
3194 1647 3535 1704 occasusque

311 1724 525 1795 ἄστρων
558 1723 653 1775 σὺν
682 1721 860 1785 αὐτοῖς
883 1723 992 1784 τοῖς
1024 1713 1536 1792 κατηστερισμένοις
1569 1717 1634 1788 ιβ’
1663 1716 1871 1782 ζωδίοις

1972 1726 2262 1796 perscripsi
2289 1725 2420 1792 tibi;
2456 1732 2537 1792 ut,
2579 1733 2833 1780 accurate
2861 1724 3128 1794 perceptis
3153 1724 3401 1795 singulis,
3428 1739 3535 1780 cte-

312 1813 669 1877 συνανατολάς
700 1813 794 1866 καὶ
823 1805 1244 1881 συγκάταδύσεις
1263 1827 1277 1842 ο
1315 1811 1420 1874 ἴνα,
1450 1808 1869 1879 παρακολουθῶν

1971 1827 2208 1873 terorum
2260 1817 2316 1872 in
2354 1817 2476 1873 istis
2525 1818 2741 1872 decreta
2789 1815 3091 1886 cujusmodi
3143 1816 3252 1872 sint
3300 1816 3530 1886 probare

310 1906 560 1970 ἑκάστοις
583 1904 843 1979 ἀκριϐῶς,
870 1907 964 1958 καὶ
992 1903 1088 1967 τὰς
1109 1902 1217 1957 τῶν
1243 1901 1418 1958 ἄλλων
1449 1903 1705 1956 ἁπάντων
1737 1902 1874 1954 ἀπο-

310 1998 503 2069 φάσεις
532 1999 591 2052 ὲν
618 1993 826 2060 τούτοις
867 1995 1182 2068 δοκιμάζῃς.
1234 1994 1344 2047 Καὶ
1381 1992 1628 2064 διασαφῶ
1662 1992 1762 2064 μὲν
1807 1992 1868 2045 οὐ

314 2092 474 2162 μόνον
499 2090 596 2162 τὴν
625 2087 1002 2158 συνανατολὴν,
1046 2087 1078 2158 ἢ
1124 2085 1518 2155 συγκατάδυσιν
1538 2102 1554 2118 ⁸
1589 2085 1669 2138 ἔτι
1699 2085 1754 2137 δὲ
1780 2084 1872 2137 καὶ

310 2183 454 2246 τινες
485 2181 708 2254 ἀστέρες
739 2176 966 2234 ἑκάστου
1003 2179 1110 2232 τῶν
1161 2178 1372 2249 ἄστρων
1423 2176 1628 2250 πρῶτοί
1672 2193 1730 2229 τε
1780 2175 1872 2228 καὶ

312 2275 527 2346 ἔσχατοι
580 2272 973 2335 ἀνατέλλουσιν,
1017 2271 1050 2342 ἢ
1095 2269 1374 2324 δύνουσιν·
1431 2270 1525 2323 καὶ
1566 2264 1711 2332 τίνες
1762 2268 1871 2322 τῶν

311 2365 486 2419 ἄλλων
545 2362 788 2434 ἀστέρων
843 2360 1299 2433 μεσουρανοῖωιν·
1356 2359 1586 2414 ἕκαστόν
1648 2375 1709 2413 τε
1761 2359 1871 2412 τῶν

311 2454 567 2509 ἀπλανῶν
617 2454 832 2524 ἄστρων
882 2453 976 2506 σὺν
1023 2453 1202 2515 αὐτοῖς
1248 2454 1360 2517 τοῖς
1417 2451 1484 2523 ιβ’
1541 2450 1749 2516 ζωδίοις
1813 2453 1872 2506 ὲν

313 2547 508 2608 πόσαις
539 2546 876 2616 ίσημεριναῖς
924 2543 1094 2616 ὥραις
1121 2541 1416 2602 ἀνατέλλει,
1454 2541 1486 2613 ἢ
1535 2541 1698 2596 δύνει.
1748 2540 1871 2594 Ἐπὶ

313 2640 448 2692 πᾶσι
505 2636 564 2690 δὲ
616 2634 860 2704 διασαφῶ
909 2635 1002 2688 καὶ
1064 2633 1208 2696 τινες
1270 2633 1496 2704 ἀστέρες
1554 2630 1873 2704 ἀφορίζουσι

312 2731 492 2786 πάντα
539 2729 608 2783 τὰ
653 2728 1058 2797 εἰκοσιτέσσαρα
1103 2725 1299 2797 ὼριαῖα
1341 2725 1697 2796 διαστήματα.
1727 2723 1871 2777 Διότι

313 2823 423 2894 γὰρ
453 2814 914 2874 ἕκαστον’τούτων
947 2817 1202 2871 συντείνει
1242 2817 1376 2887 πρὸς
1421 2814 1589 2869 πολλά
1620 2814 1714 2868 καὶ
1739 2815 1873 2886 χρή-

317 2931 454 2986 σιμα
498 2913 606 2966 τῶν
647 2914 704 2965 ὲν
747 2913 861 2974 τοῖς
897 2910 1177 2980 μαθήμασι
1216 2908 1606 2980 θεωρημάτων,
1645 2906 1874 2961 εὐκατα-

313 3006 502 3078 νόητον
535 2999 671 3057 εἶναι
704 3003 798 3056 καὶ
831 3002 912 3055 σοι
943 3000 1164 3071 νομίζω.

1967 1909 2166 1980 possis.
2195 1908 2382 1980 Neque
2415 1923 2542 1964 vero
2583 1916 2793 1964 tantum
2833 1909 2956 1964 illos
2989 1907 3269 1963 stellarum
3295 1921 3421 1962 cum
3449 1906 3498 1962 si

1969 2001 2090 2072 gnis
2114 2008 2267 2056 ortus
2313 2016 2650 2072 occasusque
2693 2015 3027 2072 persequar:
3074 1999 3172 2056 sed
3215 1999 3378 2055 etiam
3411 2013 3533 2070 qua

1968 2091 2305 2162 singulorum
2332 2093 2742 2162 asterismorum
2771 2093 2940 2150 stella
2961 2092 3169 2162 primae,
3201 2106 3322 2162 quae
3349 2091 3533 2148 novis-

1969 2182 2118 2238 simae
2147 2183 2413 2248 oriantur,
2431 2191 2524 2239 aut
2551 2185 2821 2250 occidant,
2847 2199 3032 2254 quaeve
3056 2183 3284 2238 aliarum
3315 2182 3547 2238 culmen.

1967 2283 2216 2342 teneant;
2268 2281 2382 2329 tum
2436 2291 2772 2346 unaquaeque
2830 2275 3110 2330 stellarum
3175 2275 3531 2329 inerrantiqu

1969 2373 2101 2436 quot
2136 2365 2603 2436 equinoctialibus
2633 2366 2784 2421 horis
2813 2381 2938 2421 cum
2965 2365 3249 2421 duodecim
3285 2364 3420 2435 ipsis
3453 2365 3532 2420 si-

1968 2458 2093 2529 gnis
2134 2467 2311 2512 ortum
2357 2471 2720 2527 occasumque
2764 2456 2948 2511 faciat.
2995 2448 3278 2511 Postremo
3309 2463 3364 2510 et
3399 2453 3533 2510 illud

1968 2562 2256 2619 exponam,
2285 2547 2611 2618 quibusnam
2643 2548 2816 2602 stellis
2845 2548 3056 2618 singula
3087 2546 3275 2616 viginti
3300 2555 3534 2616 quatuor

1968 2639 2187 2695 horaria
2230 2643 2404 2710 spatia
2453 2639 2831 2694 terminentur.
2863 2637 2997 2692 Nam
3030 2639 3222 2691 horum
3255 2639 3533 2707 quodlibet

1971 2728 2039 2783 ad
2061 2729 2258 2784 multas
2285 2739 2338 2784 et
2371 2729 2670 2799 praecipuas
2702 2736 2882 2797 partes
2909 2727 3408 2781 mathematicarum
3439 2743 3530 2782 ar-

1970 2822 2107 2876 tium
2153 2820 2608 2892 opportunitatem
2654 2820 2848 2876 allerre
2891 2832 3186 2879 summam.
3233 2816 3392 2874 facile
3431 2817 3532 2872 tibi

1970 2922 2310 2985 perspectum
2347 2927 2468 2969 esse
2493 2911 2728 2968 confido.

383 3114 459 3169 B'.
500 3114 620 3167 Ὀτι
656 3111 752 3183 μὲν
783 3108 875 3164 οὖν
906 3113 972 3181 τῇ
995 3110 1220 3177 Εὐδόξου
1245 3110 1370 3180 περὶ
1402 3108 1510 3163 τῶν
1535 3107 1871 3180 φαινομένων

2042 3116 2110 3175 ιι.
2141 3116 2365 3172 Aratum
2401 3116 2566 3188 igitur
2608 3114 2820 3171 Eudoxi
2860 3116 2927 3172 de
2972 3114 3342 3187 pbscnomenis
3384 3128 3533 3170 com-

313 3209 600 3280 ἀναγραφῇ
634 3203 1101 3276 κατηκολούθηκεν
1131 3205 1160 3256 ό
1194 3203 1446 3274 Ἄρατος,
1487 3201 1645 3273 μάθοι
1679 3201 1776 3271 μὲν
1805 3200 1871 3254 ἀν

313 3320 398 3366 τις
425 3301 514 3355 διὰ
545 3300 822 3363 πλειόνων,
869 3295 1185 3368 παρατιθεὶς
1227 3297 1338 3358 τοῖς
1382 3295 1673 3365 ποιήμασιν
1706 3291 1869 3346 αὐτοῦ

313 3397 442 3464 περὶ
500 3395 726 3449 ἑκάστου
794 3390 902 3445 τῶν
963 3387 1264 3459 λεγομένων
1321 3386 1420 3449 τάς
1487 3384 1580 3438 τοῦ
1642 3383 1869 3449 Εὐδόξου

313 3489 485 3554 λέξεις
506 3505 520 3519 ⁸
549 3489 649 3542 οὐκ
679 3489 946 3559 ἄχρηστον
977 3483 1034 3536 δὲ
1064 3481 1158 3535 καὶ
1184 3479 1275 3535 νῦν
1303 3478 1370 3532 δι’
1407 3477 1599 3547 ὀλίγων
1625 3477 1872 3548 ὑπομνῆ-

315 3596 428 3644 σαι,
455 3578 543 3631 διὰ
589 3578 650 3630 τὸ
697 3572 1040 3639 διστάζεσθαι
1081 3569 1237 3624 τοῦτο
1282 3568 1433 3640 παρὰ
1473 3570 1585 3632 τοῖς
1634 3567 1867 3630 πολλοῖς.

326 3667 678 3739 Ἀναφέρεται
722 3665 780 3718 δὲ
811 3666 889 3727 είς
922 3663 1012 3717 τὸν
1043 3660 1264 3724 Εὔδοξον
1298 3659 1340 3730 β’
1373 3657 1549 3729 βιϐλία
1591 3657 1718 3729 περὶ
1762 3657 1869 3711 τῶν

315 3757 676 3827 Φαινομένων,
710 3755 973 3827 σύμφωνα
1001 3751 1142 3807 κατά
1169 3751 1344 3805 πάντα
1388 3748 1568 3820 σχεδὸν
1605 3747 1867 3819 ἀλλήλοις,

315 3849 455 3920 πλὴν
501 3848 694 3916 ὀλίγων
726 3846 945 3917 σφόδρα.
978 3846 1052 3898 Τὸ
1087 3845 1185 3915 μὲν
1225 3839 1316 3897 οὖν
1342 3841 1400 3894 ἓν
1431 3841 1608 3895 αὐτῶν
1645 3841 1871 3912 ἐπιγρά-

316 3954 477 4010 φεται
508 3939 856 4004 Ἕνοπτρον,
905 3935 967 3989 τὸ
1004 3934 1061 3988 δὲ
1111 3935 1293 4006 ἕτερον
1345 3934 1696 4002 Φαινόμενα.
1729 3927 1870 4002 Πρός

315 4030 384 4084 τά
427 4031 755 4099 Φαινόμενα
797 4027 852 4081 δὲ
897 4029 996 4100 τήν
1046 4027 1262 4097 ποίησιν
1301 4026 1637 4096 συντέταχεν.
1686 4025 1772 4076 Ἐν
1805 4023 1871 4095 δὴ

316 4119 490 4192 τούτῳ
529 4119 607 4190 τῷ
656 4119 986 4189 συντάγματι
1033 4116 1258 4182 Εὔδοξος
1299 4117 1424 4187 περὶ
1469 4115 1566 4187 μὲν
1603 4113 1698 4168 τοῦ
1732 4114 1872 4185 Δρά-

318 4228 505 4274 κοντος
557 4209 727 4273 οὐτως
777 4210 1006 4281 τράφεν
1055 4227 1074 4260 ι
1112 4207 1326 4274 Μεταξὺ
1373 4207 1429 4260 δὲ
1470 4206 1578 4260 τῶν
1620 4207 1870 4278 ’Λρκτων

317 4303 464 4357 ἐστὶν
507 4304 540 4373 ἡ
586 4301 679 4356 τοῦ
714 4303 926 4371 Ὄφεως
953 4300 1106 4372 οὐρά,
1139 4300 1229 4352 τὸν
1261 4298 1454 4370 μικρὸν
1484 4297 1687 4368 ἀστέρα
1730 4297 1870 4368 ὑπὲρ

315 4394 416 4465 τῆς
444 4393 693 4465 κεφαλῆς
719 4393 912 4465 ἔχουσα
949 4394 1047 4463 τῆς
1079 4393 1315 4464 μεγάλης
1353 4393 1616 4462 Ἀρκτουο
1649 4389 1871 4460 καμπὴν

1970 3211 2296 3266 mentarium
2339 3225 2461 3266 esse
2503 3218 2773 3272 secutum,
2827 3221 2950 3263 cum
2995 3223 3061 3263 ex
3106 3207 3352 3278 pluribus
3396 3221 3531 3262 con-

1970 3310 2119 3358 stare
2154 3309 2348 3371 potest,
2383 3301 2430 3356 si
2460 3301 2585 3371 quis
2623 3315 2747 3355 cum
2784 3299 2931 3356 illius
2975 3314 3138 3370 Opere
3178 3299 3388 3371 poetico
3436 3313 3533 3369 per

1970 3393 2150 3463 capita
2199 3393 2430 3463 singula,
2480 3392 2646 3448 verba
2698 3391 2910 3447 Eudoxi
2962 3389 3213 3447 conferre
3265 3390 3529 3444 voluerit:

1969 3493 2086 3540 tum
2118 3485 2220 3538 hoc
2258 3484 2379 3538 loco
2405 3497 2835 3538 commemorare
2878 3482 3135 3546 breviter,
3170 3480 3313 3535 haud
3343 3481 3534 3536 inutile

1968 3577 2212 3644 videtur;
2241 3577 2384 3647 quod
2415 3592 2477 3631 ea
2499 3591 2589 3632 res
2615 3591 2645 3630 a
2668 3575 2942 3630 nonnullis
2966 3581 3188 3629 vocetur
3211 3574 3264 3628 in
3285 3573 3531 3629 dubium.

1968 3663 2086 3720 Duo
2127 3672 2254 3720 sunt
2304 3665 2372 3720 de
2421 3665 2786 3736 phaenomenis
2824 3665 2967 3731 libri,
3022 3663 3117 3734 qui
3165 3663 3387 3718 Eudoxo
3436 3663 3535 3718 tri-

1969 3756 2243 3824 buuntur;
2277 3771 2413 3827 pene
2445 3757 2501 3811 in
2539 3756 2792 3812 omnibus
2827 3738 3232 3810 conSentienles
3277 3753 3532 3811 invicem.

1970 3857 2170 3921 praeter
2193 3848 2522 3918 paucissima
2551 3846 2816 3917 quaedam.
2841 3843 3046 3898 Horum
3073 3844 3210 3898 alter
3238 3841 3535 3909 inscriptus

1969 3949 2054 3999 est
2085 3940 2399 4011 Speculum,
2433 3939 2590 4005 alter,
2635 3937 3004 3993 Phanomena.
3041 3935 3123 3990 Ad
3161 3934 3307 3989 hunc
3352 3937 3535 4002 poste-

1969 4035 2169 4089 riorem
2209 4049 2346 4103 opus
2387 4047 2547 4088 suum
2590 4030 2788 4085 Aratus
2834 4027 3030 4099 exegit.
3071 4024 3129 4080 In
3161 4025 3264 4080 hoc
3305 4036 3435 4078 vero
3464 4020 3534 4077 do

1970 4124 2216 4180 Dracone
2258 4125 2335 4179 ita
2367 4123 2560 4180 scribit
2601 4120 2896 4176 Eudoxus:
2949 4137 2968 4171 ι
3002 4116 3147 4172 inter
3189 4113 3356 4171 Ursas
3382 4116 3532 4167 'vero

1973 4216 2254 4287 Serpentis
2279 4222 2364 4271 est
2409 4214 2582 4271 cauda
2619 4229 2632 4266 :
2680 4227 2803 4284 quae
2851 4211 2998 4265 illam
3041 4208 3289 4278 exiguam
3318 4203 3533 4261 stellam

1973 4322 2141 4378 supra
2184 4314 2347 4378 caput
2384 4306 2583 4364 attollit
2624 4303 2848 4371 majoris
2891 4300 3072 4368 Ursae;
3108 4297 3304 4354 ﬂexum
3351 4300 3533 4348 autem

1975 4398 2041 4453 ad
2077 4399 2304 4454 minoris
2339 4397 2488 4454 Ursa:
2521 4403 2686 4467 caput
2719 4393 2908 4455 habet;
2935 4403 2989 4448 et
3022 4392 3124 4447 sub
3162 4387 3327 4460 pedes
3355 4383 3532 4455 porri-

316 4462 381 4542 δὲ⁷
400 4462 691 4558 ἔχειήπαρνά
719 4462 815 4557 τήν
847 4462 1089 4557 κεφαλὴν
1112 4484 1208 4556 τῆς
1248 4462 1448 4554 μικρᾶς
1489 4482 1746 4552 Ἀρκτου,
1778 4480 1871 4534 καὶ

1980 4494 2142 4564 gitur,
2170 4492 2242 4547 ibi
2267 4491 2492 4546 alterum
2524 4488 2724 4543 faciens
2753 4487 2985 4551 ﬂexum;
3015 4496 3079 4538 ac
3106 4495 3296 4536 rursus
3321 4477 3532 4546 erigens

317 4580 689 4651 παρατέταται
719 4578 821 4632 ὐπὸ
850 4579 976 4645 τοὺς
1007 4575 1168 4638 πόδας
1187 4591 1200 4604 ·
1241 4574 1432 4644 ἑτέραν
1455 4572 1512 4625 δὲ
1537 4571 1761 4643 καμπὴν
1790 4575 1874 4626 ἐν·

316 4671 490 4725 ταῦοα
513 4669 894 4741 ποιησάμενος,
929 4667 1087 4722 πάλιν
1117 4665 1386 4720 ἀνανεύων
1416 4661 1722 4735 ἔμπροσθεν
1762 4662 1872 4732 ἔχει

301 4729 415 4842 Ξτὴν
446 4729 686 4834 κεφαλήν
710 4729 730 4791 ο.
767 4783 785 4814 ι
882 4729 953 4814 ’δὲ
997 4761 1247 4831 Ἄρατος,
1281 4758 1357 4822 ὼς
1385 4729 1461 4812 ἂν.
1493 4729 1871 4826 παραγράφ-ων

320 4854 505 4919 ταῦτα,
540 4853 704 4925 φησίν
723 4870 738 4886 ·

321 4991 517 5060 Δὺτὰρ
556 4991 642 5060 ὅγ’
674 4989 872 5056 ἀλλην
910 4988 1027 5058 μὲν
1065 4984 1246 5060 νεάτῃ
1285 4983 1632 5060 ἐπιτείνεται
1674 4979 1833 5060 ⁸οὐ,ρῇ
1858 4997 1874 5013 ·

323 5052 563 5128 Ἀλλὴν
584 5052 652 5114 δὲ
689 5052 1345 5128 σπείρῃ’περιτέμνεται.
1390 5053 1452 5106 Ἠ
1481 5052 1595 5128 μέν
1633 5055 1686 5106 al
1722 5052 1872 5128 ᾅκρη

325 5131 486 5200 οὐρὴ
508 5122 649 5200 ’πάρ
996 5122 1263 5194 ’Ἑλίκης
1307 5122 1872 5220 ἀποπαύεταὶλέιέρῖ

322 5269 542 5338 Σπειρη
579 5267 645 5340 δ’,
682 5266 751 5322 ἐν
781 5266 1131 5337 Κυνόσουρα
1168 5265 1318 5334 κάρη
1347 5262 1494 5334 ἔχει.
1541 5261 1612 5318 Ἥ
1631 5189 1868 5340 δὶκῗὲΐ

324 5409 578 5465 Eliciam
608 5405 900 5477 κεφαλὴν,
927 5407 1025 5461 καί
1067 5409 1120 5461 οὶ
1147 5405 1328 5471 ποδὸς
1347 5405 1581 5477 ἔρχεται
1607 5329 1859 5471 ﬂgiti”

336 5479 440 5534 Ἐκ
476 5479 527 5532 δ’
556 5474 723 5544 αὖτίς
752 5480 1116 5546 παλίνορσος
1146 5474 1470 5544 ἀνατρέχει.

394 5664 440 5697 ⁸⁸
463 5662 584 5734 Reg.
614 5661 1068 5736 ἐπαγγελλόμενος
1099 5661 1156 5716 έν
1179 5662 1289 5725 τοῖς
1307 5661 1423 5734 οὐρ.
1457 5675 1614 5729 προσ,
1647 5656 1738 5713 usi.
1773 5651 2152 5728 διαμαρτάνων
2183 5645 2290 5700 τῶν
2313 5645 2372 5698 δν
2402 5644 2490 5698 αὐ.

1980 4602 2122 4652 sese,
2169 4587 2224 4641 in
2272 4583 2544 4640 anteriora
2573 4589 2733 4651 caput
2771 4576 3029 4634 extendit.
3071 4591 3092 4628 ι
3139 4573 3340 4627 Aratus
3369 4581 3533 4639 porro

1977 4676 2126 4739 velut
2149 4674 2252 4729 ista
2277 4673 2614 4737 describens,
2646 4671 2726 4726 sic
2763 4667 3038 4739 loquitur:

1977 4980 2078 5037 Sed
2107 4981 2190 5034 hic
2215 4981 2438 5034 alteram
2469 4977 2675 5048 quidem
2709 4984 2939 5048 extrema
2961 4965 3431 5048 emetitureauda:

1975 5053 2211 5106 Alteram
2241 5067 2357 5104 vero
2382 5038 2528 5117 spira
2569 5041 3064 5117 circumscribiLPi
3092 5038 3300 5112 quidem
3330 5046 3536 5090 summa

1977 5121 2162 5178 Gauda
2190 5120 2257 5174 ad
2285 5111 2441 5189 caput
2474 5118 2681 5173 Helices
2714 5115 2930 5186 quiescit
2973 5111 3143 5168 υηω.

1978 5251 2046 5307 1η
2069 5253 2211 5322 spira
2237 5266 2353 5305 vero
2377 5247 2650 5321 Cynosura
2670 5254 2826 5317 caput
2847 5245 3018 5300 habet.
3043 5239 3172 5297 Hec
3197 5235 3538 5380 augg‘fgca

1978 5393 2207 5467 eralur
2235 5399 2413 5467 caput,
2439 5391 2584 5467 eique
2612 5389 2680 5444 ad
2706 5381 3129 5467 pedemperacnit
3149 5394 3334 5452 usque.

1979 5457 2176 5519 Rursus
2197 5457 2312 5519 vero
2338 5457 2666 5517 retrocedens
2695 5457 2935 5516 recurrit.
