4040 6206
326 331 464 388 {013

1307 337 1671 396 HlPPARCi‘Il
1714 340 1804 394 AD
1843 338 2289 396 PXIENOMENA
2329 341 2455 398 LIB.
2483 343 2525 398 ῐ.

3403 315 3555 416 tota:

322 444 403 512 τῷ
425 443 850 516 ἐπιγραφομένῳ
885 448 1176 519 Ἑνόπτρῳ
1202 451 1293 505 τὸν
1315 454 1570 525 τροπικὸν
1599 453 1889 524 τέμνεσθαι

2001 469 2149 522 quem
2205 456 2539 525 Ἐνοπτρον
2583 457 2892 529 inscripsit,
2943 460 3210 531 tropicum
3258 463 3330 518 ita
3373 470 3545 520 sccarl

324 555 490 610 φησιν
509 536 703 602 οὕτως,
734 537 874 592 ὥστε
901 540 1054 611 λόγον
1084 543 1225 615 ἔχειν
1250 544 1316 598 τὰ
1343 551 1602 617 τμήματα
1635 547 1770 619 πρὸς
1796 547 1888 602 άλ-

323 630 461 703 ληλα
488 631 578 686 τὸν
602 633 784 698 αὐτὸν,
817 630 928 688 οἷον
957 633 1068 706 ἔχει
1100 637 1169 690 τὰ
1204 643 1246 692 ε’
1277 638 1413 710 πρὸς
1440 639 1508 693 τά
1540 646 1609 708 γ’.

396 748 472 802 Δ’.
506 748 627 802 Ὅτι
663 749 760 820 μὲν
791 745 884 805 οῦν
907 752 1119 823 Εὐδόξῳ
1145 752 1584 825 ἐπακολουθήσας
1605 755 1634 807 6
1657 756 1891 827 Ἄρατος

327 840 619 911 συντέταχε
653 841 720 895 τὰ
747 845 1095 914 Φαινόμενα,
1121 845 1318 909 ἱκανῶς
1345 842 1495 917 οἶμαι
1515 846 1780 900 δεικνύναι
1803 847 1890 900 διὰ

323 931 434 986 τῶν
460 935 901 1007 προειρημένων·
936 939 993 991 ἐν
1022 931 1104 1001 οἷς
1139 937 1194 992 δὲ
1239 938 1616 993 διαπίπτουσιν
1644 934 1790 994 οῦτοί
1828 955 1889 992 τε

324 1025 419 1078 καὶ
439 1027 487 1078 οἱ
511 1029 1041 1101 συνεπιγραφόμενοι
1065 1032 1268 1095 αὐτοῖς,
1288 1025 1360 1086 ὧν
1382 1034 1497 1087 ἐστι
1523 1034 1617 1087 καὶ
1643 1035 1673 1087 6
1696 1035 1892 1089 ’Ἀττα-

325 1115 437 1181 λος,
469 1116 562 1170 νῦν
591 1119 943 1191 ὐποδείξομεν
968 1139 983 1154 ο
1016 1122 1362 1195 ἐκθησόμεθα
1393 1125 1450 1178 δέ
1472 1125 1672 1190 εὐθέως
1708 1127 1803 1180 καὶ
1833 1128 1891 1181 ἐν

323 1202 408 1271 οἷς
434 1208 538 1280 ἰδία
561 1210 788 1274 ἕκαστος
817 1212 994 1266 αὐτῶν
1026 1213 1402 1287 διαμαρτάνει.
1431 1217 1775 1296 Προληπτέον
1810 1219 1890 1282 δὲ,

323 1299 459 1356 διότι
504 1303 767 1367 ’Ἀτταλος
816 1306 948 1359 πᾶσι
997 1307 1180 1378 σχεδὸν
1218 1310 1331 1372 τοῖς
1372 1309 1477 1362 ὑπὸ
1524 1309 1619 1364 τοῦ
1664 1311 1890 1383 Ἀράτου

324 1391 638 1464 λεγομένοις
672 1396 800 1466 περὶ
836 1397 943 1451 τῶν
985 1399 1248 1470 οὐρανίων
1289 1403 1776 1474 συνεπιγράφεται,
1815 1404 1891 1468 ὡς

328 1486 632 1556 συμφώνως
678 1491 792 1552 τοῖς
835 1489 1177 1561 φαινομένοις
1211 1492 1304 1544 ὐπ’
1346 1493 1510 1550 αὐτοῦ
1557 1494 1888 1566 λεγομένοις,

328 1578 469 1650 πλὴν
501 1580 586 1650 ἐφ’
617 1581 734 1643 ἐνὸς
771 1583 865 1636 καὶ
909 1583 1191 1656 δευτέρουο
1227 1585 1263 1640 ά
1307 1587 1370 1660 δὴ
1408 1587 1504 1641 καὶ
1542 1587 1900 1661 ὑποδείξομεν.

327 1670 388 1722 ἐν
428 1674 540 1736 τοῖς
585 1672 800 1744 ἐφεξῆς.
861 1675 1023 1744 Λέγει
1058 1677 1188 1746 γοῦν
1253 1679 1310 1732 ἐν
1354 1679 1430 1750 τῷ
1492 1679 1759 1752 προοιμίῳ
1801 1680 1902 1739 τὸν⁵

324 1765 526 1861 τρόπον
560 1765 783 1821 τοῦτον’
831 1786 849 1819 ι
875 1769 965 1824 Διὸ
1005 1770 1068 1841 δὴ
1109 1773 1229 1826 τότε
1281 1772 1373 1827 τοῦ
1413 1773 1637 1845 Ἀράτου
1690 1773 1890 1845 βιϐλίον
1919 1800 1965 1861 Β

325 1855 805 1928 ἐξαπεστάλκαμέν
831 1878 912 1914 σοι
939 1861 1312 1935 διωρθωμένον
1343 1865 1433 1935 ὐφ’
1461 1867 1494 1936 η
1504 1865 1640 1936 μῶν,
1669 1867 1763 1934 κα).
1790 1866 1896 1936 τὴν.

327 1949 590 2022 ἐξήγησιν
641 1953 838 2017 αὐτοῦ,
865 1958 974 2018 τοῖς
1015 1973 1075 2008 τε
1111 1957 1454 2028 φαινομένοις
1500 1958 1704 2013 ἕκαστα
1751 1958 1889 2030 σύμ-

328 2061 482 2112 φωνα
520 2045 842 2116 ποιήσαντες
867 2048 960 2101 καὶ
986 2052 1097 2112 τοῖς
1127 2050 1231 2103 ὐπὸ
1261 2050 1355 2103 τοῦ
1393 2049 1614 2122 ποιητοῦ
1646 2067 1893 2123 γεγραμ-

329 2135 514 2206 μένοις
541 2137 804 2192 άδιόλουθα
851 2159 867 2189 ι
903 2139 1011 2193 Καὶ
1050 2142 1208 2195 πάλιν
1240 2142 1368 2212 ἐξῆς
1413 2159 1576 2213 φησι’
1611 2161 1630 2194 ι
1653 2142 1805 2213 Τάχα
1831 2143 1891 2196 δέ

325 2243 472 2290 τινες
498 2227 811 2298 ἐπιζητοῦσι
834 2229 936 2282 τίνι
959 2229 1100 2302 λόγῳ
1132 2232 1439 2309 πεισθέντες
1470 2232 1646 2304 φαμὲν
1672 2231 1893 2287 ἀκολού-

326 2315 438 2382 θως
466 2321 531 2390 τῇ
577 2319 671 2372 τοῦ
716 2321 940 2392 ποιητοῦ
980 2323 1290 2395 προαιρέσει
1332 2323 1430 2396 τὴν
1475 2323 1755 2396 διόρθωσιν
1797 2323 1890 2378 τοῦ

328 2408 541 2480 βιϐλίου
574 2412 921 2483 πεποιῆσθαι,
956 2413 1142 2485 Ἡμεῖς
1167 2415 1224 2469 δὲ
1254 2417 1689 2489 ἀναγκαιοτάτην
1714 2417 1892 2472 αἰτίαν

326 2502 651 2574 ἀποδίδομεν
679 2503 776 2575 τὴν
803 2504 894 2558 τοῦ
940 2507 1162 2577 ποιητοῦ
1206 2509 1542 2580 συμφωνίαν.
1577 2528 1595 2560 ι
1625 2509 1892 2580 Τοιαύτην

325 2581 420 2646 οὖν
448 2592 661 2664 ἔχοντος
684 2596 775 2649 τοῦ
812 2599 1064 2653 Ἀττάλου
1094 2600 1192 2672 τὴν
1224 2601 1491 2672 διάληψιν,
1526 2604 1628 2656 ὅσα
1665 2601 1731 2657 ἂν
1757 2603 1892 2656 ἁπο-

325 2683 661 2758 δεικνύωμεν
688 2687 795 2741 τῶν
819 2689 922 2742 ὑπὸ
940 2689 1033 2743 τοῦ
1072 2691 1297 2764 Ἀράτου
1325 2695 1414 2746 καὶ
1445 2694 1674 2761 Εὐδόξου
1701 2692 1893 2758 κοινῶς

326 2776 638 2847 λεγομένων
663 2778 1034 2847 διαφωνοῦντα
1061 2782 1197 2852 πρὸς
1227 2782 1294 2835 τὰ
1325 2783 1644 2854 φαινόμενα,
1683 2783 1763 2836 δεῖ
1787 2784 1896 2838 δια-

326 2866 630 2937 λαμὸάνειν
651 2873 744 2924 καὶ
770 2871 858 2924 τὸν
885 2872 1144 2926 ’Ἄτταλον
1177 2873 1306 2944 περὶ
1334 2873 1443 2928 τῶν
1468 2874 1644 2929 αὐτῶν
1664 2876 1895 2947 διημαρ-

327 2960 576 3042 τημένως
611 2963 1156 3034 συναποφαινόμενον.

1988 546 2169 609 docet,
2209 556 2266 601 ut
2302 563 2364 602 ea
2401 549 2472 603 sil.
2507 549 2646 603 ratio
2679 558 3082 622 segmentorutn
3129 555 3272 609 inter
3311 572 3390 621 se,
3429 575 3550 614 suae

1987 647 2070 694 est
2092 640 2125 694 5
2149 640 2213 694 ad
2247 641 2300 696 5.

2063 754 2214 824 101
2249 755 2333 811 IV.
2353 756 2576 810 Aratum
2596 756 2761 827 igitur
2775 757 2999 815 Euooxo
3017 761 3070 814 in
3086 762 3340 816 omnibus
3359 777 3548 818 assen~

1991 846 2210 901 tientent
2267 845 2619 904 Plia'nomeua
2669 864 2767 905 sua
2821 852 3236 922 conscripsisse,
3286 854 3422 909 satis
3465 870 3553 910 nte

1993 939 2230 994 arbitror
2254 939 2519 997 hactenus
2545 941 2870 999 ostendisse.
2930 943 3085 999 Nunc
3115 953 3184 1000 ea
3199 945 3552 1002 demonstra-

1989 1031 2190 1096 bimus,
2244 1033 2300 1086 in
2357 1035 2556 1104 quibus
2611 1043 2720 1090 tam
2785 1036 3105 1092 aberrarunt
3152 1038 3312 1092 iidem
3367 1039 3548 1102 ambo,

1990 1138 2157 1193 quam
2191 1123 2283 1194 qui
2313 1125 2420 1179 illis
2458 1125 2903 1196 subscripserunt
2937 1145 2950 1181 :
2991 1142 3021 1182 e
3048 1129 3246 1197 quibus
3279 1135 3362 1183 est
3394 1127 3550 1180 Atla-

1993 1211 2098 1268 lus.
2133 1214 2343 1279 Quibus
2381 1229 2445 1269 ea
2486 1215 2740 1288 deinceps
2777 1217 3115 1286 adjiciemus.
3152 1234 3272 1289 quae
3304 1221 3550 1290 privatim

1991 1304 2060 1359 ab
2095 1320 2423 1376 unoquoque
2451 1315 2670 1376 peccata
2717 1317 2864 1364 sunt.
2907 1308 3013 1364 Sed
3051 1310 3181 1364 illud
3220 1318 3375 1365 antea
3404 1313 3552 1382 cogi-

1991 1396 2215 1452 tandum
2261 1406 2345 1452 est
2378 1417 2390 1452 :
2424 1397 2659 1453 Attalum
2691 1400 2944 1456 omnibus
2978 1399 3112 1466 fere,
3148 1417 3267 1472 qua:
3293 1401 3360 1456 ab
3385 1402 3553 1458 Arato

1991 1488 2307 1545 cmlestibus
2349 1489 2417 1544 de
2462 1490 2628 1545 rebus
2662 1490 2878 1562 prodita
2921 1500 3071 1556 sunt,
3113 1492 3392 1555 assentiri,
3431 1500 3554 1547 tau-

1992 1595 2155 1650 quam
2210 1587 2357 1635 recte
2403 1591 2458 1635 et
2514 1589 2878 1652 congruenter
2941 1582 3031 1647 iis,
3085 1597 3207 1652 qua:
3267 1590 3560 1653 apparent,

1992 1673 2262 1742 explicata
2310 1671 2549 1740 fuerint;
2596 1673 2642 1728 si
2687 1689 2856 1729 unum
2906 1675 2991 1730 vel
3035 1675 3260 1729 alterum
3287 1674 3561 1744 excipias.

1992 1765 2059 1820 de
2101 1766 2302 1835 quibus
2350 1776 2534 1836 postea
2585 1765 2816 1822 dicetur.
2855 1765 2946 1821 Sic
2983 1765 3147 1836 igitur
3186 1767 3241 1820 in
3291 1766 3570 1836 prooemio.

1997 1858 2236 1929 loquitur
2274 1857 2486 1916 Attalus
2544 1877 2557 1916 :
2612 1877 2632 1911 ι
2683 1858 2976 1930 PrOpterea
3015 1873 3117 1914 nos
3161 1857 3310 1912 Arati
3354 1858 3563 1916 librum

1992 1951 2058 2005 ad
2101 1958 2165 2006 te.
2186 1951 2433 2008 misimus
2462 1951 2807 2007 emendatum
2835 1966 2865 2005 a
2895 1951 3073 2020 nobis,
3105 1966 3212 2006 una
3249 1966 3372 2006 cum
3408 1951 3558 2012 illius

1995 2042 2458 2115 interpretatione,
2513 2043 2648 2099 adeo
2703 2051 2763 2098 ut
2813 2051 2869 2100 et
2923 2043 3261 2115 apparentiis
3319 2057 3562 2100 consen-.

1995 2142 2156 2189 tanea
2200 2140 2254 2193 et
2313 2149 2436 2188 cum
2474 2142 2646 2204 poetae
2689 2135 3005 2204 narratione
3051 2133 3408 2204 congruentia
3441 2134 3556 2187 sin-

1993 2229 2120 2298 gula
2166 2226 2490 2282 faceremus.
2533 2245 2554 2280 ι
2593 2226 2736 2283 ldem
2779 2227 3039 2298 deinceps
3071 2227 3139 2281 ad
3179 2240 3303 2282 eum
3333 2225 3566 2282 modum.

1995 2320 2183 2375 scribit
2243 2335 2256 2370 :
2305 2337 2335 2371 ι.
2386 2317 2643 2386 Quaerent
2690 2319 2857 2390 aliqui
2905 2316 3138 2396 fortasse
3187 2330 3294 2386 qua
3345 2315 3558 2370 ratione

1995 2412 2121 2468 freti
2164 2411 2486 2482 dixerimus,
2518 2421 2885 2468 consentanee
2925 2418 3097 2482 poetae
3124 2408 3403 2481 proposito
3433 2408 3564 2462 libri.

1995 2521 2097 2562 nos
2142 2506 2291 2562 illius
2340 2505 2775 2562 emendationem
2830 2505 3154 2560 instituisse.
3205 2501 3380 2572 Hujus
3430 2517 3557 2556 vero

1999 2613 2221 2654 causam
2240 2613 2342 2654 nos
2377 2597 2707 2669 praecipuam
2749 2595 3090 2660 adducimus.
3123 2603 3295 2665 poetae
3326 2610 3560 2650 consen-

1998 2691 2228 2748 sionem.
2300 2710 2320 2744 ι
2365 2691 2500 2747 Cum
2567 2691 2682 2746 [nec
2739 2689 2903 2744 Attali
2952 2689 3218 2746 sententia
3267 2687 3360 2752 sit,
3419 2704 3561 2757 quaa-

2000 2800 2214 2855 cunque
2254 2785 2324 2840 ah
2374 2784 2560 2849 Arato,
2603 2784 2687 2839 vel
2743 2783 2966 2839 Eudoxo
3014 2781 3373 2836 communiter
3411 2779 3558 2833 dic-ta

2000 2876 2225 2932 minime
2279 2891 2403 2930 cum
2461 2875 2791 2946 apparentiis
2852 2872 3145 2927 convenire
3218 2871 3558 2924 demonstra-

2004 2969 2204 3032 bimus,
2236 2967 2426 3025 eadem
2459 2969 2528 3023 ab
2560 2966 2742 3022 Attalo
2770 2981 2985 3038 quoque
3018 2961 3314 3034 putandum
3354 2961 3558 3030 scripta

1999 3078 2120 3118 esse
2151 3060 2430 3116 mendose.

403 3157 477 3224 E'.
513 3157 736 3228 Πρῶτον
772 3159 870 3230 μὲν
904 3156 996 3214 οῦν
1034 3163 1062 3214 6
1106 3161 1340 3232 ’Ἄρατος
1377 3162 1587 3230 ἀγνοεῖν
1623 3178 1712 3232 μοι
1754 3161 1898 3215 δοκεῖ

2073 3171 2140 3227 ν.
2175 3171 2419 3228 Primum
2446 3171 2610 3242 igitur
2624 3170 2824 3228 Aratus
2851 3169 2903 3223 in
2925 3167 3112 3222 mundi
3147 3165 3253 3220 situ
3275 3164 3572 3218 aberrasse.

328 3251 398 3303 το
444 3249 677 3330 ἕγκλιμα
704 3250 798 3304 τοῦ
842 3253 1069 3324 κόσμου,
1116 3254 1350 3324 νομίζων
1379 3256 1436 3308 ἐν
1469 3257 1580 3318 τοῖς
1624 3254 1752 3326 περὶ
1803 3253 1899 3325 τὴν

341 3339 584 3408 Ἐλλάδα,
605 3344 789 3406 τόποις
834 3345 1072 3398 τοιοῦτον
1118 3341 1274 3412 εἶναι,
1311 3346 1450 3400 ὥστε
1483 3349 1581 3410 τὴν
1639 3346 1898 3420 μεγίστην

330 3433 549 3506 ἡμέραν
599 3435 753 3504 λόγον
786 3435 927 3506 ἔχειν
966 3437 1102 3508 πρὸς
1132 3437 1230 3509 τῂν
1264 3438 1549 3509 ἐλαχίστην
1592 3438 1682 3492 τὸν
1716 3439 1896 3502 αὐτὸν,

329 3529 395 3582 ὃν
419 3529 529 3599 ἔχει
558 3529 628 3583 τά
651 3536 691 3584 ε’
733 3531 868 3600 πρὸς
904 3530 973 3586 τὰ
1004 3538 1070 3598 γ’.
1107 3532 1268 3602 Λέγει
1297 3533 1404 3606 γὰρ
1431 3533 1525 3587 ἐπὶ
1562 3530 1658 3588 τοῦ
1689 3532 1898 3605 Θερινοῦ

331 3638 598 3693 τροπικου
621 3637 637 3653 ⁸

343 3779 455 3850 Τοῦ
487 3780 603 3849 μὲν
632 3781 781 3834 ὅσον
810 3799 873 3837 τε
895 3781 1162 3850 μάλιστα
1192 3783 1265 3836 δι’
1291 3781 1443 3835 ὀκτὼ
1471 3783 1865 3850 μετρηθέντος

344 3801 455 3836 Iov
487 3801 603 3849 μεν
632 3801 781 3834 οσον
810 3801 873 3837 τε
895 3801 1162 3850 μαλιστα
1192 3801 1262 3836 σιν
1291 3801 1443 3835 οκτω
1455 3801 1865 3906 ἐμετρησεντος

337 3849 525 3922 Πέντε
546 3849 662 3922 μὲν
690 3852 858 3905 irata
882 3854 1218 3922 στρέφεται,
1243 3853 1341 3908 καί
1372 3855 1456 3907 ὑπ
1480 3868 1663 3922 ρτερα
1693 3853 1899 3921 γαίηςο

343 3921 423 3974 Τὰ
459 3922 591 3989 τρία
621 3920 678 3974 '6‘
706 3922 776 3976 ἐν
802 3920 1048 3993 περάτῃ.

411 4075 786 4146 Συμφωνεῖται
812 4075 897 4147 δὴ,
913 4076 1047 4131 διότι
1077 4077 1137 4130 ἐν
1163 4078 1260 4149 μὲν
1277 4081 1389 4143 τοῖς
1410 4078 1540 4151 περὶ
1561 4079 1660 4151 τὴν
1683 4078 1904 4134 Ἐλλάδα

337 4165 528 4229 τόποις
565 4168 593 4219 6
638 4166 872 4238 γνώμων
912 4167 1070 4236 λόγον
1119 4167 1233 4238 ἔχει
1269 4169 1406 4240 πρὸς
1441 4169 1542 4241 τὴν
1588 4169 1903 4241 ίσημερινὴν

340 4258 526 4324 σκιὰν,
565 4259 624 4312 6v
657 4259 769 4329 ἔχει
800 4259 868 4312 τά
897 4259 1140 4331 τέσσαρα
1183 4261 1319 4333 πρὸς
1356 4261 1438 4328 τά,
1462 4261 1611 4338 τρία.
1663 4263 1808 4316 Ἐκεῖ
1840 4262 1906 4334 δὴ

337 4353 520 4407 τοίνυν
549 4353 581 4423 ἡ
616 4352 845 4423 μεγίστη
880 4352 1062 4422 ἡμέρα
1104 4353 1252 4407 ἐστὶν
1288 4352 1446 4426 ὡρῶν
1487 4353 1816 4428 ἰσημερινῶν
1847 4352 1904 4408 ιδ’

1971 3266 2219 3322 «videtur
2256 3284 2270 3320 :
2307 3265 2400 3336 qui
2429 3264 2694 3334 ejusmodi
2732 3264 2883 3319 illum
2917 3276 3041 3317 esse
3076 3268 3226 3331 putat
3250 3257 3305 3312 in
3327 3255 3556 3320 Cra-cia,

2006 3365 2066 3412 ut
2089 3357 2324 3412 inaxima
2352 3357 2472 3412 dies
2489 3371 2608 3412 eam
2641 3356 2708 3410 ad
2735 3355 3014 3416 minimam
3045 3351 3307 3408 rationem
3340 3347 3557 3414 habeat,

2000 3463 2163 3519 quam
2203 3449 2443 3521 quinque
2475 3449 2674 3505 habent
2703 3446 2772 3502 ad
2802 3447 2924 3501 tria.
2955 3442 3090 3500 Nam
3131 3441 3200 3497 de
3237 3440 3426 3496 testim
3451 3444 3565 3495 tro-

1999 3543 2121 3614 pico
2149 3543 2228 3599 sic
2250 3541 2490 3613 loquitur
2518 3559 2533 3595 :

2009 3787 2123 3842 Hoc
2150 3803 2298 3850 sane,
2326 3794 2554 3855 quantus
2573 3792 2799 3854 quantus
2825 3791 2926 3846 est,
2957 3781 3012 3833 in
3037 3789 3151 3834 octo
3177 3786 3352 3847 partes
3373 3775 3559 3841 diviso,

2007 3857 2244 3928 Quinque
2272 3855 2478 3928 quidem
2503 3859 2776 3908 volvuntur
2795 3867 2956 3920 supra
2989 3859 3183 3904 terram
3211 3865 3233 3914 ,-

2005 3928 2133 3983 Tres
2161 3926 2336 3981 autem
2366 3926 2530 3994 infra.

2076 4085 2173 4142 Est
2212 4090 2391 4139 autem
2440 4080 2583 4153 apud
2629 4095 2820 4137 omnes
2857 4080 2914 4135 in
2951 4077 3228 4141 confesso,
3261 4075 3318 4131 in
3344 4074 3564 4130 Graeciae

2007 4182 2186 4231 tractu
2217 4164 2542 4245 gnomonem
2590 4170 2732 4226 hanc
2763 4170 2832 4224 ad
2855 4167 3286 4240 aequinoctialem
3319 4165 3564 4219 umbram

2007 4265 2415 4337 proportionem
2452 4262 2684 4325 habere,
2737 4275 2860 4332 qua:
2907 4267 2993 4315 est
3032 4264 3264 4329 quatuor
3313 4252 3380 4308 ad
3437 4252 3563 4306 tria.

2007 4357 2188 4424 Quare
2243 4355 2440 4411 ibidem
2500 4353 2737 4409 maxima
2791 4351 2910 4408 dies
2961 4351 3218 4405 horarum
3269 4355 3350 4402 est
3400 4344 3567 4414 aequi-

340 4445 439 4500 xat
480 4450 530 4512 γ’
570 4445 797 4512 ἔγγιστα
846 4443 1299 4514 πεμπτημορίων.
1335 4443 1408 4495 Τὸ
1456 4443 1513 4496 δὲ
1557 4443 1769 4526 ἔξῆαρμα
1810 4443 1901 4498 τοῦ

2013 4449 2329 4504 noctialium
2360 4448 2426 4502 Η
2467 4453 2521 4503 et
2570 4445 2652 4501 36'
2683 4444 2922 4499 circiter.
2955 4441 3072 4498 Poli
3117 4447 3295 4494 autem
3339 4436 3566 4541 altitudo

341 4539 510 4592 πόλου
549 4537 753 4609 μοιρῶν
796 4536 874 4601 λζ’
902 4535 978 4598 ὼς
1023 4535 1270 4604 ἔγγιστα.
1315 4537 1488 4592 Ὅπου
1525 4537 1640 4608 δέἡ
1676 4539 1901 4618 μεγίστη

2013 4541 2246 4611 partium
2277 4551 2360 4594 est
2390 4536 2502 4594 fere
2535 4536 2624 4592 57.
2662 4535 2733 4590 At
2778 4535 2870 4590 ubi
2907 4532 3156 4588 maxima:
3199 4530 3306 4586 diei
3341 4529 3479 4618 ratio
3499 4525 3568 4582 ad

339 4631 530 4703 ἡμέρα
569 4631 726 4701 λόγον
772 4630 886 4701 ἔχει
932 4630 1068 4702 πρὸς
1109 4629 1206 4701 τὴν
1237 4630 1548 4701 ἐλαχίστην,
1585 4631 1643 4684 ὃν
1690 4631 1810 4702 ἔχει,
1842 4631 1912 4684 τὰ

341 4730 386 4777 ε’
416 4724 553 4795 πρὸς
580 4724 650 4799 τά
676 4729 745 4792 γ’,
766 4724 883 4776 ἐκεῖ
912 4725 945 4794 ὴ
979 4722 1078 4793 μὲν
1109 4722 1340 4794 μεγίστη
1374 4723 1555 4794 ἡμέρα
1585 4723 1730 4776 ἐστὶν
1751 4722 1919 4794 ὡρῶν.

346 4820 410 4869 ιε’
429 4831 442 4844 ·
472 4813 534 4866 τὸ
557 4813 612 4866 δέ
642 4814 856 4885 ἐξαρμα
887 4812 997 4865 τοῦ.
1019 4812 1181 4865 πόλου
1210 4811 1412 4883 μοιρῶν
1435 4818 1522 4882 μα’
1554 4811 1630 4875 ὡς
1663 4811 1910 4880 ἔγγιστα.

344 4905 516 4976 Δῆλον
540 4903 742 4967 τοίνυν,
760 4903 840 4956 ὅτι
865 4903 925 4956 οὐ
951 4901 1172 4954 δυνατὸν
1196 4901 1254 4954 ἐν
1282 4903 1394 4964 τοῖς
1420 4901 1547 4972 περὶ
1568 4901 1666 4973 τὴν
1689 4898 1914 4954 Ἐλλάδα

343 4995 441 5048 τὸν
473 4993 870 5065 προειρημένον
903 4987 1042 5045 εἶναι
1076 4990 1233 5058 λόγον
1267 4990 1370 5060 τῆς
1406 4990 1668 5061 μεγίστης
1701 4990 1914 5062 ἡμέρας

349 5087 488 5160 πρὸς
517 5087 618 5159 τὴν
664 5084 974 5157 ἐλαχίστην,
1005 5083 1144 5139 ἀλλὰ
1177 5082 1376 5154 μᾶλλον
1402 5084 1458 5136 ἐν
1509 5085 1622 5144 τοῖς
1653 5082 1782 5154 περὶ
1823 5081 1914 5135 τὸν

363 5180 759 5250 Ἑλλήσποντον
803 5178 1009 5240 τόποις.
1047 5176 1304 5244 Καίτοιγε
1346 5176 1374 5228 6
1410 5175 1506 5246 μὲν
1533 5173 1788 5246 Ἀρατος,
1817 5173 1918 5226 οὐκ

354 5272 450 5342 ἀφ’
476 5273 669 5326 ἐαυτοῦ
697 5271 878 5342 κρίσιν
908 5270 1036 5341 περὶ
1065 5269 1172 5322 τῶν
1202 5267 1456 5322 τοιούτων
1491 5266 1915 5339 προφερόμενος,

357 5365 635 5435 γέγραφεν
661 5406 676 5430 ,
714 5362 852 5417 ἀλλὰ
894 5362 972 5432 τῷ
1001 5361 1217 5431 Εὐδόξῳ
1248 5361 1343 5416 καὶ
1388 5361 1516 5432 περὶ
1559 5359 1749 5413 τούτου
1784 5375 1917 5412 κατ-

354 5459 724 5531 ακολουθήσας
743 5475 757 5488 ο
797 5460 845 5511 εἰ
869 5457 924 5511 δὲ
952 5456 1045 5512 καὶ
1075 5457 1165 5526 ἀφ’
1199 5455 1393 5510 ἐαυτοῦ
1410 5455 1706 5528 γέγραφεν,
1725 5454 1785 5508 οὐ
1807 5453 1921 5506 δια-

361 5558 613 5624 σαφήσας
649 5555 708 5606 ἐν
729 5551 900 5616 ποίοις
921 5552 1068 5605 ἐστὶν
1095 5553 1128 5624 ή
1154 5550 1520 5623 προειρημένη
1561 5549 1800 5619 ἔγκλισις
1824 5546 1918 5604 τοῦ

359 5648 605 5719 κόσμου,
658 5647 800 5718 τάχα
857 5645 923 5700 ἂν
977 5644 1118 5700 κατά
1163 5661 1227 5713 γε
1272 5643 1430 5696 τοῦτο
1474 5641 1810 5714 διακρούοιτο
1859 5641 1920 5694 τὸ

361 5739 634 5814 ιγκλημα.
718 5739 776 5792 ’0
837 5736 1081 5810 μέντοιγε
1146 5735 1407 5800 ’Ἄτταλος
1481 5733 1920 5814 ὁμολογουμένως

2013 4631 2391 4687 brevissimam
2430 4626 2700 4695 eiusmodi
2731 4634 2836 4691 est,
2871 4623 3048 4695 qualis
3073 4628 3155 4677 est
3175 4621 3216 4676 5
3237 4619 3307 4674 ad
3325 4619 3380 4681 3,
3414 4617 3486 4671 ibi
3514 4623 3571 4670 et

2013 4721 2130 4778 dies
2172 4721 2408 4776 maxima
2457 4718 2716 4774 horarum
2758 4727 2843 4772 est
2885 4714 2971 4779 15,
3023 4720 3078 4768 et
3116 4713 3276 4784 polus
3313 4709 3568 4780 gradibus

2009 4814 2073 4866 41
2109 4812 2328 4881 circiter
2358 4811 2644 4866 attollitur.
2678 4808 2916 4879 Apparet
2941 4820 3071 4875 ergo
3104 4802 3219 4858 fieri
3244 4817 3353 4856 non
3386 4814 3566 4869 posse,

2014 4913 2076 4960 ut
2114 4904 2168 4958 in
2209 4901 2414 4960 Graecia
2451 4901 2594 4957 ratio
2632 4901 2724 4954 illa
2765 4901 2837 4955 sit
2873 4897 3124 4952 maximae.
3159 4895 3264 4950 diei
3307 4893 3375 4947 ad
3417 4891 3571 4948 mini-

2012 5011 2157 5051 mam
2184 5037 2206 5062 ,
2258 4993 2354 5051 sed
2404 4993 2586 5064 potius
2631 4994 2687 5049 id
2738 4993 2794 5048 in
2840 4988 3172 5060 Hellesponti
3209 4994 3387 5041 tractu
3440 5000 3568 5040 eon-

2014 5087 2241 5158 tingere.
2295 5083 2619 5154 Quanquam
2659 5099 2768 5138 non
2804 5099 2872 5138 ex
2913 5087 3104 5150 su0pte
3136 5076 3342 5148 judicio
3390 5077 3457 5132 iis
3506 5080 3574 5132 de

2013 5180 2179 5234 rebus
2212 5177 2573 5248 pronuntians
2621 5175 2725 5232 ista
2754 5173 2975 5244 scripsit
3000 5171 3230 5237 Aratus;
3261 5168 3352 5224 sed
3381 5167 3436 5222 in
3467 5167 3575 5223 illis

2016 5273 2179 5329 etiam
2223 5271 2466 5328 imitatus
2511 5269 2817 5326 Eudoxum.
2864 5265 3017 5333 Quod
3064 5263 3109 5318 si
3159 5261 3425 5333 judicium
3461 5259 3579 5329 ipse

2020 5381 2183 5421 suum
2225 5363 2638 5434 interposuerit,
2702 5371 2882 5422 tamen
2931 5374 3055 5415 cum
3100 5357 3153 5412 id
3196 5371 3304 5410 non
3353 5369 3600 5423 expres-,

2019 5459 2188 5524 serit,
2232 5457 2562 5529 quibusnam
2618 5452 2930 5526 regionibus
2972 5449 3130 5505 talem
3175 5446 3298 5502 cmli
3344 5449 3577 5515 positum

2020 5552 2364 5614 attribuerit,
2434 5550 2539 5605 hac
2581 5549 2794 5603 ratione
2851 5544 3065 5614 culpam
3111 5557 3143 5596 a
3194 5554 3253 5595 se
3298 5537 3579 5609 deprecari

2020 5645 2254 5700 videtur.
2289 5641 2503 5698 Attalus
2542 5653 2674 5697 vero
2719 5638 2855 5694 citra
2888 5630 3314 5690 controversiam
3345 5627 3572 5694 castiga-

2026 5737 2178 5803 tione
2222 5736 2420 5808 dignus
2472 5738 2576 5800 est,
2630 5732 2722 5804 qui
2779 5729 2979 5786 diserte
3033 5724 3222 5784 scribit
3272 5723 3328 5780 in
3375 5717 3588 5782 (ἐι-πελά.
