3840 6306
42 191 75 245 1
87 193 234 251 025

1158 197 1526 258 HIPPAHCHI
1565 202 1658 258 AD
1693 201 2141 262 PHENOMENA
2177 206 2306 266 LIB.
2340 208 2380 266 Ι.

3236 223 3377 281 1026

38 331 270 386 φησιν
297 357 316 382 ,
355 317 468 372 ὑπὸ
497 318 596 390 μὲν
638 320 763 383 τοὺς
806 307 1082 385 όπισθίὸῦς
1115 321 1280 388 πόδας
1310 324 1410 396 τῆς
1461 326 1659 400 ’Λρκτο

1799 329 2016 398 bamus,
2057 331 2160 388 sub
2190 332 2343 389 Ursae
2385 341 2784 404 posterioribus
2827 336 3060 408 pedibus
3098 355 3208 396 non
3239 339 3378 400 Leo-

39 406 124 458 οὐ
163 405 287 461 τδν
335 409 549 463 Λέοντα
594 409 698 463 ἔδει
730 411 952 476 τιθέναι,
981 411 1114 466 ἀλλὰ
1161 414 1258 486 τὴν
1307 415 1601 489 Παρθένον.
1642 419 1659 454 ἰ

1807 438 1953 488 nom,
1993 423 2089 478 sed
2118 422 2394 496 Virginem
2425 434 2664 482 statuere
2690 430 2966 485 convenit.
3003 430 3136 486 Nam
3163 446 3377 492 austra-

47 497 183 566 μὲν
248 499 384 571 γὰρ
429 501 740 573 νοτιώτερος
793 503 901 558 τῶν
951 504 1230 575 ἑπομένων
1275 508 1333 561 ὲν
1367 507 1444 579 τῷ
1474 509 1700 583 πλινθίῳ

43 589 300 660 ἐπέχει
366 591 514 646 κατά
555 591 652 664 τὴν
704 596 1105 669 προειρημένην
1147 597 1408 670 διαίρεσιν
1445 599 1539 654 τοῦ
1595 601 1699 666 ζω-

37 680 298 735 διακοῦ
387 678 488 754 τῆς
547 684 822 756 Παρθένου
878 689 987 758 μοί.
1057 694 1122 741 ι’⁶
1175 691 1204 743 ό
1246 689 1306 743 δὲ
1367 689 1697 764 βορειότερος

39 775 178 843 τῆς
253 774 554 846 Παρθένου
607 777 734 849 περὶ
785 778 894 849 μοί,
947 786 1041 845 ις’.
1080 780 1235 836 Κατὰ
1273 781 1329 835 δὲ
1371 783 1472 855 τὴν
1528 801 1696 855 κεφα-

40 861 176 936 λὴν
227 865 346 918 καὶ
383 865 512 930 τοὺς
542 867 904 940 ἐμπροσθίους
934 871 1098 936 πόδας
1130 872 1233 925 ἔδει
1268 871 1571 928 τεθεικέναι
1603 875 1694 928 τὸν

43 955 477 1028 Καρκίνοντο.
510 961 572 1012 Ui
600 959 708 1032 γὰρ
756 961 1047 1033 ἡγούμενοι
1099 962 1208 1017 τῶν
1253 966 1309 1018 ὲν
1355 964 1432 1036 τῷ
1466 966 1695 1038 πλινθίῳ

47 1049 365 1119 ὲφὲξουσι
407 1051 549 1105 κατὰ
575 1051 672 1122 τὴν
706 1053 1105 1125 προειρημένην
1131 1055 1389 1127 διαίρεσιν
1420 1058 1692 1130 Καρκίνου

60 1143 203 1213 μοί.
240 1149 349 1214 ιη’.
389 1141 559 1214 Δῆλον
610 1144 667 1198 δὲ
715 1145 808 1198 καὶ
848 1147 913 1199 ἐκ
947 1146 1054 1199 τῶν
1087 1148 1412 1219 εἰρημένων,
1437 1151 1530 1203 καὶ
1559 1150 1692 1204 διότι

58 1234 174 1303 ὑφ’
223 1235 373 1305 ὃλην
408 1234 504 1306 τὴν
533 1236 787 1305 'Apx‘cov,
820 1236 961 1291 κατὰ
992 1238 1083 1292 τὸν
1105 1238 1348 1306 Εὔδοξον,
1373 1240 1453 1295 δεῖ
1479 1241 1691 1295 κεῖσθαι

61 1325 179 1380 ’τὸν
212 1326 528 1398 Καρκίνον,
547 1327 640 1381 καὶ
660 1326 750 1381 τὸν
783 1327 1004 1395 Λέοντα,
1030 1331 1124 1384 καὶ
1153 1330 1250 1403 τὴν
1280 1332 1573 1404 Παρθένον,
1596 1333 1690 1387 καὶ

65 1417 187 1483 τὰς
207 1418 432 1490 Χηλάς.
449 1420 506 1473 ’0
522 1419 628 1492 γὰρ
646 1421 704 1472 ὲν
721 1420 864 1493 ἄκρᾳ
878 1424 943 1493 τῇ
961 1423 1021 1476 οὐ
1031 1425 1097 1496 ρᾷ
1116 1424 1214 1495 τῆς
1230 1425 1463 1494 Ἀρκτου
1481 1426 1686 1496 ἐπέχει,

70 1508 240 1562 κατὰ
274 1508 384 1580 τὴν
415 1509 582 1581 αὐτὴν
609 1508 870 1580 διαίρεσιν
900 1509 992 1564 τοῦ
1025 1512 1312 1578 ζωδιακοῦ,
1343 1513 1536 1584 Χηλῶν
1562 1513 1688 1587 περὶ

78 1600 206 1672 μοί.
257 1600 358 1655 ιϐ’.

1806 516 1911 571 lior
1963 518 2372 572 succedentium
2414 517 2469 573 in
2520 519 2806 585 laterculo,
2847 537 2914 577 ex
2958 538 3020 578 ea
3052 539 3214 594 quam
3261 529 3376 584 dixi

1805 607 2100 678 partitione
2127 610 2360 674 zodiaci,
2390 610 2659 665 decimam
2691 620 2901 684 partem
2927 613 3170 686 Virginis
3201 625 3373 684 tenet;

1803 698 2078 755 borealior
2111 712 2320 766 autem,
2350 702 2590 774 Virginis
2637 705 2858 760 circiter
2884 707 2970 762 l6.
3003 707 3174 763 Porro
3223 711 3372 765 circa

1803 799 1966 862 caput
1994 800 2048 847 et
2077 794 2377 848 anteriores
2405 795 2568 864 pedes
2598 798 2951 853 collocandus
2984 809 3103 853 erat
3137 801 3368 857 Cancer.

1801 886 2012 957 Quippe
2045 888 2414 959 praecedentes
2446 906 2632 946 earum
2663 909 2785 963 qua:
2812 904 2942 949 sunt
2976 896 3031 950 in
3081 898 3366 964 laterculo,

1799 998 1866 1039 ex
1898 985 1988 1040 illa
2017 985 2227 1041 zodiaci
2264 987 2536 1043 divisione
2560 996 2768 1060 partem
2803 990 3001 1045 Cancri
3043 992 3110 1047 l8
3154 995 3369 1050 obtine-

1799 1075 1954 1130 bunt.
1989 1075 2068 1131 Ex
2097 1077 2260 1133 dictis
2301 1090 2479 1135 autem
2512 1082 2734 1136 evidens
2762 1090 2866 1147 est,
2909 1085 3012 1139 sub
3044 1082 3184 1139 Ursa
3229 1095 3362 1151 tota,

1797 1167 2100 1222 secundum
2128 1168 2438 1238 Eudoxum,
2466 1171 3032 1238 Cancrum,Leonem,
3064 1176 3361 1247 Virginem,

1796 1266 1850 1314 et
1878 1259 2075 1316 Chelas
2106 1262 2364 1316 collocari
2389 1263 2606 1319 debere.
2627 1263 2759 1318 Nam
2789 1281 2909 1337 qua:
2924 1275 3007 1321 est
3035 1269 3089 1322 in
3118 1278 3364 1326 extrema

1796 1349 1954 1406 Ursa:
1981 1353 2174 1416 cauda,
2200 1369 2267 1408 ex
2303 1354 2490 1409 eadem
2521 1355 2610 1409 illa
2653 1356 2926 1414 divisione
2955 1359 3188 1428 zodiaci,
3219 1361 3362 1416 Che-

1795 1440 1970 1499 larum
2002 1453 2214 1516 partem
2253 1447 2461 1502 obtinet
2487 1447 2600 1504 fere
2625 1449 2706 1508 l9.l

155 1695 274 1748 IA'.
305 1694 478 1749 Πάλιν
507 1694 552 1748 δ’
582 1696 610 1748 ό
642 1695 874 1765 ⁸Ἄρατος
907 1694 1034 1768 περὶ
1067 1692 1161 1751 τοῦ
1201 1696 1445 1769 Ἦνιόχου
1486 1698 1659 1769 λέγων

1853 1686 1945 1742 Χῐ.
1974 1686 2187 1744 Rursus
2238 1689 2439 1746 Aratus
2484 1689 2551 1746 de
2585 1689 2786 1762 Auriga
2822 1692 3051 1764 loquens
3084 1693 3189 1749 ista
3217 1694 3350 1751 sub-

79 1787 366 1860 ὲπιφέρει
396 1787 550 1842 ταυτί
577 1805 590 1818 ο
1492 1800 1503 1824 ε

94 1896 268 1970 Ἀλλ’
299 1895 420 1970 (iis!
454 1896 811 1970 TaﬁpoqﬁiG)
840 1895 1308 1968 προφερέστερος
1345 1901 1630 1970 Ἠνιόχοιο

82 1969 198 2032 Εις
223 1966 448 2035 ἑτέρην
476 1966 821 2036 καταϐῆναι,
854 1970 1158 2036 όμηλυσίῃ
1195 1966 1305 2038 ,περ
1334 1966 1622 2028 άνελθῶν.

163 2058 481 2125 Διαφωνείν
505 2053 597 2110 οῦν
623 2074 715 2128 μοι
739 2056 886 2110 δοκεῖ
925 2057 1060 2129 πρὸς
1079 2058 1145 2111 τὰ
1176 2061 1474 2130 φαινόμενα
1501 2063 1594 2116 καὶ
1621 2063 1680 2116 ὲν

86 2148 334 2212 τούτοις.
365 2147 472 2202 Τοῦ
507 2147 614 2220 γὰρ
657 2148 898 2220 Ἢνιόχου
943 2149 992 2201 οί
1037 2147 1197 2212 πόδες
1243 2150 1402 2220 μόνον
1450 2153 1564 2223 ἅμα
1601 2153 1679 2224 τῷ

88 2237 304 2315 Ταύρῳ
339 2241 851 2310 συναναψαίνονταν
895 2241 954 2294 τὸ
997 2240 1054 2294 δὲ
1087 2240 1270 2295 λοιπὸν
1313 2242 1474 2296 αὑτοῦ
1519 2243 1678 2316 σῶμα

89 2339 210 2400 τοῖς
253 2334 457 2407 Ἰχθύσι
491 2336 584 2388 καὶ
612 2335 687 2405 τῷ
722 2333 874 2406 Κριῷ
918 2333 1314 2389 συνανατέλλει.
1361 2337 1472 2390 Καὶ
1516 2337 1678 2401 αὐτὸς

91 2427 156 2480 δὲ
186 2428 246 2480 ὲν
278 2429 393 2490 τοῖς
427 2426 553 2496 ἑξῆς
587 2443 749 2497 φησιν
772 2443 786 2457 ·

107 2559 269 2614 Ἀλλ’
319 2560 564 2629 Ἔριφοι,
593 2559 769 2614 λαιοῦ
809 2576 873 2614 τε
918 2558 1097 2629 θέναρ
1141 2560 1358 2628 ποδὸς,
1397 2563 1527 2651 Afir!
1555 2563 1675 2644 σρν

102 2701 310 2770 Ταύρῳ
338 2698 796 2770 συμφορέονται.
1435 2635 1611 2706 [αντη

111 2857 257 2910 Ἀλλ’
283 2858 382 2912 ὅσα
404 2857 550 2926 λέγει
579 2856 775 2929 Ταύρῳ
805 2873 1200 2931 συμφερεσοαι,
1225 2859 1398 2913 ταῦτα
1426 2861 1544 2913 κατ’
1575 2877 1673 2914 uu-

99 2950 195 3003 τὸν
227 2949 338 3020 ἅμα
374 2949 451 3020 τῷ
483 2948 636 3021 Κριῷ
665 2949 976 3003 ἀνατέλλειο
1014 2951 1106 3005 ἐπὶ
1147 2951 1363 3006 πάντων
1408 2951 1518 3024 γὰρ
1564 2951 1672 3005 τῶν

1778 1779 1932 1850 jicit:

1783 1895 1886 1967 Sed
1914 1911 2114 1965 semper
2141 1895 2348 1950 Taurus
2369 1897 2582 1964 prom’or
2615 1897 2813 1967 Auriga

1783 1965 1848 2021 In
1863 1982 2106 2020 occasum
2119 1967 2494 2028 descendendo,
2506 1969 2623 2036 pari
2637 1965 2851 2022 ascensu
2868 1968 3101 2039 alioquin
3112 1979 3344 2026 exortus.

1850 2056 1908 2112 In
1939 2059 2137 2128 quibus
2167 2059 2237 2114 ab
2271 2060 2604 2129 apparentiis
2647 2060 2780 2130 ipsis
2823 2059 3086 2116 dissidere
3117 2061 3245 2114 mihi
3276 2061 3351 2114 vi-

1779 2149 1958 2205 detur.
1995 2148 2208 2204 Etenim
2248 2148 2464 2220 Aurigae
2509 2149 2775 2204 duntaxat
2805 2151 2969 2221 pedes
2995 2166 3116 2205 cum
3163 2148 3348 2203 Tauro

1779 2242 1940 2297 simul
1962 2250 2280 2312 emergunt;
2319 2243 2588 2312 reliquum
2623 2256 2822 2313 corpus
2857 2256 2981 2296 cum
3012 2240 3262 2297 Piscibus
3288 2247 3347 2296 et

1776 2334 1962 2389 Ariete
2022 2335 2364 2391 conscendit.
2416 2334 2558 2400 Quin
2611 2334 2752 2389 idem
2812 2335 2929 2404 ipse
2977 2334 3234 2404 deinceps
3269 2333 3347 2387 ita

1776 2424 1969 2479 scribit
1997 2443 2009 2478 :

1734 2540 1738 2543 ι
1775 2556 1878 2613 Sed
1910 2556 2090 2619 dei.
2110 2552 2416 2626 sinislrigue
2445 2557 2561 2612 vola
2590 2557 2734 2622 pedis
2759 2552 2936 2628 Capra
2961 2574 3078 2613 cum
3106 2560 3224 2628 ipsa

1776 2689 1907 2745 Cum
1951 2689 2127 2744 Tauro
2165 2690 2427 2760 feruntur.

1842 2852 1910 2907 At
1936 2865 2274 2922 quaecunque
2308 2848 2436 2904 ferri
2464 2863 2585 2903 cum
2633 2847 2814 2904 Tauro
2839 2848 3071 2912 'asserit.
3113 2865 3176 2906 ea
3217 2866 3341 2908 cum

1771 2945 1953 3001 Ariete
1999 2959 2234 3015 quoque,
2287 2951 2347 2996 ut
2399 2942 2535 2996 idem
2587 2945 2770 3005 sentit,
2813 2950 3058 2998 exortum
3092 2942 3340 2998 faciunt:

102 3043 318 3114 ἄστρων
358 3042 456 3106 τὰς
505 3041 864 3106 συνανατολὰς
917 3040 1059 3096 οὕτω
1102 3042 1383 3115 σημαίνει’
1418 3039 1530 3097 οἷον
1577 3045 1659 3116 τῆς

1775 3038 2030 3108 quoniam
2066 3035 2119 3088 in
2150 3033 2658 3089 constellationihus
2692 3033 2944 3087 omnibus
2974 3041 3196 3089 coortus
3238 3033 3343 3089 hoc

108 3134 282 3206 ἀρχῆς
306 3133 392 3187 τοῦ
422 3133 610 3197 ξωδίου
636 3134 727 3187 ἐπὶ
748 3133 848 3204 τῆς
883 3133 1143 3205 ἀνατολῆς
1177 3124 1362 3207 οῦσης,
1398 3136 1517 3189 τίνα
1543 3138 1672 3191 ἀνα-

108 3225 401 3279 τεταλκότα
449 3227 614 3294 ἐγγὺς
654 3225 748 3278 τοῦ
791 3224 1060 3297 ὁρίζοντος
1108 3226 1378 3295 φαίνεται.
1422 3227 1528 3281 Τοῦ
1574 3228 1672 3298 μὲν

113 3317 391 3390 ἀριστεροῦ
433 3318 590 3382 ποδὸς
626 3317 760 3370 πολὺ
807 3317 1190 3389 προανατέλλει
1228 3320 1257 3372 ό
1305 3318 1476 3385 δεξιὸς
1503 3312 1671 3390 ὦμος,

116 3411 265 3483 καὶὴ
303 3411 446 3476 δεξιὰ
483 3411 623 3482 χείρ.
674 3409 942 3482 Πρόδηλον
974 3405 1065 3464 οῦν
1096 3410 1177 3464 ὅτι
1214 3411 1308 3464 καὶ
1349 3412 1471 3464 κατ’
1514 3411 1674 3466 αὐτὸν

117 3502 203 3558 τὸν
235 3504 458 3575 ’Ᾱρατον
485 3503 554 3556 τὰ
582 3502 716 3574 πρὸς
744 3505 855 3566 τοῖς
879 3503 1004 3554 ποσὶ
1035 3502 1192 3573 μόνον
1220 3501 1296 3572 τῷ
1325 3501 1523 3573 Ταύρῳ
1550 3519 1674 3555 συν-

119 3591 377 3645 ανατέλλει
398 3609 412 3622 ·
441 3592 501 3645 τὸ
541 3592 596 3645 δὲ
625 3592 808 3645 λοιπὸν
841 3591 1028 3663 σῶμα,
1062 3591 1158 3646 καὶ
1199 3591 1360 3656 αὐτὸς
1389 3591 1675 3663 ἀριστερὸς

121 3807 312 3866 Λέοντα
328 3825 421 3882 pro
435 3809 524 3863 τὸν
548 3809 843 3882 Καρκίνον,
874 3816 1082 3882 et__mox
1129 3806 1355 3882 Λέοντος
1407 3809 1516 3882 μοί.
1542 3880 1548 3882 Α
1571 3816 1663 3882 ιη’,

122 3879 886 3952 proKaéxivo‘u.Asterismum
914 3879 1064 3935 Ursa:
1099 3881 1323 3949 majoris
1343 3879 1576 3950 antiqui,
1608 3879 1668 3935 ut

124 3897 513 4003 pronapxtvou.
533 3897 886 3935 ASlel'lSInum
916 3897 1064 3935 ursa:
1099 3897 1323 3949 majoris
1343 3897 1576 3950 antiqui,
1608 3897 1667 3935 ut

124 3952 310 4006 rel'ertl
343 3951 650 4020 ipparchus,
681 3959 886 4021 septem
913 3967 1019 4004 non
1055 3953 1286 4022 amplius
1319 3953 1667 4007 circumscri-

125 4036 271 4090 psere
298 4025 484 4084 stellis,
519 4037 640 4090 qua:
672 4029 1015 4092 componunt
1037 4021 1131 4092 τὴν
1152 4021 1430 4092 ⁷Ἂμαξαν.
1472 4024 1549 4076 Ex
1579 4022 1664 4077 his

125 4093 483 4147 antecedentes
530 4093 650 4146 dua:
696 4092 748 4144 in
798 4091 1097 4158 laterculo;
1143 4109 1371 4162 quarum
1415 4093 1665 4162 superior

127 4163 304 4232 capitis
325 4163 437 4216 loco
472 4163 830 4232 censebatur;
901 4162 1144 4226 inferior,
1183 4163 1376 4232 pedum
1425 4165 1662 4217 anterio-

126 4244 263 4299 rum;
283 4235 330 4286 in
355 4232 520 4302 gradu
543 4231 738 4286 Leonis
771 4232 930 4285 tertio
954 4231 1318 4294 collocantur,
1362 4233 1660 4288 secundum

128 4317 242 4373 eam
263 4303 460 4373 zodiaci
489 4304 852 4373 partitionem,
893 4317 1014 4370 qua:
1053 4302 1348 4356 cardinalia
1372 4305 1526 4373 signa
1551 4302 1660 4355 τῶν

130 4370 312 4436 ζωδίων
351 4370 516 4427 initiis
549 4372 814 4432 ascribit;
879 4380 934 4424 at
963 4373 1292 4440 posteriores
1319 4370 1507 4443 pedes;
1541 4388 1662 4443 qna:

132 4454 247 4496 sunt
291 4443 526 4498 laterculi
568 4443 895 4512 posteriores
954 4443 1096 4512 diue,
1128 4443 1182 4495 in
1234 4442 1402 4512 gradu
1459 4442 1658 4498 Leonis

130 4515 300 4581 quinto
326 4522 375 4568 et
403 4511 664 4568 vicesimo
694 4522 988 4582 ponuntur.
1004 4511 1130 4582 71am
1164 4512 1211 4566 si
1246 4511 1658 4582 ’mquinortialia

133 4591 184 4636 et
209 4583 492 4638 solstitialia
525 4591 722 4652 puncta
761 4581 952 4636 mediis
1000 4581 1054 4634 in
1107 4582 1279 4651 signis
1322 4581 1652 4648 constituas,

135 4653 227 4707 hoc
250 4662 325 4708 est
353 4655 396 4708 si
421 4651 729 4724 quindecim
758 4651 1040 4724 gradibus,
1093 4653 1176 4706 vel
1221 4652 1448 4724 dimidio
1489 4652 1660 4707 dodeo

135 4725 402 4778 catemorio
459 4731 763 4778 antevertas
827 4723 1166 4792 singulorum
1226 4723 1400 4788 initia,
1435 4737 1658 4778 necesse

135 4802 210 4847 est
239 4794 306 4847 uti
330 4794 702 4848 australiorem
721 4791 1126 4847 succedentium
1153 4791 1206 4844 in
1238 4793 1518 4857 laterculo,
1569 4794 1655 4847 cui

140 4867 438 4931 posteriores
480 4863 645 4932 pedes
672 4862 1017 4932 aﬂinguntur,
1043 4861 1377 4932 adrVirginis
1427 4863 1654 4932 gradum

139 4931 374 4986 decimum
395 4948 423 4986 a
450 4931 554 4986 κᾶν
586 4934 779 4986 Leonis
806 4931 822 4986 Ξ
855 4933 934 4988 sic
960 4931 1258 4986 anteriores
1293 4931 1453 5000 pedes
1481 4948 1510 4984 a
1543 4940 1655 4986 ter-

141 5003 207 5056 tio
230 5001 425 5065 Leonis.
455 5002 520 5056 ad
577 5003 846 5057 decimum
883 5011 1132 5057 octavum
1161 5003 1375 5071 iutique
1427 5002 1655 5057 descen-

137 5073 266 5128 dere.
293 5071 512 5127 Proinde
536 5073 736 5141 liquido
753 5081 965 5128 constat
981 5070 1380 5141 emendandum
1403 5072 1483 5126 sic
1505 5086 1649 5135 esse,

139 5151 192 5195 ut
217 5141 303 5197 Leo
325 5159 416 5213 pro
444 5139 648 5197 Cancro
680 5143 965 5212 utrobique
992 5150 1308 5213 reponatur.
1339 5139 1453 5213 Nisi
1513 5141 1653 5213 [orte

139 5209 400 5285 παρόραμα
431 5213 482 5267 id
511 5209 952 5285 scriptoris,non
983 5209 1286 5282 ἁμάρτημα
1345 5212 1466 5265 fuit.
1522 5209 1652 5285 Hip-

142 5283 345 5352 parchus
371 5291 422 5338 et
471 5284 676 5352 antiqui
701 5283 1060 5349 longitudines
1089 5286 1364 5336 stellarum
1397 5285 1448 5335 in
1478 5283 1652 5350 aequi-

140 5355 347 5417 noctiali,
389 5353 473 5408 vel
530 5353 581 5407 ei
645 5353 900 5422 parallelo
953 5353 1159 5405 circulo
1212 5353 1648 5422 computabant:

142 5439 276 5494 quem
302 5427 451 5478 etiam
477 5421 778 5494 zodiaéuin,
807 5421 1033 5494 ejusque
1065 5434 1243 5494 partes
1271 5421 1434 5487 ζώδια
1467 5422 1648 5494 nomi-

143 5489 332 5564 nabant.
352 5493 491 5564 quod
523 5492 888 5564 valde_mi_ror.
919 5489 1094 5564 Sic‘e’t
1126 5493 1178 5546 in
1202 5495 1352 5548 calce
1383 5494 1511 5548 libri
1545 5493 1650 5546 hu-

140 5563 217 5634 jus
237 5560 396 5627 ζώδιον
420 5564 659 5634 appellat
683 5560 1160 5634 δωδεκατημόριον.

203 5634 296 5706 (56)
339 5630 646 5690 unum
667 5630 1100 5705 .Taﬁpoc."ﬂic_
1117 5633 1367 5706 equidem
1420 5633 1650 5702 φιλονει-

1696 4343 1740 4399 D

1777 3129 1940 3185 modo
1970 3127 2276 3199 signiﬁcat;
2304 3126 2450 3182 velut
2473 3127 2626 3180 initio
2643 3127 2781 3196 signi
2813 3127 2866 3180 in
2899 3127 3179 3181 horizonte
3205 3142 3340 3181 con-

1778 3224 1992 3286 stituto,
2033 3236 2280 3292 quaenam
2315 3227 2502 3274 exorta
2537 3219 2780 3288 proxime
2811 3218 3145 3272 horizontem
3178 3233 3341 3288 appa-

1778 3324 1950 3372 reant.
1984 3313 2155 3368 Porro
2177 3314 2334 3384 longe
2360 3320 2484 3367 ante
2507 3312 2787 3367 sinistrum
2817 3310 3005 3380 pedem
3029 3312 3217 3365 dexter
3239 3311 3342 3364 hu-

1778 3421 1983 3471 merus,
2025 3404 2322 3474 dextraque
2380 3415 2574 3456 manus
2627 3402 2820 3456 oritur.
2867 3399 2944 3454 Ex
2983 3417 3090 3472 quo
3137 3400 3340 3471 lirmido

1771 3506 2029 3572 εοιιειιιι,⁸
2056 3495 2355 3553 secundum
2399 3495 2622 3548 Aratum
2667 3493 2865 3563 ipsum,
2900 3509 2962 3549 ea
3005 3493 3178 3550 solum
3219 3509 3340 3564 quae

1770 3590 1839 3645 ad
1871 3589 2034 3662 pedes
2065 3596 2213 3652 sunt,
2235 3587 2368 3644 oriri
2401 3601 2527 3647 cum
2568 3581 2778 3654 Tauro;
2815 3585 3081 3657 reliquum
3113 3600 3337 3657 corpus.

1771 3809 1914 3886 κίαν.
1950 3805 2244 3886 Hipparchi
2305 3808 2528 3886 .audare
2577 3824 2686 3864 non
2707 3824 2970 3886 possum,
3002 3815 3095 3885 qui
3131 3823 3331 3886 prater

1768 3879 1860 3949 jus
1889 3877 2113 3957 Aratum
2145 3880 2446 3957 redarguit.
2481 3877 2600 3957 an
2632 3877 2776 3935 eniin
2831 3877 3036 3957 _to:u|n'
3067 3877 3330 3957 Aurigam

1771 3948 1894 4004 cum
1925 3949 2106 4024 Tauro
2138 3950 2213 4002 ait
2238 3948 2486 4024 crortuin
2523 3948 2721 4024 facere,
2751 3952 3002 4024 sedcum
3042 3948 3332 4024 pedesville

1771 4035 1902 4096 suos
1929 4021 1994 4073 ad
2024 4018 2260 4096 Taurum
2284 4020 2512 4096 haheat,
2562 4019 2628 4096 de
2653 4021 2737 4075 his
2773 4018 3078 4096 ipsis_loqiii
3132 4039 3332 4096 puum-

1769 4089 1872 4146 dus
1899 4101 1999 4153 est,
2031 4099 2082 4142 ut
2121 4089 2539 4167 liicsensussit,
2573 4089 2866 4167 interprete
2889 4089 3148 4159 Theone;
3179 4115 3330 4167 qua:-

1767 4176 1985 4233 cunque
2013 4168 2191 4233 partes
2216 4158 2478 4233 Heniochi
2519 4175 2640 4233 cum
2703 4158 2884 4215 Tauro
2927 4158 3324 4233 conscendunt,

1767 4245 1860 4304 eas
1904 4231 2204 4304 simuinon
2235 4231 2523 4304 cecidere.
2559 4229 2718 4304 _Nam
2760 4247 2826 4286 ex
2874 4234 2960 4293 iis.
3010 4253 3129 4304 quae
3161 4229 3327 4294 simul

1768 4299 2392 4376 pri_untur,_borealiora,
2431 4299 2575 4376 quod
2608 4303 2866 4376 majorem
2903 4299 3089 4359 arcum
3144 4311 3325 4376 paral-

1765 4370 1852 4436 leli
1890 4373 1972 4424 sui
2009 4370 2200 4424 circuli
2232 4386 2396 4439 supra
2435 4372 2700 4425 linitorem
2735 4373 2986 4437 habeant,
3038 4370 3236 4433 lentius
3268 4380 3324 4435 in

1763 4456 2020 4496 occasum
2055 4443 2393 4510 praecipitant
2421 4457 2434 4505 ;
2468 4443 2792 4496 australiora
2830 4459 2956 4498 vero
2981 4447 3144 4502 citius
3175 4451 3325 4504 oeci-

1762 4512 1918 4586 d_unt.
1969 4511 2185 4586 A-tenim
2227 4521 2416 4586 contra
2465 4511 2607 4586 hanc
2667 4515 3063 4586 expositionem
3129 4518 3323 4586 objicit

1768 4580 2130 4652 Hipparchus,
2184 4583 2516 4652 etiamJLua:
2543 4580 2610 4634 ad
2667 4580 2828 4650 pedes
2878 4596 3006 4639 sunt
3058 4580 3319 4643 Heniochi

1768 4599 2130 4652 mpparcnus,
2184 4599 2516 4704 ettamqpa:
2543 4599 2610 4634 aa
2667 4599 2828 4650 pedes
2878 4599 3006 4639 sunt
3058 4599 3319 4643 Heniochi

1760 4651 2220 4725 respondentibus
2257 4652 2372 4725 sibi
2462 4653 2590 4725 auri_
2631 4653 2884 4725 partibus
2938 4664 2992 4709 et
3045 4659 3321 4725 posterius

1759 4721 1983 4784 oriri,et
2021 4723 2172 4791 prius
2220 4723 2492 4777 occidere.
2557 4721 2662 4776 Sed
2696 4739 2802 4776 non
2838 4724 2890 4776 id
2915 4721 3101 4779 verum
3139 4737 3224 4782 est
3264 4731 3318 4782 in

1758 4792 2032 4845 omnibus.
2069 4792 2321 4857 Quaedam
2346 4793 2488 4847 enim
2515 4793 2801 4861 utrobique
2851 4795 3013 4849 simul
3059 4802 3319 4852 exoriun-

1758 4861 1961 4933 tur.7Et
1997 4862 2238 4933 profecto
2264 4863 2432 4917 falsus
2470 4861 2952 4933 estiHippart'hus;
2999 4867 3156 4933 cujus
3212 4869 3318 4922 hoc

1757 4932 1930 5006 oratio
1960 4932 2262 5006 signiﬁcat,
2295 4934 2497 5006 nullam
2523 4932 2683 4986 Tauri
2718 4940 2923 5006 partem
2979 4932 3101 4990 cum
3160 4945 3317 5006 parte

1755 5000 1952 5071 pedum
1986 5000 2242 5057 Heniochi
2280 5003 2441 5056 simul
2476 5000 2789 5058 ascendere.
2822 5005 2936 5058 Non
2972 5000 3176 5062 minus'
3208 5009 3314 5062 fal-

1757 5088 1878 5146 sum
1912 5081 1996 5126 cst
2033 5074 2175 5146 quod
2217 5072 2291 5124 ait
2318 5075 2482 5146 pedes
2512 5073 2772 5146 Heniochi
2799 5083 2940 5128 totos
2971 5079 3122 5146 prius
3165 5078 3314 5133 occi-

1755 5141 1904 5215 dere,
1941 5141 2102 5210 quam
2129 5141 2390 5215 Taurum.
2433 5141 2546 5196 Hoc
2576 5147 2655 5196 \el
2690 5141 2986 5215 Hipparchi
3014 5149 3185 5214 ipsius
3215 5165 3316 5202 au-

1753 5213 2005 5266 ctoritate
2049 5214 2413 5274 convincitur,
2462 5215 2552 5282 qui
2583 5215 2674 5266 lib.
2709 5213 2967 5275 "unum.
2997 5213 3114 5279 XV,
3169 5217 3314 5273 Tau-

1754 5293 1874 5359 rutn
1897 5284 1970 5359 ait
1989 5284 2236 5359 occidere
2261 5297 2382 5359 cum
2420 5284 2623 5359 zodiaci
2643 5299 2730 5359 pa:
2748 5295 2817 5347 te,
2834 5303 2954 5354 quae
2981 5298 3063 5341 est
3085 5305 3115 5342 a
3139 5289 3310 5359 gradu

1752 5351 1951 5408 Arietis
1980 5369 2068 5416 xx,
2097 5351 2162 5404 ad
2194 5351 2357 5425 Tauri
2386 5368 2534 5425 xxvi,
2556 5351 2802 5425 ultimam
2832 5351 3004 5409 autem
3035 5351 3308 5425 oi-ci'dere,

1753 5437 1873 5488 qua:
1903 5431 1985 5477 est
2011 5425 2064 5476 in
2096 5423 2433 5476 extremitate
2463 5423 2668 5477 sinisrri
2697 5439 2883 5476 cornu.
2925 5427 2993 5477 At
3021 5428 3159 5483 idem
3206 5423 3310 5486 hoc

1753 5493 1892 5564 libro
1928 5494 2098 5563 primo
2115 5500 2167 5545 et
2195 5508 2419 5564 num_ero
2449 5491 2514 5545 XI
2550 5501 2623 5546 ait
2654 5493 2900 5548 dextrum
2953 5498 3138 5564 pedem
3199 5499 3308 5556 He.

1751 5560 2281 5641 niochi'cumgradu
2309 5560 2674 5641 Tauri__xxvtt
2732 5560 3084 5641 descendere.
3138 5570 3312 5641 Igitur

1750 5633 1899 5702 prius
1918 5640 2066 5690 tctus
2091 5633 2305 5690 Taurus
2333 5633 2536 5691 occidit
2565 5649 2729 5706 quam
2760 5637 2924 5708 pedes
2951 5633 3239 5699 Ηεηίοεῇί,

3395 5745 3535 5831 f
