4040 6206
559 258 692 322 1031

1574 259 1665 320 AD
1700 259 1972 322 EUSEBII
2009 261 2408 321 CHRONICON
2444 264 2806 322 APPENDIX.

3657 275 3814 330 {052

555 397 646 438 res
681 387 809 437 sunt
837 372 904 436 iis
925 390 1050 452 quae
1085 390 1212 438 sunt
1241 379 1298 436 in
1352 379 1709 437 Andromedae
1739 383 1959 454 cingulo
2002 399 2016 436 :
2055 398 2119 439 ac

2229 383 2478 456 πρότεροί
2509 386 2613 439 εισι
2651 385 2758 440 τῶν
2787 387 2844 438 ὲν
2872 387 2936 456 τῇ
2967 385 3112 460 ζώνῃ
3142 385 3240 457 τῆς
3271 387 3630 460 ’Δνδρομέδας
3653 407 3670 421 ·
3712 391 3818 460 ἑγ-

555 473 803 546 proxime
833 471 900 526 ad
926 488 1018 528 eas
1043 473 1308 528 accedunt
1341 487 1462 543 quae
1519 473 1574 526 in
1619 473 1894 545 triangulo
1937 485 2067 532 sunt
2105 495 2119 530 :

557 571 620 620 ut
647 563 715 619 ab
741 563 820 619 eis
848 578 958 617 non
987 563 1217 618 multum
1242 570 1600 633 superentur;
1635 563 1729 618 sed
1763 573 1818 619 et
1873 565 1964 619 illa
2012 580 2125 635 prae

556 659 768 713 caeteris
802 656 1097 726 conspicua
1134 663 1239 720 est,
1288 669 1410 725 qua;
1464 653 1520 708 in
1580 655 1946 713 anterioribus
1978 657 2126 714 illius

556 749 786 820 pedibus
815 756 898 803 est
920 749 1117 819 posita.
1145 747 1307 802 Falso
1344 746 1569 818 insuper
1598 754 1653 803 et
1693 748 1828 804 illud
1852 750 1921 805 ab
1958 749 2126 804 Arato

555 843 761 896 diitum
787 850 872 897 est
899 858 911 893 :

562 953 684 1008 111w
708 970 824 1008 vero
849 953 1018 1007 adhuc
1043 952 1308 1019 anterius;
1336 961 1589 1022 praeterea
1615 961 1786 1022 autem
1814 952 1866 1005 in
1901 967 2126 1022 procur-

1688 1021 1852 1095 [sibus
1878 1024 2049 1078 austri

559 1093 786 1150 Pisces“
800 1129 815 1148 .

629 1187 764 1242 Nam
795 1199 1134 1256 nequaquam
1182 1186 1343 1240 ambo
1371 1193 1501 1242 sunt
1526 1185 1712 1242 Pisces
1766 1185 2126 1241 australiores

557 1279 780 1344 Ariete,
811 1281 904 1334 sed
961 1294 1102 1334 unus
1145 1279 1409 1333 duntaxat
1445 1280 1685 1336 illorum.
1746 1277 1959 1333 Etenim
2005 1295 2128 1350 qua:

558 1379 685 1424 sunt
722 1370 774 1422 in
802 1381 982 1424 rostro
1016 1371 1338 1426 borealioris
1361 1369 1622 1434 Piscium,
1659 1370 1821 1439 paulo
1853 1385 1976 1423 cum
2014 1370 2126 1424 sint

557 1462 913 1516 australiores
937 1463 1265 1518 succedente
1294 1477 1481 1516 carum
1507 1477 1627 1532 quae
1659 1461 1714 1516 in
1768 1461 2128 1517 Andromeda:

558 1554 776 1624 cingulo
797 1569 826 1606 a
857 1542 1265 1623 septentrionali
1303 1555 1426 1624 polo
1453 1554 1661 1608 distant
1717 1554 1966 1624 partibus
2011 1552 2079 1607 70
2107 1571 2121 1620 ;

558 1645 891 1699 antecedens
915 1660 1042 1699 vero
1065 1661 1250 1700 earum
1285 1660 1404 1714 qua:
1426 1653 1554 1699 sunt
1587 1645 1641 1698 in
1676 1644 1848 1698 cauda
1879 1644 2047 1699 distat
2096 1659 2127 1697 a

2229 490 2391 542 γιστα
2412 473 2468 528 δὲ
2489 476 2582 528 καὶ
2615 476 2720 529 τῶν
2758 478 2815 529 ὲν
2839 476 2915 547 τῷ
2938 477 3188 550 τριγώνῳ
3238 479 3298 532 οὐ
3326 480 3460 534 πολὺ
3489 479 3817 552 λειπόμενοι

2229 565 2427 620 αὐτῶν.
2476 566 2671 631 Καλῶς
2709 567 2766 620 δέ
2809 569 2955 622 ἐστιν
2998 569 3236 642 ἐκφανὴς
3264 572 3357 625 καὶ
3391 574 3420 626 6
3468 575 3524 626 ὲν
3567 578 3680 637 τοῖς
3706 577 3815 645 ἐμ.

2227 659 2506 730 προσθίοις
2536 659 2698 714 αὑτοῦ
2742 661 2866 714 ποσὶ
2905 662 3172 732 κείμενος.
3209 664 3434 728 Ψευδῶς
3483 665 3541 719 δὲ
3584 665 3815 735 λέγεται

2227 752 2322 805 καὶ
2347 752 2518 805 ταῦτα
2543 752 2646 806 ὑπὸ
2667 752 2760 806 τοῦ
2805 753 3032 824 Ἀράτου
3057 771 3071 784 ·

2231 959 2294 1010 οι
2325 953 2378 1010 δ’
2412 955 2501 1024 ἄρ’
2529 956 2614 1009 ἔτι
2636 954 2922 1024 προτέρω·
2955 955 3041 1009 ἔτι
3066 956 3117 1008 δ’
3145 957 3215 1010 ἐν
3240 957 3575 1027 προϐολῇσι
3603 960 3812 1014 νότοιο

2239 1092 2453 1161 Ἰχθύες
2463 1136 2476 1149 .
2489 1137 2500 1148 .
2511 1133 2523 1146 .
2534 1131 2547 1146 .

2297 1187 2369 1239 Οὐ
2401 1186 2508 1256 γὰρ
2525 1185 2820 1257 ἀμφότεροι
2834 1183 3140 1254 νοτιὼτεροί
3167 1183 3270 1236 εἰσι
3287 1173 3380 1236 τοῦ
3403 1182 3598 1255 Κριοῦ,
3635 1184 3750 1237 ἀλλ’
3774 1187 3811 1240 ὁ

2226 1271 2306 1342 εἷς
2337 1279 2534 1332 αὐτῶν.
2572 1279 2677 1331 Τοῦ
2723 1277 2830 1349 γὰρ
2861 1277 3195 1348 βορειοτέρου
3231 1274 3432 1347 Ἰχθύος
3469 1277 3520 1329 οἱ
3573 1275 3669 1346 μὲν
3707 1276 3809 1329 ἐπὶ

2226 1370 2319 1424 τοῦ
2361 1367 2610 1442 ῥύγχους,
2659 1370 2839 1443 μικρῷ
2883 1369 3190 1440 νοτιὼτεροι
3220 1371 3370 1432 ὄντες
3401 1368 3494 1422 τοῦ
3535 1365 3806 1438 ἑπομένου

2226 1462 2332 1516 τῶν
2372 1465 2427 1516 ὲν
2463 1465 2528 1534 τῇ
2575 1461 2716 1534 ζώνῃ
2747 1463 2848 1533 τῆς
2885 1462 3259 1534 Ἀνδρομέδας,
3301 1460 3410 1515 ἀπὸ
3445 1460 3539 1514 τοῦ
3593 1460 3808 1532 βορείου

2229 1555 2391 1608 πόλου
2433 1555 2692 1625 ἀπέχουσι
2747 1555 2854 1626 μοί.
2891 1555 2952 1607 θ’·
2987 1557 3015 1607 6
3057 1554 3111 1607 δὲ
3153 1553 3456 1625 ἡγούμενος
3500 1553 3610 1606 τῶν
3653 1555 3708 1606 ἐν
3735 1556 3808 1624 τῇ

2228 1649 2362 1721 οὐρᾷ
2386 1648 2576 1718 ἀπέχει
2599 1647 2692 1700 τοῦ
2724 1646 2932 1718 βορείου
2959 1645 3122 1699 πόλου
3150 1645 3260 1716 μοί.
3283 1651 3361 1714 οη⁹
3378 1655 3392 1674 "
3420 1643 3529 1698 τῶν
3558 1643 3615 1697 δὲ
3643 1645 3700 1696 ὲν
3726 1644 3815 1714 τῷ

557 1740 684 1809 polo
706 1739 908 1793 boreali
939 1739 1187 1809 partibus
1215 1733 1313 1804 78;
1342 1739 1624 1792 stellarum
1655 1753 1819 1809 porro
1848 1754 1968 1808 qua:
1999 1745 2127 1792 sunt

2229 1739 2382 1812 Κριῷ
2399 1741 2643 1812 ἀστέρων
2659 1742 2685 1792 6
2718 1739 2814 1810 μὲν
2839 1738 3171 1810 βορειότερος
3197 1737 3290 1791 καὶ
3312 1738 3404 1790 ἐπὶ
3440 1735 3536 1790 τοῦ
3571 1735 3812 1806 ῥύγχους

558 1830 614 1885 in
647 1831 826 1887 Ariete
858 1832 1126 1886 borealior
1153 1835 1205 1884 in
1241 1839 1420 1885 rostro
1459 1831 1563 1885 sita
1615 1831 1770 1886 abest
1797 1845 1828 1883 a
1859 1830 1982 1900 polo
2006 1845 2130 1899 par-

558 1923 705 1978 tibus
734 1923 892 1993 paulo
937 1923 1117 1977 minus
1154 1921 1219 1975 78
1274 1940 1288 1976 :
1326 1923 1406 1976 sic
1450 1922 1612 1977 etiam
1641 1937 1698 1976 se
1741 1922 1900 1976 habet
1938 1937 2130 1977 earum

559 2032 680 2086 quae
715 2023 843 2070 suut
881 2015 936 2068 in
991 2016 1165 2069 cauda
1201 2015 1493 2070 borealior.
1541 2015 1607 2068 At
1635 2029 1754 2084 qua:
1808 2029 1903 2083 per
1955 2021 2129 2066 totum

559 2123 759 2178 corpus
783 2107 985 2162 Arietis
1015 2108 1200 2160 insunt
1230 2107 1418 2168 stellae,
1456 2121 1645 2160 omnes
1697 2105 1806 2160 illis
1841 2104 2129 2159 australio-

561 2215 647 2255 res
686 2207 829 2253 sunt.
863 2193 1042 2263 Quare
1071 2214 1178 2252 non
1210 2198 1432 2252 dubium
1452 2204 1535 2252 est
1563 2197 1694 2268 quin
1724 2193 1964 2252 Piscium
1997 2196 2132 2251 alter

561 2291 632 2347 sit
655 2290 838 2345 Ariete
861 2291 1153 2344 borealior.

631 2383 829 2440 Verum
882 2381 1026 2453 quod
1063 2382 1127 2436 ad
1160 2382 1398 2436 Arietem
1447 2379 1688 2451 spectat,’
1729 2379 1785 2434 in
1838 2379 1923 2434 his
1954 2375 2127 2434 Attali

560 2479 743 2534 verbis
771 2477 940 2531 altera
965 2476 1186 2547 insuper
1216 2474 1443 2530 inscitia‘
1463 2481 1566 2529 est.
1599 2492 1618 2524 ι
1655 2472 1790 2527 Cum
1823 2472 1969 2528 enim
2010 2472 2132 2525 ani-

563 2567 929 2624 madverteret
954 2567 1192 2620 Arietem
1216 2581 1391 2635 neque
1419 2567 1552 2620 satis
1573 2579 1834 2634 expresse
1888 2562 2130 2618 delinea-

562 2668 700 2722 tum,
734 2674 906 2728 neque
937 2657 1137 2712 lucidis
1181 2656 1357 2711 stellis
1395 2671 1518 2710 esse
1549 2655 1832 2725 praeditum
1853 2696 1868 2720 ,
1902 2669 2023 2725 quae
2046 2654 2130 2706 lu-

559 2759 716 2805 cente
743 2749 868 2803 luna
895 2749 1107 2818 plenam
1130 2747 1346 2802 videndi
1374 2747 1458 2801 sui
1493 2749 1702 2817 copiam
1734 2745 1939 2800 faciant
1964 2763 1978 2811 ;
2006 2761 2131 2801 cum

559 2843 1044 2915 propinquioribus
1076 2841 1305 2896 estellis
1353 2840 1519 2895 situm
1586 2840 1802 2892 illarum
1855 2839 2131 2909 explicare

561 2936 781 3003 nititur,
824 2944 937 2989 tum
968 2950 1038 2988 ex
1069 2935 1134 2988 iis
1169 2949 1288 3004 qua:
1321 2934 1374 2986 in
1408 2931 1596 2986 eodem
1626 2947 1751 2986 cum
1782 2931 1967 2987 Ariete
2021 2932 2131 2986 cir-

560 3027 686 3082 eu-lo
722 3032 1032 3079 moventur.
1069 3041 1087 3074 ›
1130 3020 1235 3076 Sed
1267 3029 1328 3074 nt
1349 3021 1594 3074 omittam
1624 3019 1836 3073 lucidas
1866 3020 1920 3074 in
1947 3019 2130 3075 Ariete

2233 1832 2481 1904 κείμενος
2527 1831 2716 1903 ἀπέχει
2763 1832 2956 1903 μοίρας
3004 1830 3184 1903 μικρῷ
3225 1830 3514 1894 λειπούσας
3542 1831 3653 1883 τῶν
3683 1839 3811 1900 οη’⁶

2233 1925 2431 1994 ὁμοίως
2455 1921 2511 1978 δὲ
2540 1921 2712 1994 τούτῳ
2753 1922 2848 1977 καὶ
2879 1927 2907 1978 6
2943 1923 3274 1996 βορειότερος
3307 1923 3412 1977 τῶν
3442 1925 3497 1976 ὲν
3529 1927 3594 1994 τῇ
3645 1924 3807 1996 οὐρᾷ.

2233 2016 2294 2069 Οἱ
2323 2015 2377 2068 δὲ
2415 2016 2472 2068 ὲν
2497 2015 2602 2085 ὅλῳ
2643 2013 2721 2085 τῷ
2747 2015 2958 2085 σώματι
3004 2016 3243 2086 κείμενοι
3272 2014 3366 2068 τοῦ
3394 2015 3567 2086 Κριοῦ
3605 2014 3812 2079 πάντες

2233 2109 2340 2160 εἰσὶ
2384 2106 2688 2181 νοτιώτεροι
2729 2106 2953 2161 τούτων.
2985 2107 3152 2178 Δῆλον
3200 2103 3291 2161 οὖν
3343 2107 3423 2160 ὅτι
3467 2106 3812 2178 βορειότερός

2231 2194 2379 2250 ἐστιν
2409 2200 2437 2250 6
2457 2193 2536 2262 εἷς
2559 2199 2667 2252 τῶν
2709 2198 2928 2270 Ἰχθύων
2960 2197 3054 2251 τοῦ
3082 2197 3271 2270 Κριοῦ.

2314 2379 2401 2432 Ἐν
2425 2377 2481 2430 δὲ
2509 2376 2621 2441 τοῖς
2647 2379 2774 2448 περὶ
2799 2377 2887 2433 τὸν
2920 2378 3090 2451 Κριὸν
3118 2382 3210 2434 καὶ
3238 2382 3265 2434 6
3303 2383 3566 2447 ’Ἄτταλος
3597 2386 3813 2452 ἀγνοεῖ,

2231 2467 2403 2538 λέγων
2431 2468 2602 2533 οὕτως
2622 2487 2635 2500 °
2673 2489 2692 2522 ι
2726 2472 3019 2526 Κατανοῶν
3045 2473 3100 2525 δὲ
3127 2471 3217 2526 τὸν
3260 2475 3427 2546 Κριὸν
3482 2475 3605 2528 οὔτε
3649 2479 3814 2547 ἀκριο

2233 2559 2342 2624 ὃῶς
2367 2561 2852 2633 διατετυπωμένον,
2883 2562 3004 2617 οὔτε
3027 2565 3308 2636 λαμπροὺς
3327 2567 3565 2638 ἀστέρας
3591 2568 3814 2639 ἔχοντα,

2230 2653 2557 2724 δυναμένους
2602 2654 2658 2708 δὲ
2703 2657 2796 2710 καὶ
2827 2658 2883 2710 ἐν
2917 2656 3112 2730 σελήνῃ
3157 2655 3424 2730 λαμπρῶς
3463 2660 3813 2731 Θεωρεῖσθαι,

2231 2745 2319 2799 διά
2343 2763 2403 2799 τε
2430 2746 2538 2800 τῶν
2556 2747 2971 2819 παρακειμένων
3003 2749 3244 2819 ἀστέρων
3263 2755 3516 2823 πειρᾶται
3540 2753 3636 2824 τὴν
3653 2752 3814 2806 θέσιν

2232 2836 2407 2889 αὐτῶν
2422 2837 2703 2907 διασαφεῖν
2723 2878 2738 2903 ,
2769 2839 2861 2892 καὶ
2883 2838 2970 2892 διὰ
2987 2839 3092 2892 τῶν
3125 2840 3213 2893 τὸν
3234 2841 3392 2895 αὑτὸν
3426 2843 3574 2914 αὐτῷ
3603 2843 3816 2898 κύκλον

2233 2930 2565 3002 φερομένων.
2600 2950 2618 2984 ι
2664 2932 2846 3004 Χωρὶς
2882 2932 2990 3002 γὰρ
3027 2933 3120 2986 τοῦ
3159 2933 3444 3006 λαμπροὺς
3467 2936 3630 2988 αὐτὸν
3664 2935 3813 3007 ἔχειν

2232 3019 2486 3090 ἀστέρας,
2512 3021 2638 3084 τοὺς
2667 3022 2724 3074 ὲν
2751 3024 2816 3092 τῇ
2848 3023 3077 3094 κεφαλῇ,
3104 3024 3180 3087 ὡς
3215 3025 3442 3094 ἔφαμεν,
3475 3028 3570 3078 καὶ
3595 3027 3725 3091 τοὺς
3751 3030 3812 3080 ὲν

560 3114 748 3170 stellas
777 3127 920 3175 esse,
942 3126 1064 3182 quae
1092 3117 1241 3176 sunt,
1296 3118 1354 3164 ut
1386 3109 1646 3174 diximus,
1675 3109 1727 3162 in
1757 3109 1968 3179 capite,
2031 3124 2127 3164 nec

2230 3114 2342 3175 τοῖς
2385 3109 2735 3184 ἐμπροσθίοις
2775 3115 2920 3178 ποσὶ,
2952 3116 3045 3168 καὶ
3079 3117 3469 3186 ἀπεκδέχεσθαί
3516 3137 3606 3188 μοι
3637 3119 3809 3184 δοκεῖ,

560 3221 670 3260 non
702 3206 756 3258 in
782 3204 1150 3259 auterioribus
1185 3201 1415 3272 pedibus
1452 3220 1465 3255 :
1503 3202 1635 3256 illud
1659 3202 1820 3257 etiam
1846 3216 2129 3272 perperam

560 3295 838 3366 accepisse
878 3295 1112 3358 videtur,
1149 3294 1468 3350 existimans
1515 3293 1680 3348 situm
1713 3293 1916 3349 Arietis
1947 3292 2131 3348 deela-

561 3402 714 3443 rasse
737 3398 948 3458 poetam
980 3385 1329 3457 perspicuum
1372 3385 1488 3440 fore
1531 3385 1598 3440 iis
1628 3401 1658 3440 e
1685 3386 1860 3442 stellis
1910 3398 2030 3456 qua:
2073 3385 2130 3440 in

563 3479 752 3534 eodem
784 3495 908 3534 eum
938 3479 1055 3550 ipso
1075 3479 1282 3533 circulo
1312 3477 1563 3533 feruntur
1591 3497 1602 3531 :
1636 3478 1795 3548 cujus
1835 3478 1915 3533 rei
1956 3477 2129 3548 gratia

563 3569 698 3625 illud
730 3571 998 3626 observat.
1036 3569 1237 3624 Verum
1290 3569 1439 3640 quod
1485 3568 1724 3625 Arietem
1774 3570 2130 3640 consequitur

561 3642 869 3733 exponens,
888 3666 990 3718 ista
1011 3663 1235 3733 subjicit
1269 3681 1283 3717 :

637 3773 705 3847 I_n
732 3774 899 3847 medio
929 3793 1044 3830 vero
1082 3779 1200 3830 terit
1231 3779 1408 3847 ingens
1436 3776 1620 3847 costum
1646 3791 1664 3829 :
1695 3775 1786 3830 ubi
1814 3783 2061 3830 extrema

637 3845 830 3911 Clielaa,
858 3856 906 3901 et
940 3848 1204 3918 cingulum
1239 3845 1408 3901 oritur
1444 3846 1683 3905 Orionis.

632 3961 771 4019 XIV.
797 3963 853 4020 In
889 3965 1242 4035 sequentibus
1278 3979 1406 4019 vero
1441 3963 1584 4019 alius
1640 3977 1797 4018 error
1835 3969 1922 4018 est
1950 3958 2126 4028 Arati,

563 4072 688 4114 eum
715 4057 781 4112 de
813 4056 1010 4112 Perseo
1033 4059 1113 4112 sic
1137 4057 1375 4128 loquitur
1411 4074 1424 4111 :

633 4171 881 4227 Proxime
911 4187 1027 4224 vero
1054 4173 1328 4224 sinistrum
1360 4187 1493 4240 genu
1525 4169 1816 4224 admodum
1840 4183 2015 4225 omnes

640 4243 880 4312 Vergilio:
910 4242 1174 4310 feruntur.

630 4333 765 4388 Nam
816 4334 972 4404 longe
1017 4332 1168 4386 abest
1207 4346 1238 4385 a
1290 4331 1546 4401 Vergiliis
1610 4331 1894 4386 sinistrum
1940 4329 2126 4384 Persei

2235 3202 2628 3276 ὑπολαμϐάνων
2661 3207 2939 3277 διασαφεῖν
2983 3208 3144 3262 αὐτὸν
3185 3210 3282 3281 τὴν
3315 3209 3462 3263 θέσιν
3496 3210 3590 3264 τοῦ
3637 3212 3810 3282 Κριοῦ

2233 3299 2470 3370 φανερὰν
2500 3299 2716 3354 ἔσεσθαι
2747 3299 2834 3353 διὰ
2867 3299 2974 3353 τῶν
3006 3300 3095 3354 τὸν
3121 3301 3282 3354 αὑτὸν
3321 3301 3519 3356 κύκλον
3547 3302 3624 3375 τῷ
3653 3303 3810 3374 Κριῷ

2232 3389 2546 3462 φερομένων
2569 3408 2582 3421 ·
2615 3392 2708 3444 καὶ
2746 3391 2932 3445 τούτου
2958 3391 3118 3463 χάριν
3158 3394 3604 3464 ἐπισημαίνεται.
3645 3396 3812 3449 Ἀλλὰ

2229 3481 2291 3536 τὸ
2364 3483 2745 3555 παρεπόμενον
2797 3485 2874 3556 τῷ
2945 3484 3100 3556 Κριῷ
3166 3485 3481 3556 διασαφῶν,
3563 3487 3814 3556 ἐπιλέγει

2230 3575 2402 3640 οὕτως
2419 3591 2435 3608 ·

2229 3773 2494 3848 Μεσσνόθι
2532 3775 2809 3848 ,τρίϐει
2837 3774 3028 3846 μέγαν
3051 3777 3326 3846 οὐρανὸν,
3352 3770 3459 3848 ᾗχι
3484 3793 3596 3848 περ
3631 3779 3814 3848 ἄκροι

2227 3847 2416 3914 Χηλιιὶ
2449 3846 2545 3901 καὶ
2582 3845 2729 3916 ζώνη
2765 3845 3172 3915 περιτέλλεται
3221 3845 3518 3916 Ὠρίωνος.

2298 3959 2395 4012 lA'.
2437 3959 2524 4012 ’Ev
2557 3960 2612 4013 δὲ
2644 3962 2757 4024 τοῖς
2785 3959 2911 4031 ἑξῆς
2932 3961 3115 4029 ἀγνοεῖ
3140 3962 3169 4014 6
3195 3962 3449 4032 Ἄρατος,
3478 3962 3656 4032 λέγων
3679 3964 3812 4036 περὶ

2226 4049 2320 4102 τοῦ
2347 4051 2600 4122 Περσέως
2618 4064 2632 4079 '

2302 4168 2461 4236 Ἅγχι
2492 4167 2559 4220 δέ
2586 4171 2639 4221 οἱ
2667 4167 2884 4235 σκαιῆς
2915 4165 3293 4235 ἐπιγουνίδος
3329 4165 3510 4235 ἤλιθα
3537 4164 3724 4220 πᾶσαι

2299 4237 2592 4305 Πληϊάδες
2621 4238 2950 4308 φορέονται.

2298 4329 2438 4382 Πολὺ
2480 4329 2588 4400 γὰρ
2631 4329 2824 4399 ἀπέχει
2855 4329 2916 4382 τὸ
2947 4329 3229 4400 ἀριστερὸν
3257 4327 3387 4397 γόνυ
3425 4324 3509 4380 τοῦ
3536 4325 3807 4396 Περσέως

561 4443 720 4500 genu.
751 4427 966 4480 Attalus
1011 4440 1142 4480 vero
1201 4425 1364 4495 etiam
1422 4424 1744 4494 particulam
1786 4423 1914 4492 ἄγχι
1963 4429 2124 4493 negat

2229 4420 2335 4476 ἀπὸ
2357 4420 2464 4474 τῶν
2497 4419 2796 4491 Πληῖἀδων.
2851 4421 2908 4474 '0
2932 4421 2988 4474 δὲ
3016 4421 3278 4485 ’Ἄτταλός
3321 4437 3453 4492 φησι
3487 4419 3611 4490 μηδὲ
3643 4417 3804 4471 ὲνδέο

560 4519 814 4588 usurpari
840 4532 937 4587 pro
970 4531 1036 4572 eo
1061 4515 1204 4586 quod
1243 4525 1324 4570 est
1357 4531 1544 4584 prope;
1590 4514 1684 4570 sed
1717 4514 1857 4568 idem
1899 4529 2022 4570 esse
2061 4529 2124 4571 ac

559 4611 814 4680 proxime.
859 4609 1019 4664 Putat
1091 4607 1236 4663 enim
1297 4605 1550 4676 Vergiliis
1598 4606 2126 4677 propinquissimum

561 4702 803 4757 omnium
826 4702 1101 4757 stellarum
1119 4715 1240 4755 esse
1270 4715 1408 4770 genu
1425 4698 1727 4753 sinistrum.
1748 4695 1909 4752 Falso
1930 4697 1981 4752 id
2013 4697 2127 4768 qui-

560 4795 705 4851 dem.
729 4795 934 4850 Etenim
963 4794 1082 4849 duze
1097 4793 1306 4859 lucidas,
1328 4808 1450 4863 qua:
1468 4794 1665 4847 suntin
1688 4791 1915 4846 sinistro
1937 4788 2124 4846 Persei

562 4885 718 4954 pede,
752 4893 866 4938 tum
899 4900 1019 4954 qua:
1073 4884 1127 4938 in
1185 4883 1407 4938 sinistra
1470 4883 1621 4947 tibia,
1671 4883 1960 4953 propiores
1998 4889 2126 4940 sunt

563 4974 816 5049 Vergiliis
838 4992 997 5047 quam
1018 4992 1158 5048 genu
1183 4977 1466 5031 sinistrum
1481 5015 1494 5030 .

629 5153 728 5208 Est
761 5151 814 5206 id
843 5153 1004 5207 etiam
1032 5153 1183 5208 Arati
1212 5153 1722 5226 falsum,Vergilias
1757 5169 1852 5211 sex
1879 5161 2126 5210 tantum-

561 5244 725 5301 modo
752 5251 1001 5300 constare
1031 5246 1224 5310 stellis,
1248 5248 1448 5318 quippe

632 5396 694 5429 ...
726 5366 938 5429 septem,
968 5357 1162 5428 inquit,
1190 5359 1296 5415 illm
1326 5369 1499 5429 aperte
1531 5369 1802 5424 vocantur,

629 5427 734 5484 Sex
765 5428 892 5483 sola:
911 5427 1143 5500 quamvis
1169 5427 1424 5485 exsistunt
1458 5433 1752 5500 conspicua:
1780 5429 1972 5488 oculis.

625 5538 728 5598 Sed
753 5545 854 5598 boc
886 5544 1036 5600 illum
1062 5544 1212 5616 fugit.
1246 5544 1380 5600 Nam
1426 5548 1470 5602 si
1509 5549 1632 5620 quis
1663 5561 1854 5629 serena
1887 5555 1938 5602 et
1968 5543 2122 5600 illuni

555 5640 720 5688 nocte
764 5633 1007 5700 intendat
1045 5637 1254 5703 oculos,
1311 5647 1513 5706 septem
1571 5639 1628 5694 in
1679 5639 1770 5696 illa
1837 5636 2122 5694 constella-

559 5719 707 5782 tione
734 5723 902 5782 stellae
955 5725 1234 5816 contineri.
1264 5724 1534 5786 videntur.
1573 5727 1728 5789 Unde
1777 5729 1928 5789 subit
1979 5727 2114 5788 illud

2229 4511 2416 4584 χεσθαι
2482 4513 2540 4565 τὸ
2586 4511 2725 4581 ἄγχι
2775 4511 2896 4565 ἀντὶ
2927 4510 3020 4566 τοῦ
3083 4512 3295 4582 ἐγγὺς,
3357 4512 3472 4565 ἀλλ’
3522 4510 3640 4566 ἀντὶ
3700 4509 3805 4565 τοῦ

2225 4600 2545 4672 ἐγγυτάτω.
2596 4601 2851 4656 Βούλεται
2901 4602 3010 4674 γὰρ
3054 4602 3263 4672 λέγειν,
3326 4605 3514 4674 φησιν,
3566 4603 3804 4672 ὲγγυτᾶ-

2226 4713 2302 4748 τω
2327 4695 2432 4749 τῶν
2470 4694 2752 4766 Πληῖάδων
2790 4695 3001 4748 κεῖσθαι
3026 4695 3087 4748 τὸ
3131 4695 3420 4767 ἀριστερὸν
3468 4696 3596 4764 γόνυ
3649 4696 3807 4766 παρὰ

2225 4787 2350 4849 τοὺς
2373 4785 2592 4850 λοιποὺς
2621 4787 2879 4858 ἀστέρας.
2905 4787 3018 4841 Οὐκ
3048 4783 3106 4840 εὖ
3130 4787 3185 4840 δὲ
3225 4786 3369 4856 λέγει
3401 4786 3584 4841 τοῦτο.
3610 4789 3672 4842 Οἱ
3694 4788 3802 4858 γὰρ

2227 4879 2284 4930 ὲν
2317 4876 2392 4948 τῷ
2438 4879 2708 4950 ἀριστερῷ
2741 4878 2861 4933 ποδὶ
2902 4877 2996 4930 τοῦ
3036 4878 3287 4948 Περσέως
3322 4876 3367 4948 β’
3404 4875 3673 4949 λαμπροὶ,
3709 4878 3804 4930 καὶ

2225 4967 2386 5021 ἒτιιὲν
2423 4970 2490 5040 τῇ
2534 4969 2794 5039 ἀριστερᾷ
2831 4967 3035 5040 κνήμῃ,
3066 4965 3242 5038 πολλῷ
3267 4965 3510 5034 ὲγγίονές
3555 4968 3661 5019 εἰσι
3695 4965 3800 5018 τῶν

2226 5060 2506 5131 Πληῖάδων
2529 5062 2670 5132 Ιἢπερ
2694 5061 2753 5114 τὸ
2781 5061 3064 5132 ἀριστερὸν
3089 5061 3240 5128 γόνυ.

2295 5152 2520 5216 Ψευδῶς
2556 5153 2613 5205 δὲ
2655 5152 2870 5221 λέγεται
2919 5153 3024 5205 ὑπὸ
3057 5152 3148 5206 τοῦ
3193 5153 3419 5224 Ἀράτου
3470 5154 3568 5207 καὶ
3601 5151 3663 5207 τὸ
3704 5150 3797 5214 τὰς

2225 5245 2496 5318 Πληῖάδας
2521 5243 2579 5310 ἓξ
2612 5243 2769 5314 μόνον
2797 5244 3032 5314 ἀστέρας
3067 5245 3371 5316 περιέχεινο

2228 5355 2464 5426 ..ηὲπτςὰ
2490 5358 2616 5426 γὰρ,
2648 5358 2830 5426 φησιν,
2856 5356 3075 5412 ἐκεῖναι
3104 5356 3429 5425 ἐπιρρήδην
3457 5358 3792 5419 καλέονται,

2230 5427 2339 5492 Ἓξ
2372 5423 2631 5495 οἷαίπερ
2657 5423 2869 5482 ἐοῦσαι
2897 5423 3228 5496 euripum";

2275 5541 2558 5622 _Aav9&vst
2573 5540 2628 5594 δὲ
2651 5540 2832 5596 αὐτόν.
2857 5539 2946 5612 Τῷ
2965 5540 3073 5612 γὰρ
3089 5539 3391 5594 ἀτενίσαντι
3408 5540 3466 5595 ἐν
3484 5540 3690 5612 ,αἱϐρὲῳ
3702 5537 3788 5591 καὶ

2225 5633 2468 5706 ἀσελήνῳ
2513 5635 2669 5693 νυκτὶ
2705 5633 3000 5704 φαίνονται⁸
3019 5633 3245 5706 ἀστέρες
3286 5630 3330 5698 ζ’
3366 5636 3422 5688 ὲν
3467 5635 3604 5692 αὐτῆ
3638 5648 3785 5694 7:59:-

2225 5725 2488 5799 ιχόμενοι.
2547 5727 2682 5784 ῡθεν
2715 5724 2810 5782 καὶ
2839 5724 3217 5798 διαπορήσειεν
3252 5723 3318 5780 ἄν
3345 5739 3429 5787 τις
3465 5722 3583 5787 πῶς
3609 5735 3638 5775 ο
3661 5721 3784 5776 Ἀτ-
