4040 6206
282 375 418 430 1055

1289 361 1655 421 HIPPARCHI
1690 360 1780 416 AD
1807 355 2256 414 PHA‘JNOMENA
2298 353 2423 411 LIB.
2462 355 2505 407 l.

3365 345 3502 400 1054

274 490 456 550 ταλος,
474 486 668 558 ἐξηγοῦ
677 502 834 557 μενος
861 484 929 537 τὰ
946 500 1010 536 πε
1020 484 1072 555 pl.
1087 482 1184 546 τὰς
1207 482 1495 552 Πληϊάδας,
1515 478 1841 551 παρέπεμψε
1872 500 1887 542 λ

1989 474 2153 535 lirari,
2177 468 2633 542 quemadmodum
2663 467 2878 520 Attalus
2902 479 2964 521 ea
2997 478 3119 535 qua:
3147 463 3215 518 de
3249 459 3507 533 Vergiliis

279 581 374 636 καὶ
405 578 563 634 τοῦτο
596 579 902 648 διάπτωμα,
935 576 1009 641 ὡς
1041 572 1100 630 εὖ
1136 576 1415 647 εἰρηκότος
1448 573 1631 627 αὑτοῦ.

356 756 523 809 Πάλιν
555 771 612 806 τε
657 755 684 806 ὁ
717 753 951 823 ’Ἄρατος
988 766 1046 804 εν
1083 755 1194 813 τοῖς
1234 748 1360 816 ἑξῆς
1389 748 1573 814 ἀγνοεί
1620 745 1712 798 ἐπὶ
1755 742 1845 795 τοῦ

288 847 540 920 Ὄρνιθος
568 844 739 912 λέγων
758 860 772 874 ο

298 961 463 1016 Ἀλλ’
491 961 523 1012 ό
543 956 659 1027 μὲν
679 958 932 1025 ἠερόειςο
959 958 1033 1012 τὰ
1055 958 1122 1011 δέ
1150 960 1202 1011 οἱ
1223 956 1711 1025 ἐπιτετρήχηνται

1948 567 2091 620 dicta
2129 573 2276 629 sunt,
2305 577 2592 626 enarrans,
2620 560 2721 613 hoc
2767 564 3005 613 erratum
3039 554 3295 626 praeterit,
3350 555 3507 623 quasi

1951 657 2005 711 in
2029 674 2094 711 eo
2128 666 2269 709 recte
2292 656 2380 708 ille
2401 652 2686 708 sensisset.

2037 747 2194 801 Aliud
2219 746 2364 799 Arati
2392 746 2443 798 in
2484 734 2838 814 sequentibus
2868 739 3072 795 erroris
3101 748 3281 807 caput,
3326 735 3415 789 ubi
3444 735 3510 789 de

1952 837 2139 908 Cygno
2165 836 2385 890 disserit
2418 851 2432 888 :

1965 950 2154 1004 Verum
2178 949 2224 1002 is
2255 948 2487 1017 quidem,
2509 948 2606 1010 ait,
2634 945 2885 999 obscurus
2915 961 2933 998 :
2961 944 3061 997 alae
3096 953 3269 1082 almam
3296 942 3343 996 ei
3367 957 3512 1010 aspe-

3150 1024 3281 1066 rala’
3317 1023 3437 1065 sunt

3150 1024 3281 1066 rala’
3317 1023 3437 1065 sunt

291 1096 627 1162 'Aatpamr
667 1093 739 1147 οὔ
786 1110 841 1147 τι
885 1094 1028 1160 λίην
1069 1092 1381 1162 μεγάλοις,
1432 1080 1580 1162 ἀτὰρ
1627 1092 1698 1143 οὐ
1739 1086 1854 1162 μέν

1989 1090 2139 1143 {tellis
2170 1088 2313 1141 haud
2344 1089 2474 1141 adeo
2504 1086 2707 1155 magnis
2731 1101 2749 1137 :
2778 1099 2940 1153 neque
2998 1080 3167 1136 tamen
3217 1080 3510 1135 imbecillis.

1545 1158 1851 1229 ἀμαυροῖς.

290 1278 403 1334 Καὶ
419 1278 527 1349 γάρ
552 1276 777 1341 πολλοὺς
804 1278 895 1330 καὶ
916 1278 1195 1347 λαμπροὺς
1211 1264 1442 1359 ἀστέρας
1464 1273 1572 1344 ἔχει
1598 1276 1626 1325 ὁ
1649 1274 1853 1343 Ὄρνις·

292 1370 383 1424 τὸν
411 1370 469 1424 δὲ
495 1372 552 1424 ὲν
593 1373 658 1441 τῇ
687 1370 822 1441 οὐρᾷ
866 1371 958 1422 καὶ
986 1368 1187 1440 σφόδρα
1232 1367 1500 1438 λαμπρὸν,
1536 1365 1759 1435 ἔγγιστά
1799 1381 1857 1417 τε

298 1464 417 1533 ἴσον
442 1460 518 1532 τῷ
548 1463 604 1514 ὲν
636 1463 700 1532 τῇ
731 1460 883 1532 Λύρα
912 1460 1165 1532 λαμπρῷ.

373 1633 471 1687 ιΕο.
507 1632 596 1686 Ἑν
627 1633 681 1687 δὲ
733 1635 843 1697 τοῖς
889 1632 1014 1705 ἑξῆς
1050 1633 1079 1686 ὁ
1117 1632 1346 1706 ’Ἄρατος
1392 1625 1558 1687 εἰπὼν
1604 1622 1730 1705 περὶ
1768 1631 1859 1686 τοῦ

2030 1266 2200 1321 llabet
2225 1265 2365 1320 enim
2401 1264 2620 1335 Cygnus
2661 1278 2784 1317 cum
2825 1263 3008 1331 plures
3040 1259 3356 1328 lucidasque
3387 1267 3518 1313 stet-

1959 1357 2040 1412 las
2073 1374 2087 1409 :
2118 1365 2231 1410 tum
2256 1372 2396 1419 eam,
2426 1371 2545 1425 qua:
2572 1355 2623 1407 in
2673 1352 2849 1408 cauda
2905 1355 3020 1414 est,
3070 1350 3405 1422 splendidam
3463 1348 3517 1402 in

1961 1450 2172 1520 primis,
2204 1455 2258 1503 et
2313 1449 2360 1501 ei
2416 1445 2809 1516 prOpemo'dum
2860 1444 3141 1515 aequalem,
3190 1457 3309 1513 qua:
3343 1442 3519 1495 lucida

1961 1546 2043 1593 est
2084 1537 2137 1591 in
2164 1536 2423 1591 Fidicula.

2030 1623 2150 1680 XV.
2189 1625 2451 1693 Deinceps
2486 1623 2648 1679 etiam
2680 1632 2966 1693 postquam
2993 1622 3177 1678 decuit
3204 1622 3402 1676 Aratus
3423 1616 3524 1674 fre-

188 1758 195 1763 -
307 1725 508 1799 μηκέτι
542 1725 653 1779 δεῖν
684 1727 1060 1793 πυκνοπλοεῖν,
1102 1728 1228 1781 ὅταν
1260 1727 1349 1782 τὸν
1386 1726 1617 1797 Τοξότην
1658 1726 1686 1778 ὁ
1714 1718 1862 1796 ἣλιος

1989 1717 2345 1788 [uentioribus
2390 1715 2821 1787 navigationibus
2845 1717 2920 1769 uti
2941 1729 3046 1769 non
3082 1721 3353 1783 oportere.
3398 1727 3521 1766 cum

300 1816 531 1890 ἄρξηται
555 1816 990 1888 διαπορεύεσθαι,
1030 1822 1229 1890 σημεῖα
1256 1818 1571 1890 βουλόμενος
1597 1817 1868 1883 ὑποδεῖξαι

1989 1810 2052 1863 ml
2077 1810 2317 1863 transire
2350 1806 2700 1877 Sagittarium
2722 1805 2933 1876 incipit,
2966 1806 3069 1860 hoc
3102 1805 3278 1875 ipsum
3312 1810 3526 1874 tempus

299 1906 396 1961 τοῦ
421 1906 615 1979 καιροῦ
642 1905 851 1970 τούτου,
892 1906 1086 1978 φησιν·

302 2020 474 2090 Σῆμα
497 2018 563 2074 δέ
574 2037 663 2075 τοι
680 2019 880 2091 κείνης
893 2018 1287 2091 (59έ60)ὧρης,
1304 2021 1401 2075 καὶ
1423 2020 1614 2090 μηνός
1628 2021 1862 2075 ἐκείνου

302 2091 596 2160 Σκορπιος
618 2090 924 2145 ἀντέλλων
947 2090 1038 2159 ειη
1072 2091 1343 2160 πυμάτης
1366 2093 1463 2145 ἐπὶ
1485 2093 1722 2157 νυκτός.

309 2164 477 2217 Ἤτοι
499 2164 610 2231 γὰρ
631 2159 783 2231 μέγα
822 2159 1001 2225 τόξον
1037 2159 1346 2216 ἀνθέλκεται
1381 2162 1582 2232 ἐγγύθι
1610 2161 1861 2228 κέντρου

312 2293 636 2362 Τοξευτής·
669 2294 875 2362 ὀλίγον
898 2292 965 2347 δὲ
1000 2295 1342 2362 παροίτερος
1360 2295 1593 2347 ἵσταται
1611 2291 1796 2362 αὐτοῦ

312 2312 636 2362 ῖοςευτης·
669 2312 875 2362 osum
898 2312 965 2347 οε
1000 2312 1083 2348 πα
1120 2312 1796 2362 οιτεροςισταταιαυτου

307 2368 600 2435 Σκορπίος
614 2364 936 2419 ἀντέλλων·
950 2367 981 2418 ό
996 2364 1046 2417 δ’
1062 2312 1367 2434 {replerat
1382 2364 1595 2418 αὐτίκα
1606 2360 1864 2433 μᾶλλον.

316 2497 510 2568 Τῆμος
547 2496 645 2552 καὶ
676 2497 909 2568 κεφαλὴ
947 2497 1389 2568 Κυνοσουρίδος
1410 2498 1624 2568 κὰκρόθι
1656 2496 1871 2562 νυκτὸς

315 2566 466 2637 ’Υψι
484 2568 647 2638 μάλα
677 2566 939 2638 τροχάει·
975 2572 1007 2622 ό
1030 2567 1099 2620 δὲ
1123 2567 1325 2638 δύεται
1351 2567 1495 2636 ἠῶθι
1518 2566 1632 2638 ,πρὸ

324 2636 564 2709 ’Δθρόος
611 2636 845 2708 Ὠρίων’
883 2638 1119 2708 Κηφεὺς
1149 2637 1200 2690 δ’
1221 2637 1340 2692 ἀπὸ
1374 2637 1571 2706 χειρὸς
1598 2636 1690 2690 ἐπ’
1719 2636 1872 2701 ὶξύν.

314 2751 453 2823 Περὶ
476 2750 531 2804 δὲ
573 2749 761 2804 τούτου
798 2751 828 2802 ὁ
862 2748 1122 2812 ’Ἄτταλος
1162 2746 1648 2820 προενεγκάμενος,
1683 2744 1880 2799 αὐτίκα

314 2844 520 2918 γράφει
542 2844 700 2898 ταυτί
721 2860 735 2873 ’
774 2861 793 2895 ι
834 2842 915 2896 Τὰ
946 2842 1042 2913 μὲν
1077 2836 1171 2894 οὖν
1201 2840 1363 2893 λοιπά
1386 2838 1618 2911 μετρίως
1663 2839 1880 2910 εἴρηκεν

316 2939 348 2990 ὁ
392 2936 620 3008 ποιητής
643 2952 657 2966 ο
693 2934 756 2988 τὸ
781 2934 837 2988 δὲ
880 2934 1007 3008 περὶ
1050 2932 1142 2986 τοῦ
1172 2932 1406 3002 Κηφέως
1445 2928 1883 3001 ὁμολογουμένως

317 3028 577 3099 ἠγνόηκε,
612 3027 790 3098 φήσας
830 3026 991 3080 αὑτὸν
1016 3023 1233 3079 δύεσθαι
1265 3023 1406 3077 κατὰ
1446 3023 1633 3093 καιρὸν
1676 3020 1882 3075 τοῦτον.

1964 1902 2129 1957 certis
2152 1900 2370 1955 indiciis
2399 1906 2552 1953 notat
2591 1897 2679 1953 his
2708 1899 2956 1953 versibus
2984 1911 3001 1950 :

1968 2009 2230 2065 Indicium
2257 2018 2433 2064 autem
2467 2008 2565 2063 tibi
2587 2009 2732 2063 illius
2762 2010 3032 2079 temporis,
3065 2018 3113 2063 et
3147 2008 3340 2064 mensis
3378 2008 3526 2062 illius

1969 2081 2215 2147 Scorpius
2243 2081 2481 2135 exoriens
2507 2089 2623 2133 esto
2646 2090 2879 2133 extrema
2903 2079 2997 2133 sub
3028 2090 3198 2134 nocte.

1973 2152 2134 2222 108
2155 2149 2593 2221 Quandoquidem
2624 2166 2869 2220 magnum
2899 2166 3081 2202 arcum
3108 2149 3334 2271 attfaln'tl
3376 2163 3530 2217 prope

2554 2230 2559 2233 λ
3217 2232 3311 2271 acu
3337 2233 3454 2271 eum

3217 2232 3454 2272 aculeum

1972 2291 2299 2363 Sagittarius
2334 2307 2354 2346 :
2401 2290 2492 2363 sed
2513 2291 2789 2363 aliquanto
2819 2289 3055 2344 anterior
3085 2218 3463 2363 sanabilia:

1974 2360 2222 2430 Scorpius
2271 2362 2561 2426 exoriens;
2601 2361 2685 2414 lu'c
2741 2370 2917 2415 autent
2968 2360 3217 2430 ascendit
3262 2360 3533 2430 confestim

3127 2429 3220 2502 [ad
3228 2429 3343 2482 mod
3348 2445 3452 2483 um.

1977 2503 2109 2557 Tum
2140 2507 2343 2571 quoque
2364 2510 2524 2571 caput
2549 2500 2839 2571 Cynosura!
2867 2508 3100 2553 extrema
3127 2500 3274 2553 nocte

1976 2572 2198 2626 Excelsa
2225 2570 2376 2625 valde
2399 2570 2605 2639 fertur.
2626 2571 2815 2623 occidit
2836 2581 3011 2623 autem
3041 2585 3193 2622 mane

1977 2643 2267 2711 Confertim
2295 2638 2495 2704 Orion;
2528 2639 2758 2709 Cepheus
2784 2656 2899 2693 vero
2934 2656 2967 2691 α
2998 2655 3155 2691 ηιοηιι
3191 2638 3258 2691 ad
3280 2638 3533 2693 lumbum.

2047 2754 2256 2822 Quibus
2284 2752 2510 2824 prolatis
2539 2752 2773 2814 Attalus,
2801 2752 2875 2805 ita
2897 2750 3093 2807 scribit
3130 2769 3142 2805 :
3184 2769 3202 2801 ι
3242 2750 3411 2818 Igitur
3434 2765 3539 2805 cae-

1982 2854 2096 2900 tera
2124 2843 2341 2916 quidem
2372 2853 2543 2915 poeta:
2570 2843 2871 2899 tolerabilia
2904 2850 3053 2897 sunt.
3087 2842 3146 2896 In
3170 2841 3385 2912 Cepheo
3415 2824 3567 2901 νει-ο,

1984 2937 2257 2993 manifesti
2288 2936 2494 2992 erroris
2523 2942 2758 2999 tenetur,
2787 2948 2912 2989 cum
2954 2935 3102 2988 hunc
3134 2933 3211 2987 ait
3237 2934 3381 2987 circa
3408 2933 3542 2986 illud

1984 3040 2199 3101 tempus
2252 3028 2520 3086 occidere.
2575 3029 2689 3083 Non
2732 3030 2877 3084 enim
2933 3044 3188 3084 occasum
3220 3036 3349 3082 tunc
3389 3027 3540 3086 facit.

321 3120 398 3173 Οὐ
430 3118 537 3188 γὰρ
563 3119 730 3182 δύσιν,
778 3117 890 3172 ἀλλ’
923 3119 988 3170 ὲκ
1017 3115 1123 3169 τῶν
1171 3115 1424 3170 ἐναντίων
1468 3113 1727 3183 ἀνατολὴν
1763 3112 1886 3165 τότε

1989 3120 2084 3176 sed
2112 3120 2295 3191 potius
2327 3128 2577 3174 exortum
2605 3134 2619 3169 :
2653 3126 2818 3188 atque
2841 3118 2941 3172 hoc
2969 3133 3049 3172 ex-
3074 3119 3324 3188 ipsismet
3375 3125 3545 3187 poetae

323 3213 581 3264 ποιεῖται.
626 3210 734 3262 Καὶ
764 3210 921 3262 τοῦτο
958 3208 1024 3262 δι’
1055 3206 1232 3261 αὐτῶν
1274 3206 1382 3261 τῶν
1427 3205 1744 3277 ποιημάτων
1783 3221 1886 3274 φα-

323 3300 483 3373 νερὸν
526 3299 746 3370 γίνεται.
778 3299 888 3370 Τῆς
921 3297 1019 3369 μὲν
1047 3297 1153 3369 γὰρ
1189 3295 1392 3361 δύσεώς
1414 3312 1575 3369 φησιν
1603 3295 1762 3349 αὐτὸν
1790 3295 1888 3365 ἄρ·-

324 3388 538 3461 χεσθαι,
565 3388 685 3442 καθ’
711 3388 769 3442 ὃν
796 3388 985 3459 καιρὸν
1027 3388 1083 3440 al.
1125 3385 1321 3457 Χηλαὶ,
1369 3386 1505 3457 πρὸς
1548 3386 1613 3455 τῇ
1660 3383 1887 3453 ἀνατολῇ

324 3480 508 3545 οὖσαι,
542 3481 821 3552 μέλλουσιν
844 3479 1225 3552 ἀναφέρεσθαι.
1260 3479 1443 3532 Πάντα
1480 3477 1524 3530 δ’
1554 3476 1718 3531 αὐτοῦ
1746 3474 1891 3529 δεδυ-

327 3576 486 3631 κέναι
508 3574 574 3627 τὰ
593 3573 752 3645 μέρη,
776 3573 842 3627 τὰ
858 3572 1127 3643 δυνάμενα
1153 3570 1390 3635 δύεσθαι,
1418 3572 1553 3625 ὅταν
1569 3571 1598 3623 6
1628 3568 1893 3641 Σκορπιος

330 3666 469 3739 πρὸς
512 3668 580 3737 τῇ
613 3663 842 3735 ἀνατολῇ
886 3662 1128 3733 γένηται.
1182 3680 1200 3714 ι
1232 3663 1387 3715 Δοκεῖ
1426 3657 1517 3714 οὖν
1553 3678 1642 3731 μοι
1680 3661 1892 3727 ἀγνοεῖν

327 3759 360 3810 ὸ
390 3756 670 3821 Ἄτταλος,
705 3756 928 3826 φάσκων
968 3753 1037 3807 τὰ
1072 3752 1169 3824 μὲν
1214 3754 1340 3823 περὶ
1385 3751 1483 3823 τῆς
1524 3750 1762 3823 κεφαλῆς
1794 3749 1894 3819 τῆς

333 3849 539 3920 μικρᾶς
565 3847 799 3918 Ἀρκτου
817 3887 832 3911 ,
857 3846 949 3899 καὶ
977 3845 1215 3917 περὶτοῦ
1257 3844 1504 3914 Ὠρίωνος
1541 3842 1714 3915 ὀρθῶς
1739 3842 1891 3913 ειρη..

330 3939 490 3995 κέναι
508 3937 598 3990 τὸν
616 3938 848 4007 Ἄρατον
865 3950 878 3964 ·
900 3936 1026 4007 περὶ
1051 3934 1108 3988 δὲ
1135 3934 1228 3987 τοῦ
1261 3933 1490 4003 Κηφέως
1524 3931 1895 4005 διημαρτημέ-

331 4049 462 4096 νως.
488 4030 804 4085 Τούναντίον
847 4027 955 4101 γὰρ
982 4028 1108 4099 περὶ
1158 4027 1255 4098 μὲν
1297 4026 1389 4080 τοῦ
1437 4026 1670 4097 Κηφέως
1708 4026 1894 4097 εἴρηκε

333 4120 775 4196 συμφώνωςρτοῖς
810 4119 1169 4191 φαινομένοις·
1199 4118 1326 4189 περὶ
1343 4118 1399 4171 δὲ
1431 4116 1538 4171 τῶν
1562 4115 1754 4182 ἄλλων,
1783 4117 1897 4169 δια-

334 4214 551 4285 φώνως.

411 4307 530 4373 ις’.
556 4304 752 4358 Τούτου
776 4304 819 4359 δ’
842 4303 920 4357 ἔτι
947 4304 1206 4375 πρότερον
1226 4302 1604 4375 διαμαρτάνειν
1628 4299 1895 4372 μοιδοκεῖ.

337 4395 733 4467 ὑπολαμϐάνων
768 4396 857 4450 τὸν
893 4397 1124 4466 ’Λρατον
1149 4394 1216 4448 τὰ
1244 4395 1508 4468 εἰρημένα
1534 4396 1734 4466 σημεῖα
1767 4394 1898 4447 ὕπο-

1986 3211 2240 3265 versibus
2293 3217 2538 3280 apparet.
2584 3207 2688 3263 Per
2732 3209 2787 3263 id
2839 3208 2984 3263 enim
3036 3216 3251 3279 tempus
3290 3221 3543 3261 occasum

1990 3300 2167 3371 ipsum
2190 3300 2266 3354 ait
2289 3301 2550 3370 incipere,
2578 3315 2687 3370 quo
2721 3300 2787 3354 ad
2838 3299 3103 3354 orientem
3142 3300 3330 3368 positae
3370 3296 3548 3352 Chelas

1985 3393 2210 3464 jamjam
2247 3408 2540 3449 eniersurte
2579 3401 2729 3448 sunt.
2754 3391 3021 3447 Omnibus
3073 3405 3203 3445 vero
3253 3389 3367 3445 suis
3401 3389 3551 3443 occi-

1989 3485 2138 3541 disse
2192 3486 2474 3555 partibus,
2536 3500 2659 3555 quae
2710 3484 2929 3554 quidem
2991 3482 3242 3537 occidere
3287 3490 3550 3552 possunt,

1992 3570 2210 3642 quando
2241 3570 2504 3642 Scorpius
2535 3574 2590 3626 in
2618 3572 2826 3628 oriente
2859 3572 2999 3626 situs
3021 3580 3121 3626 est.
3160 3590 3179 3623 ι
3214 3570 3395 3641 Longe
3422 3588 3552 3642 ergo

1996 3663 2167 3719 falsus
2196 3664 2454 3733 opinione
2500 3664 2631 3717 milii
2660 3662 2873 3718 videtur
2912 3661 3126 3718 Attalus
3166 3678 3441 3728 asserens,
3487 3663 3553 3717 de

1994 3758 2170 3825 capite
2210 3756 2436 3811 minoris
2470 3755 2641 3819 Ursae,
2673 3754 2850 3825 deque
2891 3753 3115 3818 Orione,
3154 3770 3261 3809 non
3298 3757 3438 3811 male
3487 3757 3555 3809 ab

1993 3847 2161 3901 Arato
2205 3847 2612 3917 pronuntiatum
2662 3860 2831 3900 esse:
2875 3846 2944 3901 de
2981 3845 3196 3917 Cepheo
3251 3862 3381 3902 vero
3429 3861 3553 3917 per-

1995 3956 2200 4013 peram.
2230 3940 2364 3995 Nam
2387 3956 2419 3996 e
2440 3940 2721 3994 contrario
2750 3939 2818 3995 de
2836 3938 3054 4011 Cepheo
3088 3940 3181 3994 ille
3209 3940 3430 4010 quidem
3459 3921 3567 4008 ap;

1994 4031 2306 4101 parentium
2360 4028 2486 4087 fidei
2522 4039 2889 4085 consentanee
2944 4027 3164 4099 scripsit
3208 4028 3302 4082 :in
3347 4029 3555 4083 caeteris

1996 4121 2267 4177 abhorret.

2065 4294 2207 4357 XVI.
2241 4298 2438 4356 Verum
2471 4315 2581 4372 prae
2612 4300 2700 4358 bis
2727 4300 2982 4358 omnibus
3003 4315 3230 4374 peccare
3245 4301 3558 4372 "insuperiu

1998 4408 2064 4450 eo
2094 4394 2327 4459 videtur,
2342 4392 2487 4464 quod
2516 4393 2744 4449 Aratum
2761 4401 2983 4450 censeat
3006 4394 3159 4464 signa
3180 4394 3267 4448 illa
3285 4408 3404 4464 quae
3416 4395 3558 4448 dieta
3586 4434 3593 4449 .

335 4492 569 4561 γράφειν
601 4491 731 4560 ἡμῖν
781 4488 876 4559 τῆς
924 4486 1015 4540 τοῦ
1047 4486 1273 4553 Τοξότου
1319 4486 1603 4554 ἀνατολῆς.
1635 4486 1751 4540 ’Ότι
1800 4485 1887 4557 μὲι

2003 4493 2150 4551 sunt,
2203 4484 2483 4555 Sagittarii
2509 4491 2663 4539 ortus
2704 4484 2976 4539 attulisse.
3007 4481 3162 4551 Quod
3195 4482 3342 4537 enim
3384 4497 3448 4537 ea
3489 4483 3561 4536 sit

337 4579 452 4648 γὰρ
488 4579 645 4632 τοῦτο
690 4579 985 4649 ἐκδέχεται,
1035 4578 1262 4650 φανερὸν
1318 4579 1414 4648 μὲν
1466 4574 1534 4649 ῆν
1572 4576 1667 4631 καὶ
1689 4577 1752 4629 ὲκ
1791 4575 1898 4630 τῶν

337 4673 846 4744 προγεγραμμένων
899 4670 1063 4725 αὐτοῦ
1114 4670 1312 4737 λέξεων
1332 4687 1343 4700 ο
1393 4669 1560 4740 χωρὶς
1609 4668 1666 4721 δὲ
1700 4666 1899 4721 τούτων

336 4758 439 4814 καὶ
476 4758 653 4830 ῥητῶς
683 4761 741 4812 ὲν
771 4762 881 4823 τοῖς
925 4759 1051 4831 ἑξῆς
1077 4776 1238 4831 φησιν
1284 4756 1486 4821 οὕτως⁸
1525 4776 1545 4809 ‹
1587 4754 1901 4827 Ὀμολογου-

340 4850 524 4922 μένως
549 4848 613 4921 δὴ
640 4848 778 4903 κατά
799 4848 983 4902 τοῦτον
1010 4849 1099 4902 τὸν
1138 4847 1326 4920 καιρὸν
1365 4847 1578 4901 πάντων
1605 4844 1768 4900 αὑτοῦ
1794 4845 1901 4899 τῶν

335 4939 502 5003 ἐκτὸς
525 4938 617 4992 τοῦ
649 4940 907 5009 ἀρκτικοῦ
938 4937 1135 4992 κύκλου
1173 4923 1436 5009 κειμένων
1468 4937 1646 5011 μερῶν
1697 4937 1904 4991 δεδυκό-

328 5036 474 5091 των,
508 5028 605 5101 ἤδη
638 5028 733 5099 μὲν
758 5017 985 5099 φανερόν
1020 5031 1187 5092 ἐστιν,
1217 5029 1317 5092 ὅτι,
1359 5027 1449 5081 τοῦ
1487 5027 1715 5094 Τοξότου
1766 5028 1903 5099 πρὸς

328 5122 407 5192 τῇ
440 5118 668 5190 ἀνατολῇ
700 5117 869 5182 ὄντος,
891 5119 951 5171 οὐ
978 5122 1207 5172 ποιεῖται
1238 5118 1335 5190 τὴν
1362 5118 1535 5190 ἀρχὴν
1557 5119 1654 5190 τῆς
1676 5101 1898 5181 δύσεως·

331 5210 483 5283 στλὴν
511 5212 599 5265 ἵνα
628 5213 953 5292 σαφέστερον
977 5212 1218 5283 γένηται,
1245 5198 1376 5265 διότι
1405 5210 1546 5263 κατά
1570 5210 1665 5281 τὴν
1693 5211 1786 5264 τοῦ
1812 5212 1904 5264 Tt.-

332 5305 498 5373 ξὸτου
531 5305 792 5373 ἀνατολὴν
839 5304 898 5356 οὐ
928 5303 1096 5366 δύσιν,
1128 5302 1242 5357 ἀλλ’
1272 5302 1531 5374 ἀνατολὴν
1575 5302 1737 5355 αὑτοῦ
1764 5319 1903 5373 συμ-

333 5390 517 5451 ϐαίνει
574 5387 837 5466 γίνεσθαι,
887 5394 1134 5465 λάϐωμεν
1173 5395 1233 5447 τὸ
1280 5380 1565 5465 λεγόμενον
1616 5393 1708 5447 ὑπ’
1737 5393 1902 5448 αὑτοῦ

417 5546 628 5621 (59-60)
651 5547 820 5621 Σῆμα
833 5547 898 5602 δέ
914 5566 1000 5621 τοι
1025 5548 1244 5621 κείνης.
1259 5546 1449 5603 Ortum
1478 5549 1611 5605 solis
1636 5550 1691 5621 in
1718 5548 1902 5621 Sagit-

335 5620 488 5674 tario
518 5618 674 5688 positi
697 5620 809 5673 haec
845 5619 1353 5691 verba__respiciunt,
1381 5622 1598 5691 quando
1630 5618 1892 5691 Scorpius

339 5697 475 5743 ante
519 5686 696 5743 lucem
743 5690 933 5742 oritur.
998 5686 1244 5744 Ridicule
1297 5686 1523 5757 proinde
1581 5686 1896 5749 Soliniauus

340 5758 684 5814 Exercitator
697 5757 762 5812 de
788 5774 986 5813 occasu
1014 5760 1144 5813 solis
1160 5760 1415 5828 explicat,
1434 5768 1722 5830 propterea
1748 5762 1895 5832 quod

666 5850 928 5913 Pnaoe.
956 5853 1070 5913 Gn.
1108 5850 1281 5913 XIX.

2005 4578 2152 4634 illius
2189 4576 2481 4641 sententia,
2515 4592 2639 4632 cum
2670 4592 2737 4631 ex
2761 4574 3209 4631 antecedentibus
3241 4574 3360 4644 ejus
3380 4574 3560 4629 verbis

2003 4671 2138 4726 satis
2165 4676 2389 4741 apparet
2420 4675 2577 4723 :tum
2633 4682 2752 4723 eam
2792 4668 2996 4724 diserte
3042 4674 3232 4738 postea
3264 4666 3556 4739 significat.

2008 4779 2026 4811 ι
2055 4757 2190 4814 Cum
2217 4758 2404 4829 Igitur,
2432 4760 2530 4822 ait,
2559 4757 2696 4812 citra
2735 4758 3128 4814 dubitationem
3164 4758 3328 4812 ullam
3375 4772 3473 4827 per
3505 4758 3561 4811 ἱιι

2005 4858 2220 4922 tempus
2249 4857 2432 4921 partes
2466 4849 2614 4905 illius
2641 4864 2850 4913 omnes,
2882 4864 3002 4919 qua:
3034 4857 3163 4904 sunt
3192 4857 3347 4903 extra
3389 4849 3565 4903 cireu-

2005 4941 2115 4994 lum
2145 4940 2430 5003 arcticum,
2459 4954 2715 4995 occasum
2757 4940 3018 5003 fecerint,
3054 4940 3275 4995 eridens
3332 4948 3418 4995 est
3456 4955 3564 4994 nou

2005 5044 2135 5088 tunc
2176 5033 2389 5089 initium
2446 5032 2735 5088 occidendi
2792 5032 2989 5097 facere,
3054 5049 3179 5089 cum
3241 5033 3564 5106 Sagittarius

2004 5126 2267 5181 orientem
2294 5135 2459 5181 tenet.
2493 5122 2692 5180 Verum
2714 5132 2775 5179 ut
2825 5140 2890 5180 eo
2930 5125 3275 5182 manifestius
3328 5133 3563 5187 constet,

2005 5232 2101 5286 per
2124 5224 2302 5272 ortum
2335 5214 2617 5285 Sagittarii
2645 5231 2755 5271 non
2784 5217 2932 5273 illius
2948 5226 3221 5282 exortum,
3252 5218 3345 5273 sed
3400 5232 3563 5273 occa-

2006 5322 2126 5362 sum
2158 5305 2417 5370 incidere,
2445 5321 2726 5362 sumamus
2742 5306 2820 5372 id,
2851 5306 2996 5376 quod
3020 5308 3167 5363 circa
3185 5290 3325 5364 idem
3353 5317 3568 5378 tempus

2005 5398 2224 5453 evenire
2275 5397 2367 5452 ille
2402 5399 2615 5454 scribit.
2650 5418 2667 5451 ι
2694 5397 2821 5454 Haac
2867 5399 2958 5454 ille
3007 5418 3021 5455 :
3056 5414 3177 5469 qua:
3208 5400 3358 5453 abeo
3386 5399 3573 5455 falsis-

2003 5553 2197 5628 ἀκρὸθι
2226 5554 2420 5628 νυκτός
2446 5556 2523 5610 de
2557 5556 2778 5628 ineunte
2801 5564 2965 5613 nocte
2992 5556 3242 5628 dicatur;
3277 5572 3384 5628 quo
3436 5558 3570 5628 nihil

2004 5623 2252 5704 ineptius
2286 5624 2394 5679 dici
2444 5625 2816 5704 pot_uit.__lluic
2872 5641 3017 5704 ergo
3046 5623 3323 5684 silentium
3368 5627 3571 5683 indicet

2004 5693 2365 5775 Hipparchus,
2391 5693 2484 5765 qui
2520 5693 2712 5775 ἀκρόθι
2763 5693 2963 5762 νυκτός
2987 5699 3055 5753 de
3096 5707 3336 5755 extrema
3385 5706 3568 5760 nocte,

2004 5768 2080 5819 uti
2107 5779 2330 5821 necesse
2348 5775 2463 5822 erat
2487 5807 2502 5834 ,
2531 5768 2922 5838 interpretatus
2940 5777 3039 5824 est.
