4040 6206
463 242 485 295 l
495 242 593 298 067

1436 240 1526 295 ΑΙ)
1565 235 1834 295 EUSEBII
1865 231 2256 291 CHRONICON
2295 232 2655 289 APPENDIX.

3537 224 3680 280 {018

460 357 552 413 sed
593 353 914 426 obscuriori]
933 369 998 411 ac
1040 356 1328 427 perexiguo
1375 354 1712 412 discrimine.
1742 373 1761 405 ι
1810 351 2010 407 Verum

2123 354 2139 405 5
2167 349 2318 421 ἥλιος
2347 349 2696 420 ποιούμενος·
2728 348 3057 419 ἀδηλοτέραν
3097 346 3154 400 δὲ
3186 342 3386 414 πολλῷ,
3420 341 3514 396 καὶ⁸
3544 358 3693 396 πανο

456 444 561 498 hac
594 443 649 496 in
683 457 740 497 re
787 442 1061 497 inscitiam
1094 459 1249 499 suam
1293 444 1598 520 prodidisse
1629 444 1758 498 mihi
1807 442 2017 497 videtur

458 534 694 596 Attalus,
728 549 851 587 cum
895 534 1171 589 existimat
1205 535 1371 589 solem
1414 533 1683 589 interdum
1724 536 2015 589 australio-

463 640 586 689 res,
638 625 909 680 interdum
956 626 1285 680 borealiores
1341 624 1540 680 habere
1592 631 2012 682 conversiones:

459 715 691 785 ideoque
719 716 859 774 latos
883 714 1009 785 ﬁngi
1045 717 1283 771 circulus
1303 701 1577 785 oportere.
1596 715 1808 771 Etenim
1839 719 1882 773 si
1909 733 2017 772 non

376 820 385 833 ο
460 821 560 876 per
591 806 825 860 medium
845 807 1124 876 signorum
1147 807 1411 860 circulum
1436 807 1516 862 sol
1541 816 1807 873 movetur,
1835 808 1933 863 sed
1950 809 2017 862 ab

458 912 525 951 eo
551 896 785 957 declinat
819 898 871 952 in
905 898 1324 969 septentrionem
1368 898 1450 952 vel
1493 899 1794 965 meridiem,
1823 914 2015 970 quem-

465 988 753 1044 admodum
796 991 966 1044 luna:
998 1004 1338 1059 consequens
1368 998 1451 1045 est
1500 991 1772 1057 umbram,
1823 1007 1943 1062 qua:
1986 1007 2017 1045 a

465 1094 610 1136 terra
637 1081 905 1151 provenit,
938 1082 1123 1136 eodem
1169 1081 1329 1136 modo
1370 1083 1588 1137 variari.
1647 1082 1766 1150 Quo
1817 1085 2014 1154 posito,

467 1172 609 1235 lunae
656 1172 890 1241 deliquia
940 1171 1231 1241 plurimum
1284 1172 1352 1226 ab
1398 1174 1788 1244 astrologorum
1825 1175 2020 1245 praedi-

462 1260 739 1316 ctionibus
776 1262 1092 1331 discrepare
1132 1277 1354 1319 necesse
1381 1263 1471 1325 sit,
1525 1279 1648 1318 cum
1681 1264 1783 1319 hoc
1811 1266 1888 1320 illi
1925 1282 2018 1321 sn-

460 1358 611 1402 mant
648 1349 701 1403 in
733 1349 880 1403 omni
915 1350 1231 1419 operatione
1269 1366 1411 1418 sua;
1447 1353 1681 1408 medium
1726 1354 1931 1410 umbra:
1963 1355 2016 1409 in

461 1445 777 1502 transeunte
804 1454 899 1508 per
925 1438 1102 1493 media
1140 1441 1295 1512 signa
1330 1441 1538 1496 circulo
1583 1445 1808 1499 moveri.
1853 1447 2015 1515 Atqui

458 1544 568 1582 non
594 1528 717 1597 plus
749 1526 933 1598 digitis
965 1528 1181 1586 duobus
1203 1530 1474 1585 interdum
1506 1573 1520 1598 ,
1554 1531 1715 1604 idque
1755 1549 2016 1604 perraro;

466 1620 536 1688 ab
560 1620 1010 1696 exquisitissimis
1032 1621 1338 1677 ratiociniis
1364 1622 1641 1680 diﬁ‘erunt.
1672 1625 1865 1681 Dicere
1892 1642 2018 1682 vero

459 1716 664 1763 tantam
710 1711 938 1766 circulis
987 1710 1108 1767 istis
1156 1712 1338 1768 inesse
1384 1712 1746 1784 latitudinem,
1798 1717 2022 1787 perinde
2051 1698 2095 1753 Β

459 1808 543 1857 est
583 1815 647 1856 ac
690 1801 991 1868 latitudinis
1035 1811 1285 1874 expertes
1336 1803 1515 1861 facere
1549 1823 1563 1859 :
1595 1814 1657 1861 ut
1706 1807 1840 1861 illud
1870 1808 2023 1862 omit-

461 1899 593 1956 tam,
628 1906 734 1955 non
770 1893 904 1961 satis
930 1900 1201 1960 constare,
1232 1902 1414 1949 utrum
1431 1912 1497 1951 ex
1521 1897 1655 1953 solis
1691 1912 1761 1952 an
1784 1913 1851 1953 ex
1883 1898 2022 1952 luna:

463 1988 611 2037 metu
638 1983 940 2053 contingat,
990 1984 1138 2038 utin
1182 1985 1464 2043 lunaribus
1510 1988 1762 2059 deliquiis
1813 1997 2019 2044 tantum

459 2073 740 2142 varietatis
768 2073 993 2130 incidat.
1019 2076 1105 2131 Ad
1133 2076 1249 2132 haec
1277 2079 1515 2148 tropicos
1555 2078 1817 2133 duntaxat
1847 2080 2023 2136 circu-

461 2165 544 2220 los
576 2180 639 2221 ea
665 2166 732 2220 de
752 2181 917 2221 causa
937 2167 1277 2223 latitudinem
1297 2169 1496 2224 habere
1513 2163 1622 2223 tam
1639 2170 1839 2226 Aratus
1858 2185 2020 2241 quam

461 2253 827 2309 mathematici
856 2254 1162 2322 ﬁnxerunt;
1200 2258 1634 2327 aequinoctialem
1658 2276 1787 2316 vero
1817 2277 2022 2331 nequa-

462 2360 646 2415 quam.
677 2343 782 2401 Sed
807 2355 864 2417 ut
899 2348 1152 2417 universe
1182 2349 1397 2421 loquar,
1442 2353 1855 2410 mathematicos
1886 2354 2023 2411 istos

463 2450 673 2504 omnes,
720 2453 858 2508 quos
906 2438 1040 2500 dixi.
1079 2441 1313 2497 arbitror
1340 2443 1543 2497 nullam
1585 2445 1809 2514 tropicis
1841 2447 2022 2501 circu-

464 2530 555 2598 lis,
599 2541 695 2588 aut
740 2532 1143 2603 :equinoctiali,
1194 2543 1287 2589 aut
1337 2552 1551 2607 semper
1584 2542 1887 2610 apparenti,
1939 2544 2024 2599 vel

463 2636 678 2691 semper
703 2623 939 2686 occulto,
971 2623 1310 2681 latitudinem
1346 2628 1622 2685 tribuisse.
1678 2628 1812 2684 Nam
1844 2647 1911 2687 ne
1937 2648 2027 2687 co-

463 2712 686 2782 gitando
715 2712 932 2781 quidem
968 2713 1096 2785 ﬁngi
1139 2724 1336 2786 potest,
1373 2719 1537 2775 ullam
1581 2709 1739 2790 ipsos
1783 2721 2025 2777 latitudi-

462 2820 585 2860 nem
615 2805 832 2861 habere.
888 2804 966 2861 Ita
1015 2807 1217 2879 quippe
1261 2810 1506 2882 singulos
1555 2812 1849 2869 informare
1892 2830 2023 2870 conv

463 2898 773 2967 temptando
802 2900 1061 2966 solemus,
1085 2910 1144 2956 ut
1179 2903 1508 2973 cogitatione
1542 2912 1877 2962 constantem
1907 2908 2022 2963 sola

463 2986 685 3051 lineam,
727 3003 827 3042 nec
865 2988 1151 3043 latitudine
1189 2990 1467 3059 praeditam
1502 2993 1754 3048 habeant.
1802 2993 2024 3050 Praeter-

462 3093 526 3134 ea
574 3094 696 3134 cum
750 3086 1002 3135 asserunt
1073 3081 1505 3150 aequinoctialem
1559 3092 1615 3139 et
1672 3084 1954 3140 zodiacum
1993 3102 2024 3141 e

463 3171 715 3230 maximis
745 3172 805 3227 in
848 3172 1061 3243 sphaera
1110 3175 1337 3230 circulis
1382 3190 1526 3239 esse,
1590 3186 1642 3231 et
1673 3176 1743 3231 ab
1792 3184 2023 3249 utroque

463 3262 710 3333 bipertiri
745 3264 1009 3335 sphaeram
1046 3285 1060 3321 :
1092 3274 1204 3320 tum
1241 3266 1473 3329 zodiaci,
1510 3268 1822 3337 aequatoris,
1878 3269 2024 3324 hori-

464 3348 641 3405 zontis
667 3358 723 3404 et
754 3352 1040 3407 meridiani
1075 3353 1214 3408 idem
1244 3369 1366 3412 esse
1397 3364 1642 3411 centrum
1673 3375 1688 3423 ;
1739 3358 2021 3414 zodiacum

466 3439 687 3509 insuper
718 3442 771 3496 in
828 3458 939 3497 uno
976 3454 1180 3514 puncto
1231 3447 1469 3516 lropicos
1520 3448 1873 3519 contingere;
1923 3465 2025 3505 nec

465 3542 576 3590 non
608 3528 879 3598 ejusmodi
928 3534 1033 3589 alia
1087 3534 1342 3605 pleraque
1377 3552 1391 3588 :
1426 3537 1559 3592 satis
1589 3538 1844 3593 omnibus
1893 3539 2026 3596 iisce

465 3621 839 3680 demonstrant
883 3624 1118 3680 circulos
1149 3625 1270 3681 illos
1315 3627 1614 3684 latitudinis
1651 3643 1772 3684 esse
1801 3645 2024 3700 prorsus

465 3719 734 3782 expertes.
781 3711 923 3768 Nihil
956 3717 1101 3783 enim
1142 3731 1208 3772 ex
1243 3716 1310 3770 iis
1351 3718 1602 3773 omnibus
1647 3726 1793 3775 recte
1843 3728 2025 3789 posset

465 3806 741 3875 usurpari.
769 3805 815 3861 si
846 3805 937 3860 lati
966 3816 1148 3863 essent
1180 3808 1341 3864 iidem
1390 3810 1620 3878 circuli;
1673 3827 1774 3867 nec
1822 3812 1877 3866 in
1919 3828 2023 3867 una

466 3904 675 3951 tantum
699 3894 806 3963 die,
832 3897 924 3951 sed
954 3898 1200 3968 pluribus
1222 3900 1609 3970 aequinoctium
1634 3900 2026 3973 ﬁeret.Quippe

466 3987 548 4044 sol
583 3988 816 4058 plurium
862 3990 915 4044 in
960 3991 1321 4061 aequinoctiali
1348 3993 1555 4047 circulo
1586 3993 1793 4047 dierum
1821 4009 2024 4049 moram

467 4077 688 4149 faceret,
725 4082 772 4136 si
809 4082 856 4136 is
881 4082 1165 4139 latitudine
1194 4092 1490 4140 constaret.
1541 4084 1678 4139 Tum
1708 4085 1765 4145 in
1801 4101 2028 4156 gnomo-

466 4171 607 4238 nicis
648 4173 903 4228 omnibus
947 4175 1301 4229 conﬁciendis
1339 4175 1647 4247 rationibus
1692 4176 1797 4232 hoc
1831 4174 2026 4230 funda-

467 4264 631 4316 menti
658 4264 829 4318 instar
870 4264 1198 4341 adhibetur;
1239 4266 1404 4320 latum
1436 4266 1661 4322 istorum
1693 4268 2024 4321 circulorum

2120 441 2287 505 τελῶς
2324 442 2528 512 ὀλίγην.
2565 459 2582 491 ι
2633 443 2791 495 Δοκεῖ
2820 440 2883 509 δή
2921 455 3011 510 μοι
3048 437 3142 491 καὶ
3170 437 3228 490 ὲν
3257 434 3467 498 τούτοις
3489 435 3519 486 ὁ
3548 435 3691 486 Ἀτ-

2119 533 2275 597 ταλος
2304 534 2533 600 ἀγνοεῖν,
2571 530 2965 602 ὑπολαμϐάνων
3005 529 3096 581 τὸν
3118 529 3267 600 ἥλιον
3297 527 3426 581 ποτὲ
3457 526 3556 597 μὲν
3600 542 3696 578 νο-

2119 628 2398 701 τιωτέρας,
2423 628 2549 681 ποτὲ
2578 628 2634 681 δὲ
2666 627 3001 699 βορειοτέρας
3028 623 3293 678 ποιεῖσθαι
3322 622 3418 687 τὰς
3442 620 3689 693 τροπάς·

2120 720 2213 773 καὶ
2240 720 2327 774 διὰ
2346 719 2501 773 τοῦτο
2521 719 2628 772 δεῖν
2654 721 2779 783 τοὺς
2803 717 3035 781 κύκλους
3064 715 3282 779 πλατεῖς
3307 714 3692 768 ὑποτίθεσθαι.
3730 786 3741 799 1

2120 809 2183 861 El
2212 808 2320 881 γὰρ
2355 809 2428 880 μὴ
2456 808 2549 863 τὸν
2580 808 2669 863 διὰ
2710 808 2887 879 μέσων
2929 806 3038 861 τῶν
3077 805 3279 871 ζωδίων
3310 805 3528 877 φέρεται
3579 800 3693 859 κύ·-

2121 902 2246 955 κλον
2274 904 2302 955 ὁ
2331 902 2499 972 ἥλιος,
2528 901 2662 954 ἀλλά
2688 899 3056 971 παραλλάσσει
3077 896 3265 951 τούτου
3291 897 3424 970 πρὸς
3444 897 3694 968 ἄρκτους

2121 992 2215 1045 καὶ
2248 990 2383 1062 πρὸς
2417 989 2780 1061 μεσημϐρίαν,
2816 986 2892 1050 ὡς
2922 987 3074 1056 καὶὴ
3123 984 3317 1055 σελήνη
3342 997 3355 1012 ⁸
3388 981 3563 1052 δῆλον,
3599 981 3692 1034 ὅτι

2120 1084 2213 1137 καὶ
2241 1085 2273 1152 ἡ
2306 1081 2412 1136 άπὸ
2442 1081 2540 1151 τῆς
2581 1081 2684 1150 γῆς
2711 1079 2838 1133 σκιὰ
2862 1077 3061 1149 ὁμοίως
3087 1078 3270 1139 αὐτοῖς
3290 1074 3689 1146 παραλλάσσει.

2119 1172 2318 1228 Τούτου
2352 1173 2410 1228 δὲ
2436 1172 2741 1243 γινομένου,
2766 1170 2871 1224 ἔδει
2897 1170 2997 1234 τάς
3030 1169 3128 1239 τῆς
3157 1167 3385 1239 σελήνης
3411 1165 3695 1234 ἐκλείψεις

2120 1267 2252 1320 πολὺ
2306 1265 2592 1335 διαφωνεῖν
2644 1263 2780 1334 πρὸς
2820 1262 2919 1326 τὰς
2965 1260 3400 1330 συντασσομένας
3437 1258 3540 1311 ὑπὸ
3572 1256 3693 1310 τῶν

2118 1358 2455 1431 ἀστρολόγων
2480 1357 2810 1428 προρρήσεις
2833 1372 2847 1385 ο
2882 1352 3282 1423 ὑποτιθεμένων
3312 1349 3374 1421 δὴ
3406 1350 3586 1404 αὐτῶν
3625 1349 3695 1400 ὲν

2118 1453 2237 1515 ταῖς
2263 1449 2663 1522 πραγματείαις
2694 1446 2753 1501 τὺ
2786 1444 2946 1517 μέσον
2977 1443 3077 1513 τῆς
3109 1444 3266 1506 σκιᾶς
3298 1440 3550 1513 φέρεσθαι
3591 1440 3695 1493 ἐπὶ

2118 1541 2211 1595 τοῦ
2238 1540 2326 1594 διὰ
2359 1540 2535 1611 μέσων
2563 1537 2670 1593 τῶν
2696 1536 2898 1601 ζωδίων
2925 1534 3143 1590 κύκλου.
3171 1535 3246 1587 oo
3273 1530 3599 1601 διαφωνοῦσι
3629 1531 3697 1584 δὲ

2122 1631 2345 1703 πλέονῆ
2378 1629 2659 1693 δακτύλοις
2697 1628 2838 1692 δυσὶ,
2894 1625 3132 1688 σπανίως
3175 1624 3233 1677 δὲ
3277 1623 3480 1695 σφόδρα
3523 1622 3693 1686 ποτὲ,

2125 1724 2262 1795 πρὸς
2300 1723 2397 1786 τὰς
2430 1721 2759 1794 χαριέστατα
2803 1717 3233 1787 συντεταγμένας
3280 1713 3692 1788 πραγματείας.

2125 1815 2198 1868 Τό
2224 1830 2289 1882 γε
2328 1812 2431 1884 μὴν
2458 1811 2632 1881 λέγειν
2665 1808 2979 1880 τηλικοῦτον
3008 1807 3208 1872 πλάτος
3246 1808 3390 1879 ἐχειν
3421 1805 3514 1859 καὶ
3552 1803 3695 1866 τοὺς

2126 1902 2355 1965 κύκλους
2389 1900 2500 1955 ἴσον
2528 1901 2643 1953 ἐστὶ
2670 1898 2748 1969 τῷ
2776 1896 3036 1960 ἀπλατεῖς
3072 1898 3265 1959 αὐτοὺς
3297 1890 3647 1949 ὑποτίθεσθαι
3668 1907 3684 1922 ·

2125 1995 2291 2066 χωρὶς
2320 1993 2413 2047 τοῦ
2442 1993 2533 2046 καὶ
2554 1988 2684 2045 αὐτὸ
2705 1987 2861 2042 τοῦτο
2883 1987 3072 2059 ἄδηλον
3094 1982 3252 2052 εἶναι,
3283 1985 3502 2053 πότερον
3529 1981 3691 2052 παρά

2124 2086 2224 2156 τὴν
2261 2085 2356 2138 τοῦ
2385 2083 2538 2155 ἡλίου
2588 2082 2800 2151 κίνησιν
2831 2079 2864 2151 ἥ
2901 2077 3051 2151 παρά
3089 2080 3186 2150 τὴν
3220 2078 3318 2148 τῆς
3359 2076 3588 2146 σελήνης
3614 2074 3691 2127 τὰ

2130 2176 2328 2249 μεγέθη
2357 2175 2462 2229 τῶν
2488 2173 2586 2243 τῆς
2615 2172 2841 2241 σελήνης
2865 2169 3155 2239 ἐκλείψεων
3183 2169 3275 2222 ἐπὶ
3299 2166 3542 2221 τοσοῦτον
3568 2165 3695 2220 δια-

2128 2269 2309 2339 φωνεῖ.
2338 2266 2563 2319 Ἔπειτα
2592 2263 2720 2327 τοὺς
2746 2264 3034 2334 τροπικοὺς
3067 2261 3223 2332 μόνον
3249 2258 3336 2312 διὰ
3360 2258 3515 2312 τοῦτο
3545 2258 3694 2311 πλα-

2125 2361 2237 2423 τεῖς
2264 2358 2293 2410 ὅ
2328 2374 2387 2410 τε
2419 2357 2650 2427 ’Ἄρατος
2692 2354 2841 2423 ἔλεγε
2888 2353 2983 2407 καὶ
3019 2353 3069 2404 οἱ
3102 2350 3463 2423 μαθηματικοὶ
3503 2348 3695 2401 ὑπετί-

2127 2449 2307 2503 θεντοο
2335 2448 2426 2502 τὸν
2453 2447 2509 2501 δὲ
2543 2444 2849 2518 ἰσημερινὸν
2893 2443 2991 2496 ούκ
3023 2442 3122 2495 ἔτι.
3156 2439 3392 2494 Καθόλου
3430 2455 3489 2491 τε
3527 2434 3693 2507 οἶμαι

2126 2535 2249 2598 τοὺς
2281 2533 2691 2604 μαθηματικοὺς
2723 2532 2967 2595 ἅπαντας
2995 2531 3122 2593 τοὺς
3146 2528 3462 2601 εἰρημένους
3505 2527 3694 2580 ἀπλαο

2125 2628 2238 2690 τεῖς
2264 2624 2607 2679 ὑποτίθεσθαι
2632 2624 2757 2688 τοὺς
2784 2623 3095 2695 τροπικοὺς,
3120 2621 3213 2676 καὶ
3235 2620 3324 2674 τὸν
3351 2617 3692 2692 ἰσημερινὸν,

2127 2716 2335 2771 καὶτὸν
2380 2718 2466 2771 ἀεὶ
2495 2716 2744 2789 φανερὸν,
2783 2715 2874 2768 καὶ
2912 2714 3003 2768 τὸν
3041 2713 3128 2767 ἀεὶ
3155 2711 3355 2782 ἀφανῆ.
3400 2710 3532 2765 οὐδὲ
3571 2710 3695 2781 γὰρ

2127 2810 2409 2880 ἐπινοῆσαι
2438 2810 2657 2864 δυνατόν
2696 2809 2811 2861 ἐστι
2849 2806 3069 2869 τούτους
3110 2806 3311 2868 πλάτος
3338 2804 3572 2875 ἔχοντας.
3611 2803 3700 2856 Τδ

2125 2902 2233 2974 γὰρ
2267 2901 2392 2955 ἴδιον
2429 2900 2656 2955 ἑκάστου
2682 2897 3004 2972 περινοητὴν
3035 2897 3080 2928 ⁸⁸
3120 2896 3215 2950 καὶ
3258 2894 3468 2965 ἀπλατῆ
3502 2911 3702 2965 γραμ-

2130 2993 2236 3066 μὴν
2266 2992 2388 3064 ἔχον
2430 2991 2747 3065 θεωρεῖσθαι
2786 2988 3151 3061 συμϐέϐηκεν.
3178 2988 3296 3041 Ἔτι
3336 2986 3393 3040 δὲ
3425 2985 3519 3040 καὶ
3552 2987 3703 3040 ὅταν

2123 3082 2318 3152 λέγωσι
2366 3081 2455 3135 τὸν
2489 3080 2798 3153 ἰσημερινὸν
2826 3079 2921 3133 καὶ
2961 3078 3052 3131 τὸν
3080 3076 3339 3141 ζωδιακὸν
3376 3076 3484 3129 τῶν
3530 3076 3699 3147 μεγί-

2125 3190 2262 3227 στων
2287 3166 2424 3226 εἶναι
2453 3174 2511 3226 ὲν
2545 3175 2611 3243 τῇ
2646 3171 2849 3243 σφαίρᾳ
2888 3169 3121 3233 κύκλων,
3165 3169 3258 3222 καὶ
3287 3166 3698 3239 διχοτομεῖσθαι

2122 3264 2219 3337 τὴν
2253 3266 2485 3336 σφαῖραν
2517 3263 2607 3332 ὑφ’
2644 3261 2908 3332 ἑκατέρου
2935 3260 3133 3323 αὐτῶν,
3166 3264 3259 3313 καὶ
3289 3258 3348 3311 τὺ
3390 3257 3522 3311 αύτδ
3559 3258 3697 3312 κέν·

2118 3374 2247 3428 τερον
2273 3354 2367 3409 τοῦ
2402 3352 2689 3420 ζωδιακοῦ,
2716 3352 2813 3407 καὶ
2838 3351 2933 3405 τοῦ
2965 3349 3300 3424 ίσημερινοῦ,
3332 3349 3425 3402 καὶ
3452 3347 3547 3401 τοῦ
3570 3350 3698 3420 ὁρί-

2124 3447 2324 3512 ζοντος,
2352 3448 2446 3501 καὶ
2490 3445 2584 3500 τοῦ
2620 3443 3011 3517 μεσημϐρινοῦ,
3038 3441 3246 3497 καὶτὸν
3271 3440 3531 3506 ζωδιακὸν
3554 3440 3696 3510 ἐφά-

2124 3540 2352 3595 πτεσθαι
2399 3539 2506 3593 τῶν
2552 3539 2825 3612 τροπικῶν
2868 3539 2988 3591 καθ’
3026 3536 3084 3589 ἓν
3128 3536 3382 3607 σημεῖον·
3417 3533 3514 3587 καὶ
3553 3533 3698 3588 ἀλλα

2125 3633 2340 3687 πλείονα
2384 3630 2633 3686 τοιαῦτα⁵
2667 3631 2922 3693 ἀπλατεῖς
2974 3629 3168 3692 αὐτοὺς
3210 3629 3303 3681 καὶ
3347 3626 3439 3680 διὰ
3480 3627 3694 3681 τούτων

2128 3724 2495 3798 σημαίνουσιν.
2529 3722 2691 3775 Οὐδὲν
2723 3722 2830 3794 γὰρ
2853 3720 2960 3774 τῶν
2989 3719 3396 3792 προειρημένων
3421 3717 3591 3786 ὑγιῶς
3621 3717 3693 3770 ἂν

2125 3816 2348 3885 λέγοιτο,
2377 3815 2436 3869 τὸ
2462 3813 2661 3876 πλάτος
2688 3812 2864 3866 αὐτῶν
2885 3811 3114 3882 ἐχόντων
3138 3827 3153 3840 ·
3184 3808 3471 3881 ἰσημερίαν
3495 3824 3558 3862 τε
3587 3809 3690 3861 οὐκ

2116 3909 2192 3967 ,ἂν
2226 3911 2282 3961 ὲν
2314 3908 2410 3979 μιᾷ
2442 3905 2621 3979 ἡμέρᾳ
2652 3900 2805 3976 ἦγεν,
2838 3904 2952 3958 ἀλλ’
2985 3906 3042 3958 ὲν
3075 3903 3305 3956 πλείοσι.
3348 3900 3611 3972 Καὶίγάρ
3658 3903 3690 3953 ό

2123 3999 2273 4071 ἥλιος
2295 3998 2540 4061 πλείονας
2570 3998 2636 4051 ἂν
2658 3997 2757 4068 τῆς
2787 3998 2914 4067 μιᾶς
2950 3996 3160 4067 ἡμέρας
3188 3996 3244 4047 ὲν
3274 3992 3352 4064 τῷ
3389 3991 3688 4064 ίσημερινῷ

2126 4093 2376 4155 ἐποιεῖτο,
2412 4090 2609 4153 πλάτος
2643 4106 2705 4158 γε
2730 4089 2794 4160 δὴ
2825 4089 3036 4159 ἔχοντος
3065 4086 3252 4142 αὐτοῦ,
3285 4087 3366 4139 Τά
3386 4102 3449 4138 τε
3478 4099 3681 4154 γνωμο-

2124 4179 2250 4244 νικά
2277 4178 2603 4251 θεωρήματα
2632 4178 2807 4232 πάντα
2834 4178 3150 4249 γράφουσιν,
3182 4176 3440 4238 ἀπλατεῖς
3480 4175 3675 4235 πάντας

2124 4274 2249 4336 τοὺς
2274 4270 2503 4335 κύκλους
2543 4268 2917 4339 ὑποτιθέμενοι
2936 4286 2949 4299 ·
2981 4269 3058 4332 ὼς
3090 4268 3156 4321 ἂν
3187 4267 3297 4321 τῶν
3327 4267 3427 4336 μὲν
3459 4264 3555 4319 ὕπο
3577 4262 3670 4317 τοῦ

466 4366 588 4415 esse
611 4354 838 4419 nullum,
870 4370 992 4408 cum
1023 4355 1220 4425 partim
1252 4357 1319 4410 ab
1346 4356 1464 4426 ipso
1487 4356 1677 4412 centro
1705 4357 1859 4421 solis,
1897 4373 2022 4427 par-

2125 4364 2347 4435 κέντρου
2368 4361 2462 4416 τοῦ
2483 4360 2631 4432 ἡλίου
2657 4360 3034 4431 γραφομένων.
3066 4358 3175 4412 τῶν
3207 4359 3264 4412 δὲ
3293 4357 3399 4411 ύπὺ
3426 4357 3522 4429 τῆς
3541 4357 3674 4428 ἡμε-

467 4444 562 4498 tim
606 4443 675 4498 ab
716 4445 877 4499 oculo
914 4444 1314 4501 describantur.
1352 4447 1577 4509 Aratum
1606 4463 1755 4512 vero,
1797 4448 2022 4518 perinde

2128 4458 2288 4527 τέρας
2319 4455 2510 4526 ὅψεως.
2539 4456 2659 4507 Ὅτι
2682 4453 2736 4506 δὲ
2764 4453 2858 4507 καὶ
2885 4453 3115 4524 Ἄρατος
3145 4452 3257 4514 τοῖς
3291 4449 3680 4523 μαθηματικοῖς

466 4550 531 4605 ac
555 4536 985 4600 mathematicos,
1019 4539 1156 4592 citra
1200 4539 1537 4593 latitudinem
1583 4539 1747 4592 ullam
1787 4539 2023 4595 circulos

466 4629 601 4693 istos
642 4629 946 4699 concipere,
1006 4645 1079 4705 ex‘
1115 4645 1180 4685 eo
1231 4630 1407 4705 quivis
1450 4630 1727 4703 intelliget,
1768 4630 1913 4701 quod
1956 4629 2022 4708 de

462 4728 736 4789 aquatore
768 4720 989 4790 scripsit
1024 4742 1035 4775 :

505 4852 570 4926 ζη
605 4871 665 4909 eo
702 4872 819 4910 vero
842 4854 952 4910 dies
974 4853 1212 4926 noctibus
1242 4853 1468 4924 mquam
1494 4864 1614 4908 sunt
1642 4852 1873 4926 utrisque

505 4923 780 4989 Desinente
810 4933 1023 4991 wstate,
1053 4923 1358 4979 retinemus
1384 4941 1515 4978 rere.

533 5056 669 5112 Nam
702 5059 899 5127 alioqui
933 5075 1040 5113 non
1085 5060 1138 5114 in
1181 5076 1350 5115 unum
1386 5059 1650 5115 duntaxat
1690 5057 1830 5114 diem
1871 5073 2017 5131 vere,

465 5155 855 5217 autumnoque,
891 5149 986 5203 sed
1019 5151 1074 5203 in
1106 5152 1287 5220 plures
1315 5151 1700 5219 aequinoctium
1752 5149 2018 5216 redderet,

465 5238 515 5292 si
556 5236 893 5305 latitudinem
932 5239 1170 5314 haberet.
1206 5242 1432 5298 Constat
1464 5243 1590 5298 item
1613 5257 1677 5297 ex
1706 5241 1773 5296 iis
1809 5255 1930 5311 quae
1958 5240 2024 5315 de

468 5328 677 5409 tropico
704 5330 850 5395 canit
881 5348 899 5403 ι

553 5547 599 5628 ξ’
638 5544 757 5615 Reg.
811 5549 1210 5631 ιιτερινοητιιιήνι
1279 5548 1317 5583 ι’
1357 5567 1444 5637 γρ.
1482 5547 1574 5602 τοῦ
1598 5565 1645 5615 τ.

2128 4546 2430 4610 ἀκολούθως
2461 4545 2719 4621 ἀπλατεῖς
2765 4545 2959 4608 αὐτοὺς
2988 4545 3098 4596 νοεῖ
3130 4543 3491 4617 ὑπάρχοντας,
3526 4539 3684 4612 μάθοι

2129 4639 2203 4701 ἀν,
2218 4656 2300 4702 τις
2323 4636 2386 4691 εκ
2410 4655 2468 4692 τε
2492 4636 2585 4692 τοῦ
2614 4636 2743 4709 περὶ
2772 4635 2864 4690 τοῦ
2899 4633 3208 4706 ἰσημερινοῦ
3237 4632 3412 4702 λέγειν
3427 4649 3450 4685 ·.

2139 4855 2238 4909 Ἐκ
2265 4852 2333 4906 δέ
2359 4854 2411 4905 οἱ
2442 4851 2645 4920 ἤματα.
2664 4848 2842 4913 νυξὶν
2867 4851 3154 4920 lenirem:
3175 4847 3585 4920 ἀμφοτέρῃσιν

2126 4923 2444 4989 Φθίνοντος
2469 4918 2701 4991 ήθέρεος,
2727 4921 2857 4972 τότε
2879 4919 2921 4950 ⁸³
2949 4920 3000 4971 δ’
3031 4919 3230 4987 εἴαρος
3251 4918 3611 4991 ισταμένοιο,

2126 5057 2200 5108 Ού
2242 5057 2352 5127 γὰρ
2382 5058 2474 5110 ἐπὶ
2520 5057 2653 5126 μίαν¹
2679 5055 2836 5127 μόνον
2876 5054 3088 5126 ἡμέραν
3143 5055 3426 5128 ἰσημερίαν
3460 5051 3594 5127 ἦγεν
3626 5056 3681 5110 ἒν

2126 5164 2184 5200 τε
2222 5146 2298 5216 τῷ
2347 5146 2467 5218 ἔαρι
2508 5148 2600 5201 καὶ
2642 5145 2721 5216 τῷ
2759 5144 3105 5217 φθινοπώρῳ,
3153 5146 3287 5201 ἀλλὰ
3328 5146 3597 5214 πλείονας,
3631 5151 3680 5203 ει

2126 5238 2325 5303 πλάτος
2371 5234 2501 5311 εἶχε.
2551 5239 2661 5293 Καὶ
2706 5237 2869 5293 πάλιν
2913 5239 2977 5292 ὲκ
3019 5236 3113 5291 τοῦ
3161 5238 3253 5291 ἐπὶ
3293 5237 3386 5293 τοῦ
3422 5238 3676 5311 τροπικοῦ

2126 5328 2300 5398 λέγειν
2327 5347 2339 5360 ·
