3840 6306
103 234 226 292 ιοιθ

1079 233 1444 290 HIPPARCIH
1480 232 1572 287 AD
1609 229 2048 288 ΡΗᾹΞΝΟΜΕΝΛ
2088 230 2217 285 LIB.
2256 230 2293 284 Ι.

3170 231 3303 286 1050

108 354 209 409 τοῦ
233 352 346 423 μὲν
377 352 535 423 ὅσον
570 368 634 406 τε
677 352 944 423 μάλιστα
976 351 1050 406 δι’
1081 352 1234 423 όκτῲ
1253 349 1639 423 μετρηθέντος

1763 345 1867 423 [loc
1894 345 2183 423 quide_m_i_n
2210 353 2377 423 totum
2398 354 2491 423 per
2516 352 2630 423 octo
2659 355 2834 423 partes
2863 344 3095 399 dimenso

101 420 273 477 Πέντε
299 423 417 494 μὲν
444 422 611 477 ἕνδια
633 422 947 489 στρέφεται
992 423 1089 476 καί
1122 420 1411 489 ὑπέρτερα
1447 422 1639 490 ταίης,

109 552 180 608 Τὰ
203 555 328 624 τρία
355 552 407 607 δ’
431 552 499 605 ἐν
526 550 771 619 περάτῃ.

104 666 294 732 Πλάτος
319 665 425 737 γὰρ
444 665 654 735 ἔχοντος
677 664 859 725 αὑτοῦ,
884 664 975 718 καὶ
1001 662 1352 735 διαιρεθέντος
1377 666 1454 727 εἰς
1479 663 1642 726 ὀκτὼ,

101 758 305 811 δυνατὸν
331 756 467 811 εἶναι
499 757 593 811 ὅλα
620 757 883 828 τμήματα
902 757 1012 810 ἄνω
1035 773 1094 809 τε
1116 755 1210 809 καὶ
1234 755 1383 808 κάτω
1410 755 1645 825 ἐγκεκλι-

1751 415 1989 483 Quinque
2021 415 2084 468 de
2105 416 2186 469 Itis
2217 415 2272 469 in
2297 415 2554 482 superiori
2578 423 2725 480 parte
2748 414 3037 555 uolounttltr.
3062 432 3123 467 ac
3142 433 3302 484 supra

2991 494 3183 537 terram
3210 502 3229 551 ,-

2991 494 3183 537 terram
3210 502 3229 551 ,-

1746 553 1872 607 Tres
1901 562 2075 607 autem
2110 554 2165 606 in
2196 554 2400 621 inﬁma.

1813 665 1968 731 Quod
2014 664 2058 719 si
2110 662 2337 717 latitudo
2384 662 2531 716 illius
2570 670 2714 716 esset
2757 662 2887 726 ulla,
2918 670 2973 717 ct
3018 663 3073 717 in
3122 673 3304 734 partes

1742 768 1867 809 octo
1907 756 2255 816 tribueretur.
2312 755 2424 808 fieri
2477 762 2682 823 posset.
2742 762 2799 806 ut
2851 761 2961 808 tota
3029 763 3306 825 segmenta

104 849 253 919 μένου
278 847 370 902 τοῦ
398 848 625 918 κόσμου.
667 846 823 899 Ἀλλά
850 847 954 918 μὴν
984 846 1077 899 καὶ
1108 845 1233 916 περὶ
1259 844 1351 897 τοῦ
1382 843 1639 909 ζωδιακοῦ

1763 846 1921 901 'orent
1944 862 2177 916 superne
2205 845 2538 915 infcrneque,
2566 846 2863 900 inclinante
2889 846 3108 901 mundo.
3137 847 3306 913 Quin-

99 939 260 1010 λέγων
288 940 375 994 ὁτὲ
410 940 507 1011 μὲν
535 938 707 1002 οὕτως
729 955 743 971 ο

1742 940 1904 992 etiam
1922 938 1988 993 de
2012 937 2235 991 zodiaca
2257 938 2504 1006 loquens.
2519 952 2643 992 cum
2660 938 2929 991 interdum
2949 936 3061 992 haec
3075 937 3300 994 scribit:

106 1058 314 1109 Ὀσσον
338 1054 393 1123 δέ
417 1053 740 1123 ὀφθαλμοῖο
762 1052 973 1123 ,ϐολῆς
986 1050 1355 1123 ἀποτείνεται
1385 1050 1447 1123 ⁸¹Δ
1466 1048 1639 1123 αύγὴ,

1763 1051 2013 1116 Quantum
2051 1061 2224 1123 autem
2260 1051 2491 1123 ocularis
2520 1053 2660 1105 risus
2689 1050 2999 1123 extenditur:
3013 1051 3220 1116 radius,

115 1123 339 1192 Ἐξάκις
367 1117 671 1191 ἄν’τόσση
697 1140 803 1193 μιν
829 1117 1009 1189 ὑποδι
1020 1121 1153 1191 ἀμοι
1170 1137 1183 1150 ·
1216 1119 1401 1187 αὐτὰρ
1423 1117 1639 1185 ἑκάστη

1763 1124 1923 1177 ςεαςίεδ
1956 1121 2275 1175 tantumdem
2295 1121 2471 1175 subter
2484 1123 2649 1191 ipsum
2678 1120 3134 1193 meaverit._Porro
3163 1138 3306 1191 qua:-

108 1262 224 1328 Ἵση
240 1259 593 1329 ωτρηθεῖσα
617 1257 736 1313 δύω
760 1256 1162 1328 περιτέμνεται
1188 1256 1377 1324 ἄστρα
1400 1272 1415 1287 ·

104 1372 189 1427 ὁτὲ
214 1373 268 1426 δὲ
290 1370 480 1434 οὕτως’

112 1484 214 1540 Τοῦ
240 1484 289 1538 δ’
318 1484 509 1538 ὅσσον
536 1483 763 1538 κοίλοιο
796 1483 922 1537 κατ’
956 1481 1248 1537 ’Ὠκεανοῖο
1278 1480 1506 1551 δύηται,

109 1621 330 1675 Τόσσον
353 1621 504 1689 ὑπὲρ
533 1622 705 1691 γαίης
730 1620 984 1691 φέρεται·
1014 1620 1179 1689 πάσῃ
1205 1621 1257 1674 δ’
1282 1620 1380 1674 ἐπὶ
1407 1619 1578 1675 νυκτί

108 1752 207 1818 Ἐξ
225 1752 330 1807 ale!
356 1751 606 1808 δύνουσι
634 1752 1002 1818 δυωδεκάδες
1026 1753 1289 1807 κύκλοιο-

110 1822 315 1877 Τόσσαι
334 1821 385 1876 δ’
404 1822 786 1878 ἀντέλλουσιο
816 1825 999 1877 τόσον
1018 1822 1068 1876 δ’
1096 1823 1190 1876 ἐπὶ
1207 1821 1402 1893 μῆκος
1421 1821 1647 1891 ἑκάστη

100 1960 225 2027 Νὺξ
253 1962 362 2015 alet
394 1960 768 2023 τετάνυσται,
804 1960 954 2015 ὅσον
978 1959 1041 2015 τέ
1071 1974 1180 2029 περ
1209 1960 1393 2031 ἥμισυ
1422 1962 1648 2017 κύκλου

118 2031 452 2101 Ἄρχομένης
473 2031 591 2086 ἀπὸ
622 2031 839 2097 νυκτὸς
870 2031 1122 2099 ἀείρεται
1153 2032 1335 2100 ὑψόθι
1366 2032 1556 2101 γαίης.

101 2145 163 2197 ού
185 2141 372 2206 πλάτος
391 2143 600 2213 ἔχοντα,
618 2141 751 2196 ἀλλά
775 2143 1079 2198 τούναντίον
1094 2143 1306 2213 ἀπλατῆ
1324 2141 1650 2215 διειληφέναι

105 2251 193 2305 μοι
215 2234 371 2288 δοκεῖ.
400 2235 473 2287 Ἤ
508 2251 567 2288 τε
593 2235 700 2307 γὰρ
730 2234 854 2307 βολὴ
883 2235 977 2289 τοῦ
1006 2234 1280 2307 ὀφθαλμοῦ
1303 2236 1485 2290 εύθεῖἀ
1511 2238 1646 2299 ἐστι,

102 2324 196 2379 καὶ
224 2325 353 2396 αὐτὴ
374 2323 557 2390 ἑξάκις
583 2327 912 2396 καταμετρεῖ
925 2324 1015 2378 τὸν
1043 2323 1294 2395 μέγιστον
1317 2324 1410 2377 καὶ
1435 2323 1647 2392 ἀπλατῆ

106 2413 311 2479 κύκλον,
344 2414 458 2468 ἀλλ’
486 2415 605 2484 οὐχὶ
629 2414 719 2467 τὸν
742 2414 939 2476 πλάτος
963 2413 1168 2483 ἔχοντα·
1192 2412 1283 2465 τοῦ
1305 2430 1361 2465 τε
1385 2410 1648 2476 ζωδιακοῦ

108 2504 221 2558 καθ’
244 2505 474 2575 ἑκάστην
499 2504 713 2577 ἡμέραν
741 2505 834 2558 καλ⁸
880 2503 1048 2557 νύκτα
1078 2503 1403 2575 ἡμικύκλιον
1430 2503 1651 2557 ἀνατέλ-

105 2596 203 2657 λει,
239 2596 330 2649 καὶ
362 2594 526 2658 δύνει,
556 2594 650 2649 τοῦ
686 2594 837 2667 ἡλίου
880 2594 972 2647 ἐπὶ
1007 2593 1102 2647 τοῦ
1134 2593 1404 2658 ἀπλατοῦς
1435 2594 1528 2646 καὶ
1562 2593 1650 2646 διὰ

108 2688 279 2758 μέσων
309 2688 417 2741 τῶν
450 2687 657 2753 ζωδίων
700 2685 1019 2758 φερομένουο
1061 2685 1152 2738 ἐπὶ
1188 2685 1297 2757 γὰρ
1326 2685 1420 2739 τοῦ
1451 2684 1651 2748 πλάτος

102 2780 306 2849 ἔχοντος
337 2779 399 2833 ού
440 2777 659 2833 δυνατὸν
685 2777 843 2830 τοῦτο
881 2774 1213 2846 συμϐαίνειν.
1250 2776 1359 2829 Καὶ
1390 2775 1449 2840 ἐξ
1478 2774 1650 2828 ἀλλων

100 2870 156 2923 δὲ
188 2870 437 2924 πλειόνων
474 2866 704 2940 φανερός
745 2868 892 2920 ἐστιν
916 2868 944 2920 ὁ
978 2868 1209 2938 ’Ἄρατος
1239 2866 1495 2929 ἀπλατεῖς
1528 2867 1651 2927 τοὺς

98 2960 324 3025 κύκλους
357 2958 738 3029 ὑποτιθέμενος
761 2954 1067 3021 ἀκολούθως
1088 2959 1200 3021 τοῖς
1228 2955 1648 3028 μαθηματικοῖς.

168 3234 288 3289 KB'.
343 3235 431 3288 Ἐν
453 3234 511 3288 δὲ
540 3238 650 3297 τοῖς
681 3234 809 3305 ἑξῆς
838 3235 967 3306 περὶ
992 3235 1083 3290 τοῦ
1141 3235 1393 3306 γαλαξίου
1450 3236 1647 3290 κύκλου

94 3321 282 3389 εἰπὼν,
315 3322 595 3395 ἐπιφέρει,
627 3324 708 3377 ὅτι
760 3325 865 3378 τῶν
896 3326 937 3379 δ’
966 3326 1176 3380 κύκλων
1206 3326 1299 3380 δύο
1322 3327 1522 3381 τούτων
1547 3328 1648 3380 ἶσοι

92 3413 247 3467 εἰσίν*
272 3415 321 3467 οἱ
345 3414 401 3468 δὲ
431 3415 523 3468 δύο
555 3414 731 3487 πολλῷ
764 3416 1065 3483 ἐλάσσονες,
1096 3418 1266 3487 λέγων
1291 3417 1481 3482 οὕτως’

92 3524 187 3593 Τῷ
218 3525 293 3594 δή
319 3544 408 3581 τοι
443 3527 656 3598 χροιὴν
680 3529 797 3600 μὲν
827 3529 1095 3600 ἀλίγκιος
1122 3533 1233 3586 οὐκ
1269 3530 1358 3586 ἔτι
1389 3532 1616 3597 κύκλος

89 3662 360 3738 ῥινξῖταν
381 3663 451 3738 τὰ
550 3663 736 3734 μέτρα
754 3667 941 3738 τόσοι,
963 3667 1233 3733 πισύρων
1250 3669 1386 3738 παρ’
1404 3669 1647 3734 ἐόντων,

87 3734 160 3787 Ol
182 3733 311 3788 δύο·
339 3734 424 3786 τοὶ
452 3732 520 3787 δέ
546 3732 748 3803 σφεων
763 3735 914 3805 μέτα
934 3732 1169 3807 μείονες
1194 3732 1583 3794 είλίὰσονται.

159 3850 271 3903 Οὐκ
299 3843 357 3901 εὖ
389 3848 446 3902 δέ
471 3866 561 3918 μοι
589 3848 736 3903 δοκεῖ
759 3848 1009 3919 λέγεσθαι
1036 3851 1349 3919 οὐδὲτοῦτο,
1372 3854 1453 3908 ὅτι
1473 3854 1648 3925 πολλῷ

84 3940 381 4003 ἐλάσσονές
423 3942 561 3993 εἰσιν
595 3941 644 3993 οἱ
674 3943 923 4012 τροπικοὶ
953 3943 1048 3997 τοῦ
1085 3945 1398 4017 ίσημερινοῦ
1432 3947 1524 3999 καὶ
1556 3946 1647 4000 τοῦ

86 4032 375 4097 ζωδιακοῦ·
402 4032 623 4086 ἔλασσον
651 4034 757 4105 γὰρ
785 4033 818 4104 ἡ
848 4035 924 4105 τῷ
954 4043 1021 4089 ια’
1047 4035 1180 4108 (65⁸)
1200 4038 1353 4109 μέρει
1378 4038 1648 4093 λείπονται

82 4123 287 4177 αὐτῶν.

154 4218 296 4288 Περὶ
324 4216 381 4271 δὲ
408 4216 522 4270 τῶν
543 4216 808 4289 ἀστέρων,
837 4218 886 4271 οἳ
916 4222 1119 4273 κεῖνται
1152 4221 1235 4291 ἐφ’
1260 4222 1516 4293 ἑκατέρου
1543 4223 1649 4277 τῶν

2938 1189 3036 1263 [ris
3061 1189 3232 1260 portio

1745 1264 1830 1315 Es:
1855 1276 2002 1331 aequo
2027 1259 2261 1316 dimensa
2294 1261 2398 1314 duo
2435 1260 2694 1315 abscindit
2727 1259 2986 1316 στωικῇ.

1751 1374 1906 1445 113
1932 1383 1986 1430 et
2012 1375 2148 1432 alias
2176 1378 2249 1431 ita
2283 1376 2521 1447 loquitur
2547 1390 2564 1429 :

1749 1484 1926 1557 Hujus
1952 1497 2127 1542 autem
2170 1498 2425 1559 quantum
2458 1503 2739 1540 concauum
2788 1487 2882 1541 sub
2912 1487 3174 1559 Oceanum
3221 1508 3310 1547 oc-

2983 1557 3201 1629 [ciderit
3220 1603 3235 1628 ,

2791 1642 2883 1695 per
2937 1645 3017 1681 0m
3025 1647 3138 1683 nem
3192 1648 3309 1687 vero

1749 1764 1853 1819 Sea:
1885 1781 2083 1835 semper
2111 1765 2352 1818 occidunt
2382 1762 2705 1819 duodecima:
2734 1764 2921 1818 circuli
2947 1779 2967 1818 ξ
2996 1696 3235 1770 [nouem

1751 1835 1987 1890 Totidem
2017 1838 2305 1889 oriuntur:
2362 1845 2564 1888 tantum
2615 1846 2787 1889 autem
2818 1835 2885 1888 ad
2932 1835 3308 1922 longitudinem

1752 1971 1875 2043 Non:
1902 1989 2103 2042 semper
2127 1974 2442 2032 extenditur.
2472 1984 2723 2043 quantum
2751 1925 3028 2030 dimidiunlt

1751 2041 1968 2098 Ineunte
1994 2041 2059 2097 ab
2091 2054 2238 2098 nocte
2272 2041 2538 2098 attollitur
2565 2060 2726 2112 supra
2765 2055 3073 2103 terram.....

1751 1627 1977 1682 Tantum
2030 1641 2191 1695 supra
2236 1635 2437 1680 .terram
2499 1624 2667 1695 fertur
2716 1639 2735 1677 :

1750 2158 1804 2211 iu
1837 2157 1946 2221 his,
1982 2157 2228 2227 inquam,
2290 2157 2547 2213 omnibus
2614 2159 2766 2213 nulla
2810 2168 3152 2215 constantem
3185 2160 3309 2216 lati.

1749 2248 1957 2311 tudine,
1979 2248 2074 2302 sed
2106 2247 2227 2315 ejus
2262 2255 2455 2301 contra
2488 2249 2707 2317 penitus
2729 2257 3009 2319 expertem
3036 2250 3313 2306 delincare

1748 2339 2015 2393 circulum
2067 2339 2196 2393 mihi
2230 2338 2448 2410 quidem
2478 2342 2693 2398 videtur
2743 2359 2757 2396 :
2804 2341 3073 2412 siquidem
3126 2341 3315 2414 conje-

1658 2474 1665 2489 ,
1749 2438 1870 2484 ctus
1898 2429 2040 2484 oculi
2076 2440 2260 2485 reetus
2291 2441 2414 2486 est:
2463 2433 2716 2502 idemque
2770 2438 2947 2487 sexies
2982 2434 3309 2499 maximum,

1748 2528 1801 2574 et
1838 2517 2122 2572 latitudine
2149 2527 2424 2574 carentem
2445 2559 2459 2584 ,
2491 2535 2602 2574 non
2643 2536 2706 2575 ea
2738 2521 3019 2590 pnnditum
3045 2523 3310 2578 circulum

1749 2612 2007 2667 metitur:
2040 2610 2249 2667 zodiaci
2290 2627 2506 2683 quoque
2548 2613 2780 2684 singulis
2829 2614 3057 2680 diebus,
3112 2630 3175 2671 ac
3208 2631 3310 2670 no-

1749 2704 1927 2758 ctibus
1953 2702 2328 2759 semicirculus
2373 2704 2550 2759 oritur
2598 2715 2652 2760 et
2694 2703 2917 2770 occidit,
2952 2721 3076 2760 cum
3128 2707 3208 2763 sol
3248 2708 3309 2761 in

1750 2793 1958 2848 circulo
1989 2809 2164 2863 neque
2211 2794 2319 2849 lato
2367 2805 2421 2851 et
2462 2795 2638 2851 media
2667 2797 2821 2866 signa
2868 2806 3175 2866 permeante
3203 2798 3314 2852 for-

1753 2892 1841 2937 tur
1869 2903 1883 2940 :
1917 2886 2062 2955 quod
2099 2886 2212 2941 ﬁeri
2242 2901 2354 2941 non
2384 2895 2592 2957 posset,
2617 2887 2663 2942 si
2688 2888 2990 2945 latitudinis
3028 2888 3078 2944 ei
3105 2888 3313 2944 circulo

1754 2972 1957 3042 aliquid
1989 2974 2213 3030 inesset.
2263 2974 2450 3031 Potest
2481 2987 2535 3031 et
2572 2977 2696 3032 aliis
2725 2978 3101 3047 compluribus
3151 2993 3314 3048 argu-

1756 3064 1951 3120 mentis
1976 3065 2226 3133 ostendi;
2264 3081 2370 3120 non
2422 3066 2581 3121 aliter
2616 3081 2680 3121 ac
2710 3067 3074 3125 mathematici
3103 3067 3313 3123 faciunt

1754 3155 2036 3211 latitudine
2064 3167 2312 3212 carentes
2341 3157 2580 3213 circulus
2596 3158 2665 3214 ab
2691 3158 2860 3215 Arato
2892 3161 3170 3216 constitui.

1826 3245 1991 3300 XXII.
2012 3246 2083 3302 De
2098 3248 2272 3304 lacteo
2290 3263 2416 3303 vero
2432 3249 2638 3304 circulo
2654 3249 2907 3320 deinceps
2923 3266 3087 3321 agens
3101 3248 3310 3315 scribit,

1752 3356 1783 3395 e
1810 3340 2033 3395 circulis
2049 3348 2284 3410 quatuor
2312 3340 2451 3397 duos
2475 3342 2707 3413 :cquales
2732 3357 2885 3408 csse;
2918 3345 3152 3414 reliquos
3173 3342 3311 3400 duos

1752 3430 1895 3485 haud
1926 3431 2086 3501 paulo
2118 3433 2377 3497 minores,
2410 3433 2494 3489 bis
2526 3433 2771 3488 versibus
2807 3451 2819 3487 :

1757 3541 1898 3596 Huic
1944 3559 2100 3612 porro
2146 3544 2317 3599 colare
2354 3543 2561 3615 quidem
2606 3544 2793 3597 similis
2842 3543 3017 3668 nulluls
3059 3551 3310 3668 pralterea

3022 3629 3158 3667 crrcu
3186 3631 3247 3668 us

1765 3681 2049 3755 Yersatur:
2071 3683 2160 3736 sed
2179 3682 2535 3755 magnitudine
2555 3684 2688 3736 tanti
2708 3691 2933 3753 quatuor
2953 3613 3312 3739 εὲξέζῗέιίῧῗιηι

1756 3751 1908 3816 Duo;
1932 3754 2037 3806 duo
2064 3770 2179 3807 vero
2208 3751 2336 3824 ipSis
2369 3755 2516 3824 longe
2546 3751 2767 3807 minores
2791 3755 3083 3809 volvuntur.
3188 3770 3195 3779 '

1827 3866 1983 3933 Quod
2036 3868 2212 3938 ipsum
2260 3884 2329 3921 ne.
2375 3882 2561 3923 carere
2619 3867 2833 3938 quidem
2892 3865 3315 3938 reprehensione

1755 3957 1888 4010 mihi
1929 3957 2144 4012 videtur
2194 3956 2264 4011 ab
2313 3972 2379 4012 eo
2412 3956 2645 4018 dictum,
2698 3956 2872 4009 multo
2921 3955 3160 4011 minores
3191 3969 3315 4010 esse

1754 4047 1995 4116 tr0picos
2058 4045 2423 4116 aequinoctiali
2488 4060 2551 4100 ac
2621 4045 2881 4111 zodiaco;
2940 4045 3123 4101 minus
3167 4044 3311 4099 enim

1756 4139 2043 4194 undecima
2075 4146 2227 4209 parte
2261 4139 2329 4193 ab
2354 4137 2440 4195 his
2468 4138 2544 4191 illi
2580 4146 2928 4208 superantur.

1825 4228 1902 4284 De
1925 4230 2127 4291 stellis.
2170 4244 2291 4299 qua:
2347 4230 2398 4283 in
2433 4236 2665 4299 utroque
2722 4230 2953 4301 trapico.
2988 4238 3041 4283 et
3072 4226 3312 4298 :equino-

76 4308 362 4380 ςροπικῶν
387 4308 482 4363 καὶ
513 4309 605 4362 ἐπὶ
640 4307 733 4361 τοῦ
766 4310 1098 4381 ἰσημερινοῦ,
1124 4312 1324 4383 γράφει
1356 4316 1386 4367 ὁ
1419 4316 1639 4385 Ἀρατος

1763 4322 1906 4377 ctiali
1938 4322 2057 4378 sita:
2086 4329 2235 4385 sunt,
2270 4322 2416 4375 hunc
2445 4321 2501 4375 in
2530 4320 2750 4375 modum
2784 4320 2973 4376 scribit
3003 4318 3241 4376 Aratus;

72 4398 275 4470 τοῦτον
303 4397 393 4452 τὸν
422 4400 639 4471 τρόπον’

79 4533 220 4606 Τῶν
243 4538 294 4606 κός
314 4534 431 4603 μὲν
459 4536 707 4605 ἐγγύθεν
738 4536 868 4590 ἐστὶ
901 4537 1331 4606 κατερχομένου
1353 4540 1611 4606 ,βορέοισ

91 4604 202 4677 ξεν
325 4608 384 4677 ci
409 4604 726 4677 ἀμφότεραι
753 4607 1002 4677 κεφαλαί
1031 4604 1293 4675 Διδύμων
1319 4604 1646 4677 φορέονται·

90 4674 202 4728 Ἐν
228 4674 301 4728 δὲ
326 4674 399 4728 τά
429 4676 687 4744 γούνατα
718 4674 903 4731 κεῖται
930 4674 1219 4744 ἀρηρότος
1259 4674 1560 4748 Ἠνιόχοιο.

72 4809 147 4860 Ai
183 4808 288 4880 μὲν
318 4804 409 4865 οὖν
441 4810 673 4880 κεφαλαὶ
700 4812 808 4866 τῶν
845 4813 1090 4884 Διδύμων
1118 4815 1180 4867 ού
1210 4816 1413 4868 κεῖνται
1442 4815 1533 4867 ἐπὶ
1556 4813 1648 4868 τοῦ

70 4901 305 4972 θερινοῦ
348 4902 628 4974 τροπικοῢ.
657 4904 713 4958 '0
752 4906 851 4975 μὲν
884 4904 994 4977 γὰρ
1026 4904 1237 4976 θερινὸς
1267 4905 1522 4977 τροπικὸς
1557 4906 1651 4960 τοῦ

78 4991 177 5061 ἱση
187 4991 410 5064 μερινού
423 4991 755 5064 βορειότερός
770 4995 884 5048 ἐστι
899 4995 988 5065 μοί
996 5037 1009 5050 .
1023 4994 1100 5058 ὡς
1116 4994 1342 5065 ἔγγιστα
1358 4993 1451 5048 κδ’·
1473 4995 1579 5048 τῶν
1595 4996 1652 5049 δὲ

1682 4397 1729 4452 D

1763 4544 1963 4598 Horum
1996 4544 2132 4597 alter
2161 4542 2363 4613 quidem
2390 4558 2548 4612 prope
2570 4553 2646 4613 est
2674 4538 3060 4613 descendentem
3084 4543 3310 4593 borum.

1758 4613 1822 4684 In
1855 4631 1914 4684 eo
1947 4631 2065 4668 vero
2096 4610 2371 4684 utrumque
2392 4610 2556 4681 caput
2593 4610 2929 4684 Geminorum
2966 4610 3133 4678 fertur
3156 4624 3175 4662 :

1755 4683 2058 4754 Ibidemque
2086 4701 2254 4754 genua
2282 4680 2405 4738 sunt
2430 4680 2596 4751 aptati
2623 4680 2897 4735 Heniochi.

1827 4818 1989 4887 Atqui
2050 4817 2400 4873 Geminorum
2448 4818 2627 4887 capita
2681 4831 2789 4870 non
2842 4824 2965 4871 sunt
3021 4814 3076 4868 in
3123 4812 3313 4868 mstivo

1756 4908 1988 4977 tropico.
2033 4905 2311 4976 Siquidem
2380 4906 2627 4976 trapicus
2681 4906 2901 4960 aestivus
2952 4902 3312 4974 mquinoctiaii

1759 4997 1965 5053 circulo
1991 4997 2263 5051 boreaiior
2290 5004 2375 5052 est
2418 4996 2664 5067 partibus
2686 4995 2903 5049 circiter
2926 4992 3026 5060 24;
3059 4991 3313 5048 Gemino-

74 5080 339 5153 Διδύμων
369 5084 402 5151 ἡ
438 5083 534 5154 μὲν
562 5084 798 5155 ἑπομένη
836 5086 1043 5159 κεφαλὴ
1075 5084 1382 5157 βορειοτέρα
1420 5087 1536 5140 ἐστὶ
1559 5087 1639 5139 τοί

1763 5104 1878 5143 rum
1909 5102 2039 5142 vero
2085 5086 2387 5142 succedens
2423 5094 2588 5156 caput
2626 5086 2898 5141 borealius
2948 5093 3033 5140 est
3074 5083 3314 5153 aequino-

73 5174 411 5246 ίσημερινοῦ
440 5174 547 5245 μοί.
576 5172 619 5227 λ’
638 5189 651 5203 ⁸
679 5176 712 5246 ἡ
741 5174 796 5227 δὲ
825 5178 1101 5250 ἡγουμένη
1144 5179 1253 5248 μοί,
1282 5178 1362 5247 λγ
1384 5177 1467 5232 S".
1493 5179 1639 5232 Ὥστε

1763 5178 1910 5234 ctiali
1942 5175 2189 5247 partibus
2220 5176 2322 5242 50;
2348 5176 2674 5231 antecedens
2707 5178 2954 5246 partibus
2980 5177 3052 5231 33
3085 5174 3208 5246 ιβ.
3238 5173 3315 5230 ita

144 5327 197 5367 υ
221 5344 313 5396 γρ.
340 5327 719 5397 ἀποτέμνεται.

156 5480 304 5551 (65⁸)
342 5484 652 5537 Ἔλασσον
671 5480 779 5550 γὰρ
798 5482 837 5546 ἢ
870 5481 950 5547 τῷ
971 5489 1065 5535 ια’.
1093 5481 1377 5539 Manifesta
1395 5485 1533 5538 ratio
1548 5480 1651 5544 est.

70 5568 260 5620 quam
295 5552 574 5624 attigimus
599 5567 781 5624 supra.
806 5552 903 5608 Est
945 5555 1090 5607 enim
1127 5554 1314 5624 eadem
1370 5556 1652 5624 proportio

71 5623 318 5678 maximi
368 5622 557 5678 circuli
600 5622 665 5677 ad
698 5624 1000 5686 trooicusu.
1046 5622 1304 5687 gradibus
1335 5622 1569 5689 quatuor
1599 5633 1651 5678 et

1752 5484 1939 5569 γίεὲηιί
1973 5486 2042 5569 al:
2069 5499 2136 5569 εει
2166 5482 2547 5569 medentem»
2580 5491 2813 5569 πρεεεει
2832 5481 3131 5569 ίίίοοίὲρεοοο
3157 5483 3315 5569 sine“

1752 5551 1945 5619 toiius,
1976 5554 2043 5608 ad
2072 5554 2275 5617 9|,555
2302 5554 2483 5610 sinum
2501 5551 2652 5623 grai].
2685 5553 2773 5613 66.
2819 5568 2938 5608 com
2982 5553 3197 5608 lementi
3228 5551 3312 5604 di-

1751 5625 1964 5683 stantia:
1992 5625 2211 5695 tropici,
2248 5626 2348 5691 hoc
2371 5632 2455 5682 est
2508 5633 2567 5678 ut
2614 5624 2671 5685 ll
2701 5622 2768 5678 ad
2806 5622 2869 5677 l0
2907 5567 3312 5693 6305/“)0000.
