4040 6206
314 291 455 346 1053

1333 292 1697 350 mmmam
1731 292 1822 348 AD
1850 276 2291 352 Pii/ENOMENA
2324 292 2452 348 LIB.
2481 293 2521 346 ι.

3401 289 3534 345 105$

298 408 372 477 τῇ
406 406 638 479 πτέρυγι
667 405 1000 479 βορειότερός
1024 407 1140 460 ἐστι
1168 405 1261 460 τοῦ
1294 404 1605 479 ίσημερινοῦ
1634 406 1741 477 μοί.
1766 411 1858 475 xy"

1977 409 2031 459 in
2062 406 2400 461 extremitate
2431 404 2549 465 alte.
2578 402 2852 460 borcalior
2899 410 2981 459 est
3015 401 3378 474 aquinoctiali
3411 420 3537 476 par-

298 496 398 552 τοῦ
431 497 490 550 δὲ
523 497 773 569 Ὄρνιθος
808 497 868 551 τὸ
901 498 997 568 μὲν
1032 497 1227 570 ῥύγχος
1264 497 1597 571 βορειότερόν
1636 500 1749 552 ἐστι
1778 498 1874 553 τοῦ·

302 586 627 660 ίσημερινοῦ
656 588 766 658 μοί.
800 594 875 640 κε’
908 589 1002 642 καὶ
1030 595 1135 656 κγ’·
1164 590 1191 642 6
1213 588 1268 641 δὲ
1296 588 1548 659 ἐχόμενος
1572 588 1756 649 αὐτοῦ,
1782 589 1873 642 καὶ

298 682 379 745 ὡς
411 680 477 734 ἂν
501 683 529 735 ὁ
551 681 609 733 ὲν
635 679 713 750 τῷ
741 679 972 755 λάρυγγι
1000 682 1269 750 κείμενος,
1291 676 1619 751 βορειότερός
1641 682 1754 734 ἐστι
1781 680 1873 734 τοῦ

302 771 624 843 ίσημερινοῦ
653 771 763 842 μοί.
793 771 895 827 λα’.
924 770 1092 841 Δῆλον
1116 769 1228 833 οὖν,
1250 774 1329 825 ὃτι
1354 770 1474 826 οὔτε
1495 773 1527 843 ὴ
1550 772 1758 844 κεφαλὴ
1780 773 1872 828 τοῦ

303 862 561 935 Ὄρνιθος
597 861 722 916 οὔτε
764 866 793 917 6
825 863 1092 935 τράχηλος
1135 863 1354 921 δύναται
1400 865 1491 918 ἐπὶ
1523 864 1615 921 τοῦ
1661 864 1871 936 θερινοῦ

1981 497 2125 554 tibus
2156 496 2259 563 25;
2300 504 2356 552 at
2387 496 2556 568 Cygni
2586 502 2825 551 rostrum
2868 495 3141 550 borealius
3179 500 3263 551 est
3291 494 3534 563 aequino-

1978 590 2128 646 ctiali
2157 589 2228 645 25
2255 597 2308 645 et
2336 590 2407 644 25
2436 608 2449 644 :
2484 589 2611 644 huic
2639 589 2846 654 citima,
2871 597 2924 644 et
2955 587 3010 642 in
3039 572 3254 660 gutture
3283 586 3537 658 quodam-

1979 682 2137 737 modo
2186 684 2397 753 posita,
2453 681 2723 737 borcalior
2762 691 2847 737 est
2893 680 3255 750 aequinoctiali
3291 679 3536 751 partibus

1974 775 2063 830 51.
2093 776 2270 841 Quare
2302 774 2649 846 perspicuum
2669 782 2752 828 est
2771 788 2945 843 neque
2973 781 3134 843 caput
3153 770 3344 843 Cygni,
3362 786 3537 841 neque

1976 869 2175 922 collum
2213 867 2266 921 in
2304 868 2513 936 tropico
2552 866 2740 923 αιςιίνο
2772 866 2979 921 circulo
3002 881 3163 935 posse
3184 864 3460 921 constitui.

299 953 564 1024 τροπικοῦ
596 952 804 1011 κεῖσθαι
833 953 1050 1012 κύκλου.
2233 1016 2237 1021 ι

386 1042 543 1114 Ἑξῆς
571 1043 627 1096 δέ
662 1060 844 1114 φησιν.

2045 1042 2250 1098 Exinde
2278 1044 2468 1098 scribit
2494 1047 2692 1097 Aratus

2048 1197 2061 1210 .
2141 1195 2156 1210 .
2233 1194 2249 1209 .
2303 1155 2647 1224 pra'clurique
2671 1152 3150 1224 Opltiucltiltumeri

2048 1226 2229 1296 Ipsum
2258 1222 2529 1280 uoluuntur
2557 1222 2746 1279 agitati
2769 1225 2908 1277 circa
2936 1222 3127 1276 orbem.

2040 1336 2100 1392 In
2126 1336 2327 1408 quibus
2360 1335 2517 1406 plena
2542 1342 2625 1391 est
2668 1334 2816 1390 illius
2864 1302 3100 1388 inscitia.
3155 1331 3288 1386 Nam
3343 1334 3532 1390 dexter

1966 1430 2226 1485 humerus
2267 1428 2533 1500 Ophiuchi
2565 1428 2720 1498 longe
2768 1426 3124 1497 propinquior
3162 1433 3248 1482 est
3288 1427 3529 1496 aequino-

375 1195 392 1210 .
427 1195 442 1209 .
468 1194 482 1208 .
521 1195 535 1216 ,
568 1195 582 1209 .
624 1195 638 1209 .
678 1194 693 1209 .
721 1194 734 1216 .
756 1194 769 1207 .
795 1196 808 1209 .
831 1195 845 1209 .
881 1156 1057 1210 καλοί
1086 1156 1134 1208 τ’
1181 1156 1497 1224 Ὀφιούχεοι
1519 1151 1660 1223 ὦμοι

371 1226 570 1281 Αὑτὸν
596 1225 930 1278 δινεύονται
964 1225 1321 1295 ἐληλαμένοι
1351 1226 1482 1294 περὶ
1512 1227 1762 1280 κύκλον.

314 1339 406 1392 Ἐν
424 1338 481 1390 δὲ
502 1336 709 1401 τούτοις
730 1337 929 1401 τελέως
956 1338 1157 1406 ἀγνοεῖ.
1187 1337 1306 1391 Τῶν
1327 1337 1434 1408 γὰρ
1463 1336 1553 1390 τοῦ
1587 1337 1867 1408 Ὀφιούχου

297 1428 471 1502 ὤμων
502 1431 531 1483 6
562 1419 668 1500 μὲν
693 1428 862 1494 δεξιὸς
897 1428 1074 1500 πολλῷ
1116 1429 1296 1498 ἔγγιον
1333 1433 1511 1483 κεῖται
1541 1429 1632 1483 τοῦ
1674 1431 1867 1500 ἰσημε-

301 1522 454 1593 ρινοῦ
475 1522 618 1593 ἤπερ
638 1520 733 1574 τοῦ
762 1520 1047 1593 τροττικονῗι⁸
1082 1523 1111 1575 6
1137 1520 1192 1574 δὲ
1221 1521 1503 1592 ἀριστερὸς
1524 1521 1689 1593 τρίτῳ
1714 1519 1858 1591 μέρει

1966 1522 2115 1577 ctiali
2164 1535 2327 1591 quam
2381 1521 2619 1590 tropico;
2680 1520 2903 1574 sinister
2949 1526 3130 1575 autem
3178 1519 3338 1574 unius
3387 1519 3530 1590 signi

299 1609 422 1675 ὲνδς
444 1609 630 1675 ζωδίου
656 1609 967 1682 νοτιώτερός
991 1611 1106 1663 ἐστι
1130 1608 1222 1663 τοῦ
1246 1608 1521 1681 τροπικοιὶ
1559 1610 1615 1662 Ὀ
1641 1609 1736 1679 μὲν
1760 1608 1858 1679 γὰρ

1966 1614 2162 1669 triente
2208 1615 2502 1668 australior
2551 1621 2635 1668 est
2683 1614 2910 1683 tropico.
2961 1611 3170 1682 Quippe
3214 1610 3401 1667 dexter
3431 1610 3531 1666 hu-

296 1700 474 1766 δεξιὸς
521 1694 671 1771 ὦμος
722 1699 1057 1772 βορειότερός
1101 1701 1215 1753 ἐστι
1256 1698 1348 1753 τοῦ
1399 1696 1710 1771 ίσημερινοῦ
1752 1698 1858 1769 μοί.

1966 1722 2151 1761 merus
2172 1706 2441 1761 borcalior
2459 1711 2543 1760 est
2563 1703 2928 1774 aequinoctiali
2955 1704 3197 1774 partibus
3219 1703 3437 1759 circiter
3461 1702 3526 1769 7;

296 1792 526 1860 ἔγγιστα
555 1789 599 1854 ζ’
617 1808 628 1819 ·
664 1788 692 1841 6
717 1789 773 1844 δὲ
802 1790 1083 1862 ἀριστερὸς
1113 1790 1188 1854 ὼς
1216 1789 1440 1859 ἔγγιστα
1474 1790 1581 1861 μοί.
1620 1796 1699 1845 ιε’.

1966 1798 2188 1853 sinister
2221 1798 2470 1868 partibus
2505 1811 2669 1867 quam
2713 1795 2958 1866 proxime
2992 1795 3079 1850 15.

381 1880 539 1955 Ἑξῆς
567 1880 623 1933 δέ
652 1896 836 1951 φησιν.

2030 1889 2241 1944 Rursus
2264 1888 2460 1945 Aratus
2494 1908 2508 1945 :

307 1991 373 2044 'H
395 1989 449 2044 δ’
477 1991 682 2060 ἀλίγον
711 1990 945 2059 φέρεται
973 1990 1304 2060 νοτιωτέρη,
1332 1990 1456 2045 οὐδ’
1487 1991 1792 2045 limatus:

295 2059 617 2127 Παρθένος,
654 2061 813 2115 ἀλλὰ
856 2060 1021 2115 Λέων
1063 2060 1159 2114 καί
1191 2063 1503 2129 Καρκίνος
1536 2064 1589 2115 οὶ
1622 2065 1739 2129 μέν
1769 2060 1863 2129 ἄρ’

306 2200 534 2265 Ἑξείης
558 2199 759 2254 κέαται
778 2199 1194 2269 ,βεϐολημένον
1220 2199 1405 2269 αὐτὰρ
1435 2203 1468 2254 ό
1497 2131 1788 2265 κύκέςῖω

298 2270 415 2337 Τὸν
431 2271 549 2340 μὲν
575 2269 693 2323 ὑπὸ
723 2268 943 2337 στῆθος
975 2269 1073 2323 καὶ
1100 2271 1356 2339 γαστέρα
1370 2268 1548 2340 μέχρι
1567 2270 1700 2338 παρ’
1719 2268 1865 2323 aldi.)

1969 2003 2137 2057 Paulo
2178 2013 2350 2058 autem
2376 2005 2544 2073 fertur
2565 2003 2888 2073 australior;
2928 2018 3086 2073 neque
3107 2001 3321 2073 attingit

1972 2073 2130 2144 Virgo
2155 2090 2172 2128 :
2203 2074 2292 2128 sed
2318 2070 2444 2138 Leo,
2473 2083 2519 2129 et
2550 2074 2788 2138 Cancer;
2821 2072 2874 2126 Iri
2900 2070 3106 2143 quidem
3135 2070 3290 2123 ambo

1964 2228 2048 2285 Ea:
2070 2231 2252 2285 ordine
2274 2230 2454 2299 jaceat
2489 2230 2712 2284 inserti:
2744 2229 2833 2283 sed
2862 2227 3087 2282 circulus

1960 2300 2183 2355 Leonem
2220 2297 2427 2372 quidem
2477 2302 2571 2354 sub
2615 2309 2818 2370 pectore
2878 2307 2926 2352 et
2992 2308 3221 2379 ventre,’
3244 2312 3410 2379 usque
3456 2297 3523 2350 ad

298 2424 520 2510 ζέμνει,
549 2424 742 2510 τὸννδὲ
770 2425 1679 2510 διῃνεκέωςῇὑπένερθε.Χελείου.
1961 2437 2153 2510 sum;
2187 2436 2427 2510 conn-we
2450 2451 2568 2510 ver?
2590 2434 2687 2510 sub.
2711 2433 2810 2510 1.“
2817 2443 2871 2510 ζα
3200 2364 3454 2439 [Παριηηο

291 2498 612 2565 Καρκίνον
641 2496 742 2567 ᾗχι
769 2496 1034 2565 μάλιστα
1064 2497 1443 2567 διχαιόμενόν
1474 2514 1542 2552 κε
1570 2498 1826 2566 νοήσαις

304 2567 526 2635 Ὀρθόν·
560 2566 953 2636 Ζννόφθαλμει
987 2566 1214 2622 κύκλου
1241 2566 1555 2636 ἑκάτερθεν
1584 2569 1752 2623 ίοιεν.

1961 2437 2153 2501 Secat;
2187 2436 2427 2489 continue
2450 2451 2568 2487 vero
2590 2434 2684 2487 sub
2715 2433 2871 2487 Testa

1957 2508 2222 2561 Cancrum
2246 2520 2264 2557 :
2292 2505 2380 2557 ubi
2403 2505 2631 2557 maxime
2669 2504 2917 2571 bifariam
2946 2513 3141 2558 sectum
3170 2506 3349 2562 uideas

1962 2577 2145 2640 Recte;
2184 2588 2242 2629 ut
2271 2574 2408 2628 oculi
2440 2590 2473 2628 a
2495 2573 2692 2626 circulo
2730 2583 2850 2626 eaut
2881 2575 3142 2643 utrinque.

364 2679 551 2733 Ταῦτά
583 2696 673 2750 μοι
701 2680 848 2734 δοκεῖ
875 2679 1180 2753 συμφώνως
1203 2682 1314 2745 τοῖς
1345 2681 1687 2751 φαινομένοις
1708 2682 1858 2752 είρη-

2027 2690 2153 2745 Haec
2180 2687 2554 2759 apparentium
2600 2685 2724 2740 ﬁdei
2772 2684 3026 2739 videntur
3066 2686 3134 2741 ab
3167 2687 3262 2744 illo
3292 2704 3526 2746 consen-

291 2772 469 2827 κέναι.
512 2771 630 2824 Τῶν
667 2789 726 2826 τε
768 2773 876 2845 γὰρ
911 2774 969 2826 ἐν
994 2773 1072 2844 τῷ
1105 2771 1288 2844 στήθει
1318 2771 1413 2825 τοῦ
1441 2772 1669 2836 Λέοντος
1697 2774 1726 2825 6
1760 2773 1858 2843 μὲν

1958 2790 2113 2838 tanee
2140 2781 2303 2838 dicta.
2347 2778 2482 2834 Nam
2527 2791 2715 2833 earum
2763 2790 2883 2846 qua:
2933 2774 2988 2828 in
3022 2785 3245 2845 pectore
3292 2777 3521 2845 Leonis.

295 2861 611 2927 νοτιὼτατος
642 2864 735 2917 καὶ
757 2862 1154 2935 λαμπρότατος,
1187 2863 1246 2917 ὃν
1276 2863 1338 2933 δή
1366 2881 1509 2927 τινες
1538 2866 1596 2917 έν
1632 2867 1699 2935 τῇ
1733 2881 1858 2936 καρ-

1958 2881 2379 2942 australissitua,
2410 2892 2573 2948 quam
2603 2874 2854 2930 nonnulli
2885 2875 2939 2928 in
2990 2871 3157 2928 corde
3210 2872 3477 2927 collocant
3503 2909 3522 2938 ,

290 2955 382 3025 δίῃ.
415 2954 641 3016 τιθέασι,
695 2954 873 3027 μικρῷ
910 2955 1223 3026 νοτιώτερός
1250 2955 1367 3009 ἐστι
1392 2955 1486 3009 τοῦ
1520 2956 1797 3027 τροπικοῦ⁶
1827 2957 1857 3013 6

1958 2975 2118 3046 paulo
2151 2980 2235 3028 est
2261 2970 2553 3027 australior
2581 2967 2828 3037 tropico;
2858 2980 2978 3036 quae
3004 2979 3133 3019 vero
3176 2971 3299 3033 post
3343 2963 3519 3031 ipsam

290 3045 350 3101 δὲ
397 3044 532 3114 μετά
569 3043 754 3098 τοῦτον
797 3045 932 3117 πρὸς
972 3045 1070 3109 τὰς
1108 3047 1339 3118 ἄρκτους
1404 3047 1569 3101 αὐτοῦ
1610 3048 1857 3120 κείμενος

1958 3043 2024 3122 ad
2056 3062 2475 3135 septentrionem
2505 3060 2793 3132 positaest.
2811 3059 2971 3128 paulo
2985 3065 3068 3112 est
3099 3054 3387 3110 australior
3408 3060 3524 3108 tro-

294 3135 479 3206 μικρῷ
508 3134 840 3207 βορειότερος
868 3135 960 3190 τοῦ
993 3135 1204 3210 θερινοῦ
1232 3137 1513 3208 τροπικοῦο
1540 3138 1635 3192 καὶ⁷
1661 3137 1769 3192 τῶν
1801 3140 1858 3193 έν

290 3230 407 3291 τοῖς
443 3231 659 3301 μηροῖς,
698 3228 791 3284 καὶ
826 3228 1037 3283 σκέλεσι
1067 3227 1160 3281 τοῦ
1191 3227 1418 3293 Λέοντος
1443 3229 1484 3283 δ’
1519 3230 1804 3301 λαμπρῶν,
1832 3232 1860 3283 6

302 3320 403 3394 μὲν
443 3318 693 3392 δεύτερος
735 3322 829 3375 ἀπ’
887 3320 1087 3392 ἄρκτου
1136 3320 1193 3372 ἐν
1227 3322 1337 3383 τοῖς
1382 3324 1575 3392 μηροῖς
1612 3322 1861 3392 κείμενος

293 3411 630 3483 βορειότερός
666 3414 782 3465 ἐστι
809 3412 903 3465 τοῦ
946 3409 1206 3483 τροπικοῦ
1229 3428 1243 3442 ·
1287 3414 1315 3464 6
1355 3411 1412 3465 δὲ
1449 3413 1651 3488 τρίτος,
1683 3414 1775 3466 καὶ
1802 3415 1860 3470 ὲν

290 3506 406 3566 τοῖς
439 3503 651 3557 σκέλεσι
674 3505 939 3574 κείμενος,
971 3500 1286 3580 νοτιώτερός
1312 3503 1426 3557 ἐστι
1454 3502 1545 3557 τοῦ
1574 3503 1856 3575 τροπικοῦ.

293 3596 460 3667 Δῆλον
492 3592 603 3662 οὖν,
636 3598 715 3650 ὅτι
745 3595 832 3650 διὰ
862 3597 1064 3667 μήκους
1108 3596 1197 3650 ὑπ’
1234 3594 1395 3650 αὑτοῦ
1427 3597 1456 3650 6
1488 3595 1636 3650 Λέων
1665 3596 1856 3666 τέμνε-

290 3707 383 3744 ται
417 3690 520 3743 ὑπὸ
554 3690 616 3743 τὸ
656 3688 850 3761 στῆθος
887 3690 980 3748 καὶ
1022 3689 1118 3762 τὴν
1170 3689 1387 3759 λαγόνα.
1443 3689 1561 3742 Τῶν
1608 3689 1652 3742 δ’
1692 3691 1750 3743 ὲν
1781 3689 1858 3761 τῷ

291 3782 551 3854 Καρκίνῳ
592 3783 856 3853 ἀστέρων,
892 3781 997 3835 τῶν
1041 3782 1169 3853 περὶ
1199 3781 1259 3835 τὸ
1301 3781 1543 3849 νεφέλιον
1593 3781 1858 3851 κειμένων

291 3874 568 3947 τεσσάρων
599 3876 628 3927 6
668 3873 765 3944 μὲν
811 3872 1127 3944 νοτιώτερός
1170 3874 1285 3924 ἐστι
1330 3870 1424 3924 τοῦ
1467 3872 1726 3942 τροπικοῦ
1759 3873 1857 3925 οὐκ

289 3964 513 4018 ἔλασσον
534 3964 566 4035 ἢ
598 3964 706 4036 μοί.
728 3969 775 4016 α’
790 3979 804 3993 ⁸
832 3965 860 4016 6
881 3963 938 4016 δὲ
966 3961 1298 4036 βορειότερος
1321 3962 1499 4016 αὐτῶν
1526 3962 1758 4034 βορειότε
1768 3963 1857 4035 ρὸς

290 4059 407 4110 ἐστι
436 4056 528 4111 τοῦ
561 4054 817 4129 τροπικοῦ
862 4055 1074 4127 θερινοῢ
1108 4055 1331 4114 ἔλασσον
1362 4055 1395 4127 ἢ
1428 4056 1538 4126 μοί.
1572 4062 1620 4108 α’
1650 4055 1715 4087 ⁸⁵⁸
1750 4055 1859 4110 τῶν

286 4149 332 4203 δ’
357 4149 449 4205 ἀπ’
472 4149 734 4220 ἀνατολῆς
753 4147 881 4220 περὶ
903 4147 964 4201 τὸ
983 4146 1227 4217 νεφέλιον
1253 4146 1522 4217 κειμένων
1546 4145 1589 4216 β(
1613 4146 1856 4217 ἀστέρων

285 4244 315 4295 6
344 4244 444 4314 μὲν
475 4241 789 4315 νοτιώτερος
819 4242 906 4297 ἐπ’
926 4240 1089 4295 αὐτοῦ
1124 4241 1309 4311 σχεδὸν
1340 4243 1516 4294 κεῖται
1545 4238 1639 4293 τοῦ
1668 4256 1856 4311 τροπι-

295 4335 417 4390 κοῦ·
448 4338 477 4391 6
513 4335 567 4390 δὲ
603 4335 935 4409 βορειότερος
994 4333 1084 4388 καὶ
1127 4333 1261 4406 πρὸς
1287 4333 1386 4397 τὰς
1421 4333 1655 4406 ἄρκτους
1690 4332 1852 4386 αὐτοῦ

284 4426 481 4499 ἀπέχει
519 4426 628 4497 μοί.
661 4408 736 4491 ως
765 4425 989 4495 ἔγγιστα
1023 4423 1070 4495 β’
1100 4422 1185 4480 S".
1218 4423 1385 4494 Δῆλον
1424 4419 1535 4485 οὖν,
1572 4424 1653 4477 ὅτι
1681 4422 1855 4477 καὶτὸ
1886 4408 1928 4462 Ῑ)

286 4521 416 4593 περὶ
436 4522 526 4574 τὸν
546 4522 816 4593 Καρκίνον
838 4517 1141 4590 συμφώνως
1163 4515 1386 4587 ἔγγιστα
1410 4515 1715 4575 ἀποδέδωκε
1738 4517 1852 4574 τοῖ’·

282 4612 645 4684 φαινομένοις.

354 4705 682 4777 Διαληπτέον
713 4704 893 4775 μέντοι
926 4719 1009 4771 γε,
1057 4703 1137 4755 ὅτι
1180 4702 1249 4757 τὰ
1293 4700 1420 4774 περὶ
1449 4700 1541 4754 τοῦ
1573 4700 1849 4772 Καρκίνου

281 4798 380 4855 καὶ
406 4797 500 4852 τοῦ
528 4797 774 4861 Λέοντος,
814 4796 908 4850 καὶ
933 4794 1228 4868 Παρθένον,
1253 4794 1347 4847 καὶ
1376 4793 1503 4857 τοὺς
1527 4792 1622 4847 τοῦ
1648 4794 1847 4847 Ἵππου

280 4891 470 4955 πόδας,
500 4889 579 4944 ἔτι
607 4888 665 4943 δὲ
689 4889 783 4943 καὶ
805 4888 872 4942 τὰ
898 4887 1024 4958 περὶ
1051 4887 1142 4940 τὸν
1171 4885 1404 4957 Περσέα,
1435 4884 1529 4939 καὶ
1560 4883 1629 4938 τὰ
1648 4884 1850 4954 γόνατα

277 4984 378 5039 τοῦ
412 4984 677 5055 Ἦνιόχου,
700 4981 908 5046 καὶτὰς
929 4980 1170 5051 κεφαλὰς
1192 4977 1443 5055 romae
1452 4996 1588 5048 μων,
1618 4977 1698 5031 ἔτι
1720 4976 1850 5049 πρό-

280 5093 440 5149 τερον
478 5053 704 5148 Ἀράτου
741 5072 963 5138 Εὔδοξος
999 5053 1397 5143 ἀναγέγραφεν
1433 5063 1479 5138 ᾧ
1508 5069 1601 5123 καὶ
1628 5067 1845 5140 νομίζο-

284 5183 387 5241 μεν
418 5153 944 5237 κατηκολουθηκέναι
988 5163 1080 5218 τὸν
1121 5164 1374 5235 Ἄρατον.
1417 5162 1523 5216 Τοῦ
1567 5161 1746 5231 μέντοι
1784 5177 1848 5229 γε

295 5261 579 5331 ὀφιούχου
606 5259 704 5332 τὴν
731 5256 989 5328 κεφαλὴν,
1024 5257 1114 5310 καὶ
1152 5255 1272 5326 οὐχὶ
1306 5254 1431 5318 τοὺς
1462 5252 1644 5324 ὤμους
1683 5251 1845 5322 φησιν

278 5349 508 5416 Εὔδοξος
534 5350 625 5404 ἐπὶ
657 5350 749 5404 τοῦ
776 5349 1035 5422 τροπικοῦ
1060 5347 1289 5402 κεῖσθαι·
1312 5349 1447 5420 ὅπερ
1480 5348 1598 5401 ἐστὶ
1633 5346 1729 5418 μὲν
1752 5344 1846 5400 καὶ

279 5443 416 5497 αὐτὸ
438 5443 648 5513 ψεῦδοςο
679 5441 982 5511 συνεγγίζει
1005 5441 1187 5507 μέντοι
1211 5440 1289 5511 τῷ
1310 5440 1552 5513 τροπικῷ
1574 5442 1607 5512 ἡ
1634 5438 1843 5510 κεφαλὴ

284 5532 486 5604 μᾶλλον
515 5532 549 5602 ἢ
581 5526 722 5604 ὦμοι
768 5529 1059 5603 νοτιωτέρα
1088 5528 1196 5599 γάρ
1234 5530 1348 5583 ἔστι
1383 5528 1478 5582 τοῦ
1507 5528 1718 5601 θερινοῦ
1749 5528 1845 5585 τοῦ

358 5709 402 5739 ⁸³
431 5708 547 5780 Reg.
586 5709 677 5764 καὶ
704 5715 771 5763 κ’.
849 5709 892 5740 ⁸⁸
915 5726 1001 5776 γρ.
1039 5714 1107 5772 α’,
1138 5705 1188 5762 ι’.

1961 3158 2083 3228 pico
2103 3157 2312 3220 restire,
2346 3162 2458 3209 tum
2495 3169 2562 3209 ex
2591 3153 2659 3207 iis
2687 3167 2808 3222 quae
2833 3150 2898 3204 ad
2933 3149 3157 3213 femora,
3190 3160 3417 3218 quaeque
3458 3146 3515 3201 in

1962 3248 2161 3304 Leonis
2189 3248 2444 3302 cruribus
2477 3253 2603 3302 sunt
2630 3252 2865 3315 quatuor
2885 3242 3110 3309 lucidas;
3142 3238 3379 3296 secunda
3404 3239 3525 3309 qui-

1960 3340 2083 3395 dem
2119 3354 2147 3393 a
2179 3339 2547 3410 septentrione
2596 3336 2648 3391 in
2697 3334 2995 3391 femoribus
3045 3333 3221 3404 posita
3256 3330 3524 3386 borcalior

1959 3439 2042 3488 est
2071 3431 2311 3502 tropico;
2338 3431 2497 3486 tertia
2521 3445 2668 3491 vero,
2697 3444 2817 3499 quae
2848 3433 2933 3481 est
2956 3426 3010 3479 in
3037 3423 3308 3486 cruribus,
3331 3420 3520 3478 eodem

1959 3522 2167 3593 tropico
2189 3531 2270 3576 est
2298 3521 2607 3575 australior.
2642 3516 2777 3571 llinc
2802 3514 3023 3571 evidens
3049 3522 3133 3569 est
3162 3512 3397 3568 Leonem
3436 3526 3524 3568 se-

1959 3613 2194 3670 cundum
2220 3612 2613 3683 longitudinem
2648 3610 2716 3664 ab
2746 3609 2849 3681 illo.
2870 3607 3080 3662 circulo
3113 3606 3218 3661 sub
3266 3612 3519 3675 pectore.

1959 3709 2232 3779 ilibusquc
2265 3706 2452 3761 dividi.
2509 3705 2773 3760 Cancrum
2825 3701 2893 3757 de
2942 3709 3179 3771 quatuor
3228 3699 3295 3755 iis
3350 3696 3523 3754 stellis

1957 3815 2079 3873 quae
2115 3789 2243 3854 sunt
2268 3798 2323 3853 in
2351 3797 2564 3852 Cancro
2608 3795 2751 3850 circa
2782 3792 3105 3848 nubeculam
3129 3832 3144 3857 ,
3177 3790 3283 3844 alia
3314 3796 3398 3845 est
3424 3803 3521 3842 au-

1922 3888 1925 3889 r
1958 3891 2181 3949 stralior
2237 3890 2449 3960 tropico
2487 3903 2595 3942 non
2635 3886 2815 3941 minus
2854 3892 3008 3954 parte
3040 3882 3110 3949 1;
3172 3896 3293 3952 quze
3340 3885 3519 3934 autem

1958 3985 2232 4042 borcalior
2260 3990 2344 4038 est
2371 3980 2717 4043 earumdem,
2770 3977 2981 4048 tropico
3009 3974 3217 4031 circulo
3250 3970 3521 4027 borcalior

1956 4079 2040 4127 est
2078 4072 2260 4127 minus
2284 4077 2438 4140 parte
2463 4067 2489 4122 1
2520 4085 2536 4135 ;
2568 4067 2850 4122 ambarum
2878 4079 3029 4127 vero,
3060 4078 3182 4133 quae
3213 4062 3282 4117 ab
3309 4060 3521 4116 oriente

1956 4165 2102 4219 circa
2137 4162 2461 4218 nubeculam
2502 4160 2618 4216 sitae
2652 4169 2800 4223 sunt,
2829 4157 3121 4212 australior
3157 4154 3214 4210 in
3256 4154 3374 4225 ipso
3394 4167 3521 4224 pro-

1958 4272 2022 4327 pc
2043 4254 2256 4325 trepico
2284 4254 2549 4310 collocata
2572 4259 2690 4318 est;
2716 4250 2989 4306 borcalior
3018 4256 3220 4311 autem,
3255 4255 3310 4301 et
3338 4243 3406 4300 ad
3435 4261 3527 4301 set

1958 4347 2291 4416 ptentriones
2332 4341 2561 4415 vergens
2589 4343 2744 4398 abest
2790 4342 2860 4397 ab
2885 4341 3075 4397 eodem
3128 4338 3377 4410 partibus
3406 4335 3519 4392 fere

1958 4438 1994 4496 2
2020 4438 2144 4508 1/2.
2176 4437 2369 4508 Liquet
2399 4451 2528 4507 ergo
2548 4450 2669 4506 qua:
2683 4435 2751 4490 de
2776 4433 2988 4488 Cancro
3029 4447 3058 4486 a
3106 4439 3262 4504 poeta
3306 4429 3518 4500 prodita

1957 4539 2106 4595 sunt,
2134 4545 2297 4602 quam
2341 4530 2586 4601 proxime
2617 4527 2687 4582 ad
2731 4524 3110 4598 apparentium
3144 4522 3520 4594 experimenta

1955 4636 2279 4693 congruere.

2027 4712 2119 4768 Sic
2140 4720 2224 4768 est
2252 4720 2430 4768 autem
2455 4708 2874 4767 existimandum
2906 4706 2974 4762 de
3010 4704 3256 4769 Cancro,
3300 4702 3520 4767 Leone.

1957 4800 2200 4874 Virgine,
2232 4802 2369 4872 Equi
2399 4801 2629 4871 pedibus
2661 4818 2674 4854 :
2707 4814 2919 4854 necnon
2942 4796 3010 4853 de
3035 4795 3254 4855 Perseo.
3285 4793 3523 4863 genibus

1955 4891 2240 4961 Heniochi,
2281 4889 2633 4946 Geminorum
2673 4888 2977 4958 capitibus,
3034 4885 3189 4956 prius
3230 4882 3520 4943 Eudoxum

1953 4982 2119 5037 Arato
2163 4982 2451 5052 scripsisse
2480 4999 2494 5037 :
2531 4981 2667 5035 adeo
2696 4988 2754 5034 ut
2801 4978 2889 5033 hic
2920 4978 3071 5033 illum
3099 5016 3114 5041 ,
3149 4992 3266 5031 mea
3292 4974 3519 5046 quidem

1953 5074 2244 5137 sententia,
2280 5073 2354 5128 sit
2383 5082 2623 5129 secutus.
2655 5070 2854 5127 Verum
2885 5068 3157 5140 Ophiuchi
3181 5076 3365 5139 caput,
3405 5081 3519 5121 non

1950 5163 2210 5219 humeros
2264 5164 2321 5219 in
2362 5164 2570 5234 tropico
2617 5178 2738 5219 esse
2788 5162 2925 5218 sitos
2955 5159 3213 5215 Eudoxus
3274 5157 3511 5213 asserit:

1949 5256 2094 5327 quod
2125 5262 2178 5310 et
2207 5257 2384 5327 ipsum
2413 5264 2497 5312 est
2530 5255 2745 5327 quidem
2795 5252 3030 5320 falsum;
3063 5251 3159 5308 sed
3189 5259 3366 5306 tamen
3399 5256 3510 5302 trov

1950 5350 2073 5420 pico
2099 5348 2335 5405 vicinius
2376 5357 2459 5405 est
2492 5349 2730 5405 humeris
2760 5356 2944 5418 caput.
3003 5345 3100 5403 Est
3131 5345 3274 5401 enim
3322 5342 3518 5399 testim

1951 5439 2160 5510 tropico
2195 5447 2403 5511 septem
2437 5438 2549 5494 fere
2579 5438 2830 5510 partibus
2852 5436 3170 5493 australius.
3200 5432 3372 5487 Porro
3399 5430 3513 5502 ογ.»

1952 5530 2043 5600 gni
2086 5530 2308 5597 collum,
2334 5536 2388 5584 et
2418 5528 2698 5586 sinistram
2746 5529 2889 5586 alam
2940 5529 2994 5584 in
3046 5524 3254 5597 tropico
3300 5520 3507 5580 circulo
