4040 6206
550 388 687 446 1059

1532 376 1626 432 AD
1665 374 1932 432 EUSEBII
1967 371 2362 430 CHRONICUR
2402 370 2760 423 APPENDIX.

3627 346 3771 406 ωεο

546 512 784 562 constat.
832 502 1027 558 Pectus
1072 509 1252 556 autem
1310 497 1515 570 Cephei
1556 504 1850 567 apparente
1895 509 2109 563 semper

2224 489 2478 562 ιροτάφου
2511 488 2759 560 κείμενος
2806 485 2996 555 ἀπέχει
3048 482 3155 535 ἀπὸ
3190 480 3282 535 τοῦ
3320 480 3484 533 πόλου
3524 478 3631 550 μοί.
3672 478 3780 544 λζ’,

547 597 753 653 circulo
781 603 865 651 est
918 594 1236 655 australius,
1266 599 1324 646 ut
1374 602 1539 660 supra
1590 587 2109 643 demonstravimus.

548 688 762 744 Dextra:
779 687 879 742 alze
910 685 1081 757 Cygni
1110 683 1423 755 superiores
1453 688 1659 751 partes,
1693 688 1747 736 et
1771 694 1867 750 pes
1894 678 2113 734 Cassie-

550 795 665 852 ροσε
707 780 763 834 in
810 788 1103 850 apparente
1133 776 1340 833 circulo
1396 776 1664 831 feruntur.
1728 772 1939 828 Etenim
2009 771 2112 827 bo.

550 874 749 930 realior
776 886 986 933 earum,
1017 885 1138 939 quae
1165 868 1218 923 in
1248 877 1488 923 extrema
1512 873 1640 921 sunt
1670 865 1753 919 ala
1783 866 1995 928 dextra,
2031 862 2115 918 di-

548 971 708 1018 stata
734 962 941 1017 boreaii
974 961 1100 1031 polo
1161 957 1408 1029 partibus
1442 955 1546 1022 60;
1594 954 1864 1010 borealior
1900 966 2111 1015 earum,

549 1070 669 1125 qua:
688 1063 818 1109 sunt
844 1051 1249 1120 in,Cassiepea,
1279 1058 1333 1103 et
1363 1048 1416 1101 in
1450 1046 1683 1117 pedibus
1707 1046 1833 1108 sita,
1860 1044 2015 1099 abest
2044 1042 2114 1096 ab

548 1144 738 1200 eodem
777 1145 897 1217 polo
922 1140 1182 1211 gradibus
1211 1138 1300 1193 38.
1341 1136 1485 1205 Quin
1516 1144 1571 1192 et
1591 1135 1813 1206 majoris
1836 1132 1987 1189 Ursae
2016 1148 2113 1203 pe-

548 1234 645 1290 des
675 1235 1004 1289 borealiores
1040 1231 1291 1285 feruntur
1315 1244 1528 1300 semper
1562 1234 1856 1299 apparente
1882 1225 2113 1282 circulo.

551 1325 827 1398 Siquidem
853 1322 1185 1379 antecedens
1217 1323 1435 1377 illorum
1479 1337 1509 1376 a
1537 1321 1741 1377 boreali
1776 1319 1901 1391 polo
1937 1333 2117 1375 remo-

551 1427 705 1474 vetur
744 1416 990 1487 partibus
1031 1415 1144 1471 fere
1175 1414 1282 1482 24;
1330 1415 1666 1481 succedens,
1701 1412 1948 1483 partibus
2004 1411 2116 1466 fere

547 1508 637 1566 25.
681 1506 819 1564 Vere
869 1508 1055 1577 itaque
1087 1505 1459 1577 pronuntiavit
1508 1513 1860 1576 apparentem
1902 1517 2116 1574 semper

550 1600 817 1656 circulum
847 1599 1085 1653 transire
1113 1598 1257 1652 inter
1285 1593 1483 1651 Ursam
1515 1613 1579 1651 ac
1609 1595 1867 1652 Leonem.

619 1861 736 1918 Jatn
792 1863 846 1915 in
894 1876 959 1916 eo
1007 1860 1239 1927 circulo,
1273 1858 1365 1931 qui
1397 1874 1678 1931 nunquam
1718 1866 1961 1930 apparet,
1989 1874 2110 1930 qua
2144 1855 2183 1908 Β

549 1955 737 2011 insunt
766 1960 933 2019 astra,
966 1968 1077 2006 non
1101 1951 1353 2006 videntur
1371 1953 1618 2007 omnino.
1654 1949 1907 2006 Proxime
1935 1961 2111 2006 autem

551 2048 771 2114 absunt,
814 2046 1013 2116 inquit,
1036 2045 1106 2100 ab
1137 2061 1203 2100 eo
1233 2055 1488 2101 extrema:
1524 2054 1706 2115 partes
1733 2059 1886 2114 aqua:
1913 2040 2110 2096 Flumi-

550 2142 676 2211 nis;
723 2148 778 2198 et
838 2142 1064 2196 fundum
1106 2140 1293 2204 Navis,
1344 2157 1409 2196 ac
1464 2139 1926 2197 Gubernaculum.
1975 2137 2113 2192 Tum

476 2298 481 2303 ,
550 2233 716 2305 Fara;
752 2250 853 2291 nec
880 2252 988 2290 non
1017 2236 1144 2288 Ara.
1176 2232 1309 2290 ltem
1339 2231 1622 2304 Sagittarii
1666 2246 1795 2287 crus
1825 2230 2112 2295 dextrum;

549 2345 672 2402 qua:
714 2337 895 2385 autem
948 2328 1162 2383 videtur
1202 2343 1270 2383 ex
1319 2325 1559 2397 Egypto
1603 2324 1781 2389 stella,
1814 2323 1869 2376 in
1921 2320 2115 2377 eodem

549 2424 885 2487 continetur.
939 2419 1019 2475 Ex
1072 2419 1160 2475 bis
1212 2434 1333 2490 qua:
1387 2427 1668 2487 utcunque
1715 2423 1844 2470 sunt
1896 2412 2114 2477 veritati

553 2516 823 2588 proxima,
855 2522 1010 2570 extra
1034 2513 1467 2569 controversiam
1516 2508 1827 2582 seponenda
1854 2516 2005 2564 sunt.
2037 2504 2112 2562 De

552 2622 617 2663 ea
648 2622 778 2663 vero
807 2608 985 2672 stella,
1026 2621 1147 2677 qua:
1170 2604 1429 2675 Canopus
1462 2602 1690 2669 dicitur,
1720 2617 1827 2657 non
1855 2607 2002 2656 recte
2031 2614 2118 2654 as-

555 2698 689 2753 serit
732 2698 909 2768 ipsam
964 2699 1020 2752 in
1067 2704 1364 2767 apparente
1406 2709 1683 2765 nunquam
1725 2693 1933 2748 circulo
1964 2688 2116 2747 ferri.

555 2786 653 2843 Est
674 2791 817 2842 enim
850 2788 964 2842 haec
987 2787 1279 2842 australior
1304 2799 1492 2840 earum
1518 2798 1640 2856 qua:
1664 2792 1792 2838 sunt
1819 2783 1873 2836 in
1912 2781 2120 2836 Guber-

559 2881 779 2943 naculo,
833 2891 998 2949 atque
1034 2879 1213 2932 lucida
1245 2895 1258 2931 :
1291 2893 1412 2946 qua:
1438 2892 1468 2929 a
1514 2877 1640 2946 polo
1684 2876 1851 2929 distat
1873 2874 2120 2944 partibus

555 2971 626 3028 38
651 2971 775 3043 ιβ.
807 2974 875 3024 At
901 2987 1112 3041 semper
1136 2986 1404 3042 apparens
1444 2969 1667 3025 Athenis
1692 2970 1931 3024 circulus
1967 2969 2121 3023 abest

558 3081 588 3119 a
624 3064 749 3136 polo
798 3063 1045 3134 partibus
1084 3062 1187 3129 57;
1229 3063 1284 3115 in
1314 3061 1506 3117 Rhodo
1548 3076 1697 3126 vero,
1735 3061 1980 3131 partibus
2023 3060 2116 3116 36.

556 3158 786 3212 Constat
835 3156 1002 3227 igitur
1041 3154 1283 3210 eamdem
1331 3154 1543 3209 stellam
1586 3154 1944 3209 horealiorem
1997 3169 2120 3210 esse

559 3263 839 3318 nunquam
866 3254 1163 3317 apparente
1190 3245 1410 3301 Graeciaa
1438 3247 1667 3309 circulo,
1704 3261 1768 3300 ac
1794 3262 1960 3317 supra
2010 3255 2121 3302 ter-

558 3356 675 3396 ram
719 3340 892 3396 videri
932 3355 1113 3411 posse,
1150 3346 1208 3393 ut
1233 3339 1396 3395 etiam
1431 3340 1579 3394 circa
1615 3339 1865 3395 Rhodum
1903 3339 2124 3411 prospi-

558 3434 721 3486 citur.

529 3526 536 3537 ‘
631 3520 842 3578 XXVII.
875 3520 1056 3593 Pergit
1077 3521 1338 3578 Eudoxus
1361 3539 1455 3580 eas
1479 3524 1754 3595 explicare
1777 3525 1985 3593 stellas,
2005 3540 2126 3596 quae

560 3615 615 3669 in
650 3615 857 3669 coluris
906 3615 1115 3677 insunt,
1149 3628 1213 3670 ac
1240 3614 1399 3670 docet
1435 3616 1489 3669 in
1520 3616 1713 3671 horum
1742 3617 1918 3671 altero
1953 3617 2121 3674 situm

559 3717 682 3757 esse
707 3702 943 3757 medium
978 3703 1128 3759 Ursae
1159 3702 1381 3772 majoris
1405 3711 1459 3758 et
1486 3702 1716 3770 Cancri;
1750 3718 1849 3757 nec
1882 3718 1989 3757 non
2016 3701 2128 3774 Hy-

560 3794 647 3848 Jri
678 3793 902 3860 collum,
930 3801 984 3849 et
1018 3794 1086 3849 de
1134 3792 1267 3850 Navi
1294 3796 1437 3867 quod
1473 3812 1703 3866 puppem
1752 3798 1896 3851 inter
1923 3804 1977 3852 et
2008 3813 2127 3851 ma-

561 3885 674 3940 ium
699 3885 1006 3940 intercedit.
1046 3883 1252 3942 Deinde
1300 3899 1424 3958 post
1451 3903 1666 3959 semper
1712 3888 1968 3944 latentem
2022 3904 2126 3959 po-

562 3975 696 4041 lum,
715 3974 943 4030 caudam
962 3978 1217 4034 australis
1243 3976 1439 4043 Piscis,
1458 3989 1512 4034 et
1541 3979 1776 4036 medium
1802 3978 2126 4053 Capricorni

563 4070 767 4140 pariter
797 4084 860 4123 ac
909 4067 1150 4139 Sagittae.
1200 4069 1463 4126 Eumdem
1510 4081 1772 4143 praeterea
1814 4089 1906 4144 per
1955 4071 2127 4146 Cygni

563 4156 787 4222 collum,
817 4157 1066 4227 alamqne
1093 4158 1363 4223 dextram,
1396 4174 1461 4214 ac
1497 4177 1592 4232 per
1616 4164 1894 4219 sinistram
1926 4164 2126 4234 Cephei

564 4259 787 4301 manum
814 4245 1083 4314 describi;
1121 4255 1233 4301 tum
1271 4263 1370 4319 per
1394 4249 1591 4305 ﬂexum
1621 4250 1922 4324 Serpentis,
1949 4268 2014 4311 ac
2037 4269 2128 4310 se-

563 4338 801 4393 cundum
849 4336 1074 4392 minoris
1118 4334 1270 4392 Ursae
1323 4341 1572 4393 caudam.

632 4597 923 4656 Enimvero
953 4599 1022 4656 de
1066 4599 1205 4658 Ursa
1238 4603 1454 4673 penitus
1493 4606 1729 4661 aberrat.
1765 4604 1942 4677 Hujus
1982 4611 2126 4666 enim

567 4692 936 4764 praecedentes
971 4694 1025 4748 in
1061 4696 1257 4765 capite,
1304 4705 1358 4750 et
1384 4712 1505 4767 qua;
1548 4698 1602 4753 in
1634 4701 2001 4758 anterioribus
2037 4717 2130 4773 pc-

566 4783 750 4849 di-bus,
783 4787 838 4842 in
868 4784 1066 4843 Leonis
1095 4788 1531 4845 dodecatemorio
1561 4799 1690 4846 sunt
1723 4793 1860 4850 sitae.
1892 4793 2125 4862 Quinam

567 4893 698 4950 ergo
730 4879 844 4934 ﬁeri
874 4880 1067 4951 possit,
1097 4888 1156 4936 ut
1185 4880 1420 4937 medium
1454 4880 1609 4939 Ursae
1641 4885 1695 4940 in
1741 4884 1946 4942 Cancri
1969 4888 2127 4959 prin-

568 4970 714 5041 cipio
765 4972 1100 5028 collocetur?
1124 4973 1193 5026 At
1222 4973 1588 5043 praecedentes
1622 4977 1679 5032 in
1728 4976 1899 5050 Hydri
1953 4981 2130 5052 capite

643 5129 755 5199 (72)
776 5130 884 5183 Καὶ
910 5131 962 5199 οι
1002 5130 1295 5199 πόδεςγδέ.
1330 5129 1509 5187 Falso.

642 5198 754 5271 (75)
775 5198 1103 5271 _}‘lnézst6é
1126 5198 1321 5268 οὗτος.
1354 5201 1610 5257 Canobus
1650 5202 1859 5259 Eudoxi
1916 5205 2140 5271 szeculo,

570 5266 743 5344 nt'et
775 5266 1089 5344 Hipparchi,
1138 5266 1363 5344 praecise
1405 5272 1643 5344 distabat
1673 5288 1706 5328 a
1744 5276 1867 5344 polo
1914 5266 2141 5332 australi

573 5340 819 5408 partibus
838 5339 926 5402 58,
948 5339 1050 5403 50',
1070 5339 1362 5397 ex’nostris
1385 5342 1603 5398 tabulis.

642 5405 773 5487 Quae
801 5409 1056 5487 deinceps
1080 5411 1375 5487 in_duobus
1408 5412 1562 5468 libris
1593 5412 1885 5487 traduntur
1905 5416 1974 5470 ab
2008 5415 2140 5487 Hip-

572 5482 776 5556 parcho
795 5481 860 5535 de
882 5481 1279 5556 συνανατολαῖς,
1326 5488 1379 5536 et
1418 5484 1877 5556 συγκαταδύσεσι.
1918 5500 1982 5541 ea
2017 5481 2140 5556 plus

573 5548 670 5602 otii
693 5564 976 5622 operaque
1021 5555 1328 5622 postulant,
1378 5560 1438 5604 ut
1477 5548 1541 5607 ad
1578 5565 1886 5611 nostrarum
1925 5548 2142 5612 tabula~

572 5631 696 5698 rum
731 5620 1214 5698 Iidem'exig'antnr,
1243 5622 1401 5698 cujus
1430 5623 1506 5676 rei
1547 5640 1671 5698 cum
1708 5626 1762 5698 in
1808 5627 1995 5681 multis
2025 5629 2139 5697 jam

575 5690 876 5758 periculum
909 5690 1250 5751 fecissemus,
1288 5692 1440 5757 plura
1480 5707 1582 5748 nos
1623 5697 1905 5751 elaborare
1944 5690 2139 5753 inﬁniti

574 5773 640 5813 ac
662 5759 876 5815 molesti
918 5762 1100 5833 operis
1148 5760 1462 5834 magnitudo
1491 5763 1775 5820 deterruit.
1809 5765 1943 5822 Nam
1979 5776 2035 5825 et
2073 5770 2143 5825 iis

2213 582 2342 644 ὅσας
2374 581 2468 635 καὶ
2489 581 2516 633 6
2548 578 2811 650 ἀειφανὴς
2833 576 3047 638 κύκλοςι
3080 571 3188 627 Τοῦ⁹
3220 570 3278 625 δι
3304 570 3545 641 Κηφέως
3567 569 3628 623 τὸ
3651 573 3789 643 στῆ-

2214 672 2305 736 θος
2328 671 2639 743 νοτιώτερόν
2673 672 2791 724 ἐστι
2819 667 2912 723 τοῦ
2963 664 3253 737 ἀειφανοῦς
3285 662 3506 728 κύκλου,
3550 661 3628 725 ὡς
3649 662 3793 734 πρό.

2212 778 2368 834 τερον
2400 761 2835 832 ὑποδεδείχαμεν.
2873 759 2985 831 Τῆς
3014 757 3193 822 δεξιᾶς
3223 755 3492 826 πτέρυγος
3526 751 3621 806 τοῦ
3651 754 3793 824 '09-

2212 856 2355 920 νιθος
2389 855 2457 910 τὰ
2500 854 2725 920 ἄνωθεν,
2751 853 2845 907 καὶ
2885 851 2986 921 τῆς
3015 846 3387 910 Κασσιεπείας
3427 847 3456 899 6
3495 845 3649 909 ποῦς,
3688 845 3795 900 ἐπὶ

2211 945 2305 1000 τοῦ
2340 945 2571 1019 φανεροῦ
2602 944 2798 999 κύκλου
2828 942 3071 1014 φέρεται.
3099 940 3159 992 '0
3192 934 3288 1010 μὲν
3316 937 3426 1008 γὰρ
3450 934 3796 1006 βορειότερος

2213 1037 2318 1091 τῶν
2346 1038 2406 1090 ὲν
2437 1036 2582 1109 ἄκρᾳ
2624 1039 2691 1109 τῇ
2738 1034 2888 1106 δεξιᾷ
2925 1031 3157 1101 πτέρυγι
3197 1029 3389 1100 ἀπέχει
3426 1021 3536 1082 ἀπὸ
3561 1026 3652 1080 τοῦ
3695 1025 3798 1096 βο-

2215 1129 2361 1200 ρείου
2399 1127 2599 1181 κύκλου
2645 1126 2752 1197 μοι.
2794 1132 2880 1195 μ’·
2915 1125 2944 1176 6
2986 1123 3042 1177 δὲ
3084 1120 3421 1193 βορειότερος
3466 1117 3572 1171 τῶν
3614 1119 3674 1170 ἑν
3713 1118 3796 1187 τῇ

2213 1219 2572 1290 Κασσιεπείᾳ,
2602 1220 2661 1283 ὃς
2698 1220 2844 1273 ἐστιν
2878 1220 2935 1273 ὲν
2964 1221 3077 1282 τοῖς
3121 1216 3299 1278 ποσὶν,
3331 1212 3523 1283 ἀπέχει
3548 1211 3655 1264 ἀπὸ
3683 1208 3796 1263 τοῦ

2214 1307 2375 1362 πόλου
2408 1308 2518 1379 μοί.
2563 1308 2662 1379 λη’.
2696 1308 2805 1361 Καὶ
2849 1308 2899 1360 οἱ
2948 1306 3106 1369 πόδες
3152 1305 3208 1358 δὲ
3250 1303 3362 1374 (72)
3392 1303 3490 1371 τῆς
3538 1299 3795 1371 μεγάλης

2218 1400 2453 1470 ’Ἄρκτου
2487 1397 2812 1470 βορειότεροι
2841 1397 3095 1468 φέρονται
3117 1394 3211 1448 τοῦ
3238 1390 3527 1461 ἀειφανοῦς
3553 1388 3794 1442 κύκλου.

2223 1487 2283 1543 Ὀ
2315 1490 2413 1562 μὲν
2441 1491 2550 1563 γὰρ
2569 1490 2869 1561 ἡγούμενος
2895 1487 3075 1542 αὐτῶν
3101 1488 3292 1557 ἀπέχει
3317 1484 3425 1538 ἀπὺ
3451 1482 3542 1536 τοῦ
3568 1478 3799 1552 βορείου

2215 1583 2378 1637 πόλου
2409 1584 2535 1657 περὶ
2564 1583 2674 1655 μοί.
2726 1583 2834 1637 κδ’·
2875 1585 2904 1636 6
2948 1584 3005 1637 δὲ
3049 1582 3314 1652 ἑπόμενος
3358 1577 3486 1650 περὶ
3526 1576 3634 1647 μοι.
3678 1580 3799 1628 κε’.

2215 1676 2463 1746 Εύλόγως
2494 1673 2586 1731 οὖν
2621 1694 2752 1748 φησι
2781 1677 2869 1731 τον
2904 1675 3134 1746 ἀειφανῆ
3168 1672 3425 1746 φέρεσθαι
3455 1669 3654 1743 μεταξὺ
3685 1669 3801 1738 τῆς

2221 1771 2457 1842 Ι’Δρκειτου
2492 1773 2585 1824 καὶ
2608 1770 2699 1824 τοῦ
2727 1770 2975 1833 Λέοντος.

2291 1863 2414 1916 Ἐπὶ
2450 1863 2506 1917 δὲ
2536 1863 2628 1917 τοῦ
2659 1864 2746 1917 ἀεὶ
2780 1862 3017 1933 ἀφανοῦς
3046 1861 3244 1915 κύκλου
3277 1860 3343 1914 τὰ
3381 1860 3475 1931 μὲν
3502 1858 3586 1912 ἐπ’
3615 1854 3803 1911 αὑτοῦ

2213 1955 2488 2026 φερόμενα
2535 1956 2709 2027 ἄστρα
2755 1955 2851 2026 ούχ
2902 1957 3113 2027 ὁρᾶται.
3159 1953 3466 2022 Ἐγγυτάτω
3491 1952 3566 2016 δὲ,
3596 1949 3801 2020 φησὶν,

2214 2046 2378 2103 αὐτοῦ
2406 2049 2521 2101 ὲστι
2553 2047 2647 2100 τοῦ
2685 2065 2742 2101 τε
2781 2047 2972 2111 ὓδατος
2995 2049 3088 2099 τοῦ
3122 2044 3372 2116 Ποταμοῖ)
3415 2043 3481 2097 τὰ
3509 2043 3651 2113 ἄκρα
3693 2044 3805 2095 καὶ

2212 2141 2313 2210 τῆς
2357 2134 2583 2211 ⁴Αργοῦς
2627 2141 2687 2193 τὸ
2744 2140 2956 2211 ἔδαφος,
3010 2141 3103 2193 καὶ
3126 2138 3205 2192 θτὸ
3252 2137 3541 2209 Πηδάλιον·
3575 2130 3697 2189 εἶτα
3742 2135 3807 2190 τὸ

2213 2232 2414 2305 Θηρίον
2464 2234 2559 2287 καὶ
2599 2229 2658 2286 τὸ
2695 2233 3061 2306 Θυμιατήριον
3087 2250 3101 2265 ·
3143 2232 3223 2285 ἔτι
3249 2229 3304 2284 δὲ
3345 2230 3437 2284 τοῦ
3470 2228 3698 2295 Τοξότου
3732 2229 3808 2282 τὰ

2214 2323 2361 2391 δεξιά
2390 2325 2574 2394 σκέλη.
2605 2326 2664 2378 '0
2690 2324 2742 2378 δὲ
2766 2325 2824 2390 ἐξ
2848 2324 3121 2394 Αἰγύπτου
3138 2322 3408 2393 ὁρώμενος
3434 2322 3607 2392 ἀστήρ
3636 2322 3809 2374 ἐστιν

2216 2415 2273 2468 ἐν
2292 2413 2457 2484 αὐτῷ.
2494 2413 2707 2468 Τούτων
2744 2414 2799 2468 δὲ
2830 2418 2899 2467 τὰ
2930 2413 3026 2487 μὲν
3056 2412 3209 2477 ἄλλα,
3230 2412 3351 2467 ἐπεὶ
3375 2411 3511 2465 κατά
3537 2410 3625 2464 τὰ⁶
3658 2426 3807 2464 συνο

2217 2506 2479 2577 εγγισμδν
2524 2507 2756 2578 εἴρηται,
2795 2506 2894 2559 ούκ
2928 2506 2993 2560 ἂν
3024 2505 3324 2568 διστάςοιτο
3348 2520 3362 2534 ο
3389 2506 3418 2558 6
3437 2503 3493 2557 δὲ
3521 2502 3810 2574 καλούμεά

2217 2614 2306 2661 νος
2339 2597 2603 2662 Κάνωπος
2634 2598 2733 2650 ούκ
2764 2596 2940 2669 ὀρθῶς
2976 2596 3188 2666 λέγεται
3220 2597 3278 2648 ἐν
3307 2594 3453 2665 αὐτῷ
3485 2594 3560 2665 τῷ
3589 2590 3810 2664 ἀφανεῖ

2219 2689 2401 2761 κύκλῳ
2433 2688 2709 2760 φέρεσθαι.
2746 2691 2901 2743 Ἔστι
2934 2690 3042 2762 γὰρ
3085 2681 3239 2752 οὗτος
3265 2692 3293 2742 6
3327 2687 3645 2759 νοτιώτερος
3692 2686 3807 2741 τῶν

2220 2786 2278 2838 ἐν
2300 2781 2378 2853 τῷ
2406 2781 2678 2853 Πηδαλίῳ,
2721 2783 2813 2835 καὶ
2860 2782 3128 2854 λαμπρός.
3167 2783 3382 2853 Ἀπέχει
3412 2781 3467 2835 δὲ
3495 2774 3657 2846 οὗτος
3689 2782 3807 2851 (73)

2221 2875 2327 2930 ἀπὸ
2363 2875 2456 2929 τοῦ
2502 2875 2664 2928 πόλου
2699 2876 2826 2947 περὶ
2873 2876 2982 2945 μοί.
3024 2876 3104 2946 λη’
3139 2873 3223 2928 S".
3265 2875 3320 2928 ’0
3357 2874 3414 2927 δὲ
3446 2875 3502 2927 ἐν
3538 2873 3812 2946 Ἀθήναις

2223 2962 2485 3034 ἀειφανὴς
2518 2962 2714 3027 κύκλος
2760 2963 2953 3035 ἀπέχει
2997 2961 3105 3017 ἀπὸ
3155 2963 3247 3016 τοῦ
3297 2964 3458 3017 πόλου
3509 2958 3638 3035 περὶ
3679 2964 3809 3036 pd.

2222 3049 2299 3115 λζ’
2320 3068 2333 3081 ·
2363 3053 2392 3104 6
2434 3051 2490 3103 δὲ
2526 3053 2583 3104 ὲν
2618 3050 2781 3123 Ῥόδῳ
2822 3052 2949 3125 περὶ
2997 3052 3105 3124 μοί.
3156 3052 3263 3119 λς’.
3293 3054 3459 3125 Δῆλον
3489 3050 3599 3117 οὖν,
3654 3056 3755 3111 ὅτι
3784 3060 3814 3111 6

2223 3141 2396 3213 ἀστὴρ
2419 3138 2569 3206 οὗτος
2592 3143 2925 3217 βορειότερὸς
2951 3146 3065 3198 ἐστι
3095 3144 3187 3198 τοῦ
3217 3148 3274 3198 ὲν
3310 3150 3377 3218 τῇ
3419 3146 3625 3201 Ἐλλάδι
3658 3149 3809 3219 ἀπι-

2172 3247 2192 3266 δ
2224 3234 2349 3297 νοῦς
2376 3234 2595 3301 κύκλου,
2628 3237 2723 3290 καὶ
2757 3236 2976 3292 δύναται
3024 3238 3164 3308 ὑπὲρ
3201 3239 3304 3310 γῆς
3342 3240 3641 3311 φερόμεννς
3684 3242 3810 3314 βλέ-

2225 3326 2421 3379 πεσθαι
2442 3344 2454 3356 ·
2488 3330 2582 3382 καὶ
2605 3329 2671 3400 δὴ
2705 3329 2799 3382 καὶ
2838 3329 3121 3401 θεωρεῖται
3154 3331 3212 3384 ἐν
3240 3334 3353 3395 τοῖς
3392 3332 3515 3404 περὶ
3541 3333 3644 3405 τὴν
3684 3333 3808 3391 Ῥό-

2222 3417 2310 3471 δον
2343 3418 2545 3481 τόποις.

2297 3512 2422 3565 ΚΖ’.
2446 3512 2612 3567 Πάλιν
2641 3512 2698 3568 δὲ
2725 3516 2753 3568 ὁ
2784 3513 3006 3580 Εὔδοξος
3035 3514 3285 3586 διασαφεῖ
3309 3517 3399 3570 καὶ
3424 3506 3667 3582 τοῦςὲπὶ
3696 3519 3811 3575 τῶν

2226 3603 2498 3677 κολούρων
2526 3606 2833 3680 λεγομένων
2860 3609 3074 3664 κύκλων
3106 3611 3389 3681 κειμένους
3418 3612 3679 3684 ἀστέρας,
3714 3617 3811 3670 καί

2227 3712 2392 3767 φησιν
2417 3696 2510 3749 ἐπὶ
2545 3699 2642 3768 μὲν
2672 3698 2766 3752 τοῦ
2804 3699 2921 3764 ἐνὸς
2953 3701 3130 3754 αὐτῶν
3159 3701 3370 3756 κεῖσθαι
3408 3701 3470 3757 τὸ
3507 3703 3677 3774 μέσον
3706 3707 3809 3779 τῆς

2229 3787 2469 3859 μεγάλης
2497 3790 2755 3861 ’Δρκτου,
2810 3791 2901 3844 καὶ
2939 3792 3032 3845 τοῦ
3077 3793 3353 3866 Καρκίνου
3400 3794 3462 3847 τὸ
3491 3784 3682 3864 μέσον,
3712 3799 3808 3851 καὶ

2225 3875 2316 3932 τὸν
2340 3878 2538 3950 αὐχένα
2575 3879 2666 3933 τοῦ
2699 3879 2916 3953 Ὗδρου,
2960 3882 3053 3935 καὶ
3086 3881 3184 3953 τῆς
3225 3882 3449 3954 ’Δργοῦς
3494 3883 3553 3937 τὸ
3593 3887 3805 3955 μεταξὺ

2226 3969 2323 4041 τῆς
2352 3986 2412 4024 τε
2437 3970 2688 4044 πρύμνης
2717 3974 2810 4027 καὶ
2838 3973 2930 4028 τοῦ
2959 3975 3126 4030 ἱστοῦ.
3163 3971 3294 4029 Εἶτα
3327 3975 3462 4047 μετά
3497 3977 3590 4030 τὸν
3613 3979 3800 4050 ἀφανῆ

2227 4061 2387 4115 πόλον
2432 4062 2532 4134 τὴν
2583 4064 2747 4136 οὐρὰν
2788 4065 2882 4118 τοῦ
2926 4069 3103 4121 νοτίου
3144 4067 3365 4138 Ἰχθύος.
3409 4069 3502 4123 καὶ
3528 4069 3591 4123 τὸ
3628 4072 3801 4140 μέσον

2226 4149 2319 4203 τοῦ
2370 4152 2668 4223 Αίγόκερω,
2718 4154 2811 4207 καὶ
2861 4155 2922 4208 τὸ
2973 4155 3135 4227 μέσον
3190 4158 3285 4212 τοῦ
3327 4160 3569 4214 Ὀῖστοῦθ
3596 4161 3688 4214 τοῦ
3734 4162 3796 4216 δὲ

2232 4241 2479 4314 Ὄρνιθος
2510 4243 2599 4297 διὰ
2626 4244 2718 4298 τοῦ
2758 4246 3002 4315 αὐχένος,
3030 4249 3124 4303 καὶ
3153 4249 3254 4320 τῆς
3294 4250 3473 4319 δεξιᾶς
3503 4253 3795 4323 πτέρυγος,

2228 4334 2324 4388 καὶ
2350 4331 2438 4388 διὰ
2457 4335 2556 4405 τῆς
2576 4338 2868 4408 ἀριστερᾶς
2894 4341 3075 4411 χειρὸς
3107 4341 3199 4395 τοῦ
3232 4345 3462 4413 Κηφέως
3487 4345 3797 4417 γράφεσθαι

2228 4427 2409 4493 αὐτὸν,
2441 4429 2535 4483 καὶ
2575 4428 2664 4483 διὰ
2710 4431 2807 4503 τῆς
2855 4433 3077 4504 καμπῆς
3121 4433 3215 4488 τοῦ
3248 4436 3481 4505 Ὄφεως,
3512 4438 3601 4493 καὶ
3637 4438 3800 4511 παρὰ

2231 4519 2330 4591 τὴν
2355 4519 2521 4591 οὐρὰν
2545 4521 2642 4591 τῆς
2677 4523 2877 4594 μικρᾶς
2905 4525 3163 4594 Ἄρκτου.
3260 4598 3265 4601 1
3577 4539 3589 4549 ⁸

2306 4612 2440 4689 Περὶ
2455 4619 2553 4688 μὲν
2584 4614 2676 4674 οὖν
2702 4618 2800 4691 τῆς
2824 4620 3054 4691 Ἀρκτου
3075 4621 3371 4694 ὁλοσχερῶς
3388 4627 3589 4695 ἀγνοεῖ.
3608 4630 3673 4683 Ol
3692 4630 3806 4703 γὰρ

2234 4710 2631 4785 προηγούμενοι
2657 4716 2844 4788 αὐτῆς,
2877 4721 2922 4773 ol
2952 4721 3009 4774 ἐν
3041 4723 3106 4792 τῇ
3142 4720 3368 4790 κεφαλῇ,
3400 4721 3495 4774 καὶ
3525 4723 3572 4775 0!
3610 4723 3669 4776 ὲν
3691 4727 3803 4786 τοῖς

2235 4803 2584 4875 ἐμπροσθίοις
2611 4810 2785 4875 ποσὶν,
2814 4810 3107 4883 ἀμφότεροι
3134 4813 3190 4864 ἐν
3223 4811 3301 4883 τῷ
3328 4812 3423 4865 τοῦ
3446 4813 3673 4880 Λέοντος
3702 4816 3805 4871 δω-

2236 4893 2612 4969 δεκατημορίῳ
2640 4902 2860 4955 κεῖνται.
2897 4900 3021 4966 Πῶς
3045 4898 3137 4957 οὖν
3175 4902 3396 4957 δυνατὸν
3433 4904 3496 4959 τὸ
3517 4906 3685 4976 μέσον
3706 4908 3803 4979 τῆς

2241 4986 2479 5058 Ἀρκτου
2516 4991 2575 5044 ὲν
2611 4994 2677 5062 τῇ
2721 4993 2861 5064 ἀρχῇ
2903 4993 2997 5047 τοῦ
3040 4996 3312 5066 Καρκίνου
3341 4996 3583 5064 κε.ἰσθαι;
3616 5000 3717 5070 τῆς
3746 5000 3803 5052 δὲ

2250 5140 2474 5223 ipsis_in
2507 5143 2700 5223 stellis,
2730 5160 2871 5223 quas
2900 5145 3151 5223 designat
3182 5148 3550 5223 Hipparchus.
3572 5153 3800 5209 investi-

2249 5212 2651 5294 gandis,_atque
2674 5230 2705 5268 e
2725 5212 3049 5281 Ptolemaei:
3071 5228 3165 5294 aut
3211 5212 3488 5294 T'y'chonis
3538 5212 3802 5281 laterculo

2250 5283 2548 5364 seligendis
2575 5298 2681 5337 non
2712 5300 2904 5364 parum
2938 5283 3285 5364 negotiiest}
3307 5302 3381 5352 et.
3420 5294 3513 5348 ubi
3536 5296 3674 5349 certi
3704 5296 3802 5349 ali-

2247 5353 2378 5422 quid
2412 5353 2784 5422 extricavcris,
2815 5353 3230 5416 innumerabilis
3274 5353 3503 5419 'ortuum
3542 5371 3598 5418 et
3646 5380 3801 5421 occa-

2244 5423 2791 5502 suummexpediengla
2827 5430 3108 5502 varietas;
3136 5448 3289 5502 qua:
3336 5435 3420 5488 vel
3471 5434 3797 5489 acerrimum

2242 5492 2541 5574 quemlibet
2574 5492 3105 5574 cupidissimumque
3124 5492 3397 5574 frangere,
3430 5518 3498 5559 ac
3520 5502 3800 5560 delassare

2241 5562 2436 5643 possit.
2474 5562 2573 5617 Hic
2588 5562 2769 5643 igitu_r_
2776 5562 3279 5643 Δ(ξοιιιιῐιιξῖιιξιιίοιιἓξ
3284 5562 3443 5630 istius
3474 5575 3700 5628 modum
3723 5574 3800 5627 fac

2243 5635 2468 5716 ciemus:
2502 5642 2697 5715 αξιοι-ει
2725 5635 3077 5716 Hipparchea:
3104 5644 3385 5716 doctrinae,
3414 5658 3540 5716 qua
3577 5643 3797 5716 quidem

2243 5703 2384 5779 scire
2413 5704 2706 5779 plurimum
2732 5703 3073 5768 ex'otnnibus
3102 5714 3337 5779 intersit,
3363 5703 3478 5772 fere
3505 5716 3562 5769 in
3596 5703 3803 5772 imitri:

2247 5770 2731 5832 Dissertationibus
2752 5780 3020 5850 explicata
3044 5786 3302 5851 reperies.
