4040 6206
326 348 460 404 1061

1289 354 1653 411 HIPPARCHI
1683 355 1775 410 AD
1814 354 2261 415 PHIENOMEN1
2304 359 2432 417 LIB.
2478 360 2518 415 1.

3416 368 3556 426 1069)

323 465 567 538 κεφαλῆς
605 468 698 522 τοῦ
733 468 927 540 Ὕδρου
976 471 1267 543 ἡγούμενοι
1311 472 1570 544 ἐπέχουσι
1624 472 1900 544 Καρκίνου

2001 472 2200 531 Cancri
2229 477 2477 533 obtinent
2506 486 2691 549 partes
2716 479 2951 550 amplius
2982 480 3191 536 decem.
3212 477 3442 536 Planum
3471 494 3557 540 est

326 558 509 612 πλεῖον
549 560 581 630 ἢ
631 558 741 626 μοί.
779 566 829 613 ι’.
868 560 1035 631 Δῆλον
1083 557 1196 627 οὖν,
1225 563 1307 616 ὅτι
1351 563 1529 635 πολλῷ
1556 563 1736 617 πλεῖον
1767 565 1898 618 ὑπο-

322 651 568 705 λείπεται
599 650 693 705 τοῦ
731 654 1018 723 εἰρημένου
1065 653 1262 708 κύκλου
1296 657 1325 708 6
1356 654 1525 727 αὐχὴν
1552 656 1644 710 τοῦ
1676 655 1892 728 Ὕδρου.

395 746 530 799 κη’.
557 744 695 816 Περί
714 745 772 798 δὲ
797 745 894 816 τῆς
935 747 1159 818 Ἀργοῦς
1183 748 1281 819 οὐχ
1310 747 1475 817 ὑγιῶς
1510 750 1745 821 εἴρηται.
1775 750 1896 803 Τῶν

322 837 369 891 δ’
400 838 458 889 ὲν
486 839 551 908 τῇ
581 837 718 908 ούρᾷ
742 837 835 890 τοῦ
888 838 1060 893 νοτίου
1104 839 1301 911 Ἰχθύος
1339 840 1574 912 μάλιστα
1606 843 1635 894 6
1665 841 1899 913 ἡγούμε-

321 947 415 994 νος
454 930 645 1001 ἀπέχει
695 929 787 983 τοῦ
831 937 880 984 α’
913 930 1093 985 πλεῖον
1125 932 1157 1004 ἢ
1189 931 1299 1003 μοί.
1340 939 1447 1002 κγ’.
1493 932 1757 987 Τοσοῦτον
1787 934 1897 1005 ἄρα

323 1022 676 1077 ὑπολείπεται
717 1022 812 1075 τοῦ
853 1024 1250 1094 προειρημένου
1293 1023 1512 1088 κύκλου,
1553 1024 1648 1079 καὶ
1682 1025 1782 1079 ούκ
1808 1025 1896 1078 ἐπ’

322 1113 491 1168 αὑτοῦ
535 1114 776 1186 φέρεται.
820 1115 874 1167 Ὀ
908 1114 965 1168 δὲ
1004 1115 1206 1179 Ὁῖστὸς
1251 1116 1368 1180 ὅλος
1414 1117 1759 1170 ὑπολείπεται
1800 1115 1894 1170 τοῦ

323 1206 726 1280 προειρημένου
760 1206 982 1271 κύκλου,
1006 1209 1100 1262 καί
1127 1210 1186 1261 οὐ
1213 1208 1300 1262 διὰ
1331 1209 1495 1281 μέσου
1518 1210 1772 1281 τέμνεται
1804 1211 1894 1264 ὑπ’

322 1299 513 1355 αὐτοῦ.
550 1301 607 1354 '0
639 1300 747 1371 γὰρ
784 1300 1083 1372 ἡγούμενος
1111 1303 1168 1355 ἐν
1190 1301 1337 1374 αὐτῷ
1369 1303 1543 1375 ἀστὴρ
1565 1304 1760 1374 ἀπέχει
1790 1302 1897 1357 ἀπὸ

327 1393 440 1466 μοί.
477 1399 524 1445 α’
553 1393 620 1445 ⁷⁰.
653 1393 767 1445 υύκ
796 1392 904 1464 ἄρα
934 1391 1155 1446 δυνατὸν
1178 1393 1577 1464 διχοτομεῑσθαι
1603 1393 1764 1448 αὑτὸν
1793 1392 1898 1447 ὑπὸ

321 1482 421 1537 τοῦ
463 1482 861 1555 προειρημένου
900 1482 1119 1538 κύκλου.
1171 1485 1396 1554 Ὁμοίως
1424 1486 1481 1539 δὲ
1517 1487 1612 1539 καὶ
1651 1489 1681 1540 6
1710 1488 1898 1558 Ὄρνις

321 1575 447 1640 ὅλος
480 1575 613 1647 πρὸς
660 1574 922 1640 ἀνατολὰς
964 1578 1135 1629 κεῖται
1183 1576 1276 1630 τοῦ
1330 1579 1617 1650 εἰρημένου
1673 1578 1896 1633 κύκλου.

337 1663 398 1722 ’0
451 1667 560 1739 γὰρ
607 1666 907 1738 ἡγούμενος
960 1668 1049 1720 ἐπ’
1098 1669 1261 1723 αὑτοῦ
1319 1671 1415 1724 καὶ
1460 1672 1546 1724 ἐπ’
1591 1670 1761 1742 ἄκρου
1802 1670 1897 1724 τοῦ
1936 1694 1947 1710 ο

326 1760 561 1834 ῥύγχους
592 1759 784 1831 ἀπέχει
814 1760 924 1830 μοί.
963 1767 1010 1813 α’
1038 1759 1123 1815 S".
1159 1762 1279 1816 Τῶν
1304 1762 1360 1816 δὲ
1388 1765 1444 1816 ὲν
1482 1764 1627 1835 ἄκρᾳ
1656 1767 1723 1835 τῇ
1750 1764 1897 1836 δεξιᾷ

325 1855 560 1926 πτέρυγι
583 1857 610 1908 ὁ
642 1854 872 1925 μάλιστα
906 1854 1042 1927 πρὸς
1087 1854 1237 1909 δύσιν
1271 1855 1518 1926 κείμενος
1563 1857 1755 1927 ἀπέχει
1801 1856 1898 1910 τοῦ

322 1951 375 1999 α’
410 1945 470 1999 ού
500 1944 714 2013 πλέονῆ
757 1945 866 2015 μοί.
905 1952 958 2009 ς’
986 1945 1071 2000 S".
1099 1947 1212 2000 Ούκ
1248 1947 1354 2018 ἄρα
1396 1947 1620 2001 δυνατὸν
1653 1948 1771 2001 οὐδὲ
1807 1949 1900 2027 τὸκί

323 2039 531 2108 αὐχένα
552 2036 647 2091 τοῦ
680 2036 929 2108 Ὄρνιθος
965 2036 1087 2091 οὔτε
1116 2039 1213 2109 τὴν
1245 2038 1424 2103 δεξιὰν
1453 2039 1697 2110 πτέρυγα
1731 2038 1897 2095 αὑτοῦ

322 2130 423 2184 ἐπὶ
453 2129 546 2183 τοῦ
571 2129 861 2202 εἰρημένου
885 2128 1083 2183 κύκλου
1109 2128 1342 2185 κεῖσθαι.

398 2220 501 2275 Τοῦ
535 2238 598 2290 γε
630 2221 736 2293 μὴν
774 2220 1007 2291 Κηφέως
1050 2223 1082 2294 ή
1123 2221 1385 2293 ἀρεστερὰ
1428 2222 1548 2294 χείρ
1591 2221 1725 2274 πολὺ
1764 2221 1900 2286 ὅλως

322 2312 696 2385 παραλλάσσει
727 2313 818 2367 τὸν
862 2312 1149 2386 εἰρημένον
1196 2312 1393 2367 κύκλον
1432 2314 1569 2384 πρὸς
1611 2313 1896 2378 ἀνατολάς.

320 2407 435 2460 Καὶ
468 2406 575 2479 γὰρ
600 2408 649 2460 οἰ
684 2408 741 2460 ὲν
765 2409 830 2478 τῇ
865 2406 1071 2478 κεφαλῇ
1098 2405 1285 2470 αὑτοῦ,
1312 2407 1364 2459 οἰ
1413 2406 1702 2479 ἡγούμενοι
1740 2406 1898 2478 μάλι-

324 2515 449 2562 στα,
486 2497 579 2551 τοῦ
618 2498 901 2570 ’Υδροχόου
934 2499 1187 2570 ἐπέχουσι
1228 2498 1409 2553 πλεῖον
1441 2500 1473 2571 ἢ
1507 2502 1613 2571 μοῖ.
1652 2508 1702 2556 ι’.
1744 2502 1804 2554 Ὀ
1842 2500 1901 2555 δὲ

323 2590 388 2642 ὲν
408 2591 473 2660 τῇ
499 2590 757 2660 ἀριστερᾷ
784 2589 927 2660 χειρί
963 2588 1211 2661 λαμπρός
1243 2590 1438 2661 ἀστὴρ,
1479 2592 1508 2644 6
1548 2593 1605 2645 ἐν
1634 2591 1713 2662 τῷ
1743 2586 1897 2663 ὤμῳ,

324 2683 388 2737 ὃν
438 2699 583 2747 τινες
624 2681 869 2746 τιθέασι,
928 2681 1022 2735 τοῦ
1064 2683 1346 2755 ’Υδροχόου
1394 2683 1578 2755 ἐπέχει
1637 2687 1746 2755 μοῐ.
1798 2683 1896 2738 κε’.

325 2774 485 2847 Παρά
515 2774 709 2846 μικρὸν
731 2770 823 2828 οῦν
858 2773 902 2845 β’
934 2774 1098 2840 ζῴδια
1130 2775 1517 2846 παραλλάσσει.
1549 2777 1683 2847 Περὶ
1719 2777 1900 2847 μέντοι

324 2867 426 2938 τῆς
470 2866 695 2937 καμπῆς
721 2865 814 2919 τοῦ
846 2867 1057 2936 Ὀιρεως
1108 2867 1201 2920 καί
1231 2865 1330 2937 τῆς
1363 2867 1528 2937 ούρᾶς
1569 2868 1667 2939 τῆς
1701 2871 1901 2940 μικρᾶς

328 2960 568 3028 ’Δρκτου
600 2957 774 3031 ὀρθῶς
801 2960 1131 3029 ἀπεφήνατο.

399 3049 529 3104 ΚΘ.
565 3051 653 3104 Ἐν
685 3050 742 3103 δὲ
765 3048 843 3121 τῷ
865 3050 1034 3122 ἑτέρῳ
1061 3050 1302 3124 κολούρῳ
1343 3052 1474 3122 φησί
1508 3051 1724 3106 κεῖσθαι
1745 3054 1773 3107 ὁ
1804 3053 1902 3125 μὲν

1999 566 2165 637 igitur
2201 568 2400 623 collum
2452 568 2622 641 IIydI-i
2653 570 2884 640 longiori
2935 569 3114 625 adhuc
3154 570 3224 626 ab
3254 584 3322 626 eo
3353 571 3562 629 circulo

1998 657 2175 727 spatio
2201 657 2429 714 distare.

2068 748 2303 804 XXVIII.
2340 748 2476 804 Nam
2505 749 2575 807 de
2601 752 2747 823 Argo
2786 750 2925 809 falsa
2958 761 3087 809 sunt
3127 770 3250 826 quae
3293 754 3437 812 idem
3471 754 3564 811 illo

1998 844 2241 914 scripsit.
2274 846 2334 900 In
2373 847 2635 903 australis
2662 863 2791 903 vero
2827 846 3003 903 Piscis
3030 848 3203 902 cauda
3246 847 3563 919 praecedens

1999 936 2236 993 maxime
2256 938 2425 994 distat
2442 955 2472 993 a
2490 944 2664 1009 primo
2678 941 2923 1012 partibus
2936 941 3171 1011 amplius
3182 940 3274 996 25.
3298 940 3563 995 Tantum-

2002 1026 2125 1081 dem
2152 1042 2283 1096 ergo
2308 1028 2548 1084 abestab
2574 1044 2639 1084 eo
2667 1045 2826 1101 quem
2856 1030 2967 1085 dixi
2997 1029 3227 1096 circulo,
3262 1044 3361 1085 nec
3397 1029 3453 1085 in
3496 1044 3563 1086 eo

1997 1127 2266 1174 movetur.
2298 1123 2367 1174 At
2424 1121 2639 1191 Sagitta
2690 1130 2894 1193 quanta
2933 1130 3136 1192 quanta
3176 1130 3259 1177 est
3293 1122 3459 1177 distat
3494 1122 3563 1177 ab

1997 1211 2188 1266 eodem
2216 1213 2449 1279 circulo,
2483 1229 2585 1269 nec
2615 1216 2683 1269 ab
2714 1230 2777 1270 eo
2800 1214 2980 1269 media
3009 1223 3247 1270 secatur.
3267 1212 3402 1268 Nam
3426 1229 3563 1287 prm-

1998 1298 2201 1352 cedens
2232 1298 2287 1352 in
2324 1299 2442 1370 ipsa
2478 1302 2638 1356 stella
2667 1301 2839 1356 distat
2867 1308 3023 1372 parte
3052 1315 3181 1354 una.
3213 1299 3393 1366 Quare
3417 1299 3561 1356 bifa-

1998 1389 2137 1444 riam
2160 1391 2228 1446 ab
2259 1392 2354 1446 illo
2391 1393 2600 1448 circqu
2641 1393 2810 1447 dividi
2843 1408 2948 1447 non
2983 1400 3179 1462 potest.
3217 1391 3481 1447 Similiter
3509 1400 3564 1447 et

1997 1480 2218 1552 Cygnus
2245 1490 2394 1539 totus
2427 1486 2495 1538 ad
2543 1485 2809 1539 orientem
2840 1485 3106 1539 obversus
3128 1492 3213 1539 est
3245 1485 3294 1539 ei
3330 1485 3561 1541 circulo.

1998 1572 2177 1645 Ilujus
2210 1577 2355 1631 cnim
2382 1577 2719 1647 praecedens,
2750 1586 2805 1631 et
2837 1579 2891 1631 in
2934 1586 3184 1632 extremo
3211 1585 3394 1633 rostro
3432 1577 3561 1642 sita,

1998 1666 2167 1721 distat
2196 1678 2347 1737 parte
2379 1666 2403 1720 1
2440 1667 2563 1740 1/2.
2584 1668 2783 1723 Earum
2812 1670 2969 1740 117
2989 1685 3132 1733 vero,
3162 1686 3283 1741 qua:
3305 1671 3360 1724 in
3382 1681 3563 1727 extre-

1999 1759 2190 1814 mitate
2207 1768 2337 1814 sunt
2367 1760 2464 1815 ala:
2483 1760 2709 1825 dextrae,
2728 1776 2849 1831 qua:
2869 1763 2936 1816 ad
2960 1763 3297 1818 occidentem
3329 1765 3564 1819 maxime

1999 1853 2234 1916 spectat,
2258 1852 2414 1903 abest
2434 1864 2464 1902 a
2495 1850 2663 1920 priori
2682 1861 2836 1921 parte
2863 1867 2971 1907 non
2995 1853 3278 1922 ampliusG
3303 1855 3423 1924 ιβ.
3443 1853 3563 1912 Non

2001 1943 2181 2005 potest
2200 1936 2364 2006 igitur
2383 1953 2452 1993 ne
2481 1939 2681 1994 collum
2711 1940 2931 2010 quidem
2949 1940 3143 2014 Cygni,
3167 1959 3346 2015 neque
3373 1946 3564 2002 dextra

1997 2028 2119 2098 ejus
2149 2028 2236 2082 ala
2260 2029 2317 2084 in
2339 2030 2431 2086 illo
2463 2031 2672 2089 circulo
2703 2034 2979 2092 collocari.

2067 2207 2187 2263 Jam
2229 2211 2451 2267 sinistra
2489 2212 2689 2284 Cephei
2726 2231 2923 2272 manus
2955 2219 3114 2289 longe
3137 2220 3206 2275 ab
3237 2229 3428 2277 eadem
3454 2222 3565 2279 cir—

1999 2301 2127 2356 culo
2164 2302 2403 2358 declinat
2441 2305 2510 2360 ad
2551 2307 2839 2363 orientem.
2881 2308 3016 2364 Nam
3048 2327 3171 2381 qua:
3209 2321 3339 2367 sunt
3389 2315 3445 2369 in
3497 2315 3567 2369 il-

2000 2393 2107 2449 lius
2140 2395 2339 2465 capite,
2382 2400 2682 2466 praesertim
2721 2402 3129 2469 antecedentes,
3166 2406 3388 2476 Aquarii
3439 2421 3566 2479 par-

1999 2493 2108 2540 tem
2141 2486 2389 2543 obtinent
2422 2491 2659 2560 amplius
2701 2485 2989 2549 decimam.
3024 2494 3231 2552 Lucida
3261 2515 3409 2561 vero.
3444 2516 3569 2571 qua:

1999 2587 2081 2631 est
2112 2578 2165 2631 in
2196 2578 2420 2635 sinistra
2455 2597 2639 2645 manu,
2685 2600 2849 2655 quam
2888 2588 3115 2644 humero
3155 2591 3374 2661 quidam
3413 2595 3571 2650 attrio

2000 2670 2198 2735 buunt,
2255 2671 2481 2742 Aquarii
2523 2675 2736 2731 obtinet
2779 2686 2989 2748 partem
3020 2680 3113 2736 ‘25.
3168 2680 3566 2753 Propemodum

1999 2777 2130 2833 ergo
2198 2763 2477 2834 signoruni
2538 2765 2770 2823 duorum
2826 2770 3114 2827 intervallo
3177 2772 3431 2829 declinat.
3492 2774 3568 2831 De

2001 2854 2139 2910 Ilexu
2182 2853 2461 2928 Serpentis
2493 2869 2547 2915 et
2597 2861 2774 2916 cauda
2826 2863 3052 2920 minoris
3089 2864 3239 2921 Ursa:
3279 2875 3426 2924 recte
3476 2870 3569 2925 ille

2002 2947 2210 3002 statuit.

2074 3034 2262 3091 XXIX.
2288 3035 2346 3091 In
2363 3039 2532 3094 altero
2552 3041 2740 3096 coluro
2761 3042 2919 3099 sitam
2942 3059 3063 3101 esse
3085 3048 3274 3105 scribit
3291 3050 3568 3107 sinistram

323 3142 425 3213 τὴν
455 3141 746 3214 ἀριστερὰν
779 3145 934 3213 χεῖρα
959 3142 1054 3195 τοῦ
1094 3123 1542 3215 Ἀρκτοφύλακος,
1571 3145 1664 3198 καί
1687 3145 1732 3176 ⁷¹
1759 3123 1903 3215 μέσα

2004 3123 2418 3199 Arctopliylacis
2445 3145 2685 3198 manum,
2718 3148 2781 3188 ac
2807 3150 2904 3205 per
2935 3139 3171 3193 medium
3200 3141 3376 3211 ipsum
3396 3149 3570 3197 trans-

325 3236 492 3291 αύτοῦ
526 3235 668 3289 κατὰ
712 3236 882 3308 μῆκος
904 3253 918 3267 ο
946 3231 1064 3289 εἶτα
1099 3235 1168 3289 τὰ
1202 3236 1344 3307 μέσα
1383 3236 1492 3289 τῶν
1534 3237 1727 3309 Χηλῶν
1764 3238 1904 3292 κατὰ

326 3327 559 3393 πλάτος·
587 3329 681 3383 καί
712 3328 804 3381 τοῦ
832 3322 1145 3400 Κενταύρου
1165 3326 1262 3399 τὴν
1284 3326 1461 3391 δεξιὰν
1485 3331 1662 3399 χεῖρα,
1698 3330 1792 3382 καί
1836 3330 1909 3384 τὰ

327 3418 638 3492 ἑμπρόσθια
666 3419 896 3488 γόνατα·
927 3420 1063 3490 μετὰ
1109 3417 1165 3472 δὲ
1207 3416 1297 3471 τὸν
1327 3417 1511 3488 ἀφανῆ
1551 3416 1733 3482 πόλον,
1762 3435 1906 3490 καμ-

258 3534 285 3561 ο
326 3513 438 3584 πήν
474 3528 536 3566 τε
562 3511 654 3566 τοῦ
695 3511 971 3583 Ποταμοῦ,
1001 3511 1094 3564 καί
1129 3510 1341 3580 Κήτους
1375 3508 1475 3580 τὴν
1518 3509 1780 3579 κεφαλὴν,
1812 3510 1906 3563 καὶ

326 3603 422 3658 τοῦ
452 3602 622 3676 Κριοῦ
657 3603 724 3659 τὰ
747 3603 891 3657 νῶτα
932 3602 1074 3657 κατά
1113 3601 1334 3665 πλάτος,
1382 3601 1477 3654 καὶ
1520 3600 1615 3655 τοῦ
1652 3600 1905 3673 Περσέως

328 3696 427 3767 τὴν
456 3696 695 3767 κεφαλὴν
726 3697 820 3750 καὶ
855 3695 951 3767 τὴν
977 3694 1154 3762 δεξιὰν
1186 3696 1363 3765 χεῖρα.

410 3786 479 3841 Ἢ
531 3787 629 3858 μὲν
679 3783 771 3842 οὖν
827 3787 1087 3858 ἀριστερὰ
1141 3788 1261 3859 χεὶρ
1321 3786 1413 3840 τοῦ
1472 3785 1906 3859 Ἀρκτοιρύλακος

327 3880 681 3935 ὑπολείπεται
717 3880 810 3934 τοῦ
840 3879 1129 3951 εἰρημένου
1174 3877 1373 3932 κύκλου
1416 3879 1491 3943 ὡς
1523 3879 1696 3950 ῆμισυ
1742 3879 1906 3950 μέρος

330 3974 546 4041 ζωδίου,
584 3974 675 4027 καί
701 3974 800 4026 ούκ
829 3973 913 4026 ἐπ’
938 3971 1104 4025 αὑτοῦ
1133 3971 1355 4043 φέρεται
1393 3971 1489 4025 τοῦ
1529 3971 1618 4026 διὰ
1645 3970 1751 4024 τῶν
1787 3972 1905 4042 ἰση-

332 4065 569 4138 μερινῶν
614 4065 853 4137 σημείων
893 4062 1117 4127 κύκλου,
1141 4062 1217 4127 ὡς
1243 4061 1471 4127 Εὔδοξός
1500 4079 1686 4133 φησιν.
1719 4064 1775 4116 'U
1798 4062 1905 4134 γὰρ

328 4157 629 4231 ⁴ἡγούμενος
666 4155 773 4209 τῶν
821 4156 878 4208 ὲν
918 4156 1051 4226 αὐτῇ
1079 4155 1263 4225 ἐπέχει
1300 4153 1494 4225 Χηλῶν
1528 4152 1709 4207 πλεῖον
1733 4153 1767 4224 ἦ
1793 4155 1903 4224 μοῖ.

331 4254 425 4318 ιγ’.
460 4248 667 4316 Ἀγνοεῖ
694 4246 750 4298 δὲ
776 4246 869 4299 καί
898 4245 1059 4316 μέσον
1086 4244 1253 4297 αὑτοῦ
1280 4245 1342 4297 τὸ
1371 4243 1531 4314 σῶμα
1562 4242 1703 4296 κατά
1734 4243 1906 4314 μῆκος

329 4340 441 4396 ὑπὸ
461 4339 554 4393 τοῦ
578 4338 867 4410 εἰρημένου
896 4336 1095 4391 κύκλου
1116 4335 1406 4408 τέμνεσθαι
1423 4337 1615 4407 λέγων·
1632 4339 1661 4390 ὁ
1679 4336 1778 4406 μὲν
1798 4334 1907 4408 γὰρ

330 4435 429 4488 ἐπὶ
454 4433 552 4503 τῆς
583 4432 823 4502 κεφαλῆς
861 4430 1034 4503 ἀστὴρ
1071 4430 1252 4500 ἐπέχει
1281 4430 1475 4502 Χηλῶν
1501 4429 1627 4501 περὶ
1668 4430 1777 4501 μοτ.
1831 4435 1905 4494 ις’

2004 3218 2086 3274 ire
2155 3221 2454 3276 secundum
2525 3225 2954 3297 longitudinem;
3017 3231 3213 3289 deinde
3274 3230 3567 3290 Chelarum

2003 3311 2239 3367 medium
2266 3315 2564 3371 secundum
2604 3319 2972 3378 latitudinem.
3006 3323 3263 3380 Centauri
3304 3335 3570 3397 praeterea

2003 3400 2247 3458 dextram
2295 3420 2512 3461 manum
2577 3416 2633 3465 et
2683 3413 2958 3467 anteriora
3004 3429 3199 3484 genua.
3252 3414 3381 3473 Post
3427 3434 3572 3475 nun-

2004 3509 2166 3564 quam
2199 3507 2548 3568 apparentem
2584 3502 2789 3570 polum,
2816 3504 3014 3559 ﬂexum
3059 3504 3344 3574 Fluminis,
3372 3517 3425 3565 et
3450 3510 3568 3568 Ceti

2002 3595 2183 3654 caput,
2207 3594 2259 3641 et
2295 3586 2497 3644 Arietis
2525 3597 2676 3663 terga
2707 3594 3008 3649 secundum
3052 3596 3420 3667 latitudinem,
3446 3600 3571 3660 Per-

2004 3676 2082 3731 sei
2120 3688 2286 3747 caput
2322 3693 2448 3733 cum
2483 3680 2676 3737 dextra
2713 3698 2899 3741 manu.

2072 3768 2236 3840 Atqui
2269 3770 2400 3826 laeva
2452 3788 2647 3831 manus
2696 3778 3109 3851 Arct0pltylacis
3141 3783 3295 3840 abest
3345 3785 3415 3841 ab
3462 3785 3570 3842 isto

2002 3862 2207 3919 circulo
2246 3864 2531 3922 intervallo
2588 3869 2700 3925 fere
2730 3869 2939 3927 dimidii
2976 3874 3153 3946 signi;
3219 3892 3319 3933 nec
3368 3878 3422 3933 in
3451 3880 3570 3952 ipso

2004 3957 2210 4013 circulo
2234 3959 2338 4014 sita
2366 3968 2472 4024 est,
2497 3962 2588 4032 qui
2608 3978 2705 4033 per
2718 3964 3119 4035 aquinoctialia
3152 3977 3353 4038 puncta
3383 3977 3566 4027 trans-

1939 4064 1944 4069 ·
2004 4050 2086 4115 it,
2138 4058 2199 4104 ut
2245 4050 2507 4108 Eudoxus
2547 4055 2795 4113 aIIirmat.
2845 4056 3059 4114 Etenim
3110 4062 3441 4117 antecedens
3474 4078 3567 4119 ea-

2004 4157 2147 4202 rum.
2187 4159 2313 4213 quze
2346 4145 2404 4199 in
2444 4146 2533 4200 illa
2574 4157 2722 4212 sunt,
2757 4146 3049 4207 Chelarum
3099 4153 3310 4209 obtinet
3358 4163 3569 4226 partem

2005 4234 2239 4305 amplius
2289 4236 2375 4293 I3.
2424 4235 2690 4294 Prmterea
2724 4241 2779 4295 in
2822 4258 2886 4297 eo
2932 4235 3151 4314 quoque
3203 4244 3571 4304 hallucinatus

2004 4337 2110 4394 est,
2150 4327 2296 4399 quod
2348 4329 2585 4384 medium
2628 4345 2827 4403 corpus
2870 4333 3038 4401 illius,
3070 4337 3369 4392 secundum
3399 4337 3569 4408 longi-

2008 4419 2276 4485 tudinem,
2307 4421 2377 4477 ab
2415 4436 2480 4477 eo
2518 4437 2679 4503 quem
2727 4424 2967 4481 diximus
3014 4428 3189 4482 secari
3231 4428 3441 4483 circulo
3469 4444 3570 4500 pu-

329 4524 432 4580 καὶ
467 4524 739 4595 δίμοιρονο
783 4525 812 4577 6
849 4522 904 4575 δὲ
938 4523 995 4574 ὲν
1021 4521 1100 4593 τῷ
1137 4520 1295 4591 δεξιῷ
1340 4521 1461 4575 ποδὶ
1497 4521 1680 4592 ἐπέχει
1711 4519 1903 4592 Χηλῶν

2008 4521 2105 4569 tat.
2139 4512 2352 4569 Etenim
2380 4529 2501 4585 quae
2528 4522 2612 4570 est
2638 4514 2693 4569 in
2719 4514 2838 4584 ejus
2871 4516 3047 4585 capite
3071 4518 3250 4582 stella,
3276 4518 3569 4575 Chelarum

332 4616 463 4689 περί
494 4617 603 4687 μοῖ.
626 4615 701 4667 κδ’
728 4613 813 4679 S",
843 4614 883 4667 δ’
901 4631 913 4644 ·
939 4615 969 4667 ὁ
1005 4613 1061 4666 δὲ
1084 4616 1141 4666 ἐν
1175 4615 1239 4684 τῇ
1275 4610 1417 4683 ζώνῃ
1444 4611 1692 4682 λαμπρὸς
1720 4611 1906 4682 ἐπέχει

330 4707 528 4782 Χηλῶν
558 4707 686 4779 περί
719 4708 825 4777 μοί.
877 4704 936 4758 ιδ’
969 4703 1167 4773 2017"
1200 4707 1229 4758 6
1265 4704 1324 4757 δὲ
1359 4705 1417 4756 ὲν
1457 4705 1523 4774 τῇ
1568 4692 1718 4774 δεξιᾷ
1766 4703 1907 4775 χειρί

330 4800 428 4856 τοῦ
476 4798 788 4871 Κενταύρου
834 4797 1181 4851 ὑπολείπεται-
1231 4795 1324 4849 τοῦ
1372 4793 1661 4865 εἰρημένου
1711 4794 1907 4848 κύκλου

334 4893 463 4964 περί
493 4891 535 4945 δ’
572 4892 733 4963 μέρος
779 4889 987 4955 ζωδίου.
1037 4888 1249 4959 Ἐπέχει
1300 4886 1407 4959 γάρ
1450 4886 1644 4958 Χηλῶν
1677 4889 1789 4958 μοῖ.
1833 4895 1904 4959 η’.

343 4984 409 5037 Ἦ
437 4984 494 5038 δὲ
519 4982 728 5053 κεφαλὴ
753 4981 845 5036 τοῦ
879 4983 1091 5051 Κήτους
1128 4979 1475 5034 ὑπολείπεται
1516 4982 1612 5051 μὲν
1652 4979 1747 5033 τοῦ
1776 4997 1910 5050 προ-

333 5077 625 5148 ειρημένου
651 5074 849 5128 κύκλου
868 5090 882 5104 ο
911 5074 972 5127 ού
998 5073 1131 5126 πολὺ
1153 5073 1233 5126 δέ.
1270 5074 1326 5126 '0
1350 5074 1458 5143 γὰρ
1483 5072 1775 5162 σύνδεσμος
1799 5071 1909 5125 τῶν

348 5167 589 5238 Ἰχθύων,
636 5166 696 5229 ὃς
742 5168 919 5219 κεῖται
969 5164 1106 5235 μετὰ
1146 5165 1244 5235 τὴν
1297 5164 1538 5237 κεφαλὴν
1572 5163 1666 5217 τοῦ
1700 5162 1909 5236 Κήτους

336 5259 431 5313 ἐπὶ
458 5259 557 5331 τῆς
583 5256 773 5328 λοφίας
808 5255 995 5320 αὐτοῦ,
1022 5242 1213 5326 ’ἐπέχει
1249 5254 1420 5326 Κριοῦ
1454 5257 1562 5326 μοῖ.
1592 5262 1662 5325 7’,
1695 5255 1756 5312 δ’.
1798 5255 1909 5307 Καὶ

342 5352 449 5424 μὴν
480 5351 598 5406 οὐδὲ
623 5350 717 5404 τοῦ
758 5349 929 5422 Κριοῦ
956 5350 1024 5403 τὰ
1067 5349 1210 5401 νῶτα
1242 5348 1334 5403 ἐπὶ
1370 5347 1462 5401 τοῦ
1492 5348 1779 5421 εἰρημένου
1808 5347 1907 5402 κύ-

336 5444 468 5499 κλου
500 5447 674 5498 κεῖται
695 5460 710 5474 ’
750 5440 886 5496 ἀλλὰ
924 5440 1271 5495 ὑπολείπεται
1316 5441 1497 5495 πλεῖον
1527 5441 1561 5514 ἢ
1595 5441 1775 5513 τρίτον
1814 5439 1910 5511 μέ-

340 5548 435 5605 ρος
466 5530 675 5597 ζωδίου.
723 5532 780 5585 Ὀ
812 5529 919 5603 γὰρ
949 5532 1007 5583 ὲν
1039 5528 1189 5601 μέσῳ
1228 5529 1308 5599 τῷ
1346 5529 1501 5601 νώτῳ
1530 5526 1693 5583 αὐτοῦ
1727 5527 1911 5600 κείμε-

340 5643 430 5690 νος
456 5624 627 5698 ἀστὴρ
654 5626 839 5697 ἐπέχει
869 5622 1039 5693 Κριοῦ
1077 5625 1185 5693 μοῖ.
1223 5629 1293 5676 ια’
1335 5620 1418 5676 S".
1465 5610 1694 5697 Ὀμοίως
1735 5621 1790 5676 δὲ
1816 5622 1908 5676 καὶ

378 5782 461 5829 β’
494 5795 580 5852 φο
616 5781 723 5837 ἀπὺ
747 5782 852 5836 τῶν
882 5788 948 5836 α’.
1027 5783 1066 5813 ⁷⁸
1096 5781 1135 5851 f.
1178 5779 1275 5833 καὶ
1297 5780 1405 5855 τάη

2007 4614 2216 4676 partem
2244 4607 2453 4663 obtinet
2479 4608 2698 4665 circiter
2724 4609 2790 4663 16
2821 4609 2962 4681 9ί5;
2987 4625 3107 4680 qua:
3132 4612 3186 4666 in
3207 4611 3399 4668 dextro
3415 4612 3572 4684 pede,

2006 4698 2294 4753 Chelarum
2328 4699 2548 4754 circiter
2573 4698 2662 4763 26,
2691 4700 2808 4764 45';
2847 4715 2967 4770 quae
2996 4702 3050 4754 in
3085 4716 3223 4756 zona
3254 4712 3337 4758 est
3369 4704 3569 4772 lucida,

2006 4788 2296 4844 Chelarum
2335 4788 2449 4844 fere
2475 4799 2682 4861 partem
2712 4791 2797 4855 I4,
2820 4791 2940 4860 20’;
2980 4807 3099 4863 quae
3125 4795 3177 4847 in
3210 4795 3401 4850 dextra
3431 4794 3572 4852 Cen-

2008 4880 2151 4934 tauri
2176 4895 2361 4946 manu,
2392 4881 2546 4937 abest
2568 4881 2635 4937 ab
2664 4882 2756 4936 illo
2785 4883 2990 4937 circulo
3019 4885 3320 4954 quadrante
3350 4887 3572 4944 circiter

2008 4972 2173 5044 signi.
2192 4970 2327 5026 Nam
2349 4972 2639 5028 Chelarum
2672 4980 2877 5045 partem
2896 4975 3105 5032 obtinet
3122 4977 3175 5045 8,
3201 4976 3377 5049 Caput
3406 4994 3570 5049 porro

2007 5063 2123 5119 Ceti
2180 5065 2348 5120 distat
2392 5067 2611 5136 quidem
2663 5068 2731 5123 ab
2792 5067 2981 5124 eodem
3038 5071 3273 5137 circulo;
3323 5073 3417 5128 sed
3460 5089 3571 5129 non

2008 5170 2206 5226 magno
2241 5157 2436 5226 spatio.
2465 5156 2675 5230 Quippe
2705 5160 2882 5215 nodus
2906 5159 3167 5227 Piscium,
3210 5164 3301 5235 qui
3325 5173 3450 5235 post
3478 5179 3575 5220 ca-

2008 5256 2104 5318 put
2134 5246 2253 5303 Ceti
2309 5249 2524 5320 positus
2560 5261 2664 5314 est,
2722 5251 2778 5306 in
2811 5252 3041 5324 ejusque
3073 5258 3305 5320 cervice,
3363 5256 3569 5311 obtinet

2008 5341 2209 5396 Arietis
2236 5351 2445 5412 partem
2487 5343 2540 5407 5,
2572 5342 2672 5398 ιε’.
2711 5342 2818 5399 Sed
2852 5360 2950 5401 nec
2982 5346 3183 5404 Arietis
3213 5357 3362 5419 terga
3391 5348 3446 5403 in
3477 5348 3579 5402 illo

2008 5433 2199 5488 eodem
2229 5434 2437 5489 circulo
2475 5435 2792 5491 collocanda
2832 5446 2979 5492 sunt.
3028 5439 3071 5493 A
3099 5455 3209 5510 quo
3237 5441 3469 5510 amplius
3494 5440 3571 5497 si-

2007 5526 2100 5597 gni
2132 5527 2332 5583 triente
2358 5527 2585 5585 distant.
2624 5527 2762 5584 Nam
2789 5546 2911 5601 quae
2947 5531 3105 5587 stella
3142 5533 3285 5588 inest
3304 5533 3357 5588 in
3392 5531 3576 5589 medio

2010 5620 2157 5679 illius
2173 5628 2346 5691 tergo,
2375 5622 2576 5679 Arietis
2614 5622 2825 5680 obtinet
2854 5632 3063 5695 partem
3098 5625 3330 5695 amplius
3351 5624 3411 5680 Il
3445 5624 3568 5696 υἱ.
