4040 6206
295 285 434 342 1065

1229 279 1591 336 HIPPARCHI
1621 278 1710 334 AD
1737 274 2178 334 PH/ENOMENA
2208 279 2334 335 LIB.
2373 281 2442 336 ll.

3352 284 3372 336 l
3386 283 3488 339 036

291 403 467 457 ϐαίνει
504 401 761 474 διαφορὰν
803 403 859 454 ὲν
899 402 1018 464 ταῖς
1059 399 1336 463 ἀνατολαῖς
1381 399 1487 451 τῶν
1527 397 1592 468 ιβ’
1625 395 1825 462 ζωδίων

1949 404 2060 450 tum
2098 398 2390 454 discrimen
2415 407 2498 454 est
2521 400 2574 453 in
2617 399 2901 454 duodecim
2931 400 3209 470 signorum
3243 400 3487 460 ortibus;

290 492 547 561 ἀγνοήσει
583 491 681 561 τήν
721 489 820 559 τῆς
865 487 1054 552 νυκτὸς
1096 486 1243 558 ὥραν
1280 488 1310 538 6
1351 487 1428 556 τῷ
1472 485 1846 556 προειρημένῳ

292 579 635 650 συλλογισμῷ
665 579 960 651 χρώμενος.
995 578 1238 633 Μάλιστα
1267 578 1310 630 δ’
1338 579 1402 632 ἀν
1443 594 1524 640 τις
1545 576 1844 646 θαυμάσειε

290 671 410 733 πῶς
465 671 561 724 καὶ
605 672 634 723 6
670 669 925 734 Ἄτταλος
971 667 1413 737 συγκατατίθεται
1467 665 1656 736 τούτῳ.
1687 666 1844 732 Λέγει

287 763 404 831 γάρ
431 762 520 814 τὸν
543 761 737 832 τρόπον
764 761 948 814 τοῦτον
966 777 980 790 ο
1015 780 1033 812 ι
1079 762 1164 814 Ἐν
1199 761 1256 814 δὲ
1291 762 1400 822 τοῖς
1425 759 1696 830 ἐχομένοις
1726 775 1843 810 πει-

292 856 456 925 ρᾶται
483 853 870 916 ὑποδεικνύειν,
909 853 1024 917 πῶς
1054 853 1117 907 ἄν
1143 869 1226 915 τις
1257 851 1344 904 διὰ
1378 852 1485 904 τῶν
1511 852 1721 921 ἀστρων
1755 849 1844 901 δύ-

288 963 440 1000 ναιτο
467 945 563 1016 τὴν
589 944 732 1016 ὥραν
766 945 865 1013 τῆς
887 945 1074 1008 νυκτὸς
1100 943 1527 1012 ἐπιγιγνώσκειν.
1562 943 1712 995 Ἐπεὶ
1737 941 1842 1012 γάρ

283 1037 436 1090 ἐστιν
468 1036 607 1107 ἀρχὴ
632 1036 819 1099 νυκτὸς
841 1036 990 1107 ήλίου
1016 1036 1193 1098 δύσις·
1230 1036 1258 1086 6
1281 1035 1336 1087 δὲ
1364 1035 1512 1104 ἥλιος
1539 1034 1624 1087 ἀεὶ
1647 1033 1702 1085 ἐν
1739 1049 1842 1084 τινι

284 1129 397 1181 τῶν
421 1129 486 1198 ιβ’
512 1126 714 1190 ζωδίων
739 1128 852 1181 ὲστί
871 1145 884 1158 ”
917 1127 1090 1198 δῆλον,
1115 1127 1194 1180 ὅτι
1217 1126 1294 1196 τῷ
1315 1124 1632 1193 γινώσκοντι
1660 1126 1717 1176 ὲν
1740 1124 1841 1176 τίνι

279 1237 343 1272 τε
365 1219 538 1290 ζωδίῳ
557 1221 584 1273 6
607 1219 754 1289 ἥλιός
781 1221 914 1280 ἐστι,
935 1219 1024 1270 καὶ
1050 1219 1107 1270 ὲν
1135 1217 1305 1290 πόστῃ
1330 1217 1489 1288 μοίρᾳ.
1512 1215 1603 1270 τοῦ
1631 1215 1838 1281 ζωδίου,

283 1312 468 1384 ῥᾴδιόν
503 1314 644 1364 ἐστιν
673 1310 982 1378 ἐπιγνῶναι,
1029 1309 1123 1362 καὶ
1171 1311 1318 1362 ποῖον
1363 1307 1547 1373 ζώδιον
1602 1309 1658 1359 ὲν
1699 1309 1837 1378 ἀρχῇ

280 1405 383 1474 τῆς
412 1403 598 1466 νυκτὸς
629 1401 921 1464 ἀνατέλλει,
952 1401 1043 1453 καὶ
1083 1400 1208 1472 ποία
1253 1399 1433 1470 μοίρᾳ.
1473 1400 1548 1470 Τῇ
1594 1399 1701 1470 γάρ
1738 1399 1840 1450 ὑπὸ

280 1495 376 1548 τοῦ
408 1495 555 1566 ἡλίου
584 1493 915 1564 κατεχομένη
954 1491 1114 1563 μοίρᾳ
1156 1494 1188 1562 ή
1237 1491 1376 1545 κατά
1408 1491 1691 1562 διάμετρον
1729 1507 1839 1542 κει-

281 1590 425 1659 μένη
451 1588 548 1658 τὴν
572 1587 832 1656 ἀνατολὴν
869 1585 1006 1638 κατά
1027 1584 1120 1655 τὴν
1153 1583 1323 1655 ἀρχὴν
1352 1584 1450 1653 τῆς
1470 1582 1661 1645 νυκτὸς
1685 1582 1840 1650 ποιή-

277 1699 388 1736 σει.
421 1681 586 1734 Τοῦτο
622 1680 677 1732 δὲ
719 1678 1122 1752 προῖστορηκὼς
1153 1679 1246 1732 καὶ
1276 1674 1615 1745 ἐπεγνωκὼς,
1657 1675 1736 1728 ὅτι
1779 1674 1836 1725 ὲν

278 1775 432 1844 πάση
477 1775 627 1826 νυκτὶ
666 1778 720 1837 ς’
769 1770 932 1835 ζώδια
980 1771 1115 1843 πρὸς
1155 1773 1220 1841 τῇ
1263 1767 1487 1838 ἀνατολῇ
1539 1766 1834 1836 ἀνίσχουσι,

278 1865 547 1931 γνώσεται
599 1865 689 1918 καὶ⁵
737 1863 898 1916 πόσον
937 1863 1034 1932 τῆς
1066 1861 1252 1924 νυκτὸς
1293 1856 1657 1930 παρεληλυθός
1699 1859 1832 1920 ἐστι,

268 1959 374 2010 καὶ
400 1957 559 2009 πόσον
591 1956 650 2008 τὸ
671 1955 852 2008 λοιπὸν
871 1955 974 2018 ἕως
1008 1955 1102 2024 τῆς
1125 1952 1218 2006 τοῦ
1254 1952 1400 2024 ἡλίου
1432 1951 1706 2020 ἀνατολῆς.
1739 1969 1756 2000 ι

353 2135 504 2190 Μετὰ
545 2136 598 2188 δὲ
643 2132 810 2188 ταῦτα
835 2132 1054 2204 λέληθεν
1095 2129 1436 2203 ἀμφοτέρους
1479 2129 1708 2193 αὐτοὺς,
1750 2127 1832 2180 ὅτι

267 2229 387 2280 οὐδ’
415 2227 480 2280 ἂν
500 2226 629 2281 αὐτὸ
650 2226 711 2278 τὸ
739 2225 924 2289 ζὼδιον
957 2225 1124 2295 βλέπῃ
1152 2241 1234 2286 τις
1264 2220 1642 2282 ἀνατεταλκὸς,
1676 2219 1831 2271 δυνα-

273 2321 367 2383 τός
399 2321 545 2371 ἐστιν
575 2316 814 2388 ἀκριϐῶς
837 2317 934 2388 τὴν
981 2315 1129 2387 ῶραν
1157 2315 1255 2384 τῆς
1289 2313 1479 2376 νυκτὸς
1519 2311 1830 2378 συλλογίσα-

275 2413 403 2465 σθαι
455 2407 595 2464 κατά
639 2409 730 2462 τὸν
779 2407 1170 2480 προειρημένον
1224 2406 1438 2477 τρόπον.
1482 2404 1544 2456 Εἰ
1589 2404 1684 2474 μὲν
1722 2401 1828 2474 γὰρ

272 2507 507 2557 ἕκαστον
549 2501 656 2556 τῶν
684 2499 1085 2573 ήστερισμένων
1121 2499 1214 2552 καὶ
1246 2497 1590 2568 βλεπομένων
1624 2495 1826 2559 ζωδίων

274 2592 676 2664 συνεπληροῦτο
702 2591 821 2645 καθ’
850 2590 908 2642 ἓν
937 2588 1399 2660 δωδεκατημόριον
1431 2585 1529 2639 τοῦ
1563 2582 1825 2643 ζωδιακοῦ

259 2687 499 2748 κύκλου,
522 2685 649 2758 παρ’
674 2683 838 2754 αὐτὴν
871 2684 1037 2754 μόνην
1063 2680 1161 2752 τὴν
1189 2683 1245 2731 ὲν
1274 2683 1388 2740 ταῖς
1412 2677 1694 2738 ἀνατολαῖς
1721 2674 1828 2727 τῶν

273 2780 480 2850 χρόνων
525 2776 810 2845 ἀνισότητα
857 2772 1235 2841 διεπίπτομενο
1287 2770 1409 2822 ἐπεὶ
1447 2768 1502 2820 δὲ
1548 2765 1667 2819 οὐδὲ
1715 2768 1826 2827 τοῖς

265 2869 758 2940 δωδεκατημορίοις
798 2867 886 2920 ἴσα
911 2867 1026 2920 ἐστὶ
1057 2864 1126 2918 τά
1167 2861 1462 2933 φαινόμενα
1495 2858 1679 2924 ζὼδια,
1715 2857 1824 2910 οὔτ’

273 2968 330 3018 ἐν
359 2966 472 3027 τοῖς
513 2963 660 3025 ἰδίοις
691 2961 862 3014 κεῖται
903 2958 1086 3018 τόποις
1128 2956 1339 3009 ἅπαντα
1362 2970 1374 2982 ·
1405 2952 1541 3006 ἀλλά
1579 2951 1699 3004 τινά
1728 2950 1824 3020 μὲν

1945 490 2036 557 qui
2060 489 2269 544 ratione
2289 490 2377 544 illa
2410 491 2486 545 ιιιί
2504 491 2650 552 velit,
2680 493 2864 545 horam
2896 492 3073 545 noctis
3094 490 3311 560 assequi
3346 493 3495 546 nullo

1946 579 2104 632 modo
2142 582 2360 648 poterit.
2415 580 2520 635 Sed
2561 581 2688 636 illud
2754 582 2940 634 mirari
3001 581 3168 642 subit,
3224 581 3497 650 quomodo

1946 669 2068 724 huic
2104 673 2264 725 etiam
2320 672 2579 726 doctrinae
2625 673 2961 742 subscriptor
3001 672 3214 728 Attalus
3252 671 3492 726 acced.u.

1944 757 2021 811 lia
2075 761 2271 829 quippe
2310 761 2583 830 loquitur:
2623 779 2642 811 ι
2683 759 2741 814 In
2760 762 3130 830 .scquentibus
3182 776 3345 831 porro
3400 762 3497 814 de-

1945 862 2246 906 monstrare
2275 863 2504 907 conatur
2536 869 2641 924 qua
2681 848 2889 908 ratione
2933 854 3200 923 quispiam
3241 869 3271 908 e
3298 851 3494 907 sideri-

1944 942 2045 996 bus
2071 951 2391 997 nocturnam
2429 946 2612 998 horam
2642 945 2936 1014 conjectari
2965 944 3183 1014 poterit.
3209 943 3341 998 Nam
3369 958 3494 996 cum

1943 1035 2017 1089 sit
2042 1036 2218 1091 noctis
2248 1037 2466 1090 initium
2509 1038 2640 1092 solis
2670 1052 2922 1099 occasus,
2953 1038 3032 1092 sol
3063 1045 3243 1092 autem
3287 1037 3494 1091 duode-

1941 1127 2045 1181 cim
2087 1129 2362 1198 signorum
2405 1143 2621 1198 semper
2661 1129 2714 1182 in
2762 1130 2942 1198 aliquo
2976 1137 3260 1194 versetur;
3292 1131 3496 1200 perspi-

1941 1233 2103 1272 cuum
2149 1228 2250 1283 est,
2287 1221 2377 1289 qui
2404 1220 2456 1272 id
2485 1221 2818 1290 cognoverit.
2863 1222 2916 1274 in
2951 1237 3058 1291 quo
3103 1221 3258 1292 signo
3285 1223 3366 1278 sol
3398 1237 3495 1293 po-

1941 1311 2077 1366 situs
2113 1313 2202 1374 sit,
2250 1321 2304 1366 et
2361 1328 2466 1380 qua
2509 1313 2628 1381 ejus
2666 1314 2804 1380 signi
2844 1320 3016 1382 parte,
3056 1312 3212 1368 facile
3248 1315 3494 1369 animad-

1939 1417 2224 1456 versurum
2273 1417 2431 1465 esse,
2480 1403 2622 1472 quod
2667 1404 2901 1472 signum,
2949 1413 3002 1458 et
3050 1419 3157 1472 qua
3211 1404 3370 1474 119
3408 1406 3491 1458 sui

1940 1502 2090 1562 parte
2124 1494 2227 1549 sub
2272 1495 2483 1549 initium
2536 1496 2712 1550 noctis
2747 1497 2976 1550 oriatur.
3021 1495 3228 1564 Quippe
3261 1511 3387 1564 pars
3417 1498 3489 1555 ei.

1939 1601 2100 1652 quam
2131 1586 2211 1640 sol
2238 1587 2467 1648 obtinet,
2497 1602 2564 1641 ex
2589 1587 2854 1641 diametro
2883 1587 3236 1656 respondens.
3271 1588 3491 1641 ineunte

1940 1685 2097 1730 nocte
2139 1678 2488 1732 conscendet.
2533 1677 2644 1732 Hoc
2684 1679 2931 1748 quisquis
2963 1689 3092 1733 ante
3129 1677 3400 1742 didicerit,
3435 1687 3490 1733 et

1937 1768 2204 1836 cognorit,
2255 1769 2308 1822 in
2337 1769 2484 1822 omni
2524 1778 2680 1825 nocte
2708 1785 2802 1825 sex
2836 1771 2904 1824 ab
2941 1771 3147 1824 oriente
3181 1771 3333 1841 signa
3357 1785 3489 1824 con-

1935 1873 2177 1928 surgere,
2211 1875 2318 1914 non
2373 1859 2644 1930 ignorabit
2694 1869 2894 1930 quanta
2941 1875 3066 1930 pars
3100 1861 3275 1915 noctis
3308 1869 3488 1914 trans-

1935 1958 2053 2004 acta
2081 1951 2266 2016 fuerit,
2293 1960 2345 2007 et
2380 1961 2640 2022 quantum
2665 1968 2727 2007 ex
2761 1968 2822 2007 ea
2853 1952 2919 2006 ad
2951 1961 3128 2007 ortum
3157 1970 3328 2022 usque
3356 1955 3486 2009 solis

1933 2042 2190 2112 supersit.
2223 2062 2240 2094 ι
2685 2041 2692 2052 ”

2002 2133 2262 2188 Praeterea
2299 2133 2402 2188 hoc
2433 2134 2591 2188 ambo
2620 2133 2695 2187 illi
2723 2151 3058 2206 nequaquam
3090 2138 3485 2193 animadverte-

1929 2231 2089 2285 runt,
2137 2225 2351 2278 tametsi
2408 2223 2538 2278 illud
2596 2226 2770 2295 ipsum
2821 2229 3034 2298 signum
3074 2241 3322 2284 exortum
3370 2231 3482 2299 jam

1929 2331 2050 2368 esse
2099 2316 2292 2370 viderit
2341 2319 2632 2388 quispiam,
2674 2334 2781 2373 non
2839 2335 2997 2389 posse
3045 2329 3224 2376 tamen
3278 2325 3486 2377 ratione

1931 2407 2057 2468 ista,
2083 2423 2244 2476 quam
2282 2409 2552 2473 diximus,
2584 2420 2785 2465 certam
2839 2415 3012 2468 noctis
3053 2413 3242 2467 horam
3279 2429 3484 2486 cogno-

1928 2510 2102 2550 scere.
2140 2495 2345 2551 Etenim
2387 2500 2431 2552 si
2462 2501 2928 2564 constellatarum,
2971 2511 3022 2555 et
3070 2505 3480 2572 aspectabilium

1927 2587 2219 2657 imaginum
2266 2589 2518 2656 quzclibet
2560 2598 2710 2658 parte
2759 2607 2862 2645 una
2909 2592 3226 2647 duodecima
3270 2595 3481 2651 zodiaci

1925 2678 2259 2739 deliniretur,
2293 2679 2406 2732 sola
2440 2688 2741 2748 temporum
2782 2683 2833 2733 in
2883 2683 3094 2736 ortibus
3141 2684 3480 2752 inequalitas

1925 2785 2162 2824 errorem
2212 2770 2367 2824 nobis
2410 2770 2642 2825 offerret.
2690 2772 2791 2825 Sed
2834 2774 3087 2841 quoniam
3129 2791 3304 2843 neque
3351 2792 3475 2830 cum

1927 2863 2218 2931 segmentis
2257 2862 2388 2931 ipsis
2432 2862 2782 2931 adaequamur
2809 2877 2928 2932 quae
2967 2877 2997 2915 a
3048 2864 3203 2919 nobis
3245 2881 3479 2920 cernun-

1927 2959 2015 3003 tur
2069 2951 2350 3019 imagines,
2390 2968 2563 3022 neque
2617 2953 2847 3024 propriis
2895 2953 2948 3006 in
3000 2955 3131 3008 locis
3182 2957 3299 3010 sitae
3350 2965 3477 3011 sunt

271 3055 450 3110 αὐτῶν
477 3053 739 3107 ἐλάσσονά
785 3053 898 3104 ἐστι
935 3049 1028 3103 τοῦ
1059 3044 1522 3116 δωδεκατημορίου
1545 3084 1561 3108 ,
1607 3042 1725 3097 τινά
1766 3041 1822 3095 δὲ

1927 3058 2135 3107 omnes,
2185 3046 2285 3101 sed
2319 3047 2561 3116 quaedam
2597 3046 3030 3103 dodecatemorio
3064 3066 3164 3104 suo
3203 3051 3472 3116 minores,

273 3146 452 3216 πολλῷ
505 3144 755 3216 μείζοναο
788 3142 1036 3212 καθάπερ
1077 3139 1276 3200 εὐθέως
1321 3139 1350 3190 6
1407 3138 1502 3206 μὲν
1554 3135 1822 3206 Καρκίνος

267 3240 391 3292 οὐδὲ
415 3238 475 3290 τὸ
512 3238 689 3306 τρίτον
733 3236 896 3305 μέρος
926 3234 1108 3303 ἐπέχει
1133 3232 1224 3285 τοῦ
1257 3229 1722 3299 δωδεκατημορίου
1741 3243 1754 3255 °
1787 3227 1822 3296 ὴ

269 3329 327 3381 δὲ
354 3327 624 3397 Παρθένος
662 3327 754 3377 καὶ
779 3325 868 3377 τοῦ
906 3325 1148 3384 Λέοντος,
1189 3321 1282 3375 καὶ
1326 3319 1431 3372 τῶν
1473 3317 1664 3387 Χηλῶν
1705 3317 1823 3368 ὲπι-

275 3420 538 3491 λαμϐάνει
559 3435 571 3447 ·
604 3417 712 3469 τῶν
737 3417 791 3468 δὲ
828 3413 1041 3485 Ἰχθύων
1073 3415 1102 3465 ό
1133 3410 1445 3480 νπιώτερος
1480 3410 1598 3472 ὅλος
1637 3409 1820 3479 σχεδὸν

257 3514 328 3564 ἓν
353 3511 429 3581 τῷ
461 3509 552 3563 τού
583 3508 860 3578 Ὑδροχόου
900 3509 1070 3560 κεῖται
1096 3501 1575 3574 δωδεκατημορίῳ·
1611 3499 1724 3562 πῶς
1753 3500 1818 3552 ἀν

268 3605 354 3673 εἴη
387 3601 608 3656 δυνατὸν
661 3603 726 3652 ὲκ
767 3599 863 3670 τῆς
907 3595 1157 3667 τοιαύτης
1199 3595 1306 3648 τῶν
1356 3593 1562 3648 δώδεκα
1617 3591 1819 3656 ζωδίων

267 3695 521 3766 ὲπιτολῆς
553 3694 650 3764 τῆς
678 3692 866 3755 νυκτὸς
905 3690 1052 3762 ὥραν
1083 3686 1528 3756 συλλογίσασθαι;
1561 3686 1729 3738 Ὅταν
1762 3683 1817 3735 δέ

267 3807 390 3843 τινα
415 3787 592 3842 αὐτῶν
629 3786 758 3856 μηδὲ
789 3787 844 3837 ὲν
877 3783 952 3854 τῷ
978 3780 1223 3851 ζωδιακῷ
1250 3779 1433 3850 κύκλῳ
1462 3777 1698 3847 τυγχάνῃ
1723 3775 1819 3828 ὅλα

266 3884 516 3952 κείμενα,
550 3879 682 3933 ἀλλά
709 3875 883 3946 πολλῷ
921 3874 1249 3946 βορειότερα,
1285 3871 1532 3941 καθάπερ
1565 3869 1674 3938 ἔχει
1704 3868 1732 3920 ὅ
1757 3883 1818 3918 τε

265 3976 418 4030 Λέων
472 3973 566 4026 καὶ
613 3973 641 4024 ὁ
691 3969 1019 4042 βορειότερος
1065 3965 1170 4018 τῶν
1222 3963 1475 4035 Ἰχθύων·
1510 3961 1685 4031 δῆλον,
1738 3961 1818 4012 ὅτι

267 4065 450 4137 πολλῷ
476 4064 670 4136 μᾶλλον
698 4064 946 4131 ἀγνοήσει
977 4058 1076 4128 τὴν
1102 4057 1250 4127 ὥραν
1285 4057 1313 4108 6
1341 4057 1404 4108 ἐκ
1435 4056 1532 4125 τῆς
1554 4051 1816 4123 ἀνατολῆς

263 4160 377 4215 τῶν
417 4156 750 4227 φαινομένων
781 4153 984 4216 ζωδίων
1019 4149 1368 4218 συλλογισμὸς
1401 4147 1598 4202 αὐτῶν.

339 4251 551 4312 Εὐθέως
578 4244 670 4301 οὖν
706 4245 798 4298 τοῦ
819 4243 866 4275 ⁷⁸
898 4241 1282 4314 ἠστερισμένου
1316 4241 1590 4312 Καρκίνου
1625 4239 1818 4292 ἀνατε-

265 4342 597 4410 ταλκότος,ἡ
628 4338 722 4392 τοῦ
770 4337 990 4397 Λέοντος
1019 4333 1224 4403 κεφαλὴ
1272 4332 1594 4402 ἀναφέρεται
1643 4333 1700 4384 ὲν
1731 4331 1816 4402 ,τῷ

265 4434 608 4504 ὑποκειμένῳ
649 4429 910 4502 ὁρίζοντι,
934 4425 1428 4494 δυνανατελλούσης
1460 4426 1594 4496 αὐτῇ
1635 4425 1733 4495 τῆς
1763 4432 1812 4494 η’
1844 4411 1889 4467 1)

261 4525 460 4596 μοίρας
489 4521 581 4576 τοῦ
621 4518 914 4590 Καρκίνου.
947 4517 1004 4569 '0
1051 4517 1280 4586 Ἄρατος
1329 4515 1544 4585 θεωρῶν
1585 4517 1683 4588 τὴν
1722 4535 1811 4570 κε-

261 4615 440 4687 φαλὴν
466 4612 558 4665 τοῦ
596 4612 816 4672 Λέοντος
847 4607 1250 4667 ἀνατέλλουσαν,
1283 4608 1375 4660 καὶ
1416 4610 1812 4679 ὑπολαμϐάνων

259 4709 326 4762 τὸ
373 4705 509 4759 κατά
545 4704 635 4756 τὸν
679 4703 878 4755 Λέοντα
927 4699 1384 4769 δωδεκατημόριον
1424 4701 1807 4770 ἀναφέρεσθαι,

260 4799 438 4869 τρισὶν
469 4795 606 4857 ὅλοις
636 4791 918 4862 ήμιωρίοις
939 4790 1211 4859 ἀγνοήσει.
1249 4789 1413 4842 Πάλιν
1451 4793 1479 4842 6
1512 4791 1610 4860 μὲν
1647 4792 1814 4863 Σκορ-

262 4891 388 4952 πίος
414 4889 636 4960 ἄρχεται
666 4885 762 4955 μὲν
797 4883 970 4937 δύνειν
991 4880 1380 4951 ἀνατελλούσης
1413 4883 1582 4953 Κριοῦ
1618 4885 1810 4956 μοίρας

260 4979 708 5053 τρισκαιδεκάτης
771 4975 969 5046 μέσηςο
1018 4973 1134 5037 ὅλος
1182 4973 1237 5026 δὲ
1281 4974 1384 5026 ὑπὸ
1437 4975 1525 5027 τὸν
1565 4967 1811 5048 ὁρίζοντα

259 5073 471 5143 γίνεται
505 5068 892 5137 ἀνατελλούσης
923 5066 1020 5135 τῆς
1049 5073 1100 5130 ς’
1137 5066 1243 5136 μοί.
1275 5065 1364 5119 τοῦ
1396 5066 1634 5139 Ταύρουο
1676 5070 1815 5124 ἀπο-

259 5162 578 5232 δεδείχαμεν
611 5159 718 5230 γὰρ
743 5159 810 5210 τά
851 5159 1072 5210 τοιαῦτα
1105 5158 1280 5210 πάντα
1311 5159 1368 5209 ὲν
1401 5162 1510 5222 τοῖς
1549 5161 1675 5230 περὶ
1705 5162 1812 5214 τῶν

261 5252 655 5308 συνανατολῶν.
695 5251 860 5320 Δῆλον
887 5247 997 5312 οὖν,
1041 5251 1121 5302 ὅτι
1166 5251 1331 5322 χωρὶς
1375 5252 1467 5304 τοῦ
1501 5253 1558 5304 ἐν
1609 5252 1815 5315 ἀνίσοις

260 5347 472 5418 χρόνοις
501 5344 570 5396 τὰ
593 5344 658 5414 ιβ’
692 5341 854 5406 ζὼδια
882 5340 1260 5412 ἀναφέρεσθαι,
1294 5339 1382 5394 διὰ
1407 5341 1468 5394 τὺ
1499 5343 1590 5394 καὶ
1625 5343 1810 5394 ἀνισοο

263 5437 470 5510 μεγέθη
498 5433 631 5489 εἶναι
659 5435 724 5488 τά
756 5433 937 5498 ζὼδια,
975 5434 1066 5486 καὶ
1097 5433 1341 5496 ἀτάκτως
1369 5433 1599 5496 κεῖσθαι,
1639 5434 1811 5488 πολλά

255 5530 686 5600 διαμαρτήσεται
719 5529 782 5597 τῇ
813 5525 929 5597 ὥρα
951 5527 978 5576 ό
1009 5524 1140 5594 πρὸς
1175 5525 1263 5577 τὸν
1301 5518 1638 5595 φαινόμενον
1658 5514 1819 5579 ἀστεσῙ

342 5678 388 5710 ⁷⁸
429 5677 467 5730 ί.
499 5679 617 5729 ἐπεὶ
653 5677 763 5730 τοῦ.

508 5772 772 5830 Ρηιιοι.
820 5769 934 5829 Gn.
982 5769 1154 5831 XIX.

1923 3135 2176 3205 quaedam
2215 3138 2449 3207 majores
2494 3139 2662 3192 multo
2709 3151 2837 3193 sunt
2870 3161 2883 3194 :
2919 3150 2976 3194 ut
3018 3145 3245 3211 exempli
3283 3159 3472 3208 causa,

1920 3229 2130 3284 Cancer
2182 3245 2250 3285 ne
2301 3231 2516 3285 tertiam
2560 3231 2778 3300 quidem
2835 3237 3097 3302 segmenti
3129 3235 3212 3289 sui
3265 3245 3473 3306 partem

1921 3333 2180 3392 occupat;
2211 3331 2400 3377 contra
2441 3322 2602 3394 Virgo
2629 3325 2696 3379 de
2721 3323 2898 3380 Leone
2931 3341 2994 3380 ac
3023 3325 3204 3382 Chelis
3235 3328 3475 3397 decerpit

1919 3413 2145 3484 aliquid,
2181 3413 2417 3470 Piscium
2475 3417 2764 3470 australior
2804 3425 2949 3472 totus
2999 3417 3109 3472 fere
3151 3419 3206 3472 in
3248 3420 3472 3489 Aquarii

1921 3507 2353 3561 dodecatemorio
2399 3511 2606 3575 positus
2636 3518 2719 3564 est
2751 3529 2762 3563 :
2799 3513 2890 3580 qui
2933 3509 3046 3565 lieri
3074 3518 3270 3580 potest,
3303 3521 3362 3565 ut
3404 3529 3472 3568 ex

1920 3597 2184 3664 ejusmodi
2233 3600 2509 3667 signorum
2556 3601 2838 3656 duodecim
2880 3614 3070 3658 exortu
3115 3607 3293 3662 noctis
3338 3607 3469 3662 hora

1920 3690 2240 3758 colligatur?
2261 3691 2397 3744 Cum
2423 3700 2600 3759 autem
2623 3709 2689 3747 ex
2714 3693 2819 3748 illis
2847 3695 3010 3748 etiam
3043 3696 3218 3765 aliqua
3249 3699 3470 3752 zodiaca

1919 3782 2124 3836 circulo
2151 3797 2255 3836 non
2281 3791 2395 3836 tota
2425 3786 2825 3846 contineantur.
2853 3785 2944 3840 sed
2972 3787 3142 3840 multo
3164 3788 3468 3843 borealiora

1918 3873 2045 3934 sint,
2079 3872 2222 3927 velut
2265 3871 2373 3928 Leo
2413 3884 2465 3928 et
2511 3872 2747 3930 Piscium
2800 3873 3089 3936 borealior,
3127 3875 3348 3931 evidens
3385 3887 3469 3929 est

1919 3962 2133 4016 illorum
2164 3962 2425 4017 rationem
2474 3963 2544 4018 ab
2589 3972 2713 4018 ortu
2759 3965 3129 4034 apparentium
3173 3966 3465 4036 imaginum

1917 4054 2288 4108 aberraturam
2323 4069 2442 4109 esse
2470 4055 2699 4124 longius.

1986 4234 2224 4289 Primum
2251 4235 2393 4290 enim
2425 4237 2633 4291 stellata
2656 4237 2850 4292 Cancri
2876 4238 3235 4308 imaginejam
3259 4248 3465 4306 exorta,

1918 4331 2112 4386 Leonis
2140 4340 2301 4402 caput
2330 4333 2383 4386 in
2419 4349 2484 4388 eo
2511 4350 2669 4403 quem
2709 4335 2995 4389 statuimus
3027 4337 3304 4390 horizonte
3331 4351 3467 4390 con-

1917 4425 2127 4479 scendit
2162 4441 2268 4478 una
2309 4442 2431 4479 cum
2475 4435 2663 4480 octava
2707 4434 2860 4496 parte
2887 4426 3104 4481 Cancri.
3140 4426 3301 4497 Igitur
3333 4428 3470 4480 Ara-

1918 4524 2007 4571 tus
2035 4516 2232 4572 Leonis
2260 4526 2422 4588 capnt
2466 4519 2596 4573 oriri
2641 4519 2999 4589 prospiciens,
3033 4534 3095 4572 ac
3134 4519 3330 4574 Leonis
3369 4521 3468 4574 do-

1916 4611 2338 4665 decatemorium
2379 4619 2574 4680 putans
2623 4611 2931 4671 ascendere,
2967 4609 3282 4678 sesquihora
3331 4611 3468 4664 inte-

1918 4715 2012 4769 gra
2044 4699 2276 4753 lalletnr.
2312 4701 2438 4752 Item
2473 4700 2730 4767 Scorpius
2756 4700 2998 4753 occidere
3042 4700 3233 4767 incipit
3261 4702 3469 4756 oriente

1917 4802 2072 4860 parte
2100 4792 2166 4846 l3
2193 4793 2365 4845 media
2397 4792 2624 4854 Arietis;
2667 4799 2812 4845 totus
2844 4807 2968 4845 vero
2998 4794 3099 4845 sub
3133 4793 3468 4846 horizontem

1917 4885 2169 4938 conditur
2207 4885 2414 4938 oriente
2445 4891 2594 4937 sexta
2628 4881 2791 4936 Tauri
2829 4891 2999 4951 parte.
3036 4883 3165 4947 Quae
3214 4899 3312 4937 nos
3354 4899 3466 4936 om-

1915 4977 2005 5030 nia
2056 4979 2110 5029 in
2158 4984 2343 5030 nostra
2393 4975 2459 5029 de
2505 4977 2782 5029 coortihus
2833 4975 3198 5043 disputatione
3245 4973 3471 5026 demon-

1917 5069 2229 5122 stravimus.
2279 5069 2513 5136 Apparet
2555 5081 2682 5136 ergo
2721 5082 2828 5120 non
2872 5067 3045 5121 solum
3085 5065 3226 5134 quod
3266 5064 3478 5120 duode-X

1915 5163 2022 5215 cim
2068 5163 2328 5231 imagines
2374 5163 2724 5230 inaequalibus
2772 5161 3106 5231 temporibus
3146 5157 3468 5215 ascendunt.

1915 5253 2008 5307 sed
2047 5254 2209 5307 etiam
2242 5254 2384 5322 quod
2415 5255 2534 5306 aliis
2566 5255 2682 5306 alia:
2714 5254 2888 5322 maius
2924 5252 3155 5322 spatium
3180 5259 3468 5319 occupant.

1915 5352 1970 5397 ct
2012 5346 2128 5398 sine
2165 5344 2353 5397 ordine
2385 5345 2658 5397 C(tllOCtIL'e
2705 5354 2862 5407 sunt;
2896 5343 3186 5413 plurimum
3234 5341 3289 5393 in
3319 5339 3471 5394 msti-

1916 5433 2112 5486 manda
2150 5433 2282 5486 hora
2311 5433 2589 5501 deceptum
2633 5433 2719 5495 iri,
2745 5434 2837 5502 qui
2871 5451 2935 5487 ex
2980 5435 3363 5502 apparentibus
3395 5450 3471 5485 st-

1917 5526 2172 5579 mulacris
2218 5526 2496 5596 signorum
2543 5524 2830 5580 duodecim
2875 5526 3171 5594 conjectari
3215 5527 3465 5580 voluerit.

3159 5779 3236 5838 3'0-
