  <div class='ocr_page' id='page_1' title='image "/cluster/home/n/w/nwhite01/storage/ocr_20150623/19/hvd.32044073501199/541.png"; bbox 0 0 4040 6206; ppageno 0'>
   <div class='ocr_carea' id='block_1_1' title="bbox 520 269 652 325">
    <p class='ocr_par' dir='ltr' id='par_1_1' title="bbox 520 269 652 325">
     <span class='ocr_line' id='line_1_1' title="bbox 520 269 652 325; baseline -0.038 0"><span class='ocrx_word' id='word_1_1' title='bbox 520 273 540 325; x_wconf 73' lang='lat' dir='ltr'><strong>i</strong></span> <span class='ocrx_word' id='word_1_2' title='bbox 553 269 652 325; x_wconf 84' lang='lat'><strong>067</strong></span> 
     </span>
    </p>
   </div>
   <div class='ocr_carea' id='block_1_2' title="bbox 520 348 2072 448">
    <p class='ocr_par' dir='ltr' id='par_1_2' title="bbox 520 348 2072 448">
     <span class='ocr_line' id='line_1_2' title="bbox 520 348 2072 448; baseline -0.025 -8"><span class='ocrx_word' id='word_1_3' title='bbox 520 389 720 440; x_wconf 74' lang='lat' dir='ltr'><strong>Horam</strong></span> <span class='ocrx_word' id='word_1_4' title='bbox 744 381 926 448; x_wconf 99' lang='lat' dir='ltr'><strong>itaque</strong></span> <span class='ocrx_word' id='word_1_5' title='bbox 956 372 1129 430; x_wconf 89' lang='lat' dir='ltr'><strong>noctis</strong></span> <span class='ocrx_word' id='word_1_6' title='bbox 1154 385 1254 426; x_wconf 91' lang='lat' dir='ltr'><strong>nec</strong></span> <span class='ocrx_word' id='word_1_7' title='bbox 1273 373 1462 423; x_wconf 77' lang='lat' dir='ltr'><strong>exacte</strong></span> <span class='ocrx_word' id='word_1_8' title='bbox 1494 376 1672 434; x_wconf 87' lang='lat' dir='ltr'><strong>posse,</strong></span> <span class='ocrx_word' id='word_1_9' title='bbox 1696 369 1871 425; x_wconf 89' lang='lat' dir='ltr'><strong>neque</strong></span> <span class='ocrx_word' id='word_1_10' title='bbox 1891 348 2072 422; x_wconf 59' lang='lat' dir='ltr'><strong>proxio</strong></span> 
     </span>
    </p>
   </div>
   <div class='ocr_carea' id='block_1_3' title="bbox 522 451 2072 544">
    <p class='ocr_par' dir='ltr' id='par_1_3' title="bbox 522 451 2072 544">
     <span class='ocr_line' id='line_1_3' title="bbox 522 451 2072 544; baseline -0.025 -12"><span class='ocrx_word' id='word_1_11' title='bbox 522 492 608 532; x_wconf 91' lang='lat' dir='ltr'><strong>me</strong></span> <span class='ocrx_word' id='word_1_12' title='bbox 642 467 992 544; x_wconf 84' lang='lat' dir='ltr'><strong>deprehendi,</strong></span> <span class='ocrx_word' id='word_1_13' title='bbox 1027 467 1073 521; x_wconf 90' lang='lat' dir='ltr'><strong>si</strong></span> <span class='ocrx_word' id='word_1_14' title='bbox 1111 464 1344 519; x_wconf 79' lang='lat' dir='ltr'><strong>ortivum</strong></span> <span class='ocrx_word' id='word_1_15' title='bbox 1389 458 1600 527; x_wconf 79' lang='lat' dir='ltr'><strong>signum</strong></span> <span class='ocrx_word' id='word_1_16' title='bbox 1646 451 1973 507; x_wconf 73' lang='lat' dir='ltr'><strong>intueamur,</strong></span> <span class='ocrx_word' id='word_1_17' title='bbox 2006 456 2072 496; x_wconf 78' lang='lat' dir='ltr'><strong>ex</strong></span> 
     </span>
    </p>
   </div>
   <div class='ocr_carea' id='block_1_4' title="bbox 525 553 1550 635">
    <p class='ocr_par' dir='ltr' id='par_1_4' title="bbox 525 553 1550 635">
     <span class='ocr_line' id='line_1_4' title="bbox 525 553 1550 635; baseline -0.022 -14"><span class='ocrx_word' id='word_1_18' title='bbox 525 569 592 623; x_wconf 91' lang='lat' dir='ltr'><strong>iis</strong></span> <span class='ocrx_word' id='word_1_19' title='bbox 615 580 734 635; x_wconf 72' lang='lat' dir='ltr'><strong>qua:</strong></span> <span class='ocrx_word' id='word_1_20' title='bbox 762 570 890 618; x_wconf 89' lang='lat' dir='ltr'><strong>sunt</strong></span> <span class='ocrx_word' id='word_1_21' title='bbox 917 559 1062 614; x_wconf 87' lang='lat' dir='ltr'><strong>dicta</strong></span> <span class='ocrx_word' id='word_1_22' title='bbox 1090 553 1296 624; x_wconf 81' lang='lat' dir='ltr'><strong>liquido</strong></span> <span class='ocrx_word' id='word_1_23' title='bbox 1319 553 1550 605; x_wconf 91' lang='lat' dir='ltr'><strong>constat.</strong></span> 
     </span>
    </p>
   </div>
   <div class='ocr_carea' id='block_1_5' title="bbox 595 688 2077 790">
    <p class='ocr_par' dir='ltr' id='par_1_5' title="bbox 595 688 2077 790">
     <span class='ocr_line' id='line_1_5' title="bbox 595 688 2077 790; baseline -0.022 -16"><span class='ocrx_word' id='word_1_24' title='bbox 595 720 681 774; x_wconf 89' lang='lat' dir='ltr'><strong>lll.</strong></span> <span class='ocrx_word' id='word_1_25' title='bbox 714 716 978 784; x_wconf 87' lang='lat' dir='ltr'><strong>Deinceps</strong></span> <span class='ocrx_word' id='word_1_26' title='bbox 1007 711 1190 781; x_wconf 80' lang='lat' dir='ltr'><strong>igitur,</strong></span> <span class='ocrx_word' id='word_1_27' title='bbox 1223 715 1290 790; x_wconf 58' lang='lat' dir='ltr'><strong>ut.</strong></span> <span class='ocrx_word' id='word_1_28' title='bbox 1301 706 1404 759; x_wconf 91' lang='lat' dir='ltr'><strong>hoc</strong></span> <span class='ocrx_word' id='word_1_29' title='bbox 1434 712 1734 759; x_wconf 86' lang='lat' dir='ltr'><strong>sumamus,</strong></span> <span class='ocrx_word' id='word_1_30' title='bbox 1756 703 1972 749; x_wconf 89' lang='lat' dir='ltr'><strong>coortus</strong></span> <span class='ocrx_word' id='word_1_31' title='bbox 2010 688 2077 743; x_wconf 90' lang='lat' dir='ltr'><strong>ab</strong></span> 
     </span>
    </p>
   </div>
   <div class='ocr_carea' id='block_1_6' title="bbox 529 781 2078 872">
    <p class='ocr_par' dir='ltr' id='par_1_6' title="bbox 529 781 2078 872">
     <span class='ocr_line' id='line_1_6' title="bbox 529 781 2078 872; baseline -0.02 -7"><span class='ocrx_word' id='word_1_32' title='bbox 529 811 622 865; x_wconf 91' lang='lat' dir='ltr'><strong>illo</strong></span> <span class='ocrx_word' id='word_1_33' title='bbox 669 819 929 868; x_wconf 82' lang='lat' dir='ltr'><strong>smerum,</strong></span> <span class='ocrx_word' id='word_1_34' title='bbox 971 781 1356 872; x_wconf 75' lang='lat' dir='ltr'><strong>oppositasque</strong></span> <span class='ocrx_word' id='word_1_35' title='bbox 1403 794 1697 848; x_wconf 89' lang='lat' dir='ltr'><strong>descensus</strong></span> <span class='ocrx_word' id='word_1_36' title='bbox 1746 787 1813 840; x_wconf 91' lang='lat' dir='ltr'><strong>ad</strong></span> <span class='ocrx_word' id='word_1_37' title='bbox 1871 781 2078 838; x_wconf 82' lang='lat' dir='ltr'><strong>zodiaci</strong></span> 
     </span>
    </p>
   </div>
   <div class='ocr_carea' id='block_1_7' title="bbox 531 877 2080 967">
    <p class='ocr_par' dir='ltr' id='par_1_7' title="bbox 531 877 2080 967">
     <span class='ocr_line' id='line_1_7' title="bbox 531 877 2080 967; baseline -0.019 -11"><span class='ocrx_word' id='word_1_38' title='bbox 531 900 721 956; x_wconf 83' lang='lat' dir='ltr'><strong>circuli</strong></span> <span class='ocrx_word' id='word_1_39' title='bbox 768 904 1062 967; x_wconf 83' lang='lat' dir='ltr'><strong>segmenta,</strong></span> <span class='ocrx_word' id='word_1_40' title='bbox 1095 906 1205 945; x_wconf 93' lang='lat' dir='ltr'><strong>non</strong></span> <span class='ocrx_word' id='word_1_41' title='bbox 1248 887 1315 941; x_wconf 87' lang='lat' dir='ltr'><strong>ad</strong></span> <span class='ocrx_word' id='word_1_42' title='bbox 1368 884 1608 940; x_wconf 88' lang='lat' dir='ltr'><strong>stellatas</strong></span> <span class='ocrx_word' id='word_1_43' title='bbox 1659 877 1918 948; x_wconf 78' lang='lat' dir='ltr'><strong>imagines</strong></span> <span class='ocrx_word' id='word_1_44' title='bbox 1960 888 2080 928; x_wconf 90' lang='lat' dir='ltr'><strong>esse</strong></span> 
     </span>
    </p>
   </div>
   <div class='ocr_carea' id='block_1_8' title="bbox 529 973 2082 1064">
    <p class='ocr_par' dir='ltr' id='par_1_8' title="bbox 529 973 2082 1064">
     <span class='ocr_line' id='line_1_8' title="bbox 529 973 2082 1064; baseline -0.022 -13"><span class='ocrx_word' id='word_1_45' title='bbox 529 995 864 1064; x_wconf 87' lang='lat' dir='ltr'><strong>descriptos;</strong></span> <span class='ocrx_word' id='word_1_46' title='bbox 897 987 1174 1042; x_wconf 82' lang='lat' dir='ltr'><strong>videamus</strong></span> <span class='ocrx_word' id='word_1_47' title='bbox 1205 978 1460 1050; x_wconf 83' lang='lat' dir='ltr'><strong>quidnam</strong></span> <span class='ocrx_word' id='word_1_48' title='bbox 1490 975 1545 1029; x_wconf 92' lang='lat' dir='ltr'><strong>in</strong></span> <span class='ocrx_word' id='word_1_49' title='bbox 1573 974 1693 1028; x_wconf 90' lang='lat' dir='ltr'><strong>istis</strong></span> <span class='ocrx_word' id='word_1_50' title='bbox 1718 973 2082 1025; x_wconf 68' lang='lat' dir='ltr'><strong>consentanea:</strong></span> 
     </span>
    </p>
   </div>
   <div class='ocr_carea' id='block_1_9' title="bbox 532 1057 2082 1157">
    <p class='ocr_par' dir='ltr' id='par_1_9' title="bbox 532 1057 2082 1157">
     <span class='ocr_line' id='line_1_9' title="bbox 532 1057 2082 1157; baseline -0.022 -14"><span class='ocrx_word' id='word_1_51' title='bbox 532 1090 599 1143; x_wconf 90' lang='lat' dir='ltr'><strong>iis</strong></span> <span class='ocrx_word' id='word_1_52' title='bbox 649 1102 768 1157; x_wconf 67' lang='lat' dir='ltr'><strong>qua:</strong></span> <span class='ocrx_word' id='word_1_53' title='bbox 807 1083 1070 1150; x_wconf 45' lang='lat' dir='ltr'><strong>videntur‘</strong></span> <span class='ocrx_word' id='word_1_54' title='bbox 1113 1077 1165 1130; x_wconf 92' lang='lat' dir='ltr'><strong>in</strong></span> <span class='ocrx_word' id='word_1_55' title='bbox 1215 1071 1440 1134; x_wconf 88' lang='lat' dir='ltr'><strong>mundo,</strong></span> <span class='ocrx_word' id='word_1_56' title='bbox 1480 1067 1564 1122; x_wconf 90' lang='lat' dir='ltr'><strong>vel</strong></span> <span class='ocrx_word' id='word_1_57' title='bbox 1614 1065 1958 1119; x_wconf 84' lang='lat' dir='ltr'><strong>dissentanee</strong></span> <span class='ocrx_word' id='word_1_58' title='bbox 2012 1057 2082 1111; x_wconf 90' lang='lat' dir='ltr'><strong>sit</strong></span> 
     </span>
    </p>
   </div>
   <div class='ocr_carea' id='block_1_10' title="bbox 529 1151 2080 1238">
    <p class='ocr_par' dir='ltr' id='par_1_10' title="bbox 529 1151 2080 1238">
     <span class='ocr_line' id='line_1_10' title="bbox 529 1151 2080 1238; baseline -0.021 -8"><span class='ocrx_word' id='word_1_59' title='bbox 529 1151 756 1233; x_wconf 79' lang='lat' dir='ltr'><strong>dictum.</strong></span> <span class='ocrx_word' id='word_1_60' title='bbox 804 1172 863 1227; x_wconf 91' lang='lat' dir='ltr'><strong>ln</strong></span> <span class='ocrx_word' id='word_1_61' title='bbox 914 1184 1021 1238; x_wconf 90' lang='lat' dir='ltr'><strong>quo</strong></span> <span class='ocrx_word' id='word_1_62' title='bbox 1069 1167 1302 1238; x_wconf 87' lang='lat' dir='ltr'><strong>primum</strong></span> <span class='ocrx_word' id='word_1_63' title='bbox 1349 1159 1483 1214; x_wconf 90' lang='lat' dir='ltr'><strong>illud</strong></span> <span class='ocrx_word' id='word_1_64' title='bbox 1531 1151 1936 1224; x_wconf 82' lang='lat' dir='ltr'><strong>intelligendum</strong></span> <span class='ocrx_word' id='word_1_65' title='bbox 1977 1153 2080 1208; x_wconf 88' lang='lat' dir='ltr'><strong>est,</strong></span> 
     </span>
    </p>
   </div>
   <div class='ocr_carea' id='block_1_11' title="bbox 531 1238 2085 1329">
    <p class='ocr_par' dir='ltr' id='par_1_11' title="bbox 531 1238 2085 1329">
     <span class='ocr_line' id='line_1_11' title="bbox 531 1238 2085 1329; baseline -0.023 -6"><span class='ocrx_word' id='word_1_66' title='bbox 531 1266 737 1322; x_wconf 86' lang='lat' dir='ltr'><strong>zodiaci</strong></span> <span class='ocrx_word' id='word_1_67' title='bbox 768 1261 956 1317; x_wconf 86' lang='lat' dir='ltr'><strong>circuli</strong></span> <span class='ocrx_word' id='word_1_68' title='bbox 991 1256 1333 1329; x_wconf 85' lang='lat' dir='ltr'><strong>partitionem</strong></span> <span class='ocrx_word' id='word_1_69' title='bbox 1362 1251 1428 1304; x_wconf 91' lang='lat' dir='ltr'><strong>ab</strong></span> <span class='ocrx_word' id='word_1_70' title='bbox 1454 1251 1616 1301; x_wconf 77' lang='lat' dir='ltr'><strong>Arato</strong></span> <span class='ocrx_word' id='word_1_71' title='bbox 1646 1245 1726 1300; x_wconf 88' lang='lat' dir='ltr'><strong>sic</strong></span> <span class='ocrx_word' id='word_1_72' title='bbox 1759 1238 1991 1303; x_wconf 85' lang='lat' dir='ltr'><strong>institui,</strong></span> <span class='ocrx_word' id='word_1_73' title='bbox 2027 1242 2085 1289; x_wconf 89' lang='lat' dir='ltr'><strong>ut</strong></span> 
     </span>
    </p>
   </div>
   <div class='ocr_carea' id='block_1_12' title="bbox 523 1333 2086 1428">
    <p class='ocr_par' dir='ltr' id='par_1_12' title="bbox 523 1333 2086 1428">
     <span class='ocr_line' id='line_1_12' title="bbox 523 1333 2086 1428; baseline -0.022 -12"><span class='ocrx_word' id='word_1_74' title='bbox 523 1377 564 1415; x_wconf 76' lang='lat' dir='ltr'><strong>‘a</strong></span> <span class='ocrx_word' id='word_1_75' title='bbox 605 1358 828 1428; x_wconf 85' lang='lat' dir='ltr'><strong>tropicis</strong></span> <span class='ocrx_word' id='word_1_76' title='bbox 873 1362 927 1409; x_wconf 90' lang='lat' dir='ltr'><strong>et</strong></span> <span class='ocrx_word' id='word_1_77' title='bbox 965 1345 1432 1421; x_wconf 60' lang='lat' dir='ltr'><strong>aequinoctialibus</strong></span> <span class='ocrx_word' id='word_1_78' title='bbox 1469 1339 1686 1410; x_wconf 86' lang='lat' dir='ltr'><strong>punctis</strong></span> <span class='ocrx_word' id='word_1_79' title='bbox 1724 1333 1967 1400; x_wconf 84' lang='lat' dir='ltr'><strong>incipiat,</strong></span> <span class='ocrx_word' id='word_1_80' title='bbox 1995 1344 2086 1385; x_wconf 88' lang='lat' dir='ltr'><strong>ea-</strong></span> 
     </span>
    </p>
   </div>
   <div class='ocr_carea' id='block_1_13' title="bbox 531 1422 2087 1523">
    <p class='ocr_par' dir='ltr' id='par_1_13' title="bbox 531 1422 2087 1523">
     <span class='ocr_line' id='line_1_13' title="bbox 531 1422 2087 1523; baseline -0.022 -15"><span class='ocrx_word' id='word_1_81' title='bbox 531 1468 638 1523; x_wconf 85' lang='lat' dir='ltr'><strong>que</strong></span> <span class='ocrx_word' id='word_1_82' title='bbox 669 1451 778 1506; x_wconf 85' lang='lat' dir='ltr'><strong>sint</strong></span> <span class='ocrx_word' id='word_1_83' title='bbox 809 1447 962 1502; x_wconf 91' lang='lat' dir='ltr'><strong>initia</strong></span> <span class='ocrx_word' id='word_1_84' title='bbox 995 1444 1296 1513; x_wconf 79' lang='lat' dir='ltr'><strong>signorum.</strong></span> <span class='ocrx_word' id='word_1_85' title='bbox 1335 1434 1592 1489; x_wconf 80' lang='lat' dir='ltr'><strong>Eudoxus</strong></span> <span class='ocrx_word' id='word_1_86' title='bbox 1633 1437 1812 1484; x_wconf 89' lang='lat' dir='ltr'><strong>autem</strong></span> <span class='ocrx_word' id='word_1_87' title='bbox 1845 1427 1918 1479; x_wconf 88' lang='lat' dir='ltr'><strong>ita</strong></span> <span class='ocrx_word' id='word_1_88' title='bbox 1947 1422 2087 1476; x_wconf 89' lang='lat' dir='ltr'><strong>divi-</strong></span> 
     </span>
    </p>
   </div>
   <div class='ocr_carea' id='block_1_14' title="bbox 532 1513 2089 1608">
    <p class='ocr_par' dir='ltr' id='par_1_14' title="bbox 532 1513 2089 1608">
     <span class='ocr_line' id='line_1_14' title="bbox 532 1513 2089 1608; baseline -0.021 -9"><span class='ocrx_word' id='word_1_89' title='bbox 532 1513 632 1608; x_wconf 83' lang='lat' dir='ltr'><strong>dit,</strong></span> <span class='ocrx_word' id='word_1_90' title='bbox 659 1551 718 1595; x_wconf 92' lang='lat' dir='ltr'><strong>ut</strong></span> <span class='ocrx_word' id='word_1_91' title='bbox 749 1540 840 1593; x_wconf 87' lang='lat' dir='ltr'><strong>illa</strong></span> <span class='ocrx_word' id='word_1_92' title='bbox 869 1543 1070 1608; x_wconf 88' lang='lat' dir='ltr'><strong>puncta</strong></span> <span class='ocrx_word' id='word_1_93' title='bbox 1095 1531 1270 1586; x_wconf 89' lang='lat' dir='ltr'><strong>media</strong></span> <span class='ocrx_word' id='word_1_94' title='bbox 1303 1527 1432 1590; x_wconf 91' lang='lat' dir='ltr'><strong>sint,</strong></span> <span class='ocrx_word' id='word_1_95' title='bbox 1465 1525 1555 1579; x_wconf 89' lang='lat' dir='ltr'><strong>illa</strong></span> <span class='ocrx_word' id='word_1_96' title='bbox 1587 1520 1784 1576; x_wconf 78' lang='lat' dir='ltr'><strong>Cancri</strong></span> <span class='ocrx_word' id='word_1_97' title='bbox 1819 1527 1872 1572; x_wconf 84' lang='lat' dir='ltr'><strong>et</strong></span> <span class='ocrx_word' id='word_1_98' title='bbox 1899 1513 2089 1584; x_wconf 85' lang='lat' dir='ltr'><strong>Capri-</strong></span> 
     </span>
    </p>
   </div>
   <div class='ocr_carea' id='block_1_15' title="bbox 535 1610 2087 1700">
    <p class='ocr_par' dir='ltr' id='par_1_15' title="bbox 535 1610 2087 1700">
     <span class='ocr_line' id='line_1_15' title="bbox 535 1610 2087 1700; baseline -0.022 -9"><span class='ocrx_word' id='word_1_99' title='bbox 535 1635 710 1700; x_wconf 89' lang='lat' dir='ltr'><strong>corni,</strong></span> <span class='ocrx_word' id='word_1_100' title='bbox 743 1633 859 1686; x_wconf 69' lang='lat' dir='ltr'><strong>haec</strong></span> <span class='ocrx_word' id='word_1_101' title='bbox 904 1626 1104 1682; x_wconf 81' lang='lat' dir='ltr'><strong>Arietis</strong></span> <span class='ocrx_word' id='word_1_102' title='bbox 1150 1631 1203 1678; x_wconf 89' lang='lat' dir='ltr'><strong>et</strong></span> <span class='ocrx_word' id='word_1_103' title='bbox 1235 1619 1543 1675; x_wconf 88' lang='lat' dir='ltr'><strong>Chelarum.</strong></span> <span class='ocrx_word' id='word_1_104' title='bbox 1573 1612 1727 1680; x_wconf 88' lang='lat' dir='ltr'><strong>Quod</strong></span> <span class='ocrx_word' id='word_1_105' title='bbox 1762 1610 1828 1664; x_wconf 91' lang='lat' dir='ltr'><strong>ad</strong></span> <span class='ocrx_word' id='word_1_106' title='bbox 1863 1610 2087 1662; x_wconf 85' lang='lat' dir='ltr'><strong>Aratum</strong></span> 
     </span>
    </p>
   </div>
   <div class='ocr_carea' id='block_1_16' title="bbox 1490 222 2714 298">
    <p class='ocr_par' dir='ltr' id='par_1_16' title="bbox 1490 222 2714 298">
     <span class='ocr_line' id='line_1_16' title="bbox 1490 222 2714 298; baseline -0.019 0"><span class='ocrx_word' id='word_1_107' title='bbox 1490 243 1576 298; x_wconf 81' lang='lat' dir='ltr'><strong>AD</strong></span> <span class='ocrx_word' id='word_1_108' title='bbox 1616 234 1879 294; x_wconf 78' lang='lat' dir='ltr'><strong>EUSEBII</strong></span> <span class='ocrx_word' id='word_1_109' title='bbox 1914 224 2306 287; x_wconf 76' lang='lat' dir='ltr'><strong>CHRONICON</strong></span> <span class='ocrx_word' id='word_1_110' title='bbox 2354 222 2714 280; x_wconf 76' lang='lat' dir='ltr'><strong>APPENDIX.</strong></span> 
     </span>
    </p>
   </div>
   <div class='ocr_carea' id='block_1_17' title="bbox 2101 325 3717 416">
    <p class='ocr_par' dir='ltr' id='par_1_17' title="bbox 2101 325 3717 416">
     <span class='ocr_line' id='line_1_17' title="bbox 2101 325 3717 416; baseline -0.014 -16"><span class='ocrx_word' id='word_1_111' title='bbox 2101 352 2148 406; x_wconf 74' lang='grc' dir='ltr'><strong>Α</strong></span> <span class='ocrx_word' id='word_1_112' title='bbox 2177 346 2368 416; x_wconf 83' lang='grc' dir='ltr'>ρισμὸν</span> <span class='ocrx_word' id='word_1_113' title='bbox 2388 344 2495 397; x_wconf 86' lang='grc' dir='ltr'><strong>τῶν</strong></span> <span class='ocrx_word' id='word_1_114' title='bbox 2529 343 2594 413; x_wconf 83' lang='grc' dir='ltr'><strong>ιβ’</strong></span> <span class='ocrx_word' id='word_1_115' title='bbox 2629 340 2831 406; x_wconf 83' lang='grc' dir='ltr'>ζωδίων</span> <span class='ocrx_word' id='word_1_116' title='bbox 2870 336 2960 390; x_wconf 83' lang='grc' dir='ltr'>τὸν</span> <span class='ocrx_word' id='word_1_117' title='bbox 3006 329 3357 401; x_wconf 79' lang='grc' dir='ltr'>συλλογισμὸν</span> <span class='ocrx_word' id='word_1_118' title='bbox 3387 325 3717 397; x_wconf 70' lang='grc' dir='ltr'>ποιούμενος.</span> 
     </span>
    </p>
   </div>
   <div class='ocr_carea' id='block_1_18' title="bbox 3588 206 3715 262">
    <p class='ocr_par' dir='ltr' id='par_1_18' title="bbox 3588 206 3715 262">
     <span class='ocr_line' id='line_1_18' title="bbox 3588 206 3715 262; baseline 0.031 -3"><span class='ocrx_word' id='word_1_119' title='bbox 3588 206 3715 262; x_wconf 75' lang='lat' dir='ltr'><strong>i068</strong></span> 
     </span>
    </p>
   </div>
   <div class='ocr_carea' id='block_1_19' title="bbox 2178 415 3723 504">
    <p class='ocr_par' dir='ltr' id='par_1_19' title="bbox 2178 415 3723 504">
     <span class='ocr_line' id='line_1_19' title="bbox 2178 415 3723 504; baseline -0.014 -15"><span class='ocrx_word' id='word_1_120' title='bbox 2178 435 2298 488; x_wconf 87' lang='grc' dir='ltr'>Ὅτι</span> <span class='ocrx_word' id='word_1_121' title='bbox 2335 435 2431 504; x_wconf 85' lang='grc' dir='ltr'>μὲν</span> <span class='ocrx_word' id='word_1_122' title='bbox 2461 427 2554 486; x_wconf 79' lang='grc' dir='ltr'><strong>οὖν</strong></span> <span class='ocrx_word' id='word_1_123' title='bbox 2600 430 2853 484; x_wconf 85' lang='grc' dir='ltr'>ἀδύνατον</span> <span class='ocrx_word' id='word_1_124' title='bbox 2885 423 3156 497; x_wconf 75' lang='grc' dir='ltr'>ἀκριϐῶς,</span> <span class='ocrx_word' id='word_1_125' title='bbox 3240 421 3314 484; x_wconf 85' lang='grc' dir='ltr'><strong>ὡς</strong></span> <span class='ocrx_word' id='word_1_126' title='bbox 3351 418 3597 488; x_wconf 68' lang='grc' dir='ltr'>ἔγγιστα,</span> <span class='ocrx_word' id='word_1_127' title='bbox 3633 416 3723 487; x_wconf 72' lang='grc' dir='ltr'>τὴν</span> 
     </span>
    </p>
   </div>
   <div class='ocr_carea' id='block_1_20' title="bbox 2176 509 3725 596">
    <p class='ocr_par' dir='ltr' id='par_1_20' title="bbox 2176 509 3725 596">
     <span class='ocr_line' id='line_1_20' title="bbox 2176 509 3725 596; baseline -0.013 -17"><span class='ocrx_word' id='word_1_128' title='bbox 2176 527 2273 596; x_wconf 85' lang='grc' dir='ltr'>τῆς</span> <span class='ocrx_word' id='word_1_129' title='bbox 2306 525 2497 587; x_wconf 85' lang='grc' dir='ltr'>νυκτὸς</span> <span class='ocrx_word' id='word_1_130' title='bbox 2531 523 2680 594; x_wconf 89' lang='grc' dir='ltr'>ῶραν</span> <span class='ocrx_word' id='word_1_131' title='bbox 2711 519 3003 588; x_wconf 75' lang='grc' dir='ltr'>ἐπιγνῶναι</span> <span class='ocrx_word' id='word_1_132' title='bbox 3030 518 3109 579; x_wconf 85' lang='grc' dir='ltr'><strong>είς</strong></span> <span class='ocrx_word' id='word_1_133' title='bbox 3146 515 3204 568; x_wconf 85' lang='grc' dir='ltr'>τὸ</span> <span class='ocrx_word' id='word_1_134' title='bbox 3240 513 3375 584; x_wconf 78' lang='grc' dir='ltr'>πρὸς</span> <span class='ocrx_word' id='word_1_135' title='bbox 3403 515 3471 582; x_wconf 85' lang='grc' dir='ltr'><strong>τῇ</strong></span> <span class='ocrx_word' id='word_1_136' title='bbox 3502 509 3725 580; x_wconf 78' lang='grc' dir='ltr'>ἀνατολῇ</span> 
     </span>
    </p>
   </div>
   <div class='ocr_carea' id='block_1_21' title="bbox 2178 599 3724 683">
    <p class='ocr_par' dir='ltr' id='par_1_21' title="bbox 2178 599 3724 683">
     <span class='ocr_line' id='line_1_21' title="bbox 2178 599 3724 683; baseline -0.014 -12"><span class='ocrx_word' id='word_1_137' title='bbox 2178 616 2362 681; x_wconf 86' lang='grc' dir='ltr'>ζὼδιον</span> <span class='ocrx_word' id='word_1_138' title='bbox 2385 615 2802 683; x_wconf 66' lang='grc' dir='ltr'>ἀναϐλέψαντας,</span> <span class='ocrx_word' id='word_1_139' title='bbox 2823 613 2885 664; x_wconf 82' lang='grc' dir='ltr'><strong>ὲκ</strong></span> <span class='ocrx_word' id='word_1_140' title='bbox 2901 609 3008 661; x_wconf 90' lang='grc' dir='ltr'><strong>τῶν</strong></span> <span class='ocrx_word' id='word_1_141' title='bbox 3025 605 3322 678; x_wconf 80' lang='grc' dir='ltr'><strong>εἰρημένων</strong></span> <span class='ocrx_word' id='word_1_142' title='bbox 3346 603 3460 655; x_wconf 53' lang='grc' dir='ltr'><strong>ἐστὶ⁵</strong></span> <span class='ocrx_word' id='word_1_143' title='bbox 3482 599 3724 670; x_wconf 80' lang='grc' dir='ltr'>φανερόν.</span> 
     </span>
    </p>
   </div>
   <div class='ocr_carea' id='block_1_22' title="bbox 2247 690 3727 778">
    <p class='ocr_par' dir='ltr' id='par_1_22' title="bbox 2247 690 3727 778">
     <span class='ocr_line' id='line_1_22' title="bbox 2247 690 3727 778; baseline -0.014 -17"><span class='ocrx_word' id='word_1_144' title='bbox 2247 710 2318 763; x_wconf 82' lang='grc' dir='ltr'><strong>Γ’.</strong></span> <span class='ocrx_word' id='word_1_145' title='bbox 2381 707 2678 778; x_wconf 83' lang='grc' dir='ltr'>Ἐχομένως</span> <span class='ocrx_word' id='word_1_146' title='bbox 2719 704 2775 756; x_wconf 80' lang='grc' dir='ltr'>δὲ</span> <span class='ocrx_word' id='word_1_147' title='bbox 2827 701 3146 770; x_wconf 78' lang='grc' dir='ltr'><strong>ὑποθέμενοι</strong></span> <span class='ocrx_word' id='word_1_148' title='bbox 3201 696 3298 759; x_wconf 77' lang='grc' dir='ltr'><strong>τὰς</strong></span> <span class='ocrx_word' id='word_1_149' title='bbox 3369 690 3727 752; x_wconf 76' lang='grc' dir='ltr'>συνανατολάς</span> 
     </span>
    </p>
   </div>
   <div class='ocr_carea' id='block_1_23' title="bbox 2179 781 3730 870">
    <p class='ocr_par' dir='ltr' id='par_1_23' title="bbox 2179 781 3730 870">
     <span class='ocr_line' id='line_1_23' title="bbox 2179 781 3730 870; baseline -0.014 -16"><span class='ocrx_word' id='word_1_150' title='bbox 2179 799 2326 870; x_wconf 86' lang='grc' dir='ltr'><strong>αύτῷ</strong></span> <span class='ocrx_word' id='word_1_151' title='bbox 2359 799 2452 852; x_wconf 74' lang='grc' dir='ltr'>καὶ</span> <span class='ocrx_word' id='word_1_152' title='bbox 2485 797 2584 860; x_wconf 80' lang='grc' dir='ltr'>τὰς</span> <span class='ocrx_word' id='word_1_153' title='bbox 2630 792 3070 853; x_wconf 86' lang='grc' dir='ltr'>ἁντικαταδύσεις</span> <span class='ocrx_word' id='word_1_154' title='bbox 3106 789 3212 842; x_wconf 92' lang='grc' dir='ltr'><strong>τῶν</strong></span> <span class='ocrx_word' id='word_1_155' title='bbox 3259 787 3472 858; x_wconf 84' lang='grc' dir='ltr'>ἀστρων</span> <span class='ocrx_word' id='word_1_156' title='bbox 3507 783 3642 854; x_wconf 69' lang='grc' dir='ltr'>πρὸς</span> <span class='ocrx_word' id='word_1_157' title='bbox 3667 781 3730 834; x_wconf 76' lang='grc' dir='ltr'>τὰ</span> 
     </span>
    </p>
   </div>
   <div class='ocr_carea' id='block_1_24' title="bbox 2179 881 3733 962">
    <p class='ocr_par' dir='ltr' id='par_1_24' title="bbox 2179 881 3733 962">
     <span class='ocr_line' id='line_1_24' title="bbox 2179 881 3733 962; baseline -0.014 -16"><span class='ocrx_word' id='word_1_158' title='bbox 2179 892 2613 962; x_wconf 85' lang='grc' dir='ltr'>δωδεκατημόρια</span> <span class='ocrx_word' id='word_1_159' title='bbox 2669 888 2761 940; x_wconf 81' lang='grc' dir='ltr'>τοῦ</span> <span class='ocrx_word' id='word_1_160' title='bbox 2824 882 3081 950; x_wconf 88' lang='grc' dir='ltr'>ζωδιακοῦ</span> <span class='ocrx_word' id='word_1_161' title='bbox 3152 881 3347 934; x_wconf 78' lang='grc' dir='ltr'>κύκλου</span> <span class='ocrx_word' id='word_1_162' title='bbox 3388 891 3733 948; x_wconf 77' lang='grc' dir='ltr'>πεπραγμα-</span> 
     </span>
    </p>
   </div>
   <div class='ocr_carea' id='block_1_25' title="bbox 2181 966 3733 1052">
    <p class='ocr_par' dir='ltr' id='par_1_25' title="bbox 2181 966 3733 1052">
     <span class='ocr_line' id='line_1_25' title="bbox 2181 966 3733 1052; baseline -0.013 -14"><span class='ocrx_word' id='word_1_163' title='bbox 2181 983 2424 1046; x_wconf 76' lang='grc' dir='ltr'>τεῦσθαι,</span> <span class='ocrx_word' id='word_1_164' title='bbox 2452 983 2544 1036; x_wconf 69' lang='grc' dir='ltr'><strong>καὶ</strong></span> <span class='ocrx_word' id='word_1_165' title='bbox 2568 982 2640 1052; x_wconf 80' lang='grc' dir='ltr'>μὴ</span> <span class='ocrx_word' id='word_1_166' title='bbox 2667 979 2801 1052; x_wconf 79' lang='grc' dir='ltr'>πρὸς</span> <span class='ocrx_word' id='word_1_167' title='bbox 2825 977 2890 1031; x_wconf 74' lang='grc' dir='ltr'><strong>τὰ</strong></span> <span class='ocrx_word' id='word_1_168' title='bbox 2911 973 3294 1046; x_wconf 74' lang='grc' dir='ltr'>ἡστερισμένα,</span> <span class='ocrx_word' id='word_1_169' title='bbox 3312 966 3733 1038; x_wconf 64' lang='grc' dir='ltr'><strong>ἐπισκεψώμεθα</strong></span> 
     </span>
    </p>
   </div>
   <div class='ocr_carea' id='block_1_26' title="bbox 2185 1060 3734 1140">
    <p class='ocr_par' dir='ltr' id='par_1_26' title="bbox 2185 1060 3734 1140">
     <span class='ocr_line' id='line_1_26' title="bbox 2185 1060 3734 1140; baseline -0.013 -12"><span class='ocrx_word' id='word_1_170' title='bbox 2185 1076 2280 1128; x_wconf 72' lang='grc' dir='ltr'>καὶ</span> <span class='ocrx_word' id='word_1_171' title='bbox 2308 1075 2370 1127; x_wconf 83' lang='grc' dir='ltr'>τὸ</span> <span class='ocrx_word' id='word_1_172' title='bbox 2404 1075 2459 1126; x_wconf 77' lang='grc' dir='ltr'>ὲν</span> <span class='ocrx_word' id='word_1_173' title='bbox 2490 1073 2676 1131; x_wconf 75' lang='grc' dir='ltr'>αὑταῖς</span> <span class='ocrx_word' id='word_1_174' title='bbox 2716 1067 3017 1140; x_wconf 80' lang='grc' dir='ltr'><strong>συμφώνως</strong></span> <span class='ocrx_word' id='word_1_175' title='bbox 3051 1065 3083 1136; x_wconf 83' lang='grc' dir='ltr'>ἢ</span> <span class='ocrx_word' id='word_1_176' title='bbox 3130 1061 3410 1132; x_wconf 74' lang='grc' dir='ltr'><strong>διαφώνως</strong></span> <span class='ocrx_word' id='word_1_177' title='bbox 3447 1060 3734 1129; x_wconf 81' lang='grc' dir='ltr'>λεγόμενον</span> 
     </span>
    </p>
   </div>
   <div class='ocr_carea' id='block_1_27' title="bbox 2186 1145 3736 1236">
    <p class='ocr_par' dir='ltr' id='par_1_27' title="bbox 2186 1145 3736 1236">
     <span class='ocr_line' id='line_1_27' title="bbox 2186 1145 3736 1236; baseline -0.014 -17"><span class='ocrx_word' id='word_1_178' title='bbox 2186 1165 2320 1236; x_wconf 82' lang='grc' dir='ltr'>πρὸς</span> <span class='ocrx_word' id='word_1_179' title='bbox 2348 1163 2414 1217; x_wconf 89' lang='grc' dir='ltr'><strong>τά</strong></span> <span class='ocrx_word' id='word_1_180' title='bbox 2453 1166 2508 1216; x_wconf 83' lang='grc' dir='ltr'>ὲν</span> <span class='ocrx_word' id='word_1_181' title='bbox 2547 1161 2624 1232; x_wconf 83' lang='grc' dir='ltr'>τῷ</span> <span class='ocrx_word' id='word_1_182' title='bbox 2667 1160 2854 1229; x_wconf 82' lang='grc' dir='ltr'>κόσμῳ</span> <span class='ocrx_word' id='word_1_183' title='bbox 2893 1155 3210 1224; x_wconf 80' lang='grc' dir='ltr'>φαινόμενα.</span> <span class='ocrx_word' id='word_1_184' title='bbox 3240 1147 3642 1222; x_wconf 72' lang='grc' dir='ltr'>Προδιειληφθω</span> <span class='ocrx_word' id='word_1_185' title='bbox 3680 1145 3736 1197; x_wconf 75' lang='grc' dir='ltr'>δὲ</span> 
     </span>
    </p>
   </div>
   <div class='ocr_carea' id='block_1_28' title="bbox 2187 1239 3737 1329">
    <p class='ocr_par' dir='ltr' id='par_1_28' title="bbox 2187 1239 3737 1329">
     <span class='ocr_line' id='line_1_28' title="bbox 2187 1239 3737 1329; baseline -0.015 -18"><span class='ocrx_word' id='word_1_186' title='bbox 2187 1257 2420 1329; x_wconf 83' lang='grc' dir='ltr'>πρῶτον,</span> <span class='ocrx_word' id='word_1_187' title='bbox 2471 1256 2550 1308; x_wconf 84' lang='grc' dir='ltr'>ὅτι</span> <span class='ocrx_word' id='word_1_188' title='bbox 2597 1253 2693 1324; x_wconf 83' lang='grc' dir='ltr'>τὴν</span> <span class='ocrx_word' id='word_1_189' title='bbox 2723 1252 2980 1322; x_wconf 79' lang='grc' dir='ltr'>διαίρεσιν</span> <span class='ocrx_word' id='word_1_190' title='bbox 3025 1246 3117 1300; x_wconf 78' lang='grc' dir='ltr'>τοῦ</span> <span class='ocrx_word' id='word_1_191' title='bbox 3165 1241 3422 1310; x_wconf 88' lang='grc' dir='ltr'>ζωδιακοῦ</span> <span class='ocrx_word' id='word_1_192' title='bbox 3472 1239 3671 1292; x_wconf 80' lang='grc' dir='ltr'>κύκλου</span> <span class='ocrx_word' id='word_1_193' title='bbox 3709 1240 3737 1290; x_wconf 98' lang='lat'><strong>6</strong></span> 
     </span>
    </p>
   </div>
   <div class='ocr_carea' id='block_1_29' title="bbox 2192 1323 3738 1418">
    <p class='ocr_par' dir='ltr' id='par_1_29' title="bbox 2192 1323 3738 1418">
     <span class='ocr_line' id='line_1_29' title="bbox 2192 1323 3738 1418; baseline -0.014 -18"><span class='ocrx_word' id='word_1_194' title='bbox 2192 1348 2287 1418; x_wconf 78' lang='grc' dir='ltr'>μὲν</span> <span class='ocrx_word' id='word_1_195' title='bbox 2329 1347 2558 1416; x_wconf 69' lang='grc' dir='ltr'>’Ἄρατος</span> <span class='ocrx_word' id='word_1_196' title='bbox 2594 1342 2881 1412; x_wconf 85' lang='grc' dir='ltr'>πεποίηται</span> <span class='ocrx_word' id='word_1_197' title='bbox 2922 1338 3028 1392; x_wconf 78' lang='grc' dir='ltr'>ἀπὸ</span> <span class='ocrx_word' id='word_1_198' title='bbox 3065 1335 3172 1389; x_wconf 88' lang='grc' dir='ltr'><strong>τῶν</strong></span> <span class='ocrx_word' id='word_1_199' title='bbox 3225 1331 3499 1406; x_wconf 81' lang='grc' dir='ltr'>τροπικῶν</span> <span class='ocrx_word' id='word_1_200' title='bbox 3539 1345 3600 1381; x_wconf 92' lang='grc' dir='ltr'><strong>τε</strong></span> <span class='ocrx_word' id='word_1_201' title='bbox 3645 1323 3738 1380; x_wconf 55' lang='grc' dir='ltr'><strong>καὶ⁸</strong></span> 
     </span>
    </p>
   </div>
   <div class='ocr_carea' id='block_1_30' title="bbox 2194 1417 3741 1509">
    <p class='ocr_par' dir='ltr' id='par_1_30' title="bbox 2194 1417 3741 1509">
     <span class='ocr_line' id='line_1_30' title="bbox 2194 1417 3741 1509; baseline -0.015 -17"><span class='ocrx_word' id='word_1_202' title='bbox 2194 1417 2521 1509; x_wconf 85' lang='grc' dir='ltr'>ίσημερινῶν</span> <span class='ocrx_word' id='word_1_203' title='bbox 2578 1433 2816 1505; x_wconf 83' lang='grc' dir='ltr'><strong>σημείων</strong></span> <span class='ocrx_word' id='word_1_204' title='bbox 2873 1429 3203 1501; x_wconf 79' lang='grc' dir='ltr'><strong>ἀρχόμενος·</strong></span> <span class='ocrx_word' id='word_1_205' title='bbox 3251 1425 3390 1477; x_wconf 82' lang='grc' dir='ltr'>ὥστε</span> <span class='ocrx_word' id='word_1_206' title='bbox 3442 1419 3618 1474; x_wconf 78' lang='grc' dir='ltr'>ταῦτα</span> <span class='ocrx_word' id='word_1_207' title='bbox 3673 1417 3741 1470; x_wconf 65' lang='grc' dir='ltr'>τὰ</span> 
     </span>
    </p>
   </div>
   <div class='ocr_carea' id='block_1_31' title="bbox 2193 1507 3743 1598">
    <p class='ocr_par' dir='ltr' id='par_1_31' title="bbox 2193 1507 3743 1598">
     <span class='ocr_line' id='line_1_31' title="bbox 2193 1507 3743 1598; baseline -0.014 -16"><span class='ocrx_word' id='word_1_208' title='bbox 2193 1507 2390 1598; x_wconf 81' lang='grc' dir='ltr'>σημεῖα</span> <span class='ocrx_word' id='word_1_209' title='bbox 2436 1525 2606 1597; x_wconf 81' lang='grc' dir='ltr'>ἀρχὰς</span> <span class='ocrx_word' id='word_1_210' title='bbox 2654 1518 2789 1574; x_wconf 78' lang='grc' dir='ltr'>εἶναι</span> <span class='ocrx_word' id='word_1_211' title='bbox 2844 1519 3076 1584; x_wconf 85' lang='grc' dir='ltr'>ζωδίων·</span> <span class='ocrx_word' id='word_1_212' title='bbox 3133 1518 3160 1569; x_wconf 90' lang='grc' dir='ltr'>ὁ</span> <span class='ocrx_word' id='word_1_213' title='bbox 3209 1515 3265 1568; x_wconf 85' lang='grc' dir='ltr'>δὲ</span> <span class='ocrx_word' id='word_1_214' title='bbox 3318 1507 3545 1575; x_wconf 68' lang='grc' dir='ltr'>Εὔδοξος</span> <span class='ocrx_word' id='word_1_215' title='bbox 3601 1509 3743 1562; x_wconf 71' lang='grc' dir='ltr'>οὕτω</span> 
     </span>
    </p>
   </div>
   <div class='ocr_carea' id='block_1_32' title="bbox 2191 1597 3746 1690">
    <p class='ocr_par' dir='ltr' id='par_1_32' title="bbox 2191 1597 3746 1690">
     <span class='ocr_line' id='line_1_32' title="bbox 2191 1597 3746 1690; baseline -0.014 -18"><span class='ocrx_word' id='word_1_216' title='bbox 2191 1597 2458 1690; x_wconf 59' lang='grc' dir='ltr'>διῄρηται,</span> <span class='ocrx_word' id='word_1_217' title='bbox 2504 1614 2642 1667; x_wconf 88' lang='grc' dir='ltr'>ῶστε</span> <span class='ocrx_word' id='word_1_218' title='bbox 2670 1611 2736 1664; x_wconf 91' lang='grc' dir='ltr'><strong>τά</strong></span> <span class='ocrx_word' id='word_1_219' title='bbox 2778 1609 3038 1680; x_wconf 78' lang='grc' dir='ltr'><strong>εἰρημένα</strong></span> <span class='ocrx_word' id='word_1_220' title='bbox 3071 1608 3266 1677; x_wconf 87' lang='grc' dir='ltr'>σημεῖα</span> <span class='ocrx_word' id='word_1_221' title='bbox 3300 1603 3438 1675; x_wconf 88' lang='grc' dir='ltr'>μέσα</span> <span class='ocrx_word' id='word_1_222' title='bbox 3472 1597 3644 1654; x_wconf 76' lang='grc' dir='ltr'>εἶναι·</span> <span class='ocrx_word' id='word_1_223' title='bbox 3679 1598 3746 1651; x_wconf 65' lang='grc' dir='ltr'><strong>τὰ</strong></span> 
     </span>
    </p>
   </div>
   <div class='ocr_carea' id='block_1_33' title="bbox 536 1681 2099 1799">
    <p class='ocr_par' dir='ltr' id='par_1_33' title="bbox 536 1699 2090 1799">
     <span class='ocr_line' id='line_1_33' title="bbox 536 1699 2090 1799; baseline -0.023 -15"><span class='ocrx_word' id='word_1_224' title='bbox 536 1734 764 1799; x_wconf 82' lang='lat' dir='ltr'><strong>spectat,</strong></span> <span class='ocrx_word' id='word_1_225' title='bbox 784 1721 919 1778; x_wconf 85' lang='lat' dir='ltr'><strong>satis</strong></span> <span class='ocrx_word' id='word_1_226' title='bbox 948 1736 1014 1775; x_wconf 82' lang='lat' dir='ltr'><strong>ex</strong></span> <span class='ocrx_word' id='word_1_227' title='bbox 1039 1718 1107 1771; x_wconf 93' lang='lat' dir='ltr'><strong>iis</strong></span> <span class='ocrx_word' id='word_1_228' title='bbox 1134 1713 1370 1769; x_wconf 85' lang='lat' dir='ltr'><strong>ostendit</strong></span> <span class='ocrx_word' id='word_1_229' title='bbox 1399 1726 1457 1765; x_wconf 90' lang='lat' dir='ltr'><strong>se</strong></span> <span class='ocrx_word' id='word_1_230' title='bbox 1481 1709 1571 1762; x_wconf 91' lang='lat' dir='ltr'><strong>illa</strong></span> <span class='ocrx_word' id='word_1_231' title='bbox 1602 1713 1800 1776; x_wconf 86' lang='lat' dir='ltr'><strong>puncta</strong></span> <span class='ocrx_word' id='word_1_232' title='bbox 1829 1701 1883 1754; x_wconf 91' lang='lat' dir='ltr'><strong>in</strong></span> <span class='ocrx_word' id='word_1_233' title='bbox 1907 1699 2090 1767; x_wconf 77' lang='lat' dir='ltr'><strong>signo-</strong></span> 
     </span>
    </p>
   </div>
   <div class='ocr_carea' id='block_1_34' title="bbox 2198 1681 3744 1799">
    <p class='ocr_par' dir='ltr' id='par_1_34' title="bbox 2198 1681 3744 1779">
     <span class='ocr_line' id='line_1_34' title="bbox 2198 1681 3744 1779; baseline -0.017 -17"><span class='ocrx_word' id='word_1_234' title='bbox 2315 1681 2405 1760; x_wconf 77' lang='grc' dir='ltr'>τοῦ</span> <span class='ocrx_word' id='word_1_235' title='bbox 2429 1702 2702 1775; x_wconf 82' lang='grc' dir='ltr'>Καρκίνου</span> <span class='ocrx_word' id='word_1_236' title='bbox 2728 1701 2820 1753; x_wconf 60' lang='grc' dir='ltr'><strong>καλ¹</strong></span> <span class='ocrx_word' id='word_1_237' title='bbox 2843 1698 2935 1750; x_wconf 78' lang='grc' dir='ltr'>τοῦ</span> <span class='ocrx_word' id='word_1_238' title='bbox 2959 1696 3236 1764; x_wconf 79' lang='grc' dir='ltr'>Αίγόκερω</span> <span class='ocrx_word' id='word_1_239' title='bbox 3256 1709 3270 1722; x_wconf 88' lang='grc'><strong>·</strong></span> <span class='ocrx_word' id='word_1_240' title='bbox 3293 1691 3359 1744; x_wconf 85' lang='grc' dir='ltr'><strong>τά</strong></span> <span class='ocrx_word' id='word_1_241' title='bbox 3377 1690 3432 1742; x_wconf 81' lang='grc' dir='ltr'>δὲ</span> <span class='ocrx_word' id='word_1_242' title='bbox 3459 1686 3551 1740; x_wconf 75' lang='grc' dir='ltr'><strong>τοῦ</strong></span> <span class='ocrx_word' id='word_1_243' title='bbox 3569 1681 3744 1756; x_wconf 79' lang='grc' dir='ltr'><strong>Κριοῦ</strong></span> 
     </span>
    </p>
   </div>
   <div class='ocr_carea' id='block_1_35' title="bbox 486 1792 2092 1877">
    <p class='ocr_par' dir='ltr' id='par_1_35' title="bbox 486 1792 2092 1877">
     <span class='ocr_line' id='line_1_35' title="bbox 486 1792 2092 1877; baseline -0.021 -2"><span class='ocrx_word' id='word_1_244' title='bbox 486 1829 489 1832; x_wconf 84' lang='grc'><em>’</em></span> <span class='ocrx_word' id='word_1_245' title='bbox 533 1834 656 1874; x_wconf 84' lang='lat' dir='ltr'><strong>rum</strong></span> <span class='ocrx_word' id='word_1_246' title='bbox 696 1828 916 1871; x_wconf 90' lang='lat' dir='ltr'><strong>suorum</strong></span> <span class='ocrx_word' id='word_1_247' title='bbox 953 1809 1120 1864; x_wconf 85' lang='lat' dir='ltr'><strong>initiis</strong></span> <span class='ocrx_word' id='word_1_248' title='bbox 1155 1820 1388 1877; x_wconf 85' lang='lat' dir='ltr'><strong>ponere;</strong></span> <span class='ocrx_word' id='word_1_249' title='bbox 1423 1799 1564 1872; x_wconf 89' lang='lat' dir='ltr'><strong>quod</strong></span> <span class='ocrx_word' id='word_1_250' title='bbox 1598 1797 1665 1851; x_wconf 92' lang='lat' dir='ltr'><strong>de</strong></span> <span class='ocrx_word' id='word_1_251' title='bbox 1702 1792 1922 1849; x_wconf 88' lang='lat' dir='ltr'><strong>circulis</strong></span> <span class='ocrx_word' id='word_1_252' title='bbox 1959 1804 2092 1860; x_wconf 86' lang='lat' dir='ltr'><strong>qua-</strong></span> 
     </span>
    </p>
   </div>
   <div class='ocr_carea' id='block_1_36' title="bbox 537 1882 2094 1971">
    <p class='ocr_par' dir='ltr' id='par_1_36' title="bbox 537 1882 2094 1971">
     <span class='ocr_line' id='line_1_36' title="bbox 537 1882 2094 1971; baseline -0.021 -5"><span class='ocrx_word' id='word_1_253' title='bbox 537 1921 660 1968; x_wconf 91' lang='lat' dir='ltr'><strong>tuor</strong></span> <span class='ocrx_word' id='word_1_254' title='bbox 699 1909 999 1968; x_wconf 87' lang='lat' dir='ltr'><strong>disserens,</strong></span> <span class='ocrx_word' id='word_1_255' title='bbox 1041 1899 1264 1971; x_wconf 87' lang='lat' dir='ltr'><strong>tropicis</strong></span> <span class='ocrx_word' id='word_1_256' title='bbox 1301 1894 1550 1951; x_wconf 84' lang='lat' dir='ltr'><strong>videlicet</strong></span> <span class='ocrx_word' id='word_1_257' title='bbox 1586 1887 1819 1949; x_wconf 90' lang='lat' dir='ltr'><strong>duobus,</strong></span> <span class='ocrx_word' id='word_1_258' title='bbox 1850 1882 2094 1953; x_wconf 80' lang='lat' dir='ltr'><strong>:equino-</strong></span> 
     </span>
    </p>
   </div>
   <div class='ocr_carea' id='block_1_37' title="bbox 537 1976 2092 2061">
    <p class='ocr_par' dir='ltr' id='par_1_37' title="bbox 537 1976 2092 2061">
     <span class='ocr_line' id='line_1_37' title="bbox 537 1976 2092 2061; baseline -0.024 0"><span class='ocrx_word' id='word_1_259' title='bbox 537 2005 685 2061; x_wconf 74' lang='lat' dir='ltr'><strong>ctiali</strong></span> <span class='ocrx_word' id='word_1_260' title='bbox 728 2009 782 2056; x_wconf 90' lang='lat' dir='ltr'><strong>et</strong></span> <span class='ocrx_word' id='word_1_261' title='bbox 823 1997 1066 2058; x_wconf 85' lang='lat' dir='ltr'><strong>zodiaco,</strong></span> <span class='ocrx_word' id='word_1_262' title='bbox 1097 2002 1208 2047; x_wconf 90' lang='lat' dir='ltr'><strong>tres</strong></span> <span class='ocrx_word' id='word_1_263' title='bbox 1247 1987 1465 2059; x_wconf 90' lang='lat' dir='ltr'><strong>quidem</strong></span> <span class='ocrx_word' id='word_1_264' title='bbox 1496 1983 1713 2038; x_wconf 89' lang='lat' dir='ltr'><strong>illorum</strong></span> <span class='ocrx_word' id='word_1_265' title='bbox 1751 1976 1884 2032; x_wconf 92' lang='lat' dir='ltr'><strong>oriri</strong></span> <span class='ocrx_word' id='word_1_266' title='bbox 1914 1981 1967 2028; x_wconf 92' lang='lat' dir='ltr'><strong>et</strong></span> <span class='ocrx_word' id='word_1_267' title='bbox 1999 1987 2092 2027; x_wconf 86' lang='lat' dir='ltr'><strong>oc-</strong></span> 
     </span>
    </p>
   </div>
   <div class='ocr_carea' id='block_1_38' title="bbox 537 2066 2088 2164">
    <p class='ocr_par' dir='ltr' id='par_1_38' title="bbox 537 2066 2088 2164">
     <span class='ocr_line' id='line_1_38' title="bbox 537 2066 2088 2164; baseline -0.024 -11"><span class='ocrx_word' id='word_1_268' title='bbox 537 2096 719 2153; x_wconf 88' lang='lat' dir='ltr'><strong>cidere</strong></span> <span class='ocrx_word' id='word_1_269' title='bbox 749 2091 1037 2164; x_wconf 78' lang='lat' dir='ltr'><strong>parallelos</strong></span> <span class='ocrx_word' id='word_1_270' title='bbox 1065 2084 1297 2140; x_wconf 86' lang='lat' dir='ltr'><strong>invicem</strong></span> <span class='ocrx_word' id='word_1_271' title='bbox 1329 2077 1554 2142; x_wconf 87' lang='lat' dir='ltr'><strong>scribit;</strong></span> <span class='ocrx_word' id='word_1_272' title='bbox 1588 2082 1642 2128; x_wconf 87' lang='lat' dir='ltr'><strong>et</strong></span> <span class='ocrx_word' id='word_1_273' title='bbox 1682 2072 1874 2125; x_wconf 89' lang='lat' dir='ltr'><strong>horum</strong></span> <span class='ocrx_word' id='word_1_274' title='bbox 1906 2066 2088 2134; x_wconf 79' lang='lat' dir='ltr'><strong>singu-</strong></span> 
     </span>
    </p>
   </div>
   <div class='ocr_carea' id='block_1_39' title="bbox 537 2153 2096 2246">
    <p class='ocr_par' dir='ltr' id='par_1_39' title="bbox 537 2153 2096 2246">
     <span class='ocr_line' id='line_1_39' title="bbox 537 2153 2096 2246; baseline -0.025 -2"><span class='ocrx_word' id='word_1_275' title='bbox 537 2191 625 2244; x_wconf 90' lang='lat' dir='ltr'><strong>los</strong></span> <span class='ocrx_word' id='word_1_276' title='bbox 663 2188 719 2241; x_wconf 93' lang='lat' dir='ltr'><strong>in</strong></span> <span class='ocrx_word' id='word_1_277' title='bbox 753 2153 874 2238; x_wconf 47' lang='lat' dir='ltr'><strong>&#39;uno</strong></span> <span class='ocrx_word' id='word_1_278' title='bbox 919 2179 1217 2246; x_wconf 89' lang='lat' dir='ltr'><strong>eodemque</strong></span> <span class='ocrx_word' id='word_1_279' title='bbox 1263 2176 1464 2241; x_wconf 92' lang='lat' dir='ltr'><strong>puncto</strong></span> <span class='ocrx_word' id='word_1_280' title='bbox 1511 2162 1644 2218; x_wconf 89' lang='lat' dir='ltr'><strong>oriri</strong></span> <span class='ocrx_word' id='word_1_281' title='bbox 1692 2160 1767 2212; x_wconf 88' lang='lat' dir='ltr'><strong>ait</strong></span> <span class='ocrx_word' id='word_1_282' title='bbox 1814 2163 1908 2210; x_wconf 91' lang='lat' dir='ltr'><strong>aut</strong></span> <span class='ocrx_word' id='word_1_283' title='bbox 1949 2153 2096 2209; x_wconf 83' lang='lat' dir='ltr'><strong>occi-</strong></span> 
     </span>
    </p>
   </div>
   <div class='ocr_carea' id='block_1_40' title="bbox 543 2248 2096 2343">
    <p class='ocr_par' dir='ltr' id='par_1_40' title="bbox 543 2248 2096 2343">
     <span class='ocr_line' id='line_1_40' title="bbox 543 2248 2096 2343; baseline -0.023 -9"><span class='ocrx_word' id='word_1_284' title='bbox 543 2280 706 2343; x_wconf 90' lang='lat' dir='ltr'><strong>dere;</strong></span> <span class='ocrx_word' id='word_1_285' title='bbox 739 2274 1017 2330; x_wconf 72' lang='lat' dir='ltr'><strong>zodiacum</strong></span> <span class='ocrx_word' id='word_1_286' title='bbox 1075 2274 1252 2320; x_wconf 86' lang='lat' dir='ltr'><strong>autem</strong></span> <span class='ocrx_word' id='word_1_287' title='bbox 1311 2264 1366 2316; x_wconf 90' lang='lat' dir='ltr'><strong>in</strong></span> <span class='ocrx_word' id='word_1_288' title='bbox 1422 2263 1574 2311; x_wconf 89' lang='lat' dir='ltr'><strong>tanto</strong></span> <span class='ocrx_word' id='word_1_289' title='bbox 1618 2248 1916 2308; x_wconf 83' lang='lat' dir='ltr'><strong>horizontis</strong></span> <span class='ocrx_word' id='word_1_290' title='bbox 1965 2260 2096 2300; x_wconf 89' lang='lat' dir='ltr'><strong>arcu</strong></span> 
     </span>
    </p>
   </div>
   <div class='ocr_carea' id='block_1_41' title="bbox 545 2338 2098 2430">
    <p class='ocr_par' dir='ltr' id='par_1_41' title="bbox 545 2338 2098 2430">
     <span class='ocr_line' id='line_1_41' title="bbox 545 2338 2098 2430; baseline -0.023 -6"><span class='ocrx_word' id='word_1_291' title='bbox 545 2376 698 2424; x_wconf 89' lang='lat' dir='ltr'><strong>ortus</strong></span> <span class='ocrx_word' id='word_1_292' title='bbox 742 2356 1317 2430; x_wconf 62' lang='lat' dir='ltr'><strong>occasusqneffacere,</strong></span> <span class='ocrx_word' id='word_1_293' title='bbox 1348 2356 1587 2422; x_wconf 86' lang='lat' dir='ltr'><strong>quantus</strong></span> <span class='ocrx_word' id='word_1_294' title='bbox 1635 2344 1702 2399; x_wconf 90' lang='lat' dir='ltr'><strong>ab</strong></span> <span class='ocrx_word' id='word_1_295' title='bbox 1745 2351 1867 2397; x_wconf 89' lang='lat' dir='ltr'><strong>ortu</strong></span> <span class='ocrx_word' id='word_1_296' title='bbox 1908 2338 2098 2408; x_wconf 88' lang='lat' dir='ltr'><strong>Capri-</strong></span> 
     </span>
    </p>
   </div>
   <div class='ocr_carea' id='block_1_42' title="bbox 546 2429 2096 2515">
    <p class='ocr_par' dir='ltr' id='par_1_42' title="bbox 546 2429 2096 2515">
     <span class='ocr_line' id='line_1_42' title="bbox 546 2429 2096 2515; baseline -0.021 0"><span class='ocrx_word' id='word_1_297' title='bbox 546 2459 698 2515; x_wconf 87' lang='lat' dir='ltr'><strong>corni</strong></span> <span class='ocrx_word' id='word_1_298' title='bbox 743 2456 810 2510; x_wconf 90' lang='lat' dir='ltr'><strong>ad</strong></span> <span class='ocrx_word' id='word_1_299' title='bbox 856 2460 1034 2508; x_wconf 89' lang='lat' dir='ltr'><strong>ortum</strong></span> <span class='ocrx_word' id='word_1_300' title='bbox 1080 2446 1278 2504; x_wconf 87' lang='lat' dir='ltr'><strong>Cancri</strong></span> <span class='ocrx_word' id='word_1_301' title='bbox 1319 2442 1588 2515; x_wconf 86' lang='lat' dir='ltr'><strong>pertinet;</strong></span> <span class='ocrx_word' id='word_1_302' title='bbox 1625 2433 1770 2507; x_wconf 90' lang='lat' dir='ltr'><strong>quod</strong></span> <span class='ocrx_word' id='word_1_303' title='bbox 1805 2432 1875 2488; x_wconf 87' lang='lat' dir='ltr'><strong>iis</strong></span> <span class='ocrx_word' id='word_1_304' title='bbox 1912 2429 2096 2486; x_wconf 81' lang='lat' dir='ltr'><strong>verbis</strong></span> 
     </span>
    </p>
   </div>
   <div class='ocr_carea' id='block_1_43' title="bbox 547 2550 827 2622">
    <p class='ocr_par' dir='ltr' id='par_1_43' title="bbox 547 2550 827 2622">
     <span class='ocr_line' id='line_1_43' title="bbox 547 2550 827 2622; baseline -0.014 -16"><span class='ocrx_word' id='word_1_305' title='bbox 547 2550 780 2622; x_wconf 78' lang='lat' dir='ltr'><strong>explicat</strong></span> <span class='ocrx_word' id='word_1_306' title='bbox 814 2567 827 2602; x_wconf 90' lang='lat'><strong>:</strong></span> 
     </span>
    </p>
   </div>
   <div class='ocr_carea' id='block_1_44' title="bbox 551 2876 2099 3025">
    <p class='ocr_par' dir='ltr' id='par_1_44' title="bbox 551 2876 2099 3025">
     <span class='ocr_line' id='line_1_44' title="bbox 551 2876 2099 3025; baseline -0.012 -71"><span class='ocrx_word' id='word_1_307' title='bbox 551 2902 712 2970; x_wconf 78' lang='lat' dir='ltr'><strong>Atque</strong></span> <span class='ocrx_word' id='word_1_308' title='bbox 744 2898 783 2951; x_wconf 86' lang='lat' dir='ltr'><strong>ii</strong></span> <span class='ocrx_word' id='word_1_309' title='bbox 819 2894 1024 2967; x_wconf 77' lang='lat' dir='ltr'><strong>quidem</strong></span> <span class='ocrx_word' id='word_1_310' title='bbox 1064 2891 1420 2958; x_wconf 61' lang='lat' dir='ltr'><strong>oriuntur-que,</strong></span> <span class='ocrx_word' id='word_1_311' title='bbox 1459 2894 1508 2940; x_wconf 84' lang='lat' dir='ltr'><strong>et</strong></span> <span class='ocrx_word' id='word_1_312' title='bbox 1550 2900 1614 2939; x_wconf 78' lang='lat' dir='ltr'><strong>ex</strong></span> <span class='ocrx_word' id='word_1_313' title='bbox 1654 2876 2099 3025; x_wconf 47' lang='lat' dir='ltr'><strong>amicust-[inferne</strong></span> 
     </span>
     <span class='ocr_line' id='line_1_45' title="bbox 1764 2963 2003 3006; baseline -0.004 0"><span class='ocrx_word' id='word_1_314' title='bbox 1764 2970 1870 3006; x_wconf 83' lang='lat' dir='ltr'><strong><em>OCCt</em></strong></span> <span class='ocrx_word' id='word_1_315' title='bbox 1914 2963 2003 3006; x_wconf 89' lang='lat' dir='ltr'><strong>unt</strong></span> 
     </span>
    </p>
   </div>
   <div class='ocr_carea' id='block_1_45' title="bbox 1764 2963 2003 3006">
    <p class='ocr_par' dir='ltr' id='par_1_45' title="bbox 1764 2963 2003 3006">
     <span class='ocr_line' id='line_1_46' title="bbox 1764 2963 2003 3006; baseline -0.004 0"><span class='ocrx_word' id='word_1_316' title='bbox 1764 2963 2003 3006; x_wconf 76' lang='lat' dir='ltr'><strong>occidunt</strong></span> 
     </span>
    </p>
   </div>
   <div class='ocr_carea' id='block_1_46' title="bbox 2194 1776 3748 1863">
    <p class='ocr_par' dir='ltr' id='par_1_46' title="bbox 2194 1776 3748 1863">
     <span class='ocr_line' id='line_1_47' title="bbox 2194 1776 3748 1863; baseline -0.018 -10"><span class='ocrx_word' id='word_1_317' title='bbox 2194 1776 2285 1854; x_wconf 73' lang='grc' dir='ltr'>καὶ</span> <span class='ocrx_word' id='word_1_318' title='bbox 2311 1796 2418 1850; x_wconf 90' lang='grc' dir='ltr'><strong>τῶν</strong></span> <span class='ocrx_word' id='word_1_319' title='bbox 2446 1792 2656 1863; x_wconf 80' lang='grc' dir='ltr'><strong>Χηλῶν.</strong></span> <span class='ocrx_word' id='word_1_320' title='bbox 2694 1791 2751 1843; x_wconf 85' lang='lat'>&#39;0</span> <span class='ocrx_word' id='word_1_321' title='bbox 2785 1789 2880 1860; x_wconf 83' lang='grc' dir='ltr'>μὲν</span> <span class='ocrx_word' id='word_1_322' title='bbox 2904 1783 2996 1840; x_wconf 79' lang='grc' dir='ltr'>οὖν</span> <span class='ocrx_word' id='word_1_323' title='bbox 3030 1787 3260 1856; x_wconf 73' lang='grc' dir='ltr'>Ἄρατος</span> <span class='ocrx_word' id='word_1_324' title='bbox 3283 1781 3372 1835; x_wconf 76' lang='grc' dir='ltr'><strong>διὰ</strong></span> <span class='ocrx_word' id='word_1_325' title='bbox 3400 1779 3608 1832; x_wconf 88' lang='grc' dir='ltr'>τούτων</span> <span class='ocrx_word' id='word_1_326' title='bbox 3647 1776 3748 1846; x_wconf 62' lang='grc' dir='ltr'><strong>μὰο</strong></span> 
     </span>
    </p>
   </div>
   <div class='ocr_carea' id='block_1_47' title="bbox 2191 1869 3748 1956">
    <p class='ocr_par' dir='ltr' id='par_1_47' title="bbox 2191 1869 3748 1956">
     <span class='ocr_line' id='line_1_48' title="bbox 2191 1869 3748 1956; baseline -0.017 -13"><span class='ocrx_word' id='word_1_327' title='bbox 2191 1890 2348 1943; x_wconf 88' lang='grc' dir='ltr'>λιστα</span> <span class='ocrx_word' id='word_1_328' title='bbox 2378 1883 2604 1956; x_wconf 84' lang='grc' dir='ltr'>φανερὸς</span> <span class='ocrx_word' id='word_1_329' title='bbox 2637 1881 2843 1949; x_wconf 83' lang='grc' dir='ltr'>γίνεται</span> <span class='ocrx_word' id='word_1_330' title='bbox 2873 1878 2942 1932; x_wconf 85' lang='grc' dir='ltr'><strong>τά</strong></span> <span class='ocrx_word' id='word_1_331' title='bbox 2986 1875 3246 1948; x_wconf 82' lang='grc' dir='ltr'>εἰρημένα</span> <span class='ocrx_word' id='word_1_332' title='bbox 3289 1874 3485 1943; x_wconf 84' lang='grc' dir='ltr'>σημεῖα</span> <span class='ocrx_word' id='word_1_333' title='bbox 3537 1871 3598 1920; x_wconf 86' lang='grc' dir='ltr'>ὲν</span> <span class='ocrx_word' id='word_1_334' title='bbox 3629 1869 3748 1929; x_wconf 80' lang='grc' dir='ltr'>ταῖς</span> 
     </span>
    </p>
   </div>
   <div class='ocr_carea' id='block_1_48' title="bbox 2191 1958 3750 2052">
    <p class='ocr_par' dir='ltr' id='par_1_48' title="bbox 2191 1958 3750 2052">
     <span class='ocr_line' id='line_1_49' title="bbox 2191 1958 3750 2052; baseline -0.016 -19"><span class='ocrx_word' id='word_1_335' title='bbox 2191 1981 2380 2052; x_wconf 83' lang='grc' dir='ltr'>ἀρχαῖς</span> <span class='ocrx_word' id='word_1_336' title='bbox 2403 1977 2570 2038; x_wconf 71' lang='grc' dir='ltr'>τιθεὶς</span> <span class='ocrx_word' id='word_1_337' title='bbox 2593 1974 2700 2027; x_wconf 91' lang='grc' dir='ltr'><strong>τῶν</strong></span> <span class='ocrx_word' id='word_1_338' title='bbox 2723 1971 2863 2025; x_wconf 85' lang='grc' dir='ltr'><strong>κατά</strong></span> <span class='ocrx_word' id='word_1_339' title='bbox 2889 1969 3058 2023; x_wconf 81' lang='grc' dir='ltr'>ταῦτα</span> <span class='ocrx_word' id='word_1_340' title='bbox 3081 1962 3587 2034; x_wconf 87' lang='grc' dir='ltr'>δωδεκατημορίων.</span> <span class='ocrx_word' id='word_1_341' title='bbox 3613 1958 3750 2030; x_wconf 82' lang='grc' dir='ltr'>Περὶ</span> 
     </span>
    </p>
   </div>
   <div class='ocr_carea' id='block_1_49' title="bbox 2193 2047 3753 2138">
    <p class='ocr_par' dir='ltr' id='par_1_49' title="bbox 2193 2047 3753 2138">
     <span class='ocr_line' id='line_1_50' title="bbox 2193 2047 3753 2138; baseline -0.015 -17"><span class='ocrx_word' id='word_1_342' title='bbox 2326 2065 2432 2118; x_wconf 91' lang='grc' dir='ltr'><strong>τῶν</strong></span> <span class='ocrx_word' id='word_1_343' title='bbox 2469 2064 2509 2117; x_wconf 84' lang='grc' dir='ltr'>δ’</span> <span class='ocrx_word' id='word_1_344' title='bbox 2545 2062 2757 2116; x_wconf 80' lang='grc' dir='ltr'>κύκλων</span> <span class='ocrx_word' id='word_1_345' title='bbox 2806 2060 2998 2128; x_wconf 87' lang='grc' dir='ltr'>λέγων,</span> <span class='ocrx_word' id='word_1_346' title='bbox 3025 2056 3117 2109; x_wconf 88' lang='grc' dir='ltr'><strong>δύο</strong></span> <span class='ocrx_word' id='word_1_347' title='bbox 3153 2054 3260 2108; x_wconf 89' lang='grc' dir='ltr'><strong>τῶν</strong></span> <span class='ocrx_word' id='word_1_348' title='bbox 3310 2049 3589 2124; x_wconf 82' lang='grc' dir='ltr'>τροπικῶν</span> <span class='ocrx_word' id='word_1_349' title='bbox 3612 2089 3627 2112; x_wconf 92' lang='grc'><strong>,</strong></span> <span class='ocrx_word' id='word_1_350' title='bbox 3659 2047 3753 2100; x_wconf 70' lang='grc' dir='ltr'><strong>καὶ</strong></span> 
     </span>
    </p>
   </div>
   <div class='ocr_carea' id='block_1_50' title="bbox 2192 2144 3754 2228">
    <p class='ocr_par' dir='ltr' id='par_1_50' title="bbox 2192 2144 3754 2228">
     <span class='ocr_line' id='line_1_51' title="bbox 2192 2144 3754 2228; baseline -0.015 -16"><span class='ocrx_word' id='word_1_351' title='bbox 2192 2159 2284 2213; x_wconf 78' lang='grc' dir='ltr'>τοῦ</span> <span class='ocrx_word' id='word_1_352' title='bbox 2312 2155 2646 2228; x_wconf 81' lang='grc' dir='ltr'>ίσημερινοῦ,</span> <span class='ocrx_word' id='word_1_353' title='bbox 2677 2153 2772 2207; x_wconf 68' lang='grc' dir='ltr'><strong>καὶ</strong></span> <span class='ocrx_word' id='word_1_354' title='bbox 2795 2151 2888 2205; x_wconf 79' lang='grc' dir='ltr'><strong>τοῦ</strong></span> <span class='ocrx_word' id='word_1_355' title='bbox 2920 2146 3204 2214; x_wconf 76' lang='grc' dir='ltr'>ζωδιακοῦ,</span> <span class='ocrx_word' id='word_1_356' title='bbox 3225 2147 3350 2208; x_wconf 77' lang='grc' dir='ltr'>τοὺς</span> <span class='ocrx_word' id='word_1_357' title='bbox 3386 2144 3483 2213; x_wconf 81' lang='grc' dir='ltr'>μὲν</span> <span class='ocrx_word' id='word_1_358' title='bbox 3511 2147 3561 2210; x_wconf 81' lang='grc' dir='ltr'><strong>γ’</strong></span> <span class='ocrx_word' id='word_1_359' title='bbox 3589 2155 3754 2209; x_wconf 74' lang='grc' dir='ltr'>φησιν</span> 
     </span>
    </p>
   </div>
   <div class='ocr_carea' id='block_1_51' title="bbox 2191 2231 3758 2312">
    <p class='ocr_par' dir='ltr' id='par_1_51' title="bbox 2191 2231 3758 2312">
     <span class='ocr_line' id='line_1_52' title="bbox 2191 2231 3758 2312; baseline -0.015 -7"><span class='ocrx_word' id='word_1_360' title='bbox 2191 2250 2499 2305; x_wconf 86' lang='grc' dir='ltr'>ἀνατέλλειν</span> <span class='ocrx_word' id='word_1_361' title='bbox 2529 2264 2589 2300; x_wconf 90' lang='grc' dir='ltr'><strong>τε</strong></span> <span class='ocrx_word' id='word_1_362' title='bbox 2633 2247 2728 2300; x_wconf 71' lang='grc' dir='ltr'>καὶ</span> <span class='ocrx_word' id='word_1_363' title='bbox 2757 2244 2930 2298; x_wconf 81' lang='grc' dir='ltr'>δύνειν</span> <span class='ocrx_word' id='word_1_364' title='bbox 2968 2239 3322 2312; x_wconf 76' lang='grc' dir='ltr'>παραλληλως</span> <span class='ocrx_word' id='word_1_365' title='bbox 3366 2235 3618 2296; x_wconf 80' lang='grc' dir='ltr'>ὲαντοῖς’</span> <span class='ocrx_word' id='word_1_366' title='bbox 3664 2231 3758 2284; x_wconf 76' lang='grc' dir='ltr'>καὶ</span> 
     </span>
    </p>
   </div>
   <div class='ocr_carea' id='block_1_52' title="bbox 2193 2325 3756 2399">
    <p class='ocr_par' dir='ltr' id='par_1_52' title="bbox 2193 2325 3756 2399">
     <span class='ocr_line' id='line_1_53' title="bbox 2193 2325 3756 2399; baseline -0.013 -3"><span class='ocrx_word' id='word_1_367' title='bbox 2193 2343 2420 2396; x_wconf 74' lang='grc' dir='ltr'>ἕκαστον</span> <span class='ocrx_word' id='word_1_368' title='bbox 2471 2339 2646 2394; x_wconf 82' lang='grc' dir='ltr'>αὐτῶν</span> <span class='ocrx_word' id='word_1_369' title='bbox 2695 2337 2812 2392; x_wconf 79' lang='grc' dir='ltr'>καθ’</span> <span class='ocrx_word' id='word_1_370' title='bbox 2843 2336 2899 2389; x_wconf 83' lang='grc' dir='ltr'>ἓν</span> <span class='ocrx_word' id='word_1_371' title='bbox 2937 2334 3031 2388; x_wconf 70' lang='grc' dir='ltr'><strong>καὶ</strong></span> <span class='ocrx_word' id='word_1_372' title='bbox 3072 2333 3132 2386; x_wconf 84' lang='grc' dir='ltr'>τὸ</span> <span class='ocrx_word' id='word_1_373' title='bbox 3178 2330 3307 2384; x_wconf 79' lang='grc' dir='ltr'>αὐτὸ</span> <span class='ocrx_word' id='word_1_374' title='bbox 3353 2329 3577 2399; x_wconf 82' lang='grc' dir='ltr'>σημεῖον</span> <span class='ocrx_word' id='word_1_375' title='bbox 3623 2325 3756 2377; x_wconf 67' lang='grc' dir='ltr'>ἀναν</span> 
     </span>
    </p>
   </div>
   <div class='ocr_carea' id='block_1_53' title="bbox 2189 2418 3753 2500">
    <p class='ocr_par' dir='ltr' id='par_1_53' title="bbox 2189 2418 3753 2500">
     <span class='ocr_line' id='line_1_54' title="bbox 2189 2418 3753 2500; baseline -0.013 -12"><span class='ocrx_word' id='word_1_376' title='bbox 2189 2435 2428 2500; x_wconf 84' lang='grc' dir='ltr'>τέλλειν,</span> <span class='ocrx_word' id='word_1_377' title='bbox 2464 2433 2557 2486; x_wconf 72' lang='grc' dir='ltr'><strong>καὶ</strong></span> <span class='ocrx_word' id='word_1_378' title='bbox 2596 2432 2755 2485; x_wconf 87' lang='grc' dir='ltr'>πάλιν</span> <span class='ocrx_word' id='word_1_379' title='bbox 2813 2425 3018 2482; x_wconf 74' lang='grc' dir='ltr'>δύύεινο</span> <span class='ocrx_word' id='word_1_380' title='bbox 3055 2425 3143 2480; x_wconf 78' lang='grc' dir='ltr'>τὸν</span> <span class='ocrx_word' id='word_1_381' title='bbox 3176 2425 3230 2478; x_wconf 84' lang='grc' dir='ltr'>δὲ</span> <span class='ocrx_word' id='word_1_382' title='bbox 3263 2418 3521 2487; x_wconf 75' lang='grc' dir='ltr'>ζωδιακὸν</span> <span class='ocrx_word' id='word_1_383' title='bbox 3573 2421 3634 2471; x_wconf 81' lang='grc' dir='ltr'>ὲν</span> <span class='ocrx_word' id='word_1_384' title='bbox 3684 2418 3753 2487; x_wconf 75' lang='grc' dir='ltr'>τῇ</span> 
     </span>
    </p>
   </div>
   <div class='ocr_carea' id='block_1_54' title="bbox 2193 2507 3757 2598">
    <p class='ocr_par' dir='ltr' id='par_1_54' title="bbox 2193 2507 3757 2598">
     <span class='ocr_line' id='line_1_55' title="bbox 2193 2507 3757 2598; baseline -0.015 -17"><span class='ocrx_word' id='word_1_385' title='bbox 2193 2525 2418 2598; x_wconf 76' lang='grc' dir='ltr'>τοιαύτῃ</span> <span class='ocrx_word' id='word_1_386' title='bbox 2446 2521 2768 2595; x_wconf 79' lang='grc' dir='ltr'>περιφερείᾳ</span> <span class='ocrx_word' id='word_1_387' title='bbox 2802 2518 2896 2572; x_wconf 82' lang='grc' dir='ltr'><strong>τοῦ</strong></span> <span class='ocrx_word' id='word_1_388' title='bbox 2924 2517 3191 2589; x_wconf 81' lang='grc' dir='ltr'>ὁρίζοντος</span> <span class='ocrx_word' id='word_1_389' title='bbox 3230 2512 3327 2575; x_wconf 81' lang='grc' dir='ltr'><strong>τὰς</strong></span> <span class='ocrx_word' id='word_1_390' title='bbox 3364 2507 3632 2572; x_wconf 77' lang='grc' dir='ltr'>ἀνατολὰς</span> <span class='ocrx_word' id='word_1_391' title='bbox 3661 2507 3757 2560; x_wconf 76' lang='grc' dir='ltr'>καὶ</span> 
     </span>
    </p>
   </div>
   <div class='ocr_carea' id='block_1_55' title="bbox 2193 2597 3756 2684">
    <p class='ocr_par' dir='ltr' id='par_1_55' title="bbox 2193 2597 3756 2684">
     <span class='ocr_line' id='line_1_56' title="bbox 2193 2597 3756 2684; baseline -0.016 -10"><span class='ocrx_word' id='word_1_392' title='bbox 2193 2619 2374 2681; x_wconf 85' lang='grc' dir='ltr'>δύσεις</span> <span class='ocrx_word' id='word_1_393' title='bbox 2394 2597 2694 2679; x_wconf 77' lang='grc' dir='ltr'>ποιεῖσθαι,</span> <span class='ocrx_word' id='word_1_394' title='bbox 2725 2612 2919 2684; x_wconf 81' lang='grc' dir='ltr'>ἡλίκην</span> <span class='ocrx_word' id='word_1_395' title='bbox 2967 2606 3283 2680; x_wconf 86' lang='grc' dir='ltr'>παραχωρεῖ</span> <span class='ocrx_word' id='word_1_396' title='bbox 3335 2602 3393 2654; x_wconf 84' lang='grc' dir='ltr'>ὲν</span> <span class='ocrx_word' id='word_1_397' title='bbox 3448 2599 3601 2670; x_wconf 66' lang='grc' dir='ltr'>αὐτῷ</span> <span class='ocrx_word' id='word_1_398' title='bbox 3647 2597 3756 2652; x_wconf 77' lang='grc' dir='ltr'><strong>ἀπὸ</strong></span> 
     </span>
    </p>
   </div>
   <div class='ocr_carea' id='block_1_56' title="bbox 2195 2691 3751 2783">
    <p class='ocr_par' dir='ltr' id='par_1_56' title="bbox 2195 2691 3751 2783">
     <span class='ocr_line' id='line_1_57' title="bbox 2195 2691 3751 2783; baseline -0.016 -18"><span class='ocrx_word' id='word_1_399' title='bbox 2195 2712 2293 2783; x_wconf 85' lang='grc' dir='ltr'>τῆς</span> <span class='ocrx_word' id='word_1_400' title='bbox 2315 2707 2406 2763; x_wconf 79' lang='grc' dir='ltr'>τοῦ</span> <span class='ocrx_word' id='word_1_401' title='bbox 2444 2707 2722 2775; x_wconf 79' lang='grc' dir='ltr'>Αίγόκερω</span> <span class='ocrx_word' id='word_1_402' title='bbox 2757 2700 3015 2771; x_wconf 78' lang='grc' dir='ltr'>ἀνατολῆς</span> <span class='ocrx_word' id='word_1_403' title='bbox 3044 2699 3146 2761; x_wconf 72' lang='grc' dir='ltr'>ἕως</span> <span class='ocrx_word' id='word_1_404' title='bbox 3187 2697 3284 2766; x_wconf 83' lang='grc' dir='ltr'>τῆς</span> <span class='ocrx_word' id='word_1_405' title='bbox 3329 2691 3422 2746; x_wconf 80' lang='grc' dir='ltr'><strong>τοῦ</strong></span> <span class='ocrx_word' id='word_1_406' title='bbox 3470 2691 3751 2763; x_wconf 81' lang='grc' dir='ltr'>Καρκίνου</span> 
     </span>
    </p>
   </div>
   <div class='ocr_carea' id='block_1_57' title="bbox 2195 2789 2978 2867">
    <p class='ocr_par' dir='ltr' id='par_1_57' title="bbox 2195 2789 2978 2867">
     <span class='ocr_line' id='line_1_58' title="bbox 2195 2789 2978 2867; baseline -0.014 -14"><span class='ocrx_word' id='word_1_407' title='bbox 2195 2798 2486 2867; x_wconf 82' lang='grc' dir='ltr'>ἀνατολῆς’</span> <span class='ocrx_word' id='word_1_408' title='bbox 2521 2794 2666 2862; x_wconf 84' lang='grc' dir='ltr'>λέγει</span> <span class='ocrx_word' id='word_1_409' title='bbox 2697 2791 2752 2845; x_wconf 82' lang='grc' dir='ltr'>δὲ</span> <span class='ocrx_word' id='word_1_410' title='bbox 2777 2789 2946 2852; x_wconf 76' lang='grc' dir='ltr'>οὕτως</span> <span class='ocrx_word' id='word_1_411' title='bbox 2965 2805 2978 2818; x_wconf 82' lang='grc'><em>’</em></span> 
     </span>
    </p>
   </div>
   <div class='ocr_carea' id='block_1_58' title="bbox 2195 2869 3753 2957">
    <p class='ocr_par' dir='ltr' id='par_1_58' title="bbox 2195 2869 3753 2957">
     <span class='ocr_line' id='line_1_59' title="bbox 2195 2869 3753 2957; baseline -0.015 -11"><span class='ocrx_word' id='word_1_412' title='bbox 2195 2891 2305 2946; x_wconf 76' lang='grc' dir='ltr'><strong>Καὶ</strong></span> <span class='ocrx_word' id='word_1_413' title='bbox 2339 2889 2410 2943; x_wconf 89' lang='grc' dir='ltr'>τὰ</span> <span class='ocrx_word' id='word_1_414' title='bbox 2441 2886 2557 2957; x_wconf 83' lang='grc' dir='ltr'><strong>μὲν</strong></span> <span class='ocrx_word' id='word_1_415' title='bbox 2591 2883 2865 2941; x_wconf 76' lang='grc' dir='ltr'>ἀντέλλει</span> <span class='ocrx_word' id='word_1_416' title='bbox 2901 2898 2983 2948; x_wconf 85' lang='grc' dir='ltr'><strong>τε,</strong></span> <span class='ocrx_word' id='word_1_417' title='bbox 3018 2880 3115 2934; x_wconf 78' lang='grc' dir='ltr'><strong>καί</strong></span> <span class='ocrx_word' id='word_1_418' title='bbox 3150 2877 3322 2933; x_wconf 77' lang='grc' dir='ltr'>ἀντία</span> <span class='ocrx_word' id='word_1_419' title='bbox 3352 2875 3535 2928; x_wconf 76' lang='grc' dir='ltr'>νειόθι</span> <span class='ocrx_word' id='word_1_420' title='bbox 3563 2869 3753 2933; x_wconf 74' lang='grc' dir='ltr'>δύνει,</span> 
     </span>
    </p>
   </div>
   <div class='ocr_carea' id='block_1_59' title="bbox 551 3007 2099 3106">
    <p class='ocr_par' dir='ltr' id='par_1_59' title="bbox 551 3007 2098 3106">
     <span class='ocr_line' id='line_1_60' title="bbox 551 3007 2098 3106; baseline -0.012 -12"><span class='ocrx_word' id='word_1_421' title='bbox 551 3041 740 3096; x_wconf 84' lang='lat' dir='ltr'><strong>Omnes</strong></span> <span class='ocrx_word' id='word_1_422' title='bbox 791 3033 1180 3106; x_wconf 70' lang='lat' dir='ltr'><strong>aequidistanter</strong></span> <span class='ocrx_word' id='word_1_423' title='bbox 1208 3045 1226 3084; x_wconf 88' lang='lat'><strong><em>:</em></strong></span> <span class='ocrx_word' id='word_1_424' title='bbox 1256 3043 1390 3082; x_wconf 77' lang='lat' dir='ltr'><strong>unus</strong></span> <span class='ocrx_word' id='word_1_425' title='bbox 1421 3035 1594 3080; x_wconf 81' lang='lat' dir='ltr'><strong>autem</strong></span> <span class='ocrx_word' id='word_1_426' title='bbox 1633 3034 1712 3080; x_wconf 83' lang='lat' dir='ltr'><strong>est</strong></span> <span class='ocrx_word' id='word_1_427' title='bbox 1741 3007 2098 3106; x_wconf 39' lang='lat' dir='ltr'><strong>timorumen-</strong></span> 
     </span>
    </p>
   </div>
   <div class='ocr_carea' id='block_1_60' title="bbox 2198 3007 3756 3106">
    <p class='ocr_par' dir='ltr' id='par_1_60' title="bbox 2198 3007 3756 3092">
     <span class='ocr_line' id='line_1_61' title="bbox 2198 3007 3756 3092; baseline -0.015 -10"><span class='ocrx_word' id='word_1_428' title='bbox 2198 3025 2397 3081; x_wconf 81' lang='grc' dir='ltr'>Πάντα</span> <span class='ocrx_word' id='word_1_429' title='bbox 2420 3019 2808 3092; x_wconf 71' lang='grc' dir='ltr'>παραϐλήδην</span> <span class='ocrx_word' id='word_1_430' title='bbox 2827 3035 2842 3050; x_wconf 74' lang='grc' dir='ltr'><strong>ο</strong></span> <span class='ocrx_word' id='word_1_431' title='bbox 2863 3018 2971 3088; x_wconf 82' lang='grc' dir='ltr'><strong>μία</strong></span> <span class='ocrx_word' id='word_1_432' title='bbox 2993 3015 3059 3068; x_wconf 84' lang='grc' dir='ltr'><em>δέ</em></span> <span class='ocrx_word' id='word_1_433' title='bbox 3085 3013 3284 3084; x_wconf 68' lang='grc' dir='ltr'>σφεων</span> <span class='ocrx_word' id='word_1_434' title='bbox 3301 3011 3471 3065; x_wconf 78' lang='grc' dir='ltr'>ἐστιν</span> <span class='ocrx_word' id='word_1_435' title='bbox 3494 3007 3756 3062; x_wconf 79' lang='grc' dir='ltr'><strong>ἑκάστου</strong></span> 
     </span>
    </p>
   </div>
   <div class='ocr_carea' id='block_1_61' title="bbox 552 3093 2027 3242">
    <p class='ocr_par' dir='ltr' id='par_1_61' title="bbox 552 3093 2027 3242">
     <span class='ocr_line' id='line_1_62' title="bbox 1871 3109 2027 3150; baseline -0.026 0"><span class='ocrx_word' id='word_1_436' title='bbox 1871 3109 2027 3150; x_wconf 67' lang='lat' dir='ltr'><strong>tum:</strong></span> 
     </span>
     <span class='ocr_line' id='line_1_63' title="bbox 552 3093 1868 3242; baseline -0.012 -9"><span class='ocrx_word' id='word_1_437' title='bbox 552 3177 852 3234; x_wconf 85' lang='lat' dir='ltr'><strong>Ordinatim</strong></span> <span class='ocrx_word' id='word_1_438' title='bbox 881 3174 1120 3242; x_wconf 81' lang='lat' dir='ltr'><strong>utrinque</strong></span> <span class='ocrx_word' id='word_1_439' title='bbox 1155 3169 1427 3223; x_wconf 73' lang='lat' dir='ltr'><strong>descensus</strong></span> <span class='ocrx_word' id='word_1_440' title='bbox 1459 3181 1821 3242; x_wconf 73' lang='lat' dir='ltr'><strong>ascensusque.</strong></span> <span class='ocrx_word' id='word_1_441' title='bbox 1847 3093 1868 3166; x_wconf 63' lang='grc' dir='ltr'>ἱ</span> 
     </span>
    </p>
   </div>
   <div class='ocr_carea' id='block_1_62' title="bbox 559 3238 1868 3307">
    <p class='ocr_par' dir='ltr' id='par_1_62' title="bbox 559 3238 1868 3307">
     <span class='ocr_line' id='line_1_64' title="bbox 559 3238 1868 3307; baseline -0.013 -4"><span class='ocrx_word' id='word_1_442' title='bbox 559 3249 750 3303; x_wconf 80' lang='lat' dir='ltr'><strong>Verum</strong></span> <span class='ocrx_word' id='word_1_443' title='bbox 777 3248 874 3300; x_wconf 79' lang='lat' dir='ltr'><strong>iste</strong></span> <span class='ocrx_word' id='word_1_444' title='bbox 897 3238 1088 3299; x_wconf 80' lang='lat' dir='ltr'><strong>Oceani</strong></span> <span class='ocrx_word' id='word_1_445' title='bbox 1119 3249 1318 3294; x_wconf 87' lang='lat' dir='ltr'><strong>tantum</strong></span> <span class='ocrx_word' id='word_1_446' title='bbox 1349 3238 1630 3307; x_wconf 83' lang='lat' dir='ltr'><strong>pertransit</strong></span> <span class='ocrx_word' id='word_1_447' title='bbox 1659 3251 1868 3305; x_wconf 85' lang='lat' dir='ltr'><strong>aquam,</strong></span> 
     </span>
    </p>
   </div>
   <div class='ocr_carea' id='block_1_63' title="bbox 553 3307 1833 3385">
    <p class='ocr_par' dir='ltr' id='par_1_63' title="bbox 553 3307 1833 3385">
     <span class='ocr_line' id='line_1_65' title="bbox 553 3307 1833 3385; baseline -0.011 -13"><span class='ocrx_word' id='word_1_448' title='bbox 553 3320 824 3385; x_wconf 82' lang='lat' dir='ltr'><strong>Quantum</strong></span> <span class='ocrx_word' id='word_1_449' title='bbox 857 3333 888 3369; x_wconf 92' lang='lat' dir='ltr'><strong>a</strong></span> <span class='ocrx_word' id='word_1_450' title='bbox 921 3313 1236 3385; x_wconf 77' lang='lat' dir='ltr'><strong>Capricorno</strong></span> <span class='ocrx_word' id='word_1_451' title='bbox 1272 3313 1574 3385; x_wconf 71' lang='lat' dir='ltr'><strong>ascendente</strong></span> <span class='ocrx_word' id='word_1_452' title='bbox 1604 3307 1833 3359; x_wconf 78' lang='lat' dir='ltr'><strong>maxime</strong></span> 
     </span>
    </p>
   </div>
   <div class='ocr_carea' id='block_1_64' title="bbox 551 3378 1578 3444">
    <p class='ocr_par' dir='ltr' id='par_1_64' title="bbox 551 3378 1578 3444">
     <span class='ocr_line' id='line_1_66' title="bbox 551 3378 1578 3444; baseline -0.012 0"><span class='ocrx_word' id='word_1_453' title='bbox 551 3378 815 3444; x_wconf 60' lang='lat' dir='ltr'><strong>Cancrum</strong></span> <span class='ocrx_word' id='word_1_454' title='bbox 847 3385 912 3439; x_wconf 87' lang='lat' dir='ltr'><strong>ad</strong></span> <span class='ocrx_word' id='word_1_455' title='bbox 948 3378 1311 3438; x_wconf 57' lang='lat' dir='ltr'><strong>uacendentem&#39;</strong></span> <span class='ocrx_word' id='word_1_456' title='bbox 1338 3378 1578 3433; x_wconf 81' lang='lat' dir='ltr'><strong>volvitur.</strong></span> 
     </span>
    </p>
   </div>
   <div class='ocr_carea' id='block_1_65' title="bbox 624 3480 2102 3564">
    <p class='ocr_par' dir='ltr' id='par_1_65' title="bbox 624 3480 2102 3564">
     <span class='ocr_line' id='line_1_67' title="bbox 624 3480 2102 3564; baseline -0.007 -17"><span class='ocrx_word' id='word_1_457' title='bbox 624 3494 702 3548; x_wconf 80' lang='lat' dir='ltr'><strong>Ex</strong></span> <span class='ocrx_word' id='word_1_458' title='bbox 733 3494 819 3548; x_wconf 86' lang='lat' dir='ltr'><strong>his</strong></span> <span class='ocrx_word' id='word_1_459' title='bbox 856 3493 1022 3564; x_wconf 88' lang='lat' dir='ltr'><strong>liquet</strong></span> <span class='ocrx_word' id='word_1_460' title='bbox 1061 3487 1269 3558; x_wconf 88' lang='lat' dir='ltr'><strong>tr0pica</strong></span> <span class='ocrx_word' id='word_1_461' title='bbox 1301 3493 1501 3556; x_wconf 89' lang='lat' dir='ltr'><strong>puncta</strong></span> <span class='ocrx_word' id='word_1_462' title='bbox 1533 3484 1591 3538; x_wconf 89' lang='lat' dir='ltr'><strong>in</strong></span> <span class='ocrx_word' id='word_1_463' title='bbox 1621 3483 1902 3554; x_wconf 78' lang='lat' dir='ltr'><strong>signorum</strong></span> <span class='ocrx_word' id='word_1_464' title='bbox 1932 3480 2102 3536; x_wconf 89' lang='lat' dir='ltr'><strong>initiis</strong></span> 
     </span>
    </p>
   </div>
   <div class='ocr_carea' id='block_1_66' title="bbox 556 3575 2103 3646">
    <p class='ocr_par' dir='ltr' id='par_1_66' title="bbox 556 3575 2103 3646">
     <span class='ocr_line' id='line_1_68' title="bbox 556 3575 2103 3646; baseline -0.008 -5"><span class='ocrx_word' id='word_1_465' title='bbox 556 3587 624 3641; x_wconf 82' lang='lat' dir='ltr'><strong>ab</strong></span> <span class='ocrx_word' id='word_1_466' title='bbox 673 3585 766 3639; x_wconf 94' lang='lat' dir='ltr'><strong>illo</strong></span> <span class='ocrx_word' id='word_1_467' title='bbox 816 3581 1094 3646; x_wconf 86' lang='lat' dir='ltr'><strong>constitui,</strong></span> <span class='ocrx_word' id='word_1_468' title='bbox 1132 3580 1361 3634; x_wconf 89' lang='lat' dir='ltr'><strong>alterum</strong></span> <span class='ocrx_word' id='word_1_469' title='bbox 1417 3577 1469 3631; x_wconf 92' lang='lat' dir='ltr'><strong>in</strong></span> <span class='ocrx_word' id='word_1_470' title='bbox 1517 3576 1735 3639; x_wconf 86' lang='lat' dir='ltr'><strong>Cancri,</strong></span> <span class='ocrx_word' id='word_1_471' title='bbox 1771 3575 1999 3629; x_wconf 86' lang='lat' dir='ltr'><strong>alterum</strong></span> <span class='ocrx_word' id='word_1_472' title='bbox 2047 3577 2103 3629; x_wconf 89' lang='lat' dir='ltr'><strong>in</strong></span> 
     </span>
    </p>
   </div>
   <div class='ocr_carea' id='block_1_67' title="bbox 547 3666 2105 3747">
    <p class='ocr_par' dir='ltr' id='par_1_67' title="bbox 547 3666 2105 3747">
     <span class='ocr_line' id='line_1_69' title="bbox 547 3666 2105 3747; baseline -0.006 -15"><span class='ocrx_word' id='word_1_473' title='bbox 547 3675 872 3747; x_wconf 80' lang='lat' dir='ltr'><strong>Capricorni</strong></span> <span class='ocrx_word' id='word_1_474' title='bbox 939 3671 1228 3743; x_wconf 88' lang='lat' dir='ltr'><strong>principio.</strong></span> <span class='ocrx_word' id='word_1_475' title='bbox 1287 3668 1496 3739; x_wconf 86' lang='lat' dir='ltr'><strong>Quippe</strong></span> <span class='ocrx_word' id='word_1_476' title='bbox 1547 3667 1803 3728; x_wconf 84' lang='lat' dir='ltr'><strong>zodiacus</strong></span> <span class='ocrx_word' id='word_1_477' title='bbox 1853 3666 2105 3722; x_wconf 82' lang='lat' dir='ltr'><strong>exoriens</strong></span> 
     </span>
    </p>
   </div>
   <div class='ocr_carea' id='block_1_68' title="bbox 559 3753 2108 3827">
    <p class='ocr_par' dir='ltr' id='par_1_68' title="bbox 559 3753 2108 3827">
     <span class='ocr_line' id='line_1_70' title="bbox 559 3753 2108 3827; baseline -0.006 -9"><span class='ocrx_word' id='word_1_478' title='bbox 559 3761 860 3818; x_wconf 85' lang='lat' dir='ltr'><strong>horizontis</strong></span> <span class='ocrx_word' id='word_1_479' title='bbox 893 3774 1078 3815; x_wconf 88' lang='lat' dir='ltr'><strong>arcum</strong></span> <span class='ocrx_word' id='word_1_480' title='bbox 1120 3758 1189 3813; x_wconf 88' lang='lat' dir='ltr'><strong>ab</strong></span> <span class='ocrx_word' id='word_1_481' title='bbox 1226 3756 1294 3813; x_wconf 91' lang='lat' dir='ltr'><strong>iis</strong></span> <span class='ocrx_word' id='word_1_482' title='bbox 1331 3755 1547 3827; x_wconf 85' lang='lat' dir='ltr'><strong>punctis</strong></span> <span class='ocrx_word' id='word_1_483' title='bbox 1585 3755 1640 3810; x_wconf 90' lang='lat' dir='ltr'><strong>in</strong></span> <span class='ocrx_word' id='word_1_484' title='bbox 1671 3755 1885 3809; x_wconf 89' lang='lat' dir='ltr'><strong>illorum</strong></span> <span class='ocrx_word' id='word_1_485' title='bbox 1925 3753 2108 3824; x_wconf 80' lang='lat' dir='ltr'><strong>signo-</strong></span> 
     </span>
    </p>
   </div>
   <div class='ocr_carea' id='block_1_69' title="bbox 559 3846 2106 3919">
    <p class='ocr_par' dir='ltr' id='par_1_69' title="bbox 559 3846 2106 3919">
     <span class='ocr_line' id='line_1_71' title="bbox 559 3846 2106 3919; baseline -0.005 -10"><span class='ocrx_word' id='word_1_486' title='bbox 559 3871 682 3909; x_wconf 91' lang='lat' dir='ltr'><strong>rum</strong></span> <span class='ocrx_word' id='word_1_487' title='bbox 732 3853 939 3909; x_wconf 90' lang='lat' dir='ltr'><strong>ortibus</strong></span> <span class='ocrx_word' id='word_1_488' title='bbox 983 3850 1262 3907; x_wconf 87' lang='lat' dir='ltr'><strong>deﬁnitum</strong></span> <span class='ocrx_word' id='word_1_489' title='bbox 1314 3856 1570 3919; x_wconf 86' lang='lat' dir='ltr'><strong>permeat.</strong></span> <span class='ocrx_word' id='word_1_490' title='bbox 1607 3848 1749 3902; x_wconf 90' lang='lat' dir='ltr'><strong>Idem</strong></span> <span class='ocrx_word' id='word_1_491' title='bbox 1801 3846 1962 3900; x_wconf 88' lang='lat' dir='ltr'><strong>etiam</strong></span> <span class='ocrx_word' id='word_1_492' title='bbox 2010 3849 2106 3901; x_wconf 88' lang='lat' dir='ltr'><strong>de-</strong></span> 
     </span>
    </p>
   </div>
   <div class='ocr_carea' id='block_1_70' title="bbox 560 3936 2110 4014">
    <p class='ocr_par' dir='ltr' id='par_1_70' title="bbox 560 3936 2110 4014">
     <span class='ocr_line' id='line_1_72' title="bbox 560 3936 2110 4014; baseline -0.005 -14"><span class='ocrx_word' id='word_1_493' title='bbox 560 3947 768 4014; x_wconf 75' lang='lat' dir='ltr'><strong>clarare</strong></span> <span class='ocrx_word' id='word_1_494' title='bbox 813 3943 1028 3999; x_wconf 89' lang='lat' dir='ltr'><strong>videtur</strong></span> <span class='ocrx_word' id='word_1_495' title='bbox 1070 3942 1156 3997; x_wconf 93' lang='lat' dir='ltr'><strong>his</strong></span> <span class='ocrx_word' id='word_1_496' title='bbox 1205 3941 1474 4003; x_wconf 88' lang='lat' dir='ltr'><strong>versibus,</strong></span> <span class='ocrx_word' id='word_1_497' title='bbox 1509 3953 1646 4009; x_wconf 89' lang='lat' dir='ltr'><strong>quos</strong></span> <span class='ocrx_word' id='word_1_498' title='bbox 1691 3938 1759 3994; x_wconf 91' lang='lat' dir='ltr'><strong>de</strong></span> <span class='ocrx_word' id='word_1_499' title='bbox 1794 3936 1974 3994; x_wconf 87' lang='lat' dir='ltr'><strong>Leone</strong></span> <span class='ocrx_word' id='word_1_500' title='bbox 2019 3951 2110 3993; x_wconf 89' lang='lat' dir='ltr'><strong>ce-</strong></span> 
     </span>
    </p>
   </div>
   <div class='ocr_carea' id='block_1_71' title="bbox 561 4039 741 4093">
    <p class='ocr_par' dir='ltr' id='par_1_71' title="bbox 561 4039 741 4093">
     <span class='ocr_line' id='line_1_73' title="bbox 561 4039 741 4093; baseline -0.006 0"><span class='ocrx_word' id='word_1_501' title='bbox 561 4039 694 4093; x_wconf 91' lang='lat' dir='ltr'><strong>cinit</strong></span> <span class='ocrx_word' id='word_1_502' title='bbox 730 4058 741 4092; x_wconf 93' lang='lat'>:</span> 
     </span>
    </p>
   </div>
   <div class='ocr_carea' id='block_1_72' title="bbox 564 4127 1794 4200">
    <p class='ocr_par' dir='ltr' id='par_1_72' title="bbox 564 4127 1794 4200">
     <span class='ocr_line' id='line_1_74' title="bbox 564 4127 1794 4200; baseline -0.002 -16"><span class='ocrx_word' id='word_1_503' title='bbox 564 4130 646 4184; x_wconf 86' lang='lat' dir='ltr'><strong>Ibi</strong></span> <span class='ocrx_word' id='word_1_504' title='bbox 675 4129 879 4200; x_wconf 84' lang='lat' dir='ltr'><strong>quidem</strong></span> <span class='ocrx_word' id='word_1_505' title='bbox 906 4129 1030 4182; x_wconf 79' lang='lat' dir='ltr'><strong>solis</strong></span> <span class='ocrx_word' id='word_1_506' title='bbox 1057 4127 1411 4180; x_wconf 76' lang='lat' dir='ltr'><strong>ardentissimi</strong></span> <span class='ocrx_word' id='word_1_507' title='bbox 1437 4133 1560 4180; x_wconf 84' lang='lat' dir='ltr'><strong>sunt</strong></span> <span class='ocrx_word' id='word_1_508' title='bbox 1591 4141 1794 4181; x_wconf 68' lang='lat' dir='ltr'><strong>cursus.</strong></span> 
     </span>
    </p>
   </div>
   <div class='ocr_carea' id='block_1_73' title="bbox 563 4200 1627 4266">
    <p class='ocr_par' dir='ltr' id='par_1_73' title="bbox 563 4200 1627 4266">
     <span class='ocr_line' id='line_1_75' title="bbox 563 4200 1627 4266; baseline -0.005 -13"><span class='ocrx_word' id='word_1_509' title='bbox 563 4204 636 4254; x_wconf 80' lang='lat' dir='ltr'><strong>Ac</strong></span> <span class='ocrx_word' id='word_1_510' title='bbox 659 4209 767 4252; x_wconf 82' lang='lat' dir='ltr'><strong>tum</strong></span> <span class='ocrx_word' id='word_1_511' title='bbox 791 4200 948 4266; x_wconf 79' lang='lat' dir='ltr'><strong>spicis</strong></span> <span class='ocrx_word' id='word_1_512' title='bbox 982 4214 1145 4252; x_wconf 82' lang='lat' dir='ltr'><strong>vacua</strong></span> <span class='ocrx_word' id='word_1_513' title='bbox 1172 4207 1454 4249; x_wconf 84' lang='lat' dir='ltr'><strong>cernuntur</strong></span> <span class='ocrx_word' id='word_1_514' title='bbox 1481 4213 1627 4259; x_wconf 87' lang='lat' dir='ltr'><strong>arva,</strong></span> 
     </span>
    </p>
   </div>
   <div class='ocr_carea' id='block_1_74' title="bbox 565 4265 1584 4338">
    <p class='ocr_par' dir='ltr' id='par_1_74' title="bbox 565 4265 1584 4338">
     <span class='ocr_line' id='line_1_76' title="bbox 565 4265 1584 4338; baseline -0.006 -13"><span class='ocrx_word' id='word_1_515' title='bbox 565 4271 684 4326; x_wconf 75' lang='lat' dir='ltr'><strong>Sole</strong></span> <span class='ocrx_word' id='word_1_516' title='bbox 706 4265 931 4338; x_wconf 81' lang='lat' dir='ltr'><strong>primum</strong></span> <span class='ocrx_word' id='word_1_517' title='bbox 954 4267 1020 4321; x_wconf 89' lang='lat' dir='ltr'><strong>ad</strong></span> <span class='ocrx_word' id='word_1_518' title='bbox 1047 4265 1268 4320; x_wconf 89' lang='lat' dir='ltr'><strong>Leonem</strong></span> <span class='ocrx_word' id='word_1_519' title='bbox 1299 4265 1584 4320; x_wconf 84' lang='lat' dir='ltr'><strong>accedente.</strong></span> 
     </span>
    </p>
   </div>
   <div class='ocr_carea' id='block_1_75' title="bbox 2213 3147 3452 3227">
    <p class='ocr_par' dir='ltr' id='par_1_75' title="bbox 2213 3147 3452 3227">
     <span class='ocr_line' id='line_1_77' title="bbox 2213 3147 3452 3227; baseline -0.014 -13"><span class='ocrx_word' id='word_1_520' title='bbox 2213 3161 2435 3227; x_wconf 79' lang='grc' dir='ltr'>Ἑξείης</span> <span class='ocrx_word' id='word_1_521' title='bbox 2465 3157 2736 3226; x_wconf 79' lang='grc' dir='ltr'>ἑκάτερθε</span> <span class='ocrx_word' id='word_1_522' title='bbox 2765 3151 3098 3227; x_wconf 71' lang='grc' dir='ltr'>κατηλυσίῃ</span> <span class='ocrx_word' id='word_1_523' title='bbox 3129 3147 3356 3227; x_wconf 63' lang='grc' dir='ltr'><strong>ἄνοδοςΔ</strong></span> <span class='ocrx_word' id='word_1_524' title='bbox 3369 3162 3452 3198; x_wconf 85' lang='grc' dir='ltr'><strong>τε.</strong></span> 
     </span>
    </p>
   </div>
   <div class='ocr_carea' id='block_1_76' title="bbox 2197 3213 3688 3299">
    <p class='ocr_par' dir='ltr' id='par_1_76' title="bbox 2197 3213 3688 3299">
     <span class='ocr_line' id='line_1_78' title="bbox 2197 3213 3688 3299; baseline -0.015 -12"><span class='ocrx_word' id='word_1_525' title='bbox 2412 3213 3037 3299; x_wconf 51' lang='grc' dir='ltr'><strong>Βγᾎᾯκὲανοῖοτόσον</strong></span> <span class='ocrx_word' id='word_1_526' title='bbox 3065 3213 3479 3299; x_wconf 56' lang='grc' dir='ltr'>παραμείϐεται</span> <span class='ocrx_word' id='word_1_527' title='bbox 3503 3213 3688 3299; x_wconf 59' lang='lat' dir='ltr'><strong>3564p,</strong></span> 
     </span>
    </p>
   </div>
   <div class='ocr_carea' id='block_1_77' title="bbox 2203 3285 3681 3412">
    <p class='ocr_par' dir='ltr' id='par_1_77' title="bbox 2203 3285 3681 3412">
     <span class='ocr_line' id='line_1_79' title="bbox 2203 3285 3681 3412; baseline -0.014 -56"><span class='ocrx_word' id='word_1_528' title='bbox 2203 3285 2428 3356; x_wconf 59' lang='grc' dir='ltr'><strong>ἱ’ὄσ-(ὧν</strong></span> <span class='ocrx_word' id='word_1_529' title='bbox 2451 3285 2550 3354; x_wconf 55' lang='grc' dir='ltr'><strong>ἀπ’</strong></span> <span class='ocrx_word' id='word_1_530' title='bbox 2580 3293 2934 3365; x_wconf 75' lang='grc' dir='ltr'>Αἱτοκερῆος</span> <span class='ocrx_word' id='word_1_531' title='bbox 2953 3285 3370 3412; x_wconf 62' lang='grc' dir='ltr'>ἀνερέομένοιο</span> <span class='ocrx_word' id='word_1_532' title='bbox 3398 3285 3681 3354; x_wconf 83' lang='grc' dir='ltr'>μάλιστα</span> 
     </span>
     <span class='ocr_line' id='line_1_80' title="bbox 2208 3363 3381 3412; baseline -0.002 0"><span class='ocrx_word' id='word_1_533' title='bbox 2208 3373 2500 3412; x_wconf 74' lang='grc' dir='ltr'><strong>κηηνίνην</strong></span> <span class='ocrx_word' id='word_1_534' title='bbox 2521 3370 2608 3412; x_wconf 66' lang='grc' dir='ltr'>ειτ-</span> <span class='ocrx_word' id='word_1_535' title='bbox 2638 3367 2883 3412; x_wconf 74' lang='grc' dir='ltr'>ἀνιόντα</span> <span class='ocrx_word' id='word_1_536' title='bbox 2911 3363 3089 3412; x_wconf 73' lang='grc' dir='ltr'>κυλίν·</span> <span class='ocrx_word' id='word_1_537' title='bbox 3127 3375 3272 3412; x_wconf 86' lang='grc' dir='ltr'>εται.</span> <span class='ocrx_word' id='word_1_538' title='bbox 3294 3395 3308 3409; x_wconf 93' lang='grc'><strong>.</strong></span> <span class='ocrx_word' id='word_1_539' title='bbox 3331 3395 3345 3410; x_wconf 90' lang='grc'><strong>.</strong></span> <span class='ocrx_word' id='word_1_540' title='bbox 3367 3395 3381 3410; x_wconf 91' lang='grc'><strong>.</strong></span> 
     </span>
    </p>
   </div>
   <div class='ocr_carea' id='block_1_78' title="bbox 2203 3364 3381 3442">
    <p class='ocr_par' dir='ltr' id='par_1_78' title="bbox 2203 3364 3381 3442">
     <span class='ocr_line' id='line_1_81' title="bbox 2203 3364 3381 3442; baseline -0.016 -14"><span class='ocrx_word' id='word_1_541' title='bbox 2203 3373 2500 3442; x_wconf 75' lang='grc' dir='ltr'>Καρκίνον</span> <span class='ocrx_word' id='word_1_542' title='bbox 2521 3370 2608 3434; x_wconf 81' lang='grc' dir='ltr'><strong>είς</strong></span> <span class='ocrx_word' id='word_1_543' title='bbox 2638 3364 2883 3421; x_wconf 78' lang='grc' dir='ltr'>ἀνιόντα</span> <span class='ocrx_word' id='word_1_544' title='bbox 2911 3364 3272 3415; x_wconf 74' lang='grc' dir='ltr'>κυλίνδεται.</span> <span class='ocrx_word' id='word_1_545' title='bbox 3294 3395 3308 3409; x_wconf 94' lang='grc'><strong>.</strong></span> <span class='ocrx_word' id='word_1_546' title='bbox 3331 3395 3345 3410; x_wconf 91' lang='grc'><strong>.</strong></span> <span class='ocrx_word' id='word_1_547' title='bbox 3367 3395 3381 3410; x_wconf 92' lang='grc'><strong>.</strong></span> 
     </span>
    </p>
   </div>
   <div class='ocr_carea' id='block_1_79' title="bbox 2273 3465 3761 3556">
    <p class='ocr_par' dir='ltr' id='par_1_79' title="bbox 2273 3465 3761 3556">
     <span class='ocr_line' id='line_1_82' title="bbox 2273 3465 3761 3556; baseline -0.015 -19"><span class='ocrx_word' id='word_1_548' title='bbox 2273 3483 2439 3556; x_wconf 81' lang='grc' dir='ltr'>Δῆλον</span> <span class='ocrx_word' id='word_1_549' title='bbox 2475 3476 2566 3534; x_wconf 80' lang='grc' dir='ltr'><strong>οὖν</strong></span> <span class='ocrx_word' id='word_1_550' title='bbox 2597 3479 2662 3532; x_wconf 80' lang='grc' dir='ltr'>ὲκ</span> <span class='ocrx_word' id='word_1_551' title='bbox 2692 3475 2914 3540; x_wconf 89' lang='grc' dir='ltr'>τούτων,</span> <span class='ocrx_word' id='word_1_552' title='bbox 2947 3474 3028 3526; x_wconf 82' lang='grc' dir='ltr'>ὅτι</span> <span class='ocrx_word' id='word_1_553' title='bbox 3061 3471 3128 3525; x_wconf 84' lang='grc' dir='ltr'><strong>τά</strong></span> <span class='ocrx_word' id='word_1_554' title='bbox 3170 3467 3403 3540; x_wconf 88' lang='grc' dir='ltr'>τροπικά</span> <span class='ocrx_word' id='word_1_555' title='bbox 3453 3469 3660 3540; x_wconf 84' lang='grc' dir='ltr'>σημεῖα</span> <span class='ocrx_word' id='word_1_556' title='bbox 3705 3465 3761 3516; x_wconf 78' lang='grc' dir='ltr'>ἐν</span> 
     </span>
    </p>
   </div>
   <div class='ocr_carea' id='block_1_80' title="bbox 2202 3557 3760 3644">
    <p class='ocr_par' dir='ltr' id='par_1_80' title="bbox 2202 3557 3760 3644">
     <span class='ocr_line' id='line_1_83' title="bbox 2202 3557 3760 3644; baseline -0.013 -15"><span class='ocrx_word' id='word_1_557' title='bbox 2202 3577 2322 3638; x_wconf 78' lang='grc' dir='ltr'>ταῖς</span> <span class='ocrx_word' id='word_1_558' title='bbox 2350 3575 2543 3644; x_wconf 82' lang='grc' dir='ltr'>ἀρχαῖς</span> <span class='ocrx_word' id='word_1_559' title='bbox 2571 3567 2882 3622; x_wconf 82' lang='grc' dir='ltr'>ὑποτίθεται</span> <span class='ocrx_word' id='word_1_560' title='bbox 2900 3581 2915 3596; x_wconf 78' lang='grc' dir='ltr'><strong>ο</strong></span> <span class='ocrx_word' id='word_1_561' title='bbox 2943 3564 3003 3618; x_wconf 74' lang='grc' dir='ltr'><strong>τὸ</strong></span> <span class='ocrx_word' id='word_1_562' title='bbox 3038 3563 3133 3644; x_wconf 45' lang='grc' dir='ltr'>μιὲν</span> <span class='ocrx_word' id='word_1_563' title='bbox 3155 3565 3210 3615; x_wconf 83' lang='grc' dir='ltr'>ὲν</span> <span class='ocrx_word' id='word_1_564' title='bbox 3239 3564 3305 3631; x_wconf 77' lang='grc' dir='ltr'>τῇ</span> <span class='ocrx_word' id='word_1_565' title='bbox 3331 3557 3426 3612; x_wconf 82' lang='grc' dir='ltr'><strong>τοῦ</strong></span> <span class='ocrx_word' id='word_1_566' title='bbox 3460 3559 3760 3630; x_wconf 79' lang='grc' dir='ltr'>Καρκίνου,</span> 
     </span>
    </p>
   </div>
   <div class='ocr_carea' id='block_1_81' title="bbox 2204 3627 3764 3735">
    <p class='ocr_par' dir='ltr' id='par_1_81' title="bbox 2204 3627 3764 3735">
     <span class='ocr_line' id='line_1_84' title="bbox 2204 3627 3764 3735; baseline -0.012 -15"><span class='ocrx_word' id='word_1_567' title='bbox 2204 3627 2266 3720; x_wconf 74' lang='grc' dir='ltr'><strong>τδ</strong></span> <span class='ocrx_word' id='word_1_568' title='bbox 2359 3627 2638 3735; x_wconf 43' lang='lat' dir='ltr'><strong>svum-1:05</strong></span> <span class='ocrx_word' id='word_1_569' title='bbox 2673 3659 2971 3728; x_wconf 80' lang='grc' dir='ltr'>Δίγὸκερω.</span> <span class='ocrx_word' id='word_1_570' title='bbox 3003 3627 3112 3726; x_wconf 42' lang='lat' dir='ltr'><strong>T&#39;iq‘v</strong></span> <span class='ocrx_word' id='word_1_571' title='bbox 3139 3655 3248 3726; x_wconf 87' lang='grc' dir='ltr'><strong>γάρ</strong></span> <span class='ocrx_word' id='word_1_572' title='bbox 3416 3627 3624 3705; x_wconf 79' lang='grc' dir='ltr'>τούτων</span> <span class='ocrx_word' id='word_1_573' title='bbox 3656 3650 3764 3702; x_wconf 84' lang='grc' dir='ltr'><strong>τῶν</strong></span> 
     </span>
    </p>
   </div>
   <div class='ocr_carea' id='block_1_82' title="bbox 2209 3740 3762 3827">
    <p class='ocr_par' dir='ltr' id='par_1_82' title="bbox 2209 3740 3762 3827">
     <span class='ocr_line' id='line_1_85' title="bbox 2209 3740 3762 3827; baseline -0.01 -19"><span class='ocrx_word' id='word_1_574' title='bbox 2209 3755 2447 3827; x_wconf 89' lang='grc' dir='ltr'>σημείων</span> <span class='ocrx_word' id='word_1_575' title='bbox 2475 3755 2532 3804; x_wconf 80' lang='grc' dir='ltr'>ὲν</span> <span class='ocrx_word' id='word_1_576' title='bbox 2551 3753 2668 3814; x_wconf 86' lang='grc' dir='ltr'>ταῖς</span> <span class='ocrx_word' id='word_1_577' title='bbox 2691 3747 2970 3810; x_wconf 85' lang='grc' dir='ltr'>ἀνατολαῖς</span> <span class='ocrx_word' id='word_1_578' title='bbox 2999 3746 3170 3798; x_wconf 83' lang='grc' dir='ltr'>αὐτῶν</span> <span class='ocrx_word' id='word_1_579' title='bbox 3193 3742 3638 3813; x_wconf 76' lang='grc' dir='ltr'>ἀποτεμνομένην</span> <span class='ocrx_word' id='word_1_580' title='bbox 3671 3740 3762 3794; x_wconf 67' lang='grc' dir='ltr'>τοῦ</span> 
     </span>
    </p>
   </div>
   <div class='ocr_carea' id='block_1_83' title="bbox 2207 3834 3762 3918">
    <p class='ocr_par' dir='ltr' id='par_1_83' title="bbox 2207 3834 3762 3918">
     <span class='ocr_line' id='line_1_86' title="bbox 2207 3834 3762 3918; baseline -0.01 -18"><span class='ocrx_word' id='word_1_581' title='bbox 2207 3846 2478 3918; x_wconf 76' lang='grc' dir='ltr'>ὁρίζοντος</span> <span class='ocrx_word' id='word_1_582' title='bbox 2525 3841 2874 3914; x_wconf 81' lang='grc' dir='ltr'>περιφέρειαν</span> <span class='ocrx_word' id='word_1_583' title='bbox 2918 3841 2946 3891; x_wconf 88' lang='grc' dir='ltr'>ὁ</span> <span class='ocrx_word' id='word_1_584' title='bbox 2992 3836 3249 3901; x_wconf 81' lang='grc' dir='ltr'>ζωδιακὸς</span> <span class='ocrx_word' id='word_1_585' title='bbox 3292 3834 3598 3888; x_wconf 79' lang='grc' dir='ltr'>ἀνατέλλων</span> <span class='ocrx_word' id='word_1_586' title='bbox 3642 3835 3762 3886; x_wconf 65' lang='lat' dir='ltr'><strong>tm-</strong></span> 
     </span>
    </p>
   </div>
   <div class='ocr_carea' id='block_1_84' title="bbox 2211 3918 3762 4011">
    <p class='ocr_par' dir='ltr' id='par_1_84' title="bbox 2211 3918 3762 4011">
     <span class='ocr_line' id='line_1_87' title="bbox 2211 3918 3762 4011; baseline -0.01 -18"><span class='ocrx_word' id='word_1_587' title='bbox 2211 3938 2518 4011; x_wconf 88' lang='grc' dir='ltr'>πορεύεται.</span> <span class='ocrx_word' id='word_1_588' title='bbox 2554 3933 2708 3999; x_wconf 80' lang='grc' dir='ltr'>Δόξαι</span> <span class='ocrx_word' id='word_1_589' title='bbox 2752 3933 2796 3986; x_wconf 81' lang='grc' dir='ltr'>δ’</span> <span class='ocrx_word' id='word_1_590' title='bbox 2831 3934 2895 3985; x_wconf 78' lang='grc' dir='ltr'>ἂν</span> <span class='ocrx_word' id='word_1_591' title='bbox 2929 3929 3212 4001; x_wconf 75' lang='grc' dir='ltr'>ἐμφαίνειν</span> <span class='ocrx_word' id='word_1_592' title='bbox 3252 3925 3408 3981; x_wconf 79' lang='grc' dir='ltr'>τοῦτο</span> <span class='ocrx_word' id='word_1_593' title='bbox 3455 3924 3553 3979; x_wconf 76' lang='grc' dir='ltr'><strong>καὶ</strong></span> <span class='ocrx_word' id='word_1_594' title='bbox 3588 3925 3650 3992; x_wconf 73' lang='grc' dir='ltr'><strong>ἐξ</strong></span> <span class='ocrx_word' id='word_1_595' title='bbox 3691 3918 3762 3978; x_wconf 78' lang='grc' dir='ltr'><strong>ὧν</strong></span> 
     </span>
    </p>
   </div>
   <div class='ocr_carea' id='block_1_85' title="bbox 2212 4022 3133 4103">
    <p class='ocr_par' dir='ltr' id='par_1_85' title="bbox 2212 4022 3133 4103">
     <span class='ocr_line' id='line_1_88' title="bbox 2212 4022 3133 4103; baseline -0.015 -17"><span class='ocrx_word' id='word_1_596' title='bbox 2212 4033 2338 4103; x_wconf 81' lang='grc' dir='ltr'><strong>περὶ</strong></span> <span class='ocrx_word' id='word_1_597' title='bbox 2362 4029 2454 4082; x_wconf 74' lang='grc' dir='ltr'><strong>τοῦ</strong></span> <span class='ocrx_word' id='word_1_598' title='bbox 2488 4027 2709 4089; x_wconf 84' lang='grc' dir='ltr'>Λέοντος</span> <span class='ocrx_word' id='word_1_599' title='bbox 2736 4024 2908 4093; x_wconf 81' lang='grc' dir='ltr'>λέγων</span> <span class='ocrx_word' id='word_1_600' title='bbox 2939 4022 3100 4093; x_wconf 85' lang='grc' dir='ltr'>φησίν</span> <span class='ocrx_word' id='word_1_601' title='bbox 3120 4037 3133 4051; x_wconf 85' lang='grc'><strong>·</strong></span> 
     </span>
    </p>
   </div>
   <div class='ocr_carea' id='block_1_86' title="bbox 2214 4112 3581 4190">
    <p class='ocr_par' dir='ltr' id='par_1_86' title="bbox 2214 4112 3581 4190">
     <span class='ocr_line' id='line_1_89' title="bbox 2214 4112 3581 4190; baseline -0.01 -14"><span class='ocrx_word' id='word_1_602' title='bbox 2214 4125 2393 4176; x_wconf 84' lang='grc' dir='ltr'><strong>Ἔνθα</strong></span> <span class='ocrx_word' id='word_1_603' title='bbox 2413 4122 2528 4190; x_wconf 80' lang='grc' dir='ltr'><strong>μὲν</strong></span> <span class='ocrx_word' id='word_1_604' title='bbox 2552 4118 2774 4190; x_wconf 75' lang='grc' dir='ltr'>ἠελίοιο</span> <span class='ocrx_word' id='word_1_605' title='bbox 2803 4113 3125 4190; x_wconf 80' lang='grc' dir='ltr'>θερείταταί</span> <span class='ocrx_word' id='word_1_606' title='bbox 3150 4115 3269 4190; x_wconf 73' lang='grc' dir='ltr'>εἷο-ι</span> <span class='ocrx_word' id='word_1_607' title='bbox 3299 4112 3581 4190; x_wconf 61' lang='grc' dir='ltr'>κέλευθοι.</span> 
     </span>
    </p>
   </div>
   <div class='ocr_carea' id='block_1_87' title="bbox 2207 4180 3715 4255">
    <p class='ocr_par' dir='ltr' id='par_1_87' title="bbox 2207 4180 3715 4255">
     <span class='ocr_line' id='line_1_90' title="bbox 2207 4180 3715 4255; baseline -0.011 -8"><span class='ocrx_word' id='word_1_608' title='bbox 2207 4197 2271 4248; x_wconf 75' lang='lat' dir='ltr'><strong>Al</strong></span> <span class='ocrx_word' id='word_1_609' title='bbox 2296 4191 2362 4245; x_wconf 84' lang='grc' dir='ltr'><strong>δέ</strong></span> <span class='ocrx_word' id='word_1_610' title='bbox 2394 4180 2509 4244; x_wconf 50' lang='lat' dir='ltr'><strong>nov</strong></span> <span class='ocrx_word' id='word_1_611' title='bbox 2537 4180 3084 4255; x_wconf 50' lang='grc' dir='ltr'>ἀάτιιχύωνάενεαὶ</span> <span class='ocrx_word' id='word_1_612' title='bbox 3111 4185 3422 4255; x_wconf 55' lang='grc' dir='ltr'>φαίνονται</span> <span class='ocrx_word' id='word_1_613' title='bbox 3457 4180 3715 4247; x_wconf 79' lang='grc' dir='ltr'>ἄρουραι,</span> 
     </span>
    </p>
   </div>
   <div class='ocr_carea' id='block_1_88' title="bbox 2224 4252 3512 4325">
    <p class='ocr_par' dir='ltr' id='par_1_88' title="bbox 2224 4252 3512 4325">
     <span class='ocr_line' id='line_1_91' title="bbox 2224 4252 3512 4325; baseline -0.011 -8"><span class='ocrx_word' id='word_1_614' title='bbox 2224 4263 2451 4317; x_wconf 81' lang='grc' dir='ltr'>Ἠελίου</span> <span class='ocrx_word' id='word_1_615' title='bbox 2479 4258 2548 4312; x_wconf 85' lang='grc' dir='ltr'>τὰ</span> <span class='ocrx_word' id='word_1_616' title='bbox 2579 4252 2778 4325; x_wconf 74' lang='grc' dir='ltr'>πρῶτα</span> <span class='ocrx_word' id='word_1_617' title='bbox 2809 4253 3271 4324; x_wconf 76' lang='grc' dir='ltr'>συνερχομένοιο</span> <span class='ocrx_word' id='word_1_618' title='bbox 3294 4252 3512 4306; x_wconf 73' lang='grc' dir='ltr'>Λέοντι.</span> 
     </span>
    </p>
   </div>
   <div class='ocr_carea' id='block_1_89' title="bbox 636 4361 2099 4448">
    <p class='ocr_par' dir='ltr' id='par_1_89' title="bbox 636 4374 2099 4438">
     <span class='ocr_line' id='line_1_92' title="bbox 636 4374 2099 4438; baseline -0.005 -2"><span class='ocrx_word' id='word_1_619' title='bbox 636 4384 843 4438; x_wconf 87' lang='lat' dir='ltr'><strong>Etenim</strong></span> <span class='ocrx_word' id='word_1_620' title='bbox 875 4382 974 4437; x_wconf 91' lang='lat' dir='ltr'><strong>sub</strong></span> <span class='ocrx_word' id='word_1_621' title='bbox 1005 4386 1252 4436; x_wconf 80' lang='lat' dir='ltr'><strong>exortum</strong></span> <span class='ocrx_word' id='word_1_622' title='bbox 1276 4378 1438 4434; x_wconf 91' lang='lat' dir='ltr'><strong>Canis</strong></span> <span class='ocrx_word' id='word_1_623' title='bbox 1459 4385 1625 4433; x_wconf 59' lang='lat' dir='ltr'><strong>aestus</strong></span> <span class='ocrx_word' id='word_1_624' title='bbox 1651 4376 1970 4432; x_wconf 90' lang='lat' dir='ltr'><strong>intenditur.</strong></span> <span class='ocrx_word' id='word_1_625' title='bbox 1997 4374 2099 4430; x_wconf 89' lang='lat' dir='ltr'><strong>Ori-</strong></span> 
     </span>
    </p>
   </div>
   <div class='ocr_carea' id='block_1_90' title="bbox 2198 4361 3761 4448">
    <p class='ocr_par' dir='ltr' id='par_1_90' title="bbox 2214 4361 3761 4448">
     <span class='ocr_line' id='line_1_93' title="bbox 2214 4361 3761 4448; baseline -0.01 -19"><span class='ocrx_word' id='word_1_626' title='bbox 2214 4375 2350 4447; x_wconf 69' lang='grc' dir='ltr'>Περὶ</span> <span class='ocrx_word' id='word_1_627' title='bbox 2378 4373 2484 4444; x_wconf 83' lang='grc' dir='ltr'>γὰρ</span> <span class='ocrx_word' id='word_1_628' title='bbox 2517 4371 2613 4443; x_wconf 78' lang='grc' dir='ltr'>τὴν</span> <span class='ocrx_word' id='word_1_629' title='bbox 2643 4368 2736 4422; x_wconf 75' lang='grc' dir='ltr'>τοῦ</span> <span class='ocrx_word' id='word_1_630' title='bbox 2773 4366 2946 4430; x_wconf 81' lang='grc' dir='ltr'>Κυνὸς</span> <span class='ocrx_word' id='word_1_631' title='bbox 2975 4365 3236 4448; x_wconf 73' lang='grc' dir='ltr'>ἀνατολὴν</span> <span class='ocrx_word' id='word_1_632' title='bbox 3283 4365 3377 4417; x_wconf 76' lang='grc' dir='ltr'><strong>καὶ</strong></span> <span class='ocrx_word' id='word_1_633' title='bbox 3415 4362 3479 4416; x_wconf 83' lang='grc' dir='ltr'><strong>τὰ</strong></span> <span class='ocrx_word' id='word_1_634' title='bbox 3505 4361 3761 4432; x_wconf 76' lang='grc' dir='ltr'>καύματα</span> 
     </span>
    </p>
   </div>
   <div class='ocr_carea' id='block_1_91' title="bbox 566 4467 2113 4544">
    <p class='ocr_par' dir='ltr' id='par_1_91' title="bbox 566 4467 2113 4544">
     <span class='ocr_line' id='line_1_94' title="bbox 566 4467 2113 4544; baseline -0.005 -14"><span class='ocrx_word' id='word_1_635' title='bbox 566 4487 651 4531; x_wconf 87' lang='lat' dir='ltr'><strong>tur</strong></span> <span class='ocrx_word' id='word_1_636' title='bbox 681 4491 808 4529; x_wconf 82' lang='lat' dir='ltr'><strong>vero</strong></span> <span class='ocrx_word' id='word_1_637' title='bbox 841 4484 959 4544; x_wconf 90' lang='lat' dir='ltr'><strong>post</strong></span> <span class='ocrx_word' id='word_1_638' title='bbox 996 4473 1064 4527; x_wconf 82' lang='grc'><strong>50</strong></span> <span class='ocrx_word' id='word_1_639' title='bbox 1107 4471 1322 4525; x_wconf 88' lang='lat' dir='ltr'><strong>circiter</strong></span> <span class='ocrx_word' id='word_1_640' title='bbox 1366 4471 1482 4524; x_wconf 89' lang='lat' dir='ltr'><strong>dies</strong></span> <span class='ocrx_word' id='word_1_641' title='bbox 1529 4469 1596 4522; x_wconf 90' lang='lat' dir='ltr'><strong>ab</strong></span> <span class='ocrx_word' id='word_1_642' title='bbox 1641 4469 1827 4522; x_wconf 62' lang='lat' dir='ltr'><strong>aestivo</strong></span> <span class='ocrx_word' id='word_1_643' title='bbox 1858 4467 2113 4523; x_wconf 84' lang='lat' dir='ltr'><strong>solstitio.</strong></span> 
     </span>
    </p>
   </div>
   <div class='ocr_carea' id='block_1_92' title="bbox 566 4561 2118 4637">
    <p class='ocr_par' dir='ltr' id='par_1_92' title="bbox 566 4561 2118 4637">
     <span class='ocr_line' id='line_1_95' title="bbox 566 4561 2118 4637; baseline -0.005 -15"><span class='ocrx_word' id='word_1_644' title='bbox 566 4569 746 4633; x_wconf 86' lang='lat' dir='ltr'><strong>Quare</strong></span> <span class='ocrx_word' id='word_1_645' title='bbox 787 4576 910 4637; x_wconf 90' lang='lat' dir='ltr'><strong>post</strong></span> <span class='ocrx_word' id='word_1_646' title='bbox 959 4564 1184 4620; x_wconf 86' lang='lat' dir='ltr'><strong>totidem</strong></span> <span class='ocrx_word' id='word_1_647' title='bbox 1229 4562 1364 4628; x_wconf 89' lang='lat' dir='ltr'><strong>dies,</strong></span> <span class='ocrx_word' id='word_1_648' title='bbox 1397 4577 1462 4617; x_wconf 81' lang='lat' dir='ltr'><strong>ex</strong></span> <span class='ocrx_word' id='word_1_649' title='bbox 1518 4562 1662 4616; x_wconf 87' lang='lat' dir='ltr'><strong>illius</strong></span> <span class='ocrx_word' id='word_1_650' title='bbox 1709 4561 1981 4630; x_wconf 81' lang='lat' dir='ltr'><strong>Opinione,</strong></span> <span class='ocrx_word' id='word_1_651' title='bbox 2035 4561 2118 4615; x_wconf 91' lang='lat' dir='ltr'><strong>sol</strong></span> 
     </span>
    </p>
   </div>
   <div class='ocr_carea' id='block_1_93' title="bbox 569 4654 2118 4730">
    <p class='ocr_par' dir='ltr' id='par_1_93' title="bbox 569 4654 2118 4730">
     <span class='ocr_line' id='line_1_96' title="bbox 569 4654 2118 4730; baseline -0.005 -16"><span class='ocrx_word' id='word_1_652' title='bbox 569 4661 763 4716; x_wconf 81' lang='lat' dir='ltr'><strong>Leonis</strong></span> <span class='ocrx_word' id='word_1_653' title='bbox 788 4660 945 4730; x_wconf 75' lang='lat'><strong>120</strong></span> <span class='ocrx_word' id='word_1_654' title='bbox 965 4658 1174 4712; x_wconf 90' lang='lat' dir='ltr'><strong>initium</strong></span> <span class='ocrx_word' id='word_1_655' title='bbox 1199 4656 1420 4710; x_wconf 87' lang='lat' dir='ltr'><strong>obtinet.</strong></span> <span class='ocrx_word' id='word_1_656' title='bbox 1442 4654 1498 4708; x_wconf 84' lang='lat' dir='ltr'><strong>In</strong></span> <span class='ocrx_word' id='word_1_657' title='bbox 1520 4657 1710 4710; x_wconf 88' lang='lat' dir='ltr'><strong>eodem</strong></span> <span class='ocrx_word' id='word_1_658' title='bbox 1734 4670 1864 4724; x_wconf 83' lang='lat' dir='ltr'><strong>ergo</strong></span> <span class='ocrx_word' id='word_1_659' title='bbox 1885 4655 2118 4710; x_wconf 89' lang='lat' dir='ltr'><strong>solstitio</strong></span> 
     </span>
    </p>
   </div>
   <div class='ocr_carea' id='block_1_94' title="bbox 568 4742 2120 4822">
    <p class='ocr_par' dir='ltr' id='par_1_94' title="bbox 568 4742 2120 4822">
     <span class='ocr_line' id='line_1_97' title="bbox 568 4742 2120 4822; baseline -0.005 -16"><span class='ocrx_word' id='word_1_660' title='bbox 568 4753 761 4807; x_wconf 80' lang='lat' dir='ltr'><strong>Cancri</strong></span> <span class='ocrx_word' id='word_1_661' title='bbox 797 4742 1123 4822; x_wconf 84' lang='lat' dir='ltr'><strong>principium</strong></span> <span class='ocrx_word' id='word_1_662' title='bbox 1159 4758 1321 4805; x_wconf 90' lang='lat' dir='ltr'><strong>tenet.</strong></span> <span class='ocrx_word' id='word_1_663' title='bbox 1352 4751 1524 4819; x_wconf 87' lang='lat' dir='ltr'><strong>Atque</strong></span> <span class='ocrx_word' id='word_1_664' title='bbox 1561 4748 1664 4803; x_wconf 88' lang='lat' dir='ltr'><strong>hac</strong></span> <span class='ocrx_word' id='word_1_665' title='bbox 1699 4749 1908 4802; x_wconf 89' lang='lat' dir='ltr'><strong>ratione</strong></span> <span class='ocrx_word' id='word_1_666' title='bbox 1939 4747 2120 4802; x_wconf 89' lang='lat' dir='ltr'><strong>zodia-</strong></span> 
     </span>
    </p>
   </div>
   <div class='ocr_carea' id='block_1_95' title="bbox 567 4841 2116 4912">
    <p class='ocr_par' dir='ltr' id='par_1_95' title="bbox 567 4841 2116 4912">
     <span class='ocr_line' id='line_1_98' title="bbox 567 4841 2116 4912; baseline -0.003 -12"><span class='ocrx_word' id='word_1_667' title='bbox 567 4861 690 4900; x_wconf 87' lang='lat' dir='ltr'><strong>cum</strong></span> <span class='ocrx_word' id='word_1_668' title='bbox 738 4845 1004 4899; x_wconf 89' lang='lat' dir='ltr'><strong>circulum</strong></span> <span class='ocrx_word' id='word_1_669' title='bbox 1059 4842 1424 4898; x_wconf 88' lang='lat' dir='ltr'><strong>mathematici</strong></span> <span class='ocrx_word' id='word_1_670' title='bbox 1467 4849 1676 4898; x_wconf 89' lang='lat' dir='ltr'><strong>veteres</strong></span> <span class='ocrx_word' id='word_1_671' title='bbox 1726 4841 2116 4912; x_wconf 80' lang='lat' dir='ltr'><strong>propemodum</strong></span> 
     </span>
    </p>
   </div>
   <div class='ocr_carea' id='block_1_96' title="bbox 553 4934 1585 5005">
    <p class='ocr_par' dir='ltr' id='par_1_96' title="bbox 553 4934 1585 5005">
     <span class='ocr_line' id='line_1_99' title="bbox 553 4934 1585 5005; baseline -0.002 -14"><span class='ocrx_word' id='word_1_672' title='bbox 553 4951 779 4999; x_wconf 83' lang='lat' dir='ltr'><strong>-omnes,</strong></span> <span class='ocrx_word' id='word_1_673' title='bbox 811 4943 903 4990; x_wconf 87' lang='lat' dir='ltr'><strong>aut</strong></span> <span class='ocrx_word' id='word_1_674' title='bbox 930 4934 1192 5005; x_wconf 90' lang='lat' dir='ltr'><strong>plerique,</strong></span> <span class='ocrx_word' id='word_1_675' title='bbox 1223 4935 1408 5004; x_wconf 89' lang='lat' dir='ltr'><strong>partiti</strong></span> <span class='ocrx_word' id='word_1_676' title='bbox 1439 4944 1585 4990; x_wconf 90' lang='lat' dir='ltr'><strong>sunt.</strong></span> 
     </span>
    </p>
   </div>
   <div class='ocr_carea' id='block_1_97' title="bbox 643 5093 2122 5164">
    <p class='ocr_par' dir='ltr' id='par_1_97' title="bbox 643 5093 2122 5164">
     <span class='ocr_line' id='line_1_100' title="bbox 643 5093 2122 5164; baseline -0.001 -17"><span class='ocrx_word' id='word_1_677' title='bbox 643 5093 899 5147; x_wconf 81' lang='lat' dir='ltr'><strong>Eudoxus</strong></span> <span class='ocrx_word' id='word_1_678' title='bbox 929 5109 1055 5149; x_wconf 89' lang='lat' dir='ltr'><strong>vero</strong></span> <span class='ocrx_word' id='word_1_679' title='bbox 1083 5095 1289 5163; x_wconf 89' lang='lat' dir='ltr'><strong>tropica</strong></span> <span class='ocrx_word' id='word_1_680' title='bbox 1317 5103 1516 5164; x_wconf 85' lang='lat' dir='ltr'><strong>puncta</strong></span> <span class='ocrx_word' id='word_1_681' title='bbox 1546 5108 1604 5149; x_wconf 91' lang='lat' dir='ltr'><strong>se</strong></span> <span class='ocrx_word' id='word_1_682' title='bbox 1639 5095 1696 5148; x_wconf 90' lang='lat' dir='ltr'><strong>in</strong></span> <span class='ocrx_word' id='word_1_683' title='bbox 1735 5094 1927 5148; x_wconf 89' lang='lat' dir='ltr'><strong>mediis</strong></span> <span class='ocrx_word' id='word_1_684' title='bbox 1958 5093 2122 5147; x_wconf 92' lang='lat' dir='ltr'><strong>collo-</strong></span> 
     </span>
    </p>
   </div>
   <div class='ocr_carea' id='block_1_98' title="bbox 571 5183 2126 5253">
    <p class='ocr_par' dir='ltr' id='par_1_98' title="bbox 571 5183 2126 5253">
     <span class='ocr_line' id='line_1_101' title="bbox 571 5183 2126 5253; baseline 0.001 -17"><span class='ocrx_word' id='word_1_685' title='bbox 571 5199 698 5238; x_wconf 86' lang='lat' dir='ltr'><strong>care</strong></span> <span class='ocrx_word' id='word_1_686' title='bbox 729 5183 897 5253; x_wconf 79' lang='lat' dir='ltr'><strong>signis</strong></span> <span class='ocrx_word' id='word_1_687' title='bbox 933 5184 987 5237; x_wconf 92' lang='lat' dir='ltr'><strong>in</strong></span> <span class='ocrx_word' id='word_1_688' title='bbox 1016 5185 1128 5240; x_wconf 66' lang='lat' dir='ltr'><strong>haec</strong></span> <span class='ocrx_word' id='word_1_689' title='bbox 1157 5187 1320 5240; x_wconf 86' lang='lat' dir='ltr'><strong>verba</strong></span> <span class='ocrx_word' id='word_1_690' title='bbox 1363 5195 1588 5241; x_wconf 88' lang='lat' dir='ltr'><strong>testatur</strong></span> <span class='ocrx_word' id='word_1_691' title='bbox 1625 5205 1638 5240; x_wconf 88' lang='lat'><strong>:</strong></span> <span class='ocrx_word' id='word_1_692' title='bbox 1677 5207 1694 5237; x_wconf 86' lang='grc'><strong>‹</strong></span> <span class='ocrx_word' id='word_1_693' title='bbox 1728 5183 2010 5241; x_wconf 89' lang='lat' dir='ltr'><strong>Secundus</strong></span> <span class='ocrx_word' id='word_1_694' title='bbox 2043 5193 2126 5241; x_wconf 90' lang='lat' dir='ltr'><strong>est</strong></span> 
     </span>
    </p>
   </div>
   <div class='ocr_carea' id='block_1_99' title="bbox 573 5274 2122 5346">
    <p class='ocr_par' dir='ltr' id='par_1_99' title="bbox 573 5274 2122 5346">
     <span class='ocr_line' id='line_1_102' title="bbox 573 5274 2122 5346; baseline 0.001 -18"><span class='ocrx_word' id='word_1_695' title='bbox 573 5275 831 5342; x_wconf 86' lang='lat' dir='ltr'><strong>circulus,</strong></span> <span class='ocrx_word' id='word_1_696' title='bbox 864 5274 917 5329; x_wconf 90' lang='lat' dir='ltr'><strong>in</strong></span> <span class='ocrx_word' id='word_1_697' title='bbox 949 5292 1057 5346; x_wconf 88' lang='lat' dir='ltr'><strong>quo</strong></span> <span class='ocrx_word' id='word_1_698' title='bbox 1100 5277 1486 5333; x_wconf 82' lang='lat' dir='ltr'><strong>conversiones</strong></span> <span class='ocrx_word' id='word_1_699' title='bbox 1526 5278 1726 5333; x_wconf 65' lang='lat' dir='ltr'><strong>:estivaa</strong></span> <span class='ocrx_word' id='word_1_700' title='bbox 1763 5278 1916 5330; x_wconf 83' lang='lat' dir='ltr'><strong>ﬁunt.</strong></span> <span class='ocrx_word' id='word_1_701' title='bbox 1960 5275 2019 5329; x_wconf 82' lang='grc' dir='ltr'>ιιι</span> <span class='ocrx_word' id='word_1_702' title='bbox 2058 5290 2122 5330; x_wconf 91' lang='lat' dir='ltr'><strong>eo</strong></span> 
     </span>
    </p>
   </div>
   <div class='ocr_carea' id='block_1_100' title="bbox 569 5367 2123 5432">
    <p class='ocr_par' dir='ltr' id='par_1_100' title="bbox 569 5367 2123 5432">
     <span class='ocr_line' id='line_1_103' title="bbox 569 5367 2123 5432; baseline -0.001 -11"><span class='ocrx_word' id='word_1_703' title='bbox 569 5369 736 5422; x_wconf 84' lang='lat' dir='ltr'><strong>situm</strong></span> <span class='ocrx_word' id='word_1_704' title='bbox 778 5376 862 5424; x_wconf 91' lang='lat' dir='ltr'><strong>est</strong></span> <span class='ocrx_word' id='word_1_705' title='bbox 903 5369 1136 5424; x_wconf 87' lang='lat' dir='ltr'><strong>medium</strong></span> <span class='ocrx_word' id='word_1_706' title='bbox 1175 5367 1389 5423; x_wconf 85' lang='lat' dir='ltr'><strong>Cancri.</strong></span> <span class='ocrx_word' id='word_1_707' title='bbox 1431 5389 1448 5420; x_wconf 81' lang='grc' dir='ltr'><strong>ι</strong></span> <span class='ocrx_word' id='word_1_708' title='bbox 1487 5369 1618 5424; x_wconf 89' lang='lat' dir='ltr'><strong>Item</strong></span> <span class='ocrx_word' id='word_1_709' title='bbox 1653 5389 1665 5424; x_wconf 92' lang='lat'><strong>:</strong></span> <span class='ocrx_word' id='word_1_710' title='bbox 1701 5389 1718 5419; x_wconf 81' lang='grc' dir='ltr'><strong>ι</strong></span> <span class='ocrx_word' id='word_1_711' title='bbox 1754 5368 1990 5429; x_wconf 88' lang='lat' dir='ltr'><strong>Tertius,</strong></span> <span class='ocrx_word' id='word_1_712' title='bbox 2026 5369 2123 5432; x_wconf 85' lang='lat' dir='ltr'><strong>ait,</strong></span> 
     </span>
    </p>
   </div>
   <div class='ocr_carea' id='block_1_101' title="bbox 573 5462 2124 5534">
    <p class='ocr_par' dir='ltr' id='par_1_101' title="bbox 573 5462 2124 5534">
     <span class='ocr_line' id='line_1_104' title="bbox 573 5462 2124 5534; baseline -0.001 -17"><span class='ocrx_word' id='word_1_713' title='bbox 573 5474 655 5517; x_wconf 90' lang='lat' dir='ltr'><strong>est</strong></span> <span class='ocrx_word' id='word_1_714' title='bbox 691 5464 950 5528; x_wconf 79' lang='lat' dir='ltr'><strong>circulus,</strong></span> <span class='ocrx_word' id='word_1_715' title='bbox 981 5464 1175 5534; x_wconf 89' lang='lat' dir='ltr'><strong>inquo</strong></span> <span class='ocrx_word' id='word_1_716' title='bbox 1227 5464 1360 5518; x_wconf 83' lang='lat' dir='ltr'><strong>liunt</strong></span> <span class='ocrx_word' id='word_1_717' title='bbox 1401 5465 1744 5534; x_wconf 62' lang='lat' dir='ltr'><strong>aequinoctia.</strong></span> <span class='ocrx_word' id='word_1_718' title='bbox 1780 5463 1839 5517; x_wconf 87' lang='lat' dir='ltr'><strong>In</strong></span> <span class='ocrx_word' id='word_1_719' title='bbox 1877 5477 1941 5517; x_wconf 87' lang='lat' dir='ltr'><strong>eo</strong></span> <span class='ocrx_word' id='word_1_720' title='bbox 1970 5462 2124 5532; x_wconf 86' lang='lat' dir='ltr'><strong>posi-</strong></span> 
     </span>
    </p>
   </div>
   <div class='ocr_carea' id='block_1_102' title="bbox 574 5556 2126 5624">
    <p class='ocr_par' dir='ltr' id='par_1_102' title="bbox 574 5556 2126 5624">
     <span class='ocr_line' id='line_1_105' title="bbox 574 5556 2126 5624; baseline 0.001 -14"><span class='ocrx_word' id='word_1_721' title='bbox 574 5564 688 5611; x_wconf 91' lang='lat' dir='ltr'><strong>tum</strong></span> <span class='ocrx_word' id='word_1_722' title='bbox 717 5567 799 5613; x_wconf 89' lang='lat' dir='ltr'><strong>est</strong></span> <span class='ocrx_word' id='word_1_723' title='bbox 829 5558 1027 5614; x_wconf 77' lang='lat' dir='ltr'><strong>Arietis</strong></span> <span class='ocrx_word' id='word_1_724' title='bbox 1066 5567 1118 5613; x_wconf 88' lang='lat' dir='ltr'><strong>et</strong></span> <span class='ocrx_word' id='word_1_725' title='bbox 1162 5558 1451 5612; x_wconf 82' lang='lat' dir='ltr'><strong>Chelarum</strong></span> <span class='ocrx_word' id='word_1_726' title='bbox 1483 5559 1738 5612; x_wconf 90' lang='lat' dir='ltr'><strong>medium.</strong></span> <span class='ocrx_word' id='word_1_727' title='bbox 1777 5556 2038 5624; x_wconf 83' lang='lat' dir='ltr'><strong>Quartus,</strong></span> <span class='ocrx_word' id='word_1_728' title='bbox 2070 5557 2126 5611; x_wconf 88' lang='lat' dir='ltr'><strong>in</strong></span> 
     </span>
    </p>
   </div>
   <div class='ocr_carea' id='block_1_103' title="bbox 569 5647 2126 5720">
    <p class='ocr_par' dir='ltr' id='par_1_103' title="bbox 569 5647 2126 5720">
     <span class='ocr_line' id='line_1_106' title="bbox 569 5647 2126 5720; baseline 0.003 -20"><span class='ocrx_word' id='word_1_729' title='bbox 569 5663 681 5718; x_wconf 82' lang='lat' dir='ltr'><strong>quo</strong></span> <span class='ocrx_word' id='word_1_730' title='bbox 717 5650 1096 5706; x_wconf 85' lang='lat' dir='ltr'><strong>conversiones</strong></span> <span class='ocrx_word' id='word_1_731' title='bbox 1131 5650 1366 5705; x_wconf 84' lang='lat' dir='ltr'><strong>hibernae</strong></span> <span class='ocrx_word' id='word_1_732' title='bbox 1407 5649 1677 5706; x_wconf 87' lang='lat' dir='ltr'><strong>accidunt.</strong></span> <span class='ocrx_word' id='word_1_733' title='bbox 1726 5647 1786 5707; x_wconf 90' lang='lat' dir='ltr'><strong>ln</strong></span> <span class='ocrx_word' id='word_1_734' title='bbox 1834 5664 1900 5706; x_wconf 87' lang='lat' dir='ltr'><strong>eo</strong></span> <span class='ocrx_word' id='word_1_735' title='bbox 1938 5648 2126 5720; x_wconf 82' lang='lat' dir='ltr'><strong>Capri-</strong></span> 
     </span>
    </p>
   </div>
   <div class='ocr_carea' id='block_1_104' title="bbox 2220 4447 3763 4539">
    <p class='ocr_par' dir='ltr' id='par_1_104' title="bbox 2220 4447 3763 4539">
     <span class='ocr_line' id='line_1_107' title="bbox 2220 4447 3763 4539; baseline -0.009 -20"><span class='ocrx_word' id='word_1_736' title='bbox 2220 4467 2450 4539; x_wconf 83' lang='grc' dir='ltr'>μάλιστα</span> <span class='ocrx_word' id='word_1_737' title='bbox 2478 4463 2706 4531; x_wconf 87' lang='grc' dir='ltr'>γίνεται.</span> <span class='ocrx_word' id='word_1_738' title='bbox 2738 4458 2884 4527; x_wconf 78' lang='grc' dir='ltr'>Αύτη</span> <span class='ocrx_word' id='word_1_739' title='bbox 2924 4457 2979 4510; x_wconf 84' lang='grc' dir='ltr'>δὲ</span> <span class='ocrx_word' id='word_1_740' title='bbox 3025 4447 3229 4524; x_wconf 82' lang='grc' dir='ltr'>γίνεται</span> <span class='ocrx_word' id='word_1_741' title='bbox 3269 4447 3406 4526; x_wconf 84' lang='grc' dir='ltr'><strong>μετά</strong></span> <span class='ocrx_word' id='word_1_742' title='bbox 3449 4454 3489 4506; x_wconf 88' lang='grc' dir='ltr'>λ’</span> <span class='ocrx_word' id='word_1_743' title='bbox 3538 4452 3763 4522; x_wconf 74' lang='grc' dir='ltr'>ἔγγιστα</span> 
     </span>
    </p>
   </div>
   <div class='ocr_carea' id='block_1_105' title="bbox 2216 4545 3766 4629">
    <p class='ocr_par' dir='ltr' id='par_1_105' title="bbox 2216 4545 3766 4629">
     <span class='ocr_line' id='line_1_108' title="bbox 2216 4545 3766 4629; baseline -0.008 -19"><span class='ocrx_word' id='word_1_744' title='bbox 2216 4557 2424 4629; x_wconf 81' lang='grc' dir='ltr'>ἡμέρας</span> <span class='ocrx_word' id='word_1_745' title='bbox 2451 4554 2556 4606; x_wconf 84' lang='grc' dir='ltr'>ἀπὸ</span> <span class='ocrx_word' id='word_1_746' title='bbox 2582 4553 2680 4622; x_wconf 84' lang='grc' dir='ltr'>τῆς</span> <span class='ocrx_word' id='word_1_747' title='bbox 2704 4549 2916 4621; x_wconf 78' lang='grc' dir='ltr'>Θερινῆς</span> <span class='ocrx_word' id='word_1_748' title='bbox 2950 4548 3174 4618; x_wconf 77' lang='grc' dir='ltr'>τροπῆς.</span> <span class='ocrx_word' id='word_1_749' title='bbox 3199 4547 3351 4599; x_wconf 85' lang='grc' dir='ltr'>Μετά</span> <span class='ocrx_word' id='word_1_750' title='bbox 3379 4545 3642 4608; x_wconf 78' lang='grc' dir='ltr'>τοσαύτας</span> <span class='ocrx_word' id='word_1_751' title='bbox 3664 4545 3766 4616; x_wconf 80' lang='grc' dir='ltr'>ἄρα</span> 
     </span>
    </p>
   </div>
   <div class='ocr_carea' id='block_1_106' title="bbox 2219 4633 3766 4719">
    <p class='ocr_par' dir='ltr' id='par_1_106' title="bbox 2219 4633 3766 4719">
     <span class='ocr_line' id='line_1_109' title="bbox 2219 4633 3766 4719; baseline -0.01 -18"><span class='ocrx_word' id='word_1_752' title='bbox 2219 4649 2426 4719; x_wconf 86' lang='grc' dir='ltr'>ἡμέρας</span> <span class='ocrx_word' id='word_1_753' title='bbox 2474 4645 2697 4714; x_wconf 77' lang='grc' dir='ltr'>ἔγγιστα</span> <span class='ocrx_word' id='word_1_754' title='bbox 2739 4641 2858 4694; x_wconf 81' lang='grc' dir='ltr'>κατ’</span> <span class='ocrx_word' id='word_1_755' title='bbox 2889 4639 3046 4692; x_wconf 77' lang='grc' dir='ltr'>αὐτὸν</span> <span class='ocrx_word' id='word_1_756' title='bbox 3073 4640 3101 4691; x_wconf 88' lang='grc' dir='ltr'><strong>ό</strong></span> <span class='ocrx_word' id='word_1_757' title='bbox 3130 4637 3277 4706; x_wconf 65' lang='grc' dir='ltr'>ἣλιος</span> <span class='ocrx_word' id='word_1_758' title='bbox 3300 4637 3357 4689; x_wconf 83' lang='grc' dir='ltr'><strong>έν</strong></span> <span class='ocrx_word' id='word_1_759' title='bbox 3389 4638 3455 4706; x_wconf 84' lang='grc' dir='ltr'>τῇ</span> <span class='ocrx_word' id='word_1_760' title='bbox 3502 4635 3648 4707; x_wconf 79' lang='grc' dir='ltr'>ἀρχῇ</span> <span class='ocrx_word' id='word_1_761' title='bbox 3678 4633 3766 4687; x_wconf 73' lang='grc' dir='ltr'>τοῦ</span> 
     </span>
    </p>
   </div>
   <div class='ocr_carea' id='block_1_107' title="bbox 2220 4727 3772 4804">
    <p class='ocr_par' dir='ltr' id='par_1_107' title="bbox 2220 4727 3772 4804">
     <span class='ocr_line' id='line_1_110' title="bbox 2220 4727 3772 4804; baseline -0.008 -13"><span class='ocrx_word' id='word_1_762' title='bbox 2220 4739 2443 4800; x_wconf 85' lang='grc' dir='ltr'>Λέοντος</span> <span class='ocrx_word' id='word_1_763' title='bbox 2495 4735 2724 4804; x_wconf 87' lang='grc' dir='ltr'>γίνεται.</span> <span class='ocrx_word' id='word_1_764' title='bbox 2771 4733 2856 4784; x_wconf 83' lang='grc' dir='ltr'>Ἐν</span> <span class='ocrx_word' id='word_1_765' title='bbox 2906 4730 3074 4800; x_wconf 86' lang='grc' dir='ltr'>ταύτῃ</span> <span class='ocrx_word' id='word_1_766' title='bbox 3124 4731 3186 4799; x_wconf 77' lang='grc' dir='ltr'><strong>τῇ</strong></span> <span class='ocrx_word' id='word_1_767' title='bbox 3236 4730 3410 4799; x_wconf 75' lang='grc' dir='ltr'>τροπῇ</span> <span class='ocrx_word' id='word_1_768' title='bbox 3457 4727 3637 4780; x_wconf 83' lang='grc' dir='ltr'>τοίνυν</span> <span class='ocrx_word' id='word_1_769' title='bbox 3681 4727 3772 4797; x_wconf 83' lang='grc' dir='ltr'>τὴν</span> 
     </span>
    </p>
   </div>
   <div class='ocr_carea' id='block_1_108' title="bbox 2221 4814 3772 4898">
    <p class='ocr_par' dir='ltr' id='par_1_108' title="bbox 2221 4814 3772 4898">
     <span class='ocr_line' id='line_1_111' title="bbox 2221 4814 3772 4898; baseline -0.008 -17"><span class='ocrx_word' id='word_1_770' title='bbox 2221 4827 2393 4898; x_wconf 84' lang='grc' dir='ltr'>ἀρχὴν</span> <span class='ocrx_word' id='word_1_771' title='bbox 2423 4823 2605 4894; x_wconf 68' lang='grc' dir='ltr'>ἐπέχει</span> <span class='ocrx_word' id='word_1_772' title='bbox 2656 4821 2745 4875; x_wconf 81' lang='grc' dir='ltr'>τοῦ</span> <span class='ocrx_word' id='word_1_773' title='bbox 2779 4819 3072 4889; x_wconf 86' lang='grc' dir='ltr'>Καρκίνου.</span> <span class='ocrx_word' id='word_1_774' title='bbox 3108 4819 3218 4872; x_wconf 74' lang='grc' dir='ltr'><strong>Καὶ</strong></span> <span class='ocrx_word' id='word_1_775' title='bbox 3257 4814 3360 4870; x_wconf 76' lang='grc' dir='ltr'><strong>ὑπὸ</strong></span> <span class='ocrx_word' id='word_1_776' title='bbox 3397 4816 3505 4869; x_wconf 89' lang='grc' dir='ltr'><strong>τῶν</strong></span> <span class='ocrx_word' id='word_1_777' title='bbox 3533 4817 3772 4889; x_wconf 85' lang='grc' dir='ltr'>ἀρχαίων</span> 
     </span>
    </p>
   </div>
   <div class='ocr_carea' id='block_1_109' title="bbox 2221 4907 3771 4988">
    <p class='ocr_par' dir='ltr' id='par_1_109' title="bbox 2221 4907 3771 4988">
     <span class='ocr_line' id='line_1_112' title="bbox 2221 4907 3771 4988; baseline -0.006 -17"><span class='ocrx_word' id='word_1_778' title='bbox 2221 4918 2278 4971; x_wconf 81' lang='grc' dir='ltr'>δὲ</span> <span class='ocrx_word' id='word_1_779' title='bbox 2319 4913 2709 4988; x_wconf 81' lang='grc' dir='ltr'>μαθηματικῶν</span> <span class='ocrx_word' id='word_1_780' title='bbox 2758 4913 2968 4964; x_wconf 83' lang='grc' dir='ltr'>πάντων</span> <span class='ocrx_word' id='word_1_781' title='bbox 3010 4910 3222 4979; x_wconf 76' lang='grc' dir='ltr'>σχεδὸν,</span> <span class='ocrx_word' id='word_1_782' title='bbox 3255 4909 3288 4980; x_wconf 79' lang='grc' dir='ltr'><strong>ἢ</strong></span> <span class='ocrx_word' id='word_1_783' title='bbox 3333 4907 3440 4962; x_wconf 89' lang='grc' dir='ltr'><strong>τῶν</strong></span> <span class='ocrx_word' id='word_1_784' title='bbox 3475 4909 3771 4972; x_wconf 82' lang='grc' dir='ltr'>πλείστων,</span> 
     </span>
    </p>
   </div>
   <div class='ocr_carea' id='block_1_110' title="bbox 2223 4999 3581 5075">
    <p class='ocr_par' dir='ltr' id='par_1_110' title="bbox 2223 4999 3581 5075">
     <span class='ocr_line' id='line_1_113' title="bbox 2223 4999 3581 5075; baseline -0.004 -15"><span class='ocrx_word' id='word_1_785' title='bbox 2223 5007 2409 5060; x_wconf 78' lang='grc' dir='ltr'>τοῦτον</span> <span class='ocrx_word' id='word_1_786' title='bbox 2443 5007 2531 5058; x_wconf 83' lang='grc' dir='ltr'>τὸν</span> <span class='ocrx_word' id='word_1_787' title='bbox 2557 5004 2752 5075; x_wconf 85' lang='grc' dir='ltr'>τρόπον</span> <span class='ocrx_word' id='word_1_788' title='bbox 2777 5005 2805 5055; x_wconf 88' lang='grc' dir='ltr'>ὁ</span> <span class='ocrx_word' id='word_1_789' title='bbox 2832 5001 3088 5066; x_wconf 76' lang='grc' dir='ltr'>ζωδιακὸς</span> <span class='ocrx_word' id='word_1_790' title='bbox 3115 4999 3308 5064; x_wconf 83' lang='grc' dir='ltr'>κύκλος</span> <span class='ocrx_word' id='word_1_791' title='bbox 3330 4999 3581 5070; x_wconf 75' lang='grc' dir='ltr'>διῄρητο.</span> 
     </span>
    </p>
   </div>
   <div class='ocr_carea' id='block_1_111' title="bbox 2296 5089 3776 5163">
    <p class='ocr_par' dir='ltr' id='par_1_111' title="bbox 2296 5089 3776 5163">
     <span class='ocr_line' id='line_1_114' title="bbox 2296 5089 3776 5163; baseline -0.007 -13"><span class='ocrx_word' id='word_1_792' title='bbox 2296 5099 2415 5150; x_wconf 75' lang='grc' dir='ltr'>’Ὁτι</span> <span class='ocrx_word' id='word_1_793' title='bbox 2438 5097 2493 5150; x_wconf 80' lang='grc' dir='ltr'>δὲ</span> <span class='ocrx_word' id='word_1_794' title='bbox 2521 5095 2744 5158; x_wconf 76' lang='grc' dir='ltr'>Εὔδοξος</span> <span class='ocrx_word' id='word_1_795' title='bbox 2767 5093 2832 5146; x_wconf 80' lang='grc' dir='ltr'><strong>τὰ</strong></span> <span class='ocrx_word' id='word_1_796' title='bbox 2868 5091 3100 5163; x_wconf 72' lang='grc' dir='ltr'>τροπικὰ</span> <span class='ocrx_word' id='word_1_797' title='bbox 3129 5094 3328 5162; x_wconf 81' lang='grc' dir='ltr'>σημεῖα</span> <span class='ocrx_word' id='word_1_798' title='bbox 3353 5089 3493 5144; x_wconf 83' lang='grc' dir='ltr'><strong>κατά</strong></span> <span class='ocrx_word' id='word_1_799' title='bbox 3533 5090 3676 5160; x_wconf 78' lang='grc' dir='ltr'>μέσα</span> <span class='ocrx_word' id='word_1_800' title='bbox 3711 5089 3776 5142; x_wconf 67' lang='grc' dir='ltr'>τὰ</span> 
     </span>
    </p>
   </div>
   <div class='ocr_carea' id='block_1_112' title="bbox 2225 5163 3774 5258">
    <p class='ocr_par' dir='ltr' id='par_1_112' title="bbox 2225 5163 3774 5258">
     <span class='ocr_line' id='line_1_115' title="bbox 2225 5163 3774 5258; baseline -0.005 -16"><span class='ocrx_word' id='word_1_801' title='bbox 2225 5189 2389 5254; x_wconf 80' lang='grc' dir='ltr'>ζὼδια</span> <span class='ocrx_word' id='word_1_802' title='bbox 2420 5189 2616 5258; x_wconf 84' lang='grc' dir='ltr'>τίθησι,</span> <span class='ocrx_word' id='word_1_803' title='bbox 2656 5185 2809 5256; x_wconf 82' lang='grc' dir='ltr'>δῆλον</span> <span class='ocrx_word' id='word_1_804' title='bbox 2840 5187 2982 5237; x_wconf 85' lang='grc' dir='ltr'>ποιεῖ</span> <span class='ocrx_word' id='word_1_805' title='bbox 3016 5183 3104 5236; x_wconf 80' lang='grc' dir='ltr'><strong>διὰ</strong></span> <span class='ocrx_word' id='word_1_806' title='bbox 3133 5184 3332 5237; x_wconf 86' lang='grc' dir='ltr'>τούτων</span> <span class='ocrx_word' id='word_1_807' title='bbox 3353 5163 3370 5214; x_wconf 12' lang='grc' dir='ltr'><strong>’θ</strong></span> <span class='ocrx_word' id='word_1_808' title='bbox 3397 5203 3414 5235; x_wconf 78' lang='grc' dir='ltr'><strong>ι</strong></span> <span class='ocrx_word' id='word_1_809' title='bbox 3432 5183 3696 5253; x_wconf 87' lang='grc' dir='ltr'>Δεύτερος</span> 
     </span>
    </p>
   </div>
   <div class='ocr_carea' id='block_1_113' title="bbox 2225 5270 3777 5346">
    <p class='ocr_par' dir='ltr' id='par_1_113' title="bbox 2225 5270 3777 5346">
     <span class='ocr_line' id='line_1_116' title="bbox 2225 5270 3777 5346; baseline -0.006 -14"><span class='ocrx_word' id='word_1_810' title='bbox 2225 5282 2341 5332; x_wconf 76' lang='grc' dir='ltr'>ἐστι</span> <span class='ocrx_word' id='word_1_811' title='bbox 2363 5279 2577 5341; x_wconf 85' lang='grc' dir='ltr'>κύκλος,</span> <span class='ocrx_word' id='word_1_812' title='bbox 2608 5280 2663 5329; x_wconf 80' lang='grc' dir='ltr'>ὲν</span> <span class='ocrx_word' id='word_1_813' title='bbox 2688 5270 2731 5343; x_wconf 83' lang='grc' dir='ltr'>ᾧ</span> <span class='ocrx_word' id='word_1_814' title='bbox 2755 5275 2960 5346; x_wconf 77' lang='grc' dir='ltr'>θεριναὶ</span> <span class='ocrx_word' id='word_1_815' title='bbox 2982 5275 3178 5345; x_wconf 72' lang='grc' dir='ltr'>τροπαὶ</span> <span class='ocrx_word' id='word_1_816' title='bbox 3204 5275 3459 5342; x_wconf 82' lang='grc' dir='ltr'>γίνονται.</span> <span class='ocrx_word' id='word_1_817' title='bbox 3478 5273 3634 5325; x_wconf 82' lang='grc' dir='ltr'>Ἔστι</span> <span class='ocrx_word' id='word_1_818' title='bbox 3657 5272 3701 5324; x_wconf 76' lang='grc' dir='ltr'>δ’</span> <span class='ocrx_word' id='word_1_819' title='bbox 3725 5273 3777 5323; x_wconf 75' lang='grc' dir='ltr'>ἐν</span> 
     </span>
    </p>
   </div>
   <div class='ocr_carea' id='block_1_114' title="bbox 2224 5360 3774 5439">
    <p class='ocr_par' dir='ltr' id='par_1_114' title="bbox 2224 5360 3774 5439">
     <span class='ocr_line' id='line_1_117' title="bbox 2224 5360 3774 5439; baseline -0.008 -15"><span class='ocrx_word' id='word_1_820' title='bbox 2224 5370 2398 5439; x_wconf 79' lang='grc' dir='ltr'>τούτῳ</span> <span class='ocrx_word' id='word_1_821' title='bbox 2437 5369 2504 5421; x_wconf 79' lang='grc' dir='ltr'><strong>τὰ</strong></span> <span class='ocrx_word' id='word_1_822' title='bbox 2549 5367 2686 5437; x_wconf 85' lang='grc' dir='ltr'>μέσα</span> <span class='ocrx_word' id='word_1_823' title='bbox 2736 5364 2830 5418; x_wconf 78' lang='grc' dir='ltr'><strong>τοῦ</strong></span> <span class='ocrx_word' id='word_1_824' title='bbox 2873 5363 3166 5436; x_wconf 82' lang='grc' dir='ltr'>Καρκίνου.</span> <span class='ocrx_word' id='word_1_825' title='bbox 3195 5382 3212 5414; x_wconf 76' lang='grc' dir='ltr'><strong>ι</strong></span> <span class='ocrx_word' id='word_1_826' title='bbox 3258 5364 3368 5416; x_wconf 74' lang='grc' dir='ltr'><strong>Καὶ</strong></span> <span class='ocrx_word' id='word_1_827' title='bbox 3405 5361 3565 5416; x_wconf 82' lang='grc' dir='ltr'>πάλιν</span> <span class='ocrx_word' id='word_1_828' title='bbox 3619 5360 3750 5431; x_wconf 79' lang='grc' dir='ltr'>φησί</span> <span class='ocrx_word' id='word_1_829' title='bbox 3763 5377 3774 5388; x_wconf 89' lang='grc'>·</span> 
     </span>
    </p>
   </div>
   <div class='ocr_carea' id='block_1_115' title="bbox 2234 5452 3777 5533">
    <p class='ocr_par' dir='ltr' id='par_1_115' title="bbox 2234 5452 3777 5533">
     <span class='ocr_line' id='line_1_118' title="bbox 2234 5452 3777 5533; baseline -0.008 -18"><span class='ocrx_word' id='word_1_830' title='bbox 2234 5483 2252 5515; x_wconf 84' lang='grc' dir='ltr'><strong>ι</strong></span> <span class='ocrx_word' id='word_1_831' title='bbox 2275 5460 2466 5533; x_wconf 83' lang='grc' dir='ltr'>Τρίτος</span> <span class='ocrx_word' id='word_1_832' title='bbox 2491 5460 2534 5512; x_wconf 82' lang='grc' dir='ltr'>δ’</span> <span class='ocrx_word' id='word_1_833' title='bbox 2565 5460 2678 5513; x_wconf 73' lang='grc' dir='ltr'>ἐστὶ</span> <span class='ocrx_word' id='word_1_834' title='bbox 2704 5458 2920 5525; x_wconf 90' lang='grc' dir='ltr'>κύκλος,</span> <span class='ocrx_word' id='word_1_835' title='bbox 2957 5461 3016 5513; x_wconf 82' lang='grc' dir='ltr'>ὲν</span> <span class='ocrx_word' id='word_1_836' title='bbox 3047 5452 3090 5527; x_wconf 79' lang='grc' dir='ltr'>ᾧ</span> <span class='ocrx_word' id='word_1_837' title='bbox 3115 5461 3170 5510; x_wconf 85' lang='grc' dir='ltr'><strong>αί</strong></span> <span class='ocrx_word' id='word_1_838' title='bbox 3201 5455 3478 5527; x_wconf 79' lang='grc' dir='ltr'>ἰσημερίαι</span> <span class='ocrx_word' id='word_1_839' title='bbox 3519 5455 3777 5522; x_wconf 78' lang='grc' dir='ltr'>γίνονται.</span> 
     </span>
    </p>
   </div>
   <div class='ocr_carea' id='block_1_116' title="bbox 2233 5546 3779 5624">
    <p class='ocr_par' dir='ltr' id='par_1_116' title="bbox 2233 5546 3779 5624">
     <span class='ocr_line' id='line_1_119' title="bbox 2233 5546 3779 5624; baseline -0.007 -15"><span class='ocrx_word' id='word_1_840' title='bbox 2233 5558 2387 5610; x_wconf 86' lang='grc' dir='ltr'>Ἔστι</span> <span class='ocrx_word' id='word_1_841' title='bbox 2415 5555 2458 5608; x_wconf 90' lang='grc' dir='ltr'>δ’</span> <span class='ocrx_word' id='word_1_842' title='bbox 2486 5558 2541 5608; x_wconf 82' lang='grc' dir='ltr'>ὲν</span> <span class='ocrx_word' id='word_1_843' title='bbox 2570 5553 2740 5624; x_wconf 81' lang='grc' dir='ltr'>τούτῳ</span> <span class='ocrx_word' id='word_1_844' title='bbox 2771 5553 2840 5607; x_wconf 82' lang='grc' dir='ltr'>τά</span> <span class='ocrx_word' id='word_1_845' title='bbox 2869 5571 2927 5606; x_wconf 90' lang='grc' dir='ltr'><strong>τε</strong></span> <span class='ocrx_word' id='word_1_846' title='bbox 2960 5551 3052 5606; x_wconf 80' lang='grc' dir='ltr'><strong>τοῦ</strong></span> <span class='ocrx_word' id='word_1_847' title='bbox 3084 5547 3256 5622; x_wconf 80' lang='grc' dir='ltr'>Κριοῦ</span> <span class='ocrx_word' id='word_1_848' title='bbox 3289 5550 3429 5620; x_wconf 87' lang='grc' dir='ltr'>μέσα</span> <span class='ocrx_word' id='word_1_849' title='bbox 3458 5548 3552 5602; x_wconf 75' lang='grc' dir='ltr'>κάὶ</span> <span class='ocrx_word' id='word_1_850' title='bbox 3580 5546 3648 5600; x_wconf 87' lang='grc' dir='ltr'><strong>τά</strong></span> <span class='ocrx_word' id='word_1_851' title='bbox 3679 5546 3779 5598; x_wconf 79' lang='grc' dir='ltr'><strong>τῶν</strong></span> 
     </span>
    </p>
   </div>
   <div class='ocr_carea' id='block_1_117' title="bbox 2229 5638 3779 5732">
    <p class='ocr_par' dir='ltr' id='par_1_117' title="bbox 2229 5638 3779 5732">
     <span class='ocr_line' id='line_1_120' title="bbox 2229 5638 3779 5732; baseline -0.008 -29"><span class='ocrx_word' id='word_1_852' title='bbox 2229 5647 2443 5721; x_wconf 75' lang='grc' dir='ltr'>Χηλῶν.</span> <span class='ocrx_word' id='word_1_853' title='bbox 2479 5647 2745 5717; x_wconf 87' lang='grc' dir='ltr'>Τέταρτος</span> <span class='ocrx_word' id='word_1_854' title='bbox 2778 5645 2942 5732; x_wconf 29' lang='grc' dir='ltr'>δὲ,.εν</span> <span class='ocrx_word' id='word_1_855' title='bbox 2966 5638 3010 5714; x_wconf 75' lang='grc' dir='ltr'>ᾧ</span> <span class='ocrx_word' id='word_1_856' title='bbox 3039 5643 3346 5715; x_wconf 72' lang='grc' dir='ltr'>χειμεριναὶ</span> <span class='ocrx_word' id='word_1_857' title='bbox 3381 5640 3585 5713; x_wconf 79' lang='grc' dir='ltr'>τροπαὶ</span> <span class='ocrx_word' id='word_1_858' title='bbox 3611 5640 3779 5709; x_wconf 80' lang='grc' dir='ltr'>γίνον-</span> 
     </span>
    </p>
   </div>
  </div>
