4040 6206
505 337 633 395 1071

1473 316 1565 368 A'D
1593 304 1856 367 EUSEBH
1885 299 2281 362 ‘CllBONICON
2307 294 2661 352 APPENDIX.

3567 275 3702 335 101‘!

505 457 579 510 ris
629 460 813 516 tenus;
858 449 1184 516 serpentem,
1218 443 1378 509 quem
1417 431 1734 503 Ophiuchus
1785 434 1950 491 tenet,
1991 424 2095 485 ad.

2195 420 2248 474 δν
2277 419 2333 472 δὲ
2371 415 2647 486 Ὀφιοῦχον
2693 411 2797 473 ἕως
2834 407 2940 462 τῶν
2987 405 3177 474 ὤμων·
3213 399 3304 452 τδν
3337 396 3396 450 δὲ
3436 395 3619 463 Ὄφιν,
3649 392 3706 446 δν

2301 513 2312 516 -
2361 511 2409 516 --
2515 508 2538 516 -
2691 504 2712 516 -
2891 500 2918 511 -
3255 489 3344 516 _-.~.
3388 488 3442 516 ιι
3495 487 3706 516 ’μηρὼ

507 560 678 618 usque
705 542 944 606 collum;
973 531 1382 606 Aret0phylacis
1419 525 1650 597 amplius
1695 527 1848 592 parte
1895 518 2058 572 dimi-

506 608 614 692 dia:
647 634 728 689 Ad
764 633 879 686 haec
907 643 1100 684 zonam
1131 623 1348 681 Orionis
1376 615 1672 674 secundum
1704 615 1956 667 humeros
1987 608 2062 660 ait

507 727 730 784 exoriri.
770 721 1041 788 Quocirca
1088 714 1528 772 constellationes
1581 708 1700 761 ista;
1745 716 1954 763 omnes,
2005 705 2063 753 ut

509 819 598 872 ille
629 820 835 874 censet,
869 826 991 866 cum
1020 805 1264 861 Geminis
1315 801 1510 871 partim
1553 796 1826 856 oriuntur,
1862 789 2060 860 partim

509 925 574 965 ex
623 908 851 962 adverso
883 900 1156 958 occidunt.
1202 898 1270 950 At
1306 892 1562 946 Eudoxus
1596 900 1783 942 omnes
1822 883 2067 937 illas’re-

511 1015 763 1061 censiins,
799 1011 918 1066 qua:
948 993 1048 1048 sub
1080 990 1291 1044 initium
1326 983 1625 1038 occidentis
1650 975 1849 1034 Cancri
1900 985 2067 1042 supra

513 1103 715 1148 terram
756 1088 1014 1146 eminent,
1045 1082 1121 1135 ait
1170 1089 1340 1134 totum
1388 1072 1754 1146 lngeniculum
1785 1081 1905 1123 esse
1936 1078 2069 1118 con-

515 1183 762 1253 spieuum
795 1196 808 1231 :
839 1178 1105 1230 Coronam
1157 1183 1376 1240 quoque
1412 1163 1729 1226 dimidiam;
1778 1154 2072 1224 Arctophy-

516 1245 651 1330 lacis
671 1281 724 1327 et
746 1267 1012 1340 Ophiuchi
1036 1263 1249 1333 capita;
1282 1275 1388 1315 una
1415 1272 1537 1311 cum
1581 1253 1751 1307 cauda
1779 1245 2069 1319 serpentis,

517 1367 609 1439 qui
636 1379 795 1419 manu
824 1367 1089 1430 gestatur.
1119 1355 1256 1410 Tum
1281 1354 1347 1408 ad
1381 1359 1624 1406 austrum
1649 1345 1904 1400 Orionem
1933 1341 2073 1395 inte-

519 1430 694 1529 érum,
725 1461 779 1507 et
809 1450 876 1505 de
914 1448 1138 1504 australi
1177 1446 1334 1502 Pisce
1361 1442 1508 1514 quod
1533 1445 1618 1495 est
1641 1430 1953 1493 secundum
1981 1444 2075 1483 ca-

522 1558 635 1619 put.

591 1646 669 1696 Ac
707 1638 774 1693 de
815 1636 1028 1692 Corona
1071 1629 1290 1701 quidem
1339 1629 1705 1679 consentanea
1744 1613 1957 1672 veritati
1994 1617 2078 1665 est

526 1732 673 1790 Arati
711 1728 995 1788 sententia,
1029 1721 1296 1792 siquidem
1344 1717 1400 1770 in
1443 1712 1664 1768 Graecia:
1708 1715 1884 1762 tractu
1932 1701 2079 1758 oeci-

526 1825 652 1882 dere
675 1820 865 1890 incipit
896 1818 1101 1871 oriente
1121 1812 1192 1866 23
1219 1816 1370 1880 parte
1395 1804 1742 1860 Geminorum
1766 1817 1780 1865 ;
1811 1805 1924 1851 tota
1950 1809 2079 1848 vero

523 1885 808 1972 descendit
835 1909 1041 1965 oriente
1070 1910 1263 1975 quarta
1291 1897 1488 1955 Cancri
1538 1904 1708 1964 parte.
1741 1889 1845 1944 Sed
1871 1885 2080 1940 Eudoxi

530 2007 670 2062 ratio
724 2002 1008 2074 perspicue
1066 1996 1338 2063 discrepat
1378 2009 1391 2044 :
1431 1987 1584 2058 121
1644 1979 2081 2056 quandoquidem

531 2099 743 2154 mitium
788 2095 855 2148 ab
883 2108 947 2147 eo
979 2089 1174 2145 Cancri
1225 2087 1283 2140 in
1331 2082 1510 2137 medio
1541 2077 1888 2132 Geminorum
1931 2071 2084 2139 signo

533 2191 772 2262 ponitur.
799 2184 954 2253 Quod
996 2190 1056 2236 ut
1097 2179 1314 2234 assidue
1345 2174 1500 2229 nobis
1525 2179 1956 2224 commemorare
1993 2176 2087 2215 ne-

534 2299 688 2338 eessc
733 2295 842 2332 non
893 2277 982 2338 sit,
1025 2273 1159 2327 illud
1208 2270 1460 2324 universe
1504 2259 1796 2318 tenendum
1832 2264 1935 2320 est,
1965 2269 2086 2308 cum

537 2389 648 2427 non
698 2368 886 2424 eodem
932 2373 1160 2433 uterque
1209 2358 1371 2414 modo
1423 2356 1576 2424 signa
1626 2347 1934 2413 describat,
1979 2359 2091 2398 non

539 2472 698 2529 posse
726 2470 851 2509 cum
875 2452 1138 2506 ambobus
1163 2446 1536 2518 apparentium
1564 2439 1934 2510 experimenta
1963 2450 2092 2489 eon-

541 2564 754 2622 gruere.
786 2547 923 2601 Illud
956 2545 1176 2614 insuper
1209 2539 1510 2595 habendum
1541 2545 1641 2596 est,
1673 2548 1792 2603 qua:
1833 2531 1899 2585 ad
1941 2537 2094 2584 ortus

542 2619 831 2711 pertinent,
856 2635 1046 2706 paucis
1074 2630 1334 2702 exceptis,
1365 2628 1552 2684 eodem
1585 2626 1652 2678 ab
1681 2631 1913 2692 utroque
1935 2619 2096 2674 modo

546 2730 830 2803 perscribi.
878 2727 1074 2780 Aratus
1123 2724 1266 2778 enim
1313 2719 1522 2776 Eudoxi
1571 2716 1813 2786 vestigiis
1852 2713 2094 2767 inheret.

547 2823 747 2879 Verum
773 2820 840 2874 ad
861 2819 1111 2873 Arateam
1138 2813 1347 2870 zodiaci
1373 2811 1714 2882 partitionem
1741 2805 1911 2875 magis
1936 2817 2098 2873 quam

547 2914 615 2970 ad
643 2913 975 2973 Eudoxeam,
1006 2915 1292 2963 eoortuum
1333 2903 1402 2957 ab
1454 2902 1560 2955 illis
1603 2897 1924 2952 traditorum
1961 2894 2102 2948 ratio

545 3003 801 3060 convenit
839 3021 852 3055 :
889 2998 1031 3069 quod
1060 3012 1128 3051 ex
1161 2995 1230 3050 iis
1268 2993 1357 3048 ﬁet
1407 2989 1668 3061 apertius,
1703 2999 1823 3057 qua
1867 2983 1936 3038 de
1983 2981 2103 3037 istis

551 3095 869 3167 singillatim
896 3087 1309 3161 explicabimus.

625 3248 928 3305 Australem
971 3259 1132 3315 porro
1156 3242 1365 3298 Piseem
1404 3238 1610 3307 majore
1643 3235 1726 3292 sui
1755 3242 1906 3303 parte
1939 3243 2106 3301 supra

555 3354 756 3398 terram
808 3343 1019 3409 oportet
1061 3344 1294 3397 exstare,
1326 3348 1432 3388 non
1478 3346 1540 3386 ea
1581 3323 1954 3381 tantummodo
1990 3337 2109 3392 quae

557 3445 688 3490 sunt
712 3432 891 3488 vicina
915 3427 1101 3499 capiti,
1127 3434 1187 3478 ut
1221 3421 1328 3475 illis
1359 3420 1579 3490 placuit.
1609 3416 1820 3470 Etenim
1859 3411 2110 3467 occidere

556 3526 751 3594 incipit
783 3525 871 3578 ille
902 3520 1251 3575 Geminorum
1287 3513 1498 3570 oriente
1537 3510 1572 3564 4
1602 3518 1801 3581 parte;
1837 3512 2109 3576 postremo

562 3616 703 3670 idem
733 3611 932 3666 occidit
953 3611 1158 3665 oriente
1187 3606 1383 3662 Cancri
1419 3605 1505 3658 18.

633 3704 930 3776 lngeniculi
987 3717 1114 3757 vero
1182 3700 1359 3756 solum
1410 3697 1522 3767 jam
1572 3702 1733 3765 caput
1779 3691 1997 3750 occidit,
2059 3695 2113 3742 et

565 3801 751 3854 dexter
806 3797 1062 3850 humerus
1116 3808 1240 3848 cum
1299 3805 1509 3854 manu;
1555 3788 1777 3843 sinister
1832 3785 2111 3841 humerus,

569 3891 940 3960 reliquumque
967 3901 1164 3956 corpus
1208 3898 1370 3953 supra
1415 3893 1612 3936 terram
1657 3877 1833 3932 adhuc
1881 3873 2114 3929 exsistit.

566 3983 700 4038 Nam
745 3979 1026 4039 occidente
1071 3979 1261 4034 dextro
1293 3977 1540 4038 humero,
1571 3972 1640 4026 27
1692 3987 1817 4042 pars
1861 3967 2118 4024 Gemino-

570 4091 688 4130 rum
743 4073 967 4136 oritur;
1023 4071 1250 4126 sinistro
1309 4082 1438 4122 vero
1497 4062 1876 4126 descendente,
1945 4058 2119 4110 oritur

567 4176 758 4224 octava
806 4179 934 4237 pars
982 4163 1220 4226 Cancri,
1284 4167 1338 4215 et
1402 4172 1523 4228 qua:
1579 4163 1706 4212 sunt
1757 4155 1810 4208 in
1861 4151 2120 4206 lateribus

567 4264 693 4328 post
743 4255 992 4310 dextrum
1053 4253 1337 4304 humerum
1394 4248 1570 4300 adhuc
1635 4245 1904 4298 oriuntur.
1964 4238 2122 4293 Falso

571 4352 754 4417 itaque
777 4345 912 4401 dixit
944 4343 1144 4396 Aratus
1180 4341 1289 4411 jam
1336 4340 1482 4394 illius
1511 4345 1717 4409 partem
1745 4350 1776 4388 a
1804 4341 1992 4388 ventre
2026 4347 2122 4386 ea-

574 4441 683 4509 pite
709 4446 870 4492 tenus
899 4434 1188 4491 occidisse.

648 4532 720 4587 De
749 4528 1031 4600 Ophiucho
1072 4533 1219 4582 recte
1249 4523 1490 4580 sentiunt
1517 4520 1716 4574 Aratus
1753 4526 1807 4574 et
1843 4515 2122 4571 Eudoxus.

575 4623 783 4694 Quippe
822 4621 1031 4676 humeri
1061 4636 1128 4675 ex
1155 4617 1382 4672 adverso
1429 4614 1775 4669 Geminorum
1827 4609 2082 4663 occidunt
2111 4624 2126 4672 ;

578 4730 696 4786 quae
726 4729 856 4768 vero
883 4720 966 4767 est
1013 4712 1069 4765 in
1103 4710 1298 4780 capite,
1342 4707 1539 4763 occidit
1585 4705 1794 4758 oriente
1846 4700 2128 4755 undecima

571 4805 772 4860 Cancri
801 4813 979 4874 parte.

656 4985 964 5053 Serpentis,
1007 4996 1166 5052 quem
1219 4984 1362 5034 tenet
1407 4973 1754 5046 Ophiuchus,
1805 4973 1921 5028 sola
1969 4985 2135 5041 supra

583 5082 784 5128 terram
827 5073 1019 5135 cauda,
1074 5079 1133 5124 ut
1161 5070 1326 5125 sentit
1357 5067 1636 5131 Eudoxus,
1668 5081 1798 5127 non,
1838 5071 1896 5116 ut
1921 5063 2136 5125 Aratus,

587 5170 750 5232 caput
777 5162 1006 5216 exsistit.
1041 5162 1251 5216 Etenim
1294 5167 1455 5228 caput
1492 5158 1661 5228 ipsius
1695 5154 1892 5211 occidit
1943 5153 2135 5208 mediis

589 5255 701 5309 fere
737 5252 980 5308 Geminis
1024 5254 1323 5308 orientibus
1377 5272 1391 5306 :
1445 5267 1564 5322 qua:
1613 5257 1790 5303 autem
1834 5255 1914 5302 est
1955 5247 2009 5301 in
2040 5261 2138 5301 ex-

589 5354 760 5402 trema
788 5345 984 5412 cauda,
1011 5345 1213 5400 occidit
1239 5345 1446 5400 oriente
1474 5350 1625 5413 parte
1654 5340 1849 5394 Cancri
1882 5339 1934 5392 9.

663 5527 749 5584 Vl.
771 5529 843 5585 De
866 5527 1254 5600 Arctophylace
1279 5542 1504 5598 prorsus
1526 5526 1950 5581 hallucinantur.
1977 5522 2141 5580 Asse-

702 5709 746 5741 "
772 5709 812 5779 ί.
845 5711 1006 5782 ᾗπερ.

2159 512 2269 582 ἔχει
2292 513 2320 564 6
2361 508 2658 577 Ὀφιοῦχος,
2691 504 2794 564 ἓως
2828 500 2919 554 τοῦ
2966 495 3218 566 αὐχένος·
3253 489 3347 544 τοῦ
3386 488 3445 541 δὲ
3495 487 3710 556 Ἀρκτο-

2161 575 2397 674 φύλακος
2435 575 2604 652 ήπλέον
2657 595 2819 666 μέρος
2863 591 2896 662 ἢ
2942 589 3001 642 τὸ
3048 589 3238 658 ἣμισυ.
3281 578 3612 634 ’Δνατέλλειν
3657 575 3714 628 δέ

2161 667 2291 767 φησι
2317 693 2409 746 τοῦ
2448 689 2694 761 Ὠρίωνος
2724 684 2819 756 τὴν
2864 680 3039 749 ζώνην
3074 676 3213 730 κατά
3238 675 3366 735 τοὺς
3392 671 3597 742 ὤμους.
3635 667 3716 719 Τά

2163 755 2424 857 εἰρημένα
2449 755 2628 834 τοίνυν
2668 776 2842 844 ἀστρα
2876 773 2988 832 τοῖς
3024 766 3271 836 Διδύμοις
3303 762 3421 816 κατ’
3455 758 3616 812 αὐτὸν
3636 797 3652 820 ,
3683 755 3721 808 ἃ.

2168 846 2687 950 μέν-συνανατέλλει,
2710 866 2745 920 ἃ
2765 865 2821 918 δὲ
2852 858 3278 918 ἀντικαταδύνει.
3303 855 3363 906 '0
3386 852 3442 904 δὲ
3474 846 3720 911 Εὐδοξος,

2166 940 2621 1040 έξαριθμούμενος
2670 961 2769 1012 ὅσα
2803 955 2952 1010 ἐστὶν
2981 951 3121 1021 ὑπὲρ
3149 949 3272 1016 γῆς,
3305 944 3399 998 τοῦ
3449 940 3724 1011 Καρκίνου

2168 1029 2478 1129 ἀὼίομένου⁷
2509 1048 2848 1109 ἀνατέλλειν,
2881 1042 3014 1113 φησὶ
3067 1040 3156 1093 τὸν
3207 1038 3294 1090 Ἐν
3342 1034 3565 1102 γόνασιν
3606 1029 3725 1082 ὅλον

2169 1146 2305 1203 εἶναι
2332 1145 2588 1216 φανερόν·
2626 1139 2716 1194 τοῦ
2741 1140 2799 1192 δὲ
2845 1134 3114 1204 Στεφάνου
3142 1132 3202 1184 τὸ
3246 1131 3414 1199 ἥμισυ
3435 1143 3448 1154 ·
3497 1125 3591 1176 καὶ
3627 1120 3729 1191 τὴν

2170 1239 2262 1295 τοῦ
2297 1212 2730 1308 ’Ᾰρκτοφύλακος
2753 1226 3021 1296 κεφαλήν
3058 1223 3150 1275 καὶ
3181 1219 3276 1289 τὴν
3306 1216 3400 1270 τοῦ
3443 1212 3728 1282 ὐφιούχου

2173 1302 2438 1399 κεφαλήν·
2475 1302 2570 1378 καὶ
2597 1322 2694 1391 τὴν
2735 1317 2900 1399 οὐρὰν
2934 1313 3029 1368 τοῦ
3069 1310 3321 1381 ἐχομένου
3359 1308 3606 1372 Ὄφεωςο
3638 1302 3731 1353 τὸν

2172 1423 2230 1476 δὲ
2252 1394 2394 1492 ’πρὸς
2419 1418 2568 1472 νότον
2619 1412 2846 1484 Ὠρίωνα
2869 1395 3018 1462 δλον·
3055 1404 3149 1457 καὶ
3182 1399 3276 1454 τοῦ
3309 1399 3485 1452 νοτίου
3528 1394 3735 1465 Ἰχθύος

2175 1514 2234 1568 τὸ
2267 1512 2402 1582 πρὸς
2433 1509 2529 1580 τὴν
2563 1503 2824 1574 κεφαλήν.

2256 1579 2323 1658 '0'
2351 1603 2448 1673 μὲν
2473 1595 2563 1654 οὖν
2596 1596 2862 1664 Στέφανος
2901 1587 3039 1644 κατά
3089 1587 3180 1641 τὸν
3227 1585 3462 1653 Ἀρατον
3511 1579 3742 1646 ἔγγιστα

2182 1671 2492 1767 συμφωνεῖ*
2539 1693 2596 1742 ὲν
2643 1686 2752 1756 γὰρ
2803 1686 2913 1746 τοῖς
2975 1679 3104 1751 περὶ
3145 1677 3243 1747 τὴν
3277 1672 3500 1727 Ἐλλάδα
3554 1671 3744 1731 τόποις

2180 1763 2402 1861 ﬂexerat
2435 1785 2532 1855 μὲν
2559 1780 2732 1834 δύνειν
2776 1771 3165 1840 ἀνατελλούσης
3191 1775 3238 1837 γ’
3269 1767 3363 1820 καὶ
3398 1772 3444 1816 κ’
3482 1763 3592 1834 μοί.
3634 1763 3746 1812 τῶν

2180 1853 2424 1950 Διδύμων
2439 1853 2458 1906 γ’
2490 1875 2606 1937 ὅλος
2633 1872 2692 1926 δὲ
2717 1869 2860 1923 δύνει
2888 1862 3278 1931 ἀνατελλούσης
3309 1860 3405 1929 τῆς
3427 1857 3468 1909 δ’
3506 1855 3619 1926 μοί.
3649 1853 3750 1906 τοῦ

2181 1947 2479 2042 Καρκίνου.
2529 1962 2685 2019 Κατά
2739 1959 2988 2031 μέντοιγε
3037 1955 3128 2007 τὸν
3165 1951 3390 2018 Εὔδοξον
3433 1948 3617 2018 δῆλον,
3664 1947 3750 1998 ὅτι

2182 2038 2463 2130 διαφωνεῖ·
2498 2053 2729 2122 ἔπειπερ
2765 2052 2798 2120 ἠ
2838 2047 2978 2119 ἀρχὴ
3004 2044 3096 2099 τοῦ
3131 2042 3404 2115 Καρκίνου
3434 2041 3554 2093 κατ’
3587 2038 3752 2091 αὐτὸν

2186 2152 2323 2207 κατά
2343 2151 2506 2221 μέσον
2528 2146 2641 2200 ἐστὶ
2658 2141 2750 2196 τοῦ
2765 2141 2872 2194 τῶν
2883 2137 3123 2209 Διδύμων
3138 2131 3754 2203 δωδεκατημορίου.”’1να

2187 2241 2242 2294 δὲ
2270 2238 2342 2311 μὴ
2373 2234 2662 2295 διαπαντὸς
2691 2233 2850 2301 ὲπιση
2861 2225 3176 2299 μαινώμεθα
3208 2224 3394 2287 τοῦτο,
3428 2221 3755 2290 διαληπτέον

2189 2331 2436 2393 καθόλου,
2458 2327 2590 2382 διότι
2628 2326 2702 2396 μὴ
2741 2322 2943 2394 ὁμοξως
2983 2317 3386 2388 ἀναγράφουσιν
3420 2313 3757 2384 ἀμφοτέροις

2191 2425 2250 2479 οὐ
2278 2419 2498 2474 δυνατὸν
2532 2416 2774 2487 ἑκατέρῳ
2799 2411 2976 2465 αὐτῶν
2999 2409 3306 2480 συμφωνεῖν
3327 2406 3387 2459 τὸ
3406 2404 3756 2473 φαινόμενον.

2193 2518 2281 2570 Δεῖ
2323 2514 2379 2567 δὲ
2411 2513 2629 2566 κάκεῖνο
2677 2505 3026 2578 διειληφέναι,
3053 2503 3184 2558 διότι
3232 2500 3410 2555 πάντα
3453 2497 3577 2568 μὲν,
3618 2494 3760 2563 πλὴν

2193 2607 2385 2677 ὀλίγων
2421 2604 2611 2668 τινῶν,
2673 2601 2870 2672 ὁμοίως
2929 2596 3225 2668 ἀμφότεροι
3270 2591 3649 2662 ἀναγράφουσι
3693 2587 3762 2639 τὰ

2198 2702 2326 2774 περὶ
2354 2700 2452 2763 τὰς
2486 2695 2764 2758 ἀνατολάς.
2818 2695 2874 2746 '0
2927 2691 3035 2762 γὰρ
3072 2691 3304 2761 Ἄρατος
3351 2689 3464 2749 τοῖς
3515 2683 3624 2736 ὑπὸ
3667 2680 3764 2734 τοῦ

2198 2772 2423 2853 Εὐδόξου
2445 2786 2753 2856 λεγομένοις
2780 2781 3132 2852 ἠκολούθηκε.
3163 2773 3517 2847 Συμφωνοῦσι
3546 2772 3766 2842 μέντοι·

2200 2900 2263 2952 γε
2308 2883 2361 2936 αἱ
2411 2881 2500 2934 ὑπ’
2550 2878 2727 2934 αὐτῶν
2760 2871 3240 2946 ἀναγεγραμμέναι
3295 2863 3655 2921 συνανατολαὶ
3698 2864 3766 2932 τῇ

2203 2975 2340 3030 κατὰ
2382 2973 2474 3026 τὸν
2511 2973 2744 3043 Ἀρατον
2781 2967 2978 3041 μᾶλλον
3019 2963 3111 3019 τοῦ
3161 2959 3425 3027 ζωδιακοῦ
3479 2954 3765 3027 διαιρέσει,

2129 3096 2174 3154 C
2204 3067 2359 3136 εἴπερ
2378 3066 2424 3097 ⁷⁸
2462 3063 2600 3118 κατά
2654 3061 2742 3116 τὸν
2771 3059 3022 3125 Εὔδοξον·
3056 3055 3203 3108 ἔσται
3245 3053 3301 3106 δὲ
3343 3051 3502 3105 τοῦτο
3534 3046 3768 3118 φανερὸν

2205 3159 2268 3212 ὲκ
2297 3157 2404 3210 τῶν
2429 3155 2569 3210 κατὰ
2603 3154 2765 3226 μέρος
2798 3151 2924 3223 περὶ
2951 3147 3126 3202 αὐτῶν
3167 3141 3578 3217 ῥηθησομένων.

2273 3249 2377 3301 Τοῦ
2417 3247 2474 3300 δὲ
2499 3246 2673 3300 νοτίου
2704 3242 2904 3313 ’ἰχθύος
2933 3240 2994 3294 τὸ
3033 3239 3279 3292 πλεῖστον
3318 3235 3481 3304 μέρος
3511 3231 3597 3284 δεῖ
3631 3229 3771 3300 ὑπὲρ

2203 3344 2305 3414 γῆν
2332 3336 2489 3404 εἶναι,
2515 3339 2610 3392 καὶ
2635 3337 2751 3406 οὐχὶ
2775 3337 2835 3388 τὸ
2861 3333 2996 3405 πρὸς
3018 3333 3083 3402 τῇ
3112 3327 3318 3397 κεφαλῇ
3349 3325 3529 3395 μόνον,
3561 3323 3641 3385 ὦς
3672 3339 3771 3392 φα-

2209 3452 2309 3487 σιν.
2346 3434 2603 3504 Ἀρχεται
2645 3431 2740 3499 μὲν
2772 3427 2881 3498 γάρ
2912 3423 3107 3486 δύνειν,
3154 3419 3553 3489 ἀνατελλούσης
3584 3418 3627 3470 δ’
3663 3416 3772 3488 μοξ.

2208 3525 2485 3596 Διδύμων⁹
2535 3522 2756 3592 ἔσχατον
2798 3517 2856 3571 δὲ
2899 3515 3063 3578 δύνει,
3109 3509 3504 3580 ἀνατελλούσης
3551 3508 3656 3580 τῆς
3711 3506 3773 3576 ιη’

2216 3617 2324 3688 μοι.
2358 3615 2449 3669 τοῦ
2480 3613 2776 3684 Καρκίνου.

2283 3709 2386 3762 Τοῦ
2414 3708 2458 3761 δ’
2499 3707 2585 3759 Ἐν
2607 3704 2827 3773 γόνασιν
2861 3703 2894 3773 ἡ
2937 3699 3145 3770 κεφαλὴ
3183 3698 3338 3768 μόνον
3379 3695 3590 3758 δέδυκε,
3627 3692 3774 3746 καὶὸ

2210 3799 2378 3868 δεξιὸς
2403 3792 2550 3867 ὦμος
2581 3797 2676 3848 σὺν
2700 3798 2766 3866 τῇ
2798 3793 2970 3864 χειρί·
3016 3795 3044 3844 6
3089 3790 3131 3842 δ’
3166 3786 3449 3860 ἀριστερὸς
3489 3781 3644 3855 ὦμος
3685 3784 3773 3836 καὶ

2212 3891 2272 3944 τὸ
2297 3887 2475 3942 λοιπὸν
2503 3885 2658 3956 σῶμα
2688 3883 2766 3937 ἔτι
2805 3883 2952 3936 ἐστὶν
2975 3881 3112 3952 ὑπὲρ
3141 3881 3263 3950 γῆν.
3291 3877 3399 3930 Τοῦ
3424 3877 3524 3948 μὲν
3553 3875 3666 3947 γάρ
3695 3875 3775 3927 δε-

2217 3981 2327 4049 ξιοῦ
2379 3977 2526 4049 ὤμου
2579 3975 2822 4038 δύνοντος
2861 3971 3136 4026 ἀνατέλλει
3161 3974 3194 4041 ἡ
3224 3967 3266 4035 ς’
3299 3970 3394 4022 καὶ
3443 3975 3494 4022 κ’
3537 3970 3648 4038 μοῖ.
3676 3966 3776 4018 τῶν

2219 4071 2459 4142 Διδύμων
2479 4085 2492 4098 ·
2531 4066 2625 4120 τοῦ
2659 4067 2714 4119 δὲ
2744 4062 3034 4136 ἀριστεροῦ
3074 4061 3222 4132 ὤμου
3259 4059 3526 4122 δύνοντος,
3559 4054 3775 4112 ἀνατέλο

2219 4165 2297 4217 λει
2329 4165 2362 4234 ὴ
2401 4168 2449 4232 η’
2478 4162 2586 4231 μοῖ.
2619 4156 2711 4211 τοῦ
2735 4157 3010 4228 Καρκίνου
3031 4171 3044 4186 ο
3092 4152 3183 4206 τοῦ
3221 4153 3276 4206 δὲ
3305 4150 3474 4219 δεξιοῦ
3502 4149 3647 4218 ὤμου
3693 4147 3772 4198 ἔτι

2223 4255 2442 4322 ὕστερον
2474 4250 2716 4303 δύνουσιν
2763 4247 2812 4300 οἱ
2846 4248 2902 4299 ἐν
2931 4249 3052 4309 ταῖς
3098 4245 3378 4314 πλευραῖς.
3422 4242 3527 4294 Οὐκ
3556 4240 3662 4307 ἄρα
3710 4235 3771 4288 τὸ

2224 4344 2333 4399 ἀπὸ
2358 4343 2454 4414 τῆς
2489 4339 2722 4411 γαστρὸς
2754 4339 2913 4410 μέρος
2949 4337 3111 4391 αὐτοῦ
3142 4337 3245 4400 ἓως
3273 4337 3374 4405 τῆς
3416 4331 3645 4403 κεφαλῆς
3683 4329 3774 4384 δέν

2153 4438 2198 4492 1)
2225 4436 2401 4498 δυκεν,
2435 4434 2510 4496 ὡς
2539 4431 2771 4504 Ἄρατός
2799 4447 2952 4500 φησι.

2296 4527 2375 4579 Τὰ
2419 4526 2476 4578 δὲ
2515 4524 2644 4596 περὶ
2677 4524 2767 4577 τὸν
2809 4522 3084 4592 Ὀφιοῦχον
3127 4519 3430 4591 συμφώνως
3479 4513 3782 4570 ἀποδιδόασι

2227 4616 2303 4686 τῷ
2335 4613 2640 4684 φαινομένῳ
2670 4613 2697 4666 ὃ
2741 4629 2802 4664 τε
2846 4614 3078 4682 ’Ἄρατος
3105 4611 3197 4663 καὶ
3225 4613 3254 4663 6
3286 4607 3534 4672 Εὔδοξος.
3582 4607 3646 4658 Οἱ
3691 4605 3782 4675 μὲν

2228 4707 2335 4776 γὰρ
2368 4699 2506 4775 ὦμοι
2545 4705 2656 4767 τοῖς
2697 4702 2944 4774 Διδύμοις
2981 4699 3522 4754 ἀντικαταδύνουσινο
3563 4699 3593 4750 6
3634 4696 3692 4749 δὲ
3734 4695 3786 4746 ὲν

2230 4799 2294 4868 τῇ
2329 4795 2533 4866 κεφαλῇ
2561 4794 2726 4860 δύνει,
2753 4791 3140 4862 ἀνατελλούσης
3171 4791 3268 4860 τῆς
3300 4795 3366 4842 ια’
3390 4787 3502 4859 μοί.
3532 4787 3629 4840 τοῦ
3658 4788 3786 4856 Καρ-

2237 5072 2375 5144 ὐπὲρ
2405 5073 2504 5142 γῆς
2539 5073 2705 5132 ἐστιν,
2739 5069 2813 5131 ὡς
2851 5070 2881 5120 6
2925 5064 3150 5132 Εὔδοξός
3191 5082 3344 5135 φησι,
3377 5063 3473 5116 καὶ
3499 5064 3601 5133 οὐχ
3641 5064 3676 5132 ἡ
3707 5077 3790 5115 κε-

2239 5164 2400 5235 φαλὴ,
2427 5163 2501 5226 ὡς
2531 5163 2560 5214 6
2595 5163 2847 5232 Ἀρατος.
2889 5157 2954 5210 Ἦ
2990 5157 3087 5227 μὲν
3118 5156 3224 5228 γὰρ
3249 5153 3460 5224 κεφαλὴ
3495 5151 3665 5206 αὐτοῦ
3707 5148 3790 5203 δύ-

2239 5275 2338 5319 νει,
2375 5252 2768 5308 ἀνατελλόντων
2813 5250 2990 5321 μέσων
3025 5248 3257 5320 μὰλιστα
3299 5245 3406 5299 τῶν
3452 5242 3701 5314 Διδύμων
3725 5258 3740 5273 ·
3769 5241 3794 5291 ὁ

2239 5347 2294 5398 δὲ
2327 5349 2382 5398 ὲν
2423 5343 2567 5416 ἄκρᾳ
2595 5345 2660 5415 τῇ
2690 5343 2825 5414 οὐρᾷ
2854 5342 3018 5404 δύνει,
3053 5337 3443 5406 ἀνατελλούσης
3477 5336 3579 5406 τῆς
3611 5335 3656 5386 θ’
3690 5329 3788 5404 μοὶ.

2241 5434 2330 5489 τοῦ
2363 5433 2658 5506 Καρκίνου.

2312 5533 2400 5598 (ζ’.
2429 5528 2564 5599 Περὶ
2586 5527 2640 5580 δὲ
2663 5526 2756 5581 τοῦ
2801 5526 3229 5599 Ἀρκτοφύλακος
3258 5523 3559 5593 ὁλοσχερῶς
3589 5513 3790 5573 δοκοῦσι
