4040 6206
514 5761 522 5813 l

566 313 704 370 4075
783 337 804 356 τ

569 464 586 479 .
615 467 627 480 .
659 465 673 480 .
704 425 771 477 At
798 423 881 477 hic
901 439 1020 476 cum
1046 410 1162 476 l‘uee
1191 431 1420 477 satiatus
1453 424 1655 494 fuerit,
1841 422 2048 494 [bentis.

579 495 794 564 Vespere
836 496 961 548 item
1001 495 1230 548 continet
1274 510 1292 548 :
1331 495 1449 562 plus
1493 493 1710 547 dimidio
1761 493 1927 547 noctis
1973 494 2053 545 la-

635 607 772 662 Cum
811 607 956 661 enim
1001 604 1252 661 occidere
1285 621 1408 661 cum
1437 605 1620 661 Chelis
1665 605 1877 675 incipit,
1907 606 2020 661 sole
2052 606 2125 660 ibi

567 707 841 764 versante,
893 713 1003 768 quo
1046 708 1286 768 tempore
1334 697 1460 752 facit
1506 713 1783 763 occasu:n,
1839 710 2026 755 noctes
2068 701 2124 753 in

566 795 807 848 Arcturo
849 792 1145 858 dicuntur;
1185 790 1404 861 quando
1459 803 1510 846 et
1556 806 1718 860 supra
1763 800 1962 846 terram
2013 801 2123 846 tota

566 885 654 940 die
688 885 898 949 fertur;
953 885 1208 954 quoniam
1257 883 1436 938 oritur
1477 899 1600 938 cum
1647 882 1887 954 Virgine,
1936 892 1989 938 et
2031 899 2127 938 oc-

511 979 524 999 ‘
565 976 797 1034 cidendo
839 977 962 1046 plus
997 975 1221 1029 dimidia
1260 984 1418 1030 nocte
1449 975 1745 1038 consumit,
1784 973 2125 1044 quandoqui-

564 1067 690 1122 dem
725 1083 847 1120 cum
884 1067 1054 1136 signis
1094 1075 1327 1136 quatuor
1363 1066 1581 1123 occidit.
1613 1064 1768 1130 Quod
1808 1072 1985 1119 autem
2017 1080 2123 1121 una

564 1177 690 1214 cum
736 1159 958 1230 Virgine
997 1157 1331 1214 conscendat
1373 1175 1438 1217 ex
1482 1159 1633 1211 Arati
1676 1159 1963 1221 sententia,
2010 1157 2124 1212 haec

563 1252 740 1320 ipsius
758 1251 922 1306 verba
944 1250 1252 1307 declarant:

568 1363 680 1424 Nec
707 1364 996 1416 exoriente:
1025 1360 1218 1426 Chela',
1259 1378 1320 1414 ac
1346 1363 1566 1416 tenuiter
1596 1362 1820 1414 lucentes

569 1435 771 1502 Ignotte
803 1433 1148 1501 pra'terierint
1174 1450 1191 1496 ;
1215 1433 1459 1501 quoniam
1488 1434 1662 1502 ingens
1690 1433 1836 1484 sidus
1866 1431 2053 1485 Bootes

567 1503 844 1570 Confertus
882 1505 1072 1566 oritur,
1104 1503 1461 1556 interstinctus
1485 1505 1728 1555 Arcturo.

642 1616 750 1674 γη.
784 1618 862 1672 Ac
901 1633 1007 1677 non
1047 1620 1246 1676 Aratus
1279 1617 1576 1680 duntaxat,
1608 1627 1661 1672 et
1711 1617 1986 1681 Eudoxus,
2027 1617 2122 1672 sed

565 1709 729 1764 etiam
762 1709 953 1780 reliqui
998 1724 1187 1764 omnes
1233 1708 1344 1764 fere
1390 1711 1776 1774 mathematici,
1817 1710 2122 1779 quicunque

565 1800 634 1855 de
682 1800 851 1856 Boote
897 1801 1266 1870 disputarunt,
1330 1802 1382 1853 in
1430 1801 1620 1855 eodem
1663 1809 1789 1857 sunt
1835 1816 1957 1854 cum
2014 1801 2122 1855 illis

564 1907 752 1946 errore
804 1891 1025 1956 versati,
1095 1891 1423 1945 arbitrantes
1489 1898 1722 1961 quatuor
1782 1891 1932 1944 illum
1998 1907 2122 1945 cum

565 1985 738 2055 signis
780 1985 1046 2040 occidere.
1096 1985 1309 2038 Attalus
1342 1998 1472 2039 vero
1514 1998 1744 2038 occasus
1791 1983 1879 2037 sui‘
1922 1981 2124 2056 princi-

567 2075 752 2146 pium,
791 2090 897 2129 non
941 2090 1063 2128 cum
1117 2074 1374 2143 Scorpio,
1424 2081 1483 2127 ut
1521 2073 1972 2133 ostendebamus,
2027 2072 2122 2126 sed

565 2183 691 2223 cum
718 2167 900 2221 Chelis
931 2166 1108 2222 facere
1134 2175 1452 2222 constanter
1481 2172 1762 2221 asseverat
1790 2164 1876 2220 his
1903 2165 2118 2219 verbis:

571 2277 591 2309 ε
629 2257 856 2323 Quidam
898 2257 1040 2311 enim
1085 2273 1262 2327 neque
1296 2256 1669 2327 apparentium
1716 2256 1943 2311 scientia
1983 2270 2120 2327 prte-

566 2349 686 2412 diti,
720 2363 895 2420 neque
941 2355 1112 2416 poetae
1148 2357 1378 2403 mentem
1426 2349 1686 2414 assecuti,
1733 2347 1882 2402 varie
1925 2346 1990 2402 de
2029 2346 2122 2401 illo

565 2439 1005 2515 pronuntiarunt.
1039 2440 1118 2495 Ac
1153 2448 1283 2495 sunt
1321 2440 1588 2508 nonnulli,
1631 2439 1723 2509 qui
1753 2454 1876 2494 cum
1900 2437 2122 2509 Virgine

565 2529 800 2598 primum
835 2527 1081 2583 occidere
1123 2528 1274 2583 illum
1311 2529 1553 2584 sentiunt
1585 2547 1598 2594 ;
1634 2528 1832 2583 deinde
1871 2543 1994 2583 cum
2025 2529 2123 2582 tri-

565 2618 666 2672 bus
699 2618 1110 2688 insequentibus
1165 2619 1384 2693 signis;
1436 2619 1528 2672 alii
1582 2618 1798 2673 initium
1837 2618 2121 2673 occidendi

564 2714 632 2765 ab
671 2712 900 2782 Scorpio
931 2710 1130 2776 facere,
1167 2723 1224 2765 et
1266 2712 1320 2774 in
1350 2710 1647 2781 Aquarium
1687 2710 1934 2765 desinere
1969 2729 1981 2764 :
2013 2725 2120 2780 qua

562 2803 755 2858 imbuti
789 2803 1042 2873 opinione
1073 2803 1452 2873 aliqui.coram
1475 2810 1526 2858 te
1550 2804 1783 2858 convicti
1807 2819 1838 2858 a
1861 2803 2038 2868 nobis,
2056 2818 2121 2858 ac

561 2894 772 2952 dedocti
803 2897 871 2951 de
907 2897 1177 2951 sententia
1224 2896 1616 2950 discesserunt.
1663 2895 1859 2966 Atque,
1907 2903 1966 2948 ut
2010 2909 2121 2949 uno

560 2990 730 3045 verbo
775 2988 974 3052 dicam,
1005 3004 1128 3042 cum
1168 2997 1222 3043 et
1250 3004 1317 3044 ex
1354 2989 1742 3058 apparentibus
1771 2989 1844 3043 id
1883 2997 2115 3053 constet,

559 3087 614 3133 et
654 3089 812 3150 poeta
849 3079 1054 3150 liquido
1083 3086 1332 3143 testet-ur,
1364 3089 1537 3133 totum
1582 3080 1871 3144 occidisse,
1905 3095 2029 3135 cum
2063 3080 2117 3135 in
2144 3102 2189 3161 ε

559 3173 768 3226 oriente
795 3170 933 3226 situs
957 3179 1039 3225 est
1058 3169 1186 3234 Leo,
1214 3185 1469 3226 occasum
1498 3177 1676 3225 autem
1704 3170 1963 3239 incipere,
1995 3186 2118 3224 cum

560 3262 723 3317 Tauri
772 3264 936 3318 instat
971 3275 1224 3330 exortus;
1272 3263 1488 3332 quando
1519 3271 1571 3317 et
1612 3263 1892 3333 oppositus
1935 3261 2008 3315 illi
2053 3277 2120 3315 ex

560 3357 788 3411 adverso
832 3355 1092 3426 Scorpius
1136 3356 1192 3410 in
1238 3369 1436 3410 occasu
1464 3355 1675 3425 positus
1701 3362 1784 3408 est
1817 3371 1831 3418 ;
1863 3363 1916 3408 et
1941 3352 2120 3407 Chelas

558 3465 750 3508 recens
782 3449 1120 3512 occiderunt,
1169 3448 1367 3518 quibus
1407 3463 1530 3502 cum
1565 3447 1893 3502 descendere
1928 3444 2118 3514 incipit

559 3540 921 3611 Arctophylax
947 3557 962 3606 ;
1000 3538 1343 3594 manifestum
1366 3554 1487 3595 esse
1519 3539 1754 3594 arbitror
1782 3552 1877 3592 eos
1907 3552 2115 3601 omnes,

560 3631 653 3701 qui
679 3630 746 3684 de
770 3631 871 3684 hac
891 3647 951 3687 re
978 3631 1305 3686 dissentiunt
1333 3645 1362 3683 a
1390 3630 1571 3694 nobis,
1592 3629 1966 3699 apparentiqu
1998 3642 2118 3682 esse

561 3724 806 3783 funditus
836 3725 1073 3794 ignaros.
1113 3745 1135 3776 ι,

622 3997 788 4068 Atqui
845 3997 1058 4051 beasset
1105 4011 1226 4058 nos,
1258 3995 1304 4050 si
1336 4009 1442 4050 non
1484 3995 1674 4055 solam,
1715 3993 1851 4048 citra
1893 3990 2117 4046 demon-

554 4089 871 4145 strationem
917 4087 1237 4142 sententiam
1285 4085 1467 4140 dicere
1513 4095 1804 4140 contentus
1847 4090 2116 4140 assereret

550 4179 833 4235 convictos
867 4193 895 4230 a
930 4193 990 4232 se
1035 4178 1128 4249 qui
1175 4183 1363 4231 contra
1403 4177 1666 4232 sentirent
1700 4177 1956 4246 opinione
1991 4191 2113 4230 ces-

551 4273 716 4333 sisse,
774 4268 869 4324 sed
909 4267 1038 4322 dicti
1067 4282 1283 4339 quoque
1320 4267 1404 4320 sui
1442 4266 1815 4336 probationem
1858 4265 2112 4319 mandas-

551 4369 635 4416 set
694 4359 926 4423 litteris;
983 4366 1042 4410 ut
1093 4363 1147 4410 et
1198 4355 1413 4410 caeteris
1465 4357 1533 4409 ab
1593 4369 1658 4409 eo
1719 4353 2109 4408 dissidentibus

1555 314 1642 368 Αυ
1680 311 1944 369 ensem:
1984 307 2381 367 cunomcou
2415 291 2779 374 APPENDlX,

2150 425 2198 483 Α

3645 311 3781 372 ωτι

2228 461 2243 475 .
2281 463 2294 476 .
2330 465 2340 476 .
2384 467 2398 478 .
2446 427 2506 496 ὀ
2527 426 2602 490 δ’,
2629 427 2786 495 ἐπὴν
2819 425 3003 496 φάεος
3031 427 3362 495 κορέσηται,

2228 495 2516 562 Βουλυτῷ
2547 497 2766 566 ἐπέχει,
2795 495 3007 552 πλεῖον
3037 497 3096 551 δί
3097 514 3175 567 χιι
3198 498 3415 564 νυκτὸς
3445 498 3674 566 latione.

2298 607 2464 666 Ὅταν
2486 607 2594 678 γὰρ
2614 611 2729 672 ταῖς
2755 607 2955 678 Χηλαῖς
2976 606 3208 678 ἄρχηται
3237 607 3786 677 συγκαταδύνειν,τοῦΔ

2223 699 2373 768 ἡλίου
2400 701 2456 752 ἐν
2488 700 2677 762 αὐταῖς
2704 700 2870 763 ὄντος,
2901 702 2957 752 ὲν
3000 692 3044 766 ᾧ
3074 699 3354 753 καταδύνει
3386 699 3582 771 καιρῷ,
3612 701 3670 753 αἱ
3696 702 3781 754 νύ-

2224 807 2350 852 κτες
2393 793 2479 843 ἐπ’
2524 792 2832 862 Ἀρκτούρῳ
2858 790 3130 859 λέγονται·
3161 791 3248 850 ὅτε
3279 791 3406 863 ὅλην
3435 809 3494 844 τε
3522 792 3621 862 τὴν
3646 794 3778 863 ἠμέ-

2231 900 2332 954 ραν
2367 884 2506 954 ὑπὲρ
2549 885 2652 954 γῆς
2684 883 2921 952 φέρεται,
2955 882 3042 935 διὰ
3093 884 3155 935 τὸ
3201 885 3264 954 τῇ
3314 882 3575 954 Παρθένῳ
3621 885 3783 937 αὑτὸν

2225 976 2634 1034 συνανατέλλειν
2653 1016 2668 1041 ,
2705 976 2799 1029 καὶ
2819 975 2963 1028 δύνει
2991 975 3210 1029 πλείονα
3239 976 3427 1046 χρόνον
3451 976 3484 1046 ἢ
3517 975 3580 1029 τὸ
3612 977 3784 1047 ἥμισυ

2224 1068 2322 1138 τῆς
2351 1068 2562 1130 νυκτὸς,
2591 1068 2682 1120 ἐπὶ
2705 1067 2750 1099 ⁷⁸
2780 1069 2890 1130 τοῖς
2923 1067 3180 1140 τέσσαρσι
3204 1066 3410 1132 ζωδίοις
3450 1069 3784 1136 συγκαταδύ-

2222 1179 2319 1215 νει.
2357 1162 2476 1214 Ὅτι
2518 1161 2574 1216 δὲ
2623 1163 2689 1231 τῇ
2729 1159 2984 1231 Παρθένῳ
3017 1161 3136 1213 κατ’
3174 1150 3339 1215 ἀὑτὸν
3386 1161 3777 1228 συνανατέλλει,

2223 1252 2450 1323 φανερὸν
2481 1252 2623 1303 ποιεῖ
2653 1253 2710 1304 ὲν
2739 1249 2972 1313 τούτοις·

2225 1363 2360 1419 Οὐδ’
2391 1365 2465 1419 ἂν
2491 1365 2875 1432 ἐπερχόμεναι
2909 1364 3119 1428 Χηλαὶ,
3159 1363 3256 1417 καὶ
3287 1362 3475 1418 λεπτὰ
3496 1362 3786 1433 sedat-cat,

2227 1439 2538 1505 Ἀφραστοι
2567 1436 2832 1502 παρίοιεν
2851 1451 2863 1464 ο
2893 1435 3019 1486 ἐπεὶ
3041 1434 3193 1505 μέγα
3219 1433 3381 1501 σῆμα
3408 1434 3647 1501 Βοώτης

2235 1503 2459 1574 Ἀθρόος
2496 1505 2768 1558 ἀντέλλει
2795 1503 3197 1573 ,ϐεϐολημένος
3234 1505 3648 1572 Ἀρκτούροιο.ἳ

2290 1619 2362 1671 Z'.
2396 1617 2470 1669 Οὐ
2504 1616 2661 1686 μόνον
2691 1615 2747 1668 δὲ
2771 1616 2799 1666 6
2825 1615 3053 1685 Ἀρατος
3080 1615 3172 1668 κα)⁸
3195 1615 3224 1665 6
3248 1613 3493 1680 Εὔδοξος,
3527 1614 3669 1668 ἀλλὰ
3694 1617 3784 1668 καὶ

2221 1713 2270 1763 οἱ
2300 1709 2473 1762 λοιποὶ
2516 1707 2880 1778 μαθηματικοὶ
2909 1707 3105 1769 πάντες
3139 1706 3340 1776 σχεδὸν,
3369 1708 3483 1759 ὅσοι
3527 1708 3656 1777 περὶ
3691 1707 3781 1760 τοῦ

2223 1799 2446 1853 Βοώτεω
2487 1798 2641 1868 λόγον
2687 1798 3028 1867 πεποίηνται,
3073 1797 3271 1867 ὁμοίως
3320 1796 3529 1861 τούτοις
3575 1800 3782 1851 duom-

2223 1889 2540 1961 πλάνηνται,
2563 1889 2868 1960 νομίζοντες
2895 1887 3150 1958 τέσσαρσι
3173 1886 3381 1950 ζωδίοις
3399 1887 3564 1940 αὑτὸν
3590 1905 3783 1956 συγκα-

2220 1981 2484 2035 ταδύνειν.
2519 1979 2776 2044 ’Ἄτταλος
2817 1979 2874 2031 δὲ
2911 1980 3004 2032 καὶ
3045 1979 3171 2049 περὶ
3206 1976 3297 2031 τοῦ
3337 1978 3434 2050 τὴν
3477 1979 3656 2049 ἀρχὴν
3687 1977 3780 2048 τῆς

2221 2074 2423 2137 δύσεως
2469 2073 2630 2126 αὐτὸν
2663 2073 2948 2136 ποιεῖσθαι,
2982 2073 3055 2145 μὴ
3094 2073 3172 2144 τῷ
3212 2071 3462 2144 Σκορπίῳ
3508 2088 3780 2140 συγκατα·

2222 2163 2538 2234 φερόμενον,
2575 2163 2650 2226 ὡς
2691 2164 2851 2234 ἡμεῖς
2881 2162 3211 2234 ἐδείκνυμεν,
3245 2160 3378 2215 ἀλλά
3404 2162 3524 2224 ταῖς
3553 2161 3776 2232 Χηλαίς,

2224 2254 2424 2317 ἱκανῶς
2469 2253 2888 2318 διαϐεϐαιοῦται,
2940 2253 3109 2323 λέγων
3169 2255 3260 2310 τὸν
3308 2255 3509 2325 τρόπον
3563 2253 3776 2306 τοῦτον·

2227 2361 2246 2394 ι
2281 2343 2455 2397 Ἔνιοι
2484 2343 2596 2415 γὰρ
2633 2342 2755 2397 οὔτε
2793 2347 2903 2407 τοῖς
2936 2344 3280 2415 φαινομένοις
3316 2339 3779 2414 παρακολουθοῦν-

2219 2451 2334 2499 τες,
2387 2433 2508 2488 οῦτε
2554 2435 2621 2489 τὰ
2663 2435 2766 2488 ὑπὸ
2796 2435 2888 2488 τοῦ
2923 2435 3151 2506 ποιητοῦ.
3191 2435 3455 2506 λεγόμενα
3496 2433 3778 2504 δυνάμενοι

2222 2530 2482 2590 συνεῖναι,
2510 2527 2801 2599 διαφόρους
2826 2528 3125 2596 ἀποφάσεις
3166 2526 3489 2597 πεποίηνται
3521 2526 3652 2598 περὶ
3687 2525 3778 2578 αὐ-

2219 2621 2332 2674 τοῦ.
2363 2621 2471 2674 Καί
2501 2622 2640 2685 τινές
2681 2638 2810 2690 φασι
2842 2621 2939 2691 μὲν
2981 2620 3144 2674 αὑτὸν
3182 2623 3248 2691 τῇ
3277 2618 3537 2690 Παρθένῳ
3563 2618 3777 2690 πρῶτον

2221 2712 2480 2784 ἄρχεσθαι
2509 2713 2926 2782 συγκαταδύνειν
2948 2730 2962 2744 ο
3004 2709 3123 2766 εἶτα
3158 2714 3216 2765 ὲν
3250 2713 3360 2772 τοῖς
3389 2709 3594 2780 ἑφεξῆς
3637 2710 3780 2780 τρισὶ

2221 2804 2428 2869 ζωδίοις
2452 2823 2466 2838 ο
2503 2805 2630 2859 ἔνιοι
2657 2804 2717 2859 δὲ
2758 2804 3019 2875 ἄρχεσθαι
3067 2804 3162 2874 μὲν
3201 2802 3308 2856 ἀπὸ
3346 2801 3440 2854 τοῦ
3486 2801 3778 2870 Σκορπίου,

2219 2897 2403 2967 λήγειν
2425 2897 2481 2950 δὲ
2509 2898 2599 2950 ἐπὶ
2619 2896 2708 2949 τὸν
2746 2897 3042 2968 ’Υδροχόον,
3076 2889 3150 2949 ὧν
3179 2911 3288 2948 τισι
3316 2893 3410 2948 καὶ
3436 2895 3501 2947 σὺ
3537 2894 3780 2965 παρατέ-

2218 3006 2411 3059 τευχας
2452 2987 2818 3059 ἐλεγχομένοις
2859 2990 2946 3057 ὑφ’
2984 2988 3158 3060 ἡμῶν,
3192 2988 3284 3041 καὶ
3318 2987 3779 3058 μετατιθεμένοις.

2219 3080 2460 3134 Καθόλου
2498 3079 2554 3132 δὲ
2599 3081 2692 3133 καὶ
2731 3079 2822 3132 τοῦ
2863 3081 3182 3151 φαινομένου
3211 3080 3376 3134 τοῦτο.
3400 3078 3780 3143 συνιστῶντος,

2221 3173 2316 3226 καὶ
2338 3173 2430 3225 τοῦ
2459 3171 2681 3245 ποιητοῦ
2714 3172 2894 3241 σαφῶς
2926 3174 3190 3242 λέγοντος,
3218 3174 3299 3227 ὅτι
3333 3173 3452 3236 ὅλος
3500 3173 3603 3242 μὲν
3638 3173 3783 3226 δεδνη

2220 3260 2330 3325 κὼς
2357 3263 2583 3332 γίνεται,
2616 3262 2839 3326 Λέοντος
2867 3263 3002 3333 πρὸς
3039 3262 3298 3324 ἀνατολὰς
3333 3261 3483 3325 ὄντος
3504 3280 3516 3291 ·
3555 3262 3782 3332 ἄρχεται

2217 3355 2274 3408 δὲ
2305 3355 2542 3420 δύεσθαι,
2577 3357 2655 3409 ὅτ’
2685 3357 2750 3409 ἂν
2778 3357 2806 3407 6
2831 3355 3040 3428 Ταῦρος
3071 3355 3234 3426 μέλλῃ
3265 3354 3570 3408 ἀνατέλλειν
3588 3372 3604 3385 ·
3636 3356 3698 3408 τὸ
3728 3354 3780 3406 δὲ

2219 3449 2358 3502 κατά
2399 3448 2686 3520 διάμετρον
2727 3448 2888 3502 αὑτοῦ
2923 3450 3170 3518 κείμενον
3216 3448 3404 3512 ζώδιον
3446 3450 3476 3501 6
3513 3448 3783 3518 Σκορπίος

2218 3541 2352 3611 πρὸς
2376 3545 2443 3612 τῇ
2475 3541 2622 3594 δύσει
2653 3543 2937 3612 ὑπάρχων⁹
2971 3543 3026 3596 αἱ
3061 3541 3120 3594 δὲ·
3155 3541 3330 3612 Χηλαὶ
3359 3541 3563 3611 ἀρτίως
3591 3557 3782 3594 κατεν-

2217 3633 2509 3704 ηνεγμέναι
2553 3627 2703 3696 ὦσιν,
2750 3627 2836 3696 αἶς
2871 3632 2986 3703 ἅμα
3013 3630 3520 3702 συγκαταφέρεσθαι
3554 3631 3778 3700 ἄρχεται

2216 3727 2245 3778 6
2279 3725 2663 3796 Ἀρκτοφύλαξ,
2699 3726 2928 3796 φανερὸν
2957 3721 3092 3778 εἶναι
3117 3724 3338 3794 νομίζω,
3364 3723 3500 3775 διότι
3537 3725 3669 3787 τοὺς
3691 3725 3780 3776 ἀν-

2216 3817 2550 3883 τιδοξοῦντας
2578 3819 2708 3887 ἡμῖν
2739 3808 2868 3888 ’περὶ
2897 3816 3084 3869 τούτου
3115 3813 3391 3876 παντελῶς
3413 3815 3680 3886 ἀπείρους
3701 3809 3777 3866 εἶ-

2216 3924 2303 3961 ναι
2333 3908 2440 3961 τῶν
2465 3908 2800 3977 φαινομένων
2834 3907 3196 3977 συμϐέϐηκεν.
3245 3926 3270 3958 ι

2247 4011 2252 4044 ι
2283 3999 2476 4062 Καλῶς
2523 4001 2621 4071 μὲν
2657 3995 2748 4053 οὖν
2782 3995 2946 4069 εἶχεν,
2989 4001 3035 4051 εί
3079 3998 3152 4069 μὴ
3183 3997 3360 4067 μόνον,
3405 3998 3775 4067 ἀναποδείκτῳ

2217 4092 2374 4162 φάσει
2402 4091 2697 4164 χρώμενος,
2724 4091 2874 4159 ἔλεγε
2899 4092 3023 4154 τοὺς
3058 4088 3460 4153 ἁντιδοξοῦντας
3482 4089 3774 4160 ἐλεγχομέ-

2217 4204 2336 4249 νους
2355 4187 2444 4240 ὑπ’
2472 4183 2634 4240 αὐτοῦ
2663 4183 3062 4255 μετατίθεσθαι,
3079 4181 3211 4237 ἀλλὰ
3231 4182 3325 4236 καὶ
3347 4183 3440 4235 νῦν
3464 4182 3767 4252 ἔγγραπτον

2217 4280 2380 4332 ἐτίθει
2410 4279 2507 4350 τὴν
2539 4277 2838 4343 ἀπόδειξιν
2879 4278 2966 4330 ἵνα
3008 4278 3099 4330 καὶ
3137 4279 3185 4329 οἱ
3217 4277 3387 4331 λοιποὶ
3415 4275 3515 4327 τῶν
3555 4273 3767 4326 ἀντιδο-

2216 4370 2446 4436 ξούντων
2472 4367 2783 4430 πεισθῶσιν,
2817 4368 2897 4420 ὅτι
2936 4369 3056 4428 ταῖς
3094 4365 3299 4435 Χηλαῖς
3323 4366 3534 4436 ἄρχεται
3563 4379 3768 4430 συγκα-

549 4453 866 4526 persuaderi
915 4457 1116 4520 posset,
1167 4463 1290 4502 cum
1324 4445 1528 4512 Chelis,
1560 4462 1667 4502 non
1715 4461 1838 4499 cum
1885 4442 2112 4513 Scorpio

2219 4462 2475 4525 ταδύνειν,
2505 4462 2596 4514 καὶ
2622 4461 2686 4512 οὺ
2706 4458 2781 4528 τῷ
2809 4458 3058 4528 Σκορπίῳ
3077 4473 3088 4484 ·
3120 4458 3257 4528 πλὴν
3282 4459 3400 4510 ἐπεὶ
3427 4451 3571 4518 οὗτος
3596 4471 3770 4523 παρα-

549 4548 701 4602 illum
741 4542 1020 4599 occidendi
1056 4539 1406 4612 primordium
1445 4539 1661 4593 habere.
1705 4536 1968 4602 Quoniam
2010 4535 2110 4606 igi-

547 4649 638 4695 tur
672 4640 774 4693 hoc
806 4637 873 4694 ab
902 4652 966 4690 eo
997 4633 1420 4705 praetermissum
1451 4640 1552 4695 est,
1589 4646 1696 4684 non
1738 4629 1928 4683 inutile
1965 4627 2109 4682 fulu-

550 4747 670 4786 rum
722 4728 957 4785 arbitror
978 4725 989 4800 ρ
1011 4725 1202 4796 paucis
1261 4724 1590 4784 admonere,
1646 4723 1843 4792 quibus
1899 4721 2106 4776 inducti

548 4821 855 4879 rationibus
925 4817 1288 4878 arbitremur,
1359 4829 1481 4867 cum
1570 4811 1798 4883 Scorpio
1871 4813 2105 4882 primum

548 4911 797 4968 occidere
835 4907 1076 4962 Bootem.
1110 4904 1244 4958 Nam
1285 4905 1642 4972 copiosiorem
1679 4903 1781 4957 hac
1815 4903 1883 4957 de
1911 4918 1969 4957 re
2002 4917 2110 4958 ser-

549 5017 776 5066 monem,
810 5007 1009 5052 nostra:
1041 4996 1116 5050 illi
1147 4996 1213 5050 de
1250 4995 1526 5050 coortibus
1562 4994 1915 5063 disputationi
1950 5008 2108 5064 sepo-

548 5095 778 5149 suimus.
801 5087 1094 5158 Fingamus
1120 5088 1303 5157 itaque
1329 5085 1488 5141 modo
1504 5087 1557 5139 in
1575 5085 1854 5140 horizonte
1877 5085 2106 5140 occiduo

549 5181 1000 5240 australissimam
1032 5181 1242 5236 Stellam
1277 5195 1486 5242 earum,
1521 5194 1638 5248 qua:
1659 5186 1785 5234 sunt
1807 5179 1860 5234 in
1884 5178 2106 5236 sinistro

470 5254 478 5260 ”
549 5272 684 5344 pede
729 5268 1159 5338 Arctophylacis.
1191 5267 1286 5322 Est
1327 5283 1391 5322 ea
1438 5267 1708 5321 borealior
1745 5264 2103 5334 aequinoctiali

549 5365 756 5421 circulo
785 5361 1031 5432 partibus
1050 5360 1140 5428 27,
1168 5375 1230 5413 ac
1256 5360 1455 5425 triente
1483 5376 1498 5424 ;
1533 5358 1837 5425 cujus'nodi
1865 5358 2105 5412 circulus

551 5471 646 5525 per
676 5454 830 5524 polos
854 5452 1126 5506 transiens
1153 5457 1367 5507 constat
1395 5449 1517 5504 560.
1546 5450 1627 5504 0b
1665 5449 1718 5503 id
1754 5449 2105 5519 tequidistans

549 5547 915 5618 a'quinoctiali
958 5545 1198 5599 circulus
1244 5561 1338 5615 per
1381 5546 1526 5600 illam
1578 5547 1785 5602 stellam
1833 5546 2105 5607 transiens

620 5701 662 5736 "'
767 5700 908 5758 ἱπεί.

2215 4554 2475 4614 λέλοιπεν,
2500 4552 2600 4604 οὐκ
2631 4551 2895 4621 ἄχρηστον
2927 4548 2990 4601 ἂν
3026 4549 3109 4618 εἴη
3139 4548 3226 4601 διὰ
3255 4547 3498 4619 βραχέων
3525 4545 3772 4615 ὑπομνῆ-

2217 4665 2324 4710 σαι,
2357 4645 2421 4698 δι’
2466 4638 2540 4697 ὧν
2585 4642 2878 4712 πειθόμεθα
2910 4640 2987 4710 τῷ
3033 4641 3280 4712 Σκορπίῳ
3330 4637 3564 4709 πρώτως
3612 4637 3771 4689 αὑτὸν

2217 4736 2653 4806 συγκαταδύνειν.
2690 4735 2793 4788 Τὸν
2835 4732 2930 4803 μὲν
2955 4731 3062 4801 γὰρ
3107 4731 3198 4783 ἐπὶ
3226 4730 3404 4782 πλεῖον
3448 4731 3577 4800 περὶ
3608 4727 3768 4782 αὑτοῦ

2213 4831 2364 4900 λόγον
2390 4832 2445 4882 ἐν
2471 4832 2535 4900 τῇ
2559 4827 2664 4882 τῶν
2703 4822 3067 4879 συνανατολῶν
3089 4821 3434 4892 πραγματεία
3459 4837 3770 4892 κατακεχω-

2216 4920 2445 4991 ρίκαμεν
2465 4936 2477 4947 ο
2509 4915 2730 4970 νοείσθω
2771 4915 2827 4967 δὲ
2863 4913 2957 4966 νῦν
2991 4913 3080 4965 ἐπὶ
3106 4910 3198 4963 τοῦ
3237 4910 3507 4982 ὁρίζοντος
3536 4911 3675 4982 πρὸς

2212 5011 2358 5065 δύσει
2387 5009 2632 5080 κείμενος
2673 5009 2701 5059 6
2743 5004 3055 5066 νοτιὼτατος
3083 5002 3257 5072 ἀστὴρ
3296 5001 3402 5053 τῶν
3446 5004 3503 5054 ἐν
3544 5000 3621 5070 τῷ
3651 5002 3770 5071 ἀρι-

2215 5102 2390 5174 στερῷ
2422 5100 2541 5156 ποδὶ
2581 5098 2674 5152 τοῦ
2707 5097 3177 5168 Ἀρκτοφύλακος.ι
3201 5093 3340 5146 Ἀλλ’
3369 5092 3516 5146 ἔστιν
3548 5087 3703 5154 οὗτος
3744 5093 3775 5142 ὁ

2213 5196 2389 5267 ἀστὴρ
2434 5192 2764 5264 βορειότερος
2804 5189 2896 5242 τοῦ
2935 5186 3244 5260 ίσημερινοῦ
3287 5185 3485 5240 κύκλου
3537 5186 3648 5255 μοί.
3694 5183 3772 5248 κζ’

2214 5288 2307 5340 καὶ
2331 5293 2378 5354 γ’
2408 5285 2564 5356 μέρει
2594 5282 2806 5353 μοίρας,
2833 5281 2956 5334 οἴων
2982 5281 3127 5333 ἐστὶν
3157 5280 3184 5332 6
3208 5279 3295 5332 διὰ
3335 5278 3443 5331 τῶν
3472 5277 3652 5330 πόλων
3681 5276 3774 5329 κύ-

2213 5376 2336 5438 κλος
2373 5391 2481 5444 μοι.
2514 5372 2608 5436 τξ’.
2637 5371 2734 5424 Διὰ
2768 5370 2832 5440 δὴ
2861 5369 3019 5423 τοῦτο
3057 5372 3085 5423 6
3122 5368 3461 5440 γραφόμενος
3496 5365 3773 5438 mpsim-

2211 5467 2298 5540 λος
2324 5466 2401 5537 τῷ
2431 5464 2723 5536 ἰσημερινῷ
2748 5462 2941 5525 κύκλος
2968 5462 3053 5515 διά
3074 5461 3168 5514 τοῦ
3193 5459 3595 5532 προειρημένου
3615 5457 3773 5511 ἀστέ-

2217 5576 2305 5632 ρος
2334 5559 2432 5630 τὴν
2457 5557 2597 5628 ὑπερ
2625 5557 2728 5627 γῆς
2749 5556 3094 5628 περιφέρειαν
3126 5553 3230 5624 ἔχει
3271 5551 3520 5606 τοιούτων
3555 5549 3772 5622 τμημά-
