4040 6206
311 316 449 384 107¹2

1279 324 1641 382 HIPPARCIII
1673 320 2236 381 AD'PHENOMENA
2271 322 2399 378 LIB.
2443 329 2504 379 II.

3375 327 3513 383 1078

307 465 417 501 των
440 452 500 500 ιε’
542 444 826 502 λείπουσαν
850 452 898 503 κ’
928 448 1083 520 μέρει
1111 446 1187 512 ὡς
1210 447 1450 518 ἔγγιστα,
1491 448 1617 502 οἵων
1647 447 1792 500 ἐστὶν
1829 448 1858 498 ό

1967 460 2145 500 arcum
2206 460 2370 516 supra
2417 453 2619 499 terram
2659 444 2822 501 habet
2870 430 3099 500 totidem‘
3139 445 3372 515 partium
3421 446 3511 513 15,

307 537 399 592 διὰ
423 536 532 590 τῶν
560 537 735 591 πόλων
768 538 962 602 κύκλος
997 539 1294 611 τμημάτων
1326 539 1422 592 κδ’.
1450 539 1523 592 Τὸ
1557 540 1725 609 ἥμισυ
1754 537 1861 608 ἄρα

306 628 408 698 τῆς
426 627 723 700 εἰρημένης,
750 629 1117 701 περιφερείας,
1147 630 1208 684 τὺ
1228 630 1336 684 ἀπὸ
1359 628 1452 683 τοῦ
1493 626 1860 701 μεσημϐρινοῦ

306 717 414 782 ἓως
454 717 677 783 δύσεως,
697 717 805 773 τῶν
847 719 1023 773 αὐτῶν
1060 720 1359 791 τμημάτων
1396 720 1512 773 ἐστὶ
1551 719 1616 784 ζ’,
1655 720 1749 771 καὶ
1787 719 1862 781 ὠς

305 809 535 878 ἔγγιστα
556 810 808 880 ἡμίσους.
842 812 977 866 Ἀλλ’
997 814 1025 866 ό
1050 812 1333 884 εἰρημένος
1361 814 1535 883 ἀστὴρ
1558 815 1753 876 κεῖται,
1788 811 1863 876 ὼς

305 899 457 955 κατὰ,
482 901 820 972 παράλληλον
861 902 1082 969 κύκλον,
1111 904 1236 976 περὶ
1269 902 1316 958 α’
1364 906 1469 974 μυῖ.
1502 902 1610 957 τῶν
1647 903 1859 975 Χηλῶν.

304 990 563 1055 Δύνοντος
594 991 702 1063 ἄρα
731 992 914 1059 αὐτοῦ,
952 994 1032 1047 δεῖ
1069 998 1436 1067 μεσουρανείν,
1463 996 1538 1059 ὡς
1558 996 1698 1049 κατά
1724 1012 1864 1068 παρ-

306 1082 536 1155 ἀλληλον
569 1082 784 1149 κύκλον,
811 1085 915 1157 τὴν
939 1093 1024 1138 κα¹
1048 1085 1088 1141 δ’
1123 1089 1231 1157 μοῖ.
1259 1085 1353 1139 τοῦ
1385 1087 1667 1158 Αἰγόκερω
1686 1103 1700 1119 ο
1731 1087 1863 1141 ταύ-

303 1193 409 1247 της
437 1175 498 1229 δὲ
536 1174 630 1228 ἐπὶ
673 1175 767 1230 τοῦ
803 1176 1141 1249 παραλλήλου
1190 1177 1642 1250 μεσουρανούσης,
1683 1178 1763 1232 δεῖ
1806 1181 1864 1233 ὲν

304 1265 389 1337 τῷ
419 1264 664 1337 ζωδιακῷ
697 1272 1043 1341 μεσουρανεῖν
1065 1269 1163 1340 τὴν
1188 1270 1463 1339 δευτέραν,
1491 1269 1585 1323 καὶ
1616 1271 1864 1343 εἰκοστὴν

308 1362 505 1432 μοῖραν
534 1359 628 1413 τοῦ
672 1359 969 1430 Αίγόκερω.
1009 1360 1143 1415 Ἀλλ’
1190 1364 1247 1416 ὲν
1291 1361 1369 1435 τῷ
1409 1362 1653 1434 ζωδιακῷ
1694 1362 1792 1434 τῆς
1820 1362 1863 1433 β’

306 1450 407 1505 καὶ
434 1450 678 1522 εἰκοστῆς
723 1450 817 1505 τοῦ
856 1452 1133 1526 Δίγόκερω
1174 1454 1364 1525 μοίρας
1410 1453 1863 1527 μεσουρανούσης,

305 1542 371 1594 ὲν
390 1539 470 1612 τῷ
491 1536 831 1613 ὑποκειμένῳ
856 1542 1088 1614 ὁρίζοντι
1118 1543 1198 1597 δεῖ
1219 1544 1521 1599 ἀνατέλλειν
1542 1546 1638 1616 τὴν
1672 1552 1724 1611 ς’
1761 1545 1864 1616 μά-

305 1632 468 1688 λιστα
501 1635 609 1705 μοί.
635 1632 729 1687 τοῦ
752 1634 995 1706 Ταύρου’
1034 1636 1259 1692 ἕκαστον
1282 1638 1390 1709 γὰρ
1429 1637 1538 1691 τῶν
1566 1638 1865 1709 εἰρημένων

305 1724 690 1781 ἀποδείκνυται
712 1726 800 1781 διὰ
822 1726 932 1781 τῶν
953 1728 1225 1801 γραμμῶν
1259 1731 1316 1784 ὲν
1337 1733 1454 1795 ταῖς
1485 1730 1707 1785 καθόλου
1739 1732 1864 1804 περὶ

304 1817 423 1873 τῶν
458 1818 709 1872 τοιούτων
758 1822 889 1890 ἡμῖν
940 1821 1389 1893 συντεταγμέναις
1444 1824 1861 1895 πραγματείαις.

321 1909 384 1964 '0
412 1907 519 1981 ἀρα
550 1909 833 1981 ἀριστερὸς
858 1910 992 1973 ποῦς
1018 1911 1113 1965 τοῦ
1141 1912 1351 1966 Βοὼτου
1374 1914 1776 1970 ἀντικαταδύνει
1796 1918 1863 1988 τῇ

310 2001 371 2068 ς’
403 2001 512 2073 μοί.
540 1999 635 2055 τοῦ
665 2002 897 2074 Ταύρου.
930 2005 1051 2058 Ὀτι
1082 2005 1139 2058 δὲ
1169 2006 1262 2059 καὶ⁹
1290 2006 1501 2078 πρῶτος
1532 2010 1560 2062 ό
1586 2008 1865 2080 ἀριστερὸς

313 2089 450 2154 ποῦς
476 2088 570 2144 τοῦ
615 2089 822 2145 Βοώτου
868 2091 1030 2157 δύνει,
1066 2094 1233 2166 χωρὶς
1260 2095 1448 2149 τούτου
1492 2097 1865 2150 ἀποδέδεικται

314 2185 373 2242 ἓν
395 2181 473 2256 τῷ
500 2183 628 2256 περὶ
649 2184 817 2241 αὑτοῦ,
841 2185 1002 2258 λόγῳ.
1022 2186 1256 2259 ⁴ιιανερδν
1286 2187 1330 2241 δ’
1361 2188 1427 2242 ἂν
1457 2188 1542 2259 εἴη
1566 2189 1659 2242 καὶ
1684 2188 1743 2254 ἐξ
1767 2189 1865 2242 αὐ-

310 2275 414 2346 τῆς
440 2275 541 2347 τῆς
573 2276 777 2341 θέσεως
799 2278 891 2331 τοῦ
928 2277 1156 2333 Βοώτου.
1193 2279 1378 2353 Ὀρθδς
1412 2279 1518 2352 γὰρ
1559 2280 1800 2353 βεδηκὼς
1837 2284 1867 2336 ό

315 2365 552 2439 Βοώτης,
576 2366 810 2436 ὲγκλίνει
833 2370 899 2439 τῇ
923 2367 1069 2421 θέσει
1091 2367 1280 2433 οὕτως,
1313 2369 1451 2423 ὥστε
1474 2370 1562 2423 τὸν
1585 2370 1865 2444 ἀριστερὸν

316 2457 451 2511 πόδα
493 2457 669 2529 πολλῷ
700 2458 1011 2531 νοτιώτερον
1037 2458 1164 2513 δντα
1189 2460 1288 2530 τῆς
1319 2461 1574 2533 κεφαλῆς,
1614 2465 1867 2534 προηγεῖ-

316 2548 443 2613 σθαι
475 2550 568 2605 τοῦ
609 2551 706 2609 διὰ,
741 2551 849 2607 τῶν
890 2552 1088 2617 πόλων,
1136 2553 1230 2607 καὶ
1272 2555 1369 2625 τῆς
1420 2554 1655 2627 κεφαλῆς
1701 2554 1863 2610 αὐτοῦ

314 2642 670 2715 γραφομένου.
698 2642 895 2697 κύκλου
945 2643 1124 2698 πλεῖον
1148 2644 1316 2715 ἣμισυ
1359 2646 1452 2703 καὶ
1487 2644 1738 2719 τέταρτον
1769 2647 1864 2718 μέ-

316 2751 410 2808 ρος
442 2735 654 2801 ζωδίου.
687 2736 822 2808 Περὶ
851 2734 908 2790 δὲ
930 2735 1024 2789 τοῦ
1060 2734 1305 2806 Ὠρίωνος
1335 2739 1611 2808 συμφωνεῖ
1639 2739 1668 2790 ό
1694 2738 1863 2809 Ἀρα-

318 2845 432 2893 tog,
462 2824 854 2898 ὕπολαμὸἀνων
884 2825 1042 2881 αὑτὸν
1068 2824 1185 2886 ὅλον
1222 2829 1332 2890 τοῖς
1362 2826 1609 2898 Διδύμοις
1641 2845 1867 2883 συνανα-

316 2918 538 2975 τέλλειν,

388 3012 471 3068 H'.
503 3010 610 3065 T06
638 3010 694 3065 δὲ
734 3010 955 3076 Λέοντος
996 3012 1292 3087 ἀρχομένου
1341 3014 1663 3080 ἀνατέλλειν,
1695 3016 1723 3069 ό
1771 3016 1868 3087 μὲν

1962 538 2145 593 minus
2201 545 2352 606 parte
2411 536 2669 591 vicesima
2728 537 2966 604 circiter,
3019 544 3153 606 quot
3214 552 3311 607 per
3359 538 3512 608 polos

1961 628 2268 698 descriptus
2332 628 2570 683 circulus
2623 627 2787 684 habet
2845 627 2936 686 24.
2995 626 3173 694 Quare
3229 628 3510 682 dimidium

1961 720 2412 776 circumferentiae
2453 719 2616 785 illius,
2661 720 2805 790 quod
2844 733 2875 772 a
2914 719 3215 775 meridiano
3253 718 3318 772 ad
3353 734 3513 774 ocea-

1962 827 2081 868 sum
2125 812 2377 881 pertinet,
2413 811 2725 868 earumdem
2771 810 2885 866 fere
2920 812 3152 881 partium
3196 819 3280 867 est
3325 811 3510 883 71/2.

1960 903 2124 974 Atqui
2170 902 2358 959 eadem
2404 904 2492 958 illa
2541 903 2718 969 stella,
2750 901 3045 958 secundum
3085 900 3511 972 aaquidistantem

1962 994 2253 1059 circulum,
2274 994 2377 1049 sita
2407 1000 2491 1048 est
2520 995 2573 1048 in
2598 1001 2750 1064 parte
2772 992 3056 1048 Chelarnm
3081 992 3296 1048 circiter
3314 993 3508 1063 prima.

1963 1086 2039 1141 Ea
2071 1086 2232 1157 igitur
2262 1084 2542 1141 occidente
2563 1123 2579 1149 ,
2613 1085 2911 1140 culminare
2943 1090 3149 1153 oportet
3174 1084 3229 1138 in
3258 1084 3512 1153 parallelo

1962 1177 2168 1233 circulo
2220 1176 2311 1242 2I,
2361 1176 2440 1231 I5'
2488 1185 2695 1246 partem
2756 1174 3121 1245 Capricorni;
3168 1189 3273 1245 qua
3320 1190 3512 1229 rursus

1963 1267 2310 1330 culminante,
2359 1281 2586 1322 necesse
2626 1272 2708 1321 est
2749 1266 2803 1319 in
2844 1264 3065 1320 zodiaco
3110 1265 3407 1320 culminare
3443 1265 3514 1318 22

1963 1358 2303 1431 Capricorni.
2333 1357 2504 1414 Porro
2526 1374 2647 1413 cum
2674 1358 2728 1412 in
2756 1358 2978 1413 zodiaeo
2999 1358 3252 1414 vicesima
3275 1359 3512 1413 secunda

1966 1467 2092 1522 pars
2122 1453 2441 1524 Capricorni
2472 1452 2753 1515 culminat,
2796 1453 2850 1507 in
2896 1467 2981 1510 eo.
3011 1468 3170 1522 quem
3203 1453 3511 1518 statuimus,

1966 1540 2246 1597 borizonte
2297 1550 2451 1597 sexta
2482 1540 2595 1597 fere
2639 1558 2766 1613 pars
2804 1541 2967 1596 Tauri
3010 1541 3166 1597 debet
3207 1557 3509 1613 assurgere.

1965 1632 2091 1688 Haec
2137 1632 2282 1689 enim
2329 1633 2514 1688 omnia
2560 1633 2871 1704 singillatim
2927 1648 3023 1703 per
3074 1632 3248 1689 lineas
3292 1633 3515 1688 demon-

1966 1733 2209 1781 strantur
2238 1726 2290 1780 in
2316 1742 2478 1796 opere
2518 1725 2610 1780 illo
2644 1740 2749 1795 quo
2775 1725 3074 1795 generalem
3107 1725 3173 1780 de
3206 1725 3326 1781 istis
3351 1726 3513 1781 rebus

1967 1817 2343 1873 tractationem
2385 1817 2742 1872 instituimus.
2791 1815 3150 1890 Quamobrem
3193 1816 3373 1872 Boota:
3418 1832 3514 1886 pes

1966 1906 2188 1963 sinister
2231 1907 2430 1963 occidit
2473 1909 2681 1965 oriente
2737 1916 2889 1963 sexta
2939 1915 3092 1978 parte
3138 1906 3322 1964 Tauri.
3379 1908 3512 1964 Nam

1964 2002 2251 2058 sinistrum
2284 2001 2467 2057 Bootae
2508 2002 2694 2074 pedem
2734 2003 2966 2077 primum
2997 1998 3250 2059 occidere
3288 2000 3516 2057 demon—

1965 2103 2196 2157 stratum
2239 2098 2324 2151 est
2368 2094 2593 2167 insuper
2638 2094 2695 2151 in
2730 2093 2989 2165 peculiari
3018 2092 3086 2150 de
3132 2093 3224 2151 illo
3266 2092 3514 2164 disputa-

1963 2188 2113 2249 tione
2151 2206 2175 2249 ε,
2201 2187 2346 2258 quod
2371 2194 2425 2243 et
2450 2203 2529 2246 ex.
2559 2188 2678 2258 ipso
2714 2188 2860 2243 illius
2888 2186 3069 2258 positu
3107 2186 3335 2261 intelligi
3367 2187 3515 2242 nullo

1965 2280 2181 2351 negotio
2207 2287 2405 2350 potest.
2438 2277 2574 2335 Cum
2612 2279 2756 2339 enim
2783 2287 2966 2334 rectus
3002 2279 3264 2334 consistat
3298 2277 3513 2344 Bootes,

1964 2371 2039 2427 ita
2071 2379 2249 2427 tamen
2278 2380 2361 2427 est
2403 2371 2682 2445 paululum
2720 2371 2979 2425 inclinato
3010 2369 3140 2436 situ,
3170 2385 3263 2439 pes
3294 2376 3355 2423 ut
3396 2370 3516 2439 ejus

1964 2463 2187 2519 sinister
2208 2463 2367 2533 longe
2392 2463 2686 2518 australior
2708 2461 2907 2535 capite,
2930 2462 3193 2516 circulum
3218 2476 3313 2531 per
3340 2461 3514 2531 polos,

1963 2564 2017 2610 et
2049 2553 2222 2624 ipsius
2255 2561 2418 2624 caput
2444 2552 2772 2622 descriptum
2810 2553 3043 2622 amplius
3081 2551 3345 2608 dodrante
3377 2552 3514 2626 signi

1965 2645 2129 2701 unius
2158 2644 2461 2700 antecedat.
2501 2641 2617 2697 Jam
2650 2643 2715 2698 de
2745 2643 2942 2698 Orione
2979 2658 3102 2697 cum
3135 2645 3516 2714 apparentibus

1964 2738 2131 2793 Arato
2153 2739 2424 2804 convenit,
2456 2744 2722 2808 quatenus
2752 2742 2928 2793 totum
2953 2735 3102 2790 illum
3128 2750 3251 2795 cum
3273 2733 3515 2791 Geminis

1965 2830 2095 2893 oriri
2121 2830 2334 2889 asserit.

2040 3008 2179 3067 VIII.
2206 3010 2276 3064 At
2303 3008 2482 3065 Leone
2507 3009 2736 3081 primum
2761 3007 3061 3071 exoriente,
3081 3007 3276 3060 Aratus
3292 3007 3375 3075 ait
3399 3020 3518 3076 qua:

318 3100 553 3172 Ἄρατός
580 3117 712 3170 φησι
741 3101 813 3155 τά
840 3117 899 3153 τε
930 3103 1024 3155 σὺν
1049 3102 1123 3172 τῷ
1151 3102 1404 3175 Καρκίνῳ
1438 3103 1709 3159 δεδυκέναι
1733 3123 1746 3136 ·
1774 3105 1865 3160 τοῦ

1970 3108 2097 3157 sunt
2139 3115 2261 3156 cum
2289 3099 2521 3162 Cancro,
2563 3098 2673 3164 jam
2721 3096 3025 3163 occidisse;
3058 3094 3350 3166 Ingeniculi
3390 3108 3518 3149 vero

311 3189 360 3243 δ’
403 3190 489 3243 Ἐν
519 3189 737 3258 γόνασιν
761 3190 839 3244 ἔτι
858 3191 946 3245 τὸν
968 3192 1244 3264 ἀριστερὸν
1268 3193 1418 3259 πόδα,
1446 3194 1539 3247 καὶ
1575 3196 1701 3264 γόνυ
1734 3197 1865 3250 ἀπο-

1970 3192 2251 3250 sinistrum
2283 3191 2462 3246 adhuc
2490 3190 2643 3260 123
2673 3188 2886 3260 pedem,
2928 3203 2991 3245 ac
3016 3204 3156 3259 genu
3197 3201 3514 3257 supereSSe;

312 3277 593 3333 λείπεσθαι
612 3295 626 3309 ο
656 3278 722 3332 τὰ
740 3280 811 3333 ’δὲ
838 3279 996 3335 λοιπά
1023 3280 1295 3334 δεδυκέναι
1313 3297 1324 3311 '
1356 3280 1661 3336 ἀνατέλλειν
1686 3282 1741 3336 δὲ
1768 3284 1867 3355 τὴν

312 3370 555 3441 κεφαλὴν
577 3369 670 3423 τοῦ
700 3370 921 3443 ’Ὑδρου,
947 3372 1040 3425 καὶ
1074 3372 1164 3424 τὸν
1196 3372 1436 3463 Λαγωὸν,
1472 3374 1564 3427 καὶ
1604 3374 1692 3429 τὸν
1730 3374 1868 3446 Πρό-

314 3478 474 3525 κυνα,
508 3461 603 3515 καὶ
630 3462 754 3524 τοὺς
779 3462 1136 3536 ἐμπροσθίους
1160 3463 1323 3528 πόδας
1347 3461 1448 3517 ’τοῦ
1483 3466 1678 3530 Κυνός.
1704 3465 1869 3542 Τῷδὲ

326 3552 539 3624 Ἀράτῳ
562 3551 760 3622 ὁμοίως
791 3555 883 3608 καὶ
912 3553 942 3606 ό
985 3553 1206 3621 Εὔδοξος
1250 3555 1623 3625 ἀποφαίνεται.
1659 3556 1741 3611 Ἰῗά
1778 3554 1881 3617 οὖν.

312 3642 577 3717 εἰρημένα
601 3642 772 3715 ἄστρα
796 3643 953 3714 δῆλον
990 3645 1071 3698 ὅτι
1101 3644 1178 3715 τῷ
1206 3645 1462 3717 Καρκίνῳ
1486 3648 1602 3700 κατ’
1624 3646 1815 3710 αὐτοὺς
1835 3646 1876 3703 ἀ

318 3735 418 3807 μὲν
458 3736 850 3802 συνανατέλλει,
877 3735 914 3791 ἀ
955 3736 1012 3790 δὲ
1040 3736 1462 3793 ἀντικαταδύνει.
1495 3738 1604 3792 Καὶ
1631 3739 1725 3793 ἐπὶ
1764 3738 1872 3797 τῶν

312 3826 491 3886 ἄλλων
522 3825 726 3890 ζωδίων
756 3828 817 3881 τὸ
854 3827 983 3885 αὐτὸ
1023 3828 1484 3900 διαλαμόανέσθω.
1530 3830 1617 3884 Ἐν
1653 3830 1751 3902 μὲν
1780 3827 1872 3885 οὖν

312 3922 430 3984 τοῖς
458 3919 661 3984 λοιποῖς
689 3919 1034 3991 συμφωνοῦσι
1058 3923 1168 3984 τοῖς
1192 3923 1558 3993 φαινομένοιςο
1587 3921 1682 3977 τοῦ
1706 3923 1749 3976 δ’
1786 3924 1872 3977 Ἐν

309 4011 537 4078 γόνασιν
567 4012 632 4068 06
674 4012 829 4083 μόνον
857 4012 917 4065 τὸ
957 4012 1241 4083 ἀριστερὸν
1271 4013 1397 4082 γόνυ
1433 4015 1527 4072 καὶ¹
1571 4017 1599 4069 ό
1633 4008 1775 4080 ποῦς
1794 4015 1873 4070 ἔτι

315 4101 460 4173 (ιπὶρ
484 4102 587 4173 γῆς
624 4104 791 4166 ἐστιν,
823 4101 956 4155 ἀλλά
979 4103 1072 4156 καὶ
1100 4101 1161 4155 τὸ
1199 4103 1366 4169 δεξιὸν
1400 4104 1546 4173 γόνυ.
1581 4105 1734 4160 Δύνει
1767 4105 1874 4178 γὰρ

313 4193 474 4248 τοῦτο
498 4193 889 4264 ἀνατελλούσης
923 4192 1022 4264 τῆς
1058 4193 1152 4248 τοῦ
1181 4195 1402 4259 Λέοντος
1449 4198 1556 4268 μοί.
1593 4205 1688 4263 ις’.
1728 4200 1785 4253 '0
1815 4199 1873 4253 δὲ

316 4284 545 4354 Λαγωὺς
563 4284 624 4337 ού
652 4284 813 4355 μόνον
829 4284 905 4355 τῷ
927 4285 1182 4357 Καρκίνῳ
1206 4288 1596 4355 συνανατέλλει,
1616 4289 1691 4354 ὡς
1716 4290 1876 4364 Ἄρα.

316 4391 410 4439 τος
436 4374 819 4446 ὑπολαμᾶάνει,
847 4374 979 4428 ἀλλά
1016 4376 1109 4429 καὶ
1145 4379 1256 4440 τοῖς
1293 4377 1560 4449 Διδύμοις.
1609 4382 1867 4454 Ἀρχεται

1967 3283 2176 3340 caeteris
2207 3283 2318 3352 jam
2366 3283 2422 3337 in
2467 3297 2720 3338 occasum
2753 3279 3068 3351 depressis:
3100 3279 3232 3335 oriri
3259 3284 3518 3349 prateren

1968 3381 2131 3445 caput
2157 3372 2346 3445 Iiydri,
2385 3372 2666 3443 Leporem,
2699 3371 3018 3443 Proeynem,
3047 3379 3101 3427 et
3139 3369 3518 3427 antecedentes

1967 3466 2132 3520 Canis
2173 3465 2355 3535 pedes.
2395 3462 2594 3519 Eadem
2640 3460 2963 3517 eum'Arato
3005 3462 3197 3524 sex-Ibit
3237 3460 3514 3516 Eudoxus.
3592 3446 3609 3455 ’

1969 3555 2233 3622 Quocirca
2257 3555 2437 3612 sidera
2463 3555 2577 3610 haec
2595 3556 2778 3609 omnia
2808 3555 3024 3624 planum
3046 3559 3131 3610 est
3154 3567 3277 3607 eum
3306 3552 3519 3609 Cancro

1969 3662 2035 3701 ex
2061 3646 2273 3705 illorum
2313 3645 2568 3716 opinione
2605 3647 2798 3715 partim
2843 3643 2999 3708 oriri,
3036 3643 3231 3720 partim
3258 3658 3322 3699 ex
3346 3659 3518 3716 oppo-

1972 3741 2076 3799 sito
2109 3739 2456 3795 descendere.
2489 3736 2631 3792 Idem
2661 3738 2728 3792 de
2756 3737 2965 3792 caeteris
3000 3751 3217 3808 quoque
3239 3737 3410 3808 signis
3432 3737 3520 3806 jn-

1970 3833 2170 3888 dicium
2197 3846 2319 3887 esse
2346 3830 2492 3886 volo.
2530 3831 2705 3901 Atqui
2733 3836 2793 3884 ut
2821 3831 2874 3883 in
2902 3829 3126 3899 reliquis
3158 3828 3227 3885 ab
3252 3844 3519 3899 apparen—

1973 3927 2105 3980 tium
2126 3924 2507 3994 experimentis
2529 3923 2749 3978 minime
2767 3921 3112 3992 discrepant;
3131 3921 3211 3977 sic
3227 3920 3520 3991 Ingeniculi

1972 4033 2079 4073 non
2117 4015 2397 4073 sinistrum
2438 4015 2598 4091 modo
2639 4030 2799 4086 genu,
2854 4030 3057 4086 pesque
3107 4029 3270 4085 supra
3318 4022 3520 4069 terram

1973 4107 2150 4163 adbnc
2175 4106 2396 4172 eminet,
2427 4107 2523 4181 sed
2545 4106 2707 4171 etiam
2748 4105 2995 4160 dextrum
3027 4120 3186 4176 genu.
3234 4103 3348 4160 Iloc
3375 4105 3521 4159 enim

1974 4199 2170 4256 occidit
2190 4198 2398 4265 oriente
2413 4196 2610 4253 Leonis
2636 4204 2785 4267 parte
2807 4198 2892 4257 I6.
2920 4196 2988 4251 At
3009 4195 3185 4268 Lepus
3212 4212 3319 4253 non
3346 4196 3521 4252 solum

1973 4306 2098 4347 cum
2123 4289 2334 4346 Cancro
2366 4288 2561 4361 oritur,
2584 4288 2683 4361 uti
2708 4288 2883 4344 visum
2909 4296 2992 4343 est
3022 4286 3209 4355 Arato,
3243 4288 3335 4344 sed
3358 4287 3523 4343 etiam

1973 4398 2095 4438 cum
2131 4381 2394 4438 Geminis.
2438 4359 2589 4457 Oriri
2615 4380 2815 4452 quippe
2845 4381 3031 4451 incipit
3067 4395 3189 4435 eum
3235 4389 3383 4452 parte
3420 4377 3526 4433 Ge-

322 4465 421 4537 μὲν
453 4466 563 4538 γὰρ
593 4466 916 4530 ἀνατέλλειν,
946 4468 1042 4538 τῆς
1073 4464 1117 4532 ζ’
1142 4468 1235 4521 καὶ
1263 4475 1309 4521 κ’
1353 4470 1461 4540 μοί.
1492 4472 1600 4525 τῶν
1628 4474 1867 4545 Διδύμων

1980 4473 2250 4528 minorum
2311 4470 2547 4542 septima.
2598 4480 2660 4527 et,
2709 4472 2964 4526 vicesima
3024 4489 3037 4525 :
3086 4469 3283 4525 desinit
3346 4476 3524 4522 autem

316 4556 726 4630 ἀναφερομένης
746 4576 760 4589 ο
790 4557 943 4628 λήγει
967 4557 1023 4611 δὲ
1049 4558 1367 4625 ἀνατέλλων,
1393 4563 1867 4635 συνανατελλούσης

1975 4563 2302 4618 ascendente
2322 4577 2443 4616 cum
2471 4562 2588 4630 ipso
2607 4561 2802 4621 Cancri
2829 4560 2895 4614 I2
2920 4560 3044 4631 1/2.
3066 4560 3229 4614 Canis
3249 4574 3377 4614 vero
3400 4574 3522 4613 cum

318 4648 469 4720 αὐτῷ
494 4648 764 4721 Καρκίνου
792 4649 901 4719 μοί.
932 4648 997 4719 ιβ’
1024 4648 1108 4704 S".
1139 4649 1196 4702 '0
1219 4650 1276 4702 δὲ
1302 4650 1460 4704 Κύων
1491 4652 1608 4715 ὅλος
1634 4652 1708 4723 τῷ
1736 4655 1876 4725 Καρ-

318 4741 456 4810 κίνῳ
496 4739 883 4804 συνανατέλλει,
911 4740 1047 4812 πλὴν
1078 4740 1188 4794 τῶν
1220 4742 1275 4795 ἐν
1317 4743 1381 4812 τῇ
1425 4742 1589 4813 οὐρᾷ’
1635 4744 1726 4797 καὶ
1754 4744 1873 4814 οὐχ,

1981 4655 2190 4709 Cancro
2220 4661 2367 4709 totus
2393 4653 2586 4718 oritur,
2609 4653 2674 4708 iis
2689 4668 2808 4724 quae
2832 4653 2883 4705 in
2902 4649 3072 4706 cauda
3097 4658 3223 4705 sunt
3250 4651 3521 4720 exceptis;

1978 4761 2173 4817 neque,
2207 4754 2264 4800 ut
2290 4745 2456 4801 Arato
2487 4746 2683 4816 placet,
2712 4745 3014 4805 anteriores
3046 4758 3170 4799 cum
3193 4743 3402 4798 Cancro
3441 4759 3528 4812 pec

315 4831 398 4895 ὡς
422 4829 453 4882 ὁ
477 4832 727 4903 Ἄρατος,
756 4832 805 4885 οί
840 4831 1158 4904 ὲμπρόσθιοι
1191 4832 1353 4903 μόνον.
1380 4833 1541 4891 αύτοῦ
1576 4835 1733 4901 πόδες
1759 4853 1867 4896 συν-

1975 4839 2071 4894 des
2101 4838 2361 4892 duntaxat
2390 4839 2655 4898 oriuntur.

318 4922 669 4977 ανατέλλουσι
700 4922 778 4994 τῷ
809 4923 1085 4996 Καρκίνῳ.

392 5038 468 5092 8'.
496 5037 607 5109 Τῆς
631 5037 690 5091 δὲ
717 5037 990 5111 Παρθένου
1024 5040 1331 5112 ἀρχομένης
1362 5041 1713 5110 ἀνατέλλειν,.

323 5214 435 5234 .....
467 5175 627 5244 Λύρη
663 5176 816 5239 τότε,
847 5176 998 5245 φησὶ,
1022 5176 1367 5244 Κυλληναίη

321 5246 434 5316 Kal
460 5245 676 5316 Δελφίς
706 5245 1109 5316 δύνουσιηκαί
1138 5248 1449 5316 εὐποίητος
1487 5248 1737 5316 ’Ot’a'tdc.

2048 5042 2137 5096 IX.
2178 5040 2350 5096 Porro
2375 5039 2651 5096 exoriente
2680 5036 2919 5107 Virgine,

2050 5221 2064 5236 .
2087 5220 2119 5260 λ
2150 5220 2171 5260 ,⁸
2202 5178 2343 5260 Pyra
2375 5186 2517 5260 tunc,
2550 5174 2952 5260 ait,rC’yl‘lenfa,‘
3028 5241 3082 5260 nr
3111 5242 3149 5260 ﬂ.

1978 5251 2045 5304 Et
2080 5241 2294 5319 Delphin
2333 5248 2592 5319 occidunt,
2619 5259 2664 5300 et
2697 5241 2989 5313 fabrefacta
3023 5241 3248 5312 Sagitta.

322 5315 448 5394 ξύν
460 5312 587 5394 τοῖς(
614 5316 876 5394 ’ρῃιθος
902 5313 1099 5394 πρῶτα
1126 5317 1307 5394 πτερὰ
1329 5312 1516 5394 μέσςρι
1539 5312 1867 5390 παρ’ὰὺτὴν

1977 5312 2322 5394 Cumgaibus
2354 5317 2519 5394 Cygni
2546 5312 2799 5394 primores
2828 5330 3007 5385 penna:
3037 5328 3196 5394 ttaqae
3226 5312 3295 5365 ad
3329 5312 3493 5377 ipsam

326 5384 544 5453 Οὑρὴν.
575 5385 672 5438 καί
700 5384 988 5453 Ποταμοῒο
1013 5384 1686 5453 παρηοριαισκιόωντὰι.

320 5455 500 5528 ,θύα-ιιιΔ
518 5454 568 5508 δ’
609 5455 836 5528 Ἰζείπείῃ
859 5453 1088 5528 κεφαλή
1110 5453 1311 5528 ’-δύνει
1338 5455 1413 5528 δὲ,
1437 5456 1534 5511 καί
1568 5460 1787 5528 αὐχήν.

334 5523 635 5581 ’Δγ-τέλλει
655 5524 706 5577 δ’
732 5524 902 5594 ’Υδρη

320 5594 615 5664 Κρητῆρα.
657 5592 957 5665 Mitteret;
988 5592 1055 5646 δὲ
1082 5594 1251 5649 Κύων
1289 5592 1469 5662 adad}
1500 5592 1733 5654 αινὺται
1766 5602 1873 5656 ἄλο

325 5733 565 5787 Ἕλκων
596 5734 869 5800 ἐξόπιθεν
900 5736 1170 5805 πρύμναν
1192 5736 1565 5806 πολυτειρέος
1609 5669 1870 5811 nixi}?

1977 5382 2242 5452 Caudam,
2271 5398 2319 5442 et
2349 5382 2493 5457 ﬂuuii
2523 5382 2874 5440 extremitates
2902 5382 3248 5457 occultantur.
3274 5453 3278 5457 η

1981 5460 2186 5517 Occidit
2219 5454 2389 5529 autent
2421 5458 2554 5529 Equi
2582 5465 2766 5529 caput;
2797 5454 2983 5508 occidit
3013 5462 3062 5529 et
3095 5454 3287 5529 cervix.

918 5522 1512 5603 μὲῖιὲίτ-ίᾳλέονρχρι
1532 5522 1683 5603 παρτ
1694 5522 1867 5586 αὐτόν

1983 5532 2165 5586 Oritur
2192 5546 2305 5586 vero
2341 5522 2525 5603 [lydia
2553 5522 2777 5595 amplius
2796 5540 2965 5603 Inulae
2995 5523 3069 5603 ad.
3093 5522 3259 5603 ἰρδιιηι

1982 5603 2275 5662 Craterem;
2301 5591 2613 5669 pra7reniem
2640 5591 2755 5652 itero
2787 5591 2944 5650 Canis
2976 5592 3125 5662 pedes
3151 5593 3336 5663 arripit
3375 5591 3531 5656 alios,

1986 5739 2212 5793 Trahcns
2244 5756 2272 5792 α
2306 5746 2445 5807 tergo
2469 5734 2676 5805 puppim
2704 5733 2926 5789 stellam:
2956 5734 3145 5803 Argus.
