4040 6206
582 329 607 381 1
618 329 720 382 079

1554 330 1642 384 AD
1680 331 1950 387 EUSEBII
1988 311 2379 387 CHRONICON
2419 327 2780 384 APPENDIX.

3647 321 3784 379 M383

583 437 712 508 (lare
742 446 912 490 autem
941 437 1104 490 currit
1133 455 1293 508 supra
1325 449 1516 494 terram
1547 442 1743 494 malum
1771 442 1839 495 ad
1861 442 2028 504 ipsum
2059 442 2128 494 di-

2253 441 2325 494 'H
2349 441 2415 494 δέ
2448 441 2563 494 θέει
2593 441 2762 508 γαίης
2797 438 2964 492 ἰστὸν
2991 432 3248 506 διχόωοα
3274 438 3400 490 κατ’
3431 437 3642 508 αὐτον·

585 507 745 576 'Virgo
765 508 972 578 quando
998 518 1108 562 tota
1131 507 1203 561 ab
1219 509 1400 579 inﬁmo
1414 511 1526 578 jam
1550 513 1786 566 evaserit.
1869 510 2129 583 [midiata,

649 619 844 675 Eadem
871 636 992 674 cum
1021 622 1184 676 Arato
1210 622 1366 678 docet
1394 621 1680 691 Eudoxus;
1713 625 1946 694 indeque
1974 626 2138 696 potis-

578 715 776 768 simum
807 725 1026 782 apparet
1064 714 1286 768 Aratum
1325 730 1446 785 qua:
1479 716 1548 770 ab
1591 715 1813 770 Eudoxo
1837 717 1978 770 dicta
2011 725 2137 771 sunt

576 807 798 859 mutatis
810 805 1182 859 tantummodo
1197 807 1374 861 verbis
1389 808 1710 876 exprimere.
1730 808 1991 862 Caeterum
2012 825 2135 863 cum

576 895 736 948 ambo
775 895 828 948 in
861 895 983 950 aliis
1012 895 1079 948 ab
1105 896 1489 965 apparentibus
1522 897 1664 950 baud
1694 897 2038 959 abhorreant,
2072 897 2138 951 de

574 983 712 1037 Malo
749 1001 858 1037 non
900 993 1044 1039 recte
1074 986 1334 1040 sentiunt.
1367 985 1461 1040 llic
1490 987 1630 1040 enim
1664 987 1910 1041 occidere
1945 986 2138 1056 incipit

574 1077 781 1132 oriente
796 1085 946 1146 parte
960 1077 1156 1131 Cancri
1173 1077 1345 1132 media
1362 1077 1614 1132 vicesima
1629 1077 2138 1147 septima,occidere

575 1179 753 1223 autem
768 1170 966 1224 desinit
979 1170 1186 1224 oriente
1199 1171 1371 1223 media
1387 1168 1581 1225 Leonis
1601 1171 1929 1225 secundam
1945 1171 2138 1225 ﬂuvius

579 1261 648 1312 ab
692 1258 890 1314 Orione
935 1276 1163 1315 manans
1196 1276 1304 1314 non
1332 1260 1520 1326 Leoni,
1560 1269 1617 1316 ut
1639 1261 1895 1318 Eudoxus
1922 1263 2016 1326 ait,
2041 1263 2136 1318 sed

574 1353 780 1426 Virgini
814 1357 1060 1411 occidere
1084 1356 1343 1411 adversus
1359 1357 1564 1426 incipit.
1585 1356 1792 1411 Etenim
1816 1357 2140 1413 antecedens

572 1448 822 1512 maxime,
842 1457 895 1503 et
929 1449 1322 1504 australissima
1341 1450 1636 1511 stellarum,
1659 1465 1778 1519 qua:
1797 1451 1849 1504 in
1870 1449 1961 1503 illo
1989 1457 2135 1514 sunt,

569 1553 688 1606 quae
712 1546 764 1591 et
794 1537 1256 1606 splendidissima,
1275 1537 1473 1591 occidit
1497 1538 1702 1592 oriente
1725 1535 1960 1607 Virginis
1992 1545 2140 1606 parte

567 1629 820 1698 septima.
870 1630 1045 1699 Argus
1083 1637 1262 1682 autem
1304 1627 1521 1682 nonnisi
1555 1627 1772 1698 puppim
1803 1643 1926 1680 cum
1961 1625 2141 1682 Leone

568 1722 644 1773 ait
689 1721 955 1783 occidere,
986 1729 1036 1775 et
1067 1720 1311 1775 eamdem
1346 1719 1642 1775 secundum
1693 1719 1893 1773 malum
1936 1726 2138 1774 sectam

568 1809 814 1865 bifariam
853 1811 1165 1868 ascendere.
1197 1809 1368 1864 donec
1400 1819 1508 1864 tota
1539 1809 1702 1880 Virgo
1729 1809 2125 1865 conscenderit.

2239 511 2538 579 Παρθένος
2560 506 2710 582 ἦμος
2729 511 2933 565 ἅπασα
2959 509 3266 576 περαιόθεν
3289 508 3420 574 ἄρτι
3445 506 3704 576 γένηται.
3807 523 3815 544 ο

2304 623 2393 694 Τῷ
2419 622 2474 676 δὲ
2514 621 2720 693 Ἀράτῳ
2755 620 2824 674 τά
2850 619 2985 673 αύτά
3033 619 3126 671 καὶ
3156 619 3185 670 6
3226 615 3448 682 Εὔδοξος
3474 615 3657 684 λέγει’
3693 617 3788 668 καὶ

2240 715 2472 785 μάλιστά
2501 731 2563 782 γε
2601 718 2664 767 ὲκ
2691 712 2892 766 τούτων
2923 711 3150 783 φανερός
3191 711 3336 762 ἐστιν
3367 711 3395 762 6
3421 710 3653 780 ’Ἄρατος
3686 710 3788 761 ὡσ-

2235 808 2348 859 ανεὶ
2368 805 2736 877 παραγράτων
2764 804 2833 858 τὰ
2855 795 2957 856 tia-i=6
2988 802 3081 856 τοῦ
3112 800 3336 868 Εὐδόξου
3369 802 3655 871 εἰρημένα.
3704 801 3788 853 Ἐν

2239 899 2334 969 μὲν
2363 895 2453 952 οὖν
2479 902 2587 961 τοῖς
2620 898 2794 961 ἄλλοις
2820 895 3162 967 συμφωνοῦσι
3185 898 3294 957 τοῖς
3322 893 3685 964 φαινομένοις.
3733 895 3790 945 ’0

2234 989 2290 1041 δὲ
2334 989 2535 1052 Ὀῑστὺς
2575 989 2634 1041 οὐ
2665 987 2741 1058 τῷ
2784 989 2965 1041 Λέοντι
2997 986 3402 1041 ἀντικαταδύνει
3435 985 3616 1055 μόνον,
3656 983 3790 1037 ἀλλὰ

2236 1081 2329 1133 καὶ
2365 1079 2443 1150 τῷ
2475 1080 2748 1151 Καρκίνῳ.
2787 1081 3043 1150 Ἀρχεται
3083 1079 3178 1149 μὲν
3210 1077 3316 1148 γὰρ
3352 1077 3549 1143 δύνειν,
3575 1077 3790 1129 ἀνατελ-

2234 1173 2428 1243 λούσης
2456 1173 2623 1243 μέσης
2643 1173 2738 1242 τῆς
2760 1171 2802 1236 ζ’
2834 1172 2924 1225 καὶ
2955 1176 3004 1224 κ’
3029 1171 3137 1241 μοι.
3175 1170 3266 1224 τοῦ
3291 1170 3564 1241 Καρκίνου
3585 1187 3600 1199 ·
3637 1169 3788 1240 λήγει

2232 1263 2288 1316 δὲ
2320 1263 2508 1326 δύνων,
2544 1262 2930 1334 ἀνατελλούσης
2965 1263 3134 1333 μέσης
3160 1261 3258 1330 τῆς
3281 1260 3324 1331 β’
3357 1260 3468 1331 μοι.
3511 1258 3610 1312 τοῦ
3635 1259 3790 1311 Λέον-

2234 1373 2340 1419 τος.
2384 1357 2440 1409 Ὀ
2471 1355 2527 1409 δὲ
2568 1355 2674 1409 ἀπὸ
2699 1355 2790 1408 τοῦ
2827 1354 3074 1425 Ὠρίωνος
3115 1345 3360 1423 Ποταμδς
3392 1352 3452 1404 ού
3491 1351 3572 1421 τῷ
3606 1352 3788 1404 Λέοντι

2235 1448 2457 1520 ἄρχεται
2495 1447 2950 1510 ἀντικαττδύνειν,
2983 1447 3058 1511 ὠς
3089 1448 3287 1518 οἱπερὶ
3312 1446 3402 1499 τὸν
3421 1445 3660 1517 Εὔδοξόν
3690 1461 3787 1512 φα-

2238 1556 2340 1601 σιν,
2371 1538 2503 1590 ἀλλὰ
2521 1541 2584 1608 τῇ
2613 1539 2897 1610 Παρθένῳ·
2938 1541 2965 1591 6
2989 1539 3096 1611 γὰρ
3115 1537 3411 1608 ἡγούμενος
3441 1537 3683 1607 μάλιστα
3703 1538 3789 1588 καὶ

2236 1646 2321 1682 νοτ
2331 1629 2549 1691 ιὼτατος
2571 1627 2677 1680 τῶν
2701 1629 2758 1680 ὲν
2781 1627 2946 1698 αύτῷ,
2965 1627 3022 1692 ὃς
3039 1628 3103 1698 δὴ
3131 1628 3224 1680 καὶ
3253 1627 3640 1698 λαμπρότατός
3658 1628 3790 1692 ἐστι,

2237 1719 2381 1772 δύνει
2411 1717 2802 1787 ἀνατελλούσης
2843 1718 2940 1788 τῆς
2975 1715 3017 1782 ζ’
3053 1718 3162 1788 μοί.
3216 1718 3315 1787 τῆς
3342 1717 3647 1788 Παρθένου.
3687 1716 3790 1786 Τῆς

2234 1811 2291 1864 δὲ
2358 1809 2582 1881 Ἀργοῦς
2628 1827 2758 1880 φησι
2811 1809 2908 1880 τὴν
2960 1808 3210 1880 πρύμναν
3258 1808 3413 1879 μόνον
3470 1807 3793 1860 συνανατέλ-

567 1902 676 1956 λειν
709 1903 784 1974 τῷ
812 1905 1019 1966 Λέοντι,
1066 1903 1158 1956 καὶ
1188 1903 1354 1974 αὐτὴν
1393 1902 1880 1975 δεδιχοτομημένην
1917 1903 2053 1956 κατά
2089 1906 2178 1956 τὸν
2211 1905 2372 1967 ἱστὸν,
2399 1903 2757 1975 ἀναφέρεσθαι
2787 1903 2890 1965 ἕως
2919 1901 2988 1954 ἂν
3016 1901 3109 1972 ὅλη
3140 1902 3174 1972 ή
3206 1900 3472 1971 Παρθένος
3505 1900 3787 1970 ἀνατείλῃ.

635 2002 850 2057 Attalus
881 2016 1013 2056 vero
1043 2008 1213 2072 poetae
1240 2010 1472 2055 mentem
1517 2000 1658 2054 haud
1685 2008 1996 2065 assecutus,
2037 2001 2132 2056 sed
2163 2009 2206 2064 Β

565 2111 689 2149 eum
747 2094 1065 2148 existimans
1124 2093 1280 2157 velle,
1330 2093 1569 2146 instante
1615 2090 1853 2162 Virginis
1911 2101 2125 2158 exortu,

567 2201 798 2256 puppem
841 2184 906 2237 ad
956 2186 1188 2239 medium
1234 2199 1404 2253 usque
1449 2185 1650 2237 malum
1699 2184 2010 2250 ascendere,
2053 2187 2130 2241 ait

567 2293 784 2340 nomen,
818 2286 951 2341 tota,
982 2277 1033 2330 in
1064 2288 1334 2346 postremo
1358 2276 1597 2331 carmine
1623 2275 1950 2346 superﬂuum
1984 2293 2126 2334 esse.

565 2368 699 2422 Nam
748 2383 872 2422 cum
917 2350 1138 2423 illorum
1184 2384 1442 2423 versuum
1485 2376 1758 2424 extremos
1784 2369 2124 2439 explicasset,

565 2462 668 2514 ista
706 2460 937 2530 subjecit
977 2479 991 2513 :
1044 2479 1063 2511 ι
1095 2459 1152 2514 ln
1203 2460 1287 2516 his
1317 2476 1443 2522 vox,
1489 2470 1618 2522 tota,
1657 2459 1923 2530 superﬂue
1955 2465 2129 2531 posita

565 2562 666 2606 est.
698 2549 824 2606 Sive
847 2551 990 2606 enim
1022 2551 1089 2605 ad
1138 2553 1284 2623 Argo
1312 2553 1458 2606 illam
1491 2553 1714 2613 referas,
1751 2562 1803 2608 et
1831 2554 2127 2608 orationem

566 2644 638 2697 ita
671 2653 957 2698 construas
987 2664 999 2697 :
1040 2643 1167 2698 Ilaec
1208 2657 1379 2699 autem
1412 2655 1520 2699 tota
1548 2647 1712 2699 currit
1741 2661 1898 2713 supra
1935 2655 2128 2698 terram

565 2733 763 2786 malum
806 2735 874 2786 ad
905 2734 1076 2802 ipsum
1117 2732 1417 2799 dimidiata,
1457 2734 1615 2810 Virgo
1652 2735 1859 2806 quando
1909 2736 1974 2788 ab
2009 2737 2128 2804 inﬁ-

563 2839 647 2876 mo
685 2823 802 2892 jam
838 2825 1091 2888 evaserit;
1125 2826 1263 2880 citra
1295 2827 1716 2882 controversiam
1747 2828 2126 2896 completivum

563 2915 695 2969 illud
722 2916 1043 2971 vocabulum
1070 2926 1174 2972 est.
1203 2917 1326 2972 Sive
1350 2919 1417 2972 ad
1440 2917 1708 2989 Virginem
1738 2935 1992 2976 revocare
2017 2936 2130 2975 ma-

563 3004 649 3068 lis,
693 3006 880 3060 eadem
917 3008 1021 3074 erit
1062 3007 1231 3071 ratio;
1268 3007 1370 3062 nisi
1405 3007 1477 3060 ita
1519 3009 1641 3078 quis
1673 3008 1922 3078 accipiat,
1954 3016 2013 3063 ut
2045 3017 2128 3064 to-

562 3105 670 3150 tam
701 3094 976 3166 Virginem
1013 3097 1326 3154 ascendisse
1356 3099 1513 3164 velit;
1545 3116 1664 3169 qua:
1695 3108 1779 3155 est
1811 3110 1983 3171 poetae
2011 3118 2132 3158 sen-

562 3187 749 3242 tentia.
783 3187 991 3242 Etenim
1023 3189 1068 3243 si
1103 3187 1266 3258 Virgo
1290 3197 1401 3244 tota
1428 3191 1537 3260 jam
1562 3200 1809 3246 exortum
1840 3192 1984 3255 fecit,
2013 3207 2128 3246 ma-

564 3278 817 3335 nifestum
866 3287 950 3332 est
993 3279 1282 3335 Clielarum
1321 3290 1500 3336 ortum
1552 3284 1775 3339 instare.
1825 3283 1892 3336 At
1933 3285 2035 3340 sub
2073 3285 2127 3339 id

2314 2001 2370 2052 Ὀ
2397 2001 2640 2070 μέντοιγε
2670 1999 2947 2062 Ἀτταλος,
2977 1999 3036 2052 ού
3061 1998 3346 2069 δυνάμενος
3373 1997 3656 2068 κρατῆσαι
3699 1996 3789 2065 τῆς

2230 2096 2466 2159 διανοίας
2516 2094 2610 2148 τοῦ
2655 2092 2898 2165 ποιητοῦ,
2933 2093 3043 2146 ἀλλ’
3072 2090 3351 2145 ὑπολαϐὼν
3396 2089 3580 2160 λέγειν
3637 2089 3790 2143 αὐτὸν

2228 2189 2328 2259 τῆς
2361 2187 2630 2260 Παρθένου
2663 2185 2956 2259 μελλούσης
2989 2185 3313 2248 ἀνατέλλειν,
3347 2184 3429 2236 ὅτι
3476 2185 3509 2254 ή
3572 2182 3794 2253 πρύμνα

2227 2277 2585 2332 ἀνατέταλκεν
2618 2277 2722 2340 ἓως
2760 2277 2922 2347 μέσου
2952 2274 3044 2328 τοῦ
3083 2272 3249 2338 ἱστοῦ,
3283 2273 3414 2343 (mai.
3447 2272 3528 2336 τὸ,
3563 2271 3790 2334 ἅπασα,

2227 2370 2304 2442 τῷ
2357 2370 2566 2440 ἐσχάτῳ
2621 2369 2785 2439 στίχῳ
2833 2368 3002 2430 κενῶς
3043 2365 3406 2439 προσκεῖσθαι.
3468 2364 3793 2434 Ἐκθέμενος

2229 2463 2338 2534 γὰρ
2369 2462 2476 2516 τῶν
2513 2459 2922 2533 προειρημένων
2968 2461 3161 2529 στίχων
3189 2460 3312 2522 τοὺς
3355 2459 3639 2528 ἐσχάτους,
3685 2461 3794 2510 ἐςτι-

2229 2554 2382 2624 φέρει
2425 2552 2615 2606 ταυτί·
2672 2568 2690 2602 ι
2755 2551 2841 2603 Ἐν
2889 2550 2944 2603 δὲ
2989 2549 3194 2612 τούτοις
3230 2548 3311 2613 τὸ,
3361 2547 3591 2611 ἅπασα,
3625 2563 3795 2618 προσ-

2229 2645 2694 2717 αναπληρώματος
2729 2644 2838 2715 ἔχει
2859 2643 3029 2710 τάξιν.
3061 2643 3181 2695 Εἴτε
3205 2641 3310 2714 γὰρ
3341 2641 3430 2692 ἐπὶ
3465 2639 3566 2710 τὴν
3615 2638 3794 2710 Ἀργὼ

2232 2739 2611 2810 μεταϐιόἀσειέ
2652 2755 2737 2802 τις
2779 2737 2930 2802 αὐτὸ,
2981 2737 3146 2790 ποιῶν
3179 2737 3267 2790 τὸν
3313 2736 3467 2804 λόγον
3510 2734 3791 2787 τοιοῦτον

2241 2832 2310 2886 'II
2334 2831 2401 2886 δέ
2425 2831 2591 2886 πᾶσα
2621 2831 2736 2886 θέει
2758 2831 2927 2901 γαίης
2950 2831 3118 2884 ἱστὸν
3139 2829 3398 2898 διχόωσα
3416 2829 3546 2880 κατ’
3569 2827 3763 2880 αὐτὸν
3778 2866 3792 2889 ,

2227 2921 2523 2990 Παρθένος
2546 2921 2697 2990 ἦμος
2721 2922 3030 2989 περαιόθεν
3054 2919 3180 2986 ἄρτι
3206 2917 3445 2986 γένηται
3465 2934 3477 2946 ·
3497 2919 3524 2968 6
3532 2917 3790 2987 μολογου-

2231 3012 2402 3083 μένως
2427 3009 2888 3082 ἀναπληρώματος
2929 3008 3038 3078 ἔχει
3063 3007 3216 3072 τάξιν
3233 3024 3248 3036 ο
3284 3007 3381 3059 εἴτ’
3407 3007 3500 3058 ἐπὶ
3521 3007 3624 3076 τῆς
3649 3007 3792 3078 Παρ-

2228 3103 2399 3164 θένου,
2425 3103 2486 3156 τὸ
2517 3103 2647 3155 αὐτὸ
2683 3101 3046 3173 συμϐήσεταιο
3082 3099 3174 3152 ἐὰν
3209 3099 3282 3170 μή
3322 3115 3405 3161 τις
3437 3097 3688 3167 δέξηται,
3716 3101 3788 3152 ὃτι

2225 3194 2350 3265 ὃλην
2379 3194 2511 3263 φησὶ
2529 3193 2625 3264 τὴν
2652 3192 2921 3263 Παρθένον
2955 3190 3370 3245 ἀνατεταλκέναι
3389 3206 3402 3219 ·
3431 3190 3574 3260 ὅπερ
3612 3190 3790 3260 βούλε-

2227 3304 2317 3340 ται
2350 3285 2547 3355 λέγειν.
2576 3286 2638 3338 El
2667 3285 2772 3357 γὰρ
2808 3267 3152 3357 η’Παρθένος
3179 3283 3273 3353 ὅλη
3316 3281 3678 3346 ἀνατέταλκε,
3701 3282 3790 3351 6i;-

561 3371 822 3441 tempnris
865 3379 1030 3427 totam
1082 3373 1226 3443 Argo
1273 3375 1656 3430 conscendisse
1704 3383 1986 3442 memorat,
2037 3375 2126 3432 his

2228 3381 2335 3441 λον,
2369 3381 2451 3435 ὅτι
2479 3380 2533 3431 αἱ
2565 3378 2740 3448 Χηλαὶ
2776 3377 2908 3446 πρὸς
2936 3375 3012 3446 τῷ
3047 3375 3353 3428 ἀνατέλλειν
3386 3373 3513 3428 εἰσί.
3551 3375 3712 3428 Κατά
3737 3374 3788 3427 δὲ

561 3464 806 3519 versibus
843 3482 856 3519 :

531 3641 544 3658 ’
563 3662 742 3732 Neque
774 3680 888 3718 vero
925 3665 1197 3722 subeuntes
1221 3665 1414 3727 Chelw,
1448 3683 1512 3721 ac
1541 3669 1760 3722 tenuiter
1794 3669 2016 3724 lucentes

564 3733 778 3820 ‘l‘guolaz‘
815 3737 1160 3820 transierint,
1209 3737 1632 3820 quandoquidem
1684 3740 1862 3809 ingens
1909 3741 2120 3820 signum

561 3809 844 3881 βοηθεῖται
876 3809 1064 3881 oritur,
1094 3809 1373 3881 instinctus
1411 3811 1655 3881 Arcturo.
1782 3880 1785 3881 ν
1853 3880 1856 3881 ν
1909 3809 2120 3881 [Bootes

563 3879 699 3944 Argo
718 3892 834 3930 vero
846 3893 947 3930 non
969 3877 1249 3932 admodum
1267 3887 1377 3933 tota
1393 3879 1630 3933 sublimis
1644 3880 1881 3934 consistit
1893 3877 2083 3934 adhuc.
2097 3901 2117 3933 ι

628 3988 819 4060 Itaque
853 3991 983 4045 mihi
1019 3991 1192 4047 falsus
1227 3993 1482 4062 opinione
1518 4007 1616 4047 sua
1645 3991 1857 4047 videtur
1884 3992 2118 4059 Attalus,

559 4097 666 4136 non
700 4083 1008 4152 intelligens
1041 4084 1312 4160 adjectitia
1343 4085 1433 4138 illa
1460 4101 1580 4140 esse
1605 4085 1787 4148 verba,
1821 4085 2019 4139 malum
2053 4085 2121 4138 ad

558 4176 727 4242 ipsum
753 4173 1066 4239 dimidiata;
1110 4191 1283 4246 neque
1327 4176 1633 4244 signiﬁcare
1675 4177 1804 4230 oriri
1839 4178 2008 4246 ipsam
2054 4178 2121 4232 ad

559 4268 757 4320 malum
792 4283 980 4336 usque.
1016 4265 1290 4336 Ejusmodi
1331 4277 1414 4321 est
1460 4268 1640 4336 itaque
1681 4277 1965 4321 contextus
1995 4283 2119 4320 ora-

556 4359 739 4414 tionis.
766 4359 901 4414 Cum
931 4361 1060 4413 oriri
1089 4358 1254 4430 Virgo
1282 4362 1490 4430 incipit,
1515 4365 1626 4430 jam
1654 4370 1877 4417 exortus
1907 4371 1990 4418 est
2021 4363 2123 4415 Ca-

555 4451 643 4505 nis
683 4459 738 4506 et
784 4452 978 4522 puppis
1004 4453 1198 4523 Argus.
1231 4451 1354 4506 "me
1390 4469 1516 4508 vero
1549 4469 1672 4507 cum
1707 4455 1982 4509 dimidiata
2025 4455 2116 4520 sit,

556 4556 728 4609 usque
767 4541 832 4596 ad
867 4543 1068 4596 malum
1099 4543 1294 4608 oritur,
1321 4540 1494 4596 donec
1525 4549 1635 4596 tota
1665 4542 1828 4613 Virgo
1856 4559 2120 4599 conscen-

553 4634 713 4688 derit.

2223 3475 2411 3529 τοῦτον
2435 3475 2526 3528 τὸν
2551 3475 2737 3547 καιρὸν
2762 3473 2890 3544 ὃλην
2919 3474 3051 3544 φησὶ
3080 3474 3178 3545 τὴν
3217 3471 3396 3544 Ἀργὼ
3427 3473 3786 3527 ἀνατεταλκέ-

2222 3585 2328 3629 ναι,
2357 3567 2532 3636 λέγων
2559 3566 2729 3631 οὕτως
2751 3575 2767 3597 ⁸

2227 3682 2361 3736 Οὐδ’
2393 3681 2468 3735 ἂν
2497 3681 2884 3750 ἐπερχόμεναι
2918 3680 3128 3748 Χηλαὶ,
3153 3679 3247 3734 καὶ
3280 3680 3471 3750 λεπτὰ
3503 3680 3790 3748 φάουσαι,

2226 3755 2548 3820 Ἀφραστοι
2580 3749 2877 3818 παρίοιεν·
2907 3750 3034 3803 ἐπεὶ
3061 3751 3210 3819 μέγα
3234 3749 3400 3819 σῆμα
3445 3749 3685 3818 Βοώτης

2234 3823 2468 3890 Ἀθρόος
2505 3823 2778 3876 ἀντέλλει
2795 3820 3201 3890 βεϐολημένος
3235 3820 3619 3888 Ἀρκτούροιο.

2234 3889 2414 3962 Ἀργὼ
2434 3891 2485 3945 δ’
2511 3894 2581 3946 οὐ
2598 3891 2764 3961 μάλα
2793 3889 2958 3946 πᾶσα
2985 3894 3270 3960 μετήορος
3292 3891 3529 3944 ἵσταται
3551 3890 3775 3960 ἣδηῘὺῑ

2286 4005 2441 4056 Δοκεῖ
2459 3999 2549 4058 οὖν
2565 4021 2652 4072 μοι
2667 4002 3035 4071 πεπλανῆσθαι
3052 4005 3080 4056 6
3095 4002 3374 4067 Ἄτταλος,
3389 4005 3448 4056 ού
3469 4003 3686 4066 συνιεὶς,
3700 4004 3786 4054 ὅτι

2223 4095 2482 4159 ὲπιθέτως
2496 4097 2709 4164 λέγεται
2735 4095 2838 4148 ὑπὸ
2852 4095 2945 4148 τοῦ
2963 4094 3184 4168 ποιητοῦ
3213 4095 3294 4159 τὸ,
3312 4094 3789 4161 Ἰστὸνὸιχόωσα

2222 4187 2348 4241 κατ’
2399 4189 2612 4243 αὐτόν·
2642 4188 2735 4241 καὶ
2781 4189 2876 4258 οὐχ
2917 4188 2998 4240 ὅτι
3039 4187 3317 4240 ἀνατέλλει
3350 4187 3447 4248 ἓως
3480 4186 3644 4254 μέσου
3675 4185 3780 4237 τοῦ

2226 4278 2370 4331 ἱστοῦ
2390 4295 2404 4308 ·
2436 4279 2464 4331 ὃ
2485 4295 2542 4332 τε
2573 4277 2697 4349 ἑξῆς
2737 4279 2890 4347 λόγος
2929 4280 3044 4332 ἐστὶ
3076 4279 3342 4342 τοιοῦτος’
3369 4279 3468 4347 Τῆς
3492 4278 3780 4348 Παρθένου

2223 4371 2528 4442 ἀρχομένης
2549 4371 2875 4436 ἀνατέλλειν,
2903 4373 2931 4424 ὅ
2958 4389 3017 4424 τε
3054 4372 3211 4424 Κύων
3241 4370 3579 4431 ἁνατέταλκε,
3613 4371 3713 4422 καὶ
3743 4374 3781 4442 ὴ

2221 4462 2441 4532 πρύμνα
2473 4462 2572 4531 τῆς
2607 4461 2846 4532 Ἀργοῦς.
2878 4462 3021 4533 Αὐτὴ
3061 4463 3237 4533 μέντοι
3269 4463 3483 4533 ⁴ἡμίσεια
3510 4457 3642 4514 οὖσα
3667 4462 3782 4525 ἕως

2219 4554 2311 4608 τοῦ
2341 4553 2488 4608 ἱστοῦ
2517 4556 2864 4626 ἀναφέρεται,
2895 4555 2998 4620 ἕως
3028 4554 3092 4608 ἂν
3129 4555 3224 4626 ὅλη
3276 4558 3308 4626 ἡ
3343 4554 3610 4626 Παρθένος
3649 4555 3782 4608 ἀνα-

2220 4665 2276 4700 τε
2284 4646 2365 4718 ἕλῃ
2375 4687 2386 4699 .

628 4723 690 4776 Χ.
726 4722 925 4778 Eodem
964 4725 1218 4795 loquendi
1262 4742 1458 4796 genere
1512 4742 1646 4781 usus
1699 4735 1782 4782 est
1830 4737 1882 4781 et
1920 4727 2114 4783 Aratus

2289 4741 2345 4792 ι’.
2373 4739 2647 4811 Κέχρηται
2677 4739 2735 4791 δὲ
2770 4738 2941 4808 τούτῳ
2969 4737 3046 4808 τῷ
3074 4740 3310 4808 σχήματι
3341 4737 3442 4807 τῆς
3487 4739 3728 4808 ἐκφορᾶς
3753 4739 3781 4788 6

551 4832 674 4871 cum
702 4817 768 4870 de
796 4815 1107 4887 lngeniculo
1139 4819 1347 4883 scribit,
1381 4819 1480 4872 hoc
1515 4818 1674 4873 modo
1702 4837 1715 4873 :

555 4975 567 4986 .
608 4977 620 4988 .
657 4975 671 4988 .
710 4933 879 5003 Hujus
901 4950 1056 5000 porro
1080 4935 1246 4988 solum

549 5004 682 5064 (Irus
713 5021 828 5057 cum
864 5003 1036 5058 Chelis
1063 5015 1276 5072 apparet
1303 5005 1554 5059 ambabus
1581 5022 1598 5059 :

551 5074 673 5140 Ipse
702 5075 755 5126 in
787 5083 940 5140 caput
973 5075 1144 5129 adhuc
1169 5092 1444 5130 conversus
1471 5077 1579 5130 alio

549 5144 839 5219 ,ᾔρονρξηηι⁸
861 5146 1173 5219 exorientem
1203 5157 1490 5215 exspectat,
1521 5157 1570 5201 et
1600 5147 1968 5219 Sagittarium.

549 5214 623 5267 lli
653 5216 789 5266 enim
821 5213 991 5281 ipsum
1021 5215 1213 5284 ferunt.

605 5346 957 5401 Commodum
975 5348 1118 5402 enim
1131 5351 1427 5407 orientibus
1441 5352 1640 5415 Chelis,
1660 5361 1826 5406 totum
1845 5353 1918 5406 ait
1932 5360 2109 5406 ortum

552 5436 708 5509 124
746 5452 868 5493 esse
899 5437 1120 5494 Bootem
1164 5457 1286 5496 cum
1325 5443 1490 5513 Argo,
1532 5443 1696 5514 Hydri
1735 5459 1862 5497 vero
1903 5450 2110 5496 tantum

545 5547 604 5580 ea
654 5544 774 5596 qua:
814 5539 941 5585 sunt
969 5532 1037 5586 ad
1065 5535 1293 5589 caudam
1321 5535 1423 5591 sub
1448 5542 1646 5590 terram
1673 5551 1796 5592 esse
1826 5537 2109 5604 depressa;

546 5619 838 5690 lngeniculi
869 5623 1115 5678 dextrum
1143 5643 1270 5682 erus
1305 5628 1370 5681 ad
1399 5644 1568 5696 usque
1603 5630 1776 5684 solum
1813 5645 1949 5700 genu
1980 5646 2111 5684 con--

545 5711 850 5780 scendisse;
880 5715 1146 5784 reliquum
1171 5735 1366 5790 corpus
1396 5721 1588 5790 ipsius,
1615 5729 1808 5791 praeter
1835 5722 2107 5778 sinistram

2220 4830 2468 4902 Ἄρατος,
2501 4830 2594 4882 καὶ
2617 4829 2709 4881 ἐπὶ
2739 4828 2832 4881 τοῦ
2875 4829 2962 4882 Ἐν
2997 4828 3206 4896 γόνασι,
3235 4825 3406 4895 λέγων
3434 4826 3636 4890 οὕτως·

2692 4940 2794 5010 τοῦ
2825 4939 2941 5010 μὲν
2965 4939 3054 5007 ἄρ’
3088 4939 3184 5007 οἴη

2216 5009 2423 5079 Κνήμη
2451 5011 2572 5064 σὺν
2600 5009 2836 5078 Χηλῇσι
2871 5012 3168 5079 φαείνεται
3193 5009 3636 5081 ἀμφοτέρῃσιν-ἠ

2215 5078 2404 5146 Αὐτὸς
2437 5081 2489 5134 δ’
2520 5084 2605 5147 εις
2633 5078 2903 5149 κεφαλὴν
2928 5081 3014 5134 ἔτι
3049 5096 3165 5134 που
3199 5078 3592 5150 τετραμμένος
3617 5078 3778 5150 ᾶτιλε,

2217 5151 2510 5221 Σκορπίον
2543 5148 2912 5221 ἀντέλλοντα
2948 5151 3136 5221 μένει,
3171 5154 3269 5206 καὶ
3291 5148 3524 5220 *ῥύτορα
3570 5148 3779 5213 Τόξου.

2221 5224 2284 5274 Ol
2313 5220 2420 5290 γάρ
2442 5239 2547 5292 μιν
2573 5220 2910 5290 φορέουσιν.

2285 5355 2405 5409 Τῶν
2440 5354 2548 5426 γὰρ
2579 5355 2770 5424 Χηλῶν
2801 5357 3113 5428 ἀρχομένων
3151 5357 3480 5419 ἀνατέλλειν,
3515 5355 3608 5408 τὸν
3642 5354 3778 5407 Βοώ-

2215 5462 2312 5516 την
2339 5447 2499 5516 φησὶν
2519 5446 2636 5500 ὅλον
2663 5447 3079 5502 ἀνατεταλκέναι
3100 5449 3189 5502 καὶ
3219 5449 3315 5520 τὴν
3342 5447 3523 5521 Ἀργώ
3543 5465 3557 5477 ·
3595 5446 3686 5501 τοῦ
3720 5445 3780 5498 δὲ

2219 5536 2414 5607 ’Ύδρου
2441 5536 2510 5590 τὰ
2535 5537 2668 5608 πρὸς
2686 5537 2784 5609 τὴν
2807 5538 2971 5610 οὐρὰν
3000 5539 3152 5610 μόνον
3181 5537 3282 5590 ὑπὸ
3310 5537 3411 5606 γῆς
3435 5531 3574 5589 εἶναι
3605 5554 3618 5566 ο
3647 5535 3777 5599 ἀνα-

2215 5629 2522 5682 τεταλκέναι
2548 5629 2604 5681 δὲ
2633 5628 2724 5683 τοῦ
2769 5631 2852 5683 Ἐν
2881 5632 3065 5698 γόνασι
3104 5631 3201 5700 τὴν
3225 5628 3402 5692 δεξιὰν
3429 5630 3644 5698 κνήμην
3678 5626 3778 5698 μό-

2217 5737 2302 5774 νον
2329 5721 2430 5783 ἕως
2461 5720 2562 5773 τοῦ
2582 5722 2830 5789 γόνατος·
2860 5723 2918 5774 τὸ
2941 5722 2995 5775 δὲ
3027 5721 3209 5774 λοιπὸν
3232 5719 3395 5773 αύτοῦ,
3425 5720 3605 5790 σῶμα,
3634 5719 3776 5785 πλὴν
