4040 6206
319 283 321 285 ’
361 321 498 380 rost

1333 321 1700 381 HIPPARCH‘I
1731 324 1823 379 AD
1857 323 2299 384 ΡΗᾹΞΝΟΜΕΝΔ
2337 329 2464 386 LIB.
2494 331 2562 387 ll.

3422 333 3562 392 1082

358 444 458 514 τῆς
488 443 776 513 ἀριστερᾶς
814 421 1010 512 χειρὸς,
1046 440 1127 495 ἔτι
1165 443 1269 496 ὑπὸ
1295 443 1395 515 γῆν
1424 439 1581 510 εἶναι,
1612 445 1704 498 τοῦ
1736 446 1898 518 Σκορ-

2009 463 2246 515 manum,
2283 450 2458 506 adhuc
2486 465 2607 508 esse
2643 450 2744 506 sub
2772 457 2935 509 terra.
2964 446 3184 519 quando
3207 446 3462 517 Scorpius
3505 451 3564 512 in,

357 533 486 588 πίου
538 532 670 604 πρὸς
722 535 787 604 τῇ
851 533 1077 605 ἀνατολῇ
1120 534 1270 599 ὄντος
1294 550 1308 564 ⁸
1373 537 1470 608 τὴν
1519 537 1574 590 δὲ
1616 537 1906 609 ἀριστερὰν

355 626 516 698 χεῖρα
548 624 640 677 καὶ
666 624 763 695 τὴν
785 624 1022 697 κεφαλὴν
1057 625 1325 697 μετέωρον
1353 627 1650 694 φαίνεσθαι,
1690 626 1782 679 τοῦ
1806 626 1907 678 Το-

356 716 512 784 ξότου
544 715 933 780 ἀνατέλλοντος.
982 717 1312 771 Ἀνατέλλειν
1350 717 1406 771 δέ
1439 736 1598 789 φησιν
1641 719 1755 789 ἅμα
1790 722 1908 783 ταῖς

354 809 563 879 Χηλαῖς
585 809 756 862 καὶτὸ
776 810 944 880 ἥμισυ
969 809 1060 864 τοῦ
1088 811 1373 880 Στεφάνου,
1400 812 1492 864 καὶ
1512 812 1608 883 τὴν
1629 811 1794 882 ούράν
1814 811 1905 865 τοῦ

355 901 667 972 Κενταύρου
694 918 707 932 ·
737 902 909 955 δύνειν
936 903 991 956 δὲ
1030 905 1187 956 πάλιν
1219 905 1279 957 τό
1302 921 1360 955 τε
1392 903 1548 972 σῶμα
1584 901 1676 955 τοῦ
1711 904 1904 955 Ἵππου

353 993 496 1057 ὅλον,
535 993 626 1046 καὶ
649 993 747 1064 τὴν
791 994 952 1064 οὐρὰν
981 995 1072 1047 τοῦ
1107 995 1369 1066 Ὄρνιθος,
1396 995 1489 1048 καὶ
1531 995 1630 1064 τὴν
1666 995 1906 1065 κεφαλὴν

351 1084 455 1154 τῆς
494 1084 862 1156 Ἀνδρομέδας,
892 1086 983 1138 καὶ
1017 1086 1106 1138 τοῦ
1145 1087 1355 1156 Κήτους
1391 1086 1450 1138 τὸ
1488 1085 1592 1139 ἀπὸ
1618 1086 1714 1156 τῆς
1742 1086 1906 1156 οὐρᾶς

352 1175 460 1238 ἕως
507 1177 604 1246 τῆς
642 1173 860 1244 λοφεας·
910 1175 1001 1229 τοῦ
1045 1177 1103 1229 δὲ
1141 1177 1372 1246 Κηφέως
1417 1177 1654 1247 κεφαλήν
1698 1193 1780 1238 τε,
1814 1178 1906 1229 καὶ

353 1269 531 1336 χεῖρα,
566 1265 661 1318 καὶ
694 1264 894 1337 ῶμους,
923 1267 1016 1319 καὶ
1044 1266 1104 1320 τὸ
1144 1267 1391 1320 πλεῖστον
1419 1267 1581 1338 μέρος
1615 1267 1708 1319 τοῦ
1736 1267 1905 1318 Ποτα-

357 1360 460 1430 μοῦ
484 1377 498 1390 ο
520 1360 717 1430 ὁμοίως
748 1361 805 1413 δὲ
839 1361 897 1413 ὲν
914 1360 1118 1423 τούτοις
1142 1361 1234 1414 καὶ
1256 1362 1284 1414 6
1315 1363 1544 1432 ’Ἄρατος
1576 1361 1771 1433 τρόπον
1786 1359 1907 1412 τινά

353 1451 777 1523 παραγέγραφεν
806 1451 875 1505 τὰ
906 1451 998 1504 τοῦ
1030 1451 1276 1518 Εὐδόξου.

424 1591 503 1643 Τὰ
526 1590 624 1659 μὲν
656 1585 748 1644 οῦν
778 1589 936 1643 λοιπά
968 1590 1058 1643 ὑπ’
1089 1588 1264 1642 αὐτῶν
1301 1588 1466 1657 ὑγιῶς
1495 1587 1729 1660 εἴρηταιο
1778 1586 1904 1658 περὶ

350 1685 409 1738 δὲ
438 1683 534 1737 τοῦ
573 1683 880 1756 Κενταύρου
910 1681 1205 1754 ὁλοσχερῶς
1234 1683 1582 1751 ἠγνοήκασιν.
1615 1682 1749 1734 υῦτε
1794 1680 1902 1751 γὰρ

2007 545 2214 599 oriente
2248 552 2494 599 versatur
2524 562 2538 597 :
2570 543 2844 599 sinistram
2873 556 3036 612 porro
3065 554 3282 593 manum
3316 553 3438 592 cum
3467 555 3560 594 ca-

2006 639 2116 709 pite
2163 639 2448 694 sublimem
2487 638 2657 692 videri
2703 637 2911 692 oriente
2953 633 3260 705 Sagittario.
3297 633 3561 688 Caeterum

2007 745 2113 784 una
2133 746 2255 784 cum
2282 729 2461 785 Chelis
2492 729 2623 783 oriri
2653 727 2917 782 Coronam
2948 724 3225 780 dimidiam
3256 726 3469 785 asserit,
3499 738 3562 776 ac

2004 816 2260 871 Centauri
2301 815 2564 884 caudam;
2607 815 2902 883 eodemque
2940 821 3179 883 tempore
3212 827 3276 865 ex
3315 811 3562 880 Opposito

2004 907 2332 964 descendere
2356 909 2622 978 integrum
2646 923 2844 976 corpus
2866 905 3002 975 Equi
3028 914 3082 960 et
3106 903 3333 958 caudam
3359 902 3557 973 Cygni;

2004 1008 2168 1069 caput
2207 1000 2581 1063 Andromedae,
2621 997 2809 1053 Cetum
2849 1012 2879 1050 a
2924 997 3096 1050 cauda
3126 995 3336 1050 cervice
3367 1001 3558 1059 tenus;

2004 1090 2202 1161 Cephei
2253 1101 2414 1162 caput
2469 1100 2522 1146 et
2561 1106 2780 1145 manum
2824 1073 2948 1143 cum
2995 1087 3256 1151 humeris,
3307 1101 3370 1140 ac
3412 1083 3559 1138 ﬂuvii

2004 1188 2290 1238 maximam
2339 1192 2563 1253 partem.
2602 1182 2662 1237 In
2706 1182 2906 1252 quibus
2945 1181 3192 1236 similiter
3227 1179 3425 1233 Aratus
3451 1176 3562 1230 Eu-

2003 1269 2127 1324 doxi
2181 1271 2377 1337 locum,
2420 1271 2765 1326 commutatis
2815 1269 3016 1336 verbis,
3066 1268 3121 1324 in
3168 1268 3363 1324 librum
3400 1281 3557 1327 suum

2003 1362 2298 1417 transtulit.

2068 1564 2146 1620 Ac
2190 1573 2384 1620 caetera
2420 1562 2634 1633 quidem
2663 1561 2731 1616 ab
2769 1560 3033 1616 ambobus
3065 1567 3192 1615 sunt
3219 1557 3362 1612 dicta
3397 1557 3562 1612 veris-

2002 1660 2137 1716 sime
2163 1677 2178 1724 ;
2214 1658 2269 1712 in
2299 1658 2570 1713 Centauro
2599 1657 2756 1726 plane
2787 1654 2995 1722 decepti
3029 1660 3176 1708 sunt.
3205 1650 3338 1705 Nam
3382 1664 3558 1718 neque

351 1778 388 1847 ἡ
411 1776 544 1848 ούρά
572 1775 756 1839 αὑτοῦ,
790 1747 916 1827 οὔτε
955 1747 1176 1828 καθόλου
1217 1747 1293 1826 τά⁷
1317 1747 1535 1826 όπέσθια
1572 1775 1746 1826 πάντα
1769 1747 1898 1824 ἀναί-

2002 1752 2172 1806 cauda
2211 1750 2401 1820 ipsius,
2448 1764 2624 1820 neque
2670 1747 2998 1817 posteriores
3030 1759 3217 1799 omnes
3255 1751 3455 1812 partes,
3499 1748 3557 1794 ut

350 1833 544 1933 τέλλει,
590 1833 774 1921 ἀλλάό
807 1866 1087 1938 ἀριστερὸς
1115 1860 1290 1936 ὦμος·
1332 1863 1507 1934 πολλῷ
1531 1865 1634 1934 γάρ
1668 1865 1781 1916 ὲστι
1816 1863 1898 1932 βο-

2001 1849 2252 1901 universe
2298 1846 2509 1914 loquar,
2538 1850 2785 1898 exortum
2815 1841 3050 1906 faciunt;
3079 1837 3174 1893 sed
3203 1836 3425 1891 sinister
3456 1833 3558 1886 hu-

354 1961 522 2032 ρειότε
533 1977 653 2032 ρος·
683 1959 804 2013 οὔτε
837 1962 902 2030 τῇ
934 1957 1190 2030 Παρθένῳ
1227 1959 1447 2029 ἄρχεται
1479 1957 1896 2021 συνανατέλλειν,

349 2052 427 2116 ὥς
450 2069 632 2124 φησιν,
659 2049 794 2105 ἀλλά
815 2053 930 2114 ταῖς
952 2050 1172 2120 Χηλαῖς.
1215 2049 1271 2101 '0
1302 2048 1411 2119 γὰρ
1453 2049 1730 2119 ἀριστερὸς
1752 2042 1902 2117 ὦμος

350 2144 513 2200 αὑτοῦ
560 2143 932 2198 συνανατέλλει
969 2145 1033 2213 τῇ
1070 2148 1136 2195 ια’
1169 2141 1280 2212 μοι.
1311 2140 1419 2194 τῶν
1453 2139 1664 2211 Χηλῶν.
1703 2140 1812 2209 Τῆς
1844 2138 1900 2192 δὲ

363 2234 713 2306 ’Δνδρομέδας
735 2235 794 2286 οὺ
824 2234 979 2304 μόνον
1021 2235 1053 2303 ὴ
1086 2231 1292 2303 κεφαλὴ
1317 2232 1520 2294 δέδυκε,
1562 2231 1669 2284 τῶν
1707 2229 1902 2299 Χηλῶν

347 2330 485 2401 πρὸς
516 2332 580 2399 τῇ
605 2328 830 2399 ἀνατολῇ
869 2326 1064 2391 οὐσῶν,
1097 2326 1230 2380 ἀλλά
1261 2327 1353 2380 καὶ
1376 2327 1430 2378 αἱ
1459 2327 1632 2396 χεῖρες
1667 2323 1901 2394 ἀμφότε-

352 2437 463 2490 ραι.
492 2417 564 2471 Τὸ
599 2417 654 2470 δὲ
683 2417 858 2486 Κῆτος
887 2416 945 2468 ού
977 2419 1043 2487 τῇ
1070 2414 1327 2487 Παρθένῳ
1353 2414 1578 2486 ἄρχεται
1614 2415 1890 2467 ἀντικαταο

347 2512 540 2574 δύνειν,
565 2510 641 2574 ὡς
666 2502 810 2563 οὗτοί
840 2527 1019 2577 φασιν,
1053 2509 1187 2562 ἀλλά
1228 2507 1304 2578 τῷ
1332 2508 1535 2561 Λέοντι.
1563 2506 1682 2559 Τῶν
1708 2507 1814 2578 γὰρ
1842 2507 1905 2558 ἐν

346 2608 413 2677 τῇ
436 2605 569 2676 οὐρᾷ
592 2603 756 2657 αὑτοῦ
789 2603 830 2672 β’
863 2601 1126 2674 λαμπρῶν
1153 2603 1180 2654 6
1211 2601 1306 2670 μὲν
1336 2599 1647 2670 νοτιώτερος
1683 2601 1901 2652 ἀντικα-

345 2695 558 2750 ταδύνει
589 2695 726 2767 μέσῃ
751 2697 819 2764 τῇ
856 2692 899 2757 ξ’
938 2694 1030 2745 καὶ
1061 2693 1109 2746 κ’
1140 2693 1248 2763 μοι.
1277 2691 1369 2746 τοῦ
1399 2691 1650 2753 Λέοντος·
1681 2690 1742 2743 τὸ
1772 2690 1899 2759 μένα

347 2805 493 2858 τοιγε
527 2788 710 2842 λοιπὸν
747 2787 901 2857 σῶμα
929 2785 1020 2839 τοῦ
1059 2787 1270 2856 Κήτους
1297 2785 1392 2854 οὐχ
1417 2783 1533 2836 ὅλον
1553 2785 1618 2852 τῇ
1642 2780 1900 2852 Παρθένῳ

350 2879 769 2944 ἀντικαταδύνει,
808 2879 920 2931 ἀλλ’
953 2878 1056 2940 ἕως
1099 2877 1198 2946 τῆς
1243 2875 1450 2944 λοφίας,
1495 2873 1570 2935 ὡς
1597 2874 1638 2936 ,ὁ
1669 2871 1900 2942 ’Ἄρατός

349 2990 530 3043 φησιν.
564 2971 670 3025 Τοῦ
703 2971 759 3024 δὲ
797 2969 1028 3038 Κηφέως
1060 2969 1093 3039 ἡ
1122 2967 1328 3038 κεφαλὴ
1362 2965 1516 3037 μόνον
1556 2963 1728 3018 δύνει*
1762 2963 1812 3015 οἱ
1842 2961 1899 3014 δὲ

349 3058 485 3135 ὦμοι
507 3063 669 3118 αὑτοῦ
691 3065 748 3117 ἐν
773 3063 850 3133 τῷ
871 3063 1114 3131 ἀειφανεῖ
1132 3062 1375 3130 τμήματι
1401 3061 1623 3120 κεῖνται,
1652 3055 1898 3126 καθάπερ

1999 1955 2202 2002 merus,
2227 1939 2321 2009 qui
2349 1939 2520 1993 multo
2546 1938 2816 1992 horralior
2841 1944 2945 2000 est,
2968 1951 3142 2005 neque
3162 1949 3282 1989 cum
3315 1931 3560 2003 Virgine,

2000 2037 2058 2084 ut
2096 2031 2186 2086 ille
2233 2031 2386 2092 dicit,
2416 2029 2514 2085 sed
2541 2045 2666 2084 cum
2698 2029 2878 2084 Chelis
2908 2028 3039 2082 oriri
3070 2028 3278 2096 incipit.
3311 2023 3442 2078 Nam
3481 2022 3557 2078 si-

1998 2122 2168 2178 nister
2214 2123 2471 2178 humerus
2522 2122 2695 2192 ipsius
2731 2123 2903 2176 oritur
2931 2137 3056 2176 cum
3090 2128 3240 2190 parte
3264 2118 3559 2173 Chelarum

1998 2211 2301 2267 undecima.
2341 2213 2408 2265 At
2448 2211 2802 2267 Andromedae
2840 2227 2946 2266 non
2993 2212 3168 2266 solum
3200 2217 3364 2279 caput
3396 2224 3561 2264 occa-

1999 2317 2117 2358 sum
2145 2301 2255 2371 jam
2293 2295 2688 2372 fecit,'quando
2719 2300 2895 2357 Chela:
2931 2310 3058 2356 sunt
3088 2301 3142 2354 in
3186 2299 3416 2362 oriente,
3459 2299 3556 2355 sed

1996 2395 2158 2449 etiam
2190 2409 2380 2448 manus
2405 2401 2652 2464 utraque.
2683 2395 2846 2448 Cetus
2872 2407 3085 2462 quoque
3115 2406 3242 2459 non,
3274 2397 3333 2445 ut
3356 2391 3432 2444 illi
3461 2405 3551 2443 ar-

1998 2483 2288 2546 bitrantur,
2344 2482 2552 2536 oriente
2590 2480 2811 2552 Virgine
2855 2496 2922 2535 ex
2964 2480 3192 2537 adverso
3227 2479 3563 2536 descendere

1996 2575 2202 2644 incipit,
2238 2573 2332 2628 sed
2365 2572 2563 2628 Leone.
2587 2572 2721 2627 Nam
2752 2590 2782 2628 e
2811 2571 3008 2627 lucidis
3031 2572 3263 2635 duabus,
3295 2587 3432 2642 quas
3456 2571 3558 2625 ha-

1995 2667 2085 2723 bet
2114 2667 2169 2722 in
2202 2667 2394 2729 cauda,
2427 2667 2714 2722 australior
2741 2665 2932 2720 media:
2961 2665 3159 2720 Leonis
3186 2665 3257 2718 27
3288 2666 3428 2734 parti
3457 2665 3556 2718 ad-

1995 2773 2152 2814 versa
2195 2758 2422 2826 occidit;
2467 2759 2730 2828 reliquum
2758 2756 2875 2812 Ceti
2914 2772 3112 2826 corpus
3144 2771 3250 2810 non
3288 2756 3557 2825 integrum

1996 2851 2271 2908 descendit
2315 2853 2594 2908 exoriente
2618 2852 2858 2922 Virgine,
2901 2851 2996 2905 sed
3038 2849 3248 2904 cervice
3287 2856 3464 2909 tenus,
3496 2855 3556 2902 ut

1995 2949 2192 3004 Aratus
2221 2947 2431 3004 scribit.
2462 2947 2531 3000 At
2556 2944 2751 3014 Cephei
2783 2944 2960 3000 solum
2993 2949 3154 3013 caput
3185 2939 3412 3006 occidit;
3446 2941 3553 2994 hu-

1996 3042 2131 3096 meri
2175 3041 2343 3112 ipsius
2388 3041 2443 3094 in
2489 3052 2702 3107 semper
2741 3044 3031 3106 apparente
3075 3043 3348 3104 segmento
3393 3032 3557 3101 positi

347 3125 768 3231 προειρήκαμεν.
796 3125 869 3209 ὀύ
897 3125 1053 3224 μόνον
1069 3154 1123 3207 δὲ
1147 3125 1264 3207 ia?
1279 3153 1407 3206 αὐτὸ
1431 3150 1732 3219 ἀγνοοῦσιν,
1763 3146 1898 3202 ἀλλὰ

1999 3143 2145 3200 sunt,
2192 3146 2251 3190 ut
2290 3135 2402 3204 jam
2441 3133 2698 3188 diximus.
2735 3131 2919 3202 Neque
2948 3144 3076 3185 vero
3105 3137 3310 3182 tantum
3350 3128 3404 3180 in
3451 3125 3554 3181 hoc

349 3251 468 3305 καθ’
500 3252 528 3304 ὃ
556 3267 686 3319 φασι
716 3251 782 3319 τῇ
836 3247 1092 3318 Παρθένῳ
1139 3243 1573 3300 ἀντικαταδύνειν
1603 3241 1702 3313 τὴν
1733 3257 1900 3310 κεφα-

348 3348 442 3420 λὴν
474 3347 659 3402 αὐτοῦ.
706 3348 778 3400 Οὑ
818 3345 922 3417 γάρ
949 3347 1014 3415 τῇ
1045 3343 1322 3415 Παρθένῳ,
1370 3340 1504 3394 ἀλλά
1547 3343 1666 3403 ταῖς
1694 3338 1898 3409 Χηλαίς

348 3442 569 3511 ἄρχεται
601 3436 1054 3492 ἀντικαταδύνειν.
1103 3436 1160 3488 Ὀ
1199 3435 1302 3506 γὰρ
1347 3431 1660 3503 νοτιώτερος
1703 3429 1811 3483 τῶν
1842 3431 1898 3482 ὲν

345 3537 410 3605 τῇ
456 3532 663 3602 κεφαλῇ
709 3530 874 3595 δύνει,
908 3527 1296 3597 ἀνατελλούσης
1335 3525 1442 3578 τῶν
1488 3523 1679 3594 Χηλῶν
1709 3522 1898 3592 ὀγδόης

348 3623 457 3696 μοι.
481 3623 583 3693 τῆς
607 3622 798 3694 μέσηςο

416 3823 514 3877 IA'.
543 3820 646 3875 Τοῦ
663 3819 718 3874 δὲ
735 3819 996 3890 Σκορπίου
1019 3816 1316 3889 ἀρχομένου
1333 3813 1655 3875 ἀνατέλλειν,
1676 3811 1799 3865 θάτε
1810 3812 1903 3881 pd;

346 3931 477 3985 φησι
510 3912 684 3966 δύνειν
716 3913 810 3982 μὲν
840 3911 910 3964 τά
935 3927 994 3962 τε
1021 3909 1181 3962 λοιπὰ
1217 3907 1356 3979 μέρη
1382 3906 1475 3958 τοῦ
1507 3904 1777 3975 Ποταμοῦ,
1804 3904 1898 3956 καὶ

343 4006 412 4060 τὰ
451 4001 612 4057 λοιπά
661 4003 798 4074 μέρη
841 4001 939 4071 τῆς
980 3999 1346 4071 Ἀνδρομέδας,
1381 3999 1472 4050 καὶ
1516 3994 1608 4049 τοῦ
1661 3995 1908 4074 Κήτους,

344 4097 438 4151 καὶ
463 4095 555 4148 τοῦ
584 4094 817 4166 Κηφέως
839 4092 901 4144 τὸ
924 4092 1028 4145 ἀπὺ
1051 4091 1156 4144 τῶν
1183 4089 1345 4162 ῶμων
1375 4088 1530 4160 μέχρι
1558 4088 1656 4158 τῆς
1683 4086 1857 4157 ζώνης
1878 4101 1892 4117 ο

345 4191 439 4244 καὶ
469 4189 566 4259 τὴν
596 4185 962 4241 Κασσιέπειαν
993 4184 1139 4255 ὅλην,
1171 4182 1307 4253 πλὴν
1349 4182 1410 4234 τὺ
1438 4180 1545 4234 ἀπὸ
1570 4179 1677 4232 τῶν
1723 4177 1898 4231 ποδῶν

343 4284 447 4347 ἕως
481 4282 586 4335 τῶν
612 4281 868 4349 γονάτων.
915 4277 1243 4331 Ἀνατέλλειν
1269 4275 1327 4327 τέ
1355 4291 1516 4345 φησιν
1543 4273 1602 4326 τό
1628 4289 1686 4325 τε
1714 4271 1896 4324 λοιπὸν

340 4375 438 4430 τοῦ
483 4375 773 4444 Στεφάνου,
806 4373 898 4426 καὶ
943 4371 1039 4440 τὴν
1073 4369 1238 4440 ούράν
1278 4367 1370 4420 τοῦ
1407 4367 1626 4438 ’Υδρου,
1665 4366 1757 4418 καὶ
1802 4361 1894 4417 τοῦ

344 4469 652 4542 Κενταύρου
679 4468 738 4521 τὸ
778 4467 963 4522 λοιπὸν
1003 4465 1180 4535 σῶμα,
1223 4463 1359 4534 πλὴν
1407 4462 1513 4513 τῶν
1560 4457 1897 4531 ἐμπροσθίων
1929 4476 1972 4531 ι)
2000 4451 2238 4522 exceptis
2295 4469 2309 4506 :

343 4564 518 4618 ποδῶν
541 4579 554 4592 ⁸
604 4560 911 4617 ἀνατέλλειν
950 4559 1007 4612 δέ
1037 4575 1167 4628 φησι
1200 4557 1292 4609 καὶ
1321 4555 1381 4608 τὸ
1413 4553 1627 4625 Θηρεον,
1657 4553 1685 4605 6
1732 4552 1842 4622 ἔχει
1868 4553 1896 4604 6

342 4657 648 4725 Κένταυρος
669 4672 684 4685 ·
714 4654 807 4708 καὶ
837 4650 930 4706 τοῦ
977 4649 1254 4720 Ὀφιούχου
1293 4649 1392 4717 τὴν
1417 4646 1656 4716 κεφαλὴν
1682 4645 1773 4696 καὶ
1797 4642 1895 4704 τὰς

341 4751 547 4821 χεῖρας·
579 4743 784 4800 καὶτοῦ
804 4746 1036 4812 Ὄφεως,
1068 4741 1125 4794 ὃν
1150 4739 1260 4810 ἔχει
1287 4740 1316 4790 ό
1355 4737 1650 4807 Ὀφιοῦχος,
1681 4735 1777 4806 τὴν
1805 4751 1893 4788 κε-

339 4838 515 4909 φαλὴν
542 4836 645 4899 ἕως
671 4837 768 4906 τῆς
799 4832 1016 4906 πρώτης
1046 4831 1271 4903 σπείρας
1291 4849 1302 4860 ·
1333 4830 1426 4883 καὶ
1456 4827 1549 4881 τοῦ
1593 4828 1678 4879 Ἐν
1707 4825 1893 4895 γόνασι

338 4930 409 4984 τὰ
436 4927 615 4987 λοιπὰ,
645 4927 780 4998 πλὴν
802 4927 901 4997 τῆς
929 4924 1167 4994 κεφαλῆς
1205 4923 1298 4976 καὶ
1325 4922 1423 4992 τῆς
1461 4919 1752 4992 ἀριστερᾶς
1779 4933 1892 4988 χεια

344 5023 454 5095 ρός.
501 5022 560 5074 Ὁ
583 5021 638 5074 δὲ
670 5018 895 5086 Εΰδοξος
919 5017 990 5071 τά
1025 5017 1123 5088 μὲν
1145 5015 1303 5068 λοιπά
1326 5014 1520 5084 ὁμοίως
1549 5011 1852 5082 ἀναγράφει
1875 5026 1887 5038 ·

339 5111 438 5184 τὴν
467 5110 525 5165 δὲ
557 5108 793 5180 κεφαλὴν
824 5107 917 5160 τοῦ
957 5103 1236 5176 Ὀφιούχου
1265 5103 1461 5172 γράφει
1481 5097 1890 5158 ἀνατέλλουσαν,

341 5195 437 5259 καὶ
468 5205 566 5274 τὴν
595 5200 887 5274 ἀριστερὰν
917 5199 1071 5269 μόνον
1094 5200 1274 5268 χεῖρα”
1306 5195 1402 5266 τὴν
1425 5194 1480 5246 δὲ
1511 5191 1692 5261 ἀλλην.
1717 5191 1809 5244 καὶ
1832 5190 1892 5242 τὸ

339 5292 555 5364 Θηρίον,
582 5292 640 5344 οὐ
679 5289 773 5342 τοῦ
812 5288 1097 5360 Σκορπῑου,
1127 5285 1260 5338 ἀλλά
1286 5283 1379 5337 τοῦ
1408 5281 1630 5347 Τοξότου
1665 5280 1890 5334 ἀνατέλ-

338 5383 541 5447 λοντος,
575 5382 714 5453 ὑπὲρ
759 5381 861 5450 γῆν
890 5380 982 5432 καὶ
1030 5376 1329 5447 φαίνεσθαι.
1362 5376 1472 5430 Καὶ
1512 5375 1581 5428 τά
1630 5375 1728 5446 μὲν
1759 5374 1893 5428 ἄλλα

341 5473 640 5546 συμφώνως
672 5473 1083 5545 παραγράφουσι
1115 5473 1222 5533 τοῖς
1257 5469 1594 5538 φαινομένοις
1628 5469 1672 5500 ⁷⁸
1693 5483 1705 5496 ·
1741 5467 1803 5520 τὸ
1835 5465 1892 5518 δὲ

340 5567 557 5638 Θηρίον,
590 5565 713 5618 οὔτε
742 5567 858 5628 ταῖς
890 5563 1108 5636 Χηλαῖς.
1139 5562 1211 5615 Τὸ
1232 5562 1286 5615 δὲ
1311 5563 1491 5617 λοιπὸν
1522 5561 1598 5632 τῷ
1626 5559 1889 5632 Σκορπίου

410 5765 457 5798 ⁷³
499 5765 625 5820 Haec
679 5765 922 5819 mendosa
959 5775 1098 5818 sunt.

1998 3225 2313 3280 hallucinati
2353 3232 2509 3290 sunt;
2553 3223 2647 3278 sed
2683 3223 2734 3276 in
2771 3237 2836 3276 eo
2861 3235 3072 3291 quoque
3107 3217 3248 3289 quod
3292 3216 3433 3273 illius
3465 3231 3557 3270 ca-

1999 3327 2094 3391 put
2147 3335 2214 3372 ex
2271 3317 2500 3372 adverso
2543 3314 2782 3386 Virginis
2833 3314 2984 3366 aiunt
3041 3309 3387 3366 descendere.
3435 3305 3557 3360 Non

1997 3413 2140 3467 enim
2169 3409 2400 3481 Virgini,
2435 3408 2526 3464 sed
2552 3406 2734 3463 Chelis
2761 3405 3065 3476 oppositum
3093 3401 3270 3456 facere
3300 3414 3555 3454 occasum

1998 3505 2204 3575 incipit.
2233 3503 2441 3574 Quippe
2469 3502 2749 3559 stellarum
2780 3513 2900 3570 qua:
2926 3498 2980 3550 in
3011 3495 3182 3565 ipsius
3210 3493 3384 3562 capite
3405 3498 3556 3554 sunt,

1998 3599 2285 3654 australior
2311 3596 2514 3652 occidit
2558 3597 2766 3650 oriente
2805 3590 2979 3646 media
3018 3595 3205 3643 octava
3240 3592 3390 3656 parte
3418 3581 3560 3638 Che-

1997 3692 2193 3747 larum.

2065 3804 2315 3862 XLCum
2346 3804 2479 3858 oriri
2507 3801 2763 3871 Scorpius
2795 3798 3004 3868 incipit,
3020 3797 3301 3850 amborum
3333 3791 3557 3861 scripto-

1998 3911 2116 3952 rum
2151 3898 2324 3967 placet
2347 3896 2522 3961 alteri,
2547 3895 2782 3963 reliquas
2807 3888 2954 3944 ﬂuvii
2971 3897 3152 3958 partes
3170 3883 3436 3945 occidere,
3455 3896 3558 3934 nec

1998 4005 2102 4045 non
2131 3988 2486 4044 Andromeda:
2514 4001 2577 4040 ac
2597 3984 2750 4051 Ceti;
2781 3992 2834 4036 et
2863 3979 3059 4050 Cephei
3087 3973 3348 4048 quidquid
3376 3985 3458 4028 est
3488 3971 3558 4024 ah

1995 4084 2234 4137 humeris
2273 4082 2338 4134 ad
2375 4078 2648 4150 cingulum
2680 4095 2694 4132 :
2728 4077 2853 4130 item
2889 4071 3229 4141 Cassiepeam
3270 4067 3551 4135 integram,

1995 4185 2351 4246 praeterquam
2388 4187 2450 4228 ea
2480 4186 2600 4242 quae
2629 4184 2660 4222 a
2693 4167 2920 4239 pedibus
2946 4163 3012 4218 ad
3052 4175 3223 4234 genua
3263 4158 3556 4230 pertinent.

1995 4269 2156 4323 Addit
2184 4267 2286 4332 his,
2307 4265 2440 4320 oriri
2468 4263 2700 4319 Corona:
2724 4259 3011 4329 reliquum,
3035 4262 3087 4310 et
3111 4251 3279 4323 Hydri
3305 4247 3553 4311 caudam,

1997 4376 2060 4415 ac
2088 4359 2345 4415 Centauri
2373 4356 2640 4426 reliquum
2679 4367 2898 4422 corpus,
2936 4346 3296 4403 anterioribus
3329 4342 3560 4414 pedibus

2371 4449 2438 4504 ad
2501 4447 2615 4503 haec
2663 4442 2931 4516 Ophiuchi
2990 4446 3169 4510 caput,
3227 4448 3280 4492 et
3331 4449 3558 4501 manus;

2000 4554 2054 4601 et
2107 4543 2389 4615 serpentis,
2446 4556 2606 4612 quem
2660 4544 2834 4609 gestat
2889 4532 3223 4604 Ophiuchus,
3275 4534 3436 4598 caput
3488 4525 3558 4580 ad

2001 4639 2232 4710 priorem
2270 4651 2444 4706 usque
2478 4635 2707 4704 spiram;
2748 4629 2949 4698 reliqua
2979 4628 3197 4695 insuper
3241 4619 3557 4694 lngeuiculi,

2000 4738 2224 4800 excepto
2257 4729 2432 4798 capite
2459 4742 2522 4780 ac
2553 4724 2773 4780 sinistra
2805 4735 2990 4776 manu.
3046 4717 3114 4770 At
3148 4715 3401 4770 Eudoxus
3431 4725 3557 4766 cum

2001 4823 2054 4875 in
2083 4819 2292 4874 caateris
2321 4816 2641 4878 consentiat,
2673 4809 2941 4883 Ophiuchi
2969 4817 3150 4878 caput,
3187 4822 3249 4861 ac
3283 4805 3556 4860 sinistram

1999 4913 2260 4967 duntaxat
2293 4925 2509 4964 manum
2545 4905 2745 4962 exoriri
2787 4903 3011 4966 asserit;
3053 4901 3276 4954 alteram
3317 4911 3557 4957 manum,

1999 5014 2057 5060 ut
2096 5011 2150 5060 et
2189 5004 2379 5066 feram,
2417 5017 2526 5055 non
2561 4998 2774 5053 oriente
2812 4993 3061 5064 Scorpio,
3104 4991 3196 5046 sed
3243 4988 3557 5060 Sagittario,
3597 5019 3605 5051 -,

1999 5113 2160 5168 supra
2212 5078 2408 5152 terram
2454 5101 2688 5149 exstare.
2733 5091 2909 5160 Atque
2956 5089 3011 5143 in
3060 5088 3286 5141 aliorum
3341 5083 3559 5153 quidem

1998 5189 2363 5259 descriptione
2405 5202 2526 5241 cum
2579 5181 2966 5254 apparentibus
2997 5179 3156 5235 ambo
3206 5174 3558 5230 conveniunt.

2001 5282 2106 5338 Sed
2132 5279 2274 5351 quod
2307 5279 2373 5333 ad
2407 5279 2574 5334 feram
2605 5275 2814 5329 attinet.
2882 5316 2895 5328 .
2975 5314 2989 5326 .
3070 5312 3084 5326 .
3165 5311 3178 5324 .
3258 5307 3273 5320 .
3351 5307 3364 5320 .
3445 5306 3458 5320 .
3541 5305 3555 5318 .

1998 5564 2234 5633 Apparet
2288 5572 2416 5629 ergo
2467 5570 2587 5610 cum
2632 5552 2814 5608 Chelis
2854 5559 3057 5620 partem
3091 5545 3261 5616 ipsius
3320 5542 3554 5612 aliquam
