4040 6206
506 308 645 367 ιθεο

1488 309 1574 367 ει)
1613 308 1874 367 EUSEBI!
1897 306 2288 366 CIIRONICON
2325 306 2677 364 APPENDIX.

3568 313 3717 370 £085

498 431 790 495 oportere,
839 423 991 497 quod
1060 431 1115 481 et
1148 424 1405 481 'Eudoxo
1461 427 1680 496 placet,
1749 426 2059 481 ascendere.

2166 421 2374 493 σώματι
2402 424 2521 485 ταῖς
2545 421 2749 493 Χηλαῖς
2783 409 3332 495 συναναφέρεταιξῶς
3365 422 3461 477 καὶ
3487 423 3719 491 Εὔδοξός

502 532 635 586 φησι
655 532 671 547 ⁸
702 516 880 588 δῆλον,
915 517 995 570 ὅτι
1038 516 1134 571 καὶ
1160 519 1278 582 ταῖς
1301 517 1505 589 Χηλαϊς
1532 519 1696 593 μέρος
1723 536 1781 572 τιν
1801 517 1962 574 αὐτοῦ
1989 518 2069 571 δεῖ
2092 514 2231 569 κατὰ
2254 514 2346 568 τὸν
2376 512 2599 577 Εὔδοξον
2632 513 3050 569 συνανατέλλειν.

544 627 773 685 'Verum
824 630 878 684 in
937 627 1220 701 Ophiucho
1266 637 1524 700 praeterea
1581 630 1787 687 fallitur.
1830 631 2052 687 Aratus.

503 718 711 788 Quippe
747 717 967 773 sinistra
1002 725 1211 772 tantum
1270 716 1439 786 ipsius
1480 732 1673 773 manus
1703 732 1824 771 cum
1873 716 2056 774 Chelis

501 809 713 875 oritur;
736 814 920 878 caput,
951 815 1006 863 et
1041 821 1235 863 manus
1264 806 1452 862 dextra
1481 821 1602 862 cum
1638 804 1879 877 Scorpio.

571 934 683 1038 ’χιι
718 982 1060 1039 Ascendcnte
1109 981 1419 1053 Sagittario.
1443 990 1595 1054 putat
1618 982 1813 1037 Aratus
1846 979 2057 1052 Ingeni-

502 1075 607 1133 euli
619 1082 778 1145 caput
794 1090 855 1130 ac
870 1075 1138 1129 sinistram
1155 1089 1370 1129 manum
1387 1078 1623 1129 exortam
1641 1074 1835 1130 fuisse:
1851 1089 2057 1129 necnon
2098 1094 2101 1095 ν

503 1164 774 1235 Ophiuchi
808 1179 1027 1234 corpus,
1052 1163 1386 1235 caudamque
1417 1167 1703 1235 serpentis,
1734 1180 1891 1236 quem
1915 1173 2064 1221 tenet

502 1255 820 1327 Ophiuchus
843 1273 858 1323 ;
880 1255 1176 1311 Fidiculam
1204 1271 1448 1326 quoque;
1481 1270 1690 1310 necnon
1717 1254 1915 1326 Cephei
1938 1269 2058 1325 qua:

501 1363 533 1402 a
568 1348 745 1418 capite
788 1346 858 1403 ad
908 1355 1096 1417 pectus
1137 1347 1428 1417 pertinent.
1476 1345 1735 1403 Occidere
1766 1363 1926 1419 porro
1952 1347 2057 1402 Ca-

500 1454 625 1494 nem
671 1439 942 1510 integrum
963 1480 979 1506 ,
1014 1436 1293 1501 Orionem,
1318 1436 1615 1509 Leporem;
1649 1437 1983 1495 Heniocbnm
2022 1454 2054 1493 a

500 1528 730 1601 pedibus
762 1530 828 1585 ad
862 1546 1054 1586 zonam
1086 1546 1298 1601 usque;
1322 1531 1552 1599 Capram
1579 1545 1740 1593 vero,
1777 1545 1899 1585 cum
1926 1529 2054 1586 Πω-

499 1621 622 1688 dis;
650 1636 680 1677 e
708 1622 908 1692 quibus
940 1621 1031 1675 illa
1062 1621 1115 1675 in
1141 1622 1369 1676 humero
1399 1629 1481 1676 est
1504 1619 1762 1675 Heniochi
1791 1620 2052 1675 sinistro:

2239 626 2296 679 Ὃ
2328 626 2386 680 δὲ
2419 628 2651 703 ’Δρατος
2679 628 2858 697 ἀγνοεῖ
2895 630 2952 681 ὲν
2981 630 3093 693 τοῖς
3130 630 3254 702 περὶ
3282 630 3372 684 τὸν
3408 629 3733 702 Ὀφιοῦχον.-

2170 717 2233 770 Ἦ
2266 717 2374 788 γὰρ
2392 719 2648 790 ἀριστερά
2684 719 2803 793 χεὶρ
2831 719 2989 773 αὑτοῦ
3024 721 3180 791 μόνον
3206 724 3325 786 ταῖς
3354 722 3558 792 Χηλαῖς
3592 740 3722 774 συν-

2157 808 2435 863 ανατέλλει
2458 826 2470 840 ο
2507 811 2541 882 ἡ
2569 809 2623 862 δὲ
2656 808 2862 881 κεφαλὴ
2894 811 2989 864 καὶ
3017 811 3050 881 ἡ
3082 810 3228 878 δεξιά
3279 814 3399 884 χεὶρ
3433 812 3511 883 τῷ
3548 812 3730 882 Σκορς

2158 899 2286 970 πίῳ.

2229 992 2328 1044 ΙΒ’.
2363 989 2468 1046 Τοῦ
2488 993 2543 1047 δὲ
2568 993 2792 1058 Τοξότου
2826 992 3107 1064 μέλλοντος
3136 994 3461 1058 ἀνατέλλειν,
3485 996 3515 1048 ὁ
3546 997 3727 1065 Ἀ’ρα-

2157 1083 2248 1147 τός
2278 1100 2410 1154 φησι
2457 1085 2554 1156 τὴν
2585 1084 2821 1157 κεφαλὴν
2852 1084 2945 1138 τοῦ
2987 1086 3073 1140 Ἐν
3118 1086 3305 1154 γόνασι
3332 1087 3429 1139 καὶ
3452 1085 3550 1156 τὴν
3594 1088 3719 1158 ἀρι-

2159 1174 2354 1246 στερὰν
2374 1178 2531 1248 χεῖρα
2558 1177 2991 1243 ἀνατεταλκέναι,
3014 1176 3177 1233 καὶτὸ
3192 1176 3351 1247 σῶμα
3374 1176 3467 1231 τοῦ
3501 1178 3721 1245 Ὀφιοό-

2156 1281 2274 1339 χου,
2306 1266 2399 1319 καὶ
2426 1266 2525 1337 τὴν
2548 1266 2711 1339 οὐρὰν
2742 1265 2834 1319 τοῦ
2864 1269 3097 1335 Ὄφεως,
3122 1266 3180 1319 ὃν
3203 1267 3314 1337 ἔχει
3340 1269 3368 1321 ὀ
3409 1267 3717 1338 Ὀφιοῦχος,

2157 1355 2251 1409 καὶ
2282 1354 2379 1425 τὴν
2404 1355 2606 1425 Λύραν,
2623 1355 2830 1408 καὶτοῦ
2862 1356 3092 1425 Κηφέως
3115 1355 3182 1409 τὰ
3205 1356 3310 1410 ἀπὸ
3338 1356 3439 1427 τῆς
3472 1358 3735 1433 κεφαλῆς

2157 1442 2261 1506 ἕως
2290 1443 2384 1496 τοῦ
2417 1442 2661 1515 στήθους.
2707 1443 2890 1499 Δύνειν
2917 1444 2974 1498 δέ
3006 1462 3136 1516 φησι
3169 1446 3257 1498 τόν
3287 1462 3345 1499 τε
3386 1446 3541 1500 Κύνα
3571 1447 3719 1514 ὅλον,

2158 1535 2252 1589 καὶ
2277 1535 2369 1588 τὸν
2409 1534 2653 1606 Ὠρίωνα,
2687 1536 2889 1593 καὶτὸν
2930 1536 3171 1606 Λαγωδν,
3199 1538 3291 1591 καὶ
3327 1537 3419 1591 τοῦ
3468 1538 3720 1608 Ἠνιόχου

2156 1627 2225 1683 τὰ
2250 1628 2358 1682 ἀπὸ
2380 1627 2488 1681 τῶν
2518 1628 2691 1683 ποδῶν
2716 1630 2818 1694 ἕως
2836 1631 2936 1701 τῆς
2959 1629 3131 1702 ζώνης
3160 1630 3300 1702 μέρη
3322 1649 3337 1662 ·
3364 1632 3462 1702 τὴν
3490 1632 3547 1686 δὲ
3574 1629 3729 1701 Αἷγά

498 1713 553 1769 hi
584 1714 638 1768 in
678 1728 840 1768 manu
886 1713 1144 1781 sinistra;
1186 1720 1300 1767 tum
1331 1720 1512 1784 caput,
1552 1727 1616 1767 ac
1645 1712 1887 1768 dextram
1938 1726 2052 1765 ma-

2159 1736 2290 1790 φησι
2318 1721 2412 1774 καὶ
2436 1722 2560 1785 τοὺς
2585 1722 2855 1795 Ἐρίφους,
2883 1716 2957 1776 ὧν
2976 1723 3122 1775 ἔστιν
3155 1725 3188 1794 ἡ
3224 1724 3320 1794 μὲν
3347 1724 3441 1801 €ng
3466 1723 3561 1776 τοῦ
3586 1726 3724 1795 ἀρι-

500 1820 655 1872 num,
678 1806 887 1862 oriente
911 1804 1204 1877 Sagittario
1243 1805 1593 1871 descendere,
1644 1821 1765 1876 quae
1795 1805 1863 1860 ad
1889 1804 2063 1876 pedes-

500 1902 650 1962 sunt,
678 1898 892 1952 oriente
919 1895 1165 1967 Scorpio.
1196 1895 1359 1951 Addit
1403 1895 1651 1952 occidere
1685 1912 1900 1967 quoque
1923 1894 2063 1950 Per-.

499 2002 679 2053 seum,
701 1995 927 2059 excepto
952 2004 1091 2059 genu
1119 1987 1328 2053 dextro,
1361 2003 1424 2043 ae
1454 1988 1589 2058 pede
1611 2027 1627 2050 ,
1675 1996 2063 2057 postremoque

500 2080 723 2150 puppim
752 2081 950 2152 Argus.
983 2080 1043 2137 In
1067 2081 1153 2136 his
1180 2091 1371 2137 caetera
1398 2080 1613 2151 quidem
1642 2096 1764 2135 cum
1793 2094 2055 2149 apparen.

498 2170 650 2229 tibus
696 2172 1049 2228 concordant.
1107 2171 1305 2229 Verum
1342 2174 1563 2229 sinistra
1595 2187 1789 2227 manus
1839 2171 2054 2238 Ingeni-

502 2263 612 2319 eull
640 2279 762 2319 eum
787 2265 969 2319 Chelis
1010 2264 1222 2327 oritur,
1266 2281 1372 2319 non
1407 2281 1529 2320 cum
1564 2265 1806 2335 Scorpio.
1842 2262 2063 2318 Etenim

503 2352 728 2408 sinister
761 2354 877 2425 ipse
906 2355 1052 2411 illius
1095 2356 1375 2421 humerus,
1408 2356 1564 2426 longe
1591 2357 1832 2411 anterior
1858 2370 2050 2419 manu,

500 2450 759 2514 tanquam
801 2446 957 2501 ulnas
997 2458 1342 2518 exporrectas
1391 2447 1605 2513 habent,
1654 2447 1798 2518 quod
1854 2449 2053 2502 Aratus

502 2533 666 2589 etiam
696 2535 906 2603 scribit,
934 2554 1057 2594 cum
1089 2540 1246 2594 tertia
1284 2550 1436 2610 parte
1470 2537 1677 2609 Scorpii
1710 2539 1902 2594 oritur.
1931 2537 2050 2593 Non

501 2639 632 2697 ergo
662 2641 784 2681 cum
824 2626 1051 2700 Scorpio
1078 2631 1253 2687 solum
1287 2638 1449 2703 caput
1471 2631 1736 2688 ascendit.

2159 1811 2346 1883 στεροῦ
2381 1810 2550 1883 ὤμου,
2574 1812 2631 1868 οἱ.
2656 1813 2701 1867 δ’
2727 1815 2789 1867 ὲν
2809 1817 2875 1885 τῇ
2909 1815 3169 1887 ἀριστερᾷ
3197 1817 3358 1891 χειρὶ,
3386 1817 3468 1873 ἔτι
3508 1817 3568 1871 δὲ
3613 1820 3727 1891 τὴν

2157 1900 2397 1973 κεφαλὴν
2419 1903 2519 1959 καὶ
2536 1901 2634 1974 τὴν
2665 1902 2843 1969 δεξιὰν
2886 1906 3044 1976 χεῖρα
3072 1905 3149 1976 τῷ
3181 1906 3378 1977 Τοξότῃ
3423 1909 3723 1962 ἀντικατα-

2155 1990 2329 2045 δύνειν
2348 2009 2361 2023 ·
2396 1992 2462 2046 τά
2503 1993 2559 2046 δὲ
2592 1994 2727 2066 πρὸς
2757 1995 2882 2058 τοὺς
2909 1996 3072 2059 πόδας
3118 1995 3193 2067 τῷ
3218 1998 3500 2069 Σκορπίῳ..
3524 2000 3727 2057 Δύνειν

2156 2080 2219 2139 δέ
2246 2099 2378 2154 φησι
2405 2084 2499 2139 καί
2519 2085 2609 2138 τὸν
2633 2086 2845 2157 Περσέα
2871 2087 3036 2158 χωρὶς
3058 2088 3148 2142 τοῦ
3174 2088 3343 2154 δεξιοῦ
3371 2092 3596 2162 γόνατος
3618 2096 3723 2148 καὶ

2157 2171 2252 2229 τοῦ
2294 2174 2500 2239 ποδός-ξ
2524 2179 2618 2232 καὶ
2659 2177 2757 2248 τῆς
2799 2179 3024 2250 ’Δργοῦς
3067 2180 3165 2253 τὴν
3210 2182 3483 2254 πρύμναν.
3538 2186 3625 2238 Ἑν
3656 2185 3719 2239 δὲ

2155 2263 2361 2329 τούτοις
2398 2266 2467 2320 τὰ
2501 2268 2598 2338 μὲν
2641 2268 2773 2324 ἄλλα
2801 2276 3079 2343 συμφωνεῖ
3116 2278 3228 2338 τοῖς
3271 2277 3639 2347 φαινομένθις’
3677 2281 3715 2349 ὴ

2156 2357 2213 2411 δὲ
2243 2358 2504 2430 ἀριστερά
2534 2361 2653 2433 χεὶρ
2689 2362 2783 2416 τοῦ
2826 2366 2913 2420 Ἐν
2955 2366 3140 2435 γόνασι
3194 2366 3313 2433 ταῖς
3342 2370 3551 2441 Χηλαίς
3589 2388 3721 2426 συνς

2155 2450 2448 2517 ανατέλλει,
2477 2454 2571 2507 καὶ
2594 2454 2655 2507 οὐ
2677 2454 2755 2526 τῷ
2782 2457 3049 2529 Σκορπὶῳ.
3073 2461 3181 2515 Καὶ
3208 2460 3315 2533 γὰρ
3335 2462 3497 2527 αὐτὸς
3524 2464 3554 2515 ό
3586 2464 3723 2534 ἀρι-

2157 2542 2344 2611 στερὸς
2369 2537 2518 2615 ὦμος
2559 2546 2722 2601 αὑτοῦ
2764 2548 2895 2604 πολὺ
2930 2551 3331 2623 προηγούμενος
3360 2552 3463 2623 τῆς
3506 2555 3716 2626 χειρὸς,

2153 2634 2353 2692 ὡσανεὶ
2382 2637 2818 2711 διωργυιωμένου
2863 2643 3047 2707 αὐτοῦ,
3082 2646 3327 2720 καθάπερ
3366 2649 3461 2702 καὶ
3491 2650 3521 2701 ὁ
3546 2650 3722 2713 αὐτὸς·

503 2716 741 2791 Ἄρατός
766 2735 949 2793 φησιν,
970 2723 1036 2796 τῇ
1059 2728 1108 2794 γ’
1150 2723 1262 2797 μοί.
1294 2722 1388 2779 τοῦ
1412 2724 1678 2799 Σκορπίου
1725 2724 2121 2781 συνανατέλλει.
2158 2727 2269 2800 οὐχ
2318 2732 2352 2802 ἡ
2405 2731 2610 2805 κεφαλὴ
2642 2728 2744 2789 οὖν.
2786 2734 2943 2805 μόνον
2991 2736 3069 2808 τῷ
3117 2716 3365 2810 Σκορπῖῳ
3409 2741 3727 2809 ωναναφές

501 2829 673 2884 perat.

568 2920 860 2995 Propterea
887 2926 954 2983 de
982 2938 1104 2984 ortu
1138 2929 1351 3004 Scorpii
1381 2933 1436 2988 in
1463 2933 1909 2992 antecedentibus
1933 2931 2054 2988 bal-

498 3015 774 3073 lucinatur
801 3020 874 3074 ita
906 3022 1152 3079 scribens
1178 3043 1192 3080 :

608 3190 649 3228 ._
700 3192 721 3207 .
776 3195 805 3228 ρ
881 3196 897 3212 .
935 3156 1158 3228 Capita,
1187 3172 1236 3216 et
1269 3164 1438 3219 altera
1469 3183 1661 3223 manus

607 3221 739 3278 Cum
763 3221 1054 3298 Sagittario
1080 3221 1449 3293 conscendunt.

501 3332 560 3389 ιη
583 3350 691 3404 quo
717 3338 963 3406 sequitur
989 3339 1295 3399 Eudoxum.

574 3447 730 3519 125
769 3448 889 3506 Non
927 3453 1109 3511 minus
1142 3456 1212 3513 ab
1249 3462 1583 3529 apparentiis
1621 3463 1675 3518 in
1701 3465 1913 3537 Cepheo
1942 3468 2061 3525 dis—

503 3549 746 3609 erepant.
780 3542 915 3599 Nam
961 3546 1139 3602 solum
1177 3558 1341 3621 caput
1378 3553 1553 3624 ipsius
1581 3557 1815 3624 occidit,
1845 3568 1900 3615 et
1948 3563 2059 3617 ori-

503 3637 623 3700 tur;
670 3632 881 3726 humeri
929 3653 992 3695 ac
1019 3649 1210 3711 pectus
1238 3643 1291 3699 in
1337 3660 1551 3718 semper
1598 3665 1889 3722 apparente
1935 3659 2061 3726 'seg-

504 3730 691 3815 mento
727 3725 994 3786 feruntur.
1044 3731 1312 3791 Praeterea
1344 3738 1656 3806 stellarum,
1701 3759 1821 3813 quae
1852 3744 1905 3799 in
1939 3725 2058 3815 ejus

507 3813 685 3885 capite
734 3825 882 3885 sunt,
930 3823 1242 3891 praecedens
1284 3840 1407 3882 cum
1463 3826 1674 3900 Scorpii
1724 3840 1876 3903 parte
1914 3813 2060 3890 vice-

507 3904 648 3962 sima
700 3919 892 3966 octava
931 3914 1142 3984 oritur;
1185 3934 1306 3989 qua:
1336 3927 1514 3977 autem
1550 3933 1820 3993 postrema
1861 3928 2057 3994 oritur,

506 4005 562 4052 et
589 3998 643 4054 in
679 4002 854 4072 capite
891 4003 1120 4061 sitarum
1150 4012 1443 4067 australior
1483 4022 1590 4079 est,
1628 4032 1748 4072 cum
1783 4017 2058 4090 Sagittarii

508 4096 659 4143 sexta
681 4099 833 4160 parte
861 4095 1037 4151 media
1075 4100 1268 4167 oritur,
1299 4110 1358 4155 ut
1400 4118 1504 4158 non
1539 4107 1714 4161 solum
1740 4123 1862 4163 cum
1894 4108 2060 4167 Scor-

506 4177 621 4249 pio.
661 4181 756 4236 sed
787 4182 949 4239 etiam
977 4201 1102 4241 cum
1138 4188 1431 4260 Sagittario
1458 4195 1657 4265 Cephei
1687 4214 1881 4258 manus
1918 4203 2062 4257 oria-

505 4276 615 4325 tur.
644 4271 712 4326 At
744 4271 979 4332 Perseus
1015 4293 1137 4334 cum
1167 4279 1394 4352 Scorpio
1426 4292 1573 4342 totus
1594 4304 1657 4343 ex
1689 4286 1921 4347 adverSo
1959 4293 2058 4349 de-

2228 2930 2320 2983 Διὺ
2347 2931 2440 2985 καὶ
2482 2933 2540 2986 ὲν
2570 2936 2682 2997 τοῖς
2730 2934 2992 3008 πρότερον
3018 2938 3147 3011 περὶ
3179 2938 3278 3011 τὴν
3316 2939 3411 2993 τοῦ
3442 2941 3733 3013 Σκορπίου.

2077 3005 2121 3063 C
2151 3019 2413 3096 ἀνατολὴν
2442 3025 2625 3095 ἀγνοεῖ
2651 3005 2821 3099 λέγων
2845 3046 2873 3064 κ

2434 3221 2613 3258 2-33"
2639 3183 2800 3258 Κάρη
2835 3185 2887 3237 δ’
2910 3184 3114 3256 ἑτέρης
3143 3186 3515 3258 μετάκειρύς

2436 3253 2593 3319 Τόξῳ
2623 3254 2992 3323 ἁνὲρχονται.

2154 3363 2637 3436 Κατηκολούθηκεν
2658 3366 2715 3419 δὲ
2740 3368 2833 3421 καὶ
2858 3367 2995 3421 κατά
3017 3368 3174 3423 τοῦτο
3193 3371 3271 3443 τῷ
3301 3372 3532 3445 Εὐδόξῳ.

2225 3479 2555 3547 Διαφωνοῦσι
2583 3478 2641 3533 δὲ
2667 3481 2799 3552 πρὸς
2824 3481 2883 3535 τὸ
2908 3482 3225 3554 φαινόμενον
3248 3486 3341 3538 καὶ
3365 3487 3423 3539 ὲν
3443 3489 3558 3551 τοῖς
3590 3489 3719 3560 mpb

2154 3566 2248 3620 τοῦ
2276 3568 2527 3639 Κηφέως.
2559 3570 2633 3627 Ἥ
2673 3588 2732 3624 τε
2772 3570 2879 3642 γὰρ
2911 3573 3117 3646 κεφαλὴ
3149 3576 3312 3631 αὐτοῦ
3349 3577 3507 3648 μόνον
3537 3577 3717 3641 δύνει.

2157 3659 2251 3712 καὶ
2282 3660 2586 3714 ἀνατέλλειο
2626 3663 2675 3715 οἱ
2703 3662 2759 3716 δὲ
2799 3657 2936 3735 ὦμοι
2972 3665 3065 3718 καὶ
3095 3665 3154 3719 τὸ
3196 3668 3388 3740 στῆθος
3421 3671 3479 3722 ὲν
3509 3669 3589 3740 τῷ
3625 3670 3713 3723 ἀελ⁸

2157 3749 2374 3822 φανερῷ
2395 3753 2639 3823 τμήματι
2667 3753 2939 3827 φέρονται.
2970 3758 3159 3830 Χωρις
3191 3776 3250 3812 τε
3284 3758 3499 3815 τούτων.
3517 3761 3627 3817 τῶν
3655 3764 3712 3818 ὲν

2156 3843 2230 3913 τῇ,
2251 3842 2455 3914 κεφαλῇ
2494 3844 2654 3899 αὐτοῦ
2680 3845 2927 3918 ἀστέρων.
2948 3850 2977 3905 ὁ
3007 3849 3104 3920 μὲν
3135 3850 3538 3922 προηγούμενος
3564 3856 3632 3924 τῇ
3664 3860 3711 3925 ηξ

2157 3931 2252 3985 καὶ
2299 3939 2347 3986 κ’
2378 3933 2487 4005 μοι.
2516 3934 2609 3988 τοῦ
2647 3935 2912 4009 Σκορπιου
2947 3940 3325 4000 συνανατέλλει
3349 3958 3365 3973 ο
3398 3943 3427 3994 ό
3463 3944 3523 3997 δὲ
3552 3945 3713 4015 ἔσχα-

2156 4041 2247 4088 τος
2270 4025 2694 4099 ἀναφερόμενος,
2724 4031 2821 4084 καὶ
2850 4031 3162 4105 νοτιὼτερος
3194 4032 3268 4087 ὢν
3298 4034 3405 4091 τῶν
3437 4038 3495 4089 ὲν
3526 4038 3588 4108 τῇ
3623 4055 3714 4091 κερ

2159 4114 2299 4187 φαλῇ
2342 4117 2711 4172 συνανατέλλει
2750 4119 2828 4191 τῷ
2868 4120 3068 4195 Τοξότῃ
3107 4129 3159 4188 ς’
3191 4125 3300 4195 μοι.
3344 4125 3478 4196 μέσῃ
3503 4142 3518 4156 θ
3566 4126 3705 4179 ὥστε

2162 4206 2236 4278 μὴ
2278 4207 2434 4278 μόνον
2479 4207 2555 4279 τῷ
2605 4209 2854 4282 Σκορπίῳ
2904 4212 3003 4285 τὴν
3053 4214 3290 4287 κεφαλὴν
3335 4214 3427 4268 τοῦ
3473 4214 3702 4284 Κηφέως

2161 4297 2580 4364 συνανατέλλειν,
2615 4298 2748 4354 ἀλλὰ
2787 4301 2880 4358 καὶ
2910 4301 2988 4374 τῷ
3025 4302 3246 4379 regem.
3289 4307 3347 4360 Ὀ
3383 4305 3436 4359 δὲ
3465 4306 3707 4378 Περσεὺς

507 4365 719 4420 scendit
749 4384 761 4421 :
799 4382 928 4436 non,
958 4377 1017 4424 ut
1038 4369 1145 4425 illis
1169 4372 1404 4440 videtur,
1436 4376 1628 4434 dexter
1657 4396 1754 4450 pes
1781 4383 2055 4439 dextrum-

2158 4390 2275 4455 ὅλος
2317 4390 2394 4463 τῷ
2452 4362 2700 4467 Σκορπίῳ
2746 4362 3278 4452 συναντιααταδύνέι·
3335 4400 3427 4454 καὶ
3463 4362 3558 4470 0'21.
3570 4441 3585 4463 ,
3627 4399 3705 4463 ὡς

506 4471 612 4527 que
639 4472 776 4528 genu
806 4461 1016 4519 oriente
1037 4460 1328 4535 Sagittario
1361 4470 1633 4526 conditur.

578 4635 781 4695 Praater
816 4641 933 4698 haec
967 4643 1020 4699 in
1052 4644 1197 4717 Argo
1231 4647 1370 4720 fugit
1400 4648 1521 4706 illos
1560 4652 1720 4708 ratio.
1754 4650 1881 4709 Haec
1916 4655 2060 4710 enim

505 4744 576 4786 ex
612 4732 858 4802 opposita
889 4744 1040 4801 parte
1069 4738 1268 4797 cadere
1300 4741 1510 4812 incipit,
1551 4743 1854 4800 orientibus
1880 4744 2061 4802 Chelis

509 4822 723 4888 mediis,
766 4841 873 4881 non
931 4825 1179 4900 Scorpio.
1226 4831 1519 4903 Oportebat
1559 4849 1688 4907 ergo
1717 4837 2060 4894 commodum

508 4913 721 4971 oriente
746 4916 1004 4995 Scorpio,
1042 4922 1153 4992 jam
1184 4922 1362 4996 Argus
1412 4927 1632 4998 puppim
1679 4929 1947 4987 occidisse
1974 4929 2059 4987 di-

508 5020 652 5070 cere,
680 5023 787 5063 non
816 5013 1143 5070 ascendente
1170 5015 1482 5089 Sagittario.
1872 5060 1877 5065 η

577 5096 713 5154 Xlll.
733 5098 947 5158 Rursus
974 5105 1305 5177 Capricorno
1330 5111 1383 5166 in
1412 5113 1621 5169 oriente
1649 5115 1846 5186 posito,
1870 5115 2062 5172 adver-

508 5204 626 5279 sam
657 5193 903 5249 occidere
946 5196 1240 5267 Sagittario
1266 5204 1457 5262 dicunt
1488 5208 1635 5279 Argo
1679 5210 1976 5279 integram,
2007 5220 2064 5265 et

510 5277 836 5370 lfrocynem;
858 5286 988 5340 oriri
1009 5297 1187 5347 autem
1206 5294 1413 5364 pariter
1433 5277 1697 5369 Cygnum,
1716 5307 1771 5354 et
1786 5277 2057 5370 Aquilam,

509 5366 772 5441 Sagittam
799 5390 863 5431 ac
884 5376 1285 5441 IThuribulum.
1343 5386 1422 5442 Ex
1472 5366 1558 5444 his
1594 5398 1789 5446 caetera
1842 5366 2059 5461 quidem

509 5468 894 5531 apparentibus
920 5482 1284 5533 consentanea
1309 5479 1586 5539 dicuntur.
1606 5481 1682 5538 De
1711 5481 1897 5553 Cygno
1936 5498 2058 5537 cum

511 5560 740 5625 uterque
770 5560 1132 5622 hallucinatus
1161 5576 1266 5634 est,
1333 5579 1444 5625 tum
1484 5573 1655 5627 multo
1676 5573 1899 5642 gravius
1925 5571 2063 5627 Ara-

506 5651 620 5704 tus.
665 5647 798 5705 Nam
841 5650 1099 5712 Eudoxus
1133 5658 1379 5717 dextram
1414 5663 1553 5719 alam
1585 5663 1755 5734 Cygni
1796 5666 2058 5722 orientem

2160 4472 2306 4533 οὗτοι
2336 4497 2519 4549 φασιν,
2546 4485 2574 4537 ό
2602 4483 2770 4552 δεξιὸς
2796 4485 2930 4551 ποῦς
2955 4486 3045 4542 καὶ
3070 4487 3129 4544 τὸ
3157 4487 3323 4554 δεξιὸν
3348 4489 3474 4558 γόνυ
3501 4489 3578 4561 τῷ
3606 4490 3709 4543 To-

2162 4566 2289 4640 ξότῃ
2316 4569 2820 4645 ἀντικαταφέρεται.

2242 4660 2566 4732 Ἠγνοήκασι
2593 4662 2659 4716 -δὲ
2686 4666 2778 4718 καὶ
2822 4665 2891 4718 τὰ
2929 4666 3055 4738 περὶ
3086 4665 3181 4738 τὴν
3225 4666 3420 4739 Ἀργώ.
3457 4670 3717 4739 Ἀρχεται

2160 4749 2268 4823 γὰρ
2319 4753 2753 4810 ἀντικαταδύνειν
2808 4758 2868 4810 οὑ
2908 4757 2985 4829 τῷ
3027 4758 3294 4830 Σκορπίῳ,
3340 4758 3476 4813 ἀλλὰ
3528 4760 3717 4831 μέσαις

2161 4844 2278 4905 ταῖς
2305 4842 2528 4914 Χηλαῖς.
2549 4845 2693 4899 Ἔδει
2719 4843 2831 4912 οὖν,
2860 4849 3157 4920 ἀρχομένου
3180 4849 3271 4902 τοῦ
3297 4849 3565 4921 Σκορπεου
3592 4851 3717 4903 ἀνα-

2160 4933 2386 4999 τέλλειν,
2420 4935 2596 5006 λέγειν
2627 4938 2725 5010 τὴν
2757 4939 2858 5009 τῆς
2894 4940 3118 5013 ’Δργοῦς
3143 4940 3393 5013 πρύμναν
3417 4942 3714 5010 δεδυχέναι,

2162 5026 2253 5079 καὶ
2288 5027 2361 5100 μὴ
2392 5026 2485 5081 τοῦ
2514 5027 2739 5093 Τοξότου
2771 5031 3193 5103 ἀναφερομένου.

2231 5118 2330 5177 II".
2358 5119 2524 5172 Πάλιν
2549 5120 2606 5173 δὲ
2634 5120 2728 5173 τοῦ
2755 5120 3033 5193 Δὶγόκερω
3056 5124 3191 5195 πρὸς
3217 5126 3282 5196 τῇ
3299 5125 3527 5197 ἀνατολῇ
3545 5127 3714 5192 δντος,

2161 5208 2239 5280 τῷ
2274 5210 2477 5283 Τοξότῃ
2508 5211 2669 5280 φασὶν
2698 5213 3130 5269 ἁντικαταδύνειν
3160 5216 3259 5288 τήν
3287 5234 3347 5270 τε
3389 5217 3567 5287 Ἀργὼ
3592 5218 3717 5287 ὃλην

2163 5298 2370 5353 καὶτὸν
2392 5300 2640 5369 Πρόκυνα
2664 5316 2678 5330 ⁸
2715 5301 3120 5357 πνανατέλλειν
3150 5304 3207 5357 δὲ
3251 5303 3342 5358 τόν
3372 5322 3432 5357 τε
3467 5304 3714 5376 Ὅρνιθα,

2162 5388 2374 5442 καὶτὸν
2419 5390 2614 5454 Ἀετὸν,
2651 5392 2750 5446 καὶ
2786 5392 2875 5446 τὸν
2926 5394 3150 5462 Ὀῖστὸν,
3198 5395 3292 5449 καὶ
3334 5396 3395 5450 τὸ
3436 5396 3713 5467 Θυμιατή-

2164 5498 2297 5555 ριον.
2326 5480 2406 5534 Τὰ
2445 5482 2540 5553 μὲν
2567 5478 2659 5537 οὖν
2698 5484 2831 5540 ἀλλα
2859 5484 3158 5557 συμφώνως
3185 5488 3274 5541 ὑπ’
3299 5487 3475 5541 αὐτῶν
3500 5487 3713 5556 λέγεται

2163 5575 2272 5637 τοῖς
2306 5573 2643 5645 φαινομένοις
2665 5593 2680 5607 ·
2711 5576 2779 5631 τὰ
2806 5578 2860 5631 δὲ
2898 5578 3038 5633 κατά
3070 5579 3161 5632 τὸν
3195 5578 3419 5652 Ὀρνιθα
3455 5581 3711 5650 ἠγνόηται

2168 5664 2264 5735 μὲν
2295 5665 2385 5719 ὑπ’
2419 5666 2761 5740 ἀμφοτέρων,
2799 5669 2993 5741 μᾶλλον
3024 5670 3077 5725 δὲ
3109 5670 3213 5725 ὑπὸ
3240 5671 3332 5725 τοῦ
3367 5672 3615 5744 ’Δράτου.
3657 5670 3711 5723 'u
