4040 6206
359 320 499 380 1088

1322 321 1691 381 HlPPAB'CHI
1713 323 1808 378 AD
1840 323 2278 386 PIIENOMENA
2312 327 2438 390 LIB.
2470 332 2545 390 ll-

3415 346 3564 407 £086:

361 437 460 508 μὲν
505 433 623 503 γὰρ.
654 431 876 498 Εὔδοξος
917 433 995 504 τῷ
1039 434 1286 506 Σκορπίῳ
1325 437 1490 506 φησιν
1515 437 1895 490 συνανατέλλειε

2017 439 2146 496 facit
2193 457 2316 497 cum
2349 444 2578 517 Scorpio
2609 465 2624 501 :
2653 462 2776 503 cum
2813 447 3100 522 Sagittario
3134 453 3400 526 reliquum
3431 476 3555 516 cor-

355 526 457 597 τὴν
483 523 660 590 δεξιὰν
689 525 929 595 πτέρυγα
971 524 1064 577 τοῦ
1105 525 1350 596 Ὄρνιθος
1374 543 1388 556 ο
1421 525 1498 597 τῷ
1528 527 1583 580 δὲ
1611 527 1813 600 Τοξότῃ
1851 527 1911 580 τὸ

2009 547 2110 601 pus
2141 532 2313 601 ipsius
2346 549 2360 585 :
2405 537 2547 590 unde
2596 535 2762 607 liquet
2792 539 2930 592 alam
2965 538 3132 612 Cygni
3183 544 3426 599 dextram
3469 566 3553 604 se-

355 615 538 670 λοιπὸν
566 615 736 668 αὐτοῦ.
753 615 910 685 σῶμα
931 631 944 645 ·
973 615 1033 680 ἐξ
1059 607 1134 670 ὧν
1161 616 1337 686 δῆλον,
1363 617 1448 671 ὅτι
1466 617 1561 687 τὴν
1585 616 1757 684 δεξιὰν
1784 618 1895 675 πτέ-

2009 624 2241 677 cundutn
2269 623 2548 682 Eudoxum
2578 638 2826 699 Oportere
2860 645 2982 685 cum
3010 607 3302 702 postremis
3342 636 3553 707 Scorpai

357 725 499 780 ρυγα
526 708 618 762 τοῦ
653 709 897 781 Ὄρνιθος
928 708 1068 762 κατά
1106 710 1196 763 τὸν
1226 709 1449 776 Εὔδοξον
1487 710 1565 764 δεῖ
1611 714 1721 774 τοῖς
1751 712 1910 785 ἐσχά-

351 817 468 863 τοις
517 798 707 870 μέρεσι
759 797 852 852 τοῦ
918 800 1181 870 Σκορπίου
1241 799 1736 870 συναναφέρεσθαι*
1782 803 1810 853 ὁ
1853 800 1910 853 δὲ

359 887 592 957 ’Ἄρατός
617 903 746 956 φησι
773 885 850 957 τῷ
881 887 1079 958 Τοξὸτῃ
1115 889 1269 958 μόνον
1303 889 1699 944 συνανατέλλειν
1726 890 1905 946 αὐτόν.

354 978 435 1050 Τῇ
463 978 520 1031 δὲ
547 977 772 1049 ἀληθείᾳ
802 979 849 1030 οἱ
891 979 988 1048 μὲν
1018 980 1074 1032 ὲν
1109 980 1250 1050 ἀκρᾳ
1284 981 1349 1050 τῇ
1381 977 1528 1048 δεξιᾷ
1556 979 1782 1049 πτέρυγι
1813 977 1905 1031 τοῦ

358 1069 610 1140 Ὄρνιθος
651 1072 760 1132 τοῖς
792 1071 1036 1139 ἐσχάτοις
1077 1070 1264 1142 μέρεσι
1309 1071 1415 1122 τῶν
1455 1069 1646 1139 Χηλῶν
1681 1086 1906 1124 συνανα-

352 1160 626 1217 τέλλουσιν
651 1176 664 1190 ·
691 1162 719 1212 ὁ
757 1159 811 1212 δὲ
850 1162 906 1212 ὲν
929 1161 1071 1232 ἄκρᾳ
1097 1164 1161 1231 τῇ
1193 1162 1451 1232 ἀριστερᾷ
1483 1159 1726 1231 πτέρυγι,
1755 1159 1813 1221 ὃς
1840 1157 1903 1229 δὴ

353 1250 451 1309 καὶ
478 1251 701 1324 ἔσχατος
723 1251 1023 1316 ἀνατέλλει,
1052 1254 1115 1322 τῇ
1151 1251 1194 1321 β’
1218 1252 1311 1304 καὶ
1345 1259 1390 1306 κ’
1423 1252 1530 1322 μοί.
1557 1249 1649 1305 τοῦ
1679 1250 1903 1316 Τοξὰτου

353 1341 799 1412 συναναφέρεται.

425 1435 521 1488 IA'.
561 1430 666 1484 Τοῦ
696 1433 751 1484 δὲ
792 1433 1068 1504 ’Υδροχόου
1113 1432 1408 1504 ἀρχομένου
1439 1431 1738 1484 ἀνατέλλειν
1770 1432 1902 1501 φησὶ

352 1522 865 1582 συνανατεταλκέναι
897 1523 972 1593 τῷ
1010 1523 1287 1592 Αἰγόκερῳ
1317 1521 1410 1574 τοῦ
1453 1513 1649 1574 Ἵππου
1677 1520 1771 1591 τὴν
1813 1537 1902 1572 κε-

351 1614 524 1684 φαλὴν
551 1614 646 1668 καὶ
671 1615 796 1677 τοὺς
825 1614 984 1676 πόδας
1001 1629 1014 1644 ⁸
1045 1613 1218 1667 δύνειν
1245 1613 1300 1665 δὲ
1334 1613 1399 1665 τὰ
1424 1611 1639 1664 ὀπίσθια
1657 1611 1748 1664 τοῦ
1773 1613 1903 1663 Κεν-

343 1703 568 1774 ταύρου,
605 1704 696 1756 καὶ
723 1701 813 1756 τοῦ
840 1703 1032 1774 ’Υδρου
1059 1703 1118 1755 τὸ
1147 1703 1249 1755 ἀπὸ
1275 1705 1370 1773 τῆς
1399 1702 1636 1772 κεφαλῆς
1666 1701 1768 1764 ’έως
1798 1701 1898 1770 τῆς

343 1792 566 1864 πρώτης
613 1793 858 1865 σπείρας.
896 1796 953 1846 ’0
983 1794 1037 1846 δὲ
1077 1794 1296 1861 Εὔδοξός
1331 1812 1460 1866 φησι
1494 1795 1585 1848 καὶ⁸
1619 1795 1714 1865 τὴν
1745 1795 1891 1846 Κασ-

345 1885 587 1946 σιέπειαν
638 1885 941 1945 ἀνατέλλειν
987 1887 1078 1940 καὶ
1122 1885 1209 1940 τὸν
1261 1887 1504 1955 Δελφίνα.
1547 1887 1612 1937 ’Ἃ
1661 1885 1756 1956 μὲν
1805 1880 1894 1938 οὖν

342 1977 493 2045 κοινῇ
533 1976 784 2046 εἰρήκασι
803 2017 817 2040 ,
846 1976 1025 2046 σχεδὸν
1057 1980 1333 2049 συμφωνεῖ
1362 1979 1473 2039 τοῖς
1514 1977 1850 2048 φαινομένοις
1877 1993 1890 2007 ’

343 2065 481 2136 πλὴν
516 2065 596 2118 ὅτι
624 2067 657 2136 ἡ
695 2066 900 2139 κεφαλὴ
939 2067 1029 2120 τοῦ
1054 2067 1251 2138 Ὕδρου
1287 2071 1398 2130 τοῖς
1430 2068 1675 2137 ἐσχάτοις
1708 2068 1894 2137 μέρεσι

341 2153 436 2208 τοῦ
465 2153 690 2222 Τοξὸτου
722 2156 944 2232 ἄρχεται
971 2157 1428 2223 ἀντικαταδύνειν,
1462 2158 1554 2210 καὶ
1593 2159 1652 2210 οὐ
1694 2156 1772 2227 τῷ
1804 2158 1895 2210 Ai-

342 2244 572 2318 γόκερῳ.
620 2246 725 2302 Τοῦ
771 2247 826 2300 δὲ
853 2248 1045 2300 Ἵππου
1082 2248 1144 2301 οὐ
1196 2247 1352 2317 μόνον
1393 2250 1429 2322 ἡ
1473 2246 1678 2321 κεφαλὴ
1718 2249 1808 2300 καὶ
1845 2247 1893 2300 οἱ

341 2335 498 2399 πόδες
520 2321 961 2404 ἀνατετάλκασιν,
987 2337 1120 2391 ἀλλά
1143 2339 1235 2392 καὶ
1256 2340 1308 2396 oi.
1326 2332 1463 2408 ὦμοι
1487 2338 1660 2393 καὶτὸ
1682 2337 1890 2408 στῆθος.

410 2427 644 2498 Παρέχει
692 2427 747 2480 δέ
797 2445 936 2482 τισιν
983 2430 1260 2485 ἐπίστασιν
1294 2429 1408 2493 πῶς
1449 2430 1538 2482 ἐπὶ
1583 2428 1690 2482 τῶν
1722 2429 1894 2483 ἀλλων

343 2519 543 2585 ζωδίων
564 2523 593 2574 δ
628 2523 861 2593 ’Ἄρατος
886 2523 983 2586 τὰς
1009 2523 1180 2598 ἀρχὰς
1225 2524 1316 2576 ἐπὶ
1346 2526 1441 2594 τῆς
1473 2524 1729 2594 ἀνατολῆς
1761 2525 1893 2576 ὑπο-

341 2610 636 2682 τιθέμενος,
667 2613 759 2666 καὶ
791 2612 959 2676 οὕτως
978 2613 1076 2676 τὰς
1107 2612 1215 2666 τῶν
1247 2613 1417 2668 ἀλλων
1458 2615 1667 2684 ἄστρων
1705 2614 1894 2668 ἀνατο-

341 2702 440 2766 λάς
471 2703 563 2756 καί
605 2704 781 2767 δύσεις
810 2704 1106 2773 διασαφῶν,
1136 2705 1226 2758 τὸν
1266 2705 1544 2778 Ὑδροχὸον
1571 2706 1732 2776 μέσον
1768 2707 1894 2762 ἁνα-

341 2793 543 2855 τέλλειν
582 2794 911 2861 ὑποτίθεται,
945 2795 1116 2864 λέγων
1149 2795 1316 2860 οὕτως
1337 2813 1352 2827 ⁸

412 2998 618 3064 Ἵππος
647 2997 699 3050 δ’
739 2998 1074 3069 ’Υδροχόοιο
1101 2999 1294 3068 μέσον
1316 2998 1846 3069 περιτελλομένοιο,

411 3069 608 3122 Ποσσί
641 3085 702 3122 τε
729 3070 826 3124 καὶ
851 3067 1084 3139 κεφαλῇ
1107 3067 1507 3125 ἀνελίσσεται.

341 3178 512 3234 Τοῦτο
529 3179 574 3232 δ’
604 3180 822 3249 ἀπορῶν
846 3182 874 3233 ὁ
906 3181 1182 3247 ¹Ἀττιιλος,
1213 3183 1371 3251 φησιν
1393 3183 1692 3253 ἁμάρτημα
1707 3168 1852 3234 ἐἶναι
1873 3196 1888 3210 ⁸

342 3268 451 3324 δεῖν
479 3270 537 3323 δὲ
560 3272 788 3341 γράφειν
820 3270 989 3333 οὕτως
1015 3287 1028 3301 ·

411 3384 617 3449 Ἵππος
640 3381 691 3434 δ’
742 3383 1074 3452 ’Υδροχόοιο
1110 3381 1252 3435 νέον
1289 3382 1820 3452 περιτελλομένοιο.

336 3515 602 3572 Δανθάνει
645 3516 701 3568 δὲ
746 3514 835 3568 τόν
886 3532 945 3567 τε
977 3515 1256 3577 Ἄτταλον,
1298 3513 1391 3567 καὶ
1435 3516 1558 3577 τοὺς
1601 3513 1790 3578 ἄλλους
1832 3515 1893 3568 τὺ

341 3608 586 3679 βούλημα
630 3607 723 3660 τοῦ
775 3606 994 3677 ποιητοῦ
1019 3623 1033 3636 ο
1074 3608 1211 3677 τάχα
1248 3607 1304 3660 δὲ
1337 3607 1430 3660 καὶ
1461 3606 1520 3659 τὸ
1552 3605 1887 3676 φαινόμενον.

351 3696 408 3748 'U
433 3695 541 3766 γὰρ
569 3695 865 3765 ’Υδροχόος,
885 3699 948 3766 τῇ
980 3695 1122 3748 θέσει
1147 3695 1392 3766 κείμενος
1416 3695 1522 3748 ἀπὸ
1552 3695 1892 3767 μεσημϐρίας

337 3787 474 3858 πρὸς
510 3788 771 3858 ἄρκτους,
806 3787 874 3840 τὰ
904 3789 1000 3856 μὲν
1045 3788 1184 3842 κατά
1222 3788 1281 3840 τὸ
1320 3787 1512 3859 στῆθος
1549 3789 1642 3842 καὶ
1680 3789 1776 3860 τὴν
1804 3806 1893 3842 κε-

338 3876 513 3949 φαλὴν
547 3879 688 3949 μέρη
723 3877 854 3931 πολὺ
886 3878 1212 3932 ἐκπίπτοντα
1250 3879 1344 3932 τοῦ
1389 3878 1648 3944 ζωδιακοῦ
1695 3879 1890 3935 κύκλου

337 3973 418 4032 εἰς
451 3971 512 4022 τὸ
555 3970 688 4041 πρὸς
725 3971 955 4042 ἄρκτους
1005 3971 1168 4041 μέρος
1211 3969 1350 4041 ἔχει,
1398 3972 1466 4026 τὰ
1508 3971 1564 4024 δὲ
1603 3971 1742 4026 κατὰ
1771 3974 1893 4038 τοὺς

339 4061 506 4123 πόδας
538 4059 826 4131 νοτιὼτερα
847 4061 940 4114 τοῦ
981 4060 1240 4124 ζωδιακοῦ
1271 4061 1468 4115 κύκλου
1490 4079 1502 4092 ·
1529 4065 1586 4116 ἐν
1607 4062 1662 4116 δὲ
1687 4062 1764 4133 τῷ
1787 4063 1892 4140 ζωτ

335 4153 508 4223 διακῷ
540 4153 607 4210 τὰ
643 4154 780 4223 μέσα
818 4154 979 4206 αὐτοῦ
1024 4157 1216 4209 κεῖται.
1260 4155 1411 4210 Ἐπεὶ
1438 4151 1529 4208 οὖν
1564 4155 1632 4209 τὰ
1658 4155 1891 4209 δωδεκα-

335 4247 572 4318 τημόρια
613 4246 705 4303 τοῦ
745 4247 1005 4313 ζωδιακοῦ
1050 4247 1246 4303 κύκλου
1287 4247 1591 4302 ὑποτίθεται
1629 4228 1891 4319 ἀναῖρερό-

340 4352 476 4406 μενα
496 4376 510 4400 ,
539 4335 626 4390 διὰ
674 4335 830 4390 τοῦτο
876 4337 904 4389 ὁ
948 4338 1179 4408 Ἄρατος
1211 4337 1353 4407 λέγει
1381 4356 1394 4368 ·
1432 4339 1540 4392 Τοῦ
1574 4338 1891 4408 ’Υὸροχόου

2008 714 2252 785 partibus
2287 717 2597 772 ascendere.
2647 718 2848 775 Aratus
2909 738 3040 777 vero
3083 739 3206 778 cum
3265 724 3556 797 Sagittario

2007 806 2270 860 duntaxat
2312 809 2565 863 occidere
2607 809 2782 879 ipsum
2818 815 3036 870 asserit.
3068 813 3172 885 Res
3201 832 3364 886 porro
3391 819 3463 873 ita
3492 838 3568 875 se.

2005 897 2197 952 habet:
2229 914 2350 968 qua:
2381 900 2437 954 in
2467 910 2705 957 extrema
2732 911 2858 957 sunt
2890 905 2974 958 ala
2999 905 3185 960 dextra
3206 906 3394 978 Cygni,
3424 925 3562 965 cum~

2003 987 2261 1042 extremis
2292 988 2579 1045 Cbelarum
2614 991 2857 1061 partibus
2882 991 3165 1052 oriuntur:
3205 1011 3323 1065 qua:
3363 998 3419 1050 in
3455 1015 3552 1052 ex-

2005 1080 2274 1134 tremitate
2324 1081 2422 1135 alae
2475 1082 2704 1136 smistrze
2754 1093 2865 1147 est,
2923 1093 2975 1139 et
3029 1095 3294 1154 postrema
3351 1089 3544 1152 oritur,

2003 1185 2124 1223 cum
2170 1171 2426 1227 vicesima
2474 1173 2712 1228 secunda
2766 1171 3044 1245 Sagittarii
3087 1182 3239 1246 parte
3282 1192 3554 1233 conscen-

2001 1261 2100 1318 dit.

2069 1443 2206 1501 XIV.
2223 1446 2332 1502 Sub
2353 1447 2563 1502 initium
2580 1456 2801 1504 exortus
2818 1449 3060 1519 Aquarii,
3077 1461 3317 1506 exortum
3335 1453 3410 1506 ait
3425 1467 3550 1509 esse

1998 1550 2120 1591 cuin
2173 1537 2503 1607 Capricorno
2558 1539 2693 1610 Equi
2749 1551 2912 1611 caput
2967 1558 3030 1596 ac.
3061 1543 3257 1612 pedes;
3298 1543 3546 1600 occidere

1997 1643 2126 1683 vero
2180 1633 2478 1701 posteriora
2511 1633 2786 1699 Centauri,
2839 1652 2902 1690 ac
2955 1637 3021 1692 de
3068 1637 3249 1708 llydro
3282 1639 3546 1708 quidquid

1996 1735 2029 1773 a
2057 1721 2230 1788 capite
2277 1729 2360 1776 est
2391 1721 2457 1776 ad
2486 1724 2713 1794 primam
2742 1727 2965 1795 spiram.
3013 1727 3082 1780 At
3122 1727 3380 1785 Eudoxus
3406 1731 3542 1785 Cas-

1998 1811 2232 1881 siepeam
2285 1813 2506 1884 insuper
2545 1816 2698 1883 oriri,
2745 1832 2809 1871 ac
2853 1816 3170 1887 Delphinum
3209 1822 3424 1876 asserit.
3485 1823 3552 1876 ln-

1993 1901 2079 1957 his
2127 1918 2253 1957 vero
2305 1919 2425 1974 qua:
2465 1906 2534 1960 ab
2563 1906 2823 1964 ambobus
2863 1909 3224 1964 communiter
3267 1911 3551 1976 dicuntur...

1992 1992 2377 2060 propemodum
2428 1996 2798 2064 apparentium
2859 1997 2981 2052 ﬁdei
3031 1999 3390 2070 respondent;
3434 2002 3549 2057 nisi

1991 2082 2136 2152 quod
2187 2081 2354 2154 Hydri
2402 2095 2563 2156 caput
2609 2090 2910 2164 orientibus
2958 2092 3216 2148 extremis
3269 2093 3550 2164 Sagittarii

1992 2175 2260 2245 partibus,
2281 2192 2389 2234 non
2410 2177 2764 2250 Capricorno,
2791 2182 3118 2238 descendere
3142 2184 3330 2255 incipit
3358 2201 3422 2240 ex
3455 2186 3551 2241 ad-

1991 2281 2168 2322 verso.
2200 2267 2535 2339 Equi-autem
2566 2287 2673 2328 non
2699 2273 2872 2328 solum
2898 2281 3060 2344 eaput
3086 2289 3148 2329 ac
3172 2275 3335 2346 pedes
3371 2277 3542 2333 exorti

1992 2368 2158 2428 sunt;
2194 2362 2286 2416 sed
2319 2361 2528 2419 humeri
2557 2364 2716 2419 etiam
2752 2380 2813 2420 ac
2844 2375 3052 2436 pectus.

2060 2455 2136 2507 Ac
2178 2454 2454 2510 nonnullis
2485 2456 2918 2512 consideratione
2967 2457 3129 2528 digna
3168 2473 3258 2514 res
3313 2457 3543 2527 videtur,

1990 2559 2089 2600 cur
2139 2558 2262 2598 cum
2317 2543 2517 2600 Aratus
2568 2553 2882 2614 caeterorum
2936 2548 3090 2602 initia
3145 2549 3421 2620 signorum
3487 2553 3542 2606 in

1990 2637 2200 2692 oriente
2245 2636 2516 2702 statuerit,
2561 2647 2724 2707 atque
2759 2639 2832 2691 ita
2891 2641 3362 2695 constellationum
3396 2642 3535 2694 alia--

1991 2744 2112 2783 rum
2160 2736 2311 2783 ortus
2359 2735 2414 2782 et
2468 2742 2699 2783 occasus
2734 2729 3056 2798 explicarit,
3109 2731 3347 2787 medium
3395 2733 3539 2787 dun-

1994 2828 2140 2874 taxat
2187 2819 2484 2890 Aquarium
2543 2821 2871 2876 exorientem
2941 2821 3171 2887 fecerit,
3225 2823 3309 2878 bis
3371 2825 3544 2879 versi-

1989 2914 2096 2972 bus
2129 2933 2140 2968 :

2062 3005 2242 3074 Equus
2270 3023 2388 3060 vero
2416 3006 2644 3074 Aquario
2677 3006 2846 3059 medio
2889 3008 3081 3062 oriente

1917 3108 1958 3166 ε
2061 3074 2289 3130 Pedibus
2315 3085 2364 3130 et
2390 3078 2557 3144 capite
2579 3077 2874 3132 revolvitur.

1991 3187 2117 3245 Hice
2147 3204 2269 3242 cum
2313 3191 2596 3259 quaesisset
2639 3191 2870 3251 Attalus.
2899 3207 3138 3247 errorem
3181 3207 3302 3249 esse
3325 3207 3544 3266 respon.

1991 3282 2098 3345 dit,
2142 3282 2320 3351 itaque
2349 3282 2694 3338 scribendum
2726 3283 2894 3338 videri
2924 3302 2937 3337 :

2063 3392 2241 3464 Equus
2278 3411 2393 3451 vero
2426 3395 2658 3466 Aquario
2695 3413 2866 3453 recens
2895 3398 3108 3456 oriente.

2063 3523 2166 3581 Sed
2223 3541 2397 3601 neque
2441 3528 2683 3592 Attalus,
2738 3545 2909 3600 neque
2956 3533 3132 3587 caeteri
3180 3542 3351 3604 poetae
3389 3550 3513 3592 men

1994 3623 2100 3669 tem
2161 3616 2657 3672 animadverterunt
2705 3637 2718 3672 :
2769 3621 2877 3674 imo
2927 3637 2994 3676 ne
3051 3625 3221 3692 ipsam
3281 3626 3540 3695 quidem,

1998 3713 2058 3760 ut
2089 3707 2302 3777 opinor,
2346 3710 2736 3778 apparentiam.
2790 3709 3002 3766 Etenim
3028 3712 3301 3784 Aquarius
3338 3733 3402 3772 eo
3431 3717 3540 3772 situ

1993 3799 2314 3866 collocatus,
2349 3807 2408 3854 ut
2454 3816 2484 3854 a
2512 3803 2746 3870 meridie
2782 3804 2849 3859 ad
2890 3807 3285 3876 septentriones
3313 3817 3494 3880 vergat
3525 3827 3541 3875 ;

1993 3889 2061 3946 iis
2117 3891 2361 3962 partibus
2407 3908 2526 3962 quae
2569 3903 2693 3950 sunt
2721 3897 2786 3950 ad
2837 3907 3025 3970 pectus
3066 3909 3352 3969 caputque,
3403 3901 3544 3954 mul-

1992 3991 2105 4039 tum
2130 4000 2158 4038 a
2187 3985 2409 4040 zodiaco
2432 3986 2668 4042 declinat
2689 3988 2755 4043 ad
2779 3990 3110 4059 aquilonem;
3131 4007 3249 4060 quae
3269 3992 3332 4046 ad
3358 3991 3540 4062 pedes,

1993 4077 2481 4132 australioressunt
2502 4079 2723 4134 zodiaco
2745 4081 2972 4148 circulo;
2993 4081 3169 4140 media
3186 4082 3356 4154 ipsius
3384 4084 3440 4139 in
3459 4099 3547 4139 zo-

1992 4168 2150 4223 diaco
2175 4169 2541 4226 collocantur.
2574 4171 2935 4238 Quamobrem
2964 4190 3085 4229 cum
3117 4175 3313 4230 Aratus
3337 4175 3543 4231 zodiaci

1991 4260 2425 4316 dodecatemoria
2455 4263 2509 4317 in
2547 4263 2667 4334 ipso
2704 4268 3095 4337 contempletur
3124 4283 3368 4331 ascensu,
3402 4267 3540 4332 ideo,

1992 4367 2113 4407 cum
2167 4353 2438 4422 Aquarius
2496 4356 2674 4410 medio
2724 4371 2951 4427 corpore
2991 4359 3183 4426 oritur,
3217 4356 3416 4428 Equus,
3445 4357 3542 4420 ait,

334 4428 486 4482 κατὰ
507 4428 700 4498 μέσον
733 4428 838 4482 τοῦ
868 4427 1136 4501 σώματος
1162 4430 1616 4496 ἀνατέλλοντος,
1635 4433 1667 4485 d
1691 4431 1894 4497 Ἵππος

1998 4444 2314 4515 pedibusque
2355 4455 2405 4499 et
2455 4447 2625 4516 capite
2662 4449 2981 4504 revolvitur:
3033 4465 3140 4504 non
3188 4427 3366 4503 autem
3417 4463 3542 4502 cum

337 4520 486 4574 ,ποσί
516 4536 578 4572 τε
603 4519 698 4576 καὶ
741 4519 974 4588 κεφαλῇ
1003 4520 1420 4575 ἀνελίσσεται·
1452 4522 1543 4574 καὶ¹
1567 4521 1685 4590 ούχὶ
1707 4521 1766 4574 τὸ
1801 4521 1896 4592 μέ-

339 4629 431 4666 σον
459 4612 552 4665 τοῦ
580 4614 637 4664 ἐν
671 4612 749 4682 τῷ
790 4612 1235 4684 δωδεκατημορίῳ
1269 4614 1492 4683 μήκους,
1522 4614 1596 4678 ὡς
1630 4614 1684 4667 οῖ
1704 4632 1764 4667 τε
1797 4632 1899 4667 πα-

336 4703 477 4757 λαιοὶ
508 4704 600 4764 καὶ
631 4706 659 4757 ὁ
694 4704 953 4768 Ἀτταλος
977 4704 1271 4775 ἐκδέχεται.
1308 4705 1621 4773 Ἀναγκαῖον
1645 4702 1736 4759 οὖν
1761 4704 1896 4758 εῖναι

335 4795 483 4848 δοκεί
513 4813 600 4865 μοι
636 4795 710 4867 μὴ
757 4796 1095 4866 μετατιθέναι
1126 4796 1216 4849 τὶν
1247 4796 1443 4866 στίχον,
1479 4795 1552 4859 ὡς
1577 4798 1606 4849 ὁ
1641 4796 1897 4859 Ἄτταλος

337 4887 710 4954 ὐποδεικνύει,
742 4891 800 4942 ὲν
825 4889 958 4942 πᾶσί
988 4906 1050 4957 γε
1091 4887 1155 4959 δὴ
1195 4891 1306 4952 τοῖς
1343 4888 1691 4959 ἀντιγράφοις
1726 4888 1896 4952 οὕτως

336 4980 502 5044 αὑτοῦ
531 4981 896 5051 γραφομένου.

418 5072 477 5124 '0
513 5071 570 5124 δὲ
616 5071 840 5137 Εὖδοξος
890 5073 1074 5140 ἀγνοεῖ
1124 5073 1248 5143 περί
1287 5090 1343 5125 τε
1387 5073 1486 5143 τῆς
1532 5075 1894 5138 Κασσιεπείας

335 5161 431 5213 καὶ
463 5161 555 5214 τοῦ
591 5161 861 5230 Δελφῑνος.
893 5163 966 5214 Οὐ
1007 5162 1116 5233 γὰρ
1151 5162 1227 5233 τῷ
1269 5165 1544 5236 Αἱγόκερῳ
1586 5166 1896 5220 συνανατέλ-

337 5249 418 5301 λει
438 5266 451 5279 ·
479 5249 656 5322 eam,
694 5251 790 5322 μὲν
821 5252 1155 5315 Κασσιέπεια
1192 5257 1302 5317 τοῖς
1333 5254 1468 5318 δυσὶ,
1492 5255 1569 5326 τῷ
1600 5273 1659 5309 τε
1694 5257 1890 5330 Τοξότῃ

340 5341 432 5393 καὶ
465 5341 542 5411 τῷ
578 5343 874 5414 Δίγὸκερῳ.
915 5344 1173 5414 Ἀρχεται
1220 5347 1314 5416 μὲν
1348 5345 1454 5417 γὰρ
1495 5349 1893 5403 συνανατέλλειν

336 5433 403 5502 τῇ
442 5439 488 5487 α’
514 5434 606 5487 καὶ
649 5441 696 5495 κ’
725 5435 832 5505 μοί.
858 5435 951 5488 τοῦ
985 5436 1210 5510 Τοξότου
1240 5455 1252 5466 ·
1296 5437 1515 5508 ἔσχατον
1558 5440 1614 5493 δὲ
1661 5459 1890 5496 συνανα-

335 5523 509 5576 τέλλει
540 5528 606 5596 τῇ
649 5525 712 5596 ιβ’
751 5526 859 5597 μοί.
896 5527 988 5581 τοῦ
1023 5529 1320 5602 Αἰγόκερωε
1366 5531 1422 5584 ὐ
1453 5531 1508 5584 δὲ
1537 5533 1727 5606 Δελιίίις
1774 5533 1890 5598 ὅλος

335 5615 414 5683 τῷ
447 5615 644 5689 Τοξότῃ
676 5618 1041 5673 συνανατέλλει
1074 5622 1179 5674 ἀπὸ
1217 5622 1315 5693 τῆς
1363 5630 1408 5677 κ’
1452 5625 1612 5678 αύτοῧ
1645 5626 1752 5696 μοί.
1790 5627 1890 5690 ἕως

333 5705 437 5775 τῆς
465 5706 559 5762 κδ’.

1998 4537 2351 4608 longitudinis
2402 4537 2456 4590 in
2495 4539 2717 4594 zodiaco
2755 4541 2989 4596 medium
3043 4542 3234 4603 oritur,
3285 4539 3543 4609 quemad-

1997 4629 2215 4682 modum
2253 4635 2363 4681 tam
2395 4628 2630 4696 Attalus,
2677 4647 2836 4700 quam
2885 4639 3093 4686 veteres
3141 4631 3538 4686 intellexerunt.

1996 4717 2154 4772 Nullo
2199 4718 2381 4788 itaque
2435 4721 2596 4775 modo
2660 4720 3100 4776 commutandum
3149 4736 3270 4776 esse
3325 4736 3540 4776 versum

1997 4811 2147 4864 illum
2181 4812 2418 4866 arbitror
2441 4851 2457 4875 ,
2505 4820 2561 4866 nt
2592 4811 2778 4866 Attalo
2815 4813 3026 4882 placet;
3075 4828 3198 4867 cum
3243 4828 3352 4867 non
3387 4814 3542 4869 aliter

1995 4901 2050 4955 in
2081 4902 2486 4971 exemplaribus
2530 4902 2782 4958 omnibus
2809 4903 3034 4972 legatur.

2040 5075 2182 5130 'Jam
2217 5076 2271 5130 in
2301 5075 2589 5148 Cassiepea
2633 5086 2688 5133 et
2735 5075 2996 5147 Delphina
3025 5075 3194 5131 falsus
3235 5082 3318 5130 est
3364 5074 3542 5130 Eudo-

1997 5187 2118 5226 xus.
2153 5168 2270 5224 Non
2319 5170 2462 5225 enim
2495 5186 2616 5225 cum
2651 5170 2979 5242 Capricorno
3005 5169 3376 5226 conscendunt
3407 5187 3418 5221 :
3447 5168 3540 5224 sed

1992 5261 2282 5332 Cassiepea
2312 5277 2435 5316 eum
2471 5263 2704 5325 duobus,
2742 5262 3030 5333 Sagittario
3069 5261 3316 5315 videlicet
3359 5267 3411 5313 et
3439 5260 3542 5312 Ca-

1994 5354 2271 5424 pricorno.
2298 5353 2509 5408 Etenim
2551 5355 2683 5408 oriri
2710 5354 2898 5423 incipit
2927 5368 3048 5406 cum
3077 5351 3335 5406 vicesima
3365 5351 3540 5420 prima

1993 5453 2143 5516 parte
2183 5444 2490 5515 Sagittarii;
2543 5455 2813 5514 postremo
2863 5459 2992 5500 vero
3043 5458 3164 5498 cum
3220 5442 3540 5512 Capricorni

1991 5536 2310 5590 duodecima
2334 5536 2532 5592 oritur.
2561 5536 2630 5589 At
2654 5535 2949 5606 Delphinus
2983 5551 3105 5590 cum
3139 5532 3429 5605 Sagittario
3463 5541 3541 5588 to-

1991 5638 2079 5682 tus
2125 5630 2367 5682 exoritur
2397 5646 2427 5682 a
2463 5637 2615 5700 parte
2661 5629 2832 5698 ipsius
2862 5627 3138 5690 vicesima,
3184 5624 3250 5681 ad
3291 5635 3537 5697 quartam

1991 5728 2043 5775 et
2068 5720 2402 5779 vicesimam.
