4040 6206
484 5613 500 5675 ἱ

489 260 626 318 ~1087

1464 255 1553 313 AD
1589 253 1855 314 EUSEBII
1892 245 2280 308 CHRONICON
2319 252 2678 311 APPENDIX.

3549 255 3694 310 I088

565 368 912 430 XV.0riente
941 369 1177 426 Piscium
1211 371 1366 426 initio
1393 370 1592 426 Aratus
1621 370 1837 441 quidem
1854 366 2036 420 aitoc—

2211 365 2310 419 lE'.
2345 365 2456 436 Τῆς
2497 365 2554 418 δὲ
2595 365 2769 436 ἀρχῆς
2806 364 2914 418 τῶν
2949 363 3165 435 Ἰχθύων
3195 364 3590 438 ἀνατελλούσης
3608 369 3632 432 ,’
3666 370 3698 422 6

493 466 695 520 cidisse
711 463 826 532 jam
850 463 1055 533 reliqua
1084 461 1248 533 Hydri
1279 471 1439 531 atque
1465 462 1791 516 Centaurum
1817 477 1832 526 ;
1858 469 2039 514 ortum

493 570 618 610 esse
646 568 775 608 vero
803 551 1015 608 Piscem
1047 554 1336 608 australem
1369 569 1474 607 non
1505 553 1745 621 penitus,
1784 551 1879 607 sed
1927 551 2043 606 exi-

496 661 598 716 gna
637 645 819 700 relicta
847 653 1036 714 parte;
1069 645 1192 699 item
1221 643 1574 698 Andromedae
1606 644 1823 700 dextras
1849 645 1903 698 in
1936 643 2045 697 lon-

497 738 793 809 gitudinem
825 746 1028 807 partes.
1060 736 1313 792 Eudoxus
1341 737 1394 791 in
1425 737 1605 807 priore
1630 737 2042 802 commentario,

499 846 658 900 quem
711 837 931 886 secutus
979 839 1062 884 est
1108 831 1325 893 Aratus,
1378 831 1539 886 etiam
1582 830 1760 884 Persei
1799 831 2044 884 dextram

500 937 720 975 manum
753 921 884 974 oriri
930 929 1096 988 putat.
1135 921 1191 973 In
1231 918 1638 988 Enoptroyero,
1672 929 1840 976 totum
1891 923 2049 993 126

497 1014 576 1068 ait
603 1021 853 1068 exortum
885 1028 1039 1075 esse.
1085 1021 1278 1083 praeter
1314 1015 1559 1084 exiguam
1605 1021 1844 1084 partem;
1879 1015 2047 1086 Hydri

500 1112 680 1159 autem
730 1103 990 1174 quidquid
1043 1105 1110 1159 ad
1155 1104 1390 1160 Corvum
1443 1120 1612 1174 usque
1639 1113 1743 1171 est,
1775 1107 2044 1164 occidere.

502 1195 602 1251 llic
653 1196 905 1252 Eudoxus
941 1207 1166 1252 eatenus
1202 1197 1272 1251 ab
1314 1198 1696 1267 apparentibus
1736 1199 2049 1270 discrepare

504 1291 875 1349 tantummodo
929 1289 1058 1344 mihi
1104 1290 1346 1355 videtur,
1396 1290 1537 1359 quod
1579 1292 1748 1344 solam
1807 1293 2046 1347 dextram

505 1401 726 1440 manum
761 1383 940 1440 Persei
972 1398 1096 1437 cum
1131 1382 1368 1452 Aquario
1399 1382 1542 1436 dicat
1569 1382 1878 1438 ascendere.
1915 1383 2048 1438 Nam

503 1475 731 1530 dimidia
761 1474 870 1530 fere
901 1488 1027 1544 pars
1051 1474 1222 1543 ipsius
1254 1473 1430 1526 oritur
1459 1487 1580 1526 cum
1619 1473 1872 1542 Aquario.
1911 1473 2053 1529 Sane

509 1565 867 1626 lucidissima,
895 1579 1014 1634 quae
1033 1573 1115 1619 est
1152 1563 1207 1617 in
1239 1564 1383 1618 illius
1415 1579 1659 1633 corpore,
1684 1579 1804 1619 cum
1829 1564 2052 1635 Aquarii

509 1662 659 1726 parte
706 1656 931 1725 septima
974 1671 1038 1710 ac
1073 1656 1330 1710 vicesima
1381 1657 1680 1726 consurgit.
1734 1656 1804 1709 At
1852 1658 2053 1710 Aratus

511 1747 736 1810 fallitur,
792 1747 1030 1818 Hydrum
1063 1749 1384 1803 existimans
1430 1755 1600 1802 totum
1664 1749 1900 1818 Aquario
1942 1749 2053 1803 ori-

509 1846 632 1893 ente
660 1836 1010 1893 descendere.
1032 1837 1244 1893 Etenim
1273 1853 1394 1908 qua:
1425 1839 1478 1892 in
1508 1840 1850 1893 extremitate
1872 1840 2057 1893 cauda:

511 1942 677 1997 supra
709 1927 1036 1983 Centaurum
1076 1929 1179 1983 sita
1228 1936 1312 1984 est
1365 1929 1539 1992 stella,
1598 1929 1795 1984 occidit
1850 1929 2057 1985 oriente

512 2019 798 2075 undecima
849 2030 1001 2090 parte
1059 2020 1317 2076 Piscium.
1391 2021 1577 2076 Melius
1609 2021 1774 2091 igitur
1801 2021 2056 2078 Eudoxus

511 2113 710 2166 asserit
766 2110 930 2181 llydri
985 2113 1210 2167 caudam
1260 2112 1436 2166 adhuc
1494 2127 1616 2167 esse
1658 2112 1949 2168 residuam.
1999 2111 2057 2168 In

512 2201 787 2254 Centauro
811 2201 951 2255 idem
985 2215 1139 2255 error
1171 2200 1472 2270 utriusque.
1495 2200 1607 2255 Non
1629 2201 1772 2256 enim
1799 2210 1943 2258 totus
1975 2219 2061 2258 oc-

513 2304 700 2344 casum
752 2289 878 2345 fecit
920 2291 1263 2345 commodum
1308 2291 1604 2346 orientibus
1640 2291 1922 2357 Piscibus;
1965 2291 2058 2348 sed

513 2376 785 2430 anteriora
816 2377 961 2434 illius
991 2377 1168 2432 adhuc
1217 2395 1380 2448 supra
1428 2380 1759 2435 horizontem
1799 2382 2056 2437 eminent.

515 2463 725 2535 Quippe
778 2475 963 2536 caput,
999 2482 1064 2521 ac
1106 2467 1293 2522 dexter
1334 2468 1504 2536 ipsius
1554 2468 1810 2522 humerus
1839 2469 2061 2523 orienti-

517 2556 619 2612 bus
648 2555 893 2614 Piscibus
921 2559 1281 2614 occultantur.
1312 2559 1369 2612 ln
1410 2560 1633 2615 australi
1660 2575 1876 2632 quoque
1907 2559 2062 2617 Pisce

516 2649 676 2703 ambo
731 2650 932 2720 pariter
983 2659 1172 2705 contra
1221 2651 1377 2707 tidem
1410 2654 1782 2723 apparentium
1814 2664 2059 2724 peccant,

517 2739 645 2794 dum
674 2756 796 2794 eum
836 2741 1171 2796 arbitrantur
1197 2743 1465 2814 integrum
1501 2743 1614 2800 fere
1659 2760 1783 2798 cum
1823 2745 2062 2815 Aquario

519 2832 903 2888 conscendere.
949 2833 1082 2888 Nam
1112 2851 1143 2891 e
1183 2837 1460 2890 contrario
1493 2837 1726 2891 maxima
1772 2853 1898 2907 pars
1945 2839 2064 2908 ejus

519 2938 642 2978 cum
670 2923 916 2981 Piscibus
947 2927 1137 2981 oritur.
1165 2926 1377 2982 Etenim
1412 2929 1705 2984 australior
1732 2943 1918 2984 earum
1943 2946 2063 3000 quze

520 3024 646 3070 sunt
674 3015 727 3069 in
758 3016 950 3082 cauda,
986 3032 1109 3071 cum
1142 3025 1296 3088 parte
1325 3019 1484 3073 tertia
1507 3019 1744 3075 Piscium
1779 3021 2060 3088 exoritur;

520 3106 699 3161 lucida
729 3123 858 3163 vero
889 3125 1008 3179 qua:
1032 3118 1115 3165 est
1149 3109 1206 3164 in
1242 3118 1441 3179 rostro,
1465 3126 1588 3166 cum
1631 3111 1862 3168 Piscimn
1895 3114 2064 3170 altera

521 3203 576 3251 et
606 3198 882 3252 vicesima.

592 3397 650 3450 In
681 3396 1023 3452 Andromeda
1069 3413 1291 3467 prorsus
1335 3398 1494 3454 ambo
1545 3399 1754 3470 decepti
1797 3411 1954 3467 sunt;
2020 3401 2068 3456 si

525 3486 738 3554 quidem
773 3504 880 3542 non
907 3489 1080 3542 oritur
1103 3503 1226 3543 cum
1257 3489 1495 3560 Aquario
1519 3499 1573 3546 et
1603 3490 1872 3556 Piscibus,
1905 3500 1963 3546 ut
1990 3493 2068 3546 illi

529 3577 732 3640 volunt,
765 3579 859 3633 sed
893 3596 1014 3633 cum
1037 3579 1368 3651 Capricorno
1398 3590 1451 3637 et
1478 3582 1735 3654 Aquario.
1767 3582 1900 3637 Nam
1925 3585 2072 3653 prior

529 3669 750 3724 sinistra
781 3686 972 3726 manus
1005 3672 1150 3728 illius
1189 3673 1364 3728 oritur
1394 3690 1515 3729 cum
1542 3675 1716 3730 medio
1742 3675 1853 3731 fere
1887 3677 2073 3747 Capri-

528 3777 735 3828 corno;
801 3772 1227 3835 postrenuLvero
1273 3766 1463 3824 dextra
1508 3769 1885 3842 cumAquarii
1919 3779 2074 3842 parte

529 3855 780 3911 vicesima
813 3868 1003 3928 quarta
1036 3861 1226 3916 oritur.

601 4055 738 4112 XVI.
789 4058 862 4114 De
912 4060 1106 4115 Arietis
1160 4069 1280 4116 ortu
1325 4061 1462 4118 falso
1499 4065 1572 4118 ita
1613 4065 1804 4120 scribit
1837 4065 2071 4122 Aratus:

533 4145 877 4203 Andromede
892 4149 1077 4203 dextra
1111 4151 1286 4206 Pisces

538 4375 649 4445 Ipsi
681 4378 974 4430 attrahunt.
1007 4375 1234 4431 Sinistra
1260 4394 1374 4432 vero
1405 4378 1468 4431 ab
1495 4380 1598 4433 imo
1629 4377 1788 4432 trahit

535 4447 684 4500 Aries
713 4451 969 4509 exoriens,
998 4463 1098 4515 quo
1123 4449 1283 4501 etiam
1315 4449 1510 4502 oriente

535 4515 613 4570 Ab
661 4535 848 4572 occasu
899 4520 1221 4586 prospexeris
1267 4520 1466 4583 Aram,
1513 4528 1753 4573 caeterum
1808 4519 1861 4572 in
1911 4517 2078 4571 altera

539 4658 718 4714 Persei
747 4659 961 4712 orientis
1000 4667 1201 4712 tantum
1237 4667 1396 4724 caput
1429 4667 1478 4712 et
1506 4657 1766 4712 humeros.
1931 4597 2079 4657 pane

541 4729 720 4797 Ipsum
751 4741 922 4782 autem
943 4729 1203 4798 cingulum
1229 4732 1388 4782 etiam
1417 4728 1715 4796 ambiguum
1748 4727 1908 4796 fuerit

537 4802 620 4854 An
644 4800 815 4854 Ariete
845 4797 1108 4854 desinente
1140 4810 1407 4868 appareat,
1443 4818 1509 4854 an
1549 4799 1642 4853 sub
1676 4797 1869 4853 Tauro.

608 4934 763 4988 Hunc
796 4935 849 4988 in
898 4934 1114 4989 modum
1166 4943 1470 5005 postremus
1525 4951 1716 4991 versus
1759 4935 2077 5005 concipitur.

539 5024 806 5080 Credibile
832 5031 912 5077 est
945 5039 1105 5094 porro
1129 5040 1222 5094 per
1264 5041 1500 5082 errorem
1534 5027 1765 5096 positum
1788 5041 1908 5080 esse
1933 5012 2064 5079 voca

543 5115 757 5180 bulum,
780 5115 1060 5170 desinente.
1089 5114 1221 5171 Nam
1251 5119 1318 5173 ab
1347 5118 1466 5188 ipso
1504 5119 1686 5186 operis
1717 5118 1869 5172 initio
1895 5118 2080 5188 signo-

545 5220 666 5260 rum
701 5204 939 5259 omnium
968 5206 1231 5278 principia
1270 5208 1322 5262 in
1346 5210 1553 5264 oriente
1581 5209 1830 5272 collocat,
1857 5225 1964 5262 non
1987 5223 2084 5261 au-

544 5308 651 5350 tem
686 5293 883 5359 media,
910 5297 993 5351 vel
1022 5297 1344 5354 desinentia.
1367 5299 1424 5354 ln
1454 5300 1664 5355 caeteris
1705 5301 1848 5354 enim
1893 5299 2084 5353 asteri-

547 5390 678 5443 smis
717 5397 895 5458 partes
926 5389 1042 5444 alia:
1071 5391 1238 5461 signis
1268 5391 1506 5448 dimidiis
1531 5393 1757 5456 exortis,
1803 5393 1920 5446 alia:
1952 5391 2087 5444 inci-

546 5479 835 5548 pientibus,
902 5489 994 5536 aut
1047 5482 1440 5548 desinentibus,
1475 5494 1646 5547 ortus,
1681 5498 1978 5540 occasusve
2008 5481 2087 5535 fa-

616 5640 742 5707 "‘1'.
772 5641 1088 5695 ἀντιδέὅυκε.
1133 5645 1175 5675 ⁸ο
1206 5642 1353 5712 Apud
1384 5643 1600 5695 Aratum
1629 5641 1693 5695 τά
1721 5641 1866 5706 δεξιὰ
1889 5641 2085 5711 χειρός.

2142 454 2240 525 μὲν
2259 456 2483 528 ’Ἄρατός
2507 473 2667 527 φησιν
2692 455 2963 509 δεδυκέναι
2994 455 3062 509 τά
3101 474 3159 509 τε
3181 455 3341 512 λοιπά
3369 458 3461 512 τοῦ
3492 459 3698 529 Ὑδρου

2140 547 2234 599 καὶ
2281 547 2372 600 τὸν
2425 548 2729 620 Κένταυρον
2749 564 2762 578 ο
2808 548 3219 603 ἀνατεταλκέναι
3267 550 3323 603 δὲ
3373 552 3464 605 τὸν
3519 553 3700 606 νότιον

2154 637 2324 708 ’ἰχθὺν
2355 638 2450 708 οὐχ
2497 638 2636 702 ὅλον,
2681 639 2814 693 ἀλλά
2851 640 2999 711 παρὰ
3046 639 3268 710 μικρόν·
3306 641 3397 712 και
3437 641 3540 710 τῆς
3579 643 3702 694 Ἀν-

2141 729 2402 801 δρομέδας
2434 731 2501 784 τὰ
2538 729 2684 794 δεξιά
2731 731 2869 802 μέρη
2903 731 3041 784 κατά
3089 731 3260 802 μῆκος
3283 749 3298 764 ο
3328 735 3356 786 6
3378 733 3434 786 δὲ
3469 733 3700 798 Εὔδοξος

2144 822 2200 872 ὲν
2229 821 2326 891 μὲν
2352 820 2430 890 τῷ
2457 828 2504 875 α’
2545 823 2894 893 συντάγματι,
2930 815 2973 890 ᾧ
3003 822 3064 894 δὴ
3097 824 3190 876 καὶ
3235 824 3264 875 6
3295 826 3524 896 Ἀρατος
3561 842 3699 878 κατι

2143 913 2443 979 ακολουθεῖ,
2470 913 2682 967 καὶτοῦ
2722 915 2970 986 Περσέως
3007 916 3104 986 τὴν
3141 915 3315 988 δεξιὰν
3351 919 3508 988 χεῖρά
3533 935 3701 988 φησιν

2144 1002 2463 1056 ἀνατέλλειν.
2507 1005 2594 1057 Ἐν
2623 1004 2681 1057 δὲ
2709 985 3107 1074 τῷίῈνόπτρῳ
3149 985 3266 1058 ὅλον
3298 1006 3456 1059 αὐτὸν
3505 1007 3702 1060 ἀνατε-

2146 1094 2393 1148 ταλκέναι
2426 1095 2573 1166 παρὰ
2616 1095 2810 1168 μικροῦ
2853 1113 3026 1160 τινος·
3059 1096 3151 1150 τοῦ
3194 1097 3249 1149 δὲ
3285 1097 3480 1168 Ὕδρου
3509 1099 3568 1151 τὸ
3599 1101 3698 1170 μέ-

2145 1202 2234 1258 χρι
2265 1186 2399 1257 πρὸς
2421 1186 2510 1239 τὸν
2543 1187 2764 1258 Κόρακα
2800 1186 2991 1241 δύνειν.
3026 1190 3180 1241 Δοκεῖ
3207 1189 3262 1241 δέ
3295 1206 3384 1258 μοι
3415 1190 3442 1242 6
3471 1188 3699 1255 Εὔδοξος

2149 1278 2274 1349 περὶ
2310 1277 2400 1330 τοῦ
2435 1279 2681 1348 Περσέως
2714 1278 2853 1332 κατὰ
2879 1278 3031 1332 τοῦτο
3061 1280 3220 1350 μόνον
3245 1280 3531 1350 διαφωνεῖν
3564 1283 3700 1352 πρὸς

2147 1368 2208 1422 τὸ
2234 1369 2567 1440 φαινόμενον,
2604 1369 2722 1422 καθ’
2748 1370 2868 1423 ὅσον
2899 1371 3059 1442 φησὶν
3092 1371 3258 1442 αὐτὴν
3295 1373 3452 1442 μόνον
3489 1372 3588 1443 τὴν
3619 1375 3702 1426 δε-

2153 1459 2268 1526 ξιὰν
2289 1464 2441 1531 χεῖρα
2465 1462 2861 1516 συνανατέλλειν
2885 1461 2960 1532 τῷ
2998 1462 3279 1534 ’Υδροχόῳ.
3309 1463 3380 1516 Τὸ
3402 1463 3510 1534 γὰρ
3531 1465 3702 1534 ἥμισυ

2155 1553 2335 1623 σχεδὸν
2374 1553 2534 1607 αὐτοῦ
2583 1554 2745 1624 μέρος
2785 1553 2860 1625 τῷ
2903 1554 3166 1625 ’Υδροχόῳ
3220 1553 3595 1608 συνανατέλλει
3618 1573 3632 1585 ·
3678 1556 3706 1608 6

2154 1645 2282 1712 γοῦν
2320 1647 2375 1697 ἐν
2409 1644 2554 1716 μέσῳ
2587 1644 2661 1716 τῷ
2704 1644 2910 1715 σώματι
2942 1645 3187 1716 λαμπρὸς
3232 1646 3426 1710 ἱκανῶς
3455 1645 3634 1717 ἀστὴρ
3664 1646 3704 1710 ζ’

2155 1732 2247 1786 καὶ
2308 1739 2354 1786 κ’
2412 1733 2519 1802 μοί.
2575 1732 2666 1786 τοῦ
2708 1733 2984 1805 ’Υδροχόου
3045 1734 3488 1804 συναναφέρεται.
3542 1735 3599 1788 Ὀ
3652 1736 3708 1787 δὲ

2155 1822 2384 1891 Ἀρατος
2411 1821 2592 1890 ἀγνοεί
2606 1814 2626 1885 ’,
2655 1820 2745 1873 τὸν
2779 1821 2972 1892 Ὕδρον
2997 1822 3113 1875 ὅλον
3148 1822 3225 1893 τῷ
3269 1823 3536 1895 ’Υδροχὸῳ
3578 1826 3710 1878 ὐπο-

2152 1911 2436 1982 λαμὸάνων
2487 1912 2916 1968 ἀντικαταδύνειν
2939 1931 2951 1942 ·
2982 1916 3010 1967 6
3053 1915 3159 1986 γὰρ
3193 1917 3252 1969 ὲν
3290 1917 3433 1988 ἄκρᾳ
3464 1921 3532 1988 τῇ
3573 1920 3709 1991 οὐρᾷ

2154 2003 2292 2075 ὑπὲρ
2334 2002 2430 2074 τὴν
2470 2004 2708 2075 κεφαλὴν
2755 2004 2848 2058 τοῦ
2901 2007 3207 2078 Κενταύρου
3253 2009 3500 2081 κείμενος
3532 2011 3707 2075 δύνει,

2155 2093 2543 2165 ἀνατελλούσης
2572 2095 2672 2165 τῆς
2700 2101 2765 2148 ια’
2799 2094 2906 2166 μοι.
2936 2095 3041 2149 τῶν
3085 2097 3319 2169 Ἰχθύων.
3363 2099 3582 2153 Βέλτιον
3616 2097 3710 2154 οὖν

2156 2185 2184 2236 6
2208 2182 2430 2250 Εὔδοξος
2460 2186 2832 2253 ἀποφαίνεται,
2867 2188 3036 2257 λέγων
3067 2188 3158 2242 τοῦ
3195 2189 3388 2262 ’Ὑδρου
3420 2191 3521 2262 τὴν
3546 2193 3713 2265 ούρέιν

2158 2272 2234 2326 ἔτι
2265 2273 2663 2330 ὑπολείπεσθαι.
2695 2277 2827 2348 Περὶ
2865 2277 2921 2330 δὲ
2949 2278 3038 2331 τοῦ
3069 2279 3374 2350 Κενταύρου
3411 2281 3706 2351 ἀμφότεροι

2158 2364 2456 2432 ἀγνοοῦσιν.
2496 2368 2569 2421 Οὐ
2602 2367 2709 2439 γὰρ
2749 2369 2864 2432 ὅλος
2892 2368 2956 2422 ἂν
2998 2369 3314 2435 δέδυκενην,
3344 2371 3452 2425 τῶν
3492 2373 3712 2442 ’ἰχθύων

2158 2459 2470 2530 ἀρχομένων
2524 2462 2881 2534 ἀναφέρεσθαι
2905 2480 2917 2493 ο
2958 2464 3071 2516 ἀλλ’
3099 2464 3176 2517 ἔτι
3215 2465 3376 2518 αὑτοῦ
3409 2467 3477 2520 τά
3507 2470 3709 2540 ὲμπρό-

2161 2551 2284 2605 σθια
2322 2553 2458 2624 ὑπὲρ
2488 2554 2576 2608 τὸν
2607 2556 2852 2627 ὁρίζοντά
2883 2559 3047 2615 ἐστιν.
3088 2560 3150 2612 Ἦ
3181 2560 3285 2633 γὰρ
3325 2562 3536 2634 κεφαλὴ
3566 2565 3658 2616 καὶ
3682 2566 3710 2616 6

2159 2640 2326 2708 δεξιὸς
2365 2638 2513 2715 ὦμος
2543 2647 2702 2699 αὐτοῦ
2733 2651 2842 2712 τοῖς
2869 2649 3093 2719 Ἰχθύσιν
3136 2652 3563 2706 ἀντικαταδύνει.
3593 2656 3708 2707 Ata-

2163 2736 2393 2803 φωνοῦσι
2437 2738 2492 2791 δὲ
2536 2739 2827 2811 ἀμφότεροι
2859 2741 2991 2812 πρὸς
3023 2741 3083 2795 τὸ
3116 2743 3431 2814 φαινόμενον
3462 2747 3556 2798 καὶ
3588 2749 3708 2819 περὶ

2161 2826 2254 2879 τοῦ
2287 2827 2454 2881 νοτίου
2495 2829 2694 2899 Ἰχθύος
2713 2871 2726 2895 ,
2750 2830 2867 2883 ὅλον
2890 2831 3048 2885 αὑτὸν
3079 2832 3302 2901 ἔγγιστα
3326 2834 3402 2905 τῷ
3449 2835 3710 2908 Ὑδροχόῳ

2165 2919 2625 2990 ὑπολαμϐάνοντες
2671 2922 3086 2978 συνανατέλλειν.
3139 2925 3453 2979 Τούναντίον
3505 2929 3615 3000 γὰρ
3655 2928 3716 2980 τὸ

2090 3043 2135 3102 C
2166 3012 2345 3065 πλεῖον
2375 3012 2535 3066 αὑτοῦ
2569 3015 2732 3084 μέρος
2775 3018 2884 3078 τοῖς
2924 3015 3119 3086 Ἰχθύσι
3166 3018 3610 3089 συναναφέρεται.
3657 3021 3710 3073 Ὀ

2169 3105 2266 3174 μὲν
2296 3104 2404 3177 γὰρ
2430 3105 2740 3176 νοτιώτερος
2765 3106 2872 3160 τῶν
2904 3109 2961 3160 ὲν
2996 3110 3060 3180 τῇ
3095 3108 3228 3179 οὐρᾷ
3273 3112 3339 3180 τῇ
3376 3116 3424 3178 γ’
3456 3112 3568 3180 μοί.
3613 3111 3713 3164 τῶν

2179 3196 2392 3266 Ἰχθύων
2424 3198 2819 3251 πνανατέλλειο
2851 3201 2880 3252 6
2901 3199 2957 3252 δὲ
2986 3201 3042 3254 ὲν
3068 3199 3145 3272 τῷ
3169 3201 3355 3272 ῥύγχει
3377 3202 3631 3275 λαμπρὸς
3655 3207 3714 3276 τῇ

2166 3293 2214 3340 α’
2240 3289 2331 3340 καὶ
2359 3295 2404 3342 κ’
2433 3289 2540 3358 μοί.
2571 3289 2678 3343 τῶν
2716 3289 2950 3360 Ἰχθύων.

2236 3402 2369 3472 Περὶ
2409 3401 2464 3455 δὲ
2508 3401 2605 3473 τῆς
2647 3403 2997 3474 Ἀνδρομέδας
3043 3405 3338 3477 ὁλοσχερῶς
3387 3409 3717 3480 ἠγνοήκασιν

2168 3494 2486 3566 ἀμφότεροι·
2541 3495 2599 3547 ού
2649 3495 2756 3566 γὰρ
2807 3496 2884 3568 τῷ
2918 3497 3180 3569 Ὺδροχόῳ
3233 3499 3326 3552 καὶ
3366 3501 3481 3562 τοῖς
3527 3499 3718 3570 Ἰχθύσι

2171 3584 2562 3648 ωνανατέλλει,
2597 3583 2669 3648 ὡς
2695 3579 2834 3639 οὗτοι
2863 3603 3044 3656 φασιν,
3072 3587 3206 3640 ἀλλὰ
3231 3587 3307 3658 τῷ
3327 3588 3614 3661 Αἰγόκερῳ
3632 3591 3718 3643 καὶ

2169 3677 2246 3748 τῷ
2279 3677 2558 3748 ’Υδροχόῳ.
2601 3676 2792 3748 Πρώτη
2843 3680 2940 3749 μὲν
2974 3680 3078 3750 γὰρ
3109 3683 3142 3750 ἡ
3170 3681 3429 3752 ἀριστερὰ
3472 3683 3597 3752 χεὶρ
3630 3683 3720 3736 αύ-

2170 3769 2266 3840 τῆς
2321 3772 2690 3826 συνανατέλλει
2763 3771 2910 3842 μέσῳ
2979 3773 3209 3843 μάλιστα
3261 3773 3340 3845 τῷ
3395 3774 3680 3846 Αἰγόκερῳ
3704 3791 3719 3806 ⁸

2171 3863 2468 3936 ὲσχάτη”δὲ
2501 3866 2533 3937 ὴ
2574 3854 2722 3931 δεξιά
2763 3863 3183 3935 συναναφέρεται
3209 3866 3276 3934 τῇ
3319 3864 3361 3916 δ’
3408 3866 3500 3918 καὶ
3532 3872 3581 3918 κ’
3613 3864 3718 3935 μοί.

2171 3956 2264 4010 τοῦ
2301 3957 2603 4030 ’Υδροχόου.

2245 4071 2360 4140 ις’.
2395 4072 2528 4143 Περὶ
2564 4071 2622 4126 δὲ
2671 4071 2772 4142 τῆς
2809 4070 2902 4123 τοῦ
2941 4069 3110 4144 Κριοῦ
3141 4070 3402 4139 ἀνατολῆς
3426 4071 3453 4122 6
3490 4069 3715 4139 Ἄρατος

2173 4162 2364 4232 λέγων,
2401 4164 2477 4219 Τὰ
2491 4162 2607 4234 μὲν
2633 4163 2817 4231 δεξιὰ,
2841 4165 2999 4236 φησὶν
3019 4163 3086 4227 ⁸⁸,
3115 4161 3224 4231 τῆς
3265 4160 3631 4230 Ἀνδρομέδας
3656 4161 3710 4212 οι

2187 4250 2402 4322 Ἰχθύες

2103 4380 2153 4439 ι)
2179 4385 2356 4456 Αὐτοὶ
2379 4385 2729 4454 ἐφέλκονται
2747 4405 2760 4418 θ
2789 4385 2860 4440 τὰ
2880 4387 2932 4440 δ’
2961 4386 3238 4456 ἀριστερὰ
3260 4386 3484 4456 νειόθεν
3508 4384 3663 4438 ἕλκει

2177 4455 2354 4523 Κριὸς
2384 4458 2806 4525 ἀνερχόμενος·
2833 4457 2938 4511 τοῦ
2965 4454 3060 4509 καὶ
3092 4454 3619 4524 περιτελλομένοιο,

2190 4526 2541 4596 Ἑσπερόθεν
2561 4543 2666 4580 κεν
2685 4526 2831 4581 ἴδοιο
2858 4526 3143 4596 Θυτήριον
3165 4544 3179 4556 ·
3201 4525 3387 4593 αὐτὰρ
3416 4526 3486 4578 ἐν
3514 4525 3669 4593 ἄλλῃ

2177 4663 2437 4731 Περσέος
2461 4665 2853 4729 ἀντέλλοντος
2874 4664 3022 4717 ὅσον
3035 4661 3302 4730 κεφαλήν
3318 4677 3379 4714 τε
3396 4659 3491 4713 καὶ
3512 4660 3723 4728 ὤμους.

2179 4730 2340 4802 Αὐτὴ
2373 4733 2440 4786 δὲ
2464 4733 2630 4800 ζώνη,
2665 4735 2761 4787 καί
2793 4735 2846 4787 κ’
2876 4732 3214 4802 ἀμφήριστα
3245 4730 3505 4794 πέλοιτο,

2181 4807 2249 4860 Ἢ
2273 4804 2423 4873 Κριῷ
2445 4804 2691 4874 λήγοντι
2715 4805 3031 4873 φαείνεται,
3065 4802 3102 4870 ἢ
3123 4802 3221 4854 ἐπὶ
3250 4802 3463 4869 Ταύρῳ.

2181 4939 2451 5010 Γράφεται
2489 4937 2586 5009 μὲν
2611 4936 2779 5000 οὕτως
2806 4939 2834 4990 6
2863 4935 3082 5006 ἔσχατος
3110 4933 3310 5004 στίχος·
3342 4931 3488 4994 εἰκὸς
3517 4932 3723 5003 μέντοι·

2181 5046 2245 5098 γε
2273 5029 2562 5101 ἠγνοῆσθαι
2602 5029 2689 5092 τὸ,
2722 5024 2981 5095 λήγοντι.
3029 5024 3115 5090 Ἐξ
3156 5024 3325 5094 ἀρχῆς
3361 5023 3467 5094 γὰρ
3519 5023 3725 5074 πάντων

2180 5118 2290 5172 τῶν
2323 5119 2524 5182 ζωδίων
2547 5116 2644 5180 τὰς
2672 5115 2840 5186 ἀρχὰς
2872 5114 2964 5166 ἐπὶ
2987 5115 3085 5185 τῆς
3121 5113 3378 5183 ἀνατολῆς
3400 5111 3724 5175 ὑποτίθεται,

2186 5211 2280 5262 καὶ
2314 5209 2433 5280 οὐχὶ
2468 5205 2731 5278 μεσοῦντα
2763 5204 2795 5274 ἢ
2832 5205 3084 5276 λήγοντα.
3118 5203 3238 5256 Ἐπὶ
3268 5201 3374 5272 γὰρ
3411 5200 3522 5253 τῶν
3563 5199 3726 5254 ἀλλων

2186 5301 2398 5371 ἄστρων
2427 5297 2551 5351 τινὰ
2586 5297 2684 5368 μὲν
2719 5295 2861 5366 μέρη
2887 5293 3187 5366 μεσούντων
3213 5290 3320 5344 τῶν
3349 5289 3552 5354 ζωδίων
3572 5329 3586 5352 ,
3617 5285 3726 5339 τινα

2185 5394 2232 5447 δ’
2259 5390 2570 5464 ἀρχομένων
2597 5391 2628 5460 ἢ
2673 5390 2941 5461 ληγόντων
2975 5388 3137 5454 δύνει,
3181 5386 3213 5457 ἢ
3253 5383 3548 5438 ἀνατέλλει.
3576 5380 3727 5434 Ὅθεν

2190 5484 2282 5538 καὶ
2322 5485 2350 5536 6
2387 5481 2643 5544 ιἌτταλος
2686 5480 2824 5535 κατά
2877 5479 2972 5551 μὲν
3019 5477 3172 5532 τοῦτο
3210 5473 3381 5546 ὀρθῶς
3431 5470 3725 5542 συνεώρακε
