4040 6206
323 306 348 360 ι
359 305 465 363 089

1293 294 1661 352 IIIPPARCHI
1700 295 1791 350 AD
1826 291 2274 352 PHENOMENA
2315 292 2440 346 LIB.
2472 287 2540 345 Il.

3387 290 3527 346 1000

320 419 386 473 τὸ
416 415 701 486 ἀγνόημα·
740 413 831 468 καὶ
868 412 948 466 δεῖ
982 429 1062 466 τοι
1096 411 1130 482 ἢ
1161 411 1236 475 ὡς
1275 411 1479 474 ἐκεῖνός
1511 427 1639 481 φησι
1669 410 1864 482 γράφε-

1972 410 2147 465 ciunt.
2173 407 2306 462 Hinc
2336 406 2548 460 Attalus
2568 412 2718 459 recte
2754 400 2855 457 hoc
2891 401 3105 473 quidem
3137 402 3527 460 animadvertit

324 512 494 566 σθαι·

1970 510 2230 569 erratum.
2276 499 2351 553 'Et
2375 499 2597 554 omnino
2623 497 2728 560 vel,
2777 503 2836 550 ut
2862 496 2938 549 illi
2964 496 3162 564 placet,
3205 496 3277 549 ita
3307 495 3526 549 confor-

1859 605 1866 618 ‘
1973 593 2202 647 mandus
2228 600 2312 647 est
2341 591 2430 645 ille
2455 604 2648 645 versus
2681 607 2693 643 :

326 671 398 724 Ἦ
424 665 578 736 Κριῷ
605 665 829 720 ἀνιόντι
858 664 1178 734 φαείνεται,
1206 662 1245 732 ἣ
1278 661 1377 716 ἐπὶ
1416 661 1642 729 Ταύρῳ·
1704 713 1715 722 ,
1771 709 1781 718 ,

321 759 358 831 ἢ
386 759 450 830 νὴ
483 757 581 812 Δία
610 755 812 819 οὕτως·

323 853 395 906 Ἦ
421 848 570 919 Κριῷ
594 847 870 917 λήγουσα
895 846 1193 916 φαείνεται
1220 864 1232 876 ·

319 939 464 992 ὣστε
493 937 572 1003 τὸ,
597 935 888 1005 λήγουσα.
921 936 1010 988 ἐπὶ
1034 935 1132 1007 τὴν
1164 933 1338 1006 ζώνην
1363 931 1742 1004 ἀναφέρεσθαι.
1777 932 1878 985 Λέ-

322 1029 454 1101 ληθε
487 1029 730 1099 μέντοιγε
773 1027 931 1081 αὐτὸν
960 1027 1021 1080 τὸ
1051 1027 1294 1097 βούλημα
1331 1025 1422 1078 τοῦ
1453 1023 1674 1096 ποιητοῦ
1699 1023 1789 1077 καὶ
1821 1025 1876 1076 ὲν

318 1119 556 1182 τούτοις.
590 1118 754 1185 Λέγει
789 1117 896 1188 γὰρ
927 1117 1122 1181 οὕτως’
1167 1115 1352 1186 Ἡμεῖς
1390 1114 1593 1184 μέντοι
1641 1114 1740 1167 καὶ
1780 1113 1878 1166 ἐπὶ

324 1213 516 1277 τούτῳ
544 1209 623 1276 τῷ
641 1227 703 1264 τε
728 1209 940 1277 ποιητῇ
964 1208 1292 1278 συμφώνως
1317 1207 1413 1261 καὶ
1452 1205 1574 1273 τοῖς
1604 1204 1878 1275 φαινομέ-

319 1321 453 1369 νοις
485 1303 824 1367 ἀκολούθως
849 1301 1082 1370 οἰόμεθα
1105 1299 1230 1354 δεῖν
1259 1297 1584 1369 γράφεσθαι
1614 1297 1680 1350 τὸ
1709 1297 1877 1364 ποίη-

304 1410 406 1461 μα
430 1393 538 1446 τὸν
566 1393 786 1460 τρόπον
811 1389 1052 1444 τοῦτονσ

315 1506 484 1574 Abt-1‘1
512 1506 580 1560 δὲ
604 1504 769 1571 ζώνη.
797 1506 896 1559 καί
933 1506 985 1559 κ’
1009 1503 1348 1574 ἀμφήριστα
1376 1502 1632 1569 πέλοιτο,

324 1571 395 1631 Ἠ
422 1571 574 1645 Κριῷ
597 1577 830 1645 ἀνιόντι
850 1571 1181 1645 φαείνεται,⁷
1202 1574 1240 1642 ἢ
1272 1574 1369 1627 ἐπὶ
1406 1575 1619 1642 Ταύρῳ.

321 1647 448 1701 Σὺν
471 1644 563 1711 τῷ
595 1644 903 1713 πασσυδίῃ
932 1645 1334 1699 ἀνελίσσεται.

1975 684 2053 737 Αη
2084 683 2178 738 sub
2205 684 2380 737 Arietc
2408 683 2708 737 ascendente
2743 688 3012 749 appareat,
3045 676 3122 732 vel
3150 677 3243 730 sub
3273 674 3469 740 Tauro,

1973 774 2058 827 vel
2081 773 2133 826 in
2173 772 2318 826 hunc
2353 779 2500 826 certe
2532 770 2780 823 modum:

1973 863 2056 915 An
2084 860 2177 916 sub
2214 861 2389 914 Ariete
2417 860 2654 915 desinens
2694 868 2966 927 appareat,

1973 963 2035 1009 ut
2081 955 2419 1024 participium
2476 954 2712 1007 desinens
2781 951 2848 1004 ad
2903 951 3175 1021 cingulum
3236 949 3521 1019 pertineat.

1975 1046 2339 1102 Nihilominus
2364 1056 2543 1100 tamen
2577 1060 2604 1096 a
2636 1052 2804 1114 poetae
2842 1044 3108 1120 sententia
3140 1045 3300 1097 etiam
3335 1042 3387 1095 in
3438 1043 3525 1096 liis

1976 1138 2210 1194 aberrat.
2235 1140 2311 1192 Ita
2338 1139 2536 1207 quippe
2567 1136 2756 1191 scribit
2813 1152 2826 1188 :
2867 1132 2978 1187 Nos
3009 1143 3181 1187 autem
3211 1135 3277 1196 in
3309 1150 3366 1188 eo
3397 1150 3525 1186 con-

1975 1243 2211 1285 sentanee
2253 1247 2369 1284 cum
2399 1237 2574 1298 poeta,
2607 1237 2654 1281 et
2703 1227 3065 1296 apparentium
3110 1226 3214 1294 [ide
3268 1227 3525 1282 credimus

1975 1321 2051 1373 ita
2077 1315 2256 1374 versus
2277 1320 2396 1373 illos
2420 1336 2530 1373 esse
2553 1317 2846 1372 scribendos
2868 1332 2886 1370 .'

1979 1495 2160 1564 Ipsum
2191 1507 2363 1550 autent
2391 1497 2654 1567 cingulum
2683 1498 2842 1550 etiam
2866 1498 3168 1567 ambiguum
3193 1501 3357 1566 fuerit

1979 1567 2056 1620 An
2087 1567 2178 1620 sub
2210 1568 2382 1620 Ariete
2408 1569 2711 1620 ascendente
2739 1578 3006 1635 appareat,
3040 1586 3106 1620 an
3137 1569 3230 1622 sub
3257 1569 3453 1624 Tauro.

1977 1637 2108 1690 Cum
2138 1654 2237 1703 quo
2265 1639 2570 1690 cumulatim
2600 1637 2899 1692 revolvitur.
3416 1655 3417 1658 ‘

331 1753 496 1808 Ἐπεὶ
539 1753 680 1822 γὰρ,
701 1751 1034 1821 μέλλοντος
1067 1751 1173 1806 τοῦ
1210 1751 1392 1820 Κριοῦ
1429 1749 1810 1814 ἀνατέλλειν,
1843 1751 1872 1803 ό

2046 1749 2178 1804 Cum
2203 1751 2339 1804 enim
2369 1750 2595 1804 instante
2614 1753 2803 1805 Arietis
2827 1762 2966 1815 ortu,
2997 1752 3211 1807 Perseus
3242 1755 3377 1808 citra
3403 1772 3525 1809 con-

316 1846 586 1914 Περσεὺς
613 1845 1093 1914 ὁμολογουμένως
1120 1844 1295 1914 μέχρι
1338 1843 1454 1897 τῶν
1495 1843 1666 1912 ὤμων
1691 1843 1873 1911 ἐκφα-

317 1939 435 2007 νὴς
478 1939 718 2008 γίνεται·
760 1937 878 2006 ἅμα
919 1936 985 1989 δὲ
1029 1935 1108 2001 τῷ
1154 1936 1443 2004 ἄρξασθαι
1483 1934 1875 2003 ἀναφέρεσθαι

316 2031 427 2083 τὸν
460 2029 662 2097 Κριὸν,
692 2029 907 2095 εὐθέως
931 2028 1186 2095 ἔκδηλος
1225 2030 1262 2097 ή
1297 2027 1401 2082 τοῦ
1430 2027 1699 2095 Περσέως
1728 2024 1873 2094 ζώνη

317 2124 568 2192 γίνεται,
601 2121 697 2177 διὰ
734 2122 799 2175 τὸ
831 2119 1030 2191 ,βραχὺ
1067 2119 1373 2186 παντελῶς
1419 2118 1875 2188 παραλλάσσειν

316 2213 428 2284 τῆς
457 2215 562 2268 τοῦ
589 2214 766 2282 Κριοῦ
796 2213 986 2284 ἀρχῆς
1016 2214 1127 2282 τὴν
1159 2213 1345 2282 φάσιν
1370 2211 1559 2280 αὐτῆς
1577 2230 1590 2242 θ
1621 2209 1875 2271 διστάζει

318 2304 573 2372 πότερον
600 2304 749 2358 κατὰ
773 2304 886 2372 τὴν
917 2304 1021 2358 τοῦ
1057 2303 1235 2372 Κριοῦ
1257 2301 1590 2372 μέλλοντος
1629 2299 1875 2354 ἀνατέλ-

314 2400 450 2450 λειν
490 2394 688 2465 ἀρχὴν
720 2398 1010 2463 ὑπόθηται
1043 2395 1268 2466 φανερὰ
1290 2393 1334 2425 ⁸¹
1372 2393 1488 2461 ἤδη
1522 2394 1808 2464 γίνεσθαιο
1834 2391 1871 2460 ἢ

311 2487 413 2540 ἐπὶ
457 2487 522 2539 τὸ
549 2485 790 2556 μᾶλλον
831 2489 1302 2559 ὁμολογούμενον
1327 2487 1474 2555 ἔλθῃ
1495 2503 1508 2516 °
1537 2484 1687 2539 διότι
1710 2525 1724 2550 ,
1769 2482 1874 2537 τοῦ

325 2579 546 2644 Ταύρου
583 2577 916 2646 μέλλοντος
964 2579 1393 2648 ἀναφέρεσθαι,
1431 2577 1696 2647 ἐκφανής
1743 2579 1872 2630 ἐστι

316 2666 425 2720 τοῦ
450 2669 719 2738 Περσέως
751 2671 789 2738 ἠ
832 2668 975 2738 ζώνη
1001 2671 1153 2740 μετὰ
1185 2671 1290 2725 τοῦ
1330 2670 1543 2725 λοιποῦ
1581 2669 1870 2738 σώματος.

317 2761 427 2814 Kal
450 2761 660 2816 τοῦτον
697 2762 804 2816 τὸν
831 2765 1050 2830 τρόπον
1088 2763 1456 2833 γραφομένου
1483 2761 1589 2816 τοῦ
1627 2759 1875 2829 ποιήμα-

1979 1841 2280 1893 lroversiam
2320 1841 2543 1893 humeris
2585 1849 2730 1894 tenus
2755 1851 3036 1908 appareat;
3067 1843 3381 1912 simulatque
3409 1862 3524 1899 vero

1935 1935 1940 1940 '
1977 1931 2126 1996 ca'pit
2185 1929 2335 1981 Aries
2390 1928 2684 1993 ascendere,
2726 1932 2902 1982 statim
2949 1933 3228 2000 conspicua
3269 1934 3339 1986 sit
3392 1953 3524 1989 zona

1980 2020 2179 2086 Persei,
2237 2037 2330 2088 pro
2371 2038 2430 2074 eo
2481 2021 2617 2091 quod
2650 2023 2987 2092 perpusillum
3038 2023 3102 2076 ab
3149 2025 3340 2080 Arietis
3373 2028 3524 2081 initio

1979 2111 2137 2166 distet
2167 2113 2310 2166 illius
2335 2114 2627 2180 apparitio;
2649 2114 2867 2184 ambigit
2895 2126 3064 2184 poeta,
3096 2133 3218 2169 nunt
3254 2118 3348 2171 sub
3371 2120 3524 2174 Arie-

1980 2205 2045 2257 tis
2081 2205 2222 2258 ortui
2248 2206 2705 2273 appropinquantis
2738 2207 2943 2258 initium
2965 2223 3212 2273 apparere
3237 2208 3353 2277 jam
3376 2210 3526 2263 illaut

1979 2306 2200 2359 asserat,
2243 2313 2309 2349 an
2350 2295 2402 2348 id
2448 2306 2657 2364 usurpet
2693 2298 2884 2365 potius,
2933 2299 3069 2368 quod
3098 2301 3149 2351 in
3181 2301 3415 2370 confesso
3451 2311 3527 2356 est

1980 2387 2223 2452 maxime,
2297 2389 2523 2441 instante
2573 2387 2736 2441 Tauri
2777 2399 3000 2452 exortu,
3049 2407 3299 2460 apparere
3350 2393 3530 2447 Persei

1982 2477 2242 2547 cingulum
2270 2494 2374 2530 una
2402 2495 2515 2531 cum
2544 2481 2740 2549 reliquo
2773 2497 3004 2549 corpore.
3040 2483 3207 2553 Atque
3234 2483 3330 2538 hoc
3375 2485 3528 2539 modo

1979 2569 2232 2637 conceptis
2274 2569 2632 2634 carminibus,
2677 2587 2790 2622 cum
2840 2573 2904 2625 iis
2955 2574 3228 2642 integritas
3261 2591 3358 2628 sua
3406 2593 3530 2630 con-

1978 2661 2156 2722 stabit,
2189 2670 2299 2713 tum
2327 2660 2390 2714 de
2409 2661 2618 2730 cingulo
2648 2671 2800 2729 poeta
2839 2679 2940 2715 non
2974 2663 3144 2718 solum
3169 2666 3410 2732 scienter,
3438 2667 3527 2722 sed

1979 2755 2137 2806 etiam
2176 2762 2357 2807 exacte
2395 2756 2668 2822 scripsisse
2696 2755 2972 2809 videbitur.

315 2872 442 2923 τος,
486 2856 557 2910 τά
601 2875 664 2911 τε
703 2859 1038 2927 γραφόμενα
1088 2859 1453 2927 σωθήσεται,
1501 2858 1600 2911 καὶ
1653 2857 1724 2910 τὰ
1763 2853 1895 2922 περὶ
1948 2848 2080 2918 τῆςι
2113 2846 2292 2915 ζώνης
2324 2851 2356 2901 ὀ
2389 2847 2638 2917 ποιητὴς
2677 2851 2749 2903 οὐ
2788 2852 2979 2918 μόνον
3015 2851 3334 2922 ἐμπείρως,
3368 2854 3527 2908 ἀλλὰ

315 2946 420 3003 καὶ
446 2947 692 3017 ἀκριϐῶς
715 2949 1108 3019 ἐξηγούμενος
1135 2949 1211 3004 ἂν
1237 2952 1522 3019 φαίνοιτο.

390 3061 490 3115 ΙΖ’.
530 3061 748 3133 Πρῶτον
784 3062 880 3132 μὲν
912 3058 1004 3116 οὖν
1034 3063 1120 3118 διὰ
1149 3063 1349 3118 τούτων
1377 3067 1406 3118 ὁ
1442 3064 1697 3129 ’Ἄτταλος
1739 3065 1872 3118 ἀπο-

2045 3048 2204 3104 XVII.
2223 3047 2328 3104 Sed
2355 3046 2606 3116 inprimis
2621 3047 2784 3101 Attali
2804 3047 3070 3102 haesitatio
3098 3048 3186 3102 illa
3209 3063 3276 3102 cx
3303 3062 3369 3103 eo
3399 3061 3527 3118 pro-

325 3156 409 3225 ρεῖ
432 3155 500 3218 ⁸³,
530 3153 762 3225 νομίζων
809 3155 902 3207 ἐπὶ
933 3155 1182 3208 τοσοῦτον
1229 3156 1326 3227 τὴν
1363 3156 1644 3227 ἀκρίϐειαν
1680 3158 1737 3209 ὲν
1765 3159 1874 3220 τοῖς

321 3247 658 3316 φαινομένοις
690 3247 793 3300 ὑπὸ
837 3248 1061 3320 Ἀράτου
1095 3247 1393 3318 διειλῆφθαι
1418 3290 1433 3312 ,
1459 3247 1598 3300 ὥστε
1624 3247 1750 3318 περὶ
1777 3248 1873 3301 αὑ-

319 3339 427 3391 τῶν
456 3339 561 3391 τῶν
590 3340 647 3392 ὲν
683 3342 748 3410 τῇ
773 3338 916 3413 ζώνῃ
943 3339 1035 3392 τοῦ
1067 3340 1318 3412 Περσέως
1356 3339 1598 3410 ἀστέρων
1640 3337 1873 3402 διστάζει

317 3430 378 3482 τὸ
409 3431 632 3501 πότερον
673 3431 772 3500 τῆς
808 3432 980 3502 ἀρχῆς
1021 3430 1112 3484 τοῦ
1161 3430 1330 3501 Κριοῦ
1368 3433 1453 3484 ἐπ’
1495 3429 1757 3500 ἀνατολῆς
1787 3429 1875 3483 οὕ-

321 3537 418 3592 σης
439 3561 454 3584 ,
485 3521 579 3574 καὶ
606 3523 740 3592 αὑτὴ
771 3523 868 3594 ἤδη
900 3524 1107 3593 φανερά
1138 3523 1284 3576 ἐστιν
1319 3524 1415 3576 σὺν
1444 3525 1552 3586 τοῖς
1583 3521 1750 3593 ὤμοις
1781 3525 1874 3576 καὶ

315 3612 382 3681 τῇ
410 3611 636 3682 κεφαλῇ,
676 3612 709 3683 ἢ
740 3614 854 3682 μετ’
881 3612 1076 3681 ὀλίγον.
1111 3611 1290 3684 Χωρὶς
1321 3613 1428 3683 γὰρ
1458 3611 1551 3664 τοῦ
1579 3613 1875 3684 ὁλοσχερῶς

323 3703 396 3774 μὴ
428 3705 584 3775 μόνον
610 3706 698 3758 τὸν
735 3708 984 3778 Ἄρατον,
1019 3707 1155 3760 ἀλλά
1193 3708 1284 3761 καὶ⁸
1314 3707 1405 3761 τὸν
1433 3707 1656 3772 Εὔδοξον
1684 3711 1739 3760 ὲν
1764 3711 1873 3771 τοῖς

317 3793 663 3862 φαινομένοις
695 3794 1144 3866 ἀναστρέφεσθαι,
1173 3795 1424 3868 καθάπερ
1450 3797 1868 3867 ὲπιδεδείχαμεν,

317 3885 397 3938 ἔτι
422 3886 514 3937 καὶ
539 3887 597 3940 οὐ
625 3886 779 3956 μόνον
803 3889 893 3941 ἐπὶ
923 3891 1021 3959 τῆς
1053 3887 1146 3941 τοῦ
1166 3890 1419 3961 Περσέως
1443 3887 1616 3961 ζώνης
1645 3890 1786 3944 τοῦτ’
1807 3890 1873 3944 ἂν

321 3978 471 4047 παρά
501 3977 580 4048 τῷ
628 3978 838 4049 Ἀράτῳ
865 3979 1183 4044 διστάζοιτο,
1217 3981 1350 4034 ἀλλά
1382 3982 1476 4035 καὶ
1517 3982 1609 4034 ἐπὶ
1659 3982 1874 4034 πάντων

319 4068 364 4137 β’
389 4068 421 4138 ἢ
456 4068 549 4120 καὶ
579 4068 788 4122 πλείοσι
817 4069 1020 4134 ζωδίοις
1049 4073 1539 4127 συνανατελλόντων
1564 4074 1634 4128 ⁸⁸.
1665 4074 1874 4139 Τελέως

317 4159 363 4212 δ’
396 4160 442 4190 ⁸⁸
471 4162 684 4230 ἀγνοεῖν
714 4160 912 4226 δόξειεν
957 4163 987 4214 ὁ
1033 4163 1291 4228 ’Ἄτταλος
1337 4166 1428 4218 καὶ
1461 4165 1527 4218 τά
1556 4166 1871 4237 φαινόμενα,

320 4250 714 4321 ὑπολαμϐάνων
760 4251 898 4304 κατά
944 4253 1198 4325 ἀλήθειαν
1242 4254 1414 4318 οὕτως
1459 4251 1595 4309 εἶναι
1633 4256 1873 4321 δισταζό-

319 4360 455 4412 μενα
487 4344 614 4416 περὶ
645 4343 741 4414 τὴν
771 4343 944 4415 ζώνην
980 4345 1072 4398 τοῦ
1104 4347 1374 4417 Περσέως,
1408 4347 1656 4419 καθάπερ
1692 4348 1872 4420 προεί-

319 4451 504 4504 ρηκεν.
540 4435 614 4488 Οὐ
646 4434 754 4506 γάρ
796 4436 929 4507 μόνη
976 4437 1009 4508 ἡ
1056 4435 1195 4509 ζώνη
1229 4437 1320 4490 τοῦ
1351 4439 1599 4511 Περσέως
1626 4439 1868 4510 φαίνεται

317 4528 458 4598 ὑπὲρ
488 4528 610 4598 γῆν,
643 4528 734 4580 τοῦ
759 4528 927 4598 Κριοῦ
948 4529 1245 4600 ἀρχομένου
1268 4531 1594 4596 ἀνατέλλειν,
1621 4532 1756 4585 ἀλλὰ
1777 4535 1870 4586 καὶ

313 4620 434 4683 ὅλος
464 4620 646 4689 σχεδὸν
689 4623 717 4674 ὁ
767 4621 1028 4693 Περσεὺς,
1059 4622 1198 4693 πλὴν
1232 4622 1325 4675 τοῦ
1376 4624 1664 4696 ἀριστεροῦ
1713 4626 1870 4689 ποδὸς

315 4713 411 4766 καὶ
459 4711 551 4764 τοῦ
589 4713 830 4780 γόνατος.
886 4712 942 4764 Ὁ
999 4711 1096 4780 μὲν
1149 4711 1256 4783 γὰρ
1303 4711 1471 4776 δεξιὸς
1521 4715 1684 4768 αὐτοῦ
1738 4715 1871 4779 ποῦς

317 4803 696 4858 συνανατέλλει
727 4807 792 4875 τῇ
841 4811 889 4874 η’
937 4804 1048 4874 μοί.
1083 4803 1190 4856 τῶν
1242 4804 1476 4874 Ἰχθύων,
1518 4806 1546 4857 ὁ
1589 4805 1647 4858 δὲ
1696 4807 1754 4858 ὲν
1794 4805 1871 4876 τῷ

313 4895 473 4966 δεξιῷ
495 4897 678 4965 γόνατι
701 4899 766 4966 τῇ
791 4896 834 4959 ζ’
859 4897 1022 4967 μοίρᾳ
1040 4913 1054 4926 ·
1070 4898 1098 4949 ὁ
1126 4895 1181 4948 δὲ
1211 4897 1268 4948 ὲν
1294 4895 1371 4964 τῷ
1395 4896 1662 4968 Γοργονίῳ
1693 4899 1787 4952 καὶ
1803 4901 1868 4970 τῇ

314 4991 580 5063 ἀριστερᾷ
625 4991 766 5060 χειρὶ
792 4990 1037 5059 κείμενος
1063 4989 1308 5061 λαμπρὸς
1343 4991 1538 5062 ἀστὴρ,
1577 4990 1635 5053 ὃς
1680 4991 1870 5062 μικρὸν

315 5085 636 5155 προηγεῖται
672 5080 762 5134 τοῦ
805 5081 1091 5151 ἀριστεροῦ
1145 5081 1344 5154 μηροῦ,
1397 5085 1462 5153 τῇ
1519 5090 1583 5150 ιγ’
1622 5083 1727 5154 μοί.
1763 5084 1871 5136 τῶν

329 5175 548 5245 Ἰχθύων
583 5173 1041 5244 συναναφέρεταιο
1091 5173 1223 5242 μόνη
1267 5173 1324 5226 δὲ
1356 5174 1519 5227 αὑτοῦ
1549 5176 1580 5245 ὴ
1611 5176 1871 5245 ἀριστερά

315 5268 501 5338 κνήμη
525 5265 602 5336 τῷ
633 5263 788 5336 Κριῷ
817 5262 1209 5318 συνανατέλλει.
1240 5265 1405 5334 Δῆλον
1429 5261 1540 5325 οὖν,
1571 5266 1648 5318 ὅτι
1692 5266 1872 5334 ἀγνοεῖ

315 5355 488 5424 λέγων
530 5356 598 5409 τά
632 5371 692 5408 τε
727 5353 1025 5425 φαινόμενα
1069 5353 1422 5424 σωθήσεσθαι,
1453 5355 1544 5408 καὶ
1580 5353 1670 5406 τὸν
1703 5355 1870 5426 Ἀρα-

284 5468 286 5470 τ
315 5465 406 5500 τον
433 5447 709 5518 ἐμπείρως
736 5447 828 5502 καὶ
867 5444 1110 5516 ἀκριϐῶς
1134 5445 1203 5498 τά
1224 5447 1351 5516 περὶ
1373 5446 1470 5516 τῆς
1495 5445 1587 5498 τοῦ
1620 5447 1872 5518 Περσέως

319 5538 493 5612 ζώνης
527 5539 807 5610 φανεῖσθαι
835 5537 1212 5607 ἐξηγούμενον.

389 5700 431 5733 ιι
461 5699 718 5768 φανεράν,
788 5699 832 5730 ss
868 5698 908 5767 γ’,
944 5697 1143 5765 ἀγνοεῖ.
1215 5695 1260 5770 ’,³
1297 5713 1380 5764 ψ.
1416 5695 1562 5762 τέλος
1583 5697 1656 5751 δέ.

1978 3143 2255 3202 ﬁciscitur,
2288 3139 2432 3210 quod
2467 3149 2574 3192 tam
2607 3148 2854 3193 exactum
2902 3141 2953 3192 in
3001 3140 3365 3210 pluenomenis
3408 3156 3529 3210 per-

1975 3234 2277 3292 scribendis
2299 3237 2524 3286 Aratum
2563 3231 2733 3286 fuisse
2763 3240 2969 3296 censet,
3007 3242 3065 3286 ut
3087 3234 3153 3288 de
3187 3234 3380 3297 stellis,
3409 3249 3529 3304 qua)

1974 3336 2101 3381 sunt
2121 3326 2174 3378 in
2195 3323 2373 3378 Persei
2402 3323 2598 3386 balteo,
2623 3323 2854 3387 dubitet,
2879 3331 3058 3376 utrum
3077 3322 3276 3377 Arietis
3294 3323 3449 3378 initio
3472 3327 3528 3378 in

1974 3414 2184 3467 oriente
2212 3411 2531 3473 constituto,
2557 3410 2884 3479 conspicuus
2911 3411 2998 3465 ille
3018 3413 3231 3466 sitcum
3261 3412 3526 3478 humeris,

1973 3511 2027 3559 et
2063 3503 2260 3572 capite,
2302 3518 2370 3554 an
2418 3501 2580 3571 paulo
2613 3508 2737 3572 past
2766 3509 3039 3572 appareat.
3078 3500 3276 3556 Verum
3316 3514 3374 3556 ut
3415 3503 3530 3558 haec

1973 3595 2237 3660 omittam,
2277 3609 2385 3648 non
2424 3593 2648 3647 Aratum
2679 3593 2876 3658 solum,
2933 3593 3024 3648 sed
3055 3593 3336 3648 Eudoxum
3366 3595 3527 3650 etiam

1975 3687 2172 3756 ipsum,
2217 3685 2274 3740 in
2311 3685 2690 3756 apparentium
2721 3684 3039 3755 explicanda
3074 3687 3289 3742 ratione
3320 3688 3527 3757 pingui,

1974 3781 2116 3850 quod
2137 3779 2308 3843 aiunt,
2336 3779 2574 3833 Minerva
2605 3792 2734 3833 usos
2763 3792 2914 3843 esse;
2947 3791 3056 3830 non
3081 3778 3135 3831 in
3165 3779 3320 3848 127
3344 3777 3527 3834 Persei

1975 3880 2181 3928 tantum
2205 3872 2403 3936 balteo,
2434 3871 2578 3942 apud
2598 3870 2827 3925 Aratum
2853 3870 2958 3924 isto
2973 3869 3134 3925 modo
3150 3871 3489 3925 dubitabitur.
3511 3887 3524 3934 ;

1972 3967 2068 4022 sed
2104 3967 2160 4021 in
2195 3967 2264 4022 iis
2302 3965 2556 4021 omnibus
2597 3963 2957 4034 imaginibus.
2996 3979 3116 4032 qua:
3151 3978 3275 4016 cum
3313 3963 3528 4017 duobus

1969 4060 2287 4132 pluribusve
2335 4058 2504 4129 signis
2568 4059 2837 4112 oriuntur.
2905 4055 3128 4112 Demum
3163 4069 3290 4110 vero
3326 4057 3525 4112 caeles-

1973 4155 2105 4208 tium
2131 4168 2312 4208 rerum
2350 4150 2596 4206 funditus
2617 4164 2814 4220 expers
2840 4149 3024 4204 haberi
3065 4149 3236 4218 possit
3272 4149 3484 4203 Attalus
3507 4191 3522 4213 ,

1971 4246 2064 4316 qui
2103 4245 2282 4314 reipsa
2303 4242 2490 4299 credat
2525 4244 2591 4295 ad
2623 4257 2769 4304 eum,
2809 4255 2971 4310 quem
3008 4239 3264 4302 diximus,
3305 4239 3523 4294 modum

1972 4337 2278 4408 ambiguam
2321 4350 2444 4391 esse
2493 4332 2760 4387 rationem
2797 4333 3024 4388 orientis
3063 4331 3263 4401 cinguli
3319 4329 3522 4387 Persei.

1901 4419 1944 4474 Ι)
1970 4427 2088 4481 Νοη
2126 4427 2272 4482 enim
2321 4427 2470 4482 solus
2509 4425 2598 4480 ille
2653 4423 2836 4480 Persei
2874 4423 3086 4478 balteus
3125 4436 3286 4491 supra
3326 4428 3526 4475 terram

1969 4517 2199 4581 exsistit,
2238 4514 2456 4586 quando
2493 4513 2648 4569 Aries
2685 4512 2818 4575 oriri
2856 4511 3065 4580 incipit,
3107 4511 3198 4565 sed
3230 4517 3378 4566 totus
3406 4510 3526 4580 ipse

1969 4610 2356 4679 propemodum
2416 4605 2663 4670 Perseus,
2721 4612 2949 4674 excepto
2986 4603 3123 4674 pede
3182 4603 3408 4659 sinistro
3459 4619 3524 4657 ac

1968 4716 2129 4771 genu.
2170 4699 2378 4770 Quippe
2417 4699 2608 4754 dexter
2652 4698 2797 4754 illius
2830 4713 2925 4767 pes
2955 4712 3076 4752 cum
3106 4703 3300 4750 octava
3341 4695 3523 4750 oritur
3596 4766 3604 4777 ‘

1969 4791 2203 4846 Piscium
2252 4800 2426 4861 parte,
2467 4806 2586 4860 quae
2626 4799 2803 4844 autem
2858 4789 2998 4842 inest
3040 4788 3094 4842 in
3150 4788 3342 4843 dextro
3379 4803 3522 4856 genu

1970 4884 2145 4948 stella,
2172 4897 2298 4938 cum
2337 4882 2603 4952 septima:
2627 4881 2805 4936 lucida
2837 4894 2999 4950 porro
3047 4895 3168 4950 qua:
3194 4889 3277 4935 est
3306 4880 3361 4934 in
3392 4879 3525 4934 Gor-

1970 4978 2150 5045 gonio,
2179 4985 2233 5031 et
2265 4976 2485 5031 sinistra
2514 4989 2701 5040 manu,
2729 4989 2848 5043 quae
2877 4973 3158 5028 sinistrum
3191 4971 3369 5027 femur
3390 4986 3524 5042 pau—

1970 5067 2136 5121 lulum
2173 5066 2450 5136 pmcedit,
2489 5080 2611 5120 cum
2642 5073 2795 5135 parte
2823 5063 3031 5118 decima
3063 5063 3216 5117 tertia
3260 5077 3528 5117 conscen-

1969 5158 2087 5222 dit;
2119 5158 2293 5212 solum
2329 5171 2456 5212 crus
2489 5155 2771 5212 sinistrum
2814 5155 2989 5208 oritur
3016 5169 3137 5207 cum
3165 5151 3365 5208 Ariete.
3397 5151 3522 5205 Fal-

1971 5266 2066 5308 sus
2111 5259 2196 5307 est
2239 5251 2453 5321 itaque,
2511 5263 2634 5304 cum
2687 5255 2742 5303 et
2783 5247 3168 5316 apparentibus
3233 5260 3385 5300 suam
3431 5245 3524 5299 illo

1971 5343 2133 5398 modo
2162 5350 2412 5398 constare
2456 5341 2635 5404 ﬁdem,
2673 5347 2727 5395 et
2763 5340 2992 5394 Aratum
3020 5337 3192 5408 perite
3229 5347 3525 5406 exacteqne

1970 5451 2091 5507 qua}
2117 5435 2182 5490 ad
2223 5435 2494 5507 cingulum
2535 5435 2764 5491 attinent
2800 5431 2982 5488 Persei
3024 5430 3350 5485 traditurum
3401 5445 3524 5484 esse
3577 5467 3592 5488 .

1970 5529 2227 5584 defendit.
