  <div class='ocr_page' id='page_1' title='image "/cluster/home/n/w/nwhite01/storage/ocr_20150623/19/hvd.32044073501199/553.png"; bbox 0 0 4040 6206; ppageno 0'>
   <div class='ocr_carea' id='block_1_1' title="bbox 528 307 660 370">
    <p class='ocr_par' dir='ltr' id='par_1_1' title="bbox 528 307 660 370">
     <span class='ocr_line' id='line_1_1' title="bbox 528 307 660 370; baseline 0.008 -3"><span class='ocrx_word' id='word_1_1' title='bbox 528 307 556 367; x_wconf 75' lang='grc'><strong>’1</strong></span> <span class='ocrx_word' id='word_1_2' title='bbox 569 314 660 370; x_wconf 78' lang='grc' dir='ltr'>ιιυι</span> 
     </span>
    </p>
   </div>
   <div class='ocr_carea' id='block_1_2' title="bbox 1539 285 2749 361">
    <p class='ocr_par' dir='ltr' id='par_1_2' title="bbox 1539 285 2749 361">
     <span class='ocr_line' id='line_1_2' title="bbox 1539 285 2749 361; baseline -0.012 -1"><span class='ocrx_word' id='word_1_3' title='bbox 1539 301 1625 360; x_wconf 83' lang='lat' dir='ltr'><strong>Al)</strong></span> <span class='ocrx_word' id='word_1_4' title='bbox 1664 292 1928 361; x_wconf 72' lang='lat' dir='ltr'><strong>susse“</strong></span> <span class='ocrx_word' id='word_1_5' title='bbox 1964 285 2352 357; x_wconf 66' lang='lat' dir='ltr'><strong>CllRONlCOS</strong></span> <span class='ocrx_word' id='word_1_6' title='bbox 2395 295 2749 351; x_wconf 50' lang='lat' dir='ltr'><strong>animum.</strong></span> 
     </span>
    </p>
   </div>
   <div class='ocr_carea' id='block_1_3' title="bbox 3591 284 3734 340">
    <p class='ocr_par' dir='ltr' id='par_1_3' title="bbox 3591 284 3734 340">
     <span class='ocr_line' id='line_1_3' title="bbox 3591 284 3734 340; baseline 0.007 -2"><span class='ocrx_word' id='word_1_7' title='bbox 3591 284 3734 340; x_wconf 71' lang='lat'><strong>1092</strong></span> 
     </span>
    </p>
   </div>
   <div class='ocr_carea' id='block_1_4' title="bbox 604 401 2101 495">
    <p class='ocr_par' dir='ltr' id='par_1_4' title="bbox 604 417 2083 495">
     <span class='ocr_line' id='line_1_4' title="bbox 604 417 2083 495; baseline -0.006 -17"><span class='ocrx_word' id='word_1_8' title='bbox 604 426 712 495; x_wconf 79' lang='lat' dir='ltr'><strong>Ego</strong></span> <span class='ocrx_word' id='word_1_9' title='bbox 763 439 890 479; x_wconf 84' lang='lat' dir='ltr'><strong>vero</strong></span> <span class='ocrx_word' id='word_1_10' title='bbox 943 438 1050 478; x_wconf 92' lang='lat' dir='ltr'><strong>non</strong></span> <span class='ocrx_word' id='word_1_11' title='bbox 1084 425 1188 477; x_wconf 89' lang='lat' dir='ltr'><strong>alia</strong></span> <span class='ocrx_word' id='word_1_12' title='bbox 1218 435 1284 479; x_wconf 84' lang='lat' dir='ltr'><strong>ex</strong></span> <span class='ocrx_word' id='word_1_13' title='bbox 1340 437 1506 477; x_wconf 77' lang='lat' dir='ltr'><strong>causa</strong></span> <span class='ocrx_word' id='word_1_14' title='bbox 1537 420 1926 474; x_wconf 76' lang='lat' dir='ltr'><strong>dubitationem</strong></span> <span class='ocrx_word' id='word_1_15' title='bbox 1973 417 2083 470; x_wconf 90' lang='lat' dir='ltr'><strong>illic</strong></span> 
     </span>
    </p>
   </div>
   <div class='ocr_carea' id='block_1_5' title="bbox 2201 401 3740 495">
    <p class='ocr_par' dir='ltr' id='par_1_5' title="bbox 2253 401 3740 495">
     <span class='ocr_line' id='line_1_5' title="bbox 2253 401 3740 495; baseline -0.009 -28"><span class='ocrx_word' id='word_1_16' title='bbox 2253 412 2482 467; x_wconf 81' lang='grc' dir='ltr'>Δοκεῖδέ</span> <span class='ocrx_word' id='word_1_17' title='bbox 2516 429 2599 481; x_wconf 89' lang='grc' dir='ltr'><strong>μοι</strong></span> <span class='ocrx_word' id='word_1_18' title='bbox 2633 406 2989 479; x_wconf 77' lang='grc' dir='ltr'><strong>διηπορῆσθαι</strong></span> <span class='ocrx_word' id='word_1_19' title='bbox 3013 408 3042 458; x_wconf 85' lang='lat'><strong>6</strong></span> <span class='ocrx_word' id='word_1_20' title='bbox 3069 405 3299 495; x_wconf 68' lang='grc' dir='ltr'>’Ἄρατος</span> <span class='ocrx_word' id='word_1_21' title='bbox 3337 401 3484 472; x_wconf 66' lang='grc' dir='ltr'>παρὰ</span> <span class='ocrx_word' id='word_1_22' title='bbox 3505 401 3610 473; x_wconf 63' lang='grc' dir='ltr'>τὴν</span> <span class='ocrx_word' id='word_1_23' title='bbox 3641 403 3740 454; x_wconf 80' lang='grc' dir='ltr'><strong>αὑ-</strong></span> 
     </span>
    </p>
   </div>
   <div class='ocr_carea' id='block_1_6' title="bbox 494 508 2087 591">
    <p class='ocr_par' dir='ltr' id='par_1_6' title="bbox 494 508 2087 591">
     <span class='ocr_line' id='line_1_6' title="bbox 494 508 2087 591; baseline -0.006 -18"><span class='ocrx_word' id='word_1_24' title='bbox 494 508 505 591; x_wconf 49' lang='lat'><strong>:</strong></span> <span class='ocrx_word' id='word_1_25' title='bbox 535 508 790 588; x_wconf 73' lang='lat' dir='ltr'><strong>injectum</strong></span> <span class='ocrx_word' id='word_1_26' title='bbox 820 517 1008 572; x_wconf 85' lang='lat' dir='ltr'><strong>Attalo</strong></span> <span class='ocrx_word' id='word_1_27' title='bbox 1055 515 1225 571; x_wconf 72' lang='lat' dir='ltr'><strong>fuisse</strong></span> <span class='ocrx_word' id='word_1_28' title='bbox 1271 515 1543 586; x_wconf 84' lang='lat' dir='ltr'><strong>suspicor,</strong></span> <span class='ocrx_word' id='word_1_29' title='bbox 1573 528 1737 583; x_wconf 89' lang='lat' dir='ltr'><strong>quam</strong></span> <span class='ocrx_word' id='word_1_30' title='bbox 1765 511 1908 566; x_wconf 89' lang='lat' dir='ltr'><strong>unde</strong></span> <span class='ocrx_word' id='word_1_31' title='bbox 1935 511 2087 580; x_wconf 89' lang='lat' dir='ltr'><strong>prius</strong></span> 
     </span>
    </p>
   </div>
   <div class='ocr_carea' id='block_1_7' title="bbox 534 593 2087 670">
    <p class='ocr_par' dir='ltr' id='par_1_7' title="bbox 534 593 2087 670">
     <span class='ocr_line' id='line_1_7' title="bbox 534 593 2087 670; baseline -0.006 -14"><span class='ocrx_word' id='word_1_32' title='bbox 534 603 759 656; x_wconf 83' lang='lat' dir='ltr'><strong>Eudoxo</strong></span> <span class='ocrx_word' id='word_1_33' title='bbox 789 611 907 656; x_wconf 90' lang='lat' dir='ltr'><strong>erat</strong></span> <span class='ocrx_word' id='word_1_34' title='bbox 939 603 1164 668; x_wconf 88' lang='lat' dir='ltr'><strong>oborta;</strong></span> <span class='ocrx_word' id='word_1_35' title='bbox 1195 616 1354 670; x_wconf 88' lang='lat' dir='ltr'><strong>quem</strong></span> <span class='ocrx_word' id='word_1_36' title='bbox 1388 604 1665 652; x_wconf 91' lang='lat' dir='ltr'><strong>auctorem</strong></span> <span class='ocrx_word' id='word_1_37' title='bbox 1698 597 1896 650; x_wconf 80' lang='lat' dir='ltr'><strong>Aratus</strong></span> <span class='ocrx_word' id='word_1_38' title='bbox 1934 593 2087 647; x_wconf 87' lang='lat' dir='ltr'><strong>adhi-</strong></span> 
     </span>
    </p>
   </div>
   <div class='ocr_carea' id='block_1_8' title="bbox 528 683 2088 754">
    <p class='ocr_par' dir='ltr' id='par_1_8' title="bbox 528 683 2088 754">
     <span class='ocr_line' id='line_1_8' title="bbox 528 683 2088 754; baseline -0.006 -8"><span class='ocrx_word' id='word_1_39' title='bbox 528 693 675 746; x_wconf 83' lang='lat' dir='ltr'><strong>buit.</strong></span> <span class='ocrx_word' id='word_1_40' title='bbox 709 690 968 746; x_wconf 72' lang='lat' dir='ltr'><strong>Eudoxus</strong></span> <span class='ocrx_word' id='word_1_41' title='bbox 993 692 1140 747; x_wconf 89' lang='lat' dir='ltr'><strong>enim</strong></span> <span class='ocrx_word' id='word_1_42' title='bbox 1173 692 1224 743; x_wconf 88' lang='lat' dir='ltr'><strong>in</strong></span> <span class='ocrx_word' id='word_1_43' title='bbox 1259 689 1651 743; x_wconf 89' lang='lat' dir='ltr'><strong>commentario</strong></span> <span class='ocrx_word' id='word_1_44' title='bbox 1676 687 1743 740; x_wconf 91' lang='lat' dir='ltr'><strong>de</strong></span> <span class='ocrx_word' id='word_1_45' title='bbox 1768 683 2088 754; x_wconf 84' lang='lat' dir='ltr'><strong>Apparenti-</strong></span> 
     </span>
    </p>
   </div>
   <div class='ocr_carea' id='block_1_9' title="bbox 525 776 2083 852">
    <p class='ocr_par' dir='ltr' id='par_1_9' title="bbox 525 776 2083 852">
     <span class='ocr_line' id='line_1_9' title="bbox 525 776 2083 852; baseline -0.006 -14"><span class='ocrx_word' id='word_1_46' title='bbox 525 786 638 840; x_wconf 84' lang='lat' dir='ltr'><strong>bus</strong></span> <span class='ocrx_word' id='word_1_47' title='bbox 654 785 842 838; x_wconf 87' lang='lat' dir='ltr'><strong>scribit</strong></span> <span class='ocrx_word' id='word_1_48' title='bbox 863 785 1082 839; x_wconf 84' lang='lat' dir='ltr'><strong>dextras</strong></span> <span class='ocrx_word' id='word_1_49' title='bbox 1104 782 1285 837; x_wconf 90' lang='lat' dir='ltr'><strong>Persei</strong></span> <span class='ocrx_word' id='word_1_50' title='bbox 1310 789 1489 852; x_wconf 91' lang='lat' dir='ltr'><strong>partes</strong></span> <span class='ocrx_word' id='word_1_51' title='bbox 1516 796 1637 834; x_wconf 89' lang='lat' dir='ltr'><strong>cum</strong></span> <span class='ocrx_word' id='word_1_52' title='bbox 1662 776 2083 833; x_wconf 83' lang='lat' dir='ltr'><strong>Piscibusoriri.</strong></span> 
     </span>
    </p>
   </div>
   <div class='ocr_carea' id='block_1_10' title="bbox 476 856 2089 944">
    <p class='ocr_par' dir='ltr' id='par_1_10' title="bbox 476 856 2089 944">
     <span class='ocr_line' id='line_1_10' title="bbox 476 856 2089 944; baseline -0.004 -18"><span class='ocrx_word' id='word_1_53' title='bbox 476 856 481 860; x_wconf 47' lang='grc'><em>’</em></span> <span class='ocrx_word' id='word_1_54' title='bbox 537 873 613 928; x_wconf 91' lang='lat' dir='ltr'><strong>Ex</strong></span> <span class='ocrx_word' id='word_1_55' title='bbox 641 889 749 944; x_wconf 93' lang='lat' dir='ltr'><strong>quo</strong></span> <span class='ocrx_word' id='word_1_56' title='bbox 777 887 1115 944; x_wconf 91' lang='lat' dir='ltr'><strong>consequens</strong></span> <span class='ocrx_word' id='word_1_57' title='bbox 1148 879 1252 935; x_wconf 90' lang='lat' dir='ltr'><strong>est,</strong></span> <span class='ocrx_word' id='word_1_58' title='bbox 1280 871 1477 925; x_wconf 75' lang='lat' dir='ltr'><strong>Arietis</strong></span> <span class='ocrx_word' id='word_1_59' title='bbox 1511 869 1777 939; x_wconf 90' lang='lat' dir='ltr'><strong>principio</strong></span> <span class='ocrx_word' id='word_1_60' title='bbox 1801 869 1854 921; x_wconf 92' lang='lat' dir='ltr'><strong>in</strong></span> <span class='ocrx_word' id='word_1_61' title='bbox 1882 867 2089 921; x_wconf 80' lang='lat' dir='ltr'><strong>oriente</strong></span> 
     </span>
    </p>
   </div>
   <div class='ocr_carea' id='block_1_11' title="bbox 531 959 2087 1034">
    <p class='ocr_par' dir='ltr' id='par_1_11' title="bbox 531 959 2087 1034">
     <span class='ocr_line' id='line_1_11' title="bbox 531 959 2087 1034; baseline -0.003 -17"><span class='ocrx_word' id='word_1_62' title='bbox 531 966 734 1034; x_wconf 87' lang='lat' dir='ltr'><strong>posito,</strong></span> <span class='ocrx_word' id='word_1_63' title='bbox 775 965 994 1018; x_wconf 87' lang='lat' dir='ltr'><strong>dextras</strong></span> <span class='ocrx_word' id='word_1_64' title='bbox 1042 962 1422 1016; x_wconf 83' lang='lat' dir='ltr'><strong>tantummodo</strong></span> <span class='ocrx_word' id='word_1_65' title='bbox 1469 959 1651 1015; x_wconf 84' lang='lat' dir='ltr'><strong>Persei</strong></span> <span class='ocrx_word' id='word_1_66' title='bbox 1710 967 1890 1029; x_wconf 87' lang='lat' dir='ltr'><strong>partes</strong></span> <span class='ocrx_word' id='word_1_67' title='bbox 1923 973 2087 1028; x_wconf 85' lang='lat' dir='ltr'><strong>supra</strong></span> 
     </span>
    </p>
   </div>
   <div class='ocr_carea' id='block_1_12' title="bbox 529 1047 2088 1118">
    <p class='ocr_par' dir='ltr' id='par_1_12' title="bbox 529 1047 2088 1118">
     <span class='ocr_line' id='line_1_12' title="bbox 529 1047 2088 1118; baseline -0.003 -11"><span class='ocrx_word' id='word_1_68' title='bbox 529 1064 739 1107; x_wconf 86' lang='lat' dir='ltr'><strong>terram</strong></span> <span class='ocrx_word' id='word_1_69' title='bbox 792 1053 1073 1107; x_wconf 78' lang='lat' dir='ltr'><strong>exsistere.</strong></span> <span class='ocrx_word' id='word_1_70' title='bbox 1103 1050 1171 1104; x_wconf 92' lang='lat' dir='ltr'><strong>At</strong></span> <span class='ocrx_word' id='word_1_71' title='bbox 1209 1051 1263 1104; x_wconf 92' lang='lat' dir='ltr'><strong>in</strong></span> <span class='ocrx_word' id='word_1_72' title='bbox 1309 1051 1480 1104; x_wconf 83' lang='lat' dir='ltr'><strong>altero</strong></span> <span class='ocrx_word' id='word_1_73' title='bbox 1508 1049 1664 1113; x_wconf 88' lang='lat' dir='ltr'><strong>libro,</strong></span> <span class='ocrx_word' id='word_1_74' title='bbox 1695 1049 1788 1118; x_wconf 79' lang='lat' dir='ltr'><strong>qui</strong></span> <span class='ocrx_word' id='word_1_75' title='bbox 1839 1047 2088 1102; x_wconf 81' lang='lat' dir='ltr'><strong>inscribi-</strong></span> 
     </span>
    </p>
   </div>
   <div class='ocr_carea' id='block_1_13' title="bbox 537 1138 2089 1210">
    <p class='ocr_par' dir='ltr' id='par_1_13' title="bbox 537 1138 2089 1210">
     <span class='ocr_line' id='line_1_13' title="bbox 537 1138 2089 1210; baseline -0.001 -18"><span class='ocrx_word' id='word_1_76' title='bbox 537 1149 627 1195; x_wconf 90' lang='lat' dir='ltr'><strong>tur</strong></span> <span class='ocrx_word' id='word_1_77' title='bbox 661 1141 958 1210; x_wconf 80' lang='lat' dir='ltr'><strong>Speculum,</strong></span> <span class='ocrx_word' id='word_1_78' title='bbox 1005 1155 1130 1195; x_wconf 81' lang='lat' dir='ltr'><strong>culn</strong></span> <span class='ocrx_word' id='word_1_79' title='bbox 1175 1139 1434 1194; x_wconf 76' lang='lat' dir='ltr'><strong>Piscibus</strong></span> <span class='ocrx_word' id='word_1_80' title='bbox 1480 1147 1651 1194; x_wconf 89' lang='lat' dir='ltr'><strong>totum</strong></span> <span class='ocrx_word' id='word_1_81' title='bbox 1703 1139 1899 1193; x_wconf 81' lang='lat' dir='ltr'><strong>asserit</strong></span> <span class='ocrx_word' id='word_1_82' title='bbox 1927 1138 2089 1205; x_wconf 91' lang='lat' dir='ltr'><strong>paulo</strong></span> 
     </span>
    </p>
   </div>
   <div class='ocr_carea' id='block_1_14' title="bbox 529 1229 2090 1298">
    <p class='ocr_par' dir='ltr' id='par_1_14' title="bbox 529 1229 2090 1298">
     <span class='ocr_line' id='line_1_14' title="bbox 529 1229 2090 1298; baseline 0 -13"><span class='ocrx_word' id='word_1_83' title='bbox 529 1233 719 1288; x_wconf 82' lang='lat' dir='ltr'><strong>minus</strong></span> <span class='ocrx_word' id='word_1_84' title='bbox 748 1235 879 1287; x_wconf 91' lang='lat' dir='ltr'><strong>oriri</strong></span> <span class='ocrx_word' id='word_1_85' title='bbox 913 1231 1574 1298; x_wconf 78' lang='lat' dir='ltr'><strong>Perseum.anamobrem</strong></span> <span class='ocrx_word' id='word_1_86' title='bbox 1605 1246 1726 1285; x_wconf 90' lang='lat' dir='ltr'><strong>cum</strong></span> <span class='ocrx_word' id='word_1_87' title='bbox 1767 1231 1820 1283; x_wconf 88' lang='lat' dir='ltr'><strong>in</strong></span> <span class='ocrx_word' id='word_1_88' title='bbox 1837 1229 2090 1285; x_wconf 84' lang='lat' dir='ltr'><strong>omnibus</strong></span> 
     </span>
    </p>
   </div>
   <div class='ocr_carea' id='block_1_15' title="bbox 539 1321 2090 1392">
    <p class='ocr_par' dir='ltr' id='par_1_15' title="bbox 539 1321 2090 1392">
     <span class='ocr_line' id='line_1_15' title="bbox 539 1321 2090 1392; baseline -0.003 -14"><span class='ocrx_word' id='word_1_89' title='bbox 539 1324 672 1384; x_wconf 79' lang='lat' dir='ltr'><strong>fere,</strong></span> <span class='ocrx_word' id='word_1_90' title='bbox 703 1340 822 1392; x_wconf 61' lang='lat' dir='ltr'><strong>qua:</strong></span> <span class='ocrx_word' id='word_1_91' title='bbox 847 1323 913 1376; x_wconf 87' lang='lat' dir='ltr'><strong>ad</strong></span> <span class='ocrx_word' id='word_1_92' title='bbox 936 1331 1088 1376; x_wconf 92' lang='lat' dir='ltr'><strong>ortus</strong></span> <span class='ocrx_word' id='word_1_93' title='bbox 1123 1322 1363 1376; x_wconf 83' lang='lat' dir='ltr'><strong>siderum</strong></span> <span class='ocrx_word' id='word_1_94' title='bbox 1398 1328 1668 1390; x_wconf 77' lang='lat' dir='ltr'><strong>spectant,</strong></span> <span class='ocrx_word' id='word_1_95' title='bbox 1696 1321 1804 1374; x_wconf 84' lang='lat' dir='ltr'><strong>duo</strong></span> <span class='ocrx_word' id='word_1_96' title='bbox 1834 1321 1910 1373; x_wconf 90' lang='lat' dir='ltr'><strong>illi</strong></span> <span class='ocrx_word' id='word_1_97' title='bbox 1941 1327 2090 1374; x_wconf 83' lang='lat' dir='ltr'><strong>eom-</strong></span> 
     </span>
    </p>
   </div>
   <div class='ocr_carea' id='block_1_16' title="bbox 537 1412 2092 1474">
    <p class='ocr_par' dir='ltr' id='par_1_16' title="bbox 537 1412 2092 1474">
     <span class='ocr_line' id='line_1_16' title="bbox 537 1412 2092 1474; baseline -0.006 -1"><span class='ocrx_word' id='word_1_98' title='bbox 537 1417 791 1473; x_wconf 88' lang='lat' dir='ltr'><strong>mentarii</strong></span> <span class='ocrx_word' id='word_1_99' title='bbox 850 1416 1081 1470; x_wconf 82' lang='lat' dir='ltr'><strong>invicem</strong></span> <span class='ocrx_word' id='word_1_100' title='bbox 1131 1412 1491 1474; x_wconf 86' lang='lat' dir='ltr'><strong>concordent,</strong></span> <span class='ocrx_word' id='word_1_101' title='bbox 1543 1413 1596 1466; x_wconf 92' lang='lat' dir='ltr'><strong>in</strong></span> <span class='ocrx_word' id='word_1_102' title='bbox 1647 1412 1827 1466; x_wconf 82' lang='lat' dir='ltr'><strong>Persei</strong></span> <span class='ocrx_word' id='word_1_103' title='bbox 1883 1412 2092 1466; x_wconf 88' lang='lat' dir='ltr'><strong>descri-</strong></span> 
     </span>
    </p>
   </div>
   <div class='ocr_carea' id='block_1_17' title="bbox 539 1503 2089 1578">
    <p class='ocr_par' dir='ltr' id='par_1_17' title="bbox 539 1503 2089 1578">
     <span class='ocr_line' id='line_1_17' title="bbox 539 1503 2089 1578; baseline -0.003 -17"><span class='ocrx_word' id='word_1_104' title='bbox 539 1508 726 1578; x_wconf 89' lang='lat' dir='ltr'><strong>ptione</strong></span> <span class='ocrx_word' id='word_1_105' title='bbox 753 1505 1085 1570; x_wconf 87' lang='lat' dir='ltr'><strong>dissideant;</strong></span> <span class='ocrx_word' id='word_1_106' title='bbox 1117 1505 1240 1574; x_wconf 88' lang='lat' dir='ltr'><strong>jure</strong></span> <span class='ocrx_word' id='word_1_107' title='bbox 1271 1505 1325 1558; x_wconf 93' lang='lat' dir='ltr'><strong>in</strong></span> <span class='ocrx_word' id='word_1_108' title='bbox 1351 1503 1607 1573; x_wconf 83' lang='lat' dir='ltr'><strong>ambiguo</strong></span> <span class='ocrx_word' id='word_1_109' title='bbox 1637 1505 1846 1572; x_wconf 78' lang='lat' dir='ltr'><strong>positus</strong></span> <span class='ocrx_word' id='word_1_110' title='bbox 1869 1503 2089 1562; x_wconf 85' lang='lat' dir='ltr'><strong>Aratus.</strong></span> 
     </span>
    </p>
   </div>
   <div class='ocr_carea' id='block_1_18' title="bbox 529 1595 2090 1669">
    <p class='ocr_par' dir='ltr' id='par_1_18' title="bbox 529 1595 2090 1669">
     <span class='ocr_line' id='line_1_18' title="bbox 529 1595 2090 1669; baseline -0.003 -16"><span class='ocrx_word' id='word_1_111' title='bbox 529 1613 714 1669; x_wconf 77' lang='lat' dir='ltr'><strong>neque</strong></span> <span class='ocrx_word' id='word_1_112' title='bbox 741 1605 934 1651; x_wconf 88' lang='lat' dir='ltr'><strong>utram.</strong></span> <span class='ocrx_word' id='word_1_113' title='bbox 950 1609 1155 1667; x_wconf 90' lang='lat' dir='ltr'><strong>partem</strong></span> <span class='ocrx_word' id='word_1_114' title='bbox 1177 1604 1498 1666; x_wconf 81' lang='lat' dir='ltr'><strong>sequeretur</strong></span> <span class='ocrx_word' id='word_1_115' title='bbox 1514 1595 1842 1664; x_wconf 81' lang='lat' dir='ltr'><strong>expediens;</strong></span> <span class='ocrx_word' id='word_1_116' title='bbox 1868 1609 2090 1664; x_wconf 88' lang='lat' dir='ltr'><strong>anceps,</strong></span> 
     </span>
    </p>
   </div>
   <div class='ocr_carea' id='block_1_19' title="bbox 538 1689 2090 1753">
    <p class='ocr_par' dir='ltr' id='par_1_19' title="bbox 538 1689 2090 1753">
     <span class='ocr_line' id='line_1_19' title="bbox 538 1689 2090 1753; baseline -0.006 -7"><span class='ocrx_word' id='word_1_117' title='bbox 538 1701 593 1747; x_wconf 90' lang='lat' dir='ltr'><strong>et</strong></span> <span class='ocrx_word' id='word_1_118' title='bbox 625 1695 895 1746; x_wconf 90' lang='lat' dir='ltr'><strong>incertum</strong></span> <span class='ocrx_word' id='word_1_119' title='bbox 929 1705 1049 1746; x_wconf 88' lang='lat' dir='ltr'><strong>esse</strong></span> <span class='ocrx_word' id='word_1_120' title='bbox 1081 1689 1247 1753; x_wconf 87' lang='lat' dir='ltr'><strong>dicit,</strong></span> <span class='ocrx_word' id='word_1_121' title='bbox 1278 1705 1346 1744; x_wconf 91' lang='lat' dir='ltr'><strong>an</strong></span> <span class='ocrx_word' id='word_1_122' title='bbox 1400 1697 1454 1745; x_wconf 90' lang='lat' dir='ltr'><strong>et</strong></span> <span class='ocrx_word' id='word_1_123' title='bbox 1496 1689 1680 1744; x_wconf 86' lang='lat' dir='ltr'><strong>Persei</strong></span> <span class='ocrx_word' id='word_1_124' title='bbox 1715 1689 1922 1742; x_wconf 83' lang='lat' dir='ltr'><strong>balteus</strong></span> <span class='ocrx_word' id='word_1_125' title='bbox 1968 1702 2090 1742; x_wconf 90' lang='lat' dir='ltr'><strong>cum</strong></span> 
     </span>
    </p>
   </div>
   <div class='ocr_carea' id='block_1_20' title="bbox 2185 488 3744 572">
    <p class='ocr_par' dir='ltr' id='par_1_20' title="bbox 2185 488 3744 572">
     <span class='ocr_line' id='line_1_20' title="bbox 2185 488 3744 572; baseline -0.01 -16"><span class='ocrx_word' id='word_1_126' title='bbox 2185 505 2282 572; x_wconf 83' lang='grc' dir='ltr'>τὴν</span> <span class='ocrx_word' id='word_1_127' title='bbox 2307 503 2504 561; x_wconf 71' lang='grc' dir='ltr'>αἰτίαν,</span> <span class='ocrx_word' id='word_1_128' title='bbox 2541 499 2668 570; x_wconf 83' lang='grc' dir='ltr'>παρ’</span> <span class='ocrx_word' id='word_1_129' title='bbox 2687 501 2766 568; x_wconf 75' lang='grc' dir='ltr'><strong>’ἦν</strong></span> <span class='ocrx_word' id='word_1_130' title='bbox 2805 499 2896 549; x_wconf 78' lang='grc' dir='ltr'>καὶ</span> <span class='ocrx_word' id='word_1_131' title='bbox 2924 499 2952 548; x_wconf 94' lang='lat'><strong>6</strong></span> <span class='ocrx_word' id='word_1_132' title='bbox 2987 494 3229 560; x_wconf 51' lang='grc' dir='ltr'>Εὔδοξος,</span> <span class='ocrx_word' id='word_1_133' title='bbox 3334 489 3744 561; x_wconf 66' lang='grc' dir='ltr'>κατηκολούοησ</span> 
     </span>
    </p>
   </div>
   <div class='ocr_carea' id='block_1_21' title="bbox 2186 583 3747 662">
    <p class='ocr_par' dir='ltr' id='par_1_21' title="bbox 2186 583 3747 662">
     <span class='ocr_line' id='line_1_21' title="bbox 2186 583 3747 662; baseline -0.007 -15"><span class='ocrx_word' id='word_1_134' title='bbox 2186 612 2278 648; x_wconf 90' lang='grc' dir='ltr'><strong>κεν</strong></span> <span class='ocrx_word' id='word_1_135' title='bbox 2307 595 2336 645; x_wconf 97' lang='lat'><strong>6</strong></span> <span class='ocrx_word' id='word_1_136' title='bbox 2367 593 2610 662; x_wconf 70' lang='grc' dir='ltr'>Ἄρατος.</span> <span class='ocrx_word' id='word_1_137' title='bbox 2655 591 2740 641; x_wconf 85' lang='grc' dir='ltr'>Ἐν</span> <span class='ocrx_word' id='word_1_138' title='bbox 2780 588 2875 658; x_wconf 82' lang='grc' dir='ltr'>μὲν</span> <span class='ocrx_word' id='word_1_139' title='bbox 2906 587 3012 656; x_wconf 83' lang='grc' dir='ltr'>γὰρ</span> <span class='ocrx_word' id='word_1_140' title='bbox 3033 603 3108 655; x_wconf 85' lang='grc' dir='ltr'><strong>τῳ</strong></span> <span class='ocrx_word' id='word_1_141' title='bbox 3142 586 3475 653; x_wconf 78' lang='grc' dir='ltr'><strong>συντάγματι</strong></span> <span class='ocrx_word' id='word_1_142' title='bbox 3504 583 3580 652; x_wconf 84' lang='grc' dir='ltr'>τῷ</span> <span class='ocrx_word' id='word_1_143' title='bbox 3610 583 3747 654; x_wconf 77' lang='grc' dir='ltr'>περὶ</span> 
     </span>
    </p>
   </div>
   <div class='ocr_carea' id='block_1_22' title="bbox 2184 675 3749 754">
    <p class='ocr_par' dir='ltr' id='par_1_22' title="bbox 2184 675 3749 754">
     <span class='ocr_line' id='line_1_22' title="bbox 2184 675 3749 754; baseline -0.01 -15"><span class='ocrx_word' id='word_1_144' title='bbox 2184 686 2290 739; x_wconf 91' lang='grc' dir='ltr'><strong>τῶν</strong></span> <span class='ocrx_word' id='word_1_145' title='bbox 2325 685 2656 754; x_wconf 73' lang='grc' dir='ltr'><strong>φαινομένων</strong></span> <span class='ocrx_word' id='word_1_146' title='bbox 2706 681 2923 752; x_wconf 81' lang='grc' dir='ltr'>γράφει,</span> <span class='ocrx_word' id='word_1_147' title='bbox 2960 677 3040 730; x_wconf 83' lang='grc' dir='ltr'>ὅτι</span> <span class='ocrx_word' id='word_1_148' title='bbox 3091 679 3200 739; x_wconf 77' lang='grc' dir='ltr'>τοῖς</span> <span class='ocrx_word' id='word_1_149' title='bbox 3262 675 3457 744; x_wconf 87' lang='grc' dir='ltr'>Ἰχθύσι</span> <span class='ocrx_word' id='word_1_150' title='bbox 3505 683 3749 725; x_wconf 69' lang='grc' dir='ltr'>συνανα-</span> 
     </span>
    </p>
   </div>
   <div class='ocr_carea' id='block_1_23' title="bbox 2185 761 3748 842">
    <p class='ocr_par' dir='ltr' id='par_1_23' title="bbox 2185 761 3748 842">
     <span class='ocr_line' id='line_1_23' title="bbox 2185 761 3748 842; baseline -0.01 -12"><span class='ocrx_word' id='word_1_151' title='bbox 2185 777 2358 831; x_wconf 83' lang='grc' dir='ltr'>τέλλει</span> <span class='ocrx_word' id='word_1_152' title='bbox 2390 776 2456 828; x_wconf 76' lang='grc' dir='ltr'>τὰ</span> <span class='ocrx_word' id='word_1_153' title='bbox 2484 775 2630 840; x_wconf 81' lang='grc' dir='ltr'>δεξιά</span> <span class='ocrx_word' id='word_1_154' title='bbox 2663 773 2754 826; x_wconf 85' lang='grc' dir='ltr'>τοῦ</span> <span class='ocrx_word' id='word_1_155' title='bbox 2793 773 3077 842; x_wconf 83' lang='grc' dir='ltr'><strong>Περσέως·</strong></span> <span class='ocrx_word' id='word_1_156' title='bbox 3109 769 3268 830; x_wconf 85' lang='grc' dir='ltr'>ῶστε,</span> <span class='ocrx_word' id='word_1_157' title='bbox 3303 767 3404 836; x_wconf 77' lang='grc' dir='ltr'>τῆς</span> <span class='ocrx_word' id='word_1_158' title='bbox 3437 761 3613 836; x_wconf 53' lang='grc' dir='ltr'>ἀρῂς</span> <span class='ocrx_word' id='word_1_159' title='bbox 3652 763 3748 815; x_wconf 68' lang='grc' dir='ltr'>τος</span> 
     </span>
    </p>
   </div>
   <div class='ocr_carea' id='block_1_24' title="bbox 2186 857 3750 939">
    <p class='ocr_par' dir='ltr' id='par_1_24' title="bbox 2186 857 3750 939">
     <span class='ocr_line' id='line_1_24' title="bbox 2186 857 3750 939; baseline -0.01 -18"><span class='ocrx_word' id='word_1_160' title='bbox 2186 867 2356 939; x_wconf 82' lang='grc' dir='ltr'>Κριοῦ</span> <span class='ocrx_word' id='word_1_161' title='bbox 2398 867 2531 938; x_wconf 73' lang='grc' dir='ltr'>πρὸς</span> <span class='ocrx_word' id='word_1_162' title='bbox 2559 870 2624 936; x_wconf 79' lang='grc' dir='ltr'>τῇ</span> <span class='ocrx_word' id='word_1_163' title='bbox 2668 865 2894 936; x_wconf 83' lang='grc' dir='ltr'>ἀνατολῇ</span> <span class='ocrx_word' id='word_1_164' title='bbox 2925 858 3108 933; x_wconf 71' lang='grc' dir='ltr'>οὗσης,</span> <span class='ocrx_word' id='word_1_165' title='bbox 3135 861 3201 914; x_wconf 75' lang='grc' dir='ltr'><strong>τὰ</strong></span> <span class='ocrx_word' id='word_1_166' title='bbox 3230 859 3375 926; x_wconf 80' lang='grc' dir='ltr'>δεξιά</span> <span class='ocrx_word' id='word_1_167' title='bbox 3409 860 3567 928; x_wconf 80' lang='grc' dir='ltr'>μόνον</span> <span class='ocrx_word' id='word_1_168' title='bbox 3593 857 3750 927; x_wconf 73' lang='grc' dir='ltr'>μέρη</span> 
     </span>
    </p>
   </div>
   <div class='ocr_carea' id='block_1_25' title="bbox 2185 948 3751 1030">
    <p class='ocr_par' dir='ltr' id='par_1_25' title="bbox 2185 948 3751 1030">
     <span class='ocr_line' id='line_1_25' title="bbox 2185 948 3751 1030; baseline -0.01 -16"><span class='ocrx_word' id='word_1_169' title='bbox 2185 960 2278 1014; x_wconf 82' lang='grc' dir='ltr'>τοῦ</span> <span class='ocrx_word' id='word_1_170' title='bbox 2314 957 2566 1030; x_wconf 81' lang='grc' dir='ltr'><strong>Περσέως</strong></span> <span class='ocrx_word' id='word_1_171' title='bbox 2616 958 2733 1011; x_wconf 84' lang='grc' dir='ltr'>κατ’</span> <span class='ocrx_word' id='word_1_172' title='bbox 2761 957 2918 1010; x_wconf 72' lang='grc' dir='ltr'>αὐτὸν</span> <span class='ocrx_word' id='word_1_173' title='bbox 2973 957 3109 1026; x_wconf 80' lang='grc' dir='ltr'>ὑπὲρ</span> <span class='ocrx_word' id='word_1_174' title='bbox 3157 953 3260 1023; x_wconf 71' lang='grc' dir='ltr'>γῆν</span> <span class='ocrx_word' id='word_1_175' title='bbox 3317 948 3639 1020; x_wconf 81' lang='grc' dir='ltr'>φαίνεσθαι·</span> <span class='ocrx_word' id='word_1_176' title='bbox 3693 949 3751 998; x_wconf 74' lang='grc' dir='ltr'>ἓν</span> 
     </span>
    </p>
   </div>
   <div class='ocr_carea' id='block_1_26' title="bbox 2186 1043 3748 1121">
    <p class='ocr_par' dir='ltr' id='par_1_26' title="bbox 2186 1043 3748 1121">
     <span class='ocr_line' id='line_1_26' title="bbox 2186 1043 3748 1121; baseline -0.01 -17"><span class='ocrx_word' id='word_1_177' title='bbox 2186 1051 2240 1104; x_wconf 83' lang='grc' dir='ltr'>δὲ</span> <span class='ocrx_word' id='word_1_178' title='bbox 2272 1050 2347 1121; x_wconf 79' lang='grc' dir='ltr'><strong>τῷ</strong></span> <span class='ocrx_word' id='word_1_179' title='bbox 2378 1050 2542 1121; x_wconf 79' lang='grc' dir='ltr'>ἑτέρῳ</span> <span class='ocrx_word' id='word_1_180' title='bbox 2573 1048 2923 1118; x_wconf 72' lang='grc' dir='ltr'>συντάγματι,</span> <span class='ocrx_word' id='word_1_181' title='bbox 2957 1043 2984 1099; x_wconf 82' lang='grc' dir='ltr'>ὃ</span> <span class='ocrx_word' id='word_1_182' title='bbox 3011 1045 3363 1116; x_wconf 71' lang='grc' dir='ltr'>ἐπιγράφεται</span> <span class='ocrx_word' id='word_1_183' title='bbox 3394 1043 3748 1107; x_wconf 63' lang='grc' dir='ltr'>Ἕνοπτρον,</span> 
     </span>
    </p>
   </div>
   <div class='ocr_carea' id='block_1_27' title="bbox 2185 1133 3754 1209">
    <p class='ocr_par' dir='ltr' id='par_1_27' title="bbox 2185 1133 3754 1209">
     <span class='ocr_line' id='line_1_27' title="bbox 2185 1133 3754 1209; baseline -0.008 -17"><span class='ocrx_word' id='word_1_184' title='bbox 2185 1143 2295 1202; x_wconf 79' lang='grc' dir='ltr'>τοῖς</span> <span class='ocrx_word' id='word_1_185' title='bbox 2336 1139 2532 1209; x_wconf 78' lang='grc' dir='ltr'>Ἰχθύσι</span> <span class='ocrx_word' id='word_1_186' title='bbox 2561 1139 2721 1206; x_wconf 67' lang='grc' dir='ltr'>φησιν</span> <span class='ocrx_word' id='word_1_187' title='bbox 2752 1135 2908 1189; x_wconf 80' lang='grc' dir='ltr'>αύτδν</span> <span class='ocrx_word' id='word_1_188' title='bbox 2942 1137 3079 1196; x_wconf 82' lang='grc' dir='ltr'>ὅλον,</span> <span class='ocrx_word' id='word_1_189' title='bbox 3119 1135 3255 1203; x_wconf 80' lang='grc' dir='ltr'>πλὴν</span> <span class='ocrx_word' id='word_1_190' title='bbox 3282 1133 3482 1198; x_wconf 78' lang='grc' dir='ltr'>ὀλίγου,</span> <span class='ocrx_word' id='word_1_191' title='bbox 3517 1147 3754 1182; x_wconf 89' lang='grc' dir='ltr'>συνανα-</span> 
     </span>
    </p>
   </div>
   <div class='ocr_carea' id='block_1_28' title="bbox 2188 1220 3752 1295">
    <p class='ocr_par' dir='ltr' id='par_1_28' title="bbox 2188 1220 3752 1295">
     <span class='ocr_line' id='line_1_28' title="bbox 2188 1220 3752 1295; baseline -0.007 -14"><span class='ocrx_word' id='word_1_192' title='bbox 2188 1228 2407 1281; x_wconf 83' lang='grc' dir='ltr'>τέλλειν.</span> <span class='ocrx_word' id='word_1_193' title='bbox 2450 1228 2537 1281; x_wconf 83' lang='grc' dir='ltr'>Ἐν</span> <span class='ocrx_word' id='word_1_194' title='bbox 2581 1229 2745 1279; x_wconf 69' lang='grc' dir='ltr'>πᾶσιν</span> <span class='ocrx_word' id='word_1_195' title='bbox 2789 1221 2880 1278; x_wconf 80' lang='grc' dir='ltr'>οὖν</span> <span class='ocrx_word' id='word_1_196' title='bbox 2912 1225 3093 1295; x_wconf 85' lang='grc' dir='ltr'>σχεδὸν</span> <span class='ocrx_word' id='word_1_197' title='bbox 3118 1228 3229 1286; x_wconf 77' lang='grc' dir='ltr'><strong>τοίς</strong></span> <span class='ocrx_word' id='word_1_198' title='bbox 3269 1223 3394 1292; x_wconf 82' lang='grc' dir='ltr'>περὶ</span> <span class='ocrx_word' id='word_1_199' title='bbox 3422 1220 3522 1282; x_wconf 75' lang='grc' dir='ltr'><strong>τὰς</strong></span> <span class='ocrx_word' id='word_1_200' title='bbox 3557 1221 3752 1272; x_wconf 80' lang='grc' dir='ltr'>ἀνατο-</span> 
     </span>
    </p>
   </div>
   <div class='ocr_carea' id='block_1_29' title="bbox 2188 1311 3752 1390">
    <p class='ocr_par' dir='ltr' id='par_1_29' title="bbox 2188 1311 3752 1390">
     <span class='ocr_line' id='line_1_29' title="bbox 2188 1311 3752 1390; baseline -0.006 -18"><span class='ocrx_word' id='word_1_201' title='bbox 2188 1319 2285 1383; x_wconf 73' lang='grc' dir='ltr'>λὰς</span> <span class='ocrx_word' id='word_1_202' title='bbox 2327 1319 2434 1372; x_wconf 71' lang='grc' dir='ltr'><strong>τῶν</strong></span> <span class='ocrx_word' id='word_1_203' title='bbox 2484 1319 2694 1390; x_wconf 79' lang='grc' dir='ltr'>ἄστρων</span> <span class='ocrx_word' id='word_1_204' title='bbox 2745 1314 3172 1387; x_wconf 76' lang='grc' dir='ltr'>συμφωνούντων</span> <span class='ocrx_word' id='word_1_205' title='bbox 3219 1313 3466 1384; x_wconf 74' lang='grc' dir='ltr'>ἀλλήλοις</span> <span class='ocrx_word' id='word_1_206' title='bbox 3498 1311 3609 1363; x_wconf 90' lang='grc' dir='ltr'><strong>τῶν</strong></span> <span class='ocrx_word' id='word_1_207' title='bbox 3659 1311 3752 1363; x_wconf 83' lang='grc' dir='ltr'><strong>δύο</strong></span> 
     </span>
    </p>
   </div>
   <div class='ocr_carea' id='block_1_30' title="bbox 2192 1403 3752 1482">
    <p class='ocr_par' dir='ltr' id='par_1_30' title="bbox 2192 1403 3752 1482">
     <span class='ocr_line' id='line_1_30' title="bbox 2192 1403 3752 1482; baseline -0.005 -18"><span class='ocrx_word' id='word_1_208' title='bbox 2192 1411 2614 1482; x_wconf 80' lang='grc' dir='ltr'>συνταγμάτων,</span> <span class='ocrx_word' id='word_1_209' title='bbox 2658 1410 2784 1482; x_wconf 75' lang='grc' dir='ltr'>περὶ</span> <span class='ocrx_word' id='word_1_210' title='bbox 2828 1409 2884 1462; x_wconf 84' lang='grc' dir='ltr'>δὲ</span> <span class='ocrx_word' id='word_1_211' title='bbox 2931 1407 3023 1460; x_wconf 83' lang='grc' dir='ltr'>τοῦ</span> <span class='ocrx_word' id='word_1_212' title='bbox 3058 1407 3310 1476; x_wconf 84' lang='grc' dir='ltr'>Περσέως</span> <span class='ocrx_word' id='word_1_213' title='bbox 3343 1405 3600 1474; x_wconf 75' lang='grc' dir='ltr'>διαφόρου</span> <span class='ocrx_word' id='word_1_214' title='bbox 3655 1403 3752 1473; x_wconf 79' lang='grc' dir='ltr'>τῆς</span> 
     </span>
    </p>
   </div>
   <div class='ocr_carea' id='block_1_31' title="bbox 2191 1496 3753 1574">
    <p class='ocr_par' dir='ltr' id='par_1_31' title="bbox 2191 1496 3753 1574">
     <span class='ocr_line' id='line_1_31' title="bbox 2191 1496 3753 1574; baseline -0.007 -18"><span class='ocrx_word' id='word_1_215' title='bbox 2191 1504 2507 1574; x_wconf 78' lang='grc' dir='ltr'>ἀναγραφῆς</span> <span class='ocrx_word' id='word_1_216' title='bbox 2561 1502 2756 1573; x_wconf 63' lang='grc' dir='ltr'><strong>οὔσης⁶</strong></span> <span class='ocrx_word' id='word_1_217' title='bbox 2810 1503 3042 1570; x_wconf 78' lang='grc' dir='ltr'><strong>εὐλόγως</strong></span> <span class='ocrx_word' id='word_1_218' title='bbox 3087 1503 3116 1554; x_wconf 90' lang='lat'><strong>6</strong></span> <span class='ocrx_word' id='word_1_219' title='bbox 3164 1503 3416 1570; x_wconf 72' lang='grc' dir='ltr'><strong>ΙἌρατος,</strong></span> <span class='ocrx_word' id='word_1_220' title='bbox 3467 1496 3753 1565; x_wconf 75' lang='grc' dir='ltr'>διαπορῶν</span> 
     </span>
    </p>
   </div>
   <div class='ocr_carea' id='block_1_32' title="bbox 2191 1589 3754 1664">
    <p class='ocr_par' dir='ltr' id='par_1_32' title="bbox 2191 1589 3754 1664">
     <span class='ocr_line' id='line_1_32' title="bbox 2191 1589 3754 1664; baseline -0.004 -19"><span class='ocrx_word' id='word_1_221' title='bbox 2191 1593 2320 1664; x_wconf 73' lang='grc' dir='ltr'>ποίᾳ</span> <span class='ocrx_word' id='word_1_222' title='bbox 2351 1611 2431 1656; x_wconf 90' lang='grc' dir='ltr'><strong>τις</strong></span> <span class='ocrx_word' id='word_1_223' title='bbox 2461 1593 2914 1664; x_wconf 78' lang='grc' dir='ltr'>κατακολουθήσει</span> <span class='ocrx_word' id='word_1_224' title='bbox 2941 1592 3228 1662; x_wconf 82' lang='grc' dir='ltr'>ἀποφάσει,</span> <span class='ocrx_word' id='word_1_225' title='bbox 3261 1589 3604 1660; x_wconf 74' lang='grc' dir='ltr'>ἀμφήριστόν</span> <span class='ocrx_word' id='word_1_226' title='bbox 3651 1604 3754 1656; x_wconf 75' lang='grc' dir='ltr'><strong>φη-</strong></span> 
     </span>
    </p>
   </div>
   <div class='ocr_carea' id='block_1_33' title="bbox 2194 1678 3756 1754">
    <p class='ocr_par' dir='ltr' id='par_1_33' title="bbox 2194 1678 3756 1754">
     <span class='ocr_line' id='line_1_33' title="bbox 2194 1678 3756 1754; baseline -0.006 -16"><span class='ocrx_word' id='word_1_227' title='bbox 2194 1702 2276 1738; x_wconf 92' lang='grc' dir='ltr'><strong>σιν</strong></span> <span class='ocrx_word' id='word_1_228' title='bbox 2313 1681 2470 1748; x_wconf 79' lang='grc' dir='ltr'>εἶναι,</span> <span class='ocrx_word' id='word_1_229' title='bbox 2527 1685 2618 1738; x_wconf 78' lang='grc' dir='ltr'>καὶ</span> <span class='ocrx_word' id='word_1_230' title='bbox 2663 1685 3066 1754; x_wconf 71' lang='grc' dir='ltr'>δισταζόμενον,</span> <span class='ocrx_word' id='word_1_231' title='bbox 3129 1684 3354 1754; x_wconf 86' lang='grc' dir='ltr'>πότερον</span> <span class='ocrx_word' id='word_1_232' title='bbox 3395 1681 3488 1733; x_wconf 77' lang='grc' dir='ltr'>καὶ</span> <span class='ocrx_word' id='word_1_233' title='bbox 3539 1681 3572 1749; x_wconf 72' lang='grc' dir='ltr'>ἡ</span> <span class='ocrx_word' id='word_1_234' title='bbox 3602 1678 3756 1748; x_wconf 73' lang='grc' dir='ltr'><strong>ζώνη</strong></span> 
     </span>
    </p>
   </div>
   <div class='ocr_carea' id='block_1_34' title="bbox 543 1771 2101 1850">
    <p class='ocr_par' dir='ltr' id='par_1_34' title="bbox 543 1778 2092 1850">
     <span class='ocr_line' id='line_1_34' title="bbox 543 1778 2092 1850; baseline -0.003 -15"><span class='ocrx_word' id='word_1_235' title='bbox 543 1781 788 1836; x_wconf 90' lang='lat' dir='ltr'><strong>bumeris</strong></span> <span class='ocrx_word' id='word_1_236' title='bbox 834 1787 890 1834; x_wconf 87' lang='lat' dir='ltr'><strong>et</strong></span> <span class='ocrx_word' id='word_1_237' title='bbox 937 1779 1134 1850; x_wconf 83' lang='lat' dir='ltr'><strong>capite,</strong></span> <span class='ocrx_word' id='word_1_238' title='bbox 1164 1779 1348 1834; x_wconf 88' lang='lat' dir='ltr'><strong>Ariete</strong></span> <span class='ocrx_word' id='word_1_239' title='bbox 1402 1779 1802 1834; x_wconf 80' lang='lat' dir='ltr'><strong>conscendente</strong></span> <span class='ocrx_word' id='word_1_240' title='bbox 1845 1778 2092 1832; x_wconf 89' lang='lat' dir='ltr'><strong>sublimis</strong></span> 
     </span>
    </p>
   </div>
   <div class='ocr_carea' id='block_1_35' title="bbox 2201 1771 3753 1850">
    <p class='ocr_par' dir='ltr' id='par_1_35' title="bbox 2201 1771 3753 1850">
     <span class='ocr_line' id='line_1_35' title="bbox 2201 1771 3753 1850; baseline -0.005 -19"><span class='ocrx_word' id='word_1_241' title='bbox 2201 1777 2284 1831; x_wconf 82' lang='grc' dir='ltr'>τοῦ</span> <span class='ocrx_word' id='word_1_242' title='bbox 2338 1773 2587 1850; x_wconf 83' lang='grc' dir='ltr'>Περσέως</span> <span class='ocrx_word' id='word_1_243' title='bbox 2635 1778 2774 1848; x_wconf 81' lang='grc' dir='ltr'><strong>μετά</strong></span> <span class='ocrx_word' id='word_1_244' title='bbox 2821 1777 2927 1830; x_wconf 89' lang='grc' dir='ltr'><strong>τῶν</strong></span> <span class='ocrx_word' id='word_1_245' title='bbox 2986 1775 3150 1847; x_wconf 81' lang='grc' dir='ltr'>ῶμων</span> <span class='ocrx_word' id='word_1_246' title='bbox 3203 1776 3295 1828; x_wconf 78' lang='grc' dir='ltr'>καὶ</span> <span class='ocrx_word' id='word_1_247' title='bbox 3343 1775 3444 1843; x_wconf 74' lang='grc' dir='ltr'>τῆς</span> <span class='ocrx_word' id='word_1_248' title='bbox 3483 1771 3753 1840; x_wconf 73' lang='grc' dir='ltr'>κεφαλῆς,</span> 
     </span>
    </p>
   </div>
   <div class='ocr_carea' id='block_1_36' title="bbox 541 1868 2094 1942">
    <p class='ocr_par' dir='ltr' id='par_1_36' title="bbox 541 1868 2094 1942">
     <span class='ocr_line' id='line_1_36' title="bbox 541 1868 2094 1942; baseline -0.003 -16"><span class='ocrx_word' id='word_1_249' title='bbox 541 1884 824 1942; x_wconf 83' lang='lat' dir='ltr'><strong>appareat,</strong></span> <span class='ocrx_word' id='word_1_250' title='bbox 869 1885 938 1924; x_wconf 90' lang='lat' dir='ltr'><strong>an</strong></span> <span class='ocrx_word' id='word_1_251' title='bbox 989 1870 1317 1925; x_wconf 82' lang='lat' dir='ltr'><strong>ascendente</strong></span> <span class='ocrx_word' id='word_1_252' title='bbox 1367 1872 1550 1941; x_wconf 88' lang='lat' dir='ltr'><strong>potius</strong></span> <span class='ocrx_word' id='word_1_253' title='bbox 1604 1868 1822 1924; x_wconf 76' lang='lat' dir='ltr'><strong>Tauro:</strong></span> <span class='ocrx_word' id='word_1_254' title='bbox 1855 1870 1997 1939; x_wconf 90' lang='lat' dir='ltr'><strong>quod</strong></span> <span class='ocrx_word' id='word_1_255' title='bbox 2039 1869 2094 1922; x_wconf 76' lang='lat' dir='ltr'><strong>in</strong></span> 
     </span>
    </p>
   </div>
   <div class='ocr_carea' id='block_1_37' title="bbox 540 1958 2095 2031">
    <p class='ocr_par' dir='ltr' id='par_1_37' title="bbox 540 1958 2095 2031">
     <span class='ocr_line' id='line_1_37' title="bbox 540 1958 2095 2031; baseline -0.003 -16"><span class='ocrx_word' id='word_1_256' title='bbox 540 1963 716 2015; x_wconf 88' lang='lat' dir='ltr'><strong>altero</strong></span> <span class='ocrx_word' id='word_1_257' title='bbox 759 1959 968 2014; x_wconf 80' lang='lat' dir='ltr'><strong>Eudoxi</strong></span> <span class='ocrx_word' id='word_1_258' title='bbox 1011 1974 1176 2031; x_wconf 89' lang='lat' dir='ltr'><strong>opere</strong></span> <span class='ocrx_word' id='word_1_259' title='bbox 1216 1960 1550 2014; x_wconf 84' lang='lat' dir='ltr'><strong>continetur.</strong></span> <span class='ocrx_word' id='word_1_260' title='bbox 1584 1958 1699 2012; x_wconf 79' lang='lat' dir='ltr'><strong>Non</strong></span> <span class='ocrx_word' id='word_1_261' title='bbox 1740 1958 1908 2028; x_wconf 79' lang='lat' dir='ltr'><strong>igitur</strong></span> <span class='ocrx_word' id='word_1_262' title='bbox 1935 1973 2002 2010; x_wconf 91' lang='lat' dir='ltr'><strong>ex</strong></span> <span class='ocrx_word' id='word_1_263' title='bbox 2030 1973 2095 2011; x_wconf 91' lang='lat' dir='ltr'><strong>eo</strong></span> 
     </span>
    </p>
   </div>
   <div class='ocr_carea' id='block_1_38' title="bbox 541 2047 2096 2122">
    <p class='ocr_par' dir='ltr' id='par_1_38' title="bbox 541 2047 2096 2122">
     <span class='ocr_line' id='line_1_38' title="bbox 541 2047 2096 2122; baseline -0.003 -17"><span class='ocrx_word' id='word_1_264' title='bbox 541 2050 690 2122; x_wconf 90' lang='lat' dir='ltr'><strong>quod</strong></span> <span class='ocrx_word' id='word_1_265' title='bbox 731 2057 952 2120; x_wconf 87' lang='lat' dir='ltr'><strong>propter</strong></span> <span class='ocrx_word' id='word_1_266' title='bbox 989 2049 1326 2104; x_wconf 84' lang='lat' dir='ltr'><strong>discriminis</strong></span> <span class='ocrx_word' id='word_1_267' title='bbox 1371 2049 1719 2118; x_wconf 87' lang='lat' dir='ltr'><strong>exiguitatem</strong></span> <span class='ocrx_word' id='word_1_268' title='bbox 1773 2047 1985 2101; x_wconf 84' lang='lat' dir='ltr'><strong>diliicile</strong></span> <span class='ocrx_word' id='word_1_269' title='bbox 2043 2047 2096 2100; x_wconf 92' lang='lat' dir='ltr'><strong>id</strong></span> 
     </span>
    </p>
   </div>
   <div class='ocr_carea' id='block_1_39' title="bbox 544 2137 2098 2209">
    <p class='ocr_par' dir='ltr' id='par_1_39' title="bbox 544 2137 2098 2209">
     <span class='ocr_line' id='line_1_39' title="bbox 544 2137 2098 2209; baseline -0.003 -14"><span class='ocrx_word' id='word_1_270' title='bbox 544 2156 709 2196; x_wconf 87' lang='lat' dir='ltr'><strong>sensu</strong></span> <span class='ocrx_word' id='word_1_271' title='bbox 727 2141 897 2209; x_wconf 87' lang='lat' dir='ltr'><strong>possit</strong></span> <span class='ocrx_word' id='word_1_272' title='bbox 921 2140 1203 2201; x_wconf 66' lang='lat' dir='ltr'><strong>aestimari,</strong></span> <span class='ocrx_word' id='word_1_273' title='bbox 1228 2148 1288 2193; x_wconf 91' lang='lat' dir='ltr'><strong>ut</strong></span> <span class='ocrx_word' id='word_1_274' title='bbox 1311 2147 1464 2208; x_wconf 89' lang='lat' dir='ltr'><strong>putat</strong></span> <span class='ocrx_word' id='word_1_275' title='bbox 1491 2138 1725 2203; x_wconf 81' lang='lat' dir='ltr'><strong>Attalus,</strong></span> <span class='ocrx_word' id='word_1_276' title='bbox 1769 2137 1994 2192; x_wconf 90' lang='lat' dir='ltr'><strong>dubium</strong></span> <span class='ocrx_word' id='word_1_277' title='bbox 2015 2138 2098 2190; x_wconf 87' lang='lat' dir='ltr'><strong>ait</strong></span> 
     </span>
    </p>
   </div>
   <div class='ocr_carea' id='block_1_40' title="bbox 541 2225 2098 2297">
    <p class='ocr_par' dir='ltr' id='par_1_40' title="bbox 541 2225 2098 2297">
     <span class='ocr_line' id='line_1_40' title="bbox 541 2225 2098 2297; baseline -0.003 -12"><span class='ocrx_word' id='word_1_278' title='bbox 541 2247 686 2294; x_wconf 88' lang='lat' dir='ltr'><strong>esse,</strong></span> <span class='ocrx_word' id='word_1_279' title='bbox 719 2245 850 2283; x_wconf 91' lang='lat' dir='ltr'><strong>num</strong></span> <span class='ocrx_word' id='word_1_280' title='bbox 884 2229 1064 2284; x_wconf 90' lang='lat' dir='ltr'><strong>Persei</strong></span> <span class='ocrx_word' id='word_1_281' title='bbox 1091 2237 1204 2282; x_wconf 91' lang='lat' dir='ltr'><strong>tum</strong></span> <span class='ocrx_word' id='word_1_282' title='bbox 1238 2229 1449 2282; x_wconf 84' lang='lat' dir='ltr'><strong>balteus</strong></span> <span class='ocrx_word' id='word_1_283' title='bbox 1481 2234 1757 2297; x_wconf 88' lang='lat' dir='ltr'><strong>appareat,</strong></span> <span class='ocrx_word' id='word_1_284' title='bbox 1797 2241 1919 2280; x_wconf 93' lang='lat' dir='ltr'><strong>cum</strong></span> <span class='ocrx_word' id='word_1_285' title='bbox 1947 2225 2098 2280; x_wconf 87' lang='lat' dir='ltr'><strong>Arie-</strong></span> 
     </span>
    </p>
   </div>
   <div class='ocr_carea' id='block_1_41' title="bbox 537 2319 2100 2389">
    <p class='ocr_par' dir='ltr' id='par_1_41' title="bbox 537 2319 2100 2389">
     <span class='ocr_line' id='line_1_41' title="bbox 537 2319 2100 2389; baseline -0.003 -15"><span class='ocrx_word' id='word_1_286' title='bbox 537 2323 618 2374; x_wconf 76' lang='lat' dir='ltr'><strong>‘tis</strong></span> <span class='ocrx_word' id='word_1_287' title='bbox 645 2321 857 2374; x_wconf 89' lang='lat' dir='ltr'><strong>initium</strong></span> <span class='ocrx_word' id='word_1_288' title='bbox 883 2320 1223 2374; x_wconf 81' lang='lat' dir='ltr'><strong>horizontem</strong></span> <span class='ocrx_word' id='word_1_289' title='bbox 1261 2327 1407 2374; x_wconf 85' lang='lat' dir='ltr'><strong>tenet</strong></span> <span class='ocrx_word' id='word_1_290' title='bbox 1439 2334 1452 2370; x_wconf 89' lang='lat'><strong>:</strong></span> <span class='ocrx_word' id='word_1_291' title='bbox 1481 2335 1548 2372; x_wconf 90' lang='lat' dir='ltr'><strong>an</strong></span> <span class='ocrx_word' id='word_1_292' title='bbox 1570 2327 1703 2372; x_wconf 90' lang='lat' dir='ltr'><strong>tunc</strong></span> <span class='ocrx_word' id='word_1_293' title='bbox 1731 2319 1912 2389; x_wconf 86' lang='lat' dir='ltr'><strong>potius</strong></span> <span class='ocrx_word' id='word_1_294' title='bbox 1932 2333 2100 2372; x_wconf 82' lang='lat' dir='ltr'><strong>emer-</strong></span> 
     </span>
    </p>
   </div>
   <div class='ocr_carea' id='block_1_42' title="bbox 548 2411 2098 2485">
    <p class='ocr_par' dir='ltr' id='par_1_42' title="bbox 548 2411 2098 2485">
     <span class='ocr_line' id='line_1_42' title="bbox 548 2411 2098 2485; baseline 0.002 -19"><span class='ocrx_word' id='word_1_295' title='bbox 548 2423 658 2485; x_wconf 83' lang='lat' dir='ltr'><strong>gat,</strong></span> <span class='ocrx_word' id='word_1_296' title='bbox 693 2429 816 2468; x_wconf 90' lang='lat' dir='ltr'><strong>cum</strong></span> <span class='ocrx_word' id='word_1_297' title='bbox 846 2411 1014 2467; x_wconf 85' lang='lat' dir='ltr'><strong>Tauri</strong></span> <span class='ocrx_word' id='word_1_298' title='bbox 1048 2423 1212 2484; x_wconf 88' lang='lat' dir='ltr'><strong>caput</strong></span> <span class='ocrx_word' id='word_1_299' title='bbox 1241 2414 1372 2468; x_wconf 92' lang='lat' dir='ltr'><strong>oriri</strong></span> <span class='ocrx_word' id='word_1_300' title='bbox 1401 2415 1610 2483; x_wconf 90' lang='lat' dir='ltr'><strong>incipit.</strong></span> <span class='ocrx_word' id='word_1_301' title='bbox 1662 2412 1767 2468; x_wconf 90' lang='lat' dir='ltr'><strong>Sed</strong></span> <span class='ocrx_word' id='word_1_302' title='bbox 1807 2414 1928 2469; x_wconf 88' lang='lat' dir='ltr'><strong>ideo</strong></span> <span class='ocrx_word' id='word_1_303' title='bbox 1955 2415 2098 2485; x_wconf 91' lang='lat' dir='ltr'><strong>quod</strong></span> 
     </span>
    </p>
   </div>
   <div class='ocr_carea' id='block_1_43' title="bbox 549 2504 2092 2576">
    <p class='ocr_par' dir='ltr' id='par_1_43' title="bbox 549 2504 2092 2576">
     <span class='ocr_line' id='line_1_43' title="bbox 549 2504 2092 2576; baseline 0.002 -18"><span class='ocrx_word' id='word_1_304' title='bbox 549 2512 797 2559; x_wconf 88' lang='lat' dir='ltr'><strong>neutram</strong></span> <span class='ocrx_word' id='word_1_305' title='bbox 827 2504 882 2558; x_wconf 89' lang='lat' dir='ltr'><strong>in</strong></span> <span class='ocrx_word' id='word_1_306' title='bbox 918 2515 1126 2574; x_wconf 87' lang='lat' dir='ltr'><strong>partem</strong></span> <span class='ocrx_word' id='word_1_307' title='bbox 1171 2512 1410 2562; x_wconf 65' lang='lat' dir='ltr'><strong>statuere</strong></span> <span class='ocrx_word' id='word_1_308' title='bbox 1445 2507 1639 2576; x_wconf 85' lang='lat' dir='ltr'><strong>possit,</strong></span> <span class='ocrx_word' id='word_1_309' title='bbox 1684 2521 1806 2560; x_wconf 84' lang='lat' dir='ltr'><strong>cum</strong></span> <span class='ocrx_word' id='word_1_310' title='bbox 1840 2521 1907 2561; x_wconf 88' lang='lat' dir='ltr'><strong>ex</strong></span> <span class='ocrx_word' id='word_1_311' title='bbox 1937 2521 2092 2576; x_wconf 65' lang='lat' dir='ltr'><strong>aequo</strong></span> 
     </span>
    </p>
   </div>
   <div class='ocr_carea' id='block_1_44' title="bbox 556 2597 1305 2668">
    <p class='ocr_par' dir='ltr' id='par_1_44' title="bbox 556 2597 1305 2668">
     <span class='ocr_line' id='line_1_44' title="bbox 556 2597 1305 2668; baseline 0.001 -16"><span class='ocrx_word' id='word_1_312' title='bbox 556 2597 696 2652; x_wconf 91' lang='lat' dir='ltr'><strong>tradi</strong></span> <span class='ocrx_word' id='word_1_313' title='bbox 725 2605 1016 2668; x_wconf 87' lang='lat' dir='ltr'><strong>utrumque</strong></span> <span class='ocrx_word' id='word_1_314' title='bbox 1035 2607 1305 2653; x_wconf 83' lang='lat' dir='ltr'><strong>cerneret.</strong></span> 
     </span>
    </p>
   </div>
   <div class='ocr_carea' id='block_1_45' title="bbox 627 2770 2098 2844">
    <p class='ocr_par' dir='ltr' id='par_1_45' title="bbox 627 2770 2098 2844">
     <span class='ocr_line' id='line_1_45' title="bbox 627 2770 2098 2844; baseline 0.001 -17"><span class='ocrx_word' id='word_1_315' title='bbox 627 2770 895 2828; x_wconf 58' lang='lat' dir='ltr'><strong>Creterum</strong></span> <span class='ocrx_word' id='word_1_316' title='bbox 921 2787 1045 2828; x_wconf 90' lang='lat' dir='ltr'><strong>cum</strong></span> <span class='ocrx_word' id='word_1_317' title='bbox 1073 2773 1268 2844; x_wconf 83' lang='lat' dir='ltr'><strong>duplex</strong></span> <span class='ocrx_word' id='word_1_318' title='bbox 1299 2775 1565 2831; x_wconf 80' lang='lat' dir='ltr'><strong>habeatur</strong></span> <span class='ocrx_word' id='word_1_319' title='bbox 1589 2777 1696 2832; x_wconf 88' lang='lat' dir='ltr'><strong>loci</strong></span> <span class='ocrx_word' id='word_1_320' title='bbox 1729 2777 1872 2833; x_wconf 91' lang='lat' dir='ltr'><strong>illius</strong></span> <span class='ocrx_word' id='word_1_321' title='bbox 1899 2777 2057 2832; x_wconf 88' lang='lat' dir='ltr'><strong>lectio</strong></span> <span class='ocrx_word' id='word_1_322' title='bbox 2081 2792 2098 2829; x_wconf 87' lang='lat'><strong>:</strong></span> 
     </span>
    </p>
   </div>
   <div class='ocr_carea' id='block_1_46' title="bbox 541 2865 2104 2941">
    <p class='ocr_par' dir='ltr' id='par_1_46' title="bbox 541 2865 2104 2941">
     <span class='ocr_line' id='line_1_46' title="bbox 541 2865 2104 2941; baseline 0.001 -21"><span class='ocrx_word' id='word_1_323' title='bbox 541 2865 821 2936; x_wconf 71' lang='lat' dir='ltr'><strong>siquidem</strong></span> <span class='ocrx_word' id='word_1_324' title='bbox 865 2865 926 2919; x_wconf 82' lang='lat' dir='ltr'><strong>in</strong></span> <span class='ocrx_word' id='word_1_325' title='bbox 970 2867 1092 2922; x_wconf 70' lang='lat' dir='ltr'><strong>aiiis</strong></span> <span class='ocrx_word' id='word_1_326' title='bbox 1121 2868 1399 2923; x_wconf 86' lang='lat' dir='ltr'><strong>codicibus</strong></span> <span class='ocrx_word' id='word_1_327' title='bbox 1445 2869 1537 2921; x_wconf 81' lang='grc' dir='ltr'><strong>καί</strong></span> <span class='ocrx_word' id='word_1_328' title='bbox 1571 2871 1620 2920; x_wconf 77' lang='grc' dir='ltr'>κ’</span> <span class='ocrx_word' id='word_1_329' title='bbox 1653 2871 1971 2941; x_wconf 74' lang='grc' dir='ltr'>ἀμφήριστα</span> <span class='ocrx_word' id='word_1_330' title='bbox 2009 2869 2104 2921; x_wconf 83' lang='grc' dir='ltr'><strong>ττέ⁶</strong></span> 
     </span>
    </p>
   </div>
   <div class='ocr_carea' id='block_1_47' title="bbox 551 2954 2107 3030">
    <p class='ocr_par' dir='ltr' id='par_1_47' title="bbox 551 2954 2107 3030">
     <span class='ocr_line' id='line_1_47' title="bbox 551 2954 2107 3030; baseline 0.005 -23"><span class='ocrx_word' id='word_1_331' title='bbox 551 2954 704 3008; x_wconf 89' lang='grc' dir='ltr'>λοντο</span> <span class='ocrx_word' id='word_1_332' title='bbox 726 2972 739 2985; x_wconf 90' lang='grc'><strong>·</strong></span> <span class='ocrx_word' id='word_1_333' title='bbox 769 2955 822 3009; x_wconf 92' lang='lat' dir='ltr'><strong>in</strong></span> <span class='ocrx_word' id='word_1_334' title='bbox 853 2956 974 3011; x_wconf 87' lang='lat' dir='ltr'><strong>aliis</strong></span> <span class='ocrx_word' id='word_1_335' title='bbox 1003 2957 1052 3009; x_wconf 78' lang='grc' dir='ltr'>κ’</span> <span class='ocrx_word' id='word_1_336' title='bbox 1082 2957 1400 3029; x_wconf 77' lang='grc' dir='ltr'>ἀμφήριστα</span> <span class='ocrx_word' id='word_1_337' title='bbox 1425 2959 1693 3023; x_wconf 88' lang='grc' dir='ltr'>πέλονται,</span> <span class='ocrx_word' id='word_1_338' title='bbox 1709 2961 1903 3030; x_wconf 85' lang='lat' dir='ltr'><strong>legitur</strong></span> <span class='ocrx_word' id='word_1_339' title='bbox 1935 2959 2107 3015; x_wconf 85' lang='lat' dir='ltr'><strong>:scri-</strong></span> 
     </span>
    </p>
   </div>
   <div class='ocr_carea' id='block_1_48' title="bbox 553 3046 2106 3120">
    <p class='ocr_par' dir='ltr' id='par_1_48' title="bbox 553 3046 2106 3120">
     <span class='ocr_line' id='line_1_48' title="bbox 553 3046 2106 3120; baseline 0 -18"><span class='ocrx_word' id='word_1_340' title='bbox 553 3046 786 3102; x_wconf 83' lang='lat' dir='ltr'><strong>bendum</strong></span> <span class='ocrx_word' id='word_1_341' title='bbox 841 3057 926 3103; x_wconf 89' lang='lat' dir='ltr'><strong>est</strong></span> <span class='ocrx_word' id='word_1_342' title='bbox 976 3047 1209 3111; x_wconf 81' lang='grc' dir='ltr'>πέλοιτο,</span> <span class='ocrx_word' id='word_1_343' title='bbox 1254 3065 1361 3104; x_wconf 91' lang='lat' dir='ltr'><strong>non</strong></span> <span class='ocrx_word' id='word_1_344' title='bbox 1405 3058 1466 3104; x_wconf 92' lang='lat' dir='ltr'><strong>ut</strong></span> <span class='ocrx_word' id='word_1_345' title='bbox 1519 3059 1672 3120; x_wconf 88' lang='lat' dir='ltr'><strong>putat</strong></span> <span class='ocrx_word' id='word_1_346' title='bbox 1730 3051 1965 3115; x_wconf 78' lang='lat' dir='ltr'><strong>Attalus,</strong></span> <span class='ocrx_word' id='word_1_347' title='bbox 2009 3049 2106 3103; x_wconf 87' lang='grc' dir='ltr'>πέ-</span> 
     </span>
    </p>
   </div>
   <div class='ocr_carea' id='block_1_49' title="bbox 2194 1860 3754 1938">
    <p class='ocr_par' dir='ltr' id='par_1_49' title="bbox 2194 1860 3754 1938">
     <span class='ocr_line' id='line_1_49' title="bbox 2194 1860 3754 1938; baseline -0.006 -16"><span class='ocrx_word' id='word_1_348' title='bbox 2194 1869 2285 1922; x_wconf 82' lang='grc' dir='ltr'><strong>τού</strong></span> <span class='ocrx_word' id='word_1_349' title='bbox 2319 1869 2488 1938; x_wconf 76' lang='grc' dir='ltr'>Κριοῦ</span> <span class='ocrx_word' id='word_1_350' title='bbox 2520 1867 2916 1930; x_wconf 86' lang='grc' dir='ltr'>ἀνατέλλοντος,</span> <span class='ocrx_word' id='word_1_351' title='bbox 2955 1866 3224 1937; x_wconf 84' lang='grc' dir='ltr'>μετέωρος</span> <span class='ocrx_word' id='word_1_352' title='bbox 3272 1865 3540 1932; x_wconf 80' lang='grc' dir='ltr'>φαίνεται,</span> <span class='ocrx_word' id='word_1_353' title='bbox 3571 1862 3604 1932; x_wconf 84' lang='grc' dir='ltr'>ἦ</span> <span class='ocrx_word' id='word_1_354' title='bbox 3663 1860 3754 1914; x_wconf 75' lang='grc' dir='ltr'>τοῦ</span> 
     </span>
    </p>
   </div>
   <div class='ocr_carea' id='block_1_50' title="bbox 2195 1954 3758 2032">
    <p class='ocr_par' dir='ltr' id='par_1_50' title="bbox 2195 1954 3758 2032">
     <span class='ocr_line' id='line_1_50' title="bbox 2195 1954 3758 2032; baseline -0.005 -18"><span class='ocrx_word' id='word_1_355' title='bbox 2195 1960 2406 2032; x_wconf 79' lang='grc' dir='ltr'>Ταύρου</span> <span class='ocrx_word' id='word_1_356' title='bbox 2459 1959 2898 2030; x_wconf 87' lang='grc' dir='ltr'>ἀναφερομένου,</span> <span class='ocrx_word' id='word_1_357' title='bbox 2943 1957 3018 2020; x_wconf 81' lang='grc' dir='ltr'><strong>ὡς</strong></span> <span class='ocrx_word' id='word_1_358' title='bbox 3045 1957 3105 2010; x_wconf 84' lang='grc' dir='ltr'>τὸ</span> <span class='ocrx_word' id='word_1_359' title='bbox 3139 1958 3321 2027; x_wconf 76' lang='grc' dir='ltr'>ἕτερον</span> <span class='ocrx_word' id='word_1_360' title='bbox 3367 1955 3475 2007; x_wconf 88' lang='grc' dir='ltr'><strong>τῶν</strong></span> <span class='ocrx_word' id='word_1_361' title='bbox 3505 1954 3600 2007; x_wconf 80' lang='grc' dir='ltr'>τοῦ</span> <span class='ocrx_word' id='word_1_362' title='bbox 3658 1954 3758 2006; x_wconf 81' lang='grc' dir='ltr'><strong>Εὑ-</strong></span> 
     </span>
    </p>
   </div>
   <div class='ocr_carea' id='block_1_51' title="bbox 2193 2047 3758 2120">
    <p class='ocr_par' dir='ltr' id='par_1_51' title="bbox 2193 2047 3758 2120">
     <span class='ocr_line' id='line_1_51' title="bbox 2193 2047 3758 2120; baseline -0.004 -16"><span class='ocrx_word' id='word_1_363' title='bbox 2193 2051 2342 2117; x_wconf 77' lang='grc' dir='ltr'>δόξου</span> <span class='ocrx_word' id='word_1_364' title='bbox 2387 2050 2774 2120; x_wconf 77' lang='grc' dir='ltr'>συνταγμάτων</span> <span class='ocrx_word' id='word_1_365' title='bbox 2804 2049 3060 2118; x_wconf 86' lang='grc' dir='ltr'>περιέχει.</span> <span class='ocrx_word' id='word_1_366' title='bbox 3096 2049 3171 2101; x_wconf 84' lang='grc' dir='ltr'>υύ</span> <span class='ocrx_word' id='word_1_367' title='bbox 3198 2047 3344 2119; x_wconf 81' lang='grc' dir='ltr'><strong>παρά</strong></span> <span class='ocrx_word' id='word_1_368' title='bbox 3375 2048 3434 2100; x_wconf 74' lang='grc' dir='ltr'><strong>τὸ</strong></span> <span class='ocrx_word' id='word_1_369' title='bbox 3462 2050 3528 2117; x_wconf 80' lang='grc' dir='ltr'>τῇ</span> <span class='ocrx_word' id='word_1_370' title='bbox 3560 2047 3758 2117; x_wconf 77' lang='grc' dir='ltr'>αἰσθή-</span> 
     </span>
    </p>
   </div>
   <div class='ocr_carea' id='block_1_52' title="bbox 2199 2133 3755 2211">
    <p class='ocr_par' dir='ltr' id='par_1_52' title="bbox 2199 2133 3755 2211">
     <span class='ocr_line' id='line_1_52' title="bbox 2199 2133 3755 2211; baseline -0.003 -16"><span class='ocrx_word' id='word_1_371' title='bbox 2199 2160 2280 2195; x_wconf 89' lang='grc' dir='ltr'><strong>σει</strong></span> <span class='ocrx_word' id='word_1_372' title='bbox 2307 2139 2397 2195; x_wconf 77' lang='grc' dir='ltr'><strong>οὗν</strong></span> <span class='ocrx_word' id='word_1_373' title='bbox 2425 2142 2703 2211; x_wconf 85' lang='grc' dir='ltr'>δύσκριτον</span> <span class='ocrx_word' id='word_1_374' title='bbox 2735 2138 2870 2193; x_wconf 83' lang='grc' dir='ltr'>εἶναι</span> <span class='ocrx_word' id='word_1_375' title='bbox 2899 2139 2984 2193; x_wconf 78' lang='grc' dir='ltr'><strong>διὰ</strong></span> <span class='ocrx_word' id='word_1_376' title='bbox 3012 2141 3307 2210; x_wconf 80' lang='grc' dir='ltr'>μικρότητα</span> <span class='ocrx_word' id='word_1_377' title='bbox 3342 2133 3440 2208; x_wconf 76' lang='grc' dir='ltr'>τῆς</span> <span class='ocrx_word' id='word_1_378' title='bbox 3467 2140 3755 2210; x_wconf 72' lang='grc' dir='ltr'>διαφορᾶς,</span> 
     </span>
    </p>
   </div>
   <div class='ocr_carea' id='block_1_53' title="bbox 2196 2227 3759 2301">
    <p class='ocr_par' dir='ltr' id='par_1_53' title="bbox 2196 2227 3759 2301">
     <span class='ocr_line' id='line_1_53' title="bbox 2196 2227 3759 2301; baseline -0.002 -17"><span class='ocrx_word' id='word_1_379' title='bbox 2196 2231 2270 2296; x_wconf 84' lang='grc' dir='ltr'><strong>ὡς</strong></span> <span class='ocrx_word' id='word_1_380' title='bbox 2290 2234 2317 2284; x_wconf 92' lang='lat'><strong>6</strong></span> <span class='ocrx_word' id='word_1_381' title='bbox 2334 2231 2590 2294; x_wconf 77' lang='grc' dir='ltr'>’Ἄτταλος</span> <span class='ocrx_word' id='word_1_382' title='bbox 2617 2231 2902 2291; x_wconf 77' lang='grc' dir='ltr'>ύπέλαόεν,</span> <span class='ocrx_word' id='word_1_383' title='bbox 2925 2230 3260 2301; x_wconf 83' lang='grc' dir='ltr'>ἀμφήριστόν</span> <span class='ocrx_word' id='word_1_384' title='bbox 3278 2242 3439 2299; x_wconf 79' lang='grc' dir='ltr'>φησιν</span> <span class='ocrx_word' id='word_1_385' title='bbox 3469 2227 3625 2292; x_wconf 80' lang='grc' dir='ltr'>εἶναι,</span> <span class='ocrx_word' id='word_1_386' title='bbox 3663 2230 3759 2282; x_wconf 60' lang='grc' dir='ltr'>πόα</span> 
     </span>
    </p>
   </div>
   <div class='ocr_carea' id='block_1_54' title="bbox 2197 2322 3756 2395">
    <p class='ocr_par' dir='ltr' id='par_1_54' title="bbox 2197 2322 3756 2395">
     <span class='ocr_line' id='line_1_54' title="bbox 2197 2322 3756 2395; baseline 0 -19"><span class='ocrx_word' id='word_1_387' title='bbox 2197 2341 2350 2395; x_wconf 82' lang='grc' dir='ltr'>τερον</span> <span class='ocrx_word' id='word_1_388' title='bbox 2392 2325 2424 2394; x_wconf 82' lang='grc' dir='ltr'>ἡ</span> <span class='ocrx_word' id='word_1_389' title='bbox 2456 2322 2596 2393; x_wconf 79' lang='grc' dir='ltr'><strong>ζώνη</strong></span> <span class='ocrx_word' id='word_1_390' title='bbox 2635 2323 2724 2376; x_wconf 80' lang='grc' dir='ltr'>τοῦ</span> <span class='ocrx_word' id='word_1_391' title='bbox 2763 2324 3010 2393; x_wconf 86' lang='grc' dir='ltr'>Περσέως</span> <span class='ocrx_word' id='word_1_392' title='bbox 3041 2323 3180 2394; x_wconf 81' lang='grc' dir='ltr'>ὑπὲρ</span> <span class='ocrx_word' id='word_1_393' title='bbox 3208 2323 3308 2393; x_wconf 75' lang='grc' dir='ltr'>γῆν</span> <span class='ocrx_word' id='word_1_394' title='bbox 3348 2323 3448 2393; x_wconf 70' lang='grc' dir='ltr'><strong>ἤδη</strong></span> <span class='ocrx_word' id='word_1_395' title='bbox 3481 2324 3756 2391; x_wconf 81' lang='grc' dir='ltr'>φαίνεται,</span> 
     </span>
    </p>
   </div>
   <div class='ocr_carea' id='block_1_55' title="bbox 2199 2412 3756 2486">
    <p class='ocr_par' dir='ltr' id='par_1_55' title="bbox 2199 2412 3756 2486">
     <span class='ocr_line' id='line_1_55' title="bbox 2199 2412 3756 2486; baseline 0.007 -20"><span class='ocrx_word' id='word_1_396' title='bbox 2199 2417 2295 2486; x_wconf 82' lang='grc' dir='ltr'>τῆς</span> <span class='ocrx_word' id='word_1_397' title='bbox 2345 2417 2516 2486; x_wconf 83' lang='grc' dir='ltr'>ἀρχῆς</span> <span class='ocrx_word' id='word_1_398' title='bbox 2569 2414 2661 2467; x_wconf 83' lang='grc' dir='ltr'>τοῦ</span> <span class='ocrx_word' id='word_1_399' title='bbox 2707 2413 2876 2486; x_wconf 88' lang='grc' dir='ltr'>Κριοῦ</span> <span class='ocrx_word' id='word_1_400' title='bbox 2908 2413 3042 2484; x_wconf 81' lang='grc' dir='ltr'>πρὸς</span> <span class='ocrx_word' id='word_1_401' title='bbox 3068 2414 3146 2483; x_wconf 87' lang='grc' dir='ltr'>τῷ</span> <span class='ocrx_word' id='word_1_402' title='bbox 3193 2412 3423 2484; x_wconf 78' lang='grc' dir='ltr'>ὁρίζοντι</span> <span class='ocrx_word' id='word_1_403' title='bbox 3474 2413 3680 2483; x_wconf 43' lang='lat'><strong>0561;?</strong></span> <span class='ocrx_word' id='word_1_404' title='bbox 3724 2416 3756 2483; x_wconf 80' lang='grc' dir='ltr'>ἦ</span> 
     </span>
    </p>
   </div>
   <div class='ocr_carea' id='block_1_56' title="bbox 2199 2500 3760 2578">
    <p class='ocr_par' dir='ltr' id='par_1_56' title="bbox 2199 2500 3760 2578">
     <span class='ocr_line' id='line_1_56' title="bbox 2199 2500 3760 2578; baseline -0.001 -18"><span class='ocrx_word' id='word_1_405' title='bbox 2199 2507 2496 2578; x_wconf 83' lang='grc' dir='ltr'>ἀρχομένου</span> <span class='ocrx_word' id='word_1_406' title='bbox 2543 2506 2643 2577; x_wconf 70' lang='grc' dir='ltr'><strong>ἤδη</strong></span> <span class='ocrx_word' id='word_1_407' title='bbox 2695 2505 2999 2559; x_wconf 82' lang='grc' dir='ltr'>ἀνατέλλειν</span> <span class='ocrx_word' id='word_1_408' title='bbox 3041 2504 3133 2558; x_wconf 82' lang='grc' dir='ltr'>τοῦ</span> <span class='ocrx_word' id='word_1_409' title='bbox 3189 2500 3400 2576; x_wconf 79' lang='grc' dir='ltr'>Ταύρου</span> <span class='ocrx_word' id='word_1_410' title='bbox 3420 2544 3435 2566; x_wconf 98' lang='grc'><strong>,</strong></span> <span class='ocrx_word' id='word_1_411' title='bbox 3487 2505 3605 2557; x_wconf 87' lang='grc' dir='ltr'>τότε</span> <span class='ocrx_word' id='word_1_412' title='bbox 3667 2506 3760 2558; x_wconf 80' lang='grc' dir='ltr'>καὶ</span> 
     </span>
    </p>
   </div>
   <div class='ocr_carea' id='block_1_57' title="bbox 2200 2596 3758 2669">
    <p class='ocr_par' dir='ltr' id='par_1_57' title="bbox 2200 2596 3758 2669">
     <span class='ocr_line' id='line_1_57' title="bbox 2200 2596 3758 2669; baseline -0.001 -20"><span class='ocrx_word' id='word_1_413' title='bbox 2200 2598 2337 2668; x_wconf 79' lang='grc' dir='ltr'>αὑτὴ</span> <span class='ocrx_word' id='word_1_414' title='bbox 2377 2598 2728 2668; x_wconf 85' lang='grc' dir='ltr'>ἀναφέρεται·</span> <span class='ocrx_word' id='word_1_415' title='bbox 2766 2597 2900 2650; x_wconf 84' lang='grc' dir='ltr'><strong>ἀλλά</strong></span> <span class='ocrx_word' id='word_1_416' title='bbox 2945 2597 3005 2650; x_wconf 85' lang='grc' dir='ltr'>τὸ</span> <span class='ocrx_word' id='word_1_417' title='bbox 3051 2597 3124 2669; x_wconf 80' lang='grc' dir='ltr'>μὴ</span> <span class='ocrx_word' id='word_1_418' title='bbox 3173 2596 3312 2666; x_wconf 76' lang='grc' dir='ltr'>ἔχειν</span> <span class='ocrx_word' id='word_1_419' title='bbox 3344 2597 3535 2662; x_wconf 79' lang='grc' dir='ltr'>εἰπεῖν,</span> <span class='ocrx_word' id='word_1_420' title='bbox 3571 2596 3663 2649; x_wconf 74' lang='grc' dir='ltr'><strong>διὰ</strong></span> <span class='ocrx_word' id='word_1_421' title='bbox 3703 2597 3758 2648; x_wconf 76' lang='grc' dir='ltr'>τὸ</span> 
     </span>
    </p>
   </div>
   <div class='ocr_carea' id='block_1_58' title="bbox 2201 2685 2909 2760">
    <p class='ocr_par' dir='ltr' id='par_1_58' title="bbox 2201 2685 2909 2760">
     <span class='ocr_line' id='line_1_58' title="bbox 2201 2685 2909 2760; baseline 0 -20"><span class='ocrx_word' id='word_1_422' title='bbox 2201 2685 2471 2759; x_wconf 68' lang='grc' dir='ltr'>ἑκατέρως</span> <span class='ocrx_word' id='word_1_423' title='bbox 2503 2688 2909 2760; x_wconf 76' lang='grc' dir='ltr'>παραδεδόσθαι.</span> 
     </span>
    </p>
   </div>
   <div class='ocr_carea' id='block_1_59' title="bbox 2272 2781 3756 2852">
    <p class='ocr_par' dir='ltr' id='par_1_59' title="bbox 2272 2781 3756 2852">
     <span class='ocr_line' id='line_1_59' title="bbox 2272 2781 3756 2852; baseline -0.003 -18"><span class='ocrx_word' id='word_1_424' title='bbox 2272 2781 2442 2851; x_wconf 83' lang='grc' dir='ltr'>Διχῶς</span> <span class='ocrx_word' id='word_1_425' title='bbox 2472 2782 2527 2834; x_wconf 87' lang='grc' dir='ltr'>δὲ</span> <span class='ocrx_word' id='word_1_426' title='bbox 2561 2782 2922 2852; x_wconf 82' lang='grc' dir='ltr'>γραφομένου,</span> <span class='ocrx_word' id='word_1_427' title='bbox 2961 2782 3019 2833; x_wconf 86' lang='grc' dir='ltr'><strong>έν</strong></span> <span class='ocrx_word' id='word_1_428' title='bbox 3051 2781 3146 2851; x_wconf 88' lang='grc' dir='ltr'><strong>μέν</strong></span> <span class='ocrx_word' id='word_1_429' title='bbox 3183 2797 3318 2834; x_wconf 84' lang='grc' dir='ltr'>τισιν</span> <span class='ocrx_word' id='word_1_430' title='bbox 3358 2781 3719 2852; x_wconf 77' lang='grc' dir='ltr'>ἀντιγράφοις</span> <span class='ocrx_word' id='word_1_431' title='bbox 3740 2797 3756 2810; x_wconf 86' lang='grc'>·</span> 
     </span>
    </p>
   </div>
   <div class='ocr_carea' id='block_1_60' title="bbox 2203 2872 3758 2944">
    <p class='ocr_par' dir='ltr' id='par_1_60' title="bbox 2203 2872 3758 2944">
     <span class='ocr_line' id='line_1_60' title="bbox 2203 2872 3758 2944; baseline 0 -18"><span class='ocrx_word' id='word_1_432' title='bbox 2203 2872 2302 2926; x_wconf 76' lang='grc' dir='ltr'>καὶ</span> <span class='ocrx_word' id='word_1_433' title='bbox 2337 2874 2404 2904; x_wconf 70' lang='grc'><strong>⁸⁸⁸</strong></span> <span class='ocrx_word' id='word_1_434' title='bbox 2437 2875 2771 2942; x_wconf 66' lang='grc' dir='ltr'>καμφίσατο</span> <span class='ocrx_word' id='word_1_435' title='bbox 2793 2915 2808 2938; x_wconf 94' lang='grc'><strong>,</strong></span> <span class='ocrx_word' id='word_1_436' title='bbox 2841 2874 2897 2925; x_wconf 84' lang='grc' dir='ltr'>ὲν</span> <span class='ocrx_word' id='word_1_437' title='bbox 2939 2873 2994 2926; x_wconf 85' lang='grc' dir='ltr'><strong>δέ</strong></span> <span class='ocrx_word' id='word_1_438' title='bbox 3024 2889 3163 2926; x_wconf 75' lang='grc' dir='ltr'>τισιο</span> <span class='ocrx_word' id='word_1_439' title='bbox 3205 2874 3304 2926; x_wconf 86' lang='grc' dir='ltr'>καί</span> <span class='ocrx_word' id='word_1_440' title='bbox 3331 2873 3383 2926; x_wconf 82' lang='grc' dir='ltr'>κ’</span> <span class='ocrx_word' id='word_1_441' title='bbox 3411 2874 3758 2944; x_wconf 65' lang='grc' dir='ltr'>ἀμφήριστα</span> 
     </span>
    </p>
   </div>
   <div class='ocr_carea' id='block_1_61' title="bbox 2204 2961 3758 3033">
    <p class='ocr_par' dir='ltr' id='par_1_61' title="bbox 2204 2961 3758 3033">
     <span class='ocr_line' id='line_1_61' title="bbox 2204 2961 3758 3033; baseline 0.001 -18"><span class='ocrx_word' id='word_1_442' title='bbox 2204 2961 2484 3016; x_wconf 76' lang='grc' dir='ltr'>πέλονται</span> <span class='ocrx_word' id='word_1_443' title='bbox 2506 2979 2520 2992; x_wconf 74' lang='grc' dir='ltr'><strong>ο</strong></span> <span class='ocrx_word' id='word_1_444' title='bbox 2550 2963 2628 3014; x_wconf 81' lang='grc' dir='ltr'><strong>δεῖ</strong></span> <span class='ocrx_word' id='word_1_445' title='bbox 2653 2963 2882 3033; x_wconf 79' lang='grc' dir='ltr'>γράφειν</span> <span class='ocrx_word' id='word_1_446' title='bbox 2908 2963 3144 3016; x_wconf 77' lang='grc' dir='ltr'>πέλοιτο</span> <span class='ocrx_word' id='word_1_447' title='bbox 3162 2979 3176 2992; x_wconf 84' lang='lat'>&#39;</span> <span class='ocrx_word' id='word_1_448' title='bbox 3216 2963 3310 3016; x_wconf 75' lang='grc' dir='ltr'>καὶ</span> <span class='ocrx_word' id='word_1_449' title='bbox 3333 2964 3451 3033; x_wconf 87' lang='grc' dir='ltr'>ούχ,</span> <span class='ocrx_word' id='word_1_450' title='bbox 3475 2964 3550 3027; x_wconf 82' lang='grc' dir='ltr'>ὡς</span> <span class='ocrx_word' id='word_1_451' title='bbox 3577 2968 3606 3016; x_wconf 91' lang='lat'><strong>6</strong></span> <span class='ocrx_word' id='word_1_452' title='bbox 3633 2966 3758 3017; x_wconf 76' lang='grc' dir='ltr'><strong>Ἀτ-</strong></span> 
     </span>
    </p>
   </div>
   <div class='ocr_carea' id='block_1_62' title="bbox 2204 3053 3758 3125">
    <p class='ocr_par' dir='ltr' id='par_1_62' title="bbox 2204 3053 3758 3125">
     <span class='ocr_line' id='line_1_62' title="bbox 2204 3053 3758 3125; baseline 0.003 -19"><span class='ocrx_word' id='word_1_453' title='bbox 2204 3060 2381 3116; x_wconf 75' lang='grc' dir='ltr'>ταλος,</span> <span class='ocrx_word' id='word_1_454' title='bbox 2409 3053 2706 3108; x_wconf 70' lang='grc' dir='ltr'>πέλονται.</span> <span class='ocrx_word' id='word_1_455' title='bbox 2731 3055 2819 3124; x_wconf 85' lang='grc' dir='ltr'>Τῷ</span> <span class='ocrx_word' id='word_1_456' title='bbox 2846 3054 2953 3125; x_wconf 83' lang='grc' dir='ltr'>γὰρ</span> <span class='ocrx_word' id='word_1_457' title='bbox 2976 3053 3252 3125; x_wconf 87' lang='grc' dir='ltr'>συνδέσμῳ</span> <span class='ocrx_word' id='word_1_458' title='bbox 3275 3055 3335 3108; x_wconf 81' lang='grc' dir='ltr'>τὸ</span> <span class='ocrx_word' id='word_1_459' title='bbox 3361 3057 3606 3110; x_wconf 73' lang='grc' dir='ltr'>πέλοιτο</span> <span class='ocrx_word' id='word_1_460' title='bbox 3630 3073 3758 3111; x_wconf 84' lang='grc' dir='ltr'>κατ-</span> 
     </span>
    </p>
   </div>
   <div class='ocr_carea' id='block_1_63' title="bbox 552 3126 2101 3214">
    <p class='ocr_par' dir='ltr' id='par_1_63' title="bbox 552 3137 2101 3212">
     <span class='ocr_line' id='line_1_63' title="bbox 552 3137 2101 3212; baseline 0.002 -21"><span class='ocrx_word' id='word_1_461' title='bbox 552 3137 750 3193; x_wconf 88' lang='grc' dir='ltr'>λονται.</span> <span class='ocrx_word' id='word_1_462' title='bbox 785 3137 921 3193; x_wconf 87' lang='lat' dir='ltr'><strong>Nam</strong></span> <span class='ocrx_word' id='word_1_463' title='bbox 976 3154 1099 3194; x_wconf 88' lang='lat' dir='ltr'><strong>cum</strong></span> <span class='ocrx_word' id='word_1_464' title='bbox 1156 3141 1424 3210; x_wconf 85' lang='lat' dir='ltr'><strong>particula</strong></span> <span class='ocrx_word' id='word_1_465' title='bbox 1460 3141 1767 3212; x_wconf 80' lang='lat' dir='ltr'><strong>capulativa</strong></span> <span class='ocrx_word' id='word_1_466' title='bbox 1818 3149 1966 3197; x_wconf 85' lang='lat' dir='ltr'><strong>recte</strong></span> <span class='ocrx_word' id='word_1_467' title='bbox 2009 3141 2101 3194; x_wconf 83' lang='grc' dir='ltr'>πέ-</span> 
     </span>
    </p>
   </div>
   <div class='ocr_carea' id='block_1_64' title="bbox 2201 3126 3758 3214">
    <p class='ocr_par' dir='ltr' id='par_1_64' title="bbox 2203 3141 3758 3214">
     <span class='ocr_line' id='line_1_64' title="bbox 2203 3141 3758 3214; baseline 0.002 -19"><span class='ocrx_word' id='word_1_468' title='bbox 2203 3142 2443 3212; x_wconf 83' lang='grc' dir='ltr'>αλλήλως</span> <span class='ocrx_word' id='word_1_469' title='bbox 2482 3141 2719 3211; x_wconf 83' lang='grc' dir='ltr'>λέγεται,</span> <span class='ocrx_word' id='word_1_470' title='bbox 2759 3143 2880 3197; x_wconf 82' lang='grc' dir='ltr'>οὐδὲ</span> <span class='ocrx_word' id='word_1_471' title='bbox 2915 3143 3020 3214; x_wconf 89' lang='grc' dir='ltr'><strong>γάρ</strong></span> <span class='ocrx_word' id='word_1_472' title='bbox 3052 3143 3416 3214; x_wconf 81' lang='grc' dir='ltr'>περισπᾶσθαι</span> <span class='ocrx_word' id='word_1_473' title='bbox 3454 3145 3556 3210; x_wconf 81' lang='grc' dir='ltr'>δεῖ,</span> <span class='ocrx_word' id='word_1_474' title='bbox 3586 3147 3677 3201; x_wconf 73' lang='grc' dir='ltr'>διὰ</span> <span class='ocrx_word' id='word_1_475' title='bbox 3703 3147 3758 3198; x_wconf 64' lang='grc' dir='ltr'><strong>τὺ</strong></span> 
     </span>
    </p>
   </div>
   <div class='ocr_carea' id='block_1_65' title="bbox 553 3230 2104 3303">
    <p class='ocr_par' dir='ltr' id='par_1_65' title="bbox 553 3230 2104 3303">
     <span class='ocr_line' id='line_1_65' title="bbox 553 3230 2104 3303; baseline 0.001 -17"><span class='ocrx_word' id='word_1_476' title='bbox 553 3232 694 3286; x_wconf 86' lang='grc' dir='ltr'>λοιτο</span> <span class='ocrx_word' id='word_1_477' title='bbox 724 3231 1092 3302; x_wconf 68' lang='lat' dir='ltr'><strong>coniungitur.</strong></span> <span class='ocrx_word' id='word_1_478' title='bbox 1124 3230 1240 3285; x_wconf 81' lang='lat' dir='ltr'><strong>Non</strong></span> <span class='ocrx_word' id='word_1_479' title='bbox 1288 3234 1433 3287; x_wconf 89' lang='lat' dir='ltr'><strong>enim</strong></span> <span class='ocrx_word' id='word_1_480' title='bbox 1461 3230 1644 3288; x_wconf 83' lang='lat' dir='ltr'><strong>diduci</strong></span> <span class='ocrx_word' id='word_1_481' title='bbox 1686 3240 1972 3303; x_wconf 72' lang='lat' dir='ltr'><strong>propterea</strong></span> <span class='ocrx_word' id='word_1_482' title='bbox 2007 3249 2104 3287; x_wconf 87' lang='lat' dir='ltr'><strong>ne-</strong></span> 
     </span>
    </p>
   </div>
   <div class='ocr_carea' id='block_1_66' title="bbox 541 3323 2107 3396">
    <p class='ocr_par' dir='ltr' id='par_1_66' title="bbox 541 3323 2107 3396">
     <span class='ocr_line' id='line_1_66' title="bbox 541 3323 2107 3396; baseline -0.002 -16"><span class='ocrx_word' id='word_1_483' title='bbox 541 3341 710 3380; x_wconf 69' lang='lat' dir='ltr'><strong>cesse</strong></span> <span class='ocrx_word' id='word_1_484' title='bbox 732 3333 835 3388; x_wconf 90' lang='lat' dir='ltr'><strong>est,</strong></span> <span class='ocrx_word' id='word_1_485' title='bbox 865 3323 1010 3392; x_wconf 89' lang='lat' dir='ltr'><strong>quod</strong></span> <span class='ocrx_word' id='word_1_486' title='bbox 1055 3338 1249 3378; x_wconf 84' lang='lat' dir='ltr'><strong>nomen</strong></span> <span class='ocrx_word' id='word_1_487' title='bbox 1293 3325 1609 3396; x_wconf 78' lang='grc' dir='ltr'>ἀμφήριστοι</span> <span class='ocrx_word' id='word_1_488' title='bbox 1654 3325 1846 3395; x_wconf 84' lang='lat' dir='ltr'><strong>plurali</strong></span> <span class='ocrx_word' id='word_1_489' title='bbox 1881 3339 2107 3379; x_wconf 90' lang='lat' dir='ltr'><strong>numero</strong></span> 
     </span>
    </p>
   </div>
   <div class='ocr_carea' id='block_1_67' title="bbox 549 3413 1975 3487">
    <p class='ocr_par' dir='ltr' id='par_1_67' title="bbox 549 3413 1975 3487">
     <span class='ocr_line' id='line_1_67' title="bbox 549 3413 1975 3487; baseline 0.001 -16"><span class='ocrx_word' id='word_1_490' title='bbox 549 3413 799 3487; x_wconf 73' lang='lat' dir='ltr'><strong>ponitur,</strong></span> <span class='ocrx_word' id='word_1_491' title='bbox 828 3431 950 3470; x_wconf 86' lang='lat' dir='ltr'><strong>cum</strong></span> <span class='ocrx_word' id='word_1_492' title='bbox 990 3416 1249 3470; x_wconf 88' lang='lat' dir='ltr'><strong>tralatitia</strong></span> <span class='ocrx_word' id='word_1_493' title='bbox 1281 3415 1354 3472; x_wconf 90' lang='lat' dir='ltr'><strong>sit</strong></span> <span class='ocrx_word' id='word_1_494' title='bbox 1388 3417 1500 3472; x_wconf 69' lang='lat' dir='ltr'><strong>haec</strong></span> <span class='ocrx_word' id='word_1_495' title='bbox 1521 3417 1776 3487; x_wconf 91' lang='lat' dir='ltr'><strong>loquendi</strong></span> <span class='ocrx_word' id='word_1_496' title='bbox 1815 3417 1975 3472; x_wconf 88' lang='lat' dir='ltr'><strong>ratio.</strong></span> 
     </span>
    </p>
   </div>
   <div class='ocr_carea' id='block_1_68' title="bbox 634 3503 2106 3577">
    <p class='ocr_par' dir='ltr' id='par_1_68' title="bbox 634 3503 2106 3577">
     <span class='ocr_line' id='line_1_68' title="bbox 634 3503 2106 3577; baseline 0.002 -17"><span class='ocrx_word' id='word_1_497' title='bbox 634 3505 824 3560; x_wconf 79' lang='lat' dir='ltr'><strong>XVlll.</strong></span> <span class='ocrx_word' id='word_1_498' title='bbox 862 3503 1084 3561; x_wconf 89' lang='lat' dir='ltr'><strong>Oriente</strong></span> <span class='ocrx_word' id='word_1_499' title='bbox 1121 3504 1286 3560; x_wconf 85' lang='lat' dir='ltr'><strong>Tauri</strong></span> <span class='ocrx_word' id='word_1_500' title='bbox 1322 3506 1593 3577; x_wconf 83' lang='lat' dir='ltr'><strong>principio</strong></span> <span class='ocrx_word' id='word_1_501' title='bbox 1630 3507 1880 3563; x_wconf 87' lang='lat' dir='ltr'><strong>scribunt</strong></span> <span class='ocrx_word' id='word_1_502' title='bbox 1907 3507 2106 3563; x_wconf 87' lang='lat' dir='ltr'><strong>Aratus</strong></span> 
     </span>
    </p>
   </div>
   <div class='ocr_carea' id='block_1_69' title="bbox 544 3595 2106 3668">
    <p class='ocr_par' dir='ltr' id='par_1_69' title="bbox 544 3595 2106 3668">
     <span class='ocr_line' id='line_1_69' title="bbox 544 3595 2106 3668; baseline 0.001 -15"><span class='ocrx_word' id='word_1_503' title='bbox 544 3606 613 3653; x_wconf 71' lang='grc' dir='ltr'><strong>ἐι</strong></span> <span class='ocrx_word' id='word_1_504' title='bbox 635 3595 914 3662; x_wconf 80' lang='lat' dir='ltr'><strong>Eudoxus,</strong></span> <span class='ocrx_word' id='word_1_505' title='bbox 933 3604 1107 3652; x_wconf 88' lang='lat' dir='ltr'><strong>totum</strong></span> <span class='ocrx_word' id='word_1_506' title='bbox 1135 3613 1299 3668; x_wconf 88' lang='lat' dir='ltr'><strong>supra</strong></span> <span class='ocrx_word' id='word_1_507' title='bbox 1327 3607 1525 3654; x_wconf 83' lang='lat' dir='ltr'><strong>terram</strong></span> <span class='ocrx_word' id='word_1_508' title='bbox 1548 3599 1794 3654; x_wconf 84' lang='lat' dir='ltr'><strong>eminere</strong></span> <span class='ocrx_word' id='word_1_509' title='bbox 1810 3597 2062 3654; x_wconf 87' lang='lat' dir='ltr'><strong>Perseum</strong></span> <span class='ocrx_word' id='word_1_510' title='bbox 2091 3618 2106 3654; x_wconf 92' lang='lat'><strong>:</strong></span> 
     </span>
    </p>
   </div>
   <div class='ocr_carea' id='block_1_70' title="bbox 546 3687 2106 3758">
    <p class='ocr_par' dir='ltr' id='par_1_70' title="bbox 546 3687 2106 3758">
     <span class='ocr_line' id='line_1_70' title="bbox 546 3687 2106 3758; baseline 0 -15"><span class='ocrx_word' id='word_1_511' title='bbox 546 3695 614 3743; x_wconf 65' lang='lat' dir='ltr'><strong>et</strong></span> <span class='ocrx_word' id='word_1_512' title='bbox 642 3687 854 3758; x_wconf 82' lang='lat' dir='ltr'><strong>Auriga:</strong></span> <span class='ocrx_word' id='word_1_513' title='bbox 877 3687 1156 3743; x_wconf 86' lang='lat' dir='ltr'><strong>sinistram</strong></span> <span class='ocrx_word' id='word_1_514' title='bbox 1181 3704 1418 3753; x_wconf 87' lang='lat' dir='ltr'><strong>manum,</strong></span> <span class='ocrx_word' id='word_1_515' title='bbox 1441 3689 1497 3742; x_wconf 88' lang='lat' dir='ltr'><strong>in</strong></span> <span class='ocrx_word' id='word_1_516' title='bbox 1527 3703 1634 3758; x_wconf 90' lang='lat' dir='ltr'><strong>qua</strong></span> <span class='ocrx_word' id='word_1_517' title='bbox 1656 3689 1746 3744; x_wconf 85' lang='lat' dir='ltr'><strong>siti</strong></span> <span class='ocrx_word' id='word_1_518' title='bbox 1769 3697 1896 3744; x_wconf 89' lang='lat' dir='ltr'><strong>sunt</strong></span> <span class='ocrx_word' id='word_1_519' title='bbox 1913 3688 2106 3751; x_wconf 73' lang='lat' dir='ltr'><strong>Hmdi;</strong></span> 
     </span>
    </p>
   </div>
   <div class='ocr_carea' id='block_1_71' title="bbox 551 3778 2107 3849">
    <p class='ocr_par' dir='ltr' id='par_1_71' title="bbox 551 3778 2107 3849">
     <span class='ocr_line' id='line_1_71' title="bbox 551 3778 2107 3849; baseline 0.002 -17"><span class='ocrx_word' id='word_1_520' title='bbox 551 3793 663 3832; x_wconf 85' lang='lat' dir='ltr'><strong>nec</strong></span> <span class='ocrx_word' id='word_1_521' title='bbox 709 3792 819 3832; x_wconf 90' lang='lat' dir='ltr'><strong>non</strong></span> <span class='ocrx_word' id='word_1_522' title='bbox 865 3778 1152 3832; x_wconf 89' lang='lat' dir='ltr'><strong>sinistrum</strong></span> <span class='ocrx_word' id='word_1_523' title='bbox 1201 3779 1446 3848; x_wconf 88' lang='lat' dir='ltr'><strong>ejusdem</strong></span> <span class='ocrx_word' id='word_1_524' title='bbox 1491 3779 1713 3849; x_wconf 87' lang='lat' dir='ltr'><strong>pedem;</strong></span> <span class='ocrx_word' id='word_1_525' title='bbox 1740 3780 1807 3834; x_wconf 88' lang='lat' dir='ltr'><strong>ad</strong></span> <span class='ocrx_word' id='word_1_526' title='bbox 1842 3780 1956 3835; x_wconf 69' lang='lat' dir='ltr'><strong>haec</strong></span> <span class='ocrx_word' id='word_1_527' title='bbox 1992 3781 2107 3836; x_wconf 88' lang='lat' dir='ltr'><strong>Ceti</strong></span> 
     </span>
    </p>
   </div>
   <div class='ocr_carea' id='block_1_72' title="bbox 548 3866 2111 3940">
    <p class='ocr_par' dir='ltr' id='par_1_72' title="bbox 548 3866 2111 3940">
     <span class='ocr_line' id='line_1_72' title="bbox 548 3866 2111 3940; baseline 0.004 -20"><span class='ocrx_word' id='word_1_528' title='bbox 548 3866 825 3938; x_wconf 83' lang='lat' dir='ltr'><strong>quidquid</strong></span> <span class='ocrx_word' id='word_1_529' title='bbox 853 3874 938 3922; x_wconf 88' lang='lat' dir='ltr'><strong>est</strong></span> <span class='ocrx_word' id='word_1_530' title='bbox 971 3883 1000 3921; x_wconf 91' lang='lat' dir='ltr'><strong>a</strong></span> <span class='ocrx_word' id='word_1_531' title='bbox 1029 3869 1202 3922; x_wconf 90' lang='lat' dir='ltr'><strong>cauda</strong></span> <span class='ocrx_word' id='word_1_532' title='bbox 1233 3870 1446 3925; x_wconf 85' lang='lat' dir='ltr'><strong>cervice</strong></span> <span class='ocrx_word' id='word_1_533' title='bbox 1473 3877 1666 3935; x_wconf 88' lang='lat' dir='ltr'><strong>tenus;</strong></span> <span class='ocrx_word' id='word_1_534' title='bbox 1695 3885 1761 3925; x_wconf 86' lang='lat' dir='ltr'><strong>ex</strong></span> <span class='ocrx_word' id='word_1_535' title='bbox 1802 3877 1954 3940; x_wconf 81' lang='lat' dir='ltr'><strong>parte</strong></span> <span class='ocrx_word' id='word_1_536' title='bbox 1983 3885 2111 3926; x_wconf 84' lang='lat' dir='ltr'><strong>vero</strong></span> 
     </span>
    </p>
   </div>
   <div class='ocr_carea' id='block_1_73' title="bbox 553 3958 2110 4032">
    <p class='ocr_par' dir='ltr' id='par_1_73' title="bbox 553 3958 2110 4032">
     <span class='ocr_line' id='line_1_73' title="bbox 553 3958 2110 4032; baseline 0.004 -22"><span class='ocrx_word' id='word_1_537' title='bbox 553 3958 784 4014; x_wconf 71' lang='lat' dir='ltr'><strong>Bootem</strong></span> <span class='ocrx_word' id='word_1_538' title='bbox 830 3959 1100 4015; x_wconf 84' lang='lat' dir='ltr'><strong>occidere.</strong></span> <span class='ocrx_word' id='word_1_539' title='bbox 1135 3959 1190 4014; x_wconf 90' lang='lat' dir='ltr'><strong>In</strong></span> <span class='ocrx_word' id='word_1_540' title='bbox 1234 3976 1342 4031; x_wconf 88' lang='lat' dir='ltr'><strong>quo</strong></span> <span class='ocrx_word' id='word_1_541' title='bbox 1383 3962 1524 4032; x_wconf 88' lang='lat' dir='ltr'><strong>lapsi</strong></span> <span class='ocrx_word' id='word_1_542' title='bbox 1571 3969 1699 4017; x_wconf 91' lang='lat' dir='ltr'><strong>sunt</strong></span> <span class='ocrx_word' id='word_1_543' title='bbox 1749 3977 1952 4028; x_wconf 85' lang='lat' dir='ltr'><strong>errore,</strong></span> <span class='ocrx_word' id='word_1_544' title='bbox 1986 3977 2110 4018; x_wconf 91' lang='lat' dir='ltr'><strong>cum</strong></span> 
     </span>
    </p>
   </div>
   <div class='ocr_carea' id='block_1_74' title="bbox 555 4051 2112 4124">
    <p class='ocr_par' dir='ltr' id='par_1_74' title="bbox 555 4051 2112 4124">
     <span class='ocr_line' id='line_1_74' title="bbox 555 4051 2112 4124; baseline 0.003 -19"><span class='ocrx_word' id='word_1_545' title='bbox 555 4059 754 4119; x_wconf 83' lang='lat' dir='ltr'><strong>putant</strong></span> <span class='ocrx_word' id='word_1_546' title='bbox 783 4051 1032 4108; x_wconf 84' lang='lat' dir='ltr'><strong>sinistras</strong></span> <span class='ocrx_word' id='word_1_547' title='bbox 1084 4060 1292 4106; x_wconf 87' lang='lat' dir='ltr'><strong>tantum</strong></span> <span class='ocrx_word' id='word_1_548' title='bbox 1339 4052 1597 4109; x_wconf 85' lang='lat' dir='ltr'><strong>Heniochi</strong></span> <span class='ocrx_word' id='word_1_549' title='bbox 1627 4064 1809 4124; x_wconf 88' lang='lat' dir='ltr'><strong>partes</strong></span> <span class='ocrx_word' id='word_1_550' title='bbox 1867 4070 1989 4109; x_wconf 92' lang='lat' dir='ltr'><strong>cum</strong></span> <span class='ocrx_word' id='word_1_551' title='bbox 2019 4055 2112 4109; x_wconf 89' lang='lat' dir='ltr'><strong>illo</strong></span> 
     </span>
    </p>
   </div>
   <div class='ocr_carea' id='block_1_75' title="bbox 557 4141 2114 4214">
    <p class='ocr_par' dir='ltr' id='par_1_75' title="bbox 557 4141 2114 4214">
     <span class='ocr_line' id='line_1_75' title="bbox 557 4141 2114 4214; baseline 0.001 -18"><span class='ocrx_word' id='word_1_552' title='bbox 557 4143 769 4212; x_wconf 87' lang='lat' dir='ltr'><strong>pariter</strong></span> <span class='ocrx_word' id='word_1_553' title='bbox 792 4153 1035 4197; x_wconf 87' lang='lat' dir='ltr'><strong>exortum</strong></span> <span class='ocrx_word' id='word_1_554' title='bbox 1067 4143 1267 4197; x_wconf 75' lang='lat' dir='ltr'><strong>facere.</strong></span> <span class='ocrx_word' id='word_1_555' title='bbox 1298 4141 1504 4198; x_wconf 90' lang='lat' dir='ltr'><strong>Etenim</strong></span> <span class='ocrx_word' id='word_1_556' title='bbox 1523 4143 1712 4198; x_wconf 82' lang='lat' dir='ltr'><strong>dexter</strong></span> <span class='ocrx_word' id='word_1_557' title='bbox 1733 4144 1902 4214; x_wconf 89' lang='lat' dir='ltr'><strong>ipsius</strong></span> <span class='ocrx_word' id='word_1_558' title='bbox 1927 4144 2114 4198; x_wconf 84' lang='lat' dir='ltr'><strong>hume-</strong></span> 
     </span>
    </p>
   </div>
   <div class='ocr_carea' id='block_1_76' title="bbox 557 4233 2115 4304">
    <p class='ocr_par' dir='ltr' id='par_1_76' title="bbox 557 4233 2115 4304">
     <span class='ocr_line' id='line_1_76' title="bbox 557 4233 2115 4304; baseline 0.003 -18"><span class='ocrx_word' id='word_1_559' title='bbox 557 4249 659 4288; x_wconf 76' lang='lat' dir='ltr'><strong>rus</strong></span> <span class='ocrx_word' id='word_1_560' title='bbox 707 4233 954 4288; x_wconf 86' lang='lat' dir='ltr'><strong>ascendit</strong></span> <span class='ocrx_word' id='word_1_561' title='bbox 1002 4249 1128 4288; x_wconf 87' lang='lat' dir='ltr'><strong>cum</strong></span> <span class='ocrx_word' id='word_1_562' title='bbox 1163 4234 1362 4289; x_wconf 86' lang='lat' dir='ltr'><strong>Arietis</strong></span> <span class='ocrx_word' id='word_1_563' title='bbox 1411 4242 1564 4304; x_wconf 88' lang='lat' dir='ltr'><strong>parte</strong></span> <span class='ocrx_word' id='word_1_564' title='bbox 1610 4235 1868 4298; x_wconf 87' lang='lat' dir='ltr'><strong>secunda,</strong></span> <span class='ocrx_word' id='word_1_565' title='bbox 1891 4243 1944 4290; x_wconf 90' lang='lat' dir='ltr'><strong>et</strong></span> <span class='ocrx_word' id='word_1_566' title='bbox 1973 4236 2115 4291; x_wconf 84' lang='lat' dir='ltr'><strong>vice-</strong></span> 
     </span>
    </p>
   </div>
   <div class='ocr_carea' id='block_1_77' title="bbox 556 4326 2111 4398">
    <p class='ocr_par' dir='ltr' id='par_1_77' title="bbox 556 4326 2111 4398">
     <span class='ocr_line' id='line_1_77' title="bbox 556 4326 2111 4398; baseline 0.001 -18"><span class='ocrx_word' id='word_1_567' title='bbox 556 4326 724 4382; x_wconf 78' lang='lat' dir='ltr'><strong>sima.</strong></span> <span class='ocrx_word' id='word_1_568' title='bbox 754 4326 1061 4380; x_wconf 80' lang='lat' dir='ltr'><strong>Australior</strong></span> <span class='ocrx_word' id='word_1_569' title='bbox 1084 4335 1262 4381; x_wconf 89' lang='lat' dir='ltr'><strong>autem</strong></span> <span class='ocrx_word' id='word_1_570' title='bbox 1284 4343 1492 4394; x_wconf 89' lang='lat' dir='ltr'><strong>earum,</strong></span> <span class='ocrx_word' id='word_1_571' title='bbox 1518 4343 1637 4398; x_wconf 62' lang='lat' dir='ltr'><strong>qua:</strong></span> <span class='ocrx_word' id='word_1_572' title='bbox 1666 4335 1795 4384; x_wconf 91' lang='lat' dir='ltr'><strong>sunt</strong></span> <span class='ocrx_word' id='word_1_573' title='bbox 1826 4329 1880 4382; x_wconf 90' lang='lat' dir='ltr'><strong>in</strong></span> <span class='ocrx_word' id='word_1_574' title='bbox 1911 4328 2111 4398; x_wconf 89' lang='lat' dir='ltr'><strong>capite,</strong></span> 
     </span>
    </p>
   </div>
   <div class='ocr_carea' id='block_1_78' title="bbox 557 4416 2114 4488">
    <p class='ocr_par' dir='ltr' id='par_1_78' title="bbox 557 4416 2114 4488">
     <span class='ocr_line' id='line_1_78' title="bbox 557 4416 2114 4488; baseline 0.001 -18"><span class='ocrx_word' id='word_1_575' title='bbox 557 4418 718 4488; x_wconf 80' lang='lat' dir='ltr'><strong>prius</strong></span> <span class='ocrx_word' id='word_1_576' title='bbox 739 4419 904 4473; x_wconf 89' lang='lat' dir='ltr'><strong>etiam</strong></span> <span class='ocrx_word' id='word_1_577' title='bbox 937 4433 1060 4472; x_wconf 89' lang='lat' dir='ltr'><strong>cum</strong></span> <span class='ocrx_word' id='word_1_578' title='bbox 1095 4416 1344 4472; x_wconf 88' lang='lat' dir='ltr'><strong>Piscibus</strong></span> <span class='ocrx_word' id='word_1_579' title='bbox 1374 4419 1618 4472; x_wconf 80' lang='lat' dir='ltr'><strong>exoritur</strong></span> <span class='ocrx_word' id='word_1_580' title='bbox 1656 4435 1669 4470; x_wconf 89' lang='lat'>:</span> <span class='ocrx_word' id='word_1_581' title='bbox 1701 4421 1836 4475; x_wconf 85' lang='lat' dir='ltr'><strong>adeo</strong></span> <span class='ocrx_word' id='word_1_582' title='bbox 1869 4427 1928 4472; x_wconf 91' lang='lat' dir='ltr'><strong>ut</strong></span> <span class='ocrx_word' id='word_1_583' title='bbox 1959 4420 2013 4472; x_wconf 92' lang='lat' dir='ltr'><strong>in</strong></span> <span class='ocrx_word' id='word_1_584' title='bbox 2047 4433 2114 4474; x_wconf 89' lang='lat' dir='ltr'><strong>eo</strong></span> 
     </span>
    </p>
   </div>
   <div class='ocr_carea' id='block_1_79' title="bbox 2207 3233 3758 3308">
    <p class='ocr_par' dir='ltr' id='par_1_79' title="bbox 2207 3233 3758 3308">
     <span class='ocr_line' id='line_1_79' title="bbox 2207 3233 3758 3308; baseline 0.004 -22"><span class='ocrx_word' id='word_1_585' title='bbox 2207 3233 2578 3306; x_wconf 78' lang='grc' dir='ltr'>πληθυντικῶς</span> <span class='ocrx_word' id='word_1_586' title='bbox 2603 3233 2922 3304; x_wconf 71' lang='grc' dir='ltr'>ἐκφέρεσθαι</span> <span class='ocrx_word' id='word_1_587' title='bbox 2946 3235 3005 3286; x_wconf 79' lang='grc' dir='ltr'>τὸ</span> <span class='ocrx_word' id='word_1_588' title='bbox 3023 3235 3338 3307; x_wconf 79' lang='grc' dir='ltr'>ἀμφήριστα</span> <span class='ocrx_word' id='word_1_589' title='bbox 3357 3253 3370 3266; x_wconf 88' lang='grc'><strong>·</strong></span> <span class='ocrx_word' id='word_1_590' title='bbox 3399 3235 3632 3308; x_wconf 77' lang='grc' dir='ltr'>σύνηθες</span> <span class='ocrx_word' id='word_1_591' title='bbox 3655 3240 3758 3308; x_wconf 76' lang='grc' dir='ltr'><strong>γάρ</strong></span> 
     </span>
    </p>
   </div>
   <div class='ocr_carea' id='block_1_80' title="bbox 2203 3325 3197 3398">
    <p class='ocr_par' dir='ltr' id='par_1_80' title="bbox 2203 3325 3197 3398">
     <span class='ocr_line' id='line_1_80' title="bbox 2203 3325 3197 3398; baseline 0 -18"><span class='ocrx_word' id='word_1_592' title='bbox 2203 3327 2320 3380; x_wconf 71' lang='grc' dir='ltr'>ἐστι</span> <span class='ocrx_word' id='word_1_593' title='bbox 2344 3326 2404 3380; x_wconf 86' lang='grc' dir='ltr'><strong>τὸ</strong></span> <span class='ocrx_word' id='word_1_594' title='bbox 2431 3326 2613 3398; x_wconf 86' lang='grc' dir='ltr'>σχῆμα</span> <span class='ocrx_word' id='word_1_595' title='bbox 2642 3325 2797 3379; x_wconf 83' lang='grc' dir='ltr'>τοῦτο</span> <span class='ocrx_word' id='word_1_596' title='bbox 2823 3326 2920 3395; x_wconf 81' lang='grc' dir='ltr'>τῆς</span> <span class='ocrx_word' id='word_1_597' title='bbox 2945 3325 3197 3396; x_wconf 78' lang='grc' dir='ltr'>ἐκφορᾶς.</span> 
     </span>
    </p>
   </div>
   <div class='ocr_carea' id='block_1_81' title="bbox 2281 3502 3762 3579">
    <p class='ocr_par' dir='ltr' id='par_1_81' title="bbox 2281 3502 3762 3579">
     <span class='ocr_line' id='line_1_81' title="bbox 2281 3502 3762 3579; baseline 0.003 -23"><span class='ocrx_word' id='word_1_598' title='bbox 2281 3505 2385 3557; x_wconf 81' lang='lat' dir='ltr'><strong>IH’.</strong></span> <span class='ocrx_word' id='word_1_599' title='bbox 2423 3502 2532 3574; x_wconf 72' lang='grc' dir='ltr'><strong>τῆς</strong></span> <span class='ocrx_word' id='word_1_600' title='bbox 2557 3503 2612 3556; x_wconf 78' lang='grc' dir='ltr'>δὲ</span> <span class='ocrx_word' id='word_1_601' title='bbox 2645 3503 2817 3574; x_wconf 85' lang='grc' dir='ltr'>ἀρχῆς</span> <span class='ocrx_word' id='word_1_602' title='bbox 2843 3503 2934 3556; x_wconf 80' lang='grc' dir='ltr'>τοῦ</span> <span class='ocrx_word' id='word_1_603' title='bbox 2962 3503 3175 3574; x_wconf 87' lang='grc' dir='ltr'>Ταύρου</span> <span class='ocrx_word' id='word_1_604' title='bbox 3212 3506 3630 3579; x_wconf 79' lang='grc' dir='ltr'>ἀνατελλούσης,</span> <span class='ocrx_word' id='word_1_605' title='bbox 3659 3524 3762 3579; x_wconf 68' lang='grc' dir='ltr'><strong>φη-</strong></span> 
     </span>
    </p>
   </div>
   <div class='ocr_carea' id='block_1_82' title="bbox 2208 3593 3760 3669">
    <p class='ocr_par' dir='ltr' id='par_1_82' title="bbox 2208 3593 3760 3669">
     <span class='ocr_line' id='line_1_82' title="bbox 2208 3593 3760 3669; baseline 0.002 -21"><span class='ocrx_word' id='word_1_606' title='bbox 2208 3597 2291 3648; x_wconf 75' lang='grc' dir='ltr'><strong>σὶν</strong></span> <span class='ocrx_word' id='word_1_607' title='bbox 2319 3597 2347 3648; x_wconf 91' lang='lat'><strong>6</strong></span> <span class='ocrx_word' id='word_1_608' title='bbox 2380 3595 2609 3666; x_wconf 73' lang='grc' dir='ltr'>’Ἄρατός</span> <span class='ocrx_word' id='word_1_609' title='bbox 2633 3612 2692 3647; x_wconf 90' lang='grc' dir='ltr'><strong>τε</strong></span> <span class='ocrx_word' id='word_1_610' title='bbox 2726 3597 2818 3648; x_wconf 73' lang='grc' dir='ltr'>καὶ</span> <span class='ocrx_word' id='word_1_611' title='bbox 2873 3593 3094 3658; x_wconf 72' lang='grc' dir='ltr'>Εὔδοξος</span> <span class='ocrx_word' id='word_1_612' title='bbox 3116 3595 3206 3648; x_wconf 82' lang='grc' dir='ltr'>τὸν</span> <span class='ocrx_word' id='word_1_613' title='bbox 3237 3597 3448 3668; x_wconf 85' lang='grc' dir='ltr'>Περσέα</span> <span class='ocrx_word' id='word_1_614' title='bbox 3476 3599 3599 3651; x_wconf 79' lang='grc' dir='ltr'>ὅλον</span> <span class='ocrx_word' id='word_1_615' title='bbox 3642 3599 3760 3669; x_wconf 64' lang='grc' dir='ltr'>φαι-</span> 
     </span>
    </p>
   </div>
   <div class='ocr_carea' id='block_1_83' title="bbox 2207 3686 3760 3762">
    <p class='ocr_par' dir='ltr' id='par_1_83' title="bbox 2207 3686 3760 3762">
     <span class='ocr_line' id='line_1_83' title="bbox 2207 3686 3760 3762; baseline 0.003 -22"><span class='ocrx_word' id='word_1_616' title='bbox 2207 3687 2390 3740; x_wconf 82' lang='grc' dir='ltr'>νεσθαι</span> <span class='ocrx_word' id='word_1_617' title='bbox 2427 3687 2565 3758; x_wconf 78' lang='grc' dir='ltr'>ὑπὲρ</span> <span class='ocrx_word' id='word_1_618' title='bbox 2610 3687 2730 3757; x_wconf 85' lang='grc' dir='ltr'>γῆν,</span> <span class='ocrx_word' id='word_1_619' title='bbox 2777 3687 2870 3739; x_wconf 74' lang='grc' dir='ltr'>καὶ</span> <span class='ocrx_word' id='word_1_620' title='bbox 2895 3686 2985 3740; x_wconf 81' lang='grc' dir='ltr'><strong>τοῦ</strong></span> <span class='ocrx_word' id='word_1_621' title='bbox 3033 3688 3274 3758; x_wconf 87' lang='grc' dir='ltr'>Ἦνιόχου</span> <span class='ocrx_word' id='word_1_622' title='bbox 3325 3689 3422 3760; x_wconf 72' lang='grc' dir='ltr'>τὴν</span> <span class='ocrx_word' id='word_1_623' title='bbox 3468 3691 3760 3762; x_wconf 70' lang='grc' dir='ltr'>ἀριστερὰν</span> 
     </span>
    </p>
   </div>
   <div class='ocr_carea' id='block_1_84' title="bbox 2209 3772 3759 3853">
    <p class='ocr_par' dir='ltr' id='par_1_84' title="bbox 2209 3772 3759 3853">
     <span class='ocr_line' id='line_1_84' title="bbox 2209 3772 3759 3853; baseline 0.001 -23"><span class='ocrx_word' id='word_1_624' title='bbox 2209 3780 2386 3849; x_wconf 81' lang='grc' dir='ltr'>χεῖρα,</span> <span class='ocrx_word' id='word_1_625' title='bbox 2445 3779 2504 3830; x_wconf 86' lang='grc' dir='ltr'>ὲν</span> <span class='ocrx_word' id='word_1_626' title='bbox 2537 3772 2570 3851; x_wconf 80' lang='grc' dir='ltr'>ᾗ</span> <span class='ocrx_word' id='word_1_627' title='bbox 2601 3779 2648 3830; x_wconf 81' lang='grc' dir='ltr'>οἱ</span> <span class='ocrx_word' id='word_1_628' title='bbox 2685 3777 2893 3848; x_wconf 82' lang='grc' dir='ltr'>Ἔριφοι</span> <span class='ocrx_word' id='word_1_629' title='bbox 2930 3780 3153 3841; x_wconf 84' lang='grc' dir='ltr'>κεῖνται,</span> <span class='ocrx_word' id='word_1_630' title='bbox 3202 3779 3295 3832; x_wconf 72' lang='grc' dir='ltr'>καὶ</span> <span class='ocrx_word' id='word_1_631' title='bbox 3339 3780 3430 3832; x_wconf 80' lang='grc' dir='ltr'><strong>τὸν</strong></span> <span class='ocrx_word' id='word_1_632' title='bbox 3481 3782 3759 3853; x_wconf 73' lang='grc' dir='ltr'>ἀριστερὸν</span> 
     </span>
    </p>
   </div>
   <div class='ocr_carea' id='block_1_85' title="bbox 2209 3867 3759 3944">
    <p class='ocr_par' dir='ltr' id='par_1_85' title="bbox 2209 3867 3759 3944">
     <span class='ocr_line' id='line_1_85' title="bbox 2209 3867 3759 3944; baseline 0.003 -22"><span class='ocrx_word' id='word_1_633' title='bbox 2209 3870 2376 3923; x_wconf 73' lang='grc' dir='ltr'>πόδαο</span> <span class='ocrx_word' id='word_1_634' title='bbox 2413 3869 2505 3922; x_wconf 75' lang='grc' dir='ltr'><strong>καὶ</strong></span> <span class='ocrx_word' id='word_1_635' title='bbox 2535 3867 2626 3921; x_wconf 80' lang='grc' dir='ltr'>τοῦ</span> <span class='ocrx_word' id='word_1_636' title='bbox 2659 3870 2869 3938; x_wconf 77' lang='grc' dir='ltr'>Κήτους</span> <span class='ocrx_word' id='word_1_637' title='bbox 2912 3870 2973 3923; x_wconf 81' lang='grc' dir='ltr'>τὸ</span> <span class='ocrx_word' id='word_1_638' title='bbox 3025 3871 3132 3924; x_wconf 80' lang='grc' dir='ltr'>ἀπὸ</span> <span class='ocrx_word' id='word_1_639' title='bbox 3172 3871 3267 3942; x_wconf 82' lang='grc' dir='ltr'>τῆς</span> <span class='ocrx_word' id='word_1_640' title='bbox 3312 3873 3480 3944; x_wconf 74' lang='grc' dir='ltr'>οὐρᾶς</span> <span class='ocrx_word' id='word_1_641' title='bbox 3526 3875 3636 3937; x_wconf 79' lang='grc' dir='ltr'>ἕως</span> <span class='ocrx_word' id='word_1_642' title='bbox 3668 3875 3759 3943; x_wconf 74' lang='grc' dir='ltr'><strong>τῆς</strong></span> 
     </span>
    </p>
   </div>
   <div class='ocr_carea' id='block_1_86' title="bbox 2209 3957 3758 4034">
    <p class='ocr_par' dir='ltr' id='par_1_86' title="bbox 2209 3957 3758 4034">
     <span class='ocr_line' id='line_1_86' title="bbox 2209 3957 3758 4034; baseline 0.003 -24"><span class='ocrx_word' id='word_1_643' title='bbox 2209 3957 2422 4026; x_wconf 84' lang='grc' dir='ltr'>λοφίας·</span> <span class='ocrx_word' id='word_1_644' title='bbox 2472 3958 2741 4011; x_wconf 85' lang='grc' dir='ltr'>δεδυκέναι</span> <span class='ocrx_word' id='word_1_645' title='bbox 2795 3959 2852 4012; x_wconf 87' lang='grc' dir='ltr'><strong>δέ</strong></span> <span class='ocrx_word' id='word_1_646' title='bbox 2897 3976 3028 4029; x_wconf 84' lang='grc' dir='ltr'>φησι</span> <span class='ocrx_word' id='word_1_647' title='bbox 3075 3961 3168 4014; x_wconf 79' lang='grc' dir='ltr'><strong>τού</strong></span> <span class='ocrx_word' id='word_1_648' title='bbox 3223 3962 3432 4016; x_wconf 85' lang='grc' dir='ltr'>Βοὼτου</span> <span class='ocrx_word' id='word_1_649' title='bbox 3471 3981 3525 4016; x_wconf 90' lang='grc' dir='ltr'><strong>τι</strong></span> 
     </span>
    </p>
   </div>
   <div class='ocr_carea' id='block_1_87' title="bbox 2221 4043 3755 4121">
    <p class='ocr_par' dir='ltr' id='par_1_87' title="bbox 2221 4043 3755 4121">
     <span class='ocr_line' id='line_1_87' title="bbox 2221 4043 3755 4121; baseline 0.005 -24"><span class='ocrx_word' id='word_1_650' title='bbox 2221 4045 2524 4113; x_wconf 72' lang='grc' dir='ltr'>’Δγνοοῦσιν</span> <span class='ocrx_word' id='word_1_651' title='bbox 2560 4043 2672 4107; x_wconf 75' lang='grc' dir='ltr'>οὖν,</span> <span class='ocrx_word' id='word_1_652' title='bbox 2699 4045 2766 4099; x_wconf 82' lang='grc' dir='ltr'>τὰ</span> <span class='ocrx_word' id='word_1_653' title='bbox 2791 4047 3050 4118; x_wconf 86' lang='grc' dir='ltr'>ἀριστερά</span> <span class='ocrx_word' id='word_1_654' title='bbox 3104 4049 3258 4118; x_wconf 87' lang='grc' dir='ltr'>μόνον</span> <span class='ocrx_word' id='word_1_655' title='bbox 3296 4051 3755 4121; x_wconf 79' lang='grc' dir='ltr'>ὑπολαμϐάνοντες</span> 
     </span>
    </p>
   </div>
   <div class='ocr_carea' id='block_1_88' title="bbox 2209 4137 3753 4214">
    <p class='ocr_par' dir='ltr' id='par_1_88' title="bbox 2209 4137 3753 4214">
     <span class='ocr_line' id='line_1_88' title="bbox 2209 4137 3753 4214; baseline 0.005 -24"><span class='ocrx_word' id='word_1_656' title='bbox 2209 4137 2301 4190; x_wconf 73' lang='grc' dir='ltr'>τοῦ</span> <span class='ocrx_word' id='word_1_657' title='bbox 2347 4137 2584 4207; x_wconf 83' lang='grc' dir='ltr'>Ἡνιόχου</span> <span class='ocrx_word' id='word_1_658' title='bbox 2622 4137 2698 4208; x_wconf 78' lang='grc' dir='ltr'>τῷ</span> <span class='ocrx_word' id='word_1_659' title='bbox 2745 4138 2896 4210; x_wconf 89' lang='grc' dir='ltr'><strong>Κριῷ</strong></span> <span class='ocrx_word' id='word_1_660' title='bbox 2947 4141 3370 4197; x_wconf 84' lang='grc' dir='ltr'>συνανατέλλειν.</span> <span class='ocrx_word' id='word_1_661' title='bbox 3432 4144 3487 4196; x_wconf 89' lang='lat'><strong>&#39;0</strong></span> <span class='ocrx_word' id='word_1_662' title='bbox 3518 4145 3616 4212; x_wconf 82' lang='grc' dir='ltr'>μὲν</span> <span class='ocrx_word' id='word_1_663' title='bbox 3648 4146 3753 4214; x_wconf 81' lang='grc' dir='ltr'><strong>γάρ</strong></span> 
     </span>
    </p>
   </div>
   <div class='ocr_carea' id='block_1_89' title="bbox 2209 4223 3753 4306">
    <p class='ocr_par' dir='ltr' id='par_1_89' title="bbox 2209 4223 3753 4306">
     <span class='ocr_line' id='line_1_89' title="bbox 2209 4223 3753 4306; baseline 0.003 -22"><span class='ocrx_word' id='word_1_664' title='bbox 2209 4231 2379 4296; x_wconf 80' lang='grc' dir='ltr'>δεξιὸς</span> <span class='ocrx_word' id='word_1_665' title='bbox 2398 4223 2546 4300; x_wconf 79' lang='grc' dir='ltr'>ὦμος</span> <span class='ocrx_word' id='word_1_666' title='bbox 2576 4229 2736 4283; x_wconf 78' lang='grc' dir='ltr'>αὑτοῦ</span> <span class='ocrx_word' id='word_1_667' title='bbox 2753 4235 2818 4302; x_wconf 81' lang='grc' dir='ltr'><strong>τῇ</strong></span> <span class='ocrx_word' id='word_1_668' title='bbox 2837 4233 2878 4301; x_wconf 83' lang='grc' dir='ltr'><strong>β’</strong></span> <span class='ocrx_word' id='word_1_669' title='bbox 2901 4234 2993 4284; x_wconf 72' lang='grc' dir='ltr'>καὶ</span> <span class='ocrx_word' id='word_1_670' title='bbox 3020 4241 3065 4285; x_wconf 85' lang='grc' dir='ltr'>κ’</span> <span class='ocrx_word' id='word_1_671' title='bbox 3093 4235 3200 4304; x_wconf 81' lang='grc' dir='ltr'>μοί.</span> <span class='ocrx_word' id='word_1_672' title='bbox 3229 4235 3323 4287; x_wconf 85' lang='grc' dir='ltr'>τοῦ</span> <span class='ocrx_word' id='word_1_673' title='bbox 3340 4235 3499 4306; x_wconf 86' lang='grc' dir='ltr'>Κριοῦ</span> <span class='ocrx_word' id='word_1_674' title='bbox 3527 4251 3753 4290; x_wconf 63' lang='grc' dir='ltr'><strong>ιειυναντι⁶</strong></span> 
     </span>
    </p>
   </div>
   <div class='ocr_carea' id='block_1_90' title="bbox 2212 4323 3747 4399">
    <p class='ocr_par' dir='ltr' id='par_1_90' title="bbox 2212 4323 3747 4399">
     <span class='ocr_line' id='line_1_90' title="bbox 2212 4323 3747 4399; baseline 0.005 -24"><span class='ocrx_word' id='word_1_675' title='bbox 2212 4324 2458 4395; x_wconf 75' lang='grc' dir='ltr'>φέρεταιο</span> <span class='ocrx_word' id='word_1_676' title='bbox 2509 4325 2536 4376; x_wconf 92' lang='lat'><strong>6</strong></span> <span class='ocrx_word' id='word_1_677' title='bbox 2581 4325 2637 4376; x_wconf 69' lang='grc' dir='ltr'>δὲ</span> <span class='ocrx_word' id='word_1_678' title='bbox 2685 4323 2997 4397; x_wconf 84' lang='grc' dir='ltr'>νοτιὼτερος</span> <span class='ocrx_word' id='word_1_679' title='bbox 3044 4326 3152 4378; x_wconf 90' lang='grc' dir='ltr'><strong>τῶν</strong></span> <span class='ocrx_word' id='word_1_680' title='bbox 3200 4327 3257 4379; x_wconf 78' lang='grc' dir='ltr'><strong>έν</strong></span> <span class='ocrx_word' id='word_1_681' title='bbox 3307 4332 3371 4398; x_wconf 79' lang='grc' dir='ltr'><strong>τῇ</strong></span> <span class='ocrx_word' id='word_1_682' title='bbox 3418 4328 3616 4399; x_wconf 78' lang='grc' dir='ltr'>κεφαλῇ</span> <span class='ocrx_word' id='word_1_683' title='bbox 3668 4329 3747 4382; x_wconf 70' lang='grc' dir='ltr'>ἐτι</span> 
     </span>
    </p>
   </div>
   <div class='ocr_carea' id='block_1_91' title="bbox 2216 4416 3760 4486">
    <p class='ocr_par' dir='ltr' id='par_1_91' title="bbox 2216 4416 3760 4486">
     <span class='ocr_line' id='line_1_91' title="bbox 2216 4416 3760 4486; baseline 0.005 -19"><span class='ocrx_word' id='word_1_684' title='bbox 2216 4416 2473 4486; x_wconf 83' lang='grc' dir='ltr'>πρότερον</span> <span class='ocrx_word' id='word_1_685' title='bbox 2503 4418 2610 4478; x_wconf 86' lang='grc' dir='ltr'>τοῖς</span> <span class='ocrx_word' id='word_1_686' title='bbox 2650 4416 2846 4486; x_wconf 85' lang='grc' dir='ltr'>Ἰχθύσι</span> <span class='ocrx_word' id='word_1_687' title='bbox 2878 4418 3279 4471; x_wconf 85' lang='grc' dir='ltr'>συνανατέλλει·</span> <span class='ocrx_word' id='word_1_688' title='bbox 3310 4419 3450 4472; x_wconf 85' lang='grc' dir='ltr'>ὥστε</span> <span class='ocrx_word' id='word_1_689' title='bbox 3475 4421 3566 4473; x_wconf 67' lang='grc' dir='ltr'>καὶ</span> <span class='ocrx_word' id='word_1_690' title='bbox 3603 4421 3760 4474; x_wconf 77' lang='grc' dir='ltr'>τοῦτο</span> 
     </span>
    </p>
   </div>
   <div class='ocr_carea' id='block_1_92' title="bbox 565 4483 2101 4585">
    <p class='ocr_par' dir='ltr' id='par_1_92' title="bbox 565 4511 2101 4580">
     <span class='ocr_line' id='line_1_92' title="bbox 565 4511 2101 4580; baseline 0.001 -18"><span class='ocrx_word' id='word_1_691' title='bbox 565 4525 782 4579; x_wconf 85' lang='lat' dir='ltr'><strong>quoque</strong></span> <span class='ocrx_word' id='word_1_692' title='bbox 836 4517 1080 4580; x_wconf 91' lang='lat' dir='ltr'><strong>peccent,</strong></span> <span class='ocrx_word' id='word_1_693' title='bbox 1136 4519 1426 4580; x_wconf 82' lang='lat' dir='ltr'><strong>quatenus,</strong></span> <span class='ocrx_word' id='word_1_694' title='bbox 1487 4512 1744 4579; x_wconf 90' lang='lat' dir='ltr'><strong>inquam,</strong></span> <span class='ocrx_word' id='word_1_695' title='bbox 1791 4511 2101 4565; x_wconf 86' lang='lat' dir='ltr'><strong>existimanl</strong></span> 
     </span>
    </p>
   </div>
   <div class='ocr_carea' id='block_1_93' title="bbox 2201 4483 3761 4585">
    <p class='ocr_par' dir='ltr' id='par_1_93' title="bbox 2217 4483 3761 4585">
     <span class='ocr_line' id='line_1_93' title="bbox 2217 4483 3761 4585; baseline 0.005 -25"><span class='ocrx_word' id='word_1_696' title='bbox 2217 4483 2424 4577; x_wconf 66' lang='grc' dir='ltr'>ἀγνοεῖν</span> <span class='ocrx_word' id='word_1_697' title='bbox 2456 4483 2874 4578; x_wconf 30' lang='grc' dir='ltr'>αὐτούςοῃλέγω</span> <span class='ocrx_word' id='word_1_698' title='bbox 2915 4511 2971 4564; x_wconf 84' lang='grc' dir='ltr'>δὲ</span> <span class='ocrx_word' id='word_1_699' title='bbox 3013 4511 3133 4565; x_wconf 77' lang='grc' dir='ltr'>καθ’</span> <span class='ocrx_word' id='word_1_700' title='bbox 3175 4514 3296 4566; x_wconf 84' lang='grc' dir='ltr'>ὅσον</span> <span class='ocrx_word' id='word_1_701' title='bbox 3329 4515 3761 4585; x_wconf 74' lang='grc' dir='ltr'>ὑπολαμϐάνουσι</span> 
     </span>
    </p>
   </div>
   <div class='ocr_carea' id='block_1_94' title="bbox 557 4599 2114 4671">
    <p class='ocr_par' dir='ltr' id='par_1_94' title="bbox 557 4599 2114 4671">
     <span class='ocr_line' id='line_1_94' title="bbox 557 4599 2114 4671; baseline 0 -15"><span class='ocrx_word' id='word_1_702' title='bbox 557 4602 699 4656; x_wconf 77' lang='lat' dir='ltr'><strong>oriri</strong></span> <span class='ocrx_word' id='word_1_703' title='bbox 725 4615 849 4655; x_wconf 89' lang='lat' dir='ltr'><strong>cum</strong></span> <span class='ocrx_word' id='word_1_704' title='bbox 883 4601 1064 4656; x_wconf 87' lang='lat' dir='ltr'><strong>Ariete</strong></span> <span class='ocrx_word' id='word_1_705' title='bbox 1097 4603 1331 4671; x_wconf 89' lang='lat' dir='ltr'><strong>primum</strong></span> <span class='ocrx_word' id='word_1_706' title='bbox 1369 4599 1722 4656; x_wconf 84' lang='lat' dir='ltr'><strong>Heniochum.</strong></span> <span class='ocrx_word' id='word_1_707' title='bbox 1762 4600 2025 4656; x_wconf 89' lang='lat' dir='ltr'><strong>Similiter</strong></span> <span class='ocrx_word' id='word_1_708' title='bbox 2060 4603 2114 4656; x_wconf 94' lang='lat' dir='ltr'><strong>in</strong></span> 
     </span>
    </p>
   </div>
   <div class='ocr_carea' id='block_1_95' title="bbox 563 4689 2114 4760">
    <p class='ocr_par' dir='ltr' id='par_1_95' title="bbox 563 4689 2114 4760">
     <span class='ocr_line' id='line_1_95' title="bbox 563 4689 2114 4760; baseline 0.003 -17"><span class='ocrx_word' id='word_1_709' title='bbox 563 4689 850 4745; x_wconf 78' lang='lat' dir='ltr'><strong>lleniocbo</strong></span> <span class='ocrx_word' id='word_1_710' title='bbox 897 4690 1095 4760; x_wconf 90' lang='lat' dir='ltr'><strong>duplex</strong></span> <span class='ocrx_word' id='word_1_711' title='bbox 1126 4691 1193 4745; x_wconf 89' lang='lat' dir='ltr'><strong>ab</strong></span> <span class='ocrx_word' id='word_1_712' title='bbox 1225 4691 1416 4746; x_wconf 90' lang='lat' dir='ltr'><strong>iisdem</strong></span> <span class='ocrx_word' id='word_1_713' title='bbox 1448 4691 1776 4747; x_wconf 89' lang='lat' dir='ltr'><strong>commissus</strong></span> <span class='ocrx_word' id='word_1_714' title='bbox 1823 4706 1979 4746; x_wconf 85' lang='lat' dir='ltr'><strong>error</strong></span> <span class='ocrx_word' id='word_1_715' title='bbox 2007 4700 2114 4748; x_wconf 90' lang='lat' dir='ltr'><strong>est.</strong></span> 
     </span>
    </p>
   </div>
   <div class='ocr_carea' id='block_1_96' title="bbox 569 4777 2116 4851">
    <p class='ocr_par' dir='ltr' id='par_1_96' title="bbox 569 4777 2116 4851">
     <span class='ocr_line' id='line_1_96' title="bbox 569 4777 2116 4851; baseline 0.003 -19"><span class='ocrx_word' id='word_1_716' title='bbox 569 4777 700 4834; x_wconf 83' lang='lat' dir='ltr'><strong>Nam</strong></span> <span class='ocrx_word' id='word_1_717' title='bbox 731 4795 910 4851; x_wconf 87' lang='lat' dir='ltr'><strong>neque</strong></span> <span class='ocrx_word' id='word_1_718' title='bbox 941 4795 1065 4834; x_wconf 84' lang='lat' dir='ltr'><strong>cum</strong></span> <span class='ocrx_word' id='word_1_719' title='bbox 1094 4780 1274 4835; x_wconf 87' lang='lat' dir='ltr'><strong>Ariete</strong></span> <span class='ocrx_word' id='word_1_720' title='bbox 1301 4780 1435 4834; x_wconf 89' lang='lat' dir='ltr'><strong>oriri</strong></span> <span class='ocrx_word' id='word_1_721' title='bbox 1484 4780 1696 4849; x_wconf 90' lang='lat' dir='ltr'><strong>incipit,</strong></span> <span class='ocrx_word' id='word_1_722' title='bbox 1736 4790 1796 4835; x_wconf 95' lang='lat' dir='ltr'><strong>ut</strong></span> <span class='ocrx_word' id='word_1_723' title='bbox 1823 4781 1931 4836; x_wconf 89' lang='lat' dir='ltr'><strong>illis</strong></span> <span class='ocrx_word' id='word_1_724' title='bbox 1967 4780 2116 4836; x_wconf 88' lang='lat' dir='ltr'><strong>vide-</strong></span> 
     </span>
    </p>
   </div>
   <div class='ocr_carea' id='block_1_97' title="bbox 564 4871 2117 4942">
    <p class='ocr_par' dir='ltr' id='par_1_97' title="bbox 564 4871 2117 4942">
     <span class='ocr_line' id='line_1_97' title="bbox 564 4871 2117 4942; baseline 0 -16"><span class='ocrx_word' id='word_1_725' title='bbox 564 4882 680 4936; x_wconf 78' lang='lat' dir='ltr'><strong>tur,</strong></span> <span class='ocrx_word' id='word_1_726' title='bbox 733 4872 829 4927; x_wconf 90' lang='lat' dir='ltr'><strong>sed</strong></span> <span class='ocrx_word' id='word_1_727' title='bbox 857 4887 981 4926; x_wconf 80' lang='lat' dir='ltr'><strong>cum</strong></span> <span class='ocrx_word' id='word_1_728' title='bbox 1034 4871 1320 4937; x_wconf 83' lang='lat' dir='ltr'><strong>Piscibus;</strong></span> <span class='ocrx_word' id='word_1_729' title='bbox 1368 4887 1543 4942; x_wconf 90' lang='lat' dir='ltr'><strong>neque</strong></span> <span class='ocrx_word' id='word_1_730' title='bbox 1591 4873 1802 4927; x_wconf 79' lang='lat' dir='ltr'><strong>cervice</strong></span> <span class='ocrx_word' id='word_1_731' title='bbox 1852 4873 2117 4927; x_wconf 86' lang='lat' dir='ltr'><strong>duntaxat</strong></span> 
     </span>
    </p>
   </div>
   <div class='ocr_carea' id='block_1_98' title="bbox 565 4962 2112 5032">
    <p class='ocr_par' dir='ltr' id='par_1_98' title="bbox 565 4962 2112 5032">
     <span class='ocr_line' id='line_1_98' title="bbox 565 4962 2112 5032; baseline 0 -16"><span class='ocrx_word' id='word_1_732' title='bbox 565 4971 729 5017; x_wconf 77' lang='lat' dir='ltr'><strong>tenus</strong></span> <span class='ocrx_word' id='word_1_733' title='bbox 757 4963 999 5018; x_wconf 83' lang='lat' dir='ltr'><strong>ascendit</strong></span> <span class='ocrx_word' id='word_1_734' title='bbox 1023 4977 1144 5016; x_wconf 86' lang='lat' dir='ltr'><strong>cum</strong></span> <span class='ocrx_word' id='word_1_735' title='bbox 1168 4962 1368 5026; x_wconf 86' lang='lat' dir='ltr'><strong>Ariete,</strong></span> <span class='ocrx_word' id='word_1_736' title='bbox 1409 4963 1502 5018; x_wconf 91' lang='lat' dir='ltr'><strong>sed</strong></span> <span class='ocrx_word' id='word_1_737' title='bbox 1530 4972 1676 5018; x_wconf 90' lang='lat' dir='ltr'><strong>totus</strong></span> <span class='ocrx_word' id='word_1_738' title='bbox 1704 4965 2112 5032; x_wconf 85' lang='lat' dir='ltr'><strong>propemodum,</strong></span> 
     </span>
    </p>
   </div>
   <div class='ocr_carea' id='block_1_99' title="bbox 564 5053 2116 5125">
    <p class='ocr_par' dir='ltr' id='par_1_99' title="bbox 564 5053 2116 5125">
     <span class='ocr_line' id='line_1_99' title="bbox 564 5053 2116 5125; baseline 0.001 -18"><span class='ocrx_word' id='word_1_739' title='bbox 564 5053 810 5122; x_wconf 81' lang='lat' dir='ltr'><strong>exceptis</strong></span> <span class='ocrx_word' id='word_1_740' title='bbox 838 5053 929 5117; x_wconf 85' lang='lat' dir='ltr'><strong>iis,</strong></span> <span class='ocrx_word' id='word_1_741' title='bbox 963 5069 1084 5122; x_wconf 75' lang='lat' dir='ltr'><strong>qua:</strong></span> <span class='ocrx_word' id='word_1_742' title='bbox 1111 5054 1165 5107; x_wconf 94' lang='lat' dir='ltr'><strong>in</strong></span> <span class='ocrx_word' id='word_1_743' title='bbox 1189 5055 1369 5124; x_wconf 83' lang='lat' dir='ltr'><strong>capite</strong></span> <span class='ocrx_word' id='word_1_744' title='bbox 1400 5059 1462 5079; x_wconf 80' lang='lat'><strong>“&#39;</strong></span> <span class='ocrx_word' id='word_1_745' title='bbox 1487 5071 1607 5125; x_wconf 67' lang='lat' dir='ltr'><strong>qua:</strong></span> <span class='ocrx_word' id='word_1_746' title='bbox 1639 5056 1691 5108; x_wconf 88' lang='lat' dir='ltr'><strong>in</strong></span> <span class='ocrx_word' id='word_1_747' title='bbox 1721 5064 1963 5110; x_wconf 85' lang='lat' dir='ltr'><strong>extrema</strong></span> <span class='ocrx_word' id='word_1_748' title='bbox 1997 5071 2116 5111; x_wconf 81' lang='lat' dir='ltr'><strong>sca-</strong></span> 
     </span>
    </p>
   </div>
   <div class='ocr_carea' id='block_1_100' title="bbox 577 5141 2116 5214">
    <p class='ocr_par' dir='ltr' id='par_1_100' title="bbox 577 5141 2116 5214">
     <span class='ocr_line' id='line_1_100' title="bbox 577 5141 2116 5214; baseline 0.002 -20"><span class='ocrx_word' id='word_1_749' title='bbox 577 5142 702 5212; x_wconf 83' lang='lat' dir='ltr'><strong>pula</strong></span> <span class='ocrx_word' id='word_1_750' title='bbox 733 5142 945 5196; x_wconf 57' lang='lat' dir='ltr'><strong>lucidas.</strong></span> <span class='ocrx_word' id='word_1_751' title='bbox 991 5141 1126 5196; x_wconf 83' lang='lat' dir='ltr'><strong>Nam</strong></span> <span class='ocrx_word' id='word_1_752' title='bbox 1171 5144 1317 5213; x_wconf 88' lang='lat' dir='ltr'><strong>quod</strong></span> <span class='ocrx_word' id='word_1_753' title='bbox 1364 5160 1432 5199; x_wconf 91' lang='lat' dir='ltr'><strong>ne</strong></span> <span class='ocrx_word' id='word_1_754' title='bbox 1474 5144 1671 5198; x_wconf 86' lang='lat' dir='ltr'><strong>Bootes</strong></span> <span class='ocrx_word' id='word_1_755' title='bbox 1721 5145 1937 5214; x_wconf 89' lang='lat' dir='ltr'><strong>quidem</strong></span> <span class='ocrx_word' id='word_1_756' title='bbox 1993 5160 2116 5198; x_wconf 90' lang='lat' dir='ltr'><strong>cum</strong></span> 
     </span>
    </p>
   </div>
   <div class='ocr_carea' id='block_1_101' title="bbox 573 5234 2114 5306">
    <p class='ocr_par' dir='ltr' id='par_1_101' title="bbox 573 5234 2114 5306">
     <span class='ocr_line' id='line_1_101' title="bbox 573 5234 2114 5306; baseline 0.003 -21"><span class='ocrx_word' id='word_1_757' title='bbox 573 5234 757 5288; x_wconf 82' lang='lat' dir='ltr'><strong>Ariete</strong></span> <span class='ocrx_word' id='word_1_758' title='bbox 792 5234 1014 5304; x_wconf 87' lang='lat' dir='ltr'><strong>incipiat</strong></span> <span class='ocrx_word' id='word_1_759' title='bbox 1052 5237 1276 5295; x_wconf 86' lang='lat' dir='ltr'><strong>exoriri.</strong></span> <span class='ocrx_word' id='word_1_760' title='bbox 1317 5237 1461 5306; x_wconf 82' lang='lat' dir='ltr'><strong>quod</strong></span> <span class='ocrx_word' id='word_1_761' title='bbox 1507 5239 1581 5291; x_wconf 90' lang='lat' dir='ltr'><strong>illi</strong></span> <span class='ocrx_word' id='word_1_762' title='bbox 1615 5238 1824 5300; x_wconf 74' lang='lat' dir='ltr'><strong>mlunt,</strong></span> <span class='ocrx_word' id='word_1_763' title='bbox 1855 5238 1946 5292; x_wconf 83' lang='lat' dir='ltr'><strong>sed</strong></span> <span class='ocrx_word' id='word_1_764' title='bbox 1989 5252 2114 5292; x_wconf 85' lang='lat' dir='ltr'><strong>cum</strong></span> 
     </span>
    </p>
   </div>
   <div class='ocr_carea' id='block_1_102' title="bbox 571 5323 1356 5396">
    <p class='ocr_par' dir='ltr' id='par_1_102' title="bbox 571 5323 1356 5396">
     <span class='ocr_line' id='line_1_102' title="bbox 571 5323 1356 5396; baseline 0.01 -21"><span class='ocrx_word' id='word_1_765' title='bbox 571 5323 778 5386; x_wconf 81' lang='lat' dir='ltr'><strong>Tauro,</strong></span> <span class='ocrx_word' id='word_1_766' title='bbox 819 5327 1070 5396; x_wconf 90' lang='lat' dir='ltr'><strong>superius</strong></span> <span class='ocrx_word' id='word_1_767' title='bbox 1099 5327 1356 5383; x_wconf 87' lang='lat' dir='ltr'><strong>diximus.</strong></span> 
     </span>
    </p>
   </div>
   <div class='ocr_carea' id='block_1_103' title="bbox 642 5417 2117 5490">
    <p class='ocr_par' dir='ltr' id='par_1_103' title="bbox 642 5417 2117 5490">
     <span class='ocr_line' id='line_1_103' title="bbox 642 5417 2117 5490; baseline 0.002 -18"><span class='ocrx_word' id='word_1_768' title='bbox 642 5417 886 5472; x_wconf 77' lang='lat' dir='ltr'><strong>Geminis</strong></span> <span class='ocrx_word' id='word_1_769' title='bbox 915 5419 1047 5472; x_wconf 90' lang='lat' dir='ltr'><strong>oriri</strong></span> <span class='ocrx_word' id='word_1_770' title='bbox 1080 5419 1486 5490; x_wconf 87' lang='lat' dir='ltr'><strong>incipientibus,</strong></span> <span class='ocrx_word' id='word_1_771' title='bbox 1519 5421 1716 5476; x_wconf 82' lang='lat' dir='ltr'><strong>Aratus</strong></span> <span class='ocrx_word' id='word_1_772' title='bbox 1748 5423 1822 5474; x_wconf 88' lang='lat' dir='ltr'><strong>ait</strong></span> <span class='ocrx_word' id='word_1_773' title='bbox 1867 5420 2117 5475; x_wconf 84' lang='lat' dir='ltr'><strong>occidere</strong></span> 
     </span>
    </p>
   </div>
   <div class='ocr_carea' id='block_1_104' title="bbox 553 5504 2117 5590">
    <p class='ocr_par' dir='ltr' id='par_1_104' title="bbox 553 5504 2117 5590">
     <span class='ocr_line' id='line_1_104' title="bbox 553 5504 2117 5590; baseline 0.004 -33"><span class='ocrx_word' id='word_1_774' title='bbox 553 5504 738 5590; x_wconf 77' lang='lat' dir='ltr'><strong>pedes</strong></span> <span class='ocrx_word' id='word_1_775' title='bbox 790 5504 1056 5576; x_wconf 86' lang='lat' dir='ltr'><strong>Ophiucbi</strong></span> <span class='ocrx_word' id='word_1_776' title='bbox 1102 5525 1275 5578; x_wconf 90' lang='lat' dir='ltr'><strong>usque</strong></span> <span class='ocrx_word' id='word_1_777' title='bbox 1329 5511 1395 5564; x_wconf 89' lang='lat' dir='ltr'><strong>ad</strong></span> <span class='ocrx_word' id='word_1_778' title='bbox 1448 5511 1888 5582; x_wconf 46' lang='lat' dir='ltr'><strong>genua;.Cetum</strong></span> <span class='ocrx_word' id='word_1_779' title='bbox 1933 5518 2117 5566; x_wconf 87' lang='lat' dir='ltr'><strong>autem</strong></span> 
     </span>
    </p>
   </div>
   <div class='ocr_carea' id='block_1_105' title="bbox 2213 4597 3758 4674">
    <p class='ocr_par' dir='ltr' id='par_1_105' title="bbox 2213 4597 3758 4674">
     <span class='ocr_line' id='line_1_105' title="bbox 2213 4597 3758 4674; baseline 0.005 -24"><span class='ocrx_word' id='word_1_780' title='bbox 2213 4597 2440 4668; x_wconf 82' lang='grc' dir='ltr'>πρώτως</span> <span class='ocrx_word' id='word_1_781' title='bbox 2490 4599 2566 4668; x_wconf 82' lang='grc' dir='ltr'>τῷ</span> <span class='ocrx_word' id='word_1_782' title='bbox 2620 4599 2772 4669; x_wconf 81' lang='grc' dir='ltr'>Κριῷ</span> <span class='ocrx_word' id='word_1_783' title='bbox 2834 4600 2921 4652; x_wconf 87' lang='grc' dir='ltr'>τὸν</span> <span class='ocrx_word' id='word_1_784' title='bbox 2983 4600 3222 4670; x_wconf 80' lang='grc' dir='ltr'>Ἠνίοχον</span> <span class='ocrx_word' id='word_1_785' title='bbox 3281 4603 3758 4674; x_wconf 78' lang='grc' dir='ltr'>συναναφέρεσθαι.</span> 
     </span>
    </p>
   </div>
   <div class='ocr_carea' id='block_1_106' title="bbox 2225 4689 3767 4765">
    <p class='ocr_par' dir='ltr' id='par_1_106' title="bbox 2225 4689 3767 4765">
     <span class='ocr_line' id='line_1_106' title="bbox 2225 4689 3767 4765; baseline 0.004 -24"><span class='ocrx_word' id='word_1_786' title='bbox 2225 4689 2452 4760; x_wconf 78' lang='grc' dir='ltr'>Ὁμοίως</span> <span class='ocrx_word' id='word_1_787' title='bbox 2479 4689 2537 4742; x_wconf 86' lang='grc' dir='ltr'>δὲ</span> <span class='ocrx_word' id='word_1_788' title='bbox 2563 4690 2698 4744; x_wconf 78' lang='grc' dir='ltr'>κατὰ</span> <span class='ocrx_word' id='word_1_789' title='bbox 2734 4690 2826 4744; x_wconf 88' lang='grc' dir='ltr'><strong>δύο</strong></span> <span class='ocrx_word' id='word_1_790' title='bbox 2853 4691 3081 4761; x_wconf 89' lang='grc' dir='ltr'>τρόπους</span> <span class='ocrx_word' id='word_1_791' title='bbox 3105 4692 3197 4744; x_wconf 77' lang='grc' dir='ltr'>καὶ</span> <span class='ocrx_word' id='word_1_792' title='bbox 3215 4693 3281 4746; x_wconf 81' lang='grc' dir='ltr'><strong>τά</strong></span> <span class='ocrx_word' id='word_1_793' title='bbox 3315 4697 3441 4765; x_wconf 81' lang='grc' dir='ltr'>περὶ</span> <span class='ocrx_word' id='word_1_794' title='bbox 3466 4695 3562 4748; x_wconf 74' lang='grc' dir='ltr'>τοῦ</span> <span class='ocrx_word' id='word_1_795' title='bbox 3600 4695 3767 4749; x_wconf 81' lang='grc' dir='ltr'>Ἠνιό-</span> 
     </span>
    </p>
   </div>
   <div class='ocr_carea' id='block_1_107' title="bbox 2212 4781 3762 4854">
    <p class='ocr_par' dir='ltr' id='par_1_107' title="bbox 2212 4781 3762 4854">
     <span class='ocr_line' id='line_1_107' title="bbox 2212 4781 3762 4854; baseline 0.004 -21"><span class='ocrx_word' id='word_1_796' title='bbox 2212 4797 2308 4850; x_wconf 92' lang='grc' dir='ltr'><strong>χου</strong></span> <span class='ocrx_word' id='word_1_797' title='bbox 2337 4782 2686 4851; x_wconf 78' lang='grc' dir='ltr'>ἠγνοήκασιν.</span> <span class='ocrx_word' id='word_1_798' title='bbox 2717 4781 2852 4834; x_wconf 78' lang='grc' dir='ltr'>Ούτε</span> <span class='ocrx_word' id='word_1_799' title='bbox 2875 4781 2982 4852; x_wconf 80' lang='grc' dir='ltr'><strong>γάρ</strong></span> <span class='ocrx_word' id='word_1_800' title='bbox 3009 4781 3086 4852; x_wconf 88' lang='grc' dir='ltr'>τῷ</span> <span class='ocrx_word' id='word_1_801' title='bbox 3110 4783 3263 4853; x_wconf 83' lang='grc' dir='ltr'>Κριῷ</span> <span class='ocrx_word' id='word_1_802' title='bbox 3285 4785 3508 4854; x_wconf 83' lang='grc' dir='ltr'>ἄρχεται</span> <span class='ocrx_word' id='word_1_803' title='bbox 3542 4803 3762 4840; x_wconf 84' lang='grc' dir='ltr'>συνανα-</span> 
     </span>
    </p>
   </div>
   <div class='ocr_carea' id='block_1_108' title="bbox 2212 4871 3764 4942">
    <p class='ocr_par' dir='ltr' id='par_1_108' title="bbox 2212 4871 3764 4942">
     <span class='ocr_line' id='line_1_108' title="bbox 2212 4871 3764 4942; baseline 0.003 -19"><span class='ocrx_word' id='word_1_804' title='bbox 2212 4871 2437 4934; x_wconf 88' lang='grc' dir='ltr'>τέλλειν,</span> <span class='ocrx_word' id='word_1_805' title='bbox 2471 4872 2546 4935; x_wconf 86' lang='grc' dir='ltr'><strong>ῶς</strong></span> <span class='ocrx_word' id='word_1_806' title='bbox 2577 4889 2758 4940; x_wconf 78' lang='grc' dir='ltr'>φασιν,</span> <span class='ocrx_word' id='word_1_807' title='bbox 2789 4872 2923 4926; x_wconf 86' lang='grc' dir='ltr'><strong>ἀλλά</strong></span> <span class='ocrx_word' id='word_1_808' title='bbox 2964 4877 3077 4936; x_wconf 89' lang='grc' dir='ltr'>τοῖς</span> <span class='ocrx_word' id='word_1_809' title='bbox 3115 4873 3360 4942; x_wconf 86' lang='grc' dir='ltr'>Ἰχθύσιν,</span> <span class='ocrx_word' id='word_1_810' title='bbox 3388 4873 3512 4928; x_wconf 74' lang='grc' dir='ltr'>οὔτε</span> <span class='ocrx_word' id='word_1_811' title='bbox 3541 4877 3647 4940; x_wconf 75' lang='grc' dir='ltr'>ἕως</span> <span class='ocrx_word' id='word_1_812' title='bbox 3674 4877 3764 4942; x_wconf 75' lang='grc' dir='ltr'>τῆς</span> 
     </span>
    </p>
   </div>
   <div class='ocr_carea' id='block_1_109' title="bbox 2214 4963 3767 5038">
    <p class='ocr_par' dir='ltr' id='par_1_109' title="bbox 2214 4963 3767 5038">
     <span class='ocr_line' id='line_1_109' title="bbox 2214 4963 3767 5038; baseline -0.012 -22"><span class='ocrx_word' id='word_1_813' title='bbox 2214 4963 2403 5033; x_wconf 77' lang='grc' dir='ltr'>λοφίας</span> <span class='ocrx_word' id='word_1_814' title='bbox 2443 4965 2599 5034; x_wconf 88' lang='grc' dir='ltr'>μόνον</span> <span class='ocrx_word' id='word_1_815' title='bbox 2624 4965 2950 5036; x_wconf 85' lang='grc' dir='ltr'>ἀναφέρεται</span> <span class='ocrx_word' id='word_1_816' title='bbox 2985 4968 3079 5020; x_wconf 79' lang='grc' dir='ltr'>σὺν</span> <span class='ocrx_word' id='word_1_817' title='bbox 3123 4967 3198 5036; x_wconf 78' lang='grc' dir='ltr'>τῷ</span> <span class='ocrx_word' id='word_1_818' title='bbox 3231 4967 3403 5038; x_wconf 78' lang='grc' dir='ltr'>Κριῷ,</span> <span class='ocrx_word' id='word_1_819' title='bbox 3437 4968 3555 5022; x_wconf 70' lang='grc' dir='ltr'><strong>ἀλλ’</strong></span> <span class='ocrx_word' id='word_1_820' title='bbox 3583 4969 3702 5033; x_wconf 68' lang='grc' dir='ltr'><strong>ὅλος</strong></span> <span class='ocrx_word' id='word_1_821' title='bbox 3725 4971 3767 5000; x_wconf 76' lang='grc' dir='ltr'><strong>ο.</strong></span> 
     </span>
    </p>
   </div>
   <div class='ocr_carea' id='block_1_110' title="bbox 2217 5055 3765 5131">
    <p class='ocr_par' dir='ltr' id='par_1_110' title="bbox 2217 5055 3765 5131">
     <span class='ocr_line' id='line_1_110' title="bbox 2217 5055 3765 5131; baseline 0.005 -24"><span class='ocrx_word' id='word_1_822' title='bbox 2217 5056 2417 5125; x_wconf 77' lang='grc' dir='ltr'>σχεδὸν,</span> <span class='ocrx_word' id='word_1_823' title='bbox 2446 5055 2585 5126; x_wconf 82' lang='grc' dir='ltr'>πλὴν</span> <span class='ocrx_word' id='word_1_824' title='bbox 2608 5058 2712 5109; x_wconf 88' lang='grc' dir='ltr'><strong>τῶν</strong></span> <span class='ocrx_word' id='word_1_825' title='bbox 2735 5059 2791 5109; x_wconf 85' lang='grc' dir='ltr'>ὲν</span> <span class='ocrx_word' id='word_1_826' title='bbox 2819 5059 2884 5127; x_wconf 81' lang='grc' dir='ltr'>τῇ</span> <span class='ocrx_word' id='word_1_827' title='bbox 2914 5058 3118 5128; x_wconf 76' lang='grc' dir='ltr'>κεφαλῇ</span> <span class='ocrx_word' id='word_1_828' title='bbox 3148 5059 3194 5110; x_wconf 83' lang='grc' dir='ltr'>οἱ</span> <span class='ocrx_word' id='word_1_829' title='bbox 3223 5059 3278 5110; x_wconf 85' lang='grc' dir='ltr'>ὲν</span> <span class='ocrx_word' id='word_1_830' title='bbox 3307 5059 3460 5129; x_wconf 84' lang='grc' dir='ltr'>ἄκρῳ</span> <span class='ocrx_word' id='word_1_831' title='bbox 3490 5061 3569 5131; x_wconf 82' lang='grc' dir='ltr'>τῷ</span> <span class='ocrx_word' id='word_1_832' title='bbox 3604 5061 3765 5130; x_wconf 85' lang='grc' dir='ltr'>χελω-</span> 
     </span>
    </p>
   </div>
   <div class='ocr_carea' id='block_1_111' title="bbox 2216 5147 3768 5222">
    <p class='ocr_par' dir='ltr' id='par_1_111' title="bbox 2216 5147 3768 5222">
     <span class='ocr_line' id='line_1_111' title="bbox 2216 5147 3768 5222; baseline 0.002 -23"><span class='ocrx_word' id='word_1_833' title='bbox 2216 5147 2313 5216; x_wconf 79' lang='grc' dir='ltr'><strong>νίῳ</strong></span> <span class='ocrx_word' id='word_1_834' title='bbox 2326 5149 2370 5178; x_wconf 70' lang='grc'><strong>⁸⁸⁵</strong></span> <span class='ocrx_word' id='word_1_835' title='bbox 2404 5148 2661 5219; x_wconf 81' lang='grc' dir='ltr'>λαμπροί.</span> <span class='ocrx_word' id='word_1_836' title='bbox 2690 5150 2808 5202; x_wconf 89' lang='grc' dir='ltr'>Ὅτι</span> <span class='ocrx_word' id='word_1_837' title='bbox 2830 5166 2890 5217; x_wconf 90' lang='grc' dir='ltr'><strong>γε</strong></span> <span class='ocrx_word' id='word_1_838' title='bbox 2925 5151 3030 5221; x_wconf 77' lang='grc' dir='ltr'>μὴν</span> <span class='ocrx_word' id='word_1_839' title='bbox 3053 5150 3174 5203; x_wconf 75' lang='grc' dir='ltr'>οὔτε</span> <span class='ocrx_word' id='word_1_840' title='bbox 3213 5153 3242 5203; x_wconf 92' lang='lat'><strong>6</strong></span> <span class='ocrx_word' id='word_1_841' title='bbox 3275 5151 3485 5221; x_wconf 85' lang='grc' dir='ltr'>Βοώτης</span> <span class='ocrx_word' id='word_1_842' title='bbox 3515 5152 3592 5222; x_wconf 83' lang='grc' dir='ltr'>τῷ</span> <span class='ocrx_word' id='word_1_843' title='bbox 3621 5153 3768 5222; x_wconf 81' lang='grc' dir='ltr'>Κριῷ</span> 
     </span>
    </p>
   </div>
   <div class='ocr_carea' id='block_1_112' title="bbox 2218 5240 3765 5314">
    <p class='ocr_par' dir='ltr' id='par_1_112' title="bbox 2218 5240 3765 5314">
     <span class='ocr_line' id='line_1_112' title="bbox 2218 5240 3765 5314; baseline 0.002 -20"><span class='ocrx_word' id='word_1_844' title='bbox 2218 5240 2439 5309; x_wconf 82' lang='grc' dir='ltr'>ἄρχεται</span> <span class='ocrx_word' id='word_1_845' title='bbox 2469 5240 2944 5310; x_wconf 84' lang='grc' dir='ltr'>συναναφέρεσθαι,</span> <span class='ocrx_word' id='word_1_846' title='bbox 2967 5240 3042 5304; x_wconf 90' lang='grc' dir='ltr'><strong>ῶς</strong></span> <span class='ocrx_word' id='word_1_847' title='bbox 3069 5260 3250 5309; x_wconf 84' lang='grc' dir='ltr'>φασιν,</span> <span class='ocrx_word' id='word_1_848' title='bbox 3280 5242 3415 5296; x_wconf 84' lang='grc' dir='ltr'><strong>ἀλλά</strong></span> <span class='ocrx_word' id='word_1_849' title='bbox 3444 5242 3523 5312; x_wconf 80' lang='grc' dir='ltr'>τῷ</span> <span class='ocrx_word' id='word_1_850' title='bbox 3552 5244 3765 5314; x_wconf 78' lang='grc' dir='ltr'>Ταύρῳ,</span> 
     </span>
    </p>
   </div>
   <div class='ocr_carea' id='block_1_113' title="bbox 2221 5330 2920 5401">
    <p class='ocr_par' dir='ltr' id='par_1_113' title="bbox 2221 5330 2920 5401">
     <span class='ocr_line' id='line_1_113' title="bbox 2221 5330 2920 5401; baseline 0.001 -20"><span class='ocrx_word' id='word_1_851' title='bbox 2221 5330 2622 5398; x_wconf 83' lang='grc' dir='ltr'>προειρήκαμεν</span> <span class='ocrx_word' id='word_1_852' title='bbox 2650 5330 2920 5401; x_wconf 87' lang='grc' dir='ltr'>ἀνωτέρω.</span> 
     </span>
    </p>
   </div>
   <div class='ocr_carea' id='block_1_114' title="bbox 2292 5419 3768 5497">
    <p class='ocr_par' dir='ltr' id='par_1_114' title="bbox 2292 5419 3768 5497">
     <span class='ocr_line' id='line_1_114' title="bbox 2292 5419 3768 5497; baseline 0.009 -27"><span class='ocrx_word' id='word_1_853' title='bbox 2292 5419 2410 5470; x_wconf 91' lang='grc' dir='ltr'><strong>Τῶν</strong></span> <span class='ocrx_word' id='word_1_854' title='bbox 2434 5419 2490 5472; x_wconf 84' lang='grc' dir='ltr'>δὲ</span> <span class='ocrx_word' id='word_1_855' title='bbox 2512 5419 2756 5492; x_wconf 88' lang='grc' dir='ltr'>Διδύμων</span> <span class='ocrx_word' id='word_1_856' title='bbox 2784 5422 3099 5494; x_wconf 88' lang='grc' dir='ltr'>ἀρχομένων</span> <span class='ocrx_word' id='word_1_857' title='bbox 3131 5425 3456 5486; x_wconf 72' lang='grc' dir='ltr'>ἀνατέλλειν,</span> <span class='ocrx_word' id='word_1_858' title='bbox 3482 5427 3512 5479; x_wconf 88' lang='lat'><strong>6</strong></span> <span class='ocrx_word' id='word_1_859' title='bbox 3541 5427 3768 5497; x_wconf 69' lang='grc' dir='ltr'>Ἄρατος</span> 
     </span>
    </p>
   </div>
   <div class='ocr_carea' id='block_1_115' title="bbox 2223 5508 3767 5585">
    <p class='ocr_par' dir='ltr' id='par_1_115' title="bbox 2223 5508 3767 5585">
     <span class='ocr_line' id='line_1_115' title="bbox 2223 5508 3767 5585; baseline 0.005 -24"><span class='ocrx_word' id='word_1_860' title='bbox 2223 5508 2397 5563; x_wconf 85' lang='grc' dir='ltr'>δύνειν</span> <span class='ocrx_word' id='word_1_861' title='bbox 2436 5511 2534 5580; x_wconf 83' lang='grc' dir='ltr'><strong>μέν</strong></span> <span class='ocrx_word' id='word_1_862' title='bbox 2588 5528 2718 5582; x_wconf 80' lang='grc' dir='ltr'>φησι</span> <span class='ocrx_word' id='word_1_863' title='bbox 2763 5515 2889 5576; x_wconf 77' lang='grc' dir='ltr'>τοὺς</span> <span class='ocrx_word' id='word_1_864' title='bbox 2941 5514 3107 5578; x_wconf 87' lang='grc' dir='ltr'>πόδας</span> <span class='ocrx_word' id='word_1_865' title='bbox 3167 5515 3261 5568; x_wconf 74' lang='grc' dir='ltr'>τοῦ</span> <span class='ocrx_word' id='word_1_866' title='bbox 3344 5514 3626 5585; x_wconf 85' lang='grc' dir='ltr'>Ὀφιούχου</span> <span class='ocrx_word' id='word_1_867' title='bbox 3679 5514 3767 5585; x_wconf 73' lang='grc' dir='ltr'>μέ·-</span> 
     </span>
    </p>
   </div>
   <div class='ocr_carea' id='block_1_116' title="bbox 641 5657 2584 5736">
    <p class='ocr_par' dir='ltr' id='par_1_116' title="bbox 641 5657 2584 5736">
     <span class='ocr_line' id='line_1_116' title="bbox 641 5657 2584 5736; baseline 0.003 -22"><span class='ocrx_word' id='word_1_868' title='bbox 641 5658 713 5690; x_wconf 80' lang='grc'><strong>⁸³⁶</strong></span> <span class='ocrx_word' id='word_1_869' title='bbox 739 5657 861 5714; x_wconf 85' lang='lat' dir='ltr'><strong>Cor.</strong></span> <span class='ocrx_word' id='word_1_870' title='bbox 898 5662 988 5714; x_wconf 78' lang='grc' dir='ltr'><strong>καί</strong></span> <span class='ocrx_word' id='word_1_871' title='bbox 1022 5663 1071 5714; x_wconf 75' lang='grc' dir='ltr'>κ’</span> <span class='ocrx_word' id='word_1_872' title='bbox 1097 5664 1410 5736; x_wconf 73' lang='grc' dir='ltr'>ἀμφήριστα</span> <span class='ocrx_word' id='word_1_873' title='bbox 1438 5665 1672 5718; x_wconf 82' lang='grc' dir='ltr'>πέλοντο.</span> <span class='ocrx_word' id='word_1_874' title='bbox 1751 5665 1796 5697; x_wconf 72' lang='grc'>⁸⁸</span> <span class='ocrx_word' id='word_1_875' title='bbox 1823 5682 1910 5734; x_wconf 77' lang='grc' dir='ltr'><strong>γρ.</strong></span> <span class='ocrx_word' id='word_1_876' title='bbox 1939 5665 2076 5720; x_wconf 85' lang='grc' dir='ltr'>ὂλον.</span> <span class='ocrx_word' id='word_1_877' title='bbox 2150 5665 2195 5698; x_wconf 78' lang='grc'><strong>⁸⁵</strong></span> <span class='ocrx_word' id='word_1_878' title='bbox 2228 5682 2313 5734; x_wconf 66' lang='grc' dir='ltr'><strong>γρ.</strong></span> <span class='ocrx_word' id='word_1_879' title='bbox 2345 5664 2584 5736; x_wconf 85' lang='grc' dir='ltr'>χελυνὶῳ.</span> 
     </span>
    </p>
   </div>
  </div>
