4040 6206
366 246 517 302 ’4095

1352 259 1718 320 IIIPPARCII‘I
1753 264 1844 322 AD
1882 270 2324 330 ΡΗΛΕΝΟΜΕΝᾹ
2361 273 2486 332 LIB.
2531 277 2590 334 ll.

3438 293 3577 351 1094

377 378 472 430 σφι
512 363 688 418 αὐτῶν
717 365 763 397 ⁸⁸
802 367 1034 433 γονάτων
1055 387 1068 400 ·
1096 371 1398 426 ἀνατέλλειν
1433 375 1490 428 δὲ
1537 377 1598 429 τὸ
1630 379 1805 450 Κῆτος
1837 399 1894 434 κα

1994 386 2258 450 _exoriri;
2315 389 2654 460 primumque
2683 390 2948 449 Fluminis
3003 405 3233 464 partem.
3279 399 3407 466 Quae
3453 408 3577 474 qui-

371 453 470 506 τοῦ
505 455 756 526 Ποταμοῦ
795 458 865 511 τά
893 459 1106 531 πρῶτα.
1154 462 1339 517 Ταῦτα
1377 465 1436 518 δὲ
1477 469 1780 538 συμφώνως
1813 474 1925 536 τοῖς

372 547 717 617 φαινομένοις
743 551 832 603 ὑπ’
861 552 1040 605 αὐτῶν
1068 554 1300 627 εἴρηται.

449 638 517 689 ’Ἃ
567 639 666 708 μὲν
710 635 800 694 οὖν
847 642 1020 696 ἐδόκει
1055 662 1142 714 μοι
1192 648 1434 718 χρήσιμα
1479 643 1616 703 εἶναι
1658 649 1766 704 τῶν
1817 651 1925 705 ύπὸ

385 728 612 798 Ἀράτου
643 730 736 782 καί
763 731 987 797 Εὐδόξου
1026 731 1328 804 λεγομένων
1359 737 1416 787 ὲν
1442 738 1550 798 τοῖς
1588 737 1922 807 φαινομένοις

371 819 765 888 ἐπισκέψασθαι
803 839 884 888 τε,
915 824 1007 876 καὶ
1035 825 1362 896 ὑπογράψαι,
1387 825 1558 880 ταῦτά
1589 828 1733 880 ἐστιν
1753 844 1766 859 ο
1797 827 1922 898 ἑξῆς

354 912 428 966 δὲ
455 913 704 977 ύποτάξω
728 916 856 985 περὶ
895 917 1122 969 ἑκάστου
1149 917 1255 970 τῶν
1280 917 1533 972 ἀπλανῶν
1559 919 1799 990 ἀστέρων
1829 920 1921 974 ἐπὶ

368 1008 682 1076 κεφαλαίου,
715 1009 819 1062 τίνι
847 1027 904 1062 τε
928 1012 1034 1064 τῶν
1066 1011 1131 1081 ιβ’
1163 1013 1362 1075 ζωδίων
1405 1014 1796 1077 συνανατέλλει,
1827 1013 1920 1067 καὶ

352 1099 789 1165 ισυγκαταδύνεν
828 1102 929 1154 καὶ
971 1102 1077 1154 ἀπὸ
1106 1103 1304 1174 πόστης
1353 1104 1544 1175 μοίρας
1585 1104 1676 1157 τοῦ
1727 1104 1916 1170 ζωδίου

365 1191 686 1262 ἀρξάμενος,
720 1192 824 1252 ἓως
867 1192 1066 1263 πόστης
1093 1194 1152 1246 τὸ
1175 1194 1394 1264 ἔσχατον
1413 1197 1706 1260 ἀνατέλλει,
1734 1197 1766 1268 ἢ
1795 1214 1918 1267 συγ-

355 1280 648 1334 καταδύνει
681 1282 738 1333 ὲν
761 1285 871 1345 τοῖς
893 1284 1018 1352 περὶ
1041 1282 1136 1353 τὴν
1181 1283 1400 1338 Ἐλλάδα
1427 1285 1608 1348 τόποις
1627 1303 1638 1315 ·
1667 1286 1758 1340 καὶ
1787 1285 1917 1339 καθ-

328 1417 336 1429 ,
363 1372 486 1425 όλου
525 1373 656 1426 ὅπου
700 1374 844 1426 ἐστὶν
871 1375 902 1445 ή
941 1375 1165 1446 μεγίστη
1193 1375 1378 1447 ἡμέρα
1409 1375 1564 1447 ὡρῶν
1588 1377 1914 1448 ἰσημερινῶν

357 1463 427 1516 ⁴ιδ’
455 1464 547 1517 καὶ
585 1465 869 1536 ἡμιωρίου.
915 1465 1024 1529 Τὰς
1065 1466 1121 1519 δὲ
1166 1469 1304 1522 κα.τά
1350 1468 1516 1539 μέρος
1558 1468 1736 1522 αὐτῶν
1781 1471 1915 1523 ἀπο-

346 1556 552 1622 δείξεις
574 1560 630 1611 ὲν
657 1557 834 1622 ἄλλοις
865 1559 1262 1630 συντετάχαμεν
1288 1561 1476 1624 οὕτως,
1505 1559 1642 1614 ὥστε
1671 1563 1727 1615 έν
1753 1564 1912 1616 παντὶ

357 1648 510 1717 τόπῳ
554 1647 733 1718 σχεδὸν
785 1647 884 1717 τῆς
931 1649 1247 1720 οἰκουμένης
1285 1649 1537 1704 δύνασθαι
1583 1652 1912 1722 παρακολου-

2026 475 2148 530 dem
2191 493 2316 533 cum
2349 482 2737 550 apparentibus
2775 496 3138 557 congruenter
3181 491 3251 546 ab
3282 492 3392 550 illis
3427 495 3572 552 dicta

2023 575 2170 621 sunt.

2091 659 2261 729 Igitur
2290 678 2411 731 quae
2461 680 2528 719 ex
2567 666 2721 720 Arati
2753 669 3071 743 Eudoxique
3122 674 3358 733 decretis
3407 695 3573 752 super

2021 752 2391 817 apparentium
2454 756 2664 812 ratione
2721 759 2883 830 digna
2943 764 3077 818 mihi
3127 769 3573 829 consideratione

2020 837 2506 914 observationeque
2538 847 2654 902 visa
2685 859 2834 913 sunt,
2870 851 2984 908 [nec
3033 862 3421 926 propemodum
3455 862 3571 917 fuc-

2018 939 2168 983 runt.
2195 929 2463 1002 Deinceps
2500 950 2626 990 vero
2657 940 2724 992 de
2758 955 3082 1012 unaquaque
3110 947 3389 1004 stellarum
3422 951 3570 1006 iner-

2015 1022 2255 1075 rantium
2288 1027 2596 1080 summatim
2646 1029 2952 1088 disseram:
2980 1050 3089 1104 quo
3137 1053 3259 1092 cum
3291 1041 3447 1111 signo
3499 1046 3568 1102 de

2017 1110 2302 1166 duodecim
2335 1115 2544 1170 oriatur
2600 1127 2694 1172 aut
2743 1123 2993 1190 occidat;
3025 1137 3191 1196 quota
3245 1133 3314 1187 ab
3350 1110 3565 1194 aodiaci

2016 1214 2169 1275 parte
2198 1207 2486 1277 incipiens,
2517 1213 2571 1264 in
2606 1223 2770 1283 quota
2799 1219 2930 1272 oriri
2957 1223 3038 1275 vel
3071 1225 3318 1282 occidere
3347 1230 3564 1286 desinat

2015 1293 2161 1347 circa
2187 1292 2406 1350 Graecia:
2436 1307 2691 1368 tractum,
2723 1312 2815 1357 aut
2851 1307 3156 1380 ubicunque
3187 1317 3420 1371 maxima
3446 1321 3564 1378 dies

2013 1391 2096 1444 est
2154 1384 2408 1442 horarum
2465 1392 2922 1462 aequinoctialium
2975 1405 3386 1470 quatuordecim
3435 1425 3560 1467 cum

2012 1475 2254 1535 dimidia.
2279 1481 2518 1548 Quorum
2564 1489 2807 1544 omnium
2868 1494 3185 1563 singillatim
3222 1499 3562 1559 demonstra-

2013 1567 2210 1624 tionem
2238 1571 2309 1625 ita
2342 1574 2397 1628 in
2427 1576 2547 1630 aliis
2572 1584 2979 1640 commentariis
3013 1592 3383 1659 exposuimus,
3415 1605 3473 1650 ut
3502 1598 3559 1653 in

2010 1663 2158 1714 omni
2202 1662 2313 1719 fere
2343 1674 2607 1723 terrarum
2641 1672 2789 1727 orbis
2825 1674 2941 1730 loco
2975 1688 3290 1749 coortuum,
3317 1695 3370 1740 et
3394 1702 3557 1743 cooc-

347 1737 475 1790 θεῖν
515 1742 632 1801 ταῖς
672 1737 952 1810 διαφοραῖς
1000 1739 1106 1792 τῶν
1157 1741 1520 1794 συνανατολῶν
1566 1743 1660 1795 καὶ
1705 1759 1894 1811 συγκα-

2888 1728 2898 1730 ﬁ
2984 1728 3290 1749 τμη-πη,
3318 1728 3370 1740 ν,
3395 1728 3500 1743 ,νυν

2006 1765 2235 1808 casuum
2268 1757 2583 1815 discrimina
2606 1772 2756 1818 certa
2782 1769 2959 1835 possis
2980 1772 3188 1829 ratione
3215 1782 3500 1851 consequi.

356 1830 650 1885 ταδύσεων.

428 1922 528 1974 ΙΘ¹.
577 1920 798 1992 Πρῶτον
839 1922 936 1992 μὲν
983 1916 1074 1975 οὖν
1125 1923 1463 1994 ἐκθησόμεθα
1511 1924 1610 1988 τὰς
1654 1924 1763 1977 τῶν
1814 1923 1906 1995 βο·-

348 2012 644 2082 Ῥειοτέρων
685 2014 896 2084 ἄστρων
944 2011 1036 2064 τοῦ
1096 2010 1356 2075 ζωδιακοῦ
1388 2012 1584 2066 κύκλου
1622 2031 1908 2068 συνανατο-

347 2103 454 2166 ιλὰς
498 2121 554 2156 τε
599 2105 690 2157 καὶ
728 2105 1145 2173 συγκαταδύσεις
1169 2121 1181 2134 ·
1236 2104 1424 2158 ἔπειτα
1461 2106 1516 2159 δὲ
1548 2105 1644 2169 τάς
1676 2106 1782 2160 τῶν
1815 2123 1903 2160 νο-

355 2197 660 2268 τιωτέρωψ
699 2199 790 2249 ἐπὶ
826 2199 956 2250 πᾶσι
989 2197 1046 2250 δὲ
1092 2197 1189 2260 τὰς
1216 2197 1322 2250 τῶν
1369 2198 1432 2268 ιβ’
1484 2196 1704 2261 ζωδίων.
1748 2198 1904 2267 Λέγω

339 2289 411 2342 δὲ
451 2290 557 2341 τῶν
582 2289 982 2358 ὴστερισμένων
1003 2307 1016 2319 ·
1049 2289 1342 2361 ἐπειδήπερ
1365 2289 1400 2342 ἀ
1436 2289 1532 2359 μὲν
1565 2289 1782 2359 μείζονα
1811 2290 1903 2343 τό-

354 2397 456 2432 πον
483 2382 664 2449 ἐπέχει
693 2379 784 2432 τοῦ
812 2380 1296 2453 δωδεκατημορίου,
1327 2381 1363 2434 ἃ.
1389 2381 1445 2434 δὲ
1473 2379 1750 2435 ἐλάσσονα.
1784 2383 1902 2435 Ἔτι

351 2472 410 2526 δὲ
439 2472 531 2524 καὶ
569 2471 742 2541 πολλῴ
784 2473 903 2525 τινὰ
958 2474 1055 2543 μὲν
1101 2473 1427 2544 βορειότερα,
1466 2472 1586 2526 τινὰ
1633 2473 1688 2526 δὲ
1720 2472 1903 2526 νοτιὼ-

345 2576 483 2634 ’τερα
514 2563 640 2616 ὄντα
675 2562 768 2616 τοῦ
809 2562 1090 2626 ζωδιακοῦ,
1132 2563 1262 2616 πολὺ
1292 2566 1541 2634 προτερεῖ
1560 2564 1652 2617 καὶ
1687 2564 1903 2634 ὑστερεί

349 2657 410 2707 ὲν
441 2656 560 2719 ταῖς
593 2655 872 2718 ἀνατολαῖς
904 2656 997 2710 καὶ
1052 2656 1233 2710 δύσεσι
1265 2657 1372 2708 τῶν
1410 2657 1530 2708 κατ’
1557 2655 1695 2710 αύτά
1737 2655 1898 2709 δωδε-

352 2748 715 2819 κατημορίων,
748 2748 1292 2819 Προσδιασαφήσομεν
1336 2749 1391 2802 δὲ
1429 2750 1514 2818 ἐφ’
1547 2749 1772 2803 ἑκάστου
1803 2749 1898 2803 καὶ

348 2840 411 2892 τό
437 2856 494 2891 τε
527 2839 885 2910 μεσουρανοῦν
915 2842 971 2893 ὲν
1007 2839 1084 2911 τῷ
1116 2839 1362 2911 ζωδιακῷ
1391 2841 1572 2912 κύκλῳ
1595 2840 1781 2906 ζώδιον
1806 2842 1898 2895 καὶ

339 2929 448 3000 ’τὴν
484 2933 674 3001 μοῖραν
711 2929 905 2984 αὐτοῦ·
943 2931 1077 3002 πρὸς
1120 2931 1176 2984 δὲ
1223 2932 1429 2996 τούτοις
1473 2935 1599 2998 τοὺς
1633 2950 1896 3004 μεσουρα-

347 3023 568 3086 νοῦντας
600 3023 852 3086 ἀπλανεῖς
880 3023 1112 3094 ἀστέρας
1146 3026 1202 3076 ὲν
1234 3027 1350 3087 ταῖς
1381 3025 1572 3096 ἀρχαῖς
1596 3027 1688 3078 καὶ
1715 3024 1894 3076 τελευ-

2077 1927 2218 1988 XIX.
2248 1932 2488 1991 Primum
2519 1937 2684 2010 igitur
2711 1942 3008 2001 borealium
3050 1950 3288 2008 siderum
3319 1967 3472 2013 ortus
3501 1969 3554 2014 et

2005 2033 2234 2078 occasus
2253 2027 2673 2096 explicabimus,
2706 2051 2844 2104 quos
2868 2053 2991 2093 cum
3038 2042 3260 2101 zodiaco
3289 2046 3498 2104 faciunt
3532 2069 3548 2108 :

2001 2297 2260 2352 nonnulla
2307 2309 2455 2368 sunt,
2489 2320 2609 2374 quae
2658 2310 2976 2379 ampliorem
3023 2297 3347 2374 duodecima
3398 2333 3550 2392 parte

2000 2387 2178 2440 locum
2235 2401 2522 2462 occupant,
2553 2400 2800 2466 quaedam
2863 2405 3146 2462 minorem.
3191 2387 3414 2466 Deinde
3443 2415 3549 2470 alia

2000 2475 2157 2572 longe
2202 2481 2374 2546 magis
2421 2483 2489 2536 ad
2536 2491 2936 2556 septentriones
2961 2533 2975 2555 .
3011 2503 3349 2563 austrumve,
3384 2519 3547 2572 quam

1999 2568 2273 2633 zodiacus,
2296 2576 2594 2642 vergentia,
2627 2578 2789 2650 longo
2820 2581 3006 2638 itidem
3050 2589 3227 2656 spatio
3256 2568 3548 2650 dedecate-

1997 2661 2170 2714 moria
2203 2675 2300 2716 sua
2335 2675 2679 2733 praevertunt,
2710 2680 2804 2724 aut
2836 2684 3156 2742 sequuntur.
3195 2678 3459 2737 Przeterea
3490 2687 3546 2741 in

1997 2751 2226 2822 singulis
2251 2771 2579 2825 exponemus
2595 2763 2736 2831 quod
2765 2764 2974 2835 signum
3004 2767 3055 2820 in
3085 2771 3306 2826 zodiaco
3334 2775 3544 2831 circulo

1995 2847 2228 2900 medium
2269 2851 2394 2904 σα)Ιὶ
2426 2859 2625 2919 teneat,
2659 2863 2712 2909 et
2755 2872 2998 2926 quaenam
3030 2876 3155 2930 pars
3194 2863 3358 2920 illius.
3410 2868 3540 2923 Item

1995 2951 2239 3007 quaenam
2267 2942 2491 2997 fixurum
2513 2947 2794 3003 stellarum
2827 2952 3125 3009 culminent
3164 2957 3217 3009 in
3251 2966 3469 3013 ortuum
3488 2969 3542 3015 et

1995 3044 2285 3086 occasuum
2311 3034 2502 3101 initiis,
2527 3052 2591 3092 ac
2620 3039 2816 3096 finibus
2847 3043 3042 3100 sideris
3075 3047 3397 3118 cujuslibet;
3418 3059 3535 3105 tum

345 3118 464 3176 ταῖς
517 3113 622 3167 τῶν
657 3114 926 3168 ἀνατολῶν
967 3116 1060 3167 καὶ
1081 3115 1288 3169 δύσεων
1323 3116 1631 3186 οἱουδήποτε
1659 3116 1856 3188 ἄστρου
1877 3133 1891 3147 ο

1996 3131 2125 3191 quot
2157 3124 2414 3181 horarum
2437 3131 2781 3200 mquabilium
2821 3137 2997 3204 spatio
3018 3141 3438 3212 unumquodque
3465 3145 3541 3198 si-

331 3207 441 3258 ’καὶ
484 3204 562 3258 ἔτι
609 3207 664 3258 ἐν
703 3205 895 3270 πόσαις
924 3205 1092 3277 ὥραις
1134 3208 1469 3279 ίσημεριναῖς
1520 3206 1743 3260 ἕκαστον
1787 3206 1894 3260 τῶν

345 3299 558 3369 ἄστρων
600 3297 632 3368 ἢ
671 3297 833 3361 δύνει,
886 3298 919 3369 ἣ
965 3297 1255 3352 ἀνατέλλει.
1294 3299 1558 3352 Ἐκαστον
1602 3298 1656 3352 δὲ
1693 3298 1894 3353 τούτων

340 3391 742 3463 ῖιασαφήσομεν
758 3390 894 3444 κατὰ
932 3391 1287 3461 συνεγγισμὸν
1314 3391 1416 3456 ἓως
1449 3391 1734 3463 ἀδιαφόρου
1762 3409 1894 3464 παρ-

342 3479 599 3552 αλλαγῆς.
634 3481 777 3534 Διότι
821 3479 928 3551 γάρ
966 3481 998 3552 ἡ
1046 3480 1267 3552 τοιαύτη
1313 3482 1662 3553 πραγματεία
1715 3483 1891 3555 πολλῷ

327 3585 399 3625 ’τε
432 3573 539 3624 τῶν
578 3573 682 3626 ὑπὸ
726 3573 832 3652 τῶν
869 3573 1108 3645 ἀρχαίων
1139 3575 1576 3644 συντεταγμένων
1613 3575 1760 3629 ἐστὶν
1797 3577 1888 3631 εὐ-

341 3665 693 3736 χρηστοτέρα,
742 3666 833 3719 καὶ
890 3666 1022 3739 πρὸς
1080 3666 1246 3721 πολλά
1290 3667 1546 3721 συντείνει
1599 3669 1706 3721 τῶν
1749 3669 1889 3723 κατὰ

337 3755 691 3826 ἀστρολογίαν
736 3755 1101 3828 θεωρημάτων
1121 3795 1134 3819 ,
1187 3757 1578 3828 εὐκατανόητον
1627 3753 1762 3812 εἷναί
1804 3774 1885 3811 σοι

335 3848 562 3917 νομίζω.
1001 3835 1008 3856 ’

421 3964 477 4018 Ὀ
507 3964 602 4035 μὲν
625 3959 714 4018 οὖν
753 3963 964 4036 Βοὼτης
994 3963 1369 4017 συνανατέλλει
1402 3963 1478 4035 τῷ
1504 3963 1746 4036 ζωδιακῷ
1777 3964 1883 4019 ἀπὸ

327 4058 436 4128 τῆς
464 4056 637 4127 ἀρχῆς
681 4057 780 4126 τῆς
827 4055 1100 4128 Παρθένου
1152 4056 1255 4118 ἕως
1308 4055 1350 4119 ζ’
1400 4055 1488 4109 καὶ
1535 4063 1582 4108 κ’
1618 4055 1726 4126 μοί.
1781 4057 1880 4127 τῆς

315 4148 641 4220 Ἠαρθένου·
690 4150 1004 4218 μεσουρανεῖ
1055 4148 1099 4200 δ’
1157 4147 1527 4211 ἀνατέλλοντος
1567 4147 1729 4202 αὐτοῦ
1787 4147 1879 4201 τοῦ

333 4237 592 4303 ζωδιακοῦ
621 4239 900 4308 τμήματος
931 4237 1038 4289 ἀπὸ
1060 4234 1268 4308 Ταύρου
1296 4237 1338 4300 ζ’
1369 4236 1462 4290 καὶ
1489 4242 1536 4289 κ’
1569 4235 1675 4306 μοί.
1711 4235 1880 4306 μέσης

329 4331 434 4392 ἕως
464 4328 704 4399 Διδύμων
753 4325 832 4390 κζ’
862 4327 968 4398 μοί.
1013 4329 1120 4380 Καὶ
1167 4328 1378 4399 πρῶτος
1426 4327 1522 4398 μὲν
1575 4325 1746 4398 ἀστὴρ
1785 4325 1876 4378 τοῦ

331 4419 540 4473 Βοὼτου
589 4418 860 4473 ἀνατέλλει
902 4421 929 4472 ό
977 4421 1033 4470 ἐν
1076 4422 1138 4489 τῇ
1171 4419 1398 4490 κεφαλῇ,
1428 4421 1648 4490 ἔσχατος
1679 4420 1734 4473 δὲ
1765 4420 1792 4470 ό
1821 4419 1878 4470 ὲν

327 4512 406 4582 τῷ
442 4511 597 4582 δεξιῷ
644 4512 779 4566 ποδί.
825 4509 1224 4583 Μέσουρανοῦσι
1269 4512 1322 4565 δὲ
1356 4511 1461 4564 τῶν
1492 4513 1664 4566 ἄλλων
1717 4511 1873 4565 ἀστέ-

321 4621 461 4672 ρων,
515 4601 810 4673 ἀρχομένου
856 4601 951 4670 μὲν
996 4601 1300 4652 ἀνατέλλειν
1342 4600 1435 4654 τοῦ
1485 4600 1713 4664 Βοώτου,
1753 4601 1781 4653 ὂ
1815 4618 1874 4654 τε

322 4692 608 4765 ἀριστερὸς
635 4687 780 4764 ὦμος
817 4692 909 4745 τοῦ
951 4692 1198 4761 Ὠρίωνος
1225 4691 1317 4744 καὶ
1349 4694 1376 4744 ό
1404 4691 1687 4763 ἀριστερὸς
1716 4691 1872 4755 ποῦς,

313 4783 400 4846 ὡς
443 4785 739 4854 ἡμιπήχιον
778 4779 1183 4854 προηγούμενος
1222 4781 1314 4833 τοῦ
1352 4781 1750 4852 μεσημϐρινοῦ·
1783 4782 1876 4854 λή-

323 4892 514 4944 γοντος
553 4875 609 4928 δὲ
653 4875 838 4936 αὑτοῦ,
873 4877 1187 4946 μεσουρανεῖ
1233 4871 1326 4926 τοῦ
1373 4874 1546 4937 Κυνὸς
1588 4877 1616 4927 ό
1649 4875 1874 4928 ἐπὶτῶν

326 4969 512 5038 ξσχίων
556 4968 820 5039 λαμπρός.
883 4967 1179 5022 Ἀνατέλλει
1221 4968 1278 5021 δὲ
1325 4967 1444 5030 ὅλος
1487 4968 1514 5020 ὁ
1557 4968 1772 5040 Βοώτης
1816 4970 1874 5021 ὲν

317 5058 490 5132 ὥραις
520 5063 854 5132 ἰσημεριναῖς
881 5061 1028 5114 δυσὶν
1060 5062 1134 5125 ὡς
1168 5061 1410 5131 ἔγγιστα.

394 5170 498 5224 Τοῦ
536 5172 592 5225 δὲ
619 5173 887 5242 Στεφάνου
930 5173 1324 5238 ἀνατέλλοντος,
1361 5175 1730 5230 συνανατέλλει
1770 5177 1869 5248 μὲν

317 5262 470 5333 αὐτῷ
501 5263 593 5316 τοῦ
637 5263 898 5329 ζωδιακοῦ
930 5265 1212 5336 τμήματος
1250 5265 1357 5320 ἀπὸ
1387 5267 1660 5339 Παρθένου
1701 5267 1744 5333 ζ’
1776 5269 1868 5323 καὶ

320 5363 368 5409 κ’
406 5356 513 5426 μοί.
558 5356 660 5420 ἓως
696 5357 886 5427 Χηλῶν
933 5364 972 5409 ε’
1027 5358 1134 5428 μοί.
1189 5358 1392 5429 μέσης’
1437 5363 1759 5433 μεσουρανεῖ
1809 5361 1866 5415 δὲ

319 5447 428 5499 ἀπὸ
485 5448 728 5519 Διδύμων
775 5455 825 5513 ς’
869 5448 961 5502 καὶ
1011 5455 1058 5502 κ’
1094 5450 1200 5520 μοί.
1257 5451 1426 5522 μέσης
1462 5453 1564 5516 ἕως
1593 5453 1864 5525 Καρκίνου

321 5534 433 5600 μοί.
469 5543 507 5587 ε’
543 5537 730 5607 μέσης.
763 5537 869 5590 Καὶ
902 5537 1111 5611 πρῶτος
1140 5539 1236 5610 μὲν
1266 5541 1439 5613 ἀστὴρ
1468 5543 1739 5596 ἀνατέλλει
1767 5543 1861 5597 τοῦ

404 5688 451 5720 ⁸⁸
480 5706 562 5758 γρ.
603 5690 758 5761 μέχρι
789 5690 892 5745 τῶν

1993 3213 2096 3269 dus
2128 3217 2353 3285 oriatur,
2376 3227 2468 3273 aut
2490 3221 2719 3276 occidat.
2753 3222 2991 3290 Quorum
3033 3232 3274 3286 omnium
3301 3235 3538 3292 rationes

1992 3321 2154 3374 quam
2194 3311 2436 3377 proxime
2470 3311 2581 3367 fieri
2629 3317 2827 3383 poterit
2860 3317 3137 3388 inibimus,
3169 3324 3314 3377 nulla
3349 3332 3407 3379 ut
3431 3326 3538 3381 dif-

1991 3399 2216 3456 ferentia
2272 3406 2444 3473 possit
2491 3408 2730 3476 agnosci.
2780 3407 2929 3464 Hanc
2977 3428 3104 3468 vero
3158 3417 3533 3473 tractationem

1990 3507 2112 3548 cum
2150 3496 2403 3553 omnibus
2456 3498 2522 3553 iis
2556 3515 2674 3568 qua:
2723 3501 2792 3554 ab
2825 3503 3062 3573 antiquis
3090 3505 3367 3562 elaborata
3403 3516 3534 3565 sunt
3575 3528 3578 3530 ‘

1991 3586 2272 3652 hactenus.
2303 3590 2370 3643 ad
2418 3606 2576 3645 usum
2616 3591 2913 3650 faciliorem
2947 3611 3090 3661 esse,
3125 3605 3239 3655 tum
3273 3600 3340 3654 ad
3369 3617 3532 3672 quam

1988 3679 2221 3748 plurima
2264 3683 2315 3734 in
2349 3683 2639 3752 astrologia
2681 3685 3012 3740 theoremata
3053 3691 3341 3759 pertinere,
3373 3693 3534 3750 facile

1987 3775 2082 3828 abs
2108 3784 2161 3830 te
2194 3775 2542 3831 animadverti
2572 3777 2779 3846 judico.

2053 3973 2235 4044 Itaque
2264 3975 2454 4029 Bootes
2484 3976 2658 4029 oritur
2687 3991 2808 4031 cum
2838 3975 3044 4032 zodiaci
3074 3985 3227 4048 parte
3261 3978 3372 4040 illa,
3406 3996 3527 4049 qua:

1981 4067 2048 4122 ab
2073 4067 2225 4123 initio
2255 4066 2494 4137 Virginis
2519 4067 2728 4139 incipit.
2761 4083 2932 4139 usque
2956 4069 3020 4122 ad
3049 4070 3168 4137 ejus
3201 4078 3405 4139 partem
3433 4072 3521 4125 27.

1979 4159 2248 4214 Culminat
2278 4169 2454 4213 autem
2503 4160 2714 4214 oriente
2761 4160 2854 4214 illo
2902 4161 3109 4215 zodiaci
3165 4169 3522 4231 segmentum,

1977 4250 2120 4319 quod
2146 4257 2229 4304 est
2277 4265 2306 4302 a
2357 4247 2519 4302 Tauri
2551 4249 2808 4304 vicesima
2853 4250 3081 4320 septima
3126 4259 3277 4320 parte
3321 4251 3520 4314 media,

1977 4356 2149 4411 usque
2185 4341 2252 4396 ad
2285 4340 2630 4396 Geminorum
2656 4341 2745 4395 27.
2775 4341 2953 4395 Prima
2990 4342 3144 4397 stella
3193 4342 3373 4396 Bootae
3415 4343 3526 4396 ori:

1982 4441 2066 4488 tur
2105 4449 2188 4496 ea,
2220 4448 2338 4503 qua:
2361 4439 2444 4488 est
2473 4433 2526 4486 in
2548 4433 2754 4502 capite;
2781 4433 2965 4486 ultima
2990 4448 3108 4502 qua:
3133 4441 3216 4487 est
3246 4433 3297 4487 in
3332 4433 3524 4488 dextro

1980 4527 2130 4595 pede.
2162 4526 2402 4579 Aliorum
2437 4525 2697 4587 siderum,
2726 4532 2906 4578 ortum
2939 4526 3157 4579 ineunte
3190 4523 3374 4589 Boote,
3406 4527 3524 4581 cul-

1977 4614 2146 4667 minat
2194 4614 2415 4669 sinister
2471 4614 2729 4669 humerus
2770 4614 3007 4677 Orionis,
3040 4623 3093 4669 et
3142 4614 3362 4670 sinister
3403 4632 3518 4685 pes,

1975 4705 2069 4775 qui
2101 4705 2458 4761 semicubitali
2503 4706 2785 4760 intervallo
2817 4705 3174 4761 meridianum
3219 4708 3520 4770 antecedit;

1977 4797 2080 4853 sub
2125 4806 2280 4853 ortus
2313 4798 2471 4854 linem
2501 4798 2976 4861 culminatlucida,
2999 4815 3118 4870 quae
3137 4807 3220 4854 est
3242 4801 3293 4853 in
3320 4799 3521 4856 femore

1971 4889 2152 4944 Canis.
2181 4889 2349 4945 Totus
2369 4890 2546 4946 oritur
2577 4889 2777 4946 Bootes
2801 4889 2951 4945 horis
2981 4892 3094 4947 fere
3111 4891 3321 4947 duabus
3339 4907 3520 4963 aequa-

1974 4982 2136 5038 libus.

2040 5183 2251 5237 Corona
2305 5183 2535 5248 oriente,
2583 5181 2788 5235 zodiaci
2843 5195 3002 5234 arcus
3042 5180 3219 5234 oritur
3267 5194 3298 5232 a
3349 5179 3516 5248 gradu

1969 5272 2207 5345 Virginis
2247 5274 2314 5326 ‘27
2371 5289 2541 5343 usque
2585 5272 2650 5325 ad
2688 5271 2924 5328 medium
2968 5273 3001 5326 5
3039 5272 3360 5333 Chelarum;
3401 5271 3517 5324 cul-

1973 5364 2142 5418 minat
2173 5379 2202 5417 a
2243 5362 2419 5419 medio
2449 5363 2518 5416 27
2547 5361 2896 5418 Geminorum
2918 5401 2933 5424 ,
2980 5377 3154 5431 usque
3202 5360 3267 5412 ad
3320 5359 3515 5413 Cancri

1969 5455 2206 5510 medium
2260 5454 2312 5508 5.
2376 5452 2553 5507 Prima
2602 5451 2827 5506 Corona:
2870 5452 3026 5506 stella
3075 5450 3248 5504 oritur
3298 5466 3360 5504 ea
3399 5466 3522 5520 qua

1968 5545 2460 5616 splendidissimam
2508 5544 2794 5618 praecedit,
2825 5543 3014 5599 ultima
3060 5558 3210 5610 vero,
3248 5544 3520 5599 borealior
3582 5625 3591 5637 ⁸
