  <div class='ocr_page' id='page_1' title='image "/cluster/home/n/w/nwhite01/storage/ocr_20150623/19/hvd.32044073501199/555.png"; bbox 0 0 4040 6206; ppageno 0'>
   <div class='ocr_carea' id='block_1_1' title="bbox 543 294 683 352">
    <p class='ocr_par' dir='ltr' id='par_1_1' title="bbox 543 294 683 352">
     <span class='ocr_line' id='line_1_1' title="bbox 543 294 683 352; baseline 0.014 -4"><span class='ocrx_word' id='word_1_1' title='bbox 543 294 683 352; x_wconf 66' lang='lat'><strong>1095</strong></span> 
     </span>
    </p>
   </div>
   <div class='ocr_carea' id='block_1_2' title="bbox 1518 279 2725 346">
    <p class='ocr_par' dir='ltr' id='par_1_2' title="bbox 1518 279 2725 346">
     <span class='ocr_line' id='line_1_2' title="bbox 1518 279 2725 346; baseline -0.002 0"><span class='ocrx_word' id='word_1_2' title='bbox 1518 279 1607 346; x_wconf 66' lang='lat' dir='ltr'><strong>At)</strong></span> <span class='ocrx_word' id='word_1_3' title='bbox 1647 289 1908 346; x_wconf 83' lang='lat' dir='ltr'><strong>EUSEBII</strong></span> <span class='ocrx_word' id='word_1_4' title='bbox 1944 288 2334 345; x_wconf 68' lang='lat' dir='ltr'><strong>culecox</strong></span> <span class='ocrx_word' id='word_1_5' title='bbox 2371 288 2725 345; x_wconf 72' lang='lat' dir='ltr'><strong>APPExmx.</strong></span> 
     </span>
    </p>
   </div>
   <div class='ocr_carea' id='block_1_3' title="bbox 3617 289 3748 344">
    <p class='ocr_par' dir='ltr' id='par_1_3' title="bbox 3617 289 3748 344">
     <span class='ocr_line' id='line_1_3' title="bbox 3617 289 3748 344; baseline 0.015 -2"><span class='ocrx_word' id='word_1_6' title='bbox 3617 289 3748 344; x_wconf 67' lang='grc'><strong>1098</strong></span> 
     </span>
    </p>
   </div>
   <div class='ocr_carea' id='block_1_4' title="bbox 547 401 2096 484">
    <p class='ocr_par' dir='ltr' id='par_1_4' title="bbox 547 412 2096 484">
     <span class='ocr_line' id='line_1_4' title="bbox 547 412 2096 484; baseline -0.007 -12"><span class='ocrx_word' id='word_1_7' title='bbox 547 430 731 472; x_wconf 75' lang='lat' dir='ltr'><strong>earum</strong></span> <span class='ocrx_word' id='word_1_8' title='bbox 769 428 890 484; x_wconf 68' lang='lat' dir='ltr'><strong>quae</strong></span> <span class='ocrx_word' id='word_1_9' title='bbox 929 427 957 465; x_wconf 90' lang='lat' dir='ltr'><strong>a</strong></span> <span class='ocrx_word' id='word_1_10' title='bbox 1000 412 1437 483; x_wconf 88' lang='lat' dir='ltr'><strong>splendidissima</strong></span> <span class='ocrx_word' id='word_1_11' title='bbox 1491 413 1757 468; x_wconf 78' lang='lat' dir='ltr'><strong>orientem</strong></span> <span class='ocrx_word' id='word_1_12' title='bbox 1809 424 2001 465; x_wconf 84' lang='lat' dir='ltr'><strong>versus</strong></span> <span class='ocrx_word' id='word_1_13' title='bbox 2045 416 2096 462; x_wconf 80' lang='lat' dir='ltr'><strong>et</strong></span> 
     </span>
    </p>
   </div>
   <div class='ocr_carea' id='block_1_5' title="bbox 2199 401 3753 484">
    <p class='ocr_par' dir='ltr' id='par_1_5' title="bbox 2202 401 3753 480">
     <span class='ocr_line' id='line_1_5' title="bbox 2202 401 3753 480; baseline -0.008 -17"><span class='ocrx_word' id='word_1_14' title='bbox 2202 409 2467 478; x_wconf 81' lang='grc' dir='ltr'><strong>Στεφάνου</strong></span> <span class='ocrx_word' id='word_1_15' title='bbox 2493 411 2522 461; x_wconf 93' lang='lat'><strong>6</strong></span> <span class='ocrx_word' id='word_1_16' title='bbox 2552 409 2958 480; x_wconf 74' lang='grc' dir='ltr'><strong>προηγούμενος</strong></span> <span class='ocrx_word' id='word_1_17' title='bbox 2983 402 3074 456; x_wconf 71' lang='grc' dir='ltr'>τοῦ</span> <span class='ocrx_word' id='word_1_18' title='bbox 3101 401 3501 474; x_wconf 73' lang='grc' dir='ltr'><strong>λαμπροτάτου,</strong></span> <span class='ocrx_word' id='word_1_19' title='bbox 3529 402 3753 472; x_wconf 71' lang='grc' dir='ltr'>ἔσχατος</span> 
     </span>
    </p>
   </div>
   <div class='ocr_carea' id='block_1_6' title="bbox 542 502 2099 572">
    <p class='ocr_par' dir='ltr' id='par_1_6' title="bbox 542 502 2099 572">
     <span class='ocr_line' id='line_1_6' title="bbox 542 502 2099 572; baseline -0.003 -12"><span class='ocrx_word' id='word_1_20' title='bbox 542 503 718 560; x_wconf 81' lang='lat' dir='ltr'><strong>llrsas</strong></span> <span class='ocrx_word' id='word_1_21' title='bbox 751 502 1031 558; x_wconf 69' lang='lat' dir='ltr'><strong>recedunt.</strong></span> <span class='ocrx_word' id='word_1_22' title='bbox 1060 503 1174 558; x_wconf 86' lang='lat' dir='ltr'><strong>Sub</strong></span> <span class='ocrx_word' id='word_1_23' title='bbox 1190 504 1572 558; x_wconf 87' lang='lat' dir='ltr'><strong>ortusinitium</strong></span> <span class='ocrx_word' id='word_1_24' title='bbox 1602 503 1864 558; x_wconf 87' lang='lat' dir='ltr'><strong>culminat</strong></span> <span class='ocrx_word' id='word_1_25' title='bbox 1894 518 1955 557; x_wconf 89' lang='lat' dir='ltr'><strong>ea</strong></span> <span class='ocrx_word' id='word_1_26' title='bbox 1979 518 2099 572; x_wconf 71' lang='lat' dir='ltr'><strong>qua:</strong></span> 
     </span>
    </p>
   </div>
   <div class='ocr_carea' id='block_1_7' title="bbox 461 593 2098 666">
    <p class='ocr_par' dir='ltr' id='par_1_7' title="bbox 461 593 2098 666">
     <span class='ocr_line' id='line_1_7' title="bbox 461 593 2098 666; baseline -0.002 -16"><span class='ocrx_word' id='word_1_27' title='bbox 461 649 464 656; x_wconf 82' lang='grc'><strong>,</strong></span> <span class='ocrx_word' id='word_1_28' title='bbox 545 604 628 651; x_wconf 90' lang='lat' dir='ltr'><strong>est</strong></span> <span class='ocrx_word' id='word_1_29' title='bbox 655 597 712 648; x_wconf 90' lang='lat' dir='ltr'><strong>in</strong></span> <span class='ocrx_word' id='word_1_30' title='bbox 748 595 960 649; x_wconf 75' lang='lat' dir='ltr'><strong>femore</strong></span> <span class='ocrx_word' id='word_1_31' title='bbox 987 595 1187 662; x_wconf 80' lang='lat' dir='ltr'><strong>Canis;</strong></span> <span class='ocrx_word' id='word_1_32' title='bbox 1233 604 1503 666; x_wconf 88' lang='lat' dir='ltr'><strong>postrema</strong></span> <span class='ocrx_word' id='word_1_33' title='bbox 1537 609 1690 655; x_wconf 85' lang='lat' dir='ltr'><strong>vero,</strong></span> <span class='ocrx_word' id='word_1_34' title='bbox 1736 593 1936 656; x_wconf 87' lang='lat' dir='ltr'><strong>lucida,</strong></span> <span class='ocrx_word' id='word_1_35' title='bbox 1978 608 2098 662; x_wconf 64' lang='lat' dir='ltr'><strong>quae</strong></span> 
     </span>
    </p>
   </div>
   <div class='ocr_carea' id='block_1_8' title="bbox 456 684 2098 758">
    <p class='ocr_par' dir='ltr' id='par_1_8' title="bbox 456 684 2098 758">
     <span class='ocr_line' id='line_1_8' title="bbox 456 684 2098 758; baseline -0.001 -18"><span class='ocrx_word' id='word_1_36' title='bbox 456 688 463 722; x_wconf 69' lang='grc' dir='ltr'>ῖ</span> <span class='ocrx_word' id='word_1_37' title='bbox 540 685 714 758; x_wconf 78' lang='lat' dir='ltr'><strong>Hy’dri</strong></span> <span class='ocrx_word' id='word_1_38' title='bbox 741 695 897 755; x_wconf 90' lang='lat' dir='ltr'><strong>caput</strong></span> <span class='ocrx_word' id='word_1_39' title='bbox 924 687 1178 756; x_wconf 73' lang='lat' dir='ltr'><strong>pnecedit</strong></span> <span class='ocrx_word' id='word_1_40' title='bbox 1211 703 1222 738; x_wconf 90' lang='lat'><strong>:</strong></span> <span class='ocrx_word' id='word_1_41' title='bbox 1258 702 1376 756; x_wconf 69' lang='lat' dir='ltr'><strong>qua:</strong></span> <span class='ocrx_word' id='word_1_42' title='bbox 1404 686 1620 756; x_wconf 90' lang='lat' dir='ltr'><strong>quidem</strong></span> <span class='ocrx_word' id='word_1_43' title='bbox 1638 685 1832 740; x_wconf 86' lang='lat' dir='ltr'><strong>Cancri</strong></span> <span class='ocrx_word' id='word_1_44' title='bbox 1865 697 1917 739; x_wconf 93' lang='lat' dir='ltr'><strong>et</strong></span> <span class='ocrx_word' id='word_1_45' title='bbox 1949 684 2098 739; x_wconf 63' lang='lat' dir='ltr'><strong>Urse</strong></span> 
     </span>
    </p>
   </div>
   <div class='ocr_carea' id='block_1_9' title="bbox 543 776 2097 845">
    <p class='ocr_par' dir='ltr' id='par_1_9' title="bbox 543 776 2097 845">
     <span class='ocr_line' id='line_1_9' title="bbox 543 776 2097 845; baseline -0.001 -15"><span class='ocrx_word' id='word_1_46' title='bbox 543 776 817 831; x_wconf 88' lang='lat' dir='ltr'><strong>borealior</strong></span> <span class='ocrx_word' id='word_1_47' title='bbox 848 787 930 830; x_wconf 90' lang='lat' dir='ltr'><strong>est</strong></span> <span class='ocrx_word' id='word_1_48' title='bbox 958 778 1185 830; x_wconf 89' lang='lat' dir='ltr'><strong>duarum</strong></span> <span class='ocrx_word' id='word_1_49' title='bbox 1218 777 1520 840; x_wconf 87' lang='lat' dir='ltr'><strong>stellarum,</strong></span> <span class='ocrx_word' id='word_1_50' title='bbox 1555 792 1675 845; x_wconf 76' lang='lat' dir='ltr'><strong>qua:</strong></span> <span class='ocrx_word' id='word_1_51' title='bbox 1719 777 1772 830; x_wconf 88' lang='lat' dir='ltr'><strong>in</strong></span> <span class='ocrx_word' id='word_1_52' title='bbox 1807 777 2097 830; x_wconf 88' lang='lat' dir='ltr'><strong>anteriori-</strong></span> 
     </span>
    </p>
   </div>
   <div class='ocr_carea' id='block_1_10' title="bbox 439 843 2095 938">
    <p class='ocr_par' dir='ltr' id='par_1_10' title="bbox 439 843 2095 938">
     <span class='ocr_line' id='line_1_10' title="bbox 439 843 2095 938; baseline -0.001 -17"><span class='ocrx_word' id='word_1_53' title='bbox 439 843 472 907; x_wconf 46' lang='grc' dir='ltr'><em>λ</em></span> <span class='ocrx_word' id='word_1_54' title='bbox 538 865 648 921; x_wconf 55' lang='lat' dir='ltr'><strong>bus</strong></span> <span class='ocrx_word' id='word_1_55' title='bbox 679 866 911 936; x_wconf 81' lang='lat' dir='ltr'><strong>pedibus</strong></span> <span class='ocrx_word' id='word_1_56' title='bbox 943 868 1061 922; x_wconf 65' lang='lat' dir='ltr'><strong>sita:</strong></span> <span class='ocrx_word' id='word_1_57' title='bbox 1087 875 1248 933; x_wconf 88' lang='lat' dir='ltr'><strong>sunt;</strong></span> <span class='ocrx_word' id='word_1_58' title='bbox 1281 868 1527 938; x_wconf 78' lang='lat' dir='ltr'><strong>proxime</strong></span> <span class='ocrx_word' id='word_1_59' title='bbox 1571 843 1764 922; x_wconf 79' lang='lat' dir='ltr'><strong>deinde</strong></span> <span class='ocrx_word' id='word_1_60' title='bbox 1794 868 2095 932; x_wconf 82' lang='lat' dir='ltr'><strong>stellarum,</strong></span> 
     </span>
    </p>
   </div>
   <div class='ocr_carea' id='block_1_11' title="bbox 544 957 2095 1028">
    <p class='ocr_par' dir='ltr' id='par_1_11' title="bbox 544 957 2095 1028">
     <span class='ocr_line' id='line_1_11' title="bbox 544 957 2095 1028; baseline 0.001 -17"><span class='ocrx_word' id='word_1_61' title='bbox 544 973 667 1028; x_wconf 77' lang='lat' dir='ltr'><strong>qua:</strong></span> <span class='ocrx_word' id='word_1_62' title='bbox 713 961 859 1012; x_wconf 90' lang='lat' dir='ltr'><strong>circa</strong></span> <span class='ocrx_word' id='word_1_63' title='bbox 915 959 1166 1012; x_wconf 80' lang='lat' dir='ltr'><strong>nebulam</strong></span> <span class='ocrx_word' id='word_1_64' title='bbox 1206 957 1404 1013; x_wconf 88' lang='lat' dir='ltr'><strong>Cancri</strong></span> <span class='ocrx_word' id='word_1_65' title='bbox 1463 965 1612 1022; x_wconf 85' lang='lat' dir='ltr'><strong>sunt,</strong></span> <span class='ocrx_word' id='word_1_66' title='bbox 1642 959 1712 1014; x_wconf 85' lang='lat' dir='ltr'><strong>ad</strong></span> <span class='ocrx_word' id='word_1_67' title='bbox 1761 960 2095 1014; x_wconf 76' lang='lat' dir='ltr'><strong>occidentem</strong></span> 
     </span>
    </p>
   </div>
   <div class='ocr_carea' id='block_1_12' title="bbox 544 1049 2098 1122">
    <p class='ocr_par' dir='ltr' id='par_1_12' title="bbox 544 1049 2098 1122">
     <span class='ocr_line' id='line_1_12' title="bbox 544 1049 2098 1122; baseline 0.001 -18"><span class='ocrx_word' id='word_1_68' title='bbox 544 1049 754 1118; x_wconf 72' lang='lat' dir='ltr'><strong>posita).</strong></span> <span class='ocrx_word' id='word_1_69' title='bbox 817 1049 1003 1104; x_wconf 93' lang='lat' dir='ltr'><strong>Oritur</strong></span> <span class='ocrx_word' id='word_1_70' title='bbox 1067 1049 1282 1105; x_wconf 86' lang='lat' dir='ltr'><strong>Corona</strong></span> <span class='ocrx_word' id='word_1_71' title='bbox 1353 1052 1603 1122; x_wconf 89' lang='lat' dir='ltr'><strong>partibus</strong></span> <span class='ocrx_word' id='word_1_72' title='bbox 1664 1051 1876 1106; x_wconf 88' lang='lat' dir='ltr'><strong>duabus</strong></span> <span class='ocrx_word' id='word_1_73' title='bbox 1936 1051 2098 1105; x_wconf 86' lang='lat' dir='ltr'><strong>unius</strong></span> 
     </span>
    </p>
   </div>
   <div class='ocr_carea' id='block_1_13' title="bbox 548 1141 715 1197">
    <p class='ocr_par' dir='ltr' id='par_1_13' title="bbox 548 1141 715 1197">
     <span class='ocr_line' id='line_1_13' title="bbox 548 1141 715 1197; baseline 0 -1"><span class='ocrx_word' id='word_1_74' title='bbox 548 1141 715 1197; x_wconf 68' lang='lat' dir='ltr'><strong>home.</strong></span> 
     </span>
    </p>
   </div>
   <div class='ocr_carea' id='block_1_14' title="bbox 617 1339 2092 1411">
    <p class='ocr_par' dir='ltr' id='par_1_14' title="bbox 617 1339 2092 1411">
     <span class='ocr_line' id='line_1_14' title="bbox 617 1339 2092 1411; baseline 0.002 -18"><span class='ocrx_word' id='word_1_75' title='bbox 617 1339 836 1394; x_wconf 77' lang='lat' dir='ltr'><strong>Oriente</strong></span> <span class='ocrx_word' id='word_1_76' title='bbox 852 1340 1161 1411; x_wconf 81' lang='lat' dir='ltr'><strong>Ingeniculo</strong></span> <span class='ocrx_word' id='word_1_77' title='bbox 1177 1340 1351 1393; x_wconf 86' lang='lat' dir='ltr'><strong>oritur</strong></span> <span class='ocrx_word' id='word_1_78' title='bbox 1374 1355 1495 1394; x_wconf 90' lang='lat' dir='ltr'><strong>cum</strong></span> <span class='ocrx_word' id='word_1_79' title='bbox 1525 1356 1590 1395; x_wconf 92' lang='lat' dir='ltr'><strong>eo</strong></span> <span class='ocrx_word' id='word_1_80' title='bbox 1611 1341 1817 1395; x_wconf 78' lang='lat' dir='ltr'><strong>zodiaci</strong></span> <span class='ocrx_word' id='word_1_81' title='bbox 1852 1357 2092 1403; x_wconf 72' lang='lat' dir='ltr'><strong>segmen-</strong></span> 
     </span>
    </p>
   </div>
   <div class='ocr_carea' id='block_1_15' title="bbox 543 1431 2098 1504">
    <p class='ocr_par' dir='ltr' id='par_1_15' title="bbox 543 1431 2098 1504">
     <span class='ocr_line' id='line_1_15' title="bbox 543 1431 2098 1504; baseline 0.001 -18"><span class='ocrx_word' id='word_1_82' title='bbox 543 1441 658 1486; x_wconf 83' lang='lat' dir='ltr'><strong>tum</strong></span> <span class='ocrx_word' id='word_1_83' title='bbox 690 1433 835 1502; x_wconf 87' lang='lat' dir='ltr'><strong>quod</strong></span> <span class='ocrx_word' id='word_1_84' title='bbox 868 1445 953 1487; x_wconf 86' lang='lat' dir='ltr'><strong>est</strong></span> <span class='ocrx_word' id='word_1_85' title='bbox 1004 1448 1036 1487; x_wconf 88' lang='lat' dir='ltr'><strong>a</strong></span> <span class='ocrx_word' id='word_1_86' title='bbox 1077 1442 1234 1503; x_wconf 87' lang='lat' dir='ltr'><strong>parte</strong></span> <span class='ocrx_word' id='word_1_87' title='bbox 1282 1431 1348 1485; x_wconf 76' lang='grc'><strong>12</strong></span> <span class='ocrx_word' id='word_1_88' title='bbox 1401 1431 1640 1504; x_wconf 75' lang='lat' dir='ltr'><strong>Virginis</strong></span> <span class='ocrx_word' id='word_1_89' title='bbox 1692 1431 1756 1485; x_wconf 90' lang='lat' dir='ltr'><strong>ad</strong></span> <span class='ocrx_word' id='word_1_90' title='bbox 1811 1432 2098 1488; x_wconf 76' lang='lat' dir='ltr'><strong>medianis</strong></span> 
     </span>
    </p>
   </div>
   <div class='ocr_carea' id='block_1_16' title="bbox 539 1522 2097 1594">
    <p class='ocr_par' dir='ltr' id='par_1_16' title="bbox 539 1522 2097 1594">
     <span class='ocr_line' id='line_1_16' title="bbox 539 1522 2097 1594; baseline -0.001 -15"><span class='ocrx_word' id='word_1_91' title='bbox 539 1524 779 1594; x_wconf 79' lang='lat' dir='ltr'><strong>5Scorpii.</strong></span> <span class='ocrx_word' id='word_1_92' title='bbox 815 1524 1090 1578; x_wconf 90' lang='lat' dir='ltr'><strong>Culminat</strong></span> <span class='ocrx_word' id='word_1_93' title='bbox 1133 1533 1312 1579; x_wconf 90' lang='lat' dir='ltr'><strong>autem</strong></span> <span class='ocrx_word' id='word_1_94' title='bbox 1358 1539 1388 1576; x_wconf 89' lang='lat' dir='ltr'><strong>a</strong></span> <span class='ocrx_word' id='word_1_95' title='bbox 1437 1525 1613 1579; x_wconf 88' lang='lat' dir='ltr'><strong>media</strong></span> <span class='ocrx_word' id='word_1_96' title='bbox 1665 1523 1699 1578; x_wconf 93' lang='lat'><strong>8</strong></span> <span class='ocrx_word' id='word_1_97' title='bbox 1747 1522 2097 1578; x_wconf 87' lang='lat' dir='ltr'><strong>Geminorum</strong></span> 
     </span>
    </p>
   </div>
   <div class='ocr_carea' id='block_1_17' title="bbox 547 1615 2099 1688">
    <p class='ocr_par' dir='ltr' id='par_1_17' title="bbox 547 1615 2099 1688">
     <span class='ocr_line' id='line_1_17' title="bbox 547 1615 2099 1688; baseline 0.001 -18"><span class='ocrx_word' id='word_1_98' title='bbox 547 1635 717 1688; x_wconf 84' lang='lat' dir='ltr'><strong>usque</strong></span> <span class='ocrx_word' id='word_1_99' title='bbox 747 1615 813 1670; x_wconf 88' lang='lat' dir='ltr'><strong>ad</strong></span> <span class='ocrx_word' id='word_1_100' title='bbox 843 1615 1043 1670; x_wconf 87' lang='lat' dir='ltr'><strong>Leonis</strong></span> <span class='ocrx_word' id='word_1_101' title='bbox 1075 1616 1300 1687; x_wconf 86' lang='lat' dir='ltr'><strong>gradum</strong></span> <span class='ocrx_word' id='word_1_102' title='bbox 1334 1615 1401 1670; x_wconf 73' lang='grc'><strong>14</strong></span> <span class='ocrx_word' id='word_1_103' title='bbox 1429 1617 1616 1686; x_wconf 67' lang='lat' dir='ltr'><strong>prima:</strong></span> <span class='ocrx_word' id='word_1_104' title='bbox 1663 1616 1915 1670; x_wconf 89' lang='lat' dir='ltr'><strong>oriuntur</strong></span> <span class='ocrx_word' id='word_1_105' title='bbox 1959 1625 2099 1671; x_wconf 85' lang='lat' dir='ltr'><strong>aste-</strong></span> 
     </span>
    </p>
   </div>
   <div class='ocr_carea' id='block_1_18' title="bbox 544 1707 2098 1779">
    <p class='ocr_par' dir='ltr' id='par_1_18' title="bbox 544 1707 2098 1779">
     <span class='ocr_line' id='line_1_18' title="bbox 544 1707 2098 1779; baseline 0 -17"><span class='ocrx_word' id='word_1_106' title='bbox 544 1709 698 1765; x_wconf 85' lang='lat' dir='ltr'><strong>rismi</strong></span> <span class='ocrx_word' id='word_1_107' title='bbox 743 1709 907 1779; x_wconf 84' lang='lat' dir='ltr'><strong>hujus</strong></span> <span class='ocrx_word' id='word_1_108' title='bbox 957 1708 1148 1772; x_wconf 54' lang='lat' dir='ltr'><strong>ambat,</strong></span> <span class='ocrx_word' id='word_1_109' title='bbox 1180 1723 1410 1778; x_wconf 91' lang='lat' dir='ltr'><strong>quarum</strong></span> <span class='ocrx_word' id='word_1_110' title='bbox 1465 1708 1634 1763; x_wconf 89' lang='lat' dir='ltr'><strong>altera</strong></span> <span class='ocrx_word' id='word_1_111' title='bbox 1682 1719 1764 1762; x_wconf 84' lang='lat' dir='ltr'><strong>est</strong></span> <span class='ocrx_word' id='word_1_112' title='bbox 1804 1708 1858 1761; x_wconf 93' lang='lat' dir='ltr'><strong>in</strong></span> <span class='ocrx_word' id='word_1_113' title='bbox 1910 1707 2098 1762; x_wconf 81' lang='lat' dir='ltr'><strong>dextro</strong></span> 
     </span>
    </p>
   </div>
   <div class='ocr_carea' id='block_1_19' title="bbox 547 1799 2098 1872">
    <p class='ocr_par' dir='ltr' id='par_1_19' title="bbox 547 1799 2098 1872">
     <span class='ocr_line' id='line_1_19' title="bbox 547 1799 2098 1872; baseline -0.001 -18"><span class='ocrx_word' id='word_1_114' title='bbox 547 1801 702 1872; x_wconf 84' lang='lat' dir='ltr'><strong>pede,</strong></span> <span class='ocrx_word' id='word_1_115' title='bbox 754 1802 922 1856; x_wconf 83' lang='lat' dir='ltr'><strong>altera</strong></span> <span class='ocrx_word' id='word_1_116' title='bbox 957 1801 1010 1854; x_wconf 91' lang='lat' dir='ltr'><strong>in</strong></span> <span class='ocrx_word' id='word_1_117' title='bbox 1053 1800 1245 1854; x_wconf 83' lang='lat' dir='ltr'><strong>dextro</strong></span> <span class='ocrx_word' id='word_1_118' title='bbox 1273 1815 1448 1870; x_wconf 86' lang='lat' dir='ltr'><strong>genu,</strong></span> <span class='ocrx_word' id='word_1_119' title='bbox 1498 1800 1707 1864; x_wconf 88' lang='lat' dir='ltr'><strong>ultima,</strong></span> <span class='ocrx_word' id='word_1_120' title='bbox 1737 1816 1856 1870; x_wconf 75' lang='lat' dir='ltr'><strong>quae</strong></span> <span class='ocrx_word' id='word_1_121' title='bbox 1904 1799 1958 1853; x_wconf 90' lang='lat' dir='ltr'><strong>in</strong></span> <span class='ocrx_word' id='word_1_122' title='bbox 2003 1814 2098 1854; x_wconf 84' lang='lat' dir='ltr'><strong>ex-</strong></span> 
     </span>
    </p>
   </div>
   <div class='ocr_carea' id='block_1_20' title="bbox 546 1892 2100 1950">
    <p class='ocr_par' dir='ltr' id='par_1_20' title="bbox 546 1892 2100 1950">
     <span class='ocr_line' id='line_1_20' title="bbox 546 1892 2100 1950; baseline -0.001 -2"><span class='ocrx_word' id='word_1_123' title='bbox 546 1905 716 1949; x_wconf 87' lang='lat' dir='ltr'><strong>trema</strong></span> <span class='ocrx_word' id='word_1_124' title='bbox 734 1910 893 1948; x_wconf 91' lang='lat' dir='ltr'><strong>manu</strong></span> <span class='ocrx_word' id='word_1_125' title='bbox 917 1894 1160 1950; x_wconf 80' lang='lat' dir='ltr'><strong>sinistra.</strong></span> <span class='ocrx_word' id='word_1_126' title='bbox 1180 1892 1456 1947; x_wconf 89' lang='lat' dir='ltr'><strong>Culminat</strong></span> <span class='ocrx_word' id='word_1_127' title='bbox 1471 1908 1534 1948; x_wconf 80' lang='lat' dir='ltr'><strong>ex</strong></span> <span class='ocrx_word' id='word_1_128' title='bbox 1553 1893 1676 1949; x_wconf 88' lang='lat' dir='ltr'><strong>aliis</strong></span> <span class='ocrx_word' id='word_1_129' title='bbox 1700 1893 1867 1947; x_wconf 78' lang='lat' dir='ltr'><strong>stellis</strong></span> <span class='ocrx_word' id='word_1_130' title='bbox 1894 1892 2100 1948; x_wconf 81' lang='lat' dir='ltr'><strong>oriente</strong></span> 
     </span>
    </p>
   </div>
   <div class='ocr_carea' id='block_1_21' title="bbox 548 1985 2100 2058">
    <p class='ocr_par' dir='ltr' id='par_1_21' title="bbox 548 1985 2100 2058">
     <span class='ocr_line' id='line_1_21' title="bbox 548 1985 2100 2058; baseline 0 -18"><span class='ocrx_word' id='word_1_131' title='bbox 548 1987 878 2058; x_wconf 82' lang='lat' dir='ltr'><strong>lngeu-iculo,</strong></span> <span class='ocrx_word' id='word_1_132' title='bbox 910 2002 971 2042; x_wconf 90' lang='lat' dir='ltr'><strong>ea</strong></span> <span class='ocrx_word' id='word_1_133' title='bbox 1023 1988 1259 2058; x_wconf 90' lang='lat' dir='ltr'><strong>primum</strong></span> <span class='ocrx_word' id='word_1_134' title='bbox 1310 2002 1430 2056; x_wconf 64' lang='lat' dir='ltr'><strong>quae</strong></span> <span class='ocrx_word' id='word_1_135' title='bbox 1466 2002 1532 2040; x_wconf 83' lang='lat' dir='ltr'><strong>ex</strong></span> <span class='ocrx_word' id='word_1_136' title='bbox 1582 1995 1815 2056; x_wconf 85' lang='lat' dir='ltr'><strong>quatuor</strong></span> <span class='ocrx_word' id='word_1_137' title='bbox 1841 1985 1906 2040; x_wconf 92' lang='lat' dir='ltr'><strong>ad</strong></span> <span class='ocrx_word' id='word_1_138' title='bbox 1939 1986 2100 2054; x_wconf 88' lang='lat' dir='ltr'><strong>pedes</strong></span> 
     </span>
    </p>
   </div>
   <div class='ocr_carea' id='block_1_22' title="bbox 543 2076 2101 2140">
    <p class='ocr_par' dir='ltr' id='par_1_22' title="bbox 543 2076 2101 2140">
     <span class='ocr_line' id='line_1_22' title="bbox 543 2076 2101 2140; baseline 0 -8"><span class='ocrx_word' id='word_1_139' title='bbox 543 2078 896 2134; x_wconf 74' lang='lat' dir='ltr'><strong>Geminorum</strong></span> <span class='ocrx_word' id='word_1_140' title='bbox 938 2078 1060 2132; x_wconf 85' lang='lat' dir='ltr'><strong>sitis</strong></span> <span class='ocrx_word' id='word_1_141' title='bbox 1092 2076 1333 2133; x_wconf 86' lang='lat' dir='ltr'><strong>secunda</strong></span> <span class='ocrx_word' id='word_1_142' title='bbox 1365 2085 1450 2132; x_wconf 87' lang='lat' dir='ltr'><strong>est</strong></span> <span class='ocrx_word' id='word_1_143' title='bbox 1480 2077 1548 2131; x_wconf 91' lang='lat' dir='ltr'><strong>ab</strong></span> <span class='ocrx_word' id='word_1_144' title='bbox 1581 2076 1892 2140; x_wconf 89' lang='lat' dir='ltr'><strong>occidente;</strong></span> <span class='ocrx_word' id='word_1_145' title='bbox 1919 2076 2101 2133; x_wconf 81' lang='lat' dir='ltr'><strong>novis-</strong></span> 
     </span>
    </p>
   </div>
   <div class='ocr_carea' id='block_1_23' title="bbox 548 2168 2099 2237">
    <p class='ocr_par' dir='ltr' id='par_1_23' title="bbox 548 2168 2099 2237">
     <span class='ocr_line' id='line_1_23' title="bbox 548 2168 2099 2237; baseline -0.001 -13"><span class='ocrx_word' id='word_1_146' title='bbox 548 2172 685 2224; x_wconf 83' lang='lat' dir='ltr'><strong>sima</strong></span> <span class='ocrx_word' id='word_1_147' title='bbox 717 2170 1006 2224; x_wconf 87' lang='lat' dir='ltr'><strong>australior</strong></span> <span class='ocrx_word' id='word_1_148' title='bbox 1027 2170 1306 2223; x_wconf 88' lang='lat' dir='ltr'><strong>ambarum</strong></span> <span class='ocrx_word' id='word_1_149' title='bbox 1331 2169 1383 2222; x_wconf 90' lang='lat' dir='ltr'><strong>in</strong></span> <span class='ocrx_word' id='word_1_150' title='bbox 1416 2168 1616 2230; x_wconf 85' lang='lat' dir='ltr'><strong>Leone.</strong></span> <span class='ocrx_word' id='word_1_151' title='bbox 1645 2183 1765 2237; x_wconf 67' lang='lat' dir='ltr'><strong>qua:</strong></span> <span class='ocrx_word' id='word_1_152' title='bbox 1788 2169 1931 2222; x_wconf 90' lang='lat' dir='ltr'><strong>circa</strong></span> <span class='ocrx_word' id='word_1_153' title='bbox 1957 2168 2099 2222; x_wconf 86' lang='lat' dir='ltr'><strong>ium-</strong></span> 
     </span>
    </p>
   </div>
   <div class='ocr_carea' id='block_1_24' title="bbox 548 2257 2099 2330">
    <p class='ocr_par' dir='ltr' id='par_1_24' title="bbox 548 2257 2099 2330">
     <span class='ocr_line' id='line_1_24' title="bbox 548 2257 2099 2330; baseline -0.002 -14"><span class='ocrx_word' id='word_1_154' title='bbox 548 2263 738 2316; x_wconf 81' lang='lat' dir='ltr'><strong>borum</strong></span> <span class='ocrx_word' id='word_1_155' title='bbox 773 2261 1106 2330; x_wconf 65' lang='lat' dir='ltr'><strong>splendizlam</strong></span> <span class='ocrx_word' id='word_1_156' title='bbox 1139 2261 1328 2329; x_wconf 67' lang='lat' dir='ltr'><strong>positae</strong></span> <span class='ocrx_word' id='word_1_157' title='bbox 1361 2269 1508 2313; x_wconf 90' lang='lat' dir='ltr'><strong>sunt.</strong></span> <span class='ocrx_word' id='word_1_158' title='bbox 1541 2257 1722 2312; x_wconf 83' lang='lat' dir='ltr'><strong>Oritur</strong></span> <span class='ocrx_word' id='word_1_159' title='bbox 1757 2259 2099 2328; x_wconf 84' lang='lat' dir='ltr'><strong>Iugeniculus</strong></span> 
     </span>
    </p>
   </div>
   <div class='ocr_carea' id='block_1_25' title="bbox 548 2351 1363 2422">
    <p class='ocr_par' dir='ltr' id='par_1_25' title="bbox 548 2351 1363 2422">
     <span class='ocr_line' id='line_1_25' title="bbox 548 2351 1363 2422; baseline -0.004 -14"><span class='ocrx_word' id='word_1_160' title='bbox 548 2355 724 2422; x_wconf 74' lang='lat' dir='ltr'><strong>Spatio</strong></span> <span class='ocrx_word' id='word_1_161' title='bbox 755 2353 1010 2408; x_wconf 86' lang='lat' dir='ltr'><strong>horarum</strong></span> <span class='ocrx_word' id='word_1_162' title='bbox 1045 2352 1098 2417; x_wconf 67' lang='lat' dir='ltr'><strong>.i,</strong></span> <span class='ocrx_word' id='word_1_163' title='bbox 1130 2352 1211 2405; x_wconf 79' lang='lat'><strong>56&#39;</strong></span> <span class='ocrx_word' id='word_1_164' title='bbox 1234 2351 1363 2405; x_wconf 82' lang='lat' dir='ltr'><strong>fere.</strong></span> 
     </span>
    </p>
   </div>
   <div class='ocr_carea' id='block_1_26' title="bbox 616 2548 2100 2620">
    <p class='ocr_par' dir='ltr' id='par_1_26' title="bbox 616 2548 2100 2620">
     <span class='ocr_line' id='line_1_26' title="bbox 616 2548 2100 2620; baseline -0.001 -13"><span class='ocrx_word' id='word_1_165' title='bbox 616 2551 728 2607; x_wconf 76' lang='lat' dir='ltr'><strong>XX.</strong></span> <span class='ocrx_word' id='word_1_166' title='bbox 762 2551 898 2607; x_wconf 89' lang='lat' dir='ltr'><strong>Cum</strong></span> <span class='ocrx_word' id='word_1_167' title='bbox 931 2550 1246 2620; x_wconf 84' lang='lat' dir='ltr'><strong>Ophiuchus</strong></span> <span class='ocrx_word' id='word_1_168' title='bbox 1301 2549 1499 2612; x_wconf 87' lang='lat' dir='ltr'><strong>oritur,</strong></span> <span class='ocrx_word' id='word_1_169' title='bbox 1545 2548 1750 2602; x_wconf 79' lang='lat' dir='ltr'><strong>zodiaci</strong></span> <span class='ocrx_word' id='word_1_170' title='bbox 1801 2563 1960 2603; x_wconf 88' lang='lat' dir='ltr'><strong>arcus</strong></span> <span class='ocrx_word' id='word_1_171' title='bbox 2011 2549 2100 2606; x_wconf 88' lang='lat' dir='ltr'><strong>ille</strong></span> 
     </span>
    </p>
   </div>
   <div class='ocr_carea' id='block_1_27' title="bbox 549 2641 2100 2712">
    <p class='ocr_par' dir='ltr' id='par_1_27' title="bbox 549 2641 2100 2712">
     <span class='ocr_line' id='line_1_27' title="bbox 549 2641 2100 2712; baseline -0.005 -10"><span class='ocrx_word' id='word_1_172' title='bbox 549 2647 708 2702; x_wconf 82' lang='lat' dir='ltr'><strong>simul</strong></span> <span class='ocrx_word' id='word_1_173' title='bbox 736 2643 998 2706; x_wconf 85' lang='lat' dir='ltr'><strong>ascendit,</strong></span> <span class='ocrx_word' id='word_1_174' title='bbox 1029 2643 1121 2712; x_wconf 86' lang='lat' dir='ltr'><strong>qui</strong></span> <span class='ocrx_word' id='word_1_175' title='bbox 1151 2650 1234 2698; x_wconf 91' lang='lat' dir='ltr'><strong>est</strong></span> <span class='ocrx_word' id='word_1_176' title='bbox 1260 2657 1290 2696; x_wconf 88' lang='lat' dir='ltr'><strong>a</strong></span> <span class='ocrx_word' id='word_1_177' title='bbox 1323 2642 1392 2696; x_wconf 73' lang='lat'><strong>9.9</strong></span> <span class='ocrx_word' id='word_1_178' title='bbox 1422 2643 1711 2697; x_wconf 87' lang='lat' dir='ltr'><strong>Chelarum</strong></span> <span class='ocrx_word' id='word_1_179' title='bbox 1743 2643 1806 2694; x_wconf 90' lang='lat' dir='ltr'><strong>ad</strong></span> <span class='ocrx_word' id='word_1_180' title='bbox 1839 2642 1908 2695; x_wconf 71' lang='lat'><strong>‘25</strong></span> <span class='ocrx_word' id='word_1_181' title='bbox 1941 2641 2100 2695; x_wconf 90' lang='lat' dir='ltr'><strong>Scor-</strong></span> 
     </span>
    </p>
   </div>
   <div class='ocr_carea' id='block_1_28' title="bbox 547 2731 2099 2807">
    <p class='ocr_par' dir='ltr' id='par_1_28' title="bbox 547 2731 2099 2807">
     <span class='ocr_line' id='line_1_28' title="bbox 547 2731 2099 2807; baseline -0.001 -19"><span class='ocrx_word' id='word_1_182' title='bbox 547 2737 642 2807; x_wconf 87' lang='lat' dir='ltr'><strong>pii.</strong></span> <span class='ocrx_word' id='word_1_183' title='bbox 667 2734 941 2788; x_wconf 82' lang='lat' dir='ltr'><strong>Culminat</strong></span> <span class='ocrx_word' id='word_1_184' title='bbox 970 2748 1000 2786; x_wconf 89' lang='lat' dir='ltr'><strong>a</strong></span> <span class='ocrx_word' id='word_1_185' title='bbox 1037 2733 1234 2789; x_wconf 85' lang='lat' dir='ltr'><strong>Leonis</strong></span> <span class='ocrx_word' id='word_1_186' title='bbox 1262 2734 1294 2786; x_wconf 81' lang='grc'><strong>5</strong></span> <span class='ocrx_word' id='word_1_187' title='bbox 1315 2733 1484 2803; x_wconf 87' lang='lat' dir='ltr'><strong>gradu</strong></span> <span class='ocrx_word' id='word_1_188' title='bbox 1522 2731 1588 2786; x_wconf 86' lang='lat' dir='ltr'><strong>ad</strong></span> <span class='ocrx_word' id='word_1_189' title='bbox 1620 2731 1859 2802; x_wconf 74' lang='lat' dir='ltr'><strong>Virginis</strong></span> <span class='ocrx_word' id='word_1_190' title='bbox 1889 2733 1955 2797; x_wconf 72' lang='grc' dir='ltr'><strong>ὃς</strong></span> <span class='ocrx_word' id='word_1_191' title='bbox 1989 2733 2099 2803; x_wconf 89' lang='lat' dir='ltr'><strong>pri-</strong></span> 
     </span>
    </p>
   </div>
   <div class='ocr_carea' id='block_1_29' title="bbox 549 2825 2095 2894">
    <p class='ocr_par' dir='ltr' id='par_1_29' title="bbox 549 2825 2095 2894">
     <span class='ocr_line' id='line_1_29' title="bbox 549 2825 2095 2894; baseline -0.003 -12"><span class='ocrx_word' id='word_1_192' title='bbox 549 2843 648 2882; x_wconf 68' lang='lat' dir='ltr'><strong>mae</strong></span> <span class='ocrx_word' id='word_1_193' title='bbox 663 2829 914 2881; x_wconf 85' lang='lat' dir='ltr'><strong>oriuntur</strong></span> <span class='ocrx_word' id='word_1_194' title='bbox 935 2825 1080 2880; x_wconf 92' lang='lat' dir='ltr'><strong>illius</strong></span> <span class='ocrx_word' id='word_1_195' title='bbox 1100 2826 1287 2889; x_wconf 58' lang='lat' dir='ltr'><strong>stellae,</strong></span> <span class='ocrx_word' id='word_1_196' title='bbox 1307 2840 1428 2894; x_wconf 56' lang='lat' dir='ltr'><strong>qua:</strong></span> <span class='ocrx_word' id='word_1_197' title='bbox 1446 2825 1499 2878; x_wconf 90' lang='lat' dir='ltr'><strong>in</strong></span> <span class='ocrx_word' id='word_1_198' title='bbox 1523 2825 1741 2878; x_wconf 84' lang='lat' dir='ltr'><strong>sinistra</strong></span> <span class='ocrx_word' id='word_1_199' title='bbox 1764 2840 1922 2877; x_wconf 86' lang='lat' dir='ltr'><strong>manu</strong></span> <span class='ocrx_word' id='word_1_200' title='bbox 1942 2831 2095 2878; x_wconf 91' lang='lat' dir='ltr'><strong>sunt:</strong></span> 
     </span>
    </p>
   </div>
   <div class='ocr_carea' id='block_1_30' title="bbox 544 2916 2099 2988">
    <p class='ocr_par' dir='ltr' id='par_1_30' title="bbox 544 2916 2099 2988">
     <span class='ocr_line' id='line_1_30' title="bbox 544 2916 2099 2988; baseline 0 -16"><span class='ocrx_word' id='word_1_201' title='bbox 544 2928 662 2972; x_wconf 87' lang='lat' dir='ltr'><strong>tum</strong></span> <span class='ocrx_word' id='word_1_202' title='bbox 709 2933 829 2988; x_wconf 71' lang='lat' dir='ltr'><strong>qua:</strong></span> <span class='ocrx_word' id='word_1_203' title='bbox 883 2918 937 2972; x_wconf 90' lang='lat' dir='ltr'><strong>in</strong></span> <span class='ocrx_word' id='word_1_204' title='bbox 993 2918 1281 2986; x_wconf 84' lang='lat' dir='ltr'><strong>Serpente;</strong></span> <span class='ocrx_word' id='word_1_205' title='bbox 1335 2925 1608 2986; x_wconf 85' lang='lat' dir='ltr'><strong>postrema</strong></span> <span class='ocrx_word' id='word_1_206' title='bbox 1649 2916 1820 2970; x_wconf 89' lang='lat' dir='ltr'><strong>oritur</strong></span> <span class='ocrx_word' id='word_1_207' title='bbox 1863 2918 2099 2972; x_wconf 84' lang='lat' dir='ltr'><strong>secunda</strong></span> 
     </span>
    </p>
   </div>
   <div class='ocr_carea' id='block_1_31' title="bbox 550 3009 2098 3080">
    <p class='ocr_par' dir='ltr' id='par_1_31' title="bbox 550 3009 2098 3080">
     <span class='ocr_line' id='line_1_31' title="bbox 550 3009 2098 3080; baseline 0.001 -17"><span class='ocrx_word' id='word_1_208' title='bbox 550 3027 743 3066; x_wconf 79' lang='lat' dir='ltr'><strong>versus</strong></span> <span class='ocrx_word' id='word_1_209' title='bbox 778 3023 1034 3064; x_wconf 88' lang='lat' dir='ltr'><strong>occasum</strong></span> <span class='ocrx_word' id='word_1_210' title='bbox 1094 3024 1160 3064; x_wconf 77' lang='lat' dir='ltr'><strong>ex</strong></span> <span class='ocrx_word' id='word_1_211' title='bbox 1190 3016 1444 3077; x_wconf 84' lang='lat' dir='ltr'><strong>quatuor,</strong></span> <span class='ocrx_word' id='word_1_212' title='bbox 1489 3023 1610 3078; x_wconf 70' lang='lat' dir='ltr'><strong>quae</strong></span> <span class='ocrx_word' id='word_1_213' title='bbox 1652 3015 1779 3064; x_wconf 86' lang='lat' dir='ltr'><strong>sunt</strong></span> <span class='ocrx_word' id='word_1_214' title='bbox 1829 3009 1883 3062; x_wconf 91' lang='lat' dir='ltr'><strong>in</strong></span> <span class='ocrx_word' id='word_1_215' title='bbox 1929 3011 2098 3080; x_wconf 65' lang='lat' dir='ltr'><strong>ipsius</strong></span> 
     </span>
    </p>
   </div>
   <div class='ocr_carea' id='block_1_32' title="bbox 2194 497 3754 573">
    <p class='ocr_par' dir='ltr' id='par_1_32' title="bbox 2194 497 3754 573">
     <span class='ocr_line' id='line_1_32' title="bbox 2194 497 3754 573; baseline -0.003 -19"><span class='ocrx_word' id='word_1_216' title='bbox 2194 501 2250 554; x_wconf 81' lang='grc' dir='ltr'>δὲ</span> <span class='ocrx_word' id='word_1_217' title='bbox 2273 503 2302 554; x_wconf 83' lang='lat'><strong>6</strong></span> <span class='ocrx_word' id='word_1_218' title='bbox 2327 502 2654 573; x_wconf 80' lang='grc' dir='ltr'>βορειότερος</span> <span class='ocrx_word' id='word_1_219' title='bbox 2683 502 2789 553; x_wconf 78' lang='grc' dir='ltr'>τῶν</span> <span class='ocrx_word' id='word_1_220' title='bbox 2809 501 2884 562; x_wconf 82' lang='grc' dir='ltr'>ὡς</span> <span class='ocrx_word' id='word_1_221' title='bbox 2913 499 3048 570; x_wconf 73' lang='grc' dir='ltr'>πρὸς</span> <span class='ocrx_word' id='word_1_222' title='bbox 3077 497 3336 560; x_wconf 81' lang='grc' dir='ltr'>ἀνατολὰς</span> <span class='ocrx_word' id='word_1_223' title='bbox 3365 497 3461 548; x_wconf 74' lang='grc' dir='ltr'><strong>καὶ</strong></span> <span class='ocrx_word' id='word_1_224' title='bbox 3487 498 3754 566; x_wconf 82' lang='grc' dir='ltr'>Ἀρκτους</span> 
     </span>
    </p>
   </div>
   <div class='ocr_carea' id='block_1_33' title="bbox 2198 587 3756 663">
    <p class='ocr_par' dir='ltr' id='par_1_33' title="bbox 2198 587 3756 663">
     <span class='ocr_line' id='line_1_33' title="bbox 2198 587 3756 663; baseline -0.004 -18"><span class='ocrx_word' id='word_1_225' title='bbox 2198 593 2461 662; x_wconf 81' lang='grc' dir='ltr'><strong>κειμένων</strong></span> <span class='ocrx_word' id='word_1_226' title='bbox 2511 591 2604 644; x_wconf 83' lang='grc' dir='ltr'>τοῦ</span> <span class='ocrx_word' id='word_1_227' title='bbox 2653 591 3046 663; x_wconf 78' lang='grc' dir='ltr'>λαμπροτάτου.</span> <span class='ocrx_word' id='word_1_228' title='bbox 3103 590 3436 659; x_wconf 81' lang='grc' dir='ltr'>Μεσουρανεῖ</span> <span class='ocrx_word' id='word_1_229' title='bbox 3475 587 3536 640; x_wconf 80' lang='grc' dir='ltr'>δὲ</span> <span class='ocrx_word' id='word_1_230' title='bbox 3579 589 3756 658; x_wconf 77' lang='grc' dir='ltr'>ἀστὴρ</span> 
     </span>
    </p>
   </div>
   <div class='ocr_carea' id='block_1_34' title="bbox 2195 673 3757 752">
    <p class='ocr_par' dir='ltr' id='par_1_34' title="bbox 2195 673 3757 752">
     <span class='ocr_line' id='line_1_34' title="bbox 2195 673 3757 752; baseline -0.005 -19"><span class='ocrx_word' id='word_1_231' title='bbox 2195 683 2253 733; x_wconf 85' lang='grc' dir='ltr'>ὲν</span> <span class='ocrx_word' id='word_1_232' title='bbox 2290 682 2387 751; x_wconf 88' lang='grc' dir='ltr'><strong>μὲν</strong></span> <span class='ocrx_word' id='word_1_233' title='bbox 2516 681 2654 751; x_wconf 80' lang='grc' dir='ltr'>ἀρχῇ</span> <span class='ocrx_word' id='word_1_234' title='bbox 2687 681 2784 749; x_wconf 83' lang='grc' dir='ltr'><strong>τῆς</strong></span> <span class='ocrx_word' id='word_1_235' title='bbox 2814 678 3071 748; x_wconf 84' lang='grc' dir='ltr'><strong>ἀνατολῆς</strong></span> <span class='ocrx_word' id='word_1_236' title='bbox 3107 676 3200 728; x_wconf 79' lang='grc' dir='ltr'><strong>τοῦ</strong></span> <span class='ocrx_word' id='word_1_237' title='bbox 3232 675 3404 737; x_wconf 69' lang='grc' dir='ltr'>Κυνῢς</span> <span class='ocrx_word' id='word_1_238' title='bbox 3449 676 3478 726; x_wconf 91' lang='lat'><strong>6</strong></span> <span class='ocrx_word' id='word_1_239' title='bbox 3524 675 3617 727; x_wconf 71' lang='grc' dir='ltr'>ἐπὶ</span> <span class='ocrx_word' id='word_1_240' title='bbox 3649 673 3757 726; x_wconf 77' lang='grc' dir='ltr'>τῶν</span> 
     </span>
    </p>
   </div>
   <div class='ocr_carea' id='block_1_35' title="bbox 2200 765 3754 842">
    <p class='ocr_par' dir='ltr' id='par_1_35' title="bbox 2200 765 3754 842">
     <span class='ocr_line' id='line_1_35' title="bbox 2200 765 3754 842; baseline -0.006 -17"><span class='ocrx_word' id='word_1_241' title='bbox 2200 773 2402 842; x_wconf 73' lang='grc' dir='ltr'>ἰσχίων,</span> <span class='ocrx_word' id='word_1_242' title='bbox 2449 772 2672 838; x_wconf 78' lang='grc' dir='ltr'>ἔσχατος</span> <span class='ocrx_word' id='word_1_243' title='bbox 2709 772 2765 824; x_wconf 82' lang='grc' dir='ltr'><strong>δὲ</strong></span> <span class='ocrx_word' id='word_1_244' title='bbox 2795 772 2822 823; x_wconf 92' lang='lat'><strong>6</strong></span> <span class='ocrx_word' id='word_1_245' title='bbox 2854 768 3260 840; x_wconf 75' lang='grc' dir='ltr'>προηγούμενος</span> <span class='ocrx_word' id='word_1_246' title='bbox 3284 767 3382 837; x_wconf 81' lang='grc' dir='ltr'>τῆς</span> <span class='ocrx_word' id='word_1_247' title='bbox 3418 765 3513 818; x_wconf 76' lang='grc' dir='ltr'>τοῦ</span> <span class='ocrx_word' id='word_1_248' title='bbox 3553 765 3754 835; x_wconf 81' lang='grc' dir='ltr'>’Υδρου</span> 
     </span>
    </p>
   </div>
   <div class='ocr_carea' id='block_1_36' title="bbox 2195 858 3759 935">
    <p class='ocr_par' dir='ltr' id='par_1_36' title="bbox 2195 858 3759 935">
     <span class='ocr_line' id='line_1_36' title="bbox 2195 858 3759 935; baseline -0.006 -17"><span class='ocrx_word' id='word_1_249' title='bbox 2195 865 2450 935; x_wconf 78' lang='grc' dir='ltr'><strong>κεφαλῆς,</strong></span> <span class='ocrx_word' id='word_1_250' title='bbox 2481 865 2509 917; x_wconf 98' lang='lat'><strong>6</strong></span> <span class='ocrx_word' id='word_1_251' title='bbox 2540 864 2797 934; x_wconf 76' lang='grc' dir='ltr'>ἐκφανὴς,</span> <span class='ocrx_word' id='word_1_252' title='bbox 2838 865 2896 926; x_wconf 83' lang='grc' dir='ltr'>ὃς</span> <span class='ocrx_word' id='word_1_253' title='bbox 2940 865 3054 914; x_wconf 76' lang='grc' dir='ltr'>ἐστι</span> <span class='ocrx_word' id='word_1_254' title='bbox 3087 861 3180 914; x_wconf 81' lang='grc' dir='ltr'>τοῦ</span> <span class='ocrx_word' id='word_1_255' title='bbox 3228 859 3499 930; x_wconf 77' lang='grc' dir='ltr'>Καρκίνου</span> <span class='ocrx_word' id='word_1_256' title='bbox 3532 858 3630 911; x_wconf 71' lang='grc' dir='ltr'><strong>καὶ</strong></span> <span class='ocrx_word' id='word_1_257' title='bbox 3661 858 3759 927; x_wconf 75' lang='grc' dir='ltr'>τῆς</span> 
     </span>
    </p>
   </div>
   <div class='ocr_carea' id='block_1_37' title="bbox 2201 947 3760 1028">
    <p class='ocr_par' dir='ltr' id='par_1_37' title="bbox 2201 947 3760 1028">
     <span class='ocr_line' id='line_1_37' title="bbox 2201 947 3760 1028; baseline -0.007 -19"><span class='ocrx_word' id='word_1_258' title='bbox 2201 957 2433 1028; x_wconf 76' lang='grc' dir='ltr'>’Ἄρκτου</span> <span class='ocrx_word' id='word_1_259' title='bbox 2463 958 2492 1008; x_wconf 90' lang='lat'><strong>6</strong></span> <span class='ocrx_word' id='word_1_260' title='bbox 2526 955 2855 1026; x_wconf 84' lang='grc' dir='ltr'>βορειότερος</span> <span class='ocrx_word' id='word_1_261' title='bbox 2881 953 2988 1006; x_wconf 82' lang='grc' dir='ltr'><strong>τῶν</strong></span> <span class='ocrx_word' id='word_1_262' title='bbox 3024 955 3080 1005; x_wconf 81' lang='grc' dir='ltr'>ἐν</span> <span class='ocrx_word' id='word_1_263' title='bbox 3107 954 3218 1014; x_wconf 80' lang='grc' dir='ltr'>τοῖς</span> <span class='ocrx_word' id='word_1_264' title='bbox 3247 948 3596 1021; x_wconf 74' lang='grc' dir='ltr'>ἐμπροσθίοις</span> <span class='ocrx_word' id='word_1_265' title='bbox 3629 947 3760 1000; x_wconf 77' lang='grc' dir='ltr'>ποσὶ</span> 
     </span>
    </p>
   </div>
   <div class='ocr_carea' id='block_1_38' title="bbox 2195 1041 3758 1119">
    <p class='ocr_par' dir='ltr' id='par_1_38' title="bbox 2195 1041 3758 1119">
     <span class='ocr_line' id='line_1_38' title="bbox 2195 1041 3758 1119; baseline -0.007 -17"><span class='ocrx_word' id='word_1_266' title='bbox 2195 1048 2286 1102; x_wconf 88' lang='grc' dir='ltr'><strong>δύο</strong></span> <span class='ocrx_word' id='word_1_267' title='bbox 2315 1049 2554 1119; x_wconf 81' lang='grc' dir='ltr'><strong>ἀστέρων</strong></span> <span class='ocrx_word' id='word_1_268' title='bbox 2584 1049 2626 1078; x_wconf 82' lang='grc'><strong>’⁵⁷</strong></span> <span class='ocrx_word' id='word_1_269' title='bbox 2646 1065 2658 1077; x_wconf 75' lang='grc' dir='ltr'><strong><em>ο</em></strong></span> <span class='ocrx_word' id='word_1_270' title='bbox 2693 1045 2914 1116; x_wconf 81' lang='grc' dir='ltr'>ἔγγιστα</span> <span class='ocrx_word' id='word_1_271' title='bbox 2957 1045 3012 1098; x_wconf 81' lang='grc' dir='ltr'>δὲ</span> <span class='ocrx_word' id='word_1_272' title='bbox 3061 1045 3158 1098; x_wconf 71' lang='grc' dir='ltr'><strong>καὶ</strong></span> <span class='ocrx_word' id='word_1_273' title='bbox 3199 1044 3306 1096; x_wconf 86' lang='grc' dir='ltr'><strong>τῶν</strong></span> <span class='ocrx_word' id='word_1_274' title='bbox 3345 1043 3472 1113; x_wconf 71' lang='grc' dir='ltr'>περὶ</span> <span class='ocrx_word' id='word_1_275' title='bbox 3503 1042 3564 1094; x_wconf 80' lang='grc' dir='ltr'><strong>τὸ</strong></span> <span class='ocrx_word' id='word_1_276' title='bbox 3595 1041 3758 1109; x_wconf 72' lang='grc' dir='ltr'>νεφέ-</span> 
     </span>
    </p>
   </div>
   <div class='ocr_carea' id='block_1_39' title="bbox 2194 1132 3758 1210">
    <p class='ocr_par' dir='ltr' id='par_1_39' title="bbox 2194 1132 3758 1210">
     <span class='ocr_line' id='line_1_39' title="bbox 2194 1132 3758 1210; baseline -0.006 -18"><span class='ocrx_word' id='word_1_277' title='bbox 2194 1140 2304 1194; x_wconf 87' lang='grc' dir='ltr'>λιον</span> <span class='ocrx_word' id='word_1_278' title='bbox 2327 1141 2420 1194; x_wconf 77' lang='grc' dir='ltr'>τοῦ</span> <span class='ocrx_word' id='word_1_279' title='bbox 2446 1139 2717 1210; x_wconf 82' lang='grc' dir='ltr'>Καρκίνου</span> <span class='ocrx_word' id='word_1_280' title='bbox 2745 1137 3007 1207; x_wconf 82' lang='grc' dir='ltr'>κειμένων</span> <span class='ocrx_word' id='word_1_281' title='bbox 3033 1139 3080 1189; x_wconf 82' lang='grc' dir='ltr'>οἱ</span> <span class='ocrx_word' id='word_1_282' title='bbox 3107 1135 3242 1206; x_wconf 80' lang='grc' dir='ltr'>πρὸς</span> <span class='ocrx_word' id='word_1_283' title='bbox 3262 1133 3434 1187; x_wconf 89' lang='grc' dir='ltr'>δύσιν.</span> <span class='ocrx_word' id='word_1_284' title='bbox 3453 1132 3758 1186; x_wconf 79' lang='grc' dir='ltr'>Ἀνατέλλει</span> 
     </span>
    </p>
   </div>
   <div class='ocr_carea' id='block_1_40' title="bbox 2192 1225 3341 1301">
    <p class='ocr_par' dir='ltr' id='par_1_40' title="bbox 2192 1225 3341 1301">
     <span class='ocr_line' id='line_1_40' title="bbox 2192 1225 3341 1301; baseline -0.009 -16"><span class='ocrx_word' id='word_1_285' title='bbox 2192 1231 2251 1285; x_wconf 84' lang='grc' dir='ltr'>δὲ</span> <span class='ocrx_word' id='word_1_286' title='bbox 2278 1231 2305 1283; x_wconf 95' lang='lat'><strong>6</strong></span> <span class='ocrx_word' id='word_1_287' title='bbox 2339 1231 2604 1301; x_wconf 87' lang='grc' dir='ltr'>Στέφανος</span> <span class='ocrx_word' id='word_1_288' title='bbox 2636 1231 2692 1283; x_wconf 82' lang='grc' dir='ltr'>ἐν</span> <span class='ocrx_word' id='word_1_289' title='bbox 2725 1229 2843 1282; x_wconf 75' lang='grc' dir='ltr'>δυσὶ</span> <span class='ocrx_word' id='word_1_290' title='bbox 2870 1227 3060 1298; x_wconf 78' lang='grc' dir='ltr'>μέρεσι</span> <span class='ocrx_word' id='word_1_291' title='bbox 3098 1233 3145 1279; x_wconf 86' lang='grc' dir='ltr'>α’</span> <span class='ocrx_word' id='word_1_292' title='bbox 3177 1225 3341 1296; x_wconf 82' lang='grc' dir='ltr'>ὥρας.</span> 
     </span>
    </p>
   </div>
   <div class='ocr_carea' id='block_1_41' title="bbox 2267 1335 3756 1412">
    <p class='ocr_par' dir='ltr' id='par_1_41' title="bbox 2267 1335 3756 1412">
     <span class='ocr_line' id='line_1_41' title="bbox 2267 1335 3756 1412; baseline -0.007 -16"><span class='ocrx_word' id='word_1_293' title='bbox 2267 1345 2370 1398; x_wconf 80' lang='grc' dir='ltr'><strong>Τοῦ</strong></span> <span class='ocrx_word' id='word_1_294' title='bbox 2420 1345 2476 1397; x_wconf 91' lang='grc' dir='ltr'>δὲ</span> <span class='ocrx_word' id='word_1_295' title='bbox 2525 1345 2611 1397; x_wconf 87' lang='grc' dir='ltr'>Ἐν</span> <span class='ocrx_word' id='word_1_296' title='bbox 2655 1344 2869 1412; x_wconf 81' lang='grc' dir='ltr'>γόνασιν</span> <span class='ocrx_word' id='word_1_297' title='bbox 2915 1337 3311 1400; x_wconf 85' lang='grc' dir='ltr'>ἀνατέλλοντος,</span> <span class='ocrx_word' id='word_1_298' title='bbox 3375 1335 3756 1389; x_wconf 77' lang='grc' dir='ltr'>συνανατέλλει</span> 
     </span>
    </p>
   </div>
   <div class='ocr_carea' id='block_1_42' title="bbox 2200 1428 3756 1508">
    <p class='ocr_par' dir='ltr' id='par_1_42' title="bbox 2200 1428 3756 1508">
     <span class='ocr_line' id='line_1_42' title="bbox 2200 1428 3756 1508; baseline -0.007 -18"><span class='ocrx_word' id='word_1_299' title='bbox 2200 1437 2295 1508; x_wconf 79' lang='grc' dir='ltr'>μὲν</span> <span class='ocrx_word' id='word_1_300' title='bbox 2325 1439 2354 1490; x_wconf 91' lang='lat'><strong>6</strong></span> <span class='ocrx_word' id='word_1_301' title='bbox 2384 1435 2641 1500; x_wconf 78' lang='grc' dir='ltr'>ζωδιακὸς</span> <span class='ocrx_word' id='word_1_302' title='bbox 2672 1435 2778 1489; x_wconf 81' lang='lat'><em>6.1:6</em></span> <span class='ocrx_word' id='word_1_303' title='bbox 2809 1433 3077 1504; x_wconf 74' lang='grc' dir='ltr'>Παρθένου</span> <span class='ocrx_word' id='word_1_304' title='bbox 3111 1432 3217 1502; x_wconf 78' lang='grc' dir='ltr'>μοί.</span> <span class='ocrx_word' id='word_1_305' title='bbox 3254 1430 3320 1500; x_wconf 80' lang='grc' dir='ltr'><strong>ιβ’</strong></span> <span class='ocrx_word' id='word_1_306' title='bbox 3346 1430 3450 1491; x_wconf 73' lang='grc' dir='ltr'><strong>ἕως</strong></span> <span class='ocrx_word' id='word_1_307' title='bbox 3485 1428 3756 1500; x_wconf 85' lang='grc' dir='ltr'>Σκορπίου</span> 
     </span>
    </p>
   </div>
   <div class='ocr_carea' id='block_1_43' title="bbox 2199 1522 3758 1599">
    <p class='ocr_par' dir='ltr' id='par_1_43' title="bbox 2199 1522 3758 1599">
     <span class='ocr_line' id='line_1_43' title="bbox 2199 1522 3758 1599; baseline -0.006 -18"><span class='ocrx_word' id='word_1_308' title='bbox 2199 1528 2309 1599; x_wconf 69' lang='grc' dir='ltr'>μοι.</span> <span class='ocrx_word' id='word_1_309' title='bbox 2349 1534 2396 1598; x_wconf 88' lang='grc' dir='ltr'>η’</span> <span class='ocrx_word' id='word_1_310' title='bbox 2444 1528 2642 1598; x_wconf 82' lang='grc' dir='ltr'>μέσης·</span> <span class='ocrx_word' id='word_1_311' title='bbox 2688 1527 3007 1596; x_wconf 87' lang='grc' dir='ltr'>μεσουρανεῖ</span> <span class='ocrx_word' id='word_1_312' title='bbox 3049 1524 3105 1576; x_wconf 78' lang='grc' dir='ltr'>δὲ</span> <span class='ocrx_word' id='word_1_313' title='bbox 3145 1524 3250 1576; x_wconf 83' lang='grc' dir='ltr'><strong>ἀπὸ</strong></span> <span class='ocrx_word' id='word_1_314' title='bbox 3283 1522 3527 1592; x_wconf 89' lang='grc' dir='ltr'>Διδύμων</span> <span class='ocrx_word' id='word_1_315' title='bbox 3576 1528 3627 1590; x_wconf 87' lang='grc' dir='ltr'>η’</span> <span class='ocrx_word' id='word_1_316' title='bbox 3666 1522 3758 1591; x_wconf 67' lang='grc' dir='ltr'><strong>μὲι⁵</strong></span> 
     </span>
    </p>
   </div>
   <div class='ocr_carea' id='block_1_44' title="bbox 2200 1615 3758 1702">
    <p class='ocr_par' dir='ltr' id='par_1_44' title="bbox 2200 1615 3758 1702">
     <span class='ocr_line' id='line_1_44' title="bbox 2200 1615 3758 1702; baseline -0.006 -27"><span class='ocrx_word' id='word_1_317' title='bbox 2200 1640 2298 1695; x_wconf 91' lang='grc' dir='ltr'><strong>σης</strong></span> <span class='ocrx_word' id='word_1_318' title='bbox 2345 1623 2447 1685; x_wconf 86' lang='grc' dir='ltr'>’έως</span> <span class='ocrx_word' id='word_1_319' title='bbox 2495 1621 2716 1684; x_wconf 87' lang='grc' dir='ltr'>Λέοντος</span> <span class='ocrx_word' id='word_1_320' title='bbox 2769 1618 2826 1673; x_wconf 89' lang='grc' dir='ltr'>ιδ’</span> <span class='ocrx_word' id='word_1_321' title='bbox 2864 1619 2970 1690; x_wconf 71' lang='grc' dir='ltr'>μοι.</span> <span class='ocrx_word' id='word_1_322' title='bbox 3009 1618 3117 1670; x_wconf 75' lang='grc' dir='ltr'><strong>Καὶ</strong></span> <span class='ocrx_word' id='word_1_323' title='bbox 3148 1617 3352 1702; x_wconf 71' lang='grc' dir='ltr'>πρῴτοι</span> <span class='ocrx_word' id='word_1_324' title='bbox 3395 1615 3494 1684; x_wconf 83' lang='grc' dir='ltr'>μὲν</span> <span class='ocrx_word' id='word_1_325' title='bbox 3524 1615 3758 1685; x_wconf 80' lang='grc' dir='ltr'>ἀστέρες</span> 
     </span>
    </p>
   </div>
   <div class='ocr_carea' id='block_1_45' title="bbox 2198 1705 3758 1780">
    <p class='ocr_par' dir='ltr' id='par_1_45' title="bbox 2198 1705 3758 1780">
     <span class='ocr_line' id='line_1_45' title="bbox 2198 1705 3758 1780; baseline -0.006 -14"><span class='ocrx_word' id='word_1_326' title='bbox 2198 1713 2287 1767; x_wconf 76' lang='grc' dir='ltr'>τοῦ</span> <span class='ocrx_word' id='word_1_327' title='bbox 2340 1714 2425 1766; x_wconf 81' lang='grc' dir='ltr'>Ἐν</span> <span class='ocrx_word' id='word_1_328' title='bbox 2474 1713 2726 1780; x_wconf 85' lang='grc' dir='ltr'>γούνασιν</span> <span class='ocrx_word' id='word_1_329' title='bbox 2777 1709 3173 1770; x_wconf 79' lang='grc' dir='ltr'>ἀνατέλλουσιν,</span> <span class='ocrx_word' id='word_1_330' title='bbox 3223 1709 3251 1761; x_wconf 97' lang='lat'><strong>6</strong></span> <span class='ocrx_word' id='word_1_331' title='bbox 3287 1725 3344 1760; x_wconf 90' lang='grc' dir='ltr'><strong>τε</strong></span> <span class='ocrx_word' id='word_1_332' title='bbox 3382 1708 3439 1760; x_wconf 85' lang='grc' dir='ltr'><strong>έν</strong></span> <span class='ocrx_word' id='word_1_333' title='bbox 3469 1706 3548 1776; x_wconf 88' lang='grc' dir='ltr'>τῷ</span> <span class='ocrx_word' id='word_1_334' title='bbox 3597 1705 3758 1774; x_wconf 76' lang='grc' dir='ltr'>δεειῷ</span> 
     </span>
    </p>
   </div>
   <div class='ocr_carea' id='block_1_46' title="bbox 2201 1796 3758 1872">
    <p class='ocr_par' dir='ltr' id='par_1_46' title="bbox 2201 1796 3758 1872">
     <span class='ocr_line' id='line_1_46' title="bbox 2201 1796 3758 1872; baseline -0.007 -13"><span class='ocrx_word' id='word_1_335' title='bbox 2201 1806 2319 1859; x_wconf 64' lang='grc' dir='ltr'>ποδὶ</span> <span class='ocrx_word' id='word_1_336' title='bbox 2347 1805 2440 1858; x_wconf 70' lang='grc' dir='ltr'><strong>καὶ</strong></span> <span class='ocrx_word' id='word_1_337' title='bbox 2465 1805 2492 1855; x_wconf 93' lang='lat'><strong>6</strong></span> <span class='ocrx_word' id='word_1_338' title='bbox 2525 1806 2580 1856; x_wconf 81' lang='grc' dir='ltr'>ὲν</span> <span class='ocrx_word' id='word_1_339' title='bbox 2612 1802 2686 1872; x_wconf 81' lang='grc' dir='ltr'>τῷ</span> <span class='ocrx_word' id='word_1_340' title='bbox 2706 1800 2860 1870; x_wconf 78' lang='grc' dir='ltr'>δεξιῷ</span> <span class='ocrx_word' id='word_1_341' title='bbox 2893 1801 3095 1868; x_wconf 81' lang='grc' dir='ltr'>γόνατι,</span> <span class='ocrx_word' id='word_1_342' title='bbox 3137 1800 3357 1868; x_wconf 79' lang='grc' dir='ltr'>ἔσχατος</span> <span class='ocrx_word' id='word_1_343' title='bbox 3385 1797 3441 1849; x_wconf 78' lang='grc' dir='ltr'><strong>δὲ</strong></span> <span class='ocrx_word' id='word_1_344' title='bbox 3470 1799 3498 1850; x_wconf 91' lang='lat'><strong>6</strong></span> <span class='ocrx_word' id='word_1_345' title='bbox 3531 1799 3588 1849; x_wconf 81' lang='grc' dir='ltr'><strong>ἐν</strong></span> <span class='ocrx_word' id='word_1_346' title='bbox 3609 1796 3758 1868; x_wconf 69' lang='grc' dir='ltr'>ἄκρα</span> 
     </span>
    </p>
   </div>
   <div class='ocr_carea' id='block_1_47' title="bbox 2199 1887 3759 1970">
    <p class='ocr_par' dir='ltr' id='par_1_47' title="bbox 2199 1887 3759 1970">
     <span class='ocr_line' id='line_1_47' title="bbox 2199 1887 3759 1970; baseline -0.009 -18"><span class='ocrx_word' id='word_1_347' title='bbox 2199 1901 2262 1970; x_wconf 77' lang='grc' dir='ltr'>τῇ</span> <span class='ocrx_word' id='word_1_348' title='bbox 2292 1897 2552 1970; x_wconf 81' lang='grc' dir='ltr'>ἀριστερᾷ</span> <span class='ocrx_word' id='word_1_349' title='bbox 2583 1896 2740 1966; x_wconf 78' lang='grc' dir='ltr'>χειρί.</span> <span class='ocrx_word' id='word_1_350' title='bbox 2786 1893 3121 1963; x_wconf 87' lang='grc' dir='ltr'>Μεσουρανεί</span> <span class='ocrx_word' id='word_1_351' title='bbox 3156 1891 3211 1942; x_wconf 84' lang='grc' dir='ltr'>δὲ</span> <span class='ocrx_word' id='word_1_352' title='bbox 3249 1890 3354 1942; x_wconf 83' lang='grc' dir='ltr'>τῶν</span> <span class='ocrx_word' id='word_1_353' title='bbox 3393 1887 3567 1941; x_wconf 82' lang='grc' dir='ltr'>ἄλλων</span> <span class='ocrx_word' id='word_1_354' title='bbox 3600 1887 3759 1939; x_wconf 75' lang='grc' dir='ltr'>ἀστέο</span> 
     </span>
    </p>
   </div>
   <div class='ocr_carea' id='block_1_48' title="bbox 2201 1979 3759 2062">
    <p class='ocr_par' dir='ltr' id='par_1_48' title="bbox 2201 1979 3759 2062">
     <span class='ocr_line' id='line_1_48' title="bbox 2201 1979 3759 2062; baseline -0.009 -18"><span class='ocrx_word' id='word_1_355' title='bbox 2201 2008 2330 2062; x_wconf 81' lang='grc' dir='ltr'>ρων,</span> <span class='ocrx_word' id='word_1_356' title='bbox 2384 1989 2757 2050; x_wconf 87' lang='grc' dir='ltr'>ἀνατέλλοντος</span> <span class='ocrx_word' id='word_1_357' title='bbox 2809 1985 2902 2038; x_wconf 81' lang='grc' dir='ltr'>τοῦ</span> <span class='ocrx_word' id='word_1_358' title='bbox 2943 1986 3031 2038; x_wconf 82' lang='grc' dir='ltr'>Ἐν</span> <span class='ocrx_word' id='word_1_359' title='bbox 3083 1982 3337 2052; x_wconf 82' lang='grc' dir='ltr'>γούνασι,</span> <span class='ocrx_word' id='word_1_360' title='bbox 3389 1981 3605 2051; x_wconf 82' lang='grc' dir='ltr'>πρῶτος</span> <span class='ocrx_word' id='word_1_361' title='bbox 3661 1979 3759 2050; x_wconf 82' lang='grc' dir='ltr'>μὲν</span> 
     </span>
    </p>
   </div>
   <div class='ocr_carea' id='block_1_49' title="bbox 2198 2065 3757 2145">
    <p class='ocr_par' dir='ltr' id='par_1_49' title="bbox 2198 2065 3757 2145">
     <span class='ocr_line' id='line_1_49' title="bbox 2198 2065 3757 2145; baseline -0.008 -11"><span class='ocrx_word' id='word_1_362' title='bbox 2198 2081 2302 2134; x_wconf 85' lang='grc' dir='ltr'><strong>τῶν</strong></span> <span class='ocrx_word' id='word_1_363' title='bbox 2335 2081 2390 2133; x_wconf 80' lang='grc' dir='ltr'>ὲν</span> <span class='ocrx_word' id='word_1_364' title='bbox 2417 2082 2526 2142; x_wconf 87' lang='grc' dir='ltr'>τοῖς</span> <span class='ocrx_word' id='word_1_365' title='bbox 2552 2077 2674 2130; x_wconf 70' lang='grc' dir='ltr'>ποσὶ</span> <span class='ocrx_word' id='word_1_366' title='bbox 2705 2075 2810 2128; x_wconf 78' lang='grc' dir='ltr'>τῶν</span> <span class='ocrx_word' id='word_1_367' title='bbox 2836 2065 3078 2145; x_wconf 77' lang='grc' dir='ltr'>Διδύμων</span> <span class='ocrx_word' id='word_1_368' title='bbox 3113 2073 3175 2136; x_wconf 89' lang='lat'><strong>6&#39;,</strong></span> <span class='ocrx_word' id='word_1_369' title='bbox 3201 2071 3491 2142; x_wconf 86' lang='grc' dir='ltr'>ὁδεύτερος</span> <span class='ocrx_word' id='word_1_370' title='bbox 3529 2071 3640 2123; x_wconf 63' lang='grc' dir='ltr'><strong>ἀπὸ</strong></span> <span class='ocrx_word' id='word_1_371' title='bbox 3665 2069 3757 2122; x_wconf 69' lang='grc' dir='ltr'>δύα</span> 
     </span>
    </p>
   </div>
   <div class='ocr_carea' id='block_1_50' title="bbox 2199 2161 3756 2241">
    <p class='ocr_par' dir='ltr' id='par_1_50' title="bbox 2199 2161 3756 2241">
     <span class='ocr_line' id='line_1_50' title="bbox 2199 2161 3756 2241; baseline -0.008 -16"><span class='ocrx_word' id='word_1_372' title='bbox 2199 2189 2353 2234; x_wconf 89' lang='grc' dir='ltr'>σεως,</span> <span class='ocrx_word' id='word_1_373' title='bbox 2389 2172 2610 2241; x_wconf 76' lang='grc' dir='ltr'>ἔσχατος</span> <span class='ocrx_word' id='word_1_374' title='bbox 2661 2169 2715 2221; x_wconf 78' lang='grc' dir='ltr'>δὲ</span> <span class='ocrx_word' id='word_1_375' title='bbox 2761 2166 2854 2220; x_wconf 83' lang='grc' dir='ltr'>τοῦ</span> <span class='ocrx_word' id='word_1_376' title='bbox 2901 2168 3122 2228; x_wconf 82' lang='grc' dir='ltr'>Λέοντος</span> <span class='ocrx_word' id='word_1_377' title='bbox 3152 2168 3180 2218; x_wconf 89' lang='lat'><strong>6</strong></span> <span class='ocrx_word' id='word_1_378' title='bbox 3223 2162 3537 2233; x_wconf 76' lang='grc' dir='ltr'>νοτιώτερος</span> <span class='ocrx_word' id='word_1_379' title='bbox 3568 2161 3680 2214; x_wconf 78' lang='grc' dir='ltr'><strong>τῶν</strong></span> <span class='ocrx_word' id='word_1_380' title='bbox 3714 2162 3756 2231; x_wconf 79' lang='grc' dir='ltr'><strong>β’</strong></span> 
     </span>
    </p>
   </div>
   <div class='ocr_carea' id='block_1_51' title="bbox 2197 2253 3753 2332">
    <p class='ocr_par' dir='ltr' id='par_1_51' title="bbox 2197 2253 3753 2332">
     <span class='ocr_line' id='line_1_51' title="bbox 2197 2253 3753 2332; baseline -0.004 -19"><span class='ocrx_word' id='word_1_381' title='bbox 2197 2262 2302 2313; x_wconf 80' lang='grc' dir='ltr'><strong>τῶν</strong></span> <span class='ocrx_word' id='word_1_382' title='bbox 2336 2262 2460 2332; x_wconf 77' lang='grc' dir='ltr'>περὶ</span> <span class='ocrx_word' id='word_1_383' title='bbox 2488 2260 2576 2312; x_wconf 73' lang='grc' dir='ltr'><strong>τὸν</strong></span> <span class='ocrx_word' id='word_1_384' title='bbox 2602 2259 2849 2331; x_wconf 76' lang='grc' dir='ltr'>λαμπρὸν</span> <span class='ocrx_word' id='word_1_385' title='bbox 2876 2258 2965 2310; x_wconf 77' lang='grc' dir='ltr'><strong>τὸν</strong></span> <span class='ocrx_word' id='word_1_386' title='bbox 2991 2258 3081 2309; x_wconf 71' lang='grc' dir='ltr'><strong>ἐπὶ</strong></span> <span class='ocrx_word' id='word_1_387' title='bbox 3119 2256 3215 2326; x_wconf 78' lang='grc' dir='ltr'>τῆς</span> <span class='ocrx_word' id='word_1_388' title='bbox 3245 2253 3444 2321; x_wconf 66' lang='grc' dir='ltr'>ὀσφύος</span> <span class='ocrx_word' id='word_1_389' title='bbox 3481 2253 3753 2322; x_wconf 79' lang='grc' dir='ltr'>κείμενον.</span> 
     </span>
    </p>
   </div>
   <div class='ocr_carea' id='block_1_52' title="bbox 2209 2345 3758 2417">
    <p class='ocr_par' dir='ltr' id='par_1_52' title="bbox 2209 2345 3758 2417">
     <span class='ocr_line' id='line_1_52' title="bbox 2209 2345 3758 2417; baseline -0.006 -13"><span class='ocrx_word' id='word_1_390' title='bbox 2209 2352 2504 2404; x_wconf 84' lang='grc' dir='ltr'>’Λνατέλλει</span> <span class='ocrx_word' id='word_1_391' title='bbox 2533 2351 2588 2403; x_wconf 74' lang='grc' dir='ltr'>δὲ</span> <span class='ocrx_word' id='word_1_392' title='bbox 2624 2353 2652 2403; x_wconf 90' lang='lat'><strong>6</strong></span> <span class='ocrx_word' id='word_1_393' title='bbox 2693 2351 2781 2401; x_wconf 83' lang='grc' dir='ltr'>Ἐν</span> <span class='ocrx_word' id='word_1_394' title='bbox 2814 2351 3061 2417; x_wconf 78' lang='grc' dir='ltr'>γούνασιν</span> <span class='ocrx_word' id='word_1_395' title='bbox 3115 2349 3171 2399; x_wconf 79' lang='grc' dir='ltr'><strong>ἐν</strong></span> <span class='ocrx_word' id='word_1_396' title='bbox 3199 2346 3368 2417; x_wconf 77' lang='grc' dir='ltr'>ὥραις</span> <span class='ocrx_word' id='word_1_397' title='bbox 3403 2345 3447 2398; x_wconf 89' lang='grc' dir='ltr'>δ’</span> <span class='ocrx_word' id='word_1_398' title='bbox 3490 2347 3584 2397; x_wconf 74' lang='grc' dir='ltr'>καὶ</span> <span class='ocrx_word' id='word_1_399' title='bbox 3607 2345 3758 2416; x_wconf 78' lang='grc' dir='ltr'>τρισὶ</span> 
     </span>
    </p>
   </div>
   <div class='ocr_carea' id='block_1_53' title="bbox 2200 2443 3008 2516">
    <p class='ocr_par' dir='ltr' id='par_1_53' title="bbox 2200 2443 3008 2516">
     <span class='ocr_line' id='line_1_53' title="bbox 2200 2443 3008 2516; baseline -0.002 -19"><span class='ocrx_word' id='word_1_400' title='bbox 2200 2461 2418 2516; x_wconf 79' lang='grc' dir='ltr'>πεμπτη</span> <span class='ocrx_word' id='word_1_401' title='bbox 2428 2445 2632 2516; x_wconf 80' lang='grc' dir='ltr'>μορίοις</span> <span class='ocrx_word' id='word_1_402' title='bbox 2663 2443 2736 2506; x_wconf 85' lang='grc' dir='ltr'>ὡς</span> <span class='ocrx_word' id='word_1_403' title='bbox 2765 2444 3008 2511; x_wconf 76' lang='grc' dir='ltr'>ἔγγιστα.</span> 
     </span>
    </p>
   </div>
   <div class='ocr_carea' id='block_1_54' title="bbox 2269 2553 3755 2627">
    <p class='ocr_par' dir='ltr' id='par_1_54' title="bbox 2269 2553 3755 2627">
     <span class='ocr_line' id='line_1_54' title="bbox 2269 2553 3755 2627; baseline -0.007 -13"><span class='ocrx_word' id='word_1_404' title='bbox 2269 2559 2351 2614; x_wconf 86' lang='grc' dir='ltr'>Κ’.</span> <span class='ocrx_word' id='word_1_405' title='bbox 2392 2558 2496 2612; x_wconf 76' lang='grc' dir='ltr'>Τοῦ</span> <span class='ocrx_word' id='word_1_406' title='bbox 2549 2558 2605 2611; x_wconf 81' lang='grc' dir='ltr'><strong>δὲ</strong></span> <span class='ocrx_word' id='word_1_407' title='bbox 2638 2557 2916 2627; x_wconf 82' lang='grc' dir='ltr'>Ὀφιούχου</span> <span class='ocrx_word' id='word_1_408' title='bbox 2950 2555 3342 2618; x_wconf 85' lang='grc' dir='ltr'>ἀνατέλλοντος,</span> <span class='ocrx_word' id='word_1_409' title='bbox 3381 2553 3755 2607; x_wconf 80' lang='grc' dir='ltr'>συνανατέλλει</span> 
     </span>
    </p>
   </div>
   <div class='ocr_carea' id='block_1_55' title="bbox 2205 2645 3756 2724">
    <p class='ocr_par' dir='ltr' id='par_1_55' title="bbox 2205 2645 3756 2724">
     <span class='ocr_line' id='line_1_55' title="bbox 2205 2645 3756 2724; baseline -0.006 -19"><span class='ocrx_word' id='word_1_410' title='bbox 2205 2653 2304 2724; x_wconf 80' lang='grc' dir='ltr'><strong>μὲν</strong></span> <span class='ocrx_word' id='word_1_411' title='bbox 2343 2654 2369 2704; x_wconf 94' lang='lat'><strong>6</strong></span> <span class='ocrx_word' id='word_1_412' title='bbox 2396 2649 2656 2714; x_wconf 75' lang='grc' dir='ltr'>ζωδιακὸς</span> <span class='ocrx_word' id='word_1_413' title='bbox 2682 2648 2788 2701; x_wconf 82' lang='grc' dir='ltr'>ἀπὸ</span> <span class='ocrx_word' id='word_1_414' title='bbox 2820 2648 3010 2718; x_wconf 83' lang='grc' dir='ltr'>Χηλῶν</span> <span class='ocrx_word' id='word_1_415' title='bbox 3054 2647 3097 2700; x_wconf 84' lang='grc' dir='ltr'>θ’</span> <span class='ocrx_word' id='word_1_416' title='bbox 3122 2648 3213 2700; x_wconf 73' lang='grc' dir='ltr'><strong>καὶ</strong></span> <span class='ocrx_word' id='word_1_417' title='bbox 3240 2653 3285 2698; x_wconf 83' lang='grc' dir='ltr'>κ’</span> <span class='ocrx_word' id='word_1_418' title='bbox 3312 2646 3420 2715; x_wconf 81' lang='grc' dir='ltr'>μοί.</span> <span class='ocrx_word' id='word_1_419' title='bbox 3451 2645 3555 2701; x_wconf 72' lang='grc' dir='ltr'><strong>ἕως</strong></span> <span class='ocrx_word' id='word_1_420' title='bbox 3590 2645 3756 2714; x_wconf 85' lang='grc' dir='ltr'>Σκορ-</span> 
     </span>
    </p>
   </div>
   <div class='ocr_carea' id='block_1_56' title="bbox 2208 2736 3754 2811">
    <p class='ocr_par' dir='ltr' id='par_1_56' title="bbox 2208 2736 3754 2811">
     <span class='ocr_line' id='line_1_56' title="bbox 2208 2736 3754 2811; baseline -0.005 -17"><span class='ocrx_word' id='word_1_421' title='bbox 2208 2743 2330 2794; x_wconf 78' lang='grc' dir='ltr'>πὶου</span> <span class='ocrx_word' id='word_1_422' title='bbox 2370 2740 2475 2811; x_wconf 77' lang='grc' dir='ltr'>μοί.</span> <span class='ocrx_word' id='word_1_423' title='bbox 2510 2746 2624 2808; x_wconf 85' lang='grc' dir='ltr'>κγ’·</span> <span class='ocrx_word' id='word_1_424' title='bbox 2678 2739 2997 2810; x_wconf 85' lang='grc' dir='ltr'>μεσουρανεῖ</span> <span class='ocrx_word' id='word_1_425' title='bbox 3038 2737 3094 2790; x_wconf 78' lang='grc' dir='ltr'>δὲ</span> <span class='ocrx_word' id='word_1_426' title='bbox 3142 2736 3246 2789; x_wconf 85' lang='grc' dir='ltr'><strong>ἀπὸ</strong></span> <span class='ocrx_word' id='word_1_427' title='bbox 3287 2736 3512 2797; x_wconf 85' lang='grc' dir='ltr'>Λέοντος</span> <span class='ocrx_word' id='word_1_428' title='bbox 3559 2741 3607 2802; x_wconf 88' lang='grc' dir='ltr'>γ’</span> <span class='ocrx_word' id='word_1_429' title='bbox 3643 2736 3754 2803; x_wconf 84' lang='grc' dir='ltr'>μοί.</span> 
     </span>
    </p>
   </div>
   <div class='ocr_carea' id='block_1_57' title="bbox 2199 2826 3755 2904">
    <p class='ocr_par' dir='ltr' id='par_1_57' title="bbox 2199 2826 3755 2904">
     <span class='ocr_line' id='line_1_57' title="bbox 2199 2826 3755 2904; baseline -0.007 -16"><span class='ocrx_word' id='word_1_430' title='bbox 2199 2836 2301 2899; x_wconf 76' lang='grc' dir='ltr'>ἓως</span> <span class='ocrx_word' id='word_1_431' title='bbox 2337 2833 2603 2904; x_wconf 79' lang='grc' dir='ltr'>Παρθένου</span> <span class='ocrx_word' id='word_1_432' title='bbox 2645 2831 2709 2884; x_wconf 85' lang='grc' dir='ltr'>λ’.</span> <span class='ocrx_word' id='word_1_433' title='bbox 2761 2832 2868 2883; x_wconf 74' lang='grc' dir='ltr'><strong>Καὶ</strong></span> <span class='ocrx_word' id='word_1_434' title='bbox 2903 2831 3105 2901; x_wconf 77' lang='grc' dir='ltr'>πρῶτοι</span> <span class='ocrx_word' id='word_1_435' title='bbox 3143 2828 3238 2899; x_wconf 87' lang='grc' dir='ltr'>μὲν</span> <span class='ocrx_word' id='word_1_436' title='bbox 3270 2828 3498 2898; x_wconf 82' lang='grc' dir='ltr'>ἀστέρες</span> <span class='ocrx_word' id='word_1_437' title='bbox 3529 2826 3755 2879; x_wconf 80' lang='grc' dir='ltr'>ἀνατέλ-</span> 
     </span>
    </p>
   </div>
   <div class='ocr_carea' id='block_1_58' title="bbox 2199 2917 3755 2993">
    <p class='ocr_par' dir='ltr' id='par_1_58' title="bbox 2199 2917 3755 2993">
     <span class='ocr_line' id='line_1_58' title="bbox 2199 2917 3755 2993; baseline -0.006 -14"><span class='ocrx_word' id='word_1_438' title='bbox 2199 2927 2344 2980; x_wconf 77' lang='grc' dir='ltr'>λουσι</span> <span class='ocrx_word' id='word_1_439' title='bbox 2369 2923 2462 2977; x_wconf 81' lang='grc' dir='ltr'>τοῦ</span> <span class='ocrx_word' id='word_1_440' title='bbox 2505 2923 2784 2993; x_wconf 81' lang='grc' dir='ltr'>Ὀφιούχου</span> <span class='ocrx_word' id='word_1_441' title='bbox 2815 2924 2864 2974; x_wconf 87' lang='grc' dir='ltr'>οἱ</span> <span class='ocrx_word' id='word_1_442' title='bbox 2910 2924 2966 2975; x_wconf 81' lang='grc' dir='ltr'>ὲν</span> <span class='ocrx_word' id='word_1_443' title='bbox 2996 2925 3062 2992; x_wconf 79' lang='grc' dir='ltr'>τῇ</span> <span class='ocrx_word' id='word_1_444' title='bbox 3105 2921 3368 2991; x_wconf 85' lang='grc' dir='ltr'>ἀριστερᾷ</span> <span class='ocrx_word' id='word_1_445' title='bbox 3410 2919 3588 2989; x_wconf 74' lang='grc' dir='ltr'>χειριο</span> <span class='ocrx_word' id='word_1_446' title='bbox 3623 2917 3755 2970; x_wconf 68' lang='grc' dir='ltr'>ἀλλὰ</span> 
     </span>
    </p>
   </div>
   <div class='ocr_carea' id='block_1_59' title="bbox 2205 3011 3753 3088">
    <p class='ocr_par' dir='ltr' id='par_1_59' title="bbox 2205 3011 3753 3088">
     <span class='ocr_line' id='line_1_59' title="bbox 2205 3011 3753 3088; baseline -0.005 -19"><span class='ocrx_word' id='word_1_447' title='bbox 2205 3018 2306 3088; x_wconf 67' lang='grc' dir='ltr'><strong>μὴν</strong></span> <span class='ocrx_word' id='word_1_448' title='bbox 2337 3017 2426 3070; x_wconf 74' lang='grc' dir='ltr'><strong>καὶ</strong></span> <span class='ocrx_word' id='word_1_449' title='bbox 2454 3016 2502 3068; x_wconf 76' lang='grc' dir='ltr'><strong>οἱ</strong></span> <span class='ocrx_word' id='word_1_450' title='bbox 2539 3015 2596 3067; x_wconf 82' lang='grc' dir='ltr'><strong>ὲν</strong></span> <span class='ocrx_word' id='word_1_451' title='bbox 2629 3014 2704 3084; x_wconf 83' lang='grc' dir='ltr'>τῷ</span> <span class='ocrx_word' id='word_1_452' title='bbox 2735 3017 2891 3084; x_wconf 69' lang='grc' dir='ltr'>Ὀφει</span> <span class='ocrx_word' id='word_1_453' title='bbox 2925 3014 3161 3083; x_wconf 75' lang='grc' dir='ltr'>κείμενοι</span> <span class='ocrx_word' id='word_1_454' title='bbox 3181 3031 3193 3044; x_wconf 72' lang='grc' dir='ltr'><strong>ο</strong></span> <span class='ocrx_word' id='word_1_455' title='bbox 3224 3013 3447 3082; x_wconf 74' lang='grc' dir='ltr'>ἔσχατος</span> <span class='ocrx_word' id='word_1_456' title='bbox 3484 3011 3543 3063; x_wconf 83' lang='grc' dir='ltr'>δὲ</span> <span class='ocrx_word' id='word_1_457' title='bbox 3567 3011 3677 3063; x_wconf 80' lang='grc' dir='ltr'>τῶν</span> <span class='ocrx_word' id='word_1_458' title='bbox 3701 3013 3753 3062; x_wconf 84' lang='grc' dir='ltr'><strong>έν</strong></span> 
     </span>
    </p>
   </div>
   <div class='ocr_carea' id='block_1_60' title="bbox 543 3100 2096 3181">
    <p class='ocr_par' dir='ltr' id='par_1_60' title="bbox 543 3100 2096 3172">
     <span class='ocr_line' id='line_1_60' title="bbox 543 3100 2096 3172; baseline -0.001 -14"><span class='ocrx_word' id='word_1_459' title='bbox 543 3103 739 3159; x_wconf 76' lang='lat' dir='ltr'><strong>dextro</strong></span> <span class='ocrx_word' id='word_1_460' title='bbox 772 3102 934 3172; x_wconf 84' lang='lat' dir='ltr'><strong>pede;</strong></span> <span class='ocrx_word' id='word_1_461' title='bbox 961 3101 1225 3155; x_wconf 89' lang='lat' dir='ltr'><strong>culminat</strong></span> <span class='ocrx_word' id='word_1_462' title='bbox 1248 3102 1395 3170; x_wconf 89' lang='lat' dir='ltr'><strong>prior</strong></span> <span class='ocrx_word' id='word_1_463' title='bbox 1423 3100 1602 3155; x_wconf 85' lang='lat' dir='ltr'><strong>lucida</strong></span> <span class='ocrx_word' id='word_1_464' title='bbox 1623 3117 1807 3156; x_wconf 86' lang='lat' dir='ltr'><strong>earum</strong></span> <span class='ocrx_word' id='word_1_465' title='bbox 1835 3119 1953 3172; x_wconf 71' lang='lat' dir='ltr'><strong>qua:</strong></span> <span class='ocrx_word' id='word_1_466' title='bbox 1972 3113 2096 3157; x_wconf 92' lang='lat' dir='ltr'><strong>sunt</strong></span> 
     </span>
    </p>
   </div>
   <div class='ocr_carea' id='block_1_61' title="bbox 2199 3100 3753 3181">
    <p class='ocr_par' dir='ltr' id='par_1_61' title="bbox 2199 3106 3753 3181">
     <span class='ocr_line' id='line_1_61' title="bbox 2199 3106 3753 3181; baseline -0.005 -18"><span class='ocrx_word' id='word_1_467' title='bbox 2199 3111 2273 3181; x_wconf 80' lang='grc' dir='ltr'>τῷ</span> <span class='ocrx_word' id='word_1_468' title='bbox 2297 3107 2450 3178; x_wconf 82' lang='grc' dir='ltr'>δεξιῷ</span> <span class='ocrx_word' id='word_1_469' title='bbox 2487 3107 2606 3160; x_wconf 81' lang='grc' dir='ltr'>ποδὶ</span> <span class='ocrx_word' id='word_1_470' title='bbox 2647 3107 2807 3161; x_wconf 72' lang='grc' dir='ltr'>αὑτοῦ</span> <span class='ocrx_word' id='word_1_471' title='bbox 2837 3107 2876 3160; x_wconf 82' lang='grc' dir='ltr'>δ’</span> <span class='ocrx_word' id='word_1_472' title='bbox 2914 3109 2942 3160; x_wconf 87' lang='lat'><strong>6</strong></span> <span class='ocrx_word' id='word_1_473' title='bbox 2974 3107 3016 3175; x_wconf 82' lang='grc' dir='ltr'><strong>β’</strong></span> <span class='ocrx_word' id='word_1_474' title='bbox 3046 3107 3151 3160; x_wconf 80' lang='grc' dir='ltr'><strong>ἀπὸ</strong></span> <span class='ocrx_word' id='word_1_475' title='bbox 3192 3106 3411 3167; x_wconf 77' lang='grc' dir='ltr'>δύσεως.</span> <span class='ocrx_word' id='word_1_476' title='bbox 3471 3106 3753 3174; x_wconf 82' lang='grc' dir='ltr'>Μεσουρα-</span> 
     </span>
    </p>
   </div>
   <div class='ocr_carea' id='block_1_62' title="bbox 546 3190 2099 3263">
    <p class='ocr_par' dir='ltr' id='par_1_62' title="bbox 546 3190 2099 3263">
     <span class='ocr_line' id='line_1_62' title="bbox 546 3190 2099 3263; baseline -0.001 -14"><span class='ocrx_word' id='word_1_477' title='bbox 546 3197 603 3249; x_wconf 85' lang='lat' dir='ltr'><strong>in</strong></span> <span class='ocrx_word' id='word_1_478' title='bbox 635 3195 795 3258; x_wconf 80' lang='lat' dir='ltr'><strong>collo,</strong></span> <span class='ocrx_word' id='word_1_479' title='bbox 838 3200 892 3247; x_wconf 88' lang='lat' dir='ltr'><strong>et</strong></span> <span class='ocrx_word' id='word_1_480' title='bbox 921 3201 1140 3262; x_wconf 89' lang='lat' dir='ltr'><strong>pectore</strong></span> <span class='ocrx_word' id='word_1_481' title='bbox 1159 3190 1376 3257; x_wconf 86' lang='lat' dir='ltr'><strong>Leonis,</strong></span> <span class='ocrx_word' id='word_1_482' title='bbox 1408 3207 1528 3260; x_wconf 74' lang='lat' dir='ltr'><strong>quae</strong></span> <span class='ocrx_word' id='word_1_483' title='bbox 1557 3197 1642 3246; x_wconf 82' lang='lat' dir='ltr'><strong>est</strong></span> <span class='ocrx_word' id='word_1_484' title='bbox 1671 3191 1739 3246; x_wconf 90' lang='lat' dir='ltr'><strong>ad</strong></span> <span class='ocrx_word' id='word_1_485' title='bbox 1770 3193 2099 3263; x_wconf 85' lang='lat' dir='ltr'><strong>septentrio-</strong></span> 
     </span>
    </p>
   </div>
   <div class='ocr_carea' id='block_1_63' title="bbox 550 3281 2097 3355">
    <p class='ocr_par' dir='ltr' id='par_1_63' title="bbox 550 3281 2097 3355">
     <span class='ocr_line' id='line_1_63' title="bbox 550 3281 2097 3355; baseline 0 -16"><span class='ocrx_word' id='word_1_486' title='bbox 550 3301 670 3340; x_wconf 88' lang='lat' dir='ltr'><strong>nem</strong></span> <span class='ocrx_word' id='word_1_487' title='bbox 702 3281 960 3346; x_wconf 90' lang='lat' dir='ltr'><strong>secunda,</strong></span> <span class='ocrx_word' id='word_1_488' title='bbox 1018 3281 1312 3336; x_wconf 82' lang='lat' dir='ltr'><strong>novissima</strong></span> <span class='ocrx_word' id='word_1_489' title='bbox 1364 3297 1512 3343; x_wconf 83' lang='lat' dir='ltr'><strong>vero,</strong></span> <span class='ocrx_word' id='word_1_490' title='bbox 1563 3298 1682 3352; x_wconf 63' lang='lat' dir='ltr'><strong>quae</strong></span> <span class='ocrx_word' id='word_1_491' title='bbox 1712 3285 1764 3338; x_wconf 91' lang='lat' dir='ltr'><strong>in</strong></span> <span class='ocrx_word' id='word_1_492' title='bbox 1797 3286 1972 3355; x_wconf 87' lang='lat' dir='ltr'><strong>capite</strong></span> <span class='ocrx_word' id='word_1_493' title='bbox 2014 3295 2097 3341; x_wconf 88' lang='lat' dir='ltr'><strong>est</strong></span> 
     </span>
    </p>
   </div>
   <div class='ocr_carea' id='block_1_64' title="bbox 542 3372 1744 3444">
    <p class='ocr_par' dir='ltr' id='par_1_64' title="bbox 542 3372 1744 3444">
     <span class='ocr_line' id='line_1_64' title="bbox 542 3372 1744 3444; baseline -0.002 -12"><span class='ocrx_word' id='word_1_494' title='bbox 542 3377 729 3432; x_wconf 77' lang='lat' dir='ltr'><strong>Corvi.</strong></span> <span class='ocrx_word' id='word_1_495' title='bbox 757 3374 940 3430; x_wconf 89' lang='lat' dir='ltr'><strong>Oritur</strong></span> <span class='ocrx_word' id='word_1_496' title='bbox 972 3373 1298 3444; x_wconf 87' lang='lat' dir='ltr'><strong>Ophiuchus</strong></span> <span class='ocrx_word' id='word_1_497' title='bbox 1337 3372 1486 3428; x_wconf 84' lang='lat' dir='ltr'><strong>horis</strong></span> <span class='ocrx_word' id='word_1_498' title='bbox 1515 3373 1744 3430; x_wconf 89' lang='lat' dir='ltr'><strong>duabus.</strong></span> 
     </span>
    </p>
   </div>
   <div class='ocr_carea' id='block_1_65' title="bbox 619 3572 2096 3644">
    <p class='ocr_par' dir='ltr' id='par_1_65' title="bbox 619 3572 2096 3644">
     <span class='ocr_line' id='line_1_65' title="bbox 619 3572 2096 3644; baseline 0.006 -19"><span class='ocrx_word' id='word_1_499' title='bbox 619 3572 752 3626; x_wconf 84' lang='lat' dir='ltr'><strong>Cum</strong></span> <span class='ocrx_word' id='word_1_500' title='bbox 789 3581 1061 3642; x_wconf 87' lang='lat' dir='ltr'><strong>serpente,</strong></span> <span class='ocrx_word' id='word_1_501' title='bbox 1088 3589 1245 3643; x_wconf 88' lang='lat' dir='ltr'><strong>quem</strong></span> <span class='ocrx_word' id='word_1_502' title='bbox 1267 3573 1594 3644; x_wconf 86' lang='lat' dir='ltr'><strong>Ophiuchus</strong></span> <span class='ocrx_word' id='word_1_503' title='bbox 1616 3583 1782 3637; x_wconf 85' lang='lat' dir='ltr'><strong>tenet.</strong></span> <span class='ocrx_word' id='word_1_504' title='bbox 1811 3579 1986 3634; x_wconf 88' lang='lat' dir='ltr'><strong>oritur</strong></span> <span class='ocrx_word' id='word_1_505' title='bbox 2009 3596 2096 3634; x_wconf 82' lang='lat' dir='ltr'><strong>ar-</strong></span> 
     </span>
    </p>
   </div>
   <div class='ocr_carea' id='block_1_66' title="bbox 544 3665 2090 3742">
    <p class='ocr_par' dir='ltr' id='par_1_66' title="bbox 544 3665 2090 3742">
     <span class='ocr_line' id='line_1_66' title="bbox 544 3665 2090 3742; baseline 0.007 -24"><span class='ocrx_word' id='word_1_506' title='bbox 544 3682 647 3719; x_wconf 79' lang='lat' dir='ltr'><strong>cus</strong></span> <span class='ocrx_word' id='word_1_507' title='bbox 679 3665 883 3719; x_wconf 86' lang='lat' dir='ltr'><strong>zodiaci</strong></span> <span class='ocrx_word' id='word_1_508' title='bbox 905 3666 974 3721; x_wconf 90' lang='lat' dir='ltr'><strong>ab</strong></span> <span class='ocrx_word' id='word_1_509' title='bbox 1000 3666 1032 3720; x_wconf 93' lang='lat'><strong>8</strong></span> <span class='ocrx_word' id='word_1_510' title='bbox 1063 3675 1211 3735; x_wconf 89' lang='lat' dir='ltr'><strong>parte</strong></span> <span class='ocrx_word' id='word_1_511' title='bbox 1237 3669 1526 3724; x_wconf 88' lang='lat' dir='ltr'><strong>Chelarum</strong></span> <span class='ocrx_word' id='word_1_512' title='bbox 1548 3687 1719 3740; x_wconf 74' lang='lat' dir='ltr'><strong>usque</strong></span> <span class='ocrx_word' id='word_1_513' title='bbox 1746 3674 1810 3725; x_wconf 84' lang='lat' dir='ltr'><strong>ad</strong></span> <span class='ocrx_word' id='word_1_514' title='bbox 1835 3682 2039 3742; x_wconf 84' lang='lat' dir='ltr'><strong>partem</strong></span> <span class='ocrx_word' id='word_1_515' title='bbox 2066 3676 2090 3729; x_wconf 79' lang='grc'><strong>1</strong></span> 
     </span>
    </p>
   </div>
   <div class='ocr_carea' id='block_1_67' title="bbox 550 3756 2097 3829">
    <p class='ocr_par' dir='ltr' id='par_1_67' title="bbox 550 3756 2097 3829">
     <span class='ocr_line' id='line_1_67' title="bbox 550 3756 2097 3829; baseline 0.007 -20"><span class='ocrx_word' id='word_1_516' title='bbox 550 3756 784 3810; x_wconf 86' lang='lat' dir='ltr'><strong>mediam</strong></span> <span class='ocrx_word' id='word_1_517' title='bbox 833 3757 1130 3829; x_wconf 80' lang='lat' dir='ltr'><strong>Sagittarii.</strong></span> <span class='ocrx_word' id='word_1_518' title='bbox 1160 3759 1436 3817; x_wconf 89' lang='lat' dir='ltr'><strong>Culminat</strong></span> <span class='ocrx_word' id='word_1_519' title='bbox 1482 3763 1550 3817; x_wconf 82' lang='lat' dir='ltr'><strong>ab</strong></span> <span class='ocrx_word' id='word_1_520' title='bbox 1591 3763 1625 3817; x_wconf 89' lang='lat'>8</span> <span class='ocrx_word' id='word_1_521' title='bbox 1673 3763 1846 3818; x_wconf 89' lang='lat' dir='ltr'><strong>media</strong></span> <span class='ocrx_word' id='word_1_522' title='bbox 1901 3767 2097 3822; x_wconf 87' lang='lat' dir='ltr'><strong>Cancri</strong></span> 
     </span>
    </p>
   </div>
   <div class='ocr_carea' id='block_1_68' title="bbox 545 3848 2096 3926">
    <p class='ocr_par' dir='ltr' id='par_1_68' title="bbox 545 3848 2096 3926">
     <span class='ocr_line' id='line_1_68' title="bbox 545 3848 2096 3926; baseline 0.009 -26"><span class='ocrx_word' id='word_1_523' title='bbox 545 3848 618 3901; x_wconf 82' lang='lat' dir='ltr'><strong>ad</strong></span> <span class='ocrx_word' id='word_1_524' title='bbox 662 3848 897 3918; x_wconf 74' lang='lat' dir='ltr'><strong>Virginis</strong></span> <span class='ocrx_word' id='word_1_525' title='bbox 941 3851 1028 3904; x_wconf 75' lang='lat' dir='ltr'><strong>H.</strong></span> <span class='ocrx_word' id='word_1_526' title='bbox 1064 3849 1243 3905; x_wconf 87' lang='lat' dir='ltr'><strong>Prima</strong></span> <span class='ocrx_word' id='word_1_527' title='bbox 1275 3856 1552 3924; x_wconf 82' lang='lat' dir='ltr'><strong>consurgit</strong></span> <span class='ocrx_word' id='word_1_528' title='bbox 1593 3856 1744 3911; x_wconf 86' lang='lat' dir='ltr'><strong>stella</strong></span> <span class='ocrx_word' id='word_1_529' title='bbox 1789 3859 2096 3926; x_wconf 61' lang='lat' dir='ltr'><strong>praeceden-</strong></span> 
     </span>
    </p>
   </div>
   <div class='ocr_carea' id='block_1_69' title="bbox 550 3940 2092 4016">
    <p class='ocr_par' dir='ltr' id='par_1_69' title="bbox 550 3940 2092 4016">
     <span class='ocr_line' id='line_1_69' title="bbox 550 3940 2092 4016; baseline 0.006 -22"><span class='ocrx_word' id='word_1_530' title='bbox 550 3941 684 3994; x_wconf 91' lang='lat' dir='ltr'><strong>tium</strong></span> <span class='ocrx_word' id='word_1_531' title='bbox 713 3940 998 4005; x_wconf 84' lang='lat' dir='ltr'><strong>borealior,</strong></span> <span class='ocrx_word' id='word_1_532' title='bbox 1031 3958 1150 4012; x_wconf 66' lang='lat' dir='ltr'><strong>quae</strong></span> <span class='ocrx_word' id='word_1_533' title='bbox 1182 3944 1236 3998; x_wconf 91' lang='lat' dir='ltr'><strong>in</strong></span> <span class='ocrx_word' id='word_1_534' title='bbox 1269 3944 1440 4015; x_wconf 90' lang='lat' dir='ltr'><strong>ipsius</strong></span> <span class='ocrx_word' id='word_1_535' title='bbox 1470 3947 1646 4016; x_wconf 87' lang='lat' dir='ltr'><strong>capite</strong></span> <span class='ocrx_word' id='word_1_536' title='bbox 1680 3956 1838 4012; x_wconf 91' lang='lat' dir='ltr'><strong>sunt;</strong></span> <span class='ocrx_word' id='word_1_537' title='bbox 1885 3950 2092 4015; x_wconf 88' lang='lat' dir='ltr'><strong>ultima,</strong></span> 
     </span>
    </p>
   </div>
   <div class='ocr_carea' id='block_1_70' title="bbox 545 4035 2097 4112">
    <p class='ocr_par' dir='ltr' id='par_1_70' title="bbox 545 4035 2097 4112">
     <span class='ocr_line' id='line_1_70' title="bbox 545 4035 2097 4112; baseline 0.006 -26"><span class='ocrx_word' id='word_1_538' title='bbox 545 4050 670 4103; x_wconf 63' lang='lat' dir='ltr'><strong>qua;</strong></span> <span class='ocrx_word' id='word_1_539' title='bbox 695 4042 776 4088; x_wconf 89' lang='lat' dir='ltr'><strong>est</strong></span> <span class='ocrx_word' id='word_1_540' title='bbox 827 4035 883 4087; x_wconf 89' lang='lat' dir='ltr'><strong>in</strong></span> <span class='ocrx_word' id='word_1_541' title='bbox 932 4043 1168 4090; x_wconf 78' lang='lat' dir='ltr'><strong>extrema</strong></span> <span class='ocrx_word' id='word_1_542' title='bbox 1219 4037 1411 4092; x_wconf 85' lang='lat' dir='ltr'><strong>cauda.</strong></span> <span class='ocrx_word' id='word_1_543' title='bbox 1445 4037 1718 4094; x_wconf 89' lang='lat' dir='ltr'><strong>Culminat</strong></span> <span class='ocrx_word' id='word_1_544' title='bbox 1757 4042 1906 4112; x_wconf 86' lang='lat' dir='ltr'><strong>prior</strong></span> <span class='ocrx_word' id='word_1_545' title='bbox 1944 4043 2097 4097; x_wconf 85' lang='lat' dir='ltr'><strong>stella</strong></span> 
     </span>
    </p>
   </div>
   <div class='ocr_carea' id='block_1_71' title="bbox 547 4125 2096 4202">
    <p class='ocr_par' dir='ltr' id='par_1_71' title="bbox 547 4125 2096 4202">
     <span class='ocr_line' id='line_1_71' title="bbox 547 4125 2096 4202; baseline 0.005 -24"><span class='ocrx_word' id='word_1_546' title='bbox 547 4125 753 4188; x_wconf 78' lang='lat' dir='ltr'><strong>tucida,</strong></span> <span class='ocrx_word' id='word_1_547' title='bbox 789 4140 909 4194; x_wconf 65' lang='lat' dir='ltr'><strong>qua!</strong></span> <span class='ocrx_word' id='word_1_548' title='bbox 949 4136 1031 4182; x_wconf 90' lang='lat' dir='ltr'><strong>est</strong></span> <span class='ocrx_word' id='word_1_549' title='bbox 1060 4127 1114 4180; x_wconf 92' lang='lat' dir='ltr'><strong>in</strong></span> <span class='ocrx_word' id='word_1_550' title='bbox 1141 4130 1479 4184; x_wconf 74' lang='lat' dir='ltr'><strong>extremitate</strong></span> <span class='ocrx_word' id='word_1_551' title='bbox 1506 4131 1704 4202; x_wconf 85' lang='lat' dir='ltr'><strong>Argus,</strong></span> <span class='ocrx_word' id='word_1_552' title='bbox 1739 4133 2096 4188; x_wconf 81' lang='lat' dir='ltr'><strong>semicubitali</strong></span> 
     </span>
    </p>
   </div>
   <div class='ocr_carea' id='block_1_72' title="bbox 547 4217 2099 4294">
    <p class='ocr_par' dir='ltr' id='par_1_72' title="bbox 547 4217 2099 4294">
     <span class='ocr_line' id='line_1_72' title="bbox 547 4217 2099 4294; baseline 0.005 -22"><span class='ocrx_word' id='word_1_553' title='bbox 547 4219 728 4286; x_wconf 84' lang='lat' dir='ltr'><strong>spatio</strong></span> <span class='ocrx_word' id='word_1_554' title='bbox 761 4217 982 4271; x_wconf 86' lang='lat' dir='ltr'><strong>circiter</strong></span> <span class='ocrx_word' id='word_1_555' title='bbox 1009 4217 1220 4272; x_wconf 89' lang='lat' dir='ltr'><strong>distans</strong></span> <span class='ocrx_word' id='word_1_556' title='bbox 1248 4234 1279 4273; x_wconf 85' lang='lat' dir='ltr'><strong>a</strong></span> <span class='ocrx_word' id='word_1_557' title='bbox 1312 4221 1630 4289; x_wconf 90' lang='lat' dir='ltr'><strong>meridiano,</strong></span> <span class='ocrx_word' id='word_1_558' title='bbox 1654 4234 1958 4294; x_wconf 89' lang='lat' dir='ltr'><strong>postremus</strong></span> <span class='ocrx_word' id='word_1_559' title='bbox 1983 4226 2099 4280; x_wconf 86' lang='lat' dir='ltr'><strong>cul-</strong></span> 
     </span>
    </p>
   </div>
   <div class='ocr_carea' id='block_1_73' title="bbox 551 4307 2095 4385">
    <p class='ocr_par' dir='ltr' id='par_1_73' title="bbox 551 4307 2095 4385">
     <span class='ocr_line' id='line_1_73' title="bbox 551 4307 2095 4385; baseline 0.006 -24"><span class='ocrx_word' id='word_1_560' title='bbox 551 4310 722 4362; x_wconf 80' lang='lat' dir='ltr'><strong>Ininat</strong></span> <span class='ocrx_word' id='word_1_561' title='bbox 753 4307 1144 4372; x_wconf 81' lang='lat' dir='ltr'><strong>Vindemiator,</strong></span> <span class='ocrx_word' id='word_1_562' title='bbox 1182 4317 1236 4363; x_wconf 88' lang='lat' dir='ltr'><strong>et</strong></span> <span class='ocrx_word' id='word_1_563' title='bbox 1268 4310 1537 4366; x_wconf 84' lang='lat' dir='ltr'><strong>borealior</strong></span> <span class='ocrx_word' id='word_1_564' title='bbox 1562 4313 1820 4368; x_wconf 85' lang='lat' dir='ltr'><strong>humerus</strong></span> <span class='ocrx_word' id='word_1_565' title='bbox 1838 4313 2095 4385; x_wconf 76' lang='lat' dir='ltr'><strong>Virginis,</strong></span> 
     </span>
    </p>
   </div>
   <div class='ocr_carea' id='block_1_74' title="bbox 549 4399 2093 4469">
    <p class='ocr_par' dir='ltr' id='par_1_74' title="bbox 549 4399 2093 4469">
     <span class='ocr_line' id='line_1_74' title="bbox 549 4399 2093 4469; baseline 0.005 -16"><span class='ocrx_word' id='word_1_566' title='bbox 549 4407 780 4469; x_wconf 85' lang='lat' dir='ltr'><strong>utraque</strong></span> <span class='ocrx_word' id='word_1_567' title='bbox 825 4401 979 4454; x_wconf 78' lang='lat' dir='ltr'><strong>stella</strong></span> <span class='ocrx_word' id='word_1_568' title='bbox 1030 4400 1334 4454; x_wconf 86' lang='lat' dir='ltr'><strong>semicubiti</strong></span> <span class='ocrx_word' id='word_1_569' title='bbox 1377 4399 1489 4456; x_wconf 78' lang='lat' dir='ltr'><strong>fere</strong></span> <span class='ocrx_word' id='word_1_570' title='bbox 1543 4403 1825 4458; x_wconf 73' lang='lat' dir='ltr'><strong>intervallo</strong></span> <span class='ocrx_word' id='word_1_571' title='bbox 1865 4405 2032 4461; x_wconf 84' lang='lat' dir='ltr'><strong>distat</strong></span> <span class='ocrx_word' id='word_1_572' title='bbox 2065 4423 2093 4460; x_wconf 83' lang='lat' dir='ltr'><strong>a</strong></span> 
     </span>
    </p>
   </div>
   <div class='ocr_carea' id='block_1_75' title="bbox 547 4490 1720 4565">
    <p class='ocr_par' dir='ltr' id='par_1_75' title="bbox 547 4490 1720 4565">
     <span class='ocr_line' id='line_1_75' title="bbox 547 4490 1720 4565; baseline 0.006 -23"><span class='ocrx_word' id='word_1_573' title='bbox 547 4491 871 4545; x_wconf 81' lang='lat' dir='ltr'><strong>meridiano.</strong></span> <span class='ocrx_word' id='word_1_574' title='bbox 902 4490 1087 4546; x_wconf 85' lang='lat' dir='ltr'><strong>Oritur</strong></span> <span class='ocrx_word' id='word_1_575' title='bbox 1127 4506 1350 4560; x_wconf 88' lang='lat' dir='ltr'><strong>serpens</strong></span> <span class='ocrx_word' id='word_1_576' title='bbox 1373 4492 1573 4547; x_wconf 62' lang='lat' dir='ltr'><strong>horis‘</strong></span> <span class='ocrx_word' id='word_1_577' title='bbox 1603 4495 1720 4565; x_wconf 74' lang='lat' dir='ltr'><strong>l/2.</strong></span> 
     </span>
    </p>
   </div>
   <div class='ocr_carea' id='block_1_76' title="bbox 613 4795 2096 4868">
    <p class='ocr_par' dir='ltr' id='par_1_76' title="bbox 613 4795 2096 4868">
     <span class='ocr_line' id='line_1_76' title="bbox 613 4795 2096 4868; baseline 0.002 -18"><span class='ocrx_word' id='word_1_578' title='bbox 613 4799 832 4852; x_wconf 84' lang='lat' dir='ltr'><strong>Oriente</strong></span> <span class='ocrx_word' id='word_1_579' title='bbox 865 4795 1027 4868; x_wconf 87' lang='lat' dir='ltr'><strong>Lyra,</strong></span> <span class='ocrx_word' id='word_1_580' title='bbox 1069 4811 1194 4851; x_wconf 91' lang='lat' dir='ltr'><strong>cum</strong></span> <span class='ocrx_word' id='word_1_581' title='bbox 1249 4812 1310 4850; x_wconf 88' lang='lat' dir='ltr'><strong>ea</strong></span> <span class='ocrx_word' id='word_1_582' title='bbox 1350 4795 1554 4850; x_wconf 76' lang='lat' dir='ltr'><strong>zodiaci</strong></span> <span class='ocrx_word' id='word_1_583' title='bbox 1605 4812 1764 4853; x_wconf 88' lang='lat' dir='ltr'><strong>arcus</strong></span> <span class='ocrx_word' id='word_1_584' title='bbox 1797 4799 2040 4854; x_wconf 85' lang='lat' dir='ltr'><strong>ascendit</strong></span> <span class='ocrx_word' id='word_1_585' title='bbox 2067 4817 2096 4853; x_wconf 91' lang='lat' dir='ltr'><strong>a</strong></span> 
     </span>
    </p>
   </div>
   <div class='ocr_carea' id='block_1_77' title="bbox 553 4886 2099 4959">
    <p class='ocr_par' dir='ltr' id='par_1_77' title="bbox 553 4886 2099 4959">
     <span class='ocr_line' id='line_1_77' title="bbox 553 4886 2099 4959; baseline 0.003 -18"><span class='ocrx_word' id='word_1_586' title='bbox 553 4891 720 4959; x_wconf 81' lang='lat' dir='ltr'><strong>gradu</strong></span> <span class='ocrx_word' id='word_1_587' title='bbox 754 4905 895 4942; x_wconf 86' lang='lat' dir='ltr'><strong>nono</strong></span> <span class='ocrx_word' id='word_1_588' title='bbox 923 4887 1098 4942; x_wconf 84' lang='lat' dir='ltr'><strong>medio</strong></span> <span class='ocrx_word' id='word_1_589' title='bbox 1134 4886 1341 4958; x_wconf 86' lang='lat' dir='ltr'><strong>Scorpii</strong></span> <span class='ocrx_word' id='word_1_590' title='bbox 1388 4904 1564 4958; x_wconf 86' lang='lat' dir='ltr'><strong>usque</strong></span> <span class='ocrx_word' id='word_1_591' title='bbox 1594 4890 1657 4942; x_wconf 82' lang='lat' dir='ltr'><strong>ad</strong></span> <span class='ocrx_word' id='word_1_592' title='bbox 1705 4889 1803 4955; x_wconf 71' lang='lat'><strong>18;</strong></span> <span class='ocrx_word' id='word_1_593' title='bbox 1839 4891 2099 4945; x_wconf 89' lang='lat' dir='ltr'><strong>culminat</strong></span> 
     </span>
    </p>
   </div>
   <div class='ocr_carea' id='block_1_78' title="bbox 550 4979 2097 5049">
    <p class='ocr_par' dir='ltr' id='par_1_78' title="bbox 550 4979 2097 5049">
     <span class='ocr_line' id='line_1_78' title="bbox 550 4979 2097 5049; baseline 0.001 -15"><span class='ocrx_word' id='word_1_594' title='bbox 550 4997 578 5034; x_wconf 85' lang='lat' dir='ltr'><strong>a</strong></span> <span class='ocrx_word' id='word_1_595' title='bbox 639 4979 815 5035; x_wconf 87' lang='lat' dir='ltr'><strong>medio</strong></span> <span class='ocrx_word' id='word_1_596' title='bbox 867 4980 932 5035; x_wconf 74' lang='grc'><strong>15</strong></span> <span class='ocrx_word' id='word_1_597' title='bbox 989 4979 1184 5035; x_wconf 87' lang='lat' dir='ltr'><strong>Leonis</strong></span> <span class='ocrx_word' id='word_1_598' title='bbox 1235 4996 1406 5049; x_wconf 77' lang='lat' dir='ltr'><strong>usque</strong></span> <span class='ocrx_word' id='word_1_599' title='bbox 1450 4979 1516 5033; x_wconf 90' lang='lat' dir='ltr'><strong>ad</strong></span> <span class='ocrx_word' id='word_1_600' title='bbox 1565 4980 1653 5035; x_wconf 74' lang='lat'><strong>26.</strong></span> <span class='ocrx_word' id='word_1_601' title='bbox 1692 4979 1870 5036; x_wconf 90' lang='lat' dir='ltr'><strong>Prima</strong></span> <span class='ocrx_word' id='word_1_602' title='bbox 1927 4985 2097 5036; x_wconf 89' lang='lat' dir='ltr'><strong>oritur</strong></span> 
     </span>
    </p>
   </div>
   <div class='ocr_carea' id='block_1_79' title="bbox 550 5070 2098 5140">
    <p class='ocr_par' dir='ltr' id='par_1_79' title="bbox 550 5070 2098 5140">
     <span class='ocr_line' id='line_1_79' title="bbox 550 5070 2098 5140; baseline 0.004 -18"><span class='ocrx_word' id='word_1_603' title='bbox 550 5071 704 5140; x_wconf 70' lang='lat' dir='ltr'><strong>Lyra:</strong></span> <span class='ocrx_word' id='word_1_604' title='bbox 727 5070 901 5132; x_wconf 85' lang='lat' dir='ltr'><strong>stella,</strong></span> <span class='ocrx_word' id='word_1_605' title='bbox 932 5085 1051 5139; x_wconf 71' lang='lat' dir='ltr'><strong>qua:</strong></span> <span class='ocrx_word' id='word_1_606' title='bbox 1097 5085 1128 5123; x_wconf 87' lang='lat' dir='ltr'><strong>a</strong></span> <span class='ocrx_word' id='word_1_607' title='bbox 1171 5070 1536 5138; x_wconf 86' lang='lat' dir='ltr'><strong>septentrione</strong></span> <span class='ocrx_word' id='word_1_608' title='bbox 1582 5071 1792 5139; x_wconf 86' lang='lat' dir='ltr'><strong>adjacet</strong></span> <span class='ocrx_word' id='word_1_609' title='bbox 1829 5073 2098 5128; x_wconf 81' lang='lat' dir='ltr'><strong>lucidissi-</strong></span> 
     </span>
    </p>
   </div>
   <div class='ocr_carea' id='block_1_80' title="bbox 554 5163 2095 5234">
    <p class='ocr_par' dir='ltr' id='par_1_80' title="bbox 554 5163 2095 5234">
     <span class='ocr_line' id='line_1_80' title="bbox 554 5163 2095 5234; baseline 0.002 -17"><span class='ocrx_word' id='word_1_610' title='bbox 554 5180 680 5224; x_wconf 70' lang='lat' dir='ltr'><strong>maz;</strong></span> <span class='ocrx_word' id='word_1_611' title='bbox 716 5164 904 5217; x_wconf 83' lang='lat' dir='ltr'><strong>ultima</strong></span> <span class='ocrx_word' id='word_1_612' title='bbox 933 5178 1080 5226; x_wconf 82' lang='lat' dir='ltr'><strong>vero.</strong></span> <span class='ocrx_word' id='word_1_613' title='bbox 1114 5163 1178 5218; x_wconf 90' lang='lat' dir='ltr'><strong>de</strong></span> <span class='ocrx_word' id='word_1_614' title='bbox 1216 5165 1428 5220; x_wconf 81' lang='lat' dir='ltr'><strong>duabus</strong></span> <span class='ocrx_word' id='word_1_615' title='bbox 1471 5164 1687 5228; x_wconf 82' lang='lat' dir='ltr'><strong>lucidis,</strong></span> <span class='ocrx_word' id='word_1_616' title='bbox 1725 5181 1844 5234; x_wconf 68' lang='lat' dir='ltr'><strong>quae</strong></span> <span class='ocrx_word' id='word_1_617' title='bbox 1880 5165 1935 5218; x_wconf 89' lang='lat' dir='ltr'><strong>in</strong></span> <span class='ocrx_word' id='word_1_618' title='bbox 1977 5167 2095 5234; x_wconf 84' lang='lat' dir='ltr'><strong>ejus</strong></span> 
     </span>
    </p>
   </div>
   <div class='ocr_carea' id='block_1_81' title="bbox 547 5255 2097 5325">
    <p class='ocr_par' dir='ltr' id='par_1_81' title="bbox 547 5255 2097 5325">
     <span class='ocr_line' id='line_1_81' title="bbox 547 5255 2097 5325; baseline 0.001 -17"><span class='ocrx_word' id='word_1_619' title='bbox 547 5256 678 5324; x_wconf 84' lang='lat' dir='ltr'><strong>jugo</strong></span> <span class='ocrx_word' id='word_1_620' title='bbox 709 5265 862 5318; x_wconf 88' lang='lat' dir='ltr'><strong>sunt,</strong></span> <span class='ocrx_word' id='word_1_621' title='bbox 896 5270 1018 5325; x_wconf 71' lang='lat' dir='ltr'><strong>qua:</strong></span> <span class='ocrx_word' id='word_1_622' title='bbox 1044 5264 1126 5310; x_wconf 90' lang='lat' dir='ltr'><strong>est</strong></span> <span class='ocrx_word' id='word_1_623' title='bbox 1178 5255 1245 5308; x_wconf 86' lang='lat' dir='ltr'><strong>ad</strong></span> <span class='ocrx_word' id='word_1_624' title='bbox 1297 5257 1580 5310; x_wconf 88' lang='lat' dir='ltr'><strong>orientem.</strong></span> <span class='ocrx_word' id='word_1_625' title='bbox 1632 5256 1787 5310; x_wconf 89' lang='lat' dir='ltr'><strong>Prior</strong></span> <span class='ocrx_word' id='word_1_626' title='bbox 1837 5257 2097 5311; x_wconf 84' lang='lat' dir='ltr'><strong>culminat</strong></span> 
     </span>
    </p>
   </div>
   <div class='ocr_carea' id='block_1_82' title="bbox 551 5344 2092 5416">
    <p class='ocr_par' dir='ltr' id='par_1_82' title="bbox 551 5344 2092 5416">
     <span class='ocr_line' id='line_1_82' title="bbox 551 5344 2092 5416; baseline 0.003 -19"><span class='ocrx_word' id='word_1_627' title='bbox 551 5346 809 5400; x_wconf 85' lang='lat' dir='ltr'><strong>australis</strong></span> <span class='ocrx_word' id='word_1_628' title='bbox 844 5344 1245 5416; x_wconf 88' lang='lat' dir='ltr'><strong>splendidarum</strong></span> <span class='ocrx_word' id='word_1_629' title='bbox 1294 5345 1522 5399; x_wconf 83' lang='lat' dir='ltr'><strong>duarum</strong></span> <span class='ocrx_word' id='word_1_630' title='bbox 1582 5345 1634 5399; x_wconf 91' lang='lat' dir='ltr'><strong>in</strong></span> <span class='ocrx_word' id='word_1_631' title='bbox 1667 5347 1848 5400; x_wconf 91' lang='lat' dir='ltr'><strong>lumbo</strong></span> <span class='ocrx_word' id='word_1_632' title='bbox 1876 5345 2092 5409; x_wconf 86' lang='lat' dir='ltr'><strong>Leonis,</strong></span> 
     </span>
    </p>
   </div>
   <div class='ocr_carea' id='block_1_83' title="bbox 549 5437 2092 5508">
    <p class='ocr_par' dir='ltr' id='par_1_83' title="bbox 549 5437 2092 5508">
     <span class='ocr_line' id='line_1_83' title="bbox 549 5437 2092 5508; baseline 0.003 -18"><span class='ocrx_word' id='word_1_633' title='bbox 549 5437 760 5499; x_wconf 86' lang='lat' dir='ltr'><strong>ultima,</strong></span> <span class='ocrx_word' id='word_1_634' title='bbox 785 5454 902 5508; x_wconf 68' lang='lat' dir='ltr'><strong>qua:</strong></span> <span class='ocrx_word' id='word_1_635' title='bbox 925 5439 979 5492; x_wconf 89' lang='lat' dir='ltr'><strong>in</strong></span> <span class='ocrx_word' id='word_1_636' title='bbox 1005 5438 1175 5492; x_wconf 79' lang='lat' dir='ltr'><strong>cauda</strong></span> <span class='ocrx_word' id='word_1_637' title='bbox 1212 5437 1406 5492; x_wconf 82' lang='lat' dir='ltr'><strong>Leonis</strong></span> <span class='ocrx_word' id='word_1_638' title='bbox 1427 5445 1510 5492; x_wconf 91' lang='lat' dir='ltr'><strong>est</strong></span> <span class='ocrx_word' id='word_1_639' title='bbox 1561 5439 1740 5492; x_wconf 90' lang='lat' dir='ltr'><strong>lucida</strong></span> <span class='ocrx_word' id='word_1_640' title='bbox 1768 5458 1781 5493; x_wconf 88' lang='lat'><strong>:</strong></span> <span class='ocrx_word' id='word_1_641' title='bbox 1809 5448 1862 5492; x_wconf 75' lang='lat' dir='ltr'><strong>et</strong></span> <span class='ocrx_word' id='word_1_642' title='bbox 1894 5455 2013 5508; x_wconf 59' lang='lat' dir='ltr'><strong>qua</strong></span> <span class='ocrx_word' id='word_1_643' title='bbox 2039 5441 2092 5494; x_wconf 91' lang='lat' dir='ltr'><strong>in</strong></span> 
     </span>
    </p>
   </div>
   <div class='ocr_carea' id='block_1_84' title="bbox 547 5527 2094 5600">
    <p class='ocr_par' dir='ltr' id='par_1_84' title="bbox 547 5527 2094 5600">
     <span class='ocr_line' id='line_1_84' title="bbox 547 5527 2094 5600; baseline 0.001 -17"><span class='ocrx_word' id='word_1_644' title='bbox 547 5539 789 5583; x_wconf 74' lang='lat' dir='ltr'><strong>extrema</strong></span> <span class='ocrx_word' id='word_1_645' title='bbox 839 5531 1061 5584; x_wconf 88' lang='lat' dir='ltr'><strong>sinistra</strong></span> <span class='ocrx_word' id='word_1_646' title='bbox 1099 5527 1338 5600; x_wconf 84' lang='lat' dir='ltr'><strong>Virginis</strong></span> <span class='ocrx_word' id='word_1_647' title='bbox 1368 5531 1450 5584; x_wconf 87' lang='lat' dir='ltr'><strong>ala</strong></span> <span class='ocrx_word' id='word_1_648' title='bbox 1499 5533 1872 5586; x_wconf 74' lang='lat' dir='ltr'><strong>semicubitale</strong></span> <span class='ocrx_word' id='word_1_649' title='bbox 1929 5532 2094 5588; x_wconf 88' lang='lat' dir='ltr'><strong>inter-</strong></span> 
     </span>
    </p>
   </div>
   <div class='ocr_carea' id='block_1_85' title="bbox 615 5708 1600 5782">
    <p class='ocr_par' dir='ltr' id='par_1_85' title="bbox 615 5708 1600 5782">
     <span class='ocr_line' id='line_1_85' title="bbox 615 5708 1600 5782; baseline -0.004 -20"><span class='ocrx_word' id='word_1_650' title='bbox 615 5709 754 5782; x_wconf 56' lang='lat' dir='ltr'><strong>f’rp.</strong></span> <span class='ocrx_word' id='word_1_651' title='bbox 785 5708 1127 5780; x_wconf 72' lang='grc' dir='ltr'>ἐμπροσθίοις</span> <span class='ocrx_word' id='word_1_652' title='bbox 1161 5708 1305 5761; x_wconf 70' lang='grc' dir='ltr'>δυσὶν</span> <span class='ocrx_word' id='word_1_653' title='bbox 1346 5708 1600 5778; x_wconf 68' lang='grc' dir='ltr'>ἄστροισιν</span> 
     </span>
    </p>
   </div>
   <div class='ocr_carea' id='block_1_86' title="bbox 2199 3196 3749 3274">
    <p class='ocr_par' dir='ltr' id='par_1_86' title="bbox 2199 3196 3749 3274">
     <span class='ocr_line' id='line_1_86' title="bbox 2199 3196 3749 3274; baseline -0.006 -17"><span class='ocrx_word' id='word_1_654' title='bbox 2199 3207 2281 3257; x_wconf 83' lang='grc' dir='ltr'>νεῖ</span> <span class='ocrx_word' id='word_1_655' title='bbox 2310 3203 2364 3256; x_wconf 87' lang='grc' dir='ltr'>δὲ</span> <span class='ocrx_word' id='word_1_656' title='bbox 2389 3203 2562 3274; x_wconf 80' lang='grc' dir='ltr'>ἀστὴρ</span> <span class='ocrx_word' id='word_1_657' title='bbox 2596 3207 2642 3254; x_wconf 83' lang='grc' dir='ltr'>α’</span> <span class='ocrx_word' id='word_1_658' title='bbox 2675 3200 2771 3269; x_wconf 83' lang='grc' dir='ltr'><strong>μὲν</strong></span> <span class='ocrx_word' id='word_1_659' title='bbox 2813 3201 2841 3252; x_wconf 94' lang='lat'><strong>6</strong></span> <span class='ocrx_word' id='word_1_660' title='bbox 2875 3198 2980 3252; x_wconf 85' lang='grc' dir='ltr'>τῶν</span> <span class='ocrx_word' id='word_1_661' title='bbox 3015 3201 3070 3252; x_wconf 83' lang='grc' dir='ltr'>ὲν</span> <span class='ocrx_word' id='word_1_662' title='bbox 3105 3198 3182 3268; x_wconf 79' lang='grc' dir='ltr'>τῷ</span> <span class='ocrx_word' id='word_1_663' title='bbox 3209 3196 3458 3268; x_wconf 77' lang='grc' dir='ltr'>τραχήλῳ</span> <span class='ocrx_word' id='word_1_664' title='bbox 3498 3198 3595 3249; x_wconf 67' lang='grc' dir='ltr'><strong>καὶ</strong></span> <span class='ocrx_word' id='word_1_665' title='bbox 3626 3199 3749 3267; x_wconf 79' lang='grc' dir='ltr'>στή-</span> 
     </span>
    </p>
   </div>
   <div class='ocr_carea' id='block_1_87' title="bbox 2198 3290 3749 3362">
    <p class='ocr_par' dir='ltr' id='par_1_87' title="bbox 2198 3290 3749 3362">
     <span class='ocr_line' id='line_1_87' title="bbox 2198 3290 3749 3362; baseline -0.005 -13"><span class='ocrx_word' id='word_1_666' title='bbox 2198 3295 2280 3348; x_wconf 87' lang='grc' dir='ltr'><strong>θει</strong></span> <span class='ocrx_word' id='word_1_667' title='bbox 2305 3295 2397 3348; x_wconf 79' lang='grc' dir='ltr'><strong>τού</strong></span> <span class='ocrx_word' id='word_1_668' title='bbox 2424 3295 2645 3358; x_wconf 83' lang='grc' dir='ltr'>Λέοντος</span> <span class='ocrx_word' id='word_1_669' title='bbox 2689 3291 2934 3362; x_wconf 78' lang='grc' dir='ltr'>λαμπρὸς</span> <span class='ocrx_word' id='word_1_670' title='bbox 2965 3292 2992 3342; x_wconf 90' lang='lat'><strong>6</strong></span> <span class='ocrx_word' id='word_1_671' title='bbox 3021 3290 3064 3361; x_wconf 84' lang='grc' dir='ltr'><strong>β’</strong></span> <span class='ocrx_word' id='word_1_672' title='bbox 3109 3291 3202 3343; x_wconf 82' lang='grc' dir='ltr'>ἀπ’</span> <span class='ocrx_word' id='word_1_673' title='bbox 3235 3291 3488 3361; x_wconf 81' lang='grc' dir='ltr'>Ἀρκτου,</span> <span class='ocrx_word' id='word_1_674' title='bbox 3527 3290 3749 3360; x_wconf 78' lang='grc' dir='ltr'>ἔσχατος</span> 
     </span>
    </p>
   </div>
   <div class='ocr_carea' id='block_1_88' title="bbox 2197 3380 3752 3454">
    <p class='ocr_par' dir='ltr' id='par_1_88' title="bbox 2197 3380 3752 3454">
     <span class='ocr_line' id='line_1_88' title="bbox 2197 3380 3752 3454; baseline -0.004 -16"><span class='ocrx_word' id='word_1_675' title='bbox 2197 3385 2253 3438; x_wconf 79' lang='grc' dir='ltr'>δὲ</span> <span class='ocrx_word' id='word_1_676' title='bbox 2300 3387 2328 3437; x_wconf 88' lang='lat'><strong>6</strong></span> <span class='ocrx_word' id='word_1_677' title='bbox 2381 3387 2438 3437; x_wconf 80' lang='grc' dir='ltr'><strong>ἐν</strong></span> <span class='ocrx_word' id='word_1_678' title='bbox 2480 3387 2542 3454; x_wconf 80' lang='grc' dir='ltr'>τῇ</span> <span class='ocrx_word' id='word_1_679' title='bbox 2574 3383 2778 3453; x_wconf 67' lang='grc' dir='ltr'>κεφαλῇ</span> <span class='ocrx_word' id='word_1_680' title='bbox 2829 3381 2921 3434; x_wconf 78' lang='grc' dir='ltr'><strong>τού</strong></span> <span class='ocrx_word' id='word_1_681' title='bbox 2961 3382 3228 3452; x_wconf 83' lang='grc' dir='ltr'>Κόρακος.</span> <span class='ocrx_word' id='word_1_682' title='bbox 3269 3380 3576 3434; x_wconf 77' lang='grc' dir='ltr'>’Δνατέλλει</span> <span class='ocrx_word' id='word_1_683' title='bbox 3624 3383 3680 3433; x_wconf 87' lang='grc' dir='ltr'><strong>δὲ</strong></span> <span class='ocrx_word' id='word_1_684' title='bbox 3725 3384 3752 3433; x_wconf 86' lang='lat'><strong>6</strong></span> 
     </span>
    </p>
   </div>
   <div class='ocr_carea' id='block_1_89' title="bbox 2210 3474 2922 3547">
    <p class='ocr_par' dir='ltr' id='par_1_89' title="bbox 2210 3474 2922 3547">
     <span class='ocr_line' id='line_1_89' title="bbox 2210 3474 2922 3547; baseline -0.007 -16"><span class='ocrx_word' id='word_1_685' title='bbox 2210 3477 2484 3547; x_wconf 78' lang='grc' dir='ltr'>Ὀφιοῦχος</span> <span class='ocrx_word' id='word_1_686' title='bbox 2505 3479 2563 3528; x_wconf 84' lang='grc' dir='ltr'><strong>ὲν</strong></span> <span class='ocrx_word' id='word_1_687' title='bbox 2596 3475 2762 3547; x_wconf 85' lang='grc' dir='ltr'>ὥραις</span> <span class='ocrx_word' id='word_1_688' title='bbox 2785 3474 2810 3529; x_wconf 78' lang='grc' dir='ltr'><strong>δ</strong></span> <span class='ocrx_word' id='word_1_689' title='bbox 2834 3474 2922 3526; x_wconf 50' lang='lat' dir='ltr'><strong>xci.</strong></span> 
     </span>
    </p>
   </div>
   <div class='ocr_carea' id='block_1_90' title="bbox 2267 3585 3747 3657">
    <p class='ocr_par' dir='ltr' id='par_1_90' title="bbox 2267 3585 3747 3657">
     <span class='ocr_line' id='line_1_90' title="bbox 2267 3585 3747 3657; baseline -0.001 -16"><span class='ocrx_word' id='word_1_690' title='bbox 2267 3589 2372 3643; x_wconf 81' lang='grc' dir='ltr'><strong>Τοῦ</strong></span> <span class='ocrx_word' id='word_1_691' title='bbox 2400 3589 2456 3642; x_wconf 83' lang='grc' dir='ltr'>δὲ</span> <span class='ocrx_word' id='word_1_692' title='bbox 2494 3591 2722 3657; x_wconf 64' lang='grc' dir='ltr'>Ὄφεως,</span> <span class='ocrx_word' id='word_1_693' title='bbox 2755 3587 2812 3640; x_wconf 76' lang='grc' dir='ltr'>ὃν</span> <span class='ocrx_word' id='word_1_694' title='bbox 2842 3587 2952 3657; x_wconf 76' lang='grc' dir='ltr'>ἔχει</span> <span class='ocrx_word' id='word_1_695' title='bbox 2971 3588 2999 3640; x_wconf 91' lang='lat'><strong>6</strong></span> <span class='ocrx_word' id='word_1_696' title='bbox 3027 3585 3320 3657; x_wconf 79' lang='grc' dir='ltr'>Ὀφιοῦχος,</span> <span class='ocrx_word' id='word_1_697' title='bbox 3347 3586 3747 3650; x_wconf 78' lang='grc' dir='ltr'>ἀνατέλλοντος,</span> 
     </span>
    </p>
   </div>
   <div class='ocr_carea' id='block_1_91' title="bbox 2199 3678 3745 3750">
    <p class='ocr_par' dir='ltr' id='par_1_91' title="bbox 2199 3678 3745 3750">
     <span class='ocr_line' id='line_1_91' title="bbox 2199 3678 3745 3750; baseline -0.002 -16"><span class='ocrx_word' id='word_1_698' title='bbox 2199 3679 2570 3734; x_wconf 71' lang='grc' dir='ltr'>ωνανατέλλει</span> <span class='ocrx_word' id='word_1_699' title='bbox 2619 3680 2716 3750; x_wconf 80' lang='grc' dir='ltr'><strong>μὲν</strong></span> <span class='ocrx_word' id='word_1_700' title='bbox 2747 3678 2894 3749; x_wconf 80' lang='grc' dir='ltr'>αύτῷ</span> <span class='ocrx_word' id='word_1_701' title='bbox 2925 3683 2952 3733; x_wconf 93' lang='lat'><strong>6</strong></span> <span class='ocrx_word' id='word_1_702' title='bbox 2977 3678 3236 3743; x_wconf 80' lang='grc' dir='ltr'>ζωδιακὸς</span> <span class='ocrx_word' id='word_1_703' title='bbox 3265 3679 3375 3732; x_wconf 82' lang='grc' dir='ltr'><strong>ἀπὸ</strong></span> <span class='ocrx_word' id='word_1_704' title='bbox 3411 3679 3611 3749; x_wconf 80' lang='grc' dir='ltr'>Χηλῶν</span> <span class='ocrx_word' id='word_1_705' title='bbox 3641 3679 3745 3750; x_wconf 69' lang='grc' dir='ltr'>μοι.</span> 
     </span>
    </p>
   </div>
   <div class='ocr_carea' id='block_1_92' title="bbox 2197 3771 3747 3844">
    <p class='ocr_par' dir='ltr' id='par_1_92' title="bbox 2197 3771 3747 3844">
     <span class='ocr_line' id='line_1_92' title="bbox 2197 3771 3747 3844; baseline -0.001 -19"><span class='ocrx_word' id='word_1_706' title='bbox 2197 3781 2244 3844; x_wconf 84' lang='grc' dir='ltr'>η’</span> <span class='ocrx_word' id='word_1_707' title='bbox 2267 3773 2370 3836; x_wconf 70' lang='grc' dir='ltr'><strong>ἕως</strong></span> <span class='ocrx_word' id='word_1_708' title='bbox 2403 3771 2628 3836; x_wconf 84' lang='grc' dir='ltr'>Τοξότου</span> <span class='ocrx_word' id='word_1_709' title='bbox 2661 3773 2768 3841; x_wconf 85' lang='grc' dir='ltr'>μοί.</span> <span class='ocrx_word' id='word_1_710' title='bbox 2805 3779 2851 3824; x_wconf 86' lang='grc' dir='ltr'>α’</span> <span class='ocrx_word' id='word_1_711' title='bbox 2887 3772 3056 3842; x_wconf 85' lang='grc' dir='ltr'>μέσης</span> <span class='ocrx_word' id='word_1_712' title='bbox 3086 3787 3095 3795; x_wconf 90' lang='grc'><strong>·</strong></span> <span class='ocrx_word' id='word_1_713' title='bbox 3130 3775 3454 3841; x_wconf 83' lang='grc' dir='ltr'>μεσουρανεί</span> <span class='ocrx_word' id='word_1_714' title='bbox 3489 3772 3546 3824; x_wconf 79' lang='grc' dir='ltr'>δὲ</span> <span class='ocrx_word' id='word_1_715' title='bbox 3585 3775 3614 3825; x_wconf 90' lang='lat'><strong>6</strong></span> <span class='ocrx_word' id='word_1_716' title='bbox 3645 3773 3747 3824; x_wconf 79' lang='grc' dir='ltr'>ἀπὸ</span> 
     </span>
    </p>
   </div>
   <div class='ocr_carea' id='block_1_93' title="bbox 2198 3857 3748 3934">
    <p class='ocr_par' dir='ltr' id='par_1_93' title="bbox 2198 3857 3748 3934">
     <span class='ocr_line' id='line_1_93' title="bbox 2198 3857 3748 3934; baseline -0.004 -18"><span class='ocrx_word' id='word_1_717' title='bbox 2198 3861 2468 3934; x_wconf 78' lang='grc' dir='ltr'>Καρκίνου</span> <span class='ocrx_word' id='word_1_718' title='bbox 2510 3867 2557 3931; x_wconf 89' lang='grc' dir='ltr'>η’</span> <span class='ocrx_word' id='word_1_719' title='bbox 2608 3861 2776 3931; x_wconf 69' lang='grc' dir='ltr'>μέσης</span> <span class='ocrx_word' id='word_1_720' title='bbox 2825 3860 2926 3923; x_wconf 74' lang='grc' dir='ltr'>ἓως</span> <span class='ocrx_word' id='word_1_721' title='bbox 2972 3859 3245 3930; x_wconf 84' lang='grc' dir='ltr'>Παρθένου</span> <span class='ocrx_word' id='word_1_722' title='bbox 3297 3857 3374 3910; x_wconf 82' lang='grc' dir='ltr'>ιδ’.</span> <span class='ocrx_word' id='word_1_723' title='bbox 3417 3859 3528 3910; x_wconf 75' lang='grc' dir='ltr'><strong>Καὶ</strong></span> <span class='ocrx_word' id='word_1_724' title='bbox 3573 3866 3620 3911; x_wconf 86' lang='grc' dir='ltr'>α’</span> <span class='ocrx_word' id='word_1_725' title='bbox 3658 3860 3748 3929; x_wconf 79' lang='grc' dir='ltr'><strong>μὲν</strong></span> 
     </span>
    </p>
   </div>
   <div class='ocr_carea' id='block_1_94' title="bbox 2198 3950 3748 4023">
    <p class='ocr_par' dir='ltr' id='par_1_94' title="bbox 2198 3950 3748 4023">
     <span class='ocr_line' id='line_1_94' title="bbox 2198 3950 3748 4023; baseline -0.003 -16"><span class='ocrx_word' id='word_1_726' title='bbox 2198 3952 2369 4023; x_wconf 82' lang='grc' dir='ltr'>ἀστὴρ</span> <span class='ocrx_word' id='word_1_727' title='bbox 2399 3951 2672 4005; x_wconf 85' lang='grc' dir='ltr'>ἀνατέλλει</span> <span class='ocrx_word' id='word_1_728' title='bbox 2700 3950 2805 4004; x_wconf 73' lang='grc' dir='ltr'><strong>τῶν</strong></span> <span class='ocrx_word' id='word_1_729' title='bbox 2831 3956 2888 4004; x_wconf 82' lang='grc' dir='ltr'><strong>ἐν</strong></span> <span class='ocrx_word' id='word_1_730' title='bbox 2912 3955 2976 4022; x_wconf 79' lang='grc' dir='ltr'>τῇ</span> <span class='ocrx_word' id='word_1_731' title='bbox 3009 3951 3213 4021; x_wconf 73' lang='grc' dir='ltr'>κεφαλῇ</span> <span class='ocrx_word' id='word_1_732' title='bbox 3239 3951 3400 4004; x_wconf 72' lang='grc' dir='ltr'>αὑτοῦ</span> <span class='ocrx_word' id='word_1_733' title='bbox 3429 3954 3457 4005; x_wconf 94' lang='lat'><strong>6</strong></span> <span class='ocrx_word' id='word_1_734' title='bbox 3488 3951 3748 4021; x_wconf 74' lang='grc' dir='ltr'>βορῑιότε-</span> 
     </span>
    </p>
   </div>
   <div class='ocr_carea' id='block_1_95' title="bbox 2200 4042 3742 4113">
    <p class='ocr_par' dir='ltr' id='par_1_95' title="bbox 2200 4042 3742 4113">
     <span class='ocr_line' id='line_1_95' title="bbox 2200 4042 3742 4113; baseline -0.001 -18"><span class='ocrx_word' id='word_1_735' title='bbox 2200 4060 2290 4113; x_wconf 86' lang='grc' dir='ltr'><strong>ρος</strong></span> <span class='ocrx_word' id='word_1_736' title='bbox 2321 4043 2426 4095; x_wconf 83' lang='grc' dir='ltr'><strong>τῶν</strong></span> <span class='ocrx_word' id='word_1_737' title='bbox 2461 4042 2793 4112; x_wconf 82' lang='grc' dir='ltr'>ἡγουμένων.</span> <span class='ocrx_word' id='word_1_738' title='bbox 2827 4043 3047 4112; x_wconf 77' lang='grc' dir='ltr'>ἔσχατος</span> <span class='ocrx_word' id='word_1_739' title='bbox 3075 4042 3129 4094; x_wconf 84' lang='grc' dir='ltr'>δὲ</span> <span class='ocrx_word' id='word_1_740' title='bbox 3171 4045 3197 4096; x_wconf 89' lang='lat'><strong>6</strong></span> <span class='ocrx_word' id='word_1_741' title='bbox 3231 4043 3288 4093; x_wconf 80' lang='grc' dir='ltr'><strong>ἐν</strong></span> <span class='ocrx_word' id='word_1_742' title='bbox 3327 4043 3470 4113; x_wconf 75' lang='grc' dir='ltr'>ἄκρᾳ</span> <span class='ocrx_word' id='word_1_743' title='bbox 3593 4044 3742 4113; x_wconf 79' lang='grc' dir='ltr'>ούρᾷ.</span> 
     </span>
    </p>
   </div>
   <div class='ocr_carea' id='block_1_96' title="bbox 2198 4135 3742 4206">
    <p class='ocr_par' dir='ltr' id='par_1_96' title="bbox 2198 4135 3742 4206">
     <span class='ocr_line' id='line_1_96' title="bbox 2198 4135 3742 4206; baseline -0.002 -18"><span class='ocrx_word' id='word_1_744' title='bbox 2198 4137 2530 4206; x_wconf 79' lang='grc' dir='ltr'>Μεσουρανεῖ</span> <span class='ocrx_word' id='word_1_745' title='bbox 2558 4135 2626 4201; x_wconf 33' lang='grc' dir='ltr'><strong>,δὲ</strong></span> <span class='ocrx_word' id='word_1_746' title='bbox 2671 4136 2842 4206; x_wconf 77' lang='grc' dir='ltr'>ἀστὴρ</span> <span class='ocrx_word' id='word_1_747' title='bbox 2875 4141 2920 4186; x_wconf 81' lang='grc' dir='ltr'>α’</span> <span class='ocrx_word' id='word_1_748' title='bbox 2964 4135 3060 4204; x_wconf 79' lang='grc' dir='ltr'><strong>μὲν</strong></span> <span class='ocrx_word' id='word_1_749' title='bbox 3095 4138 3150 4187; x_wconf 75' lang='grc' dir='ltr'>ἐν</span> <span class='ocrx_word' id='word_1_750' title='bbox 3184 4135 3258 4204; x_wconf 82' lang='grc' dir='ltr'>τῷ</span> <span class='ocrx_word' id='word_1_751' title='bbox 3289 4136 3615 4206; x_wconf 76' lang='grc' dir='ltr'>ἁκροστολίῳ</span> <span class='ocrx_word' id='word_1_752' title='bbox 3648 4136 3742 4203; x_wconf 83' lang='grc' dir='ltr'>τῆς</span> 
     </span>
    </p>
   </div>
   <div class='ocr_carea' id='block_1_97' title="bbox 2210 4226 3739 4298">
    <p class='ocr_par' dir='ltr' id='par_1_97' title="bbox 2210 4226 3739 4298">
     <span class='ocr_line' id='line_1_97' title="bbox 2210 4226 3739 4298; baseline 0 -20"><span class='ocrx_word' id='word_1_753' title='bbox 2210 4226 2434 4298; x_wconf 78' lang='grc' dir='ltr'>Ἀργοῦς</span> <span class='ocrx_word' id='word_1_754' title='bbox 2490 4227 2764 4296; x_wconf 84' lang='grc' dir='ltr'>λαμπρὸς,</span> <span class='ocrx_word' id='word_1_755' title='bbox 2823 4226 2896 4289; x_wconf 81' lang='grc' dir='ltr'>ὡς</span> <span class='ocrx_word' id='word_1_756' title='bbox 2962 4227 3258 4296; x_wconf 76' lang='grc' dir='ltr'>ἡμιπήχιον</span> <span class='ocrx_word' id='word_1_757' title='bbox 3321 4226 3739 4293; x_wconf 77' lang='grc' dir='ltr'>ἀπολειπόμενος</span> 
     </span>
    </p>
   </div>
   <div class='ocr_carea' id='block_1_98' title="bbox 2197 4316 3741 4388">
    <p class='ocr_par' dir='ltr' id='par_1_98' title="bbox 2197 4316 3741 4388">
     <span class='ocr_line' id='line_1_98' title="bbox 2197 4316 3741 4388; baseline 0 -19"><span class='ocrx_word' id='word_1_758' title='bbox 2197 4318 2292 4370; x_wconf 78' lang='grc' dir='ltr'>τοῦ</span> <span class='ocrx_word' id='word_1_759' title='bbox 2334 4316 2719 4388; x_wconf 75' lang='grc' dir='ltr'>μεσημϐρινοῦ,</span> <span class='ocrx_word' id='word_1_760' title='bbox 2741 4317 2956 4387; x_wconf 78' lang='grc' dir='ltr'>ἔσχατος</span> <span class='ocrx_word' id='word_1_761' title='bbox 2988 4317 3043 4370; x_wconf 84' lang='grc' dir='ltr'>δὲ</span> <span class='ocrx_word' id='word_1_762' title='bbox 3073 4317 3099 4369; x_wconf 89' lang='lat'><strong>6</strong></span> <span class='ocrx_word' id='word_1_763' title='bbox 3131 4333 3187 4368; x_wconf 89' lang='grc' dir='ltr'><strong>τε</strong></span> <span class='ocrx_word' id='word_1_764' title='bbox 3217 4316 3612 4388; x_wconf 72' lang='grc' dir='ltr'>Προτρυγητὴρ,</span> <span class='ocrx_word' id='word_1_765' title='bbox 3646 4319 3741 4369; x_wconf 79' lang='grc' dir='ltr'><strong>καὶ</strong></span> 
     </span>
    </p>
   </div>
   <div class='ocr_carea' id='block_1_99' title="bbox 2198 4401 3742 4478">
    <p class='ocr_par' dir='ltr' id='par_1_99' title="bbox 2198 4401 3742 4478">
     <span class='ocr_line' id='line_1_99' title="bbox 2198 4401 3742 4478; baseline -0.002 -16"><span class='ocrx_word' id='word_1_766' title='bbox 2198 4412 2225 4462; x_wconf 84' lang='lat'><strong>6</strong></span> <span class='ocrx_word' id='word_1_767' title='bbox 2263 4408 2588 4478; x_wconf 78' lang='grc' dir='ltr'>βορειότερος</span> <span class='ocrx_word' id='word_1_768' title='bbox 2612 4401 2756 4477; x_wconf 80' lang='grc' dir='ltr'>ὦμος</span> <span class='ocrx_word' id='word_1_769' title='bbox 2781 4406 2878 4475; x_wconf 80' lang='grc' dir='ltr'>τῆς</span> <span class='ocrx_word' id='word_1_770' title='bbox 2904 4406 3196 4478; x_wconf 85' lang='grc' dir='ltr'>Παρθένου,</span> <span class='ocrx_word' id='word_1_771' title='bbox 3224 4408 3300 4469; x_wconf 83' lang='grc' dir='ltr'><strong>ὡς</strong></span> <span class='ocrx_word' id='word_1_772' title='bbox 3338 4408 3590 4476; x_wconf 52' lang='grc' dir='ltr'>πηχυαῖον</span> <span class='ocrx_word' id='word_1_773' title='bbox 3627 4406 3742 4459; x_wconf 79' lang='grc' dir='ltr'>διὰ-</span> 
     </span>
    </p>
   </div>
   <div class='ocr_carea' id='block_1_100' title="bbox 2200 4497 3744 4572">
    <p class='ocr_par' dir='ltr' id='par_1_100' title="bbox 2200 4497 3744 4572">
     <span class='ocr_line' id='line_1_100' title="bbox 2200 4497 3744 4572; baseline -0.001 -18"><span class='ocrx_word' id='word_1_774' title='bbox 2200 4519 2374 4572; x_wconf 87' lang='grc' dir='ltr'>στημα</span> <span class='ocrx_word' id='word_1_775' title='bbox 2423 4501 2515 4554; x_wconf 81' lang='grc' dir='ltr'>τοῦ</span> <span class='ocrx_word' id='word_1_776' title='bbox 2565 4498 2928 4571; x_wconf 77' lang='grc' dir='ltr'>μεσημϐρινοῦ</span> <span class='ocrx_word' id='word_1_777' title='bbox 2986 4497 3435 4568; x_wconf 78' lang='grc' dir='ltr'>ὑπολελειμμένος</span> <span class='ocrx_word' id='word_1_778' title='bbox 3492 4499 3744 4568; x_wconf 73' lang='grc' dir='ltr'>ἑκάτερος</span> 
     </span>
    </p>
   </div>
   <div class='ocr_carea' id='block_1_101' title="bbox 2193 4589 3745 4661">
    <p class='ocr_par' dir='ltr' id='par_1_101' title="bbox 2193 4589 3745 4661">
     <span class='ocr_line' id='line_1_101' title="bbox 2193 4589 3745 4661; baseline -0.001 -15"><span class='ocrx_word' id='word_1_779' title='bbox 2193 4593 2392 4646; x_wconf 78' lang='grc' dir='ltr'>αὐτῶν.</span> <span class='ocrx_word' id='word_1_780' title='bbox 2444 4592 2742 4646; x_wconf 79' lang='grc' dir='ltr'>’Δνατέλλει</span> <span class='ocrx_word' id='word_1_781' title='bbox 2775 4592 2831 4644; x_wconf 81' lang='grc' dir='ltr'>δὲ</span> <span class='ocrx_word' id='word_1_782' title='bbox 2880 4593 2908 4642; x_wconf 91' lang='lat'><strong>6</strong></span> <span class='ocrx_word' id='word_1_783' title='bbox 2948 4592 3104 4658; x_wconf 73' lang='grc' dir='ltr'>Ὄφις</span> <span class='ocrx_word' id='word_1_784' title='bbox 3161 4591 3217 4641; x_wconf 80' lang='grc' dir='ltr'><strong>ἐν</strong></span> <span class='ocrx_word' id='word_1_785' title='bbox 3261 4589 3429 4660; x_wconf 82' lang='grc' dir='ltr'>ὥραις</span> <span class='ocrx_word' id='word_1_786' title='bbox 3462 4591 3501 4642; x_wconf 84' lang='grc' dir='ltr'>δ’</span> <span class='ocrx_word' id='word_1_787' title='bbox 3556 4593 3650 4644; x_wconf 81' lang='grc' dir='ltr'><strong>καί</strong></span> <span class='ocrx_word' id='word_1_788' title='bbox 3687 4594 3745 4661; x_wconf 75' lang='grc' dir='ltr'><strong>ἡ-</strong></span> 
     </span>
    </p>
   </div>
   <div class='ocr_carea' id='block_1_102' title="bbox 2196 4684 2427 4754">
    <p class='ocr_par' dir='ltr' id='par_1_102' title="bbox 2196 4684 2427 4754">
     <span class='ocr_line' id='line_1_102' title="bbox 2196 4684 2427 4754; baseline -0.004 -17"><span class='ocrx_word' id='word_1_789' title='bbox 2196 4684 2427 4754; x_wconf 81' lang='grc' dir='ltr'>μιωρὶῳ.</span> 
     </span>
    </p>
   </div>
   <div class='ocr_carea' id='block_1_103' title="bbox 2267 4797 3745 4868">
    <p class='ocr_par' dir='ltr' id='par_1_103' title="bbox 2267 4797 3745 4868">
     <span class='ocr_line' id='line_1_103' title="bbox 2267 4797 3745 4868; baseline 0.001 -20"><span class='ocrx_word' id='word_1_790' title='bbox 2267 4797 2374 4866; x_wconf 82' lang='grc' dir='ltr'><strong>Ὶῆς</strong></span> <span class='ocrx_word' id='word_1_791' title='bbox 2420 4797 2477 4850; x_wconf 80' lang='grc' dir='ltr'>δὲ</span> <span class='ocrx_word' id='word_1_792' title='bbox 2527 4797 2708 4867; x_wconf 76' lang='grc' dir='ltr'>Δύρας</span> <span class='ocrx_word' id='word_1_793' title='bbox 2753 4797 3174 4867; x_wconf 84' lang='grc' dir='ltr'>ἀνατελλούσης,</span> <span class='ocrx_word' id='word_1_794' title='bbox 3226 4797 3604 4852; x_wconf 66' lang='grc' dir='ltr'>συνανατέλλει</span> <span class='ocrx_word' id='word_1_795' title='bbox 3653 4797 3745 4868; x_wconf 79' lang='grc' dir='ltr'><strong>μὲν</strong></span> 
     </span>
    </p>
   </div>
   <div class='ocr_carea' id='block_1_104' title="bbox 2197 4888 3744 4961">
    <p class='ocr_par' dir='ltr' id='par_1_104' title="bbox 2197 4888 3744 4961">
     <span class='ocr_line' id='line_1_104' title="bbox 2197 4888 3744 4961; baseline 0 -19"><span class='ocrx_word' id='word_1_796' title='bbox 2197 4889 2329 4959; x_wconf 78' lang='grc' dir='ltr'>αὐτῇ</span> <span class='ocrx_word' id='word_1_797' title='bbox 2373 4889 2402 4940; x_wconf 88' lang='lat'><strong>6</strong></span> <span class='ocrx_word' id='word_1_798' title='bbox 2433 4889 2691 4954; x_wconf 72' lang='grc' dir='ltr'>ζωδιακὸς</span> <span class='ocrx_word' id='word_1_799' title='bbox 2732 4888 2841 4942; x_wconf 80' lang='grc' dir='ltr'><strong>ἀπὸ</strong></span> <span class='ocrx_word' id='word_1_800' title='bbox 2881 4891 3142 4960; x_wconf 86' lang='grc' dir='ltr'>Σκορπίου</span> <span class='ocrx_word' id='word_1_801' title='bbox 3188 4890 3294 4961; x_wconf 78' lang='grc' dir='ltr'>μοί.</span> <span class='ocrx_word' id='word_1_802' title='bbox 3343 4890 3385 4942; x_wconf 83' lang='grc' dir='ltr'>θ’</span> <span class='ocrx_word' id='word_1_803' title='bbox 3430 4890 3605 4959; x_wconf 86' lang='grc' dir='ltr'>μέσης</span> <span class='ocrx_word' id='word_1_804' title='bbox 3650 4890 3744 4950; x_wconf 68' lang='grc' dir='ltr'><strong>ἕως</strong></span> 
     </span>
    </p>
   </div>
   <div class='ocr_carea' id='block_1_105' title="bbox 2197 4980 3743 5052">
    <p class='ocr_par' dir='ltr' id='par_1_105' title="bbox 2197 4980 3743 5052">
     <span class='ocr_line' id='line_1_105' title="bbox 2197 4980 3743 5052; baseline 0.001 -20"><span class='ocrx_word' id='word_1_805' title='bbox 2197 4981 2461 5052; x_wconf 85' lang='grc' dir='ltr'>Σκορπίου</span> <span class='ocrx_word' id='word_1_806' title='bbox 2499 4980 2598 5051; x_wconf 66' lang='grc' dir='ltr'>ιη’*</span> <span class='ocrx_word' id='word_1_807' title='bbox 2648 4985 2962 5052; x_wconf 85' lang='grc' dir='ltr'>μεσουρανεί</span> <span class='ocrx_word' id='word_1_808' title='bbox 3001 4982 3060 5036; x_wconf 67' lang='grc' dir='ltr'>δὲ</span> <span class='ocrx_word' id='word_1_809' title='bbox 3085 4982 3195 5036; x_wconf 72' lang='grc' dir='ltr'><strong>ἀπὸ</strong></span> <span class='ocrx_word' id='word_1_810' title='bbox 3242 4982 3468 5043; x_wconf 79' lang='grc' dir='ltr'>Λέοντος</span> <span class='ocrx_word' id='word_1_811' title='bbox 3523 4983 3638 5052; x_wconf 81' lang='grc' dir='ltr'>μοί.</span> <span class='ocrx_word' id='word_1_812' title='bbox 3687 4987 3743 5047; x_wconf 68' lang='grc' dir='ltr'>ιγ’</span> 
     </span>
    </p>
   </div>
   <div class='ocr_carea' id='block_1_106' title="bbox 2201 5070 3746 5142">
    <p class='ocr_par' dir='ltr' id='par_1_106' title="bbox 2201 5070 3746 5142">
     <span class='ocr_line' id='line_1_106' title="bbox 2201 5070 3746 5142; baseline -0.001 -19"><span class='ocrx_word' id='word_1_813' title='bbox 2201 5070 2369 5141; x_wconf 85' lang='grc' dir='ltr'>μέσης</span> <span class='ocrx_word' id='word_1_814' title='bbox 2397 5072 2500 5134; x_wconf 80' lang='grc' dir='ltr'>’έως</span> <span class='ocrx_word' id='word_1_815' title='bbox 2525 5073 2749 5133; x_wconf 87' lang='grc' dir='ltr'>Λέοντος</span> <span class='ocrx_word' id='word_1_816' title='bbox 2795 5072 2903 5141; x_wconf 84' lang='grc' dir='ltr'>μοί.</span> <span class='ocrx_word' id='word_1_817' title='bbox 2937 5080 2986 5136; x_wconf 80' lang='grc' dir='ltr'>ς’</span> <span class='ocrx_word' id='word_1_818' title='bbox 3027 5073 3118 5125; x_wconf 62' lang='grc' dir='ltr'><strong>καὶ¹</strong></span> <span class='ocrx_word' id='word_1_819' title='bbox 3147 5079 3212 5124; x_wconf 82' lang='grc' dir='ltr'>κ’.</span> <span class='ocrx_word' id='word_1_820' title='bbox 3246 5072 3352 5124; x_wconf 71' lang='grc' dir='ltr'><strong>Καὶ</strong></span> <span class='ocrx_word' id='word_1_821' title='bbox 3393 5071 3610 5142; x_wconf 85' lang='grc' dir='ltr'>πρῶτος</span> <span class='ocrx_word' id='word_1_822' title='bbox 3656 5074 3746 5142; x_wconf 74' lang='grc' dir='ltr'><strong>μὲν</strong></span> 
     </span>
    </p>
   </div>
   <div class='ocr_carea' id='block_1_107' title="bbox 2198 5160 3747 5233">
    <p class='ocr_par' dir='ltr' id='par_1_107' title="bbox 2198 5160 3747 5233">
     <span class='ocr_line' id='line_1_107' title="bbox 2198 5160 3747 5233; baseline -0.005 -16"><span class='ocrx_word' id='word_1_823' title='bbox 2198 5160 2370 5232; x_wconf 78' lang='grc' dir='ltr'>ἀστὴρ</span> <span class='ocrx_word' id='word_1_824' title='bbox 2406 5161 2678 5214; x_wconf 85' lang='grc' dir='ltr'>ἀνατέλλει</span> <span class='ocrx_word' id='word_1_825' title='bbox 2710 5162 2808 5232; x_wconf 79' lang='grc' dir='ltr'>τῆς</span> <span class='ocrx_word' id='word_1_826' title='bbox 2837 5161 3018 5232; x_wconf 83' lang='grc' dir='ltr'>Δύρας</span> <span class='ocrx_word' id='word_1_827' title='bbox 3046 5163 3073 5213; x_wconf 93' lang='lat'><strong>6</strong></span> <span class='ocrx_word' id='word_1_828' title='bbox 3108 5163 3200 5215; x_wconf 77' lang='grc' dir='ltr'>ἀπ’</span> <span class='ocrx_word' id='word_1_829' title='bbox 3232 5162 3446 5233; x_wconf 82' lang='grc' dir='ltr'>ἄρκτων</span> <span class='ocrx_word' id='word_1_830' title='bbox 3489 5162 3747 5231; x_wconf 81' lang='grc' dir='ltr'>παρακεί-</span> 
     </span>
    </p>
   </div>
   <div class='ocr_carea' id='block_1_108' title="bbox 2201 5253 3761 5325">
    <p class='ocr_par' dir='ltr' id='par_1_108' title="bbox 2201 5253 3761 5325">
     <span class='ocr_line' id='line_1_108' title="bbox 2201 5253 3761 5325; baseline -0.001 -20"><span class='ocrx_word' id='word_1_831' title='bbox 2201 5271 2356 5324; x_wconf 89' lang='grc' dir='ltr'>μενος</span> <span class='ocrx_word' id='word_1_832' title='bbox 2389 5254 2464 5324; x_wconf 84' lang='grc' dir='ltr'>τῷ</span> <span class='ocrx_word' id='word_1_833' title='bbox 2493 5255 2869 5325; x_wconf 85' lang='grc' dir='ltr'>λαμπροτάτῳ,</span> <span class='ocrx_word' id='word_1_834' title='bbox 2902 5255 3122 5324; x_wconf 75' lang='grc' dir='ltr'>ἔσχατος</span> <span class='ocrx_word' id='word_1_835' title='bbox 3153 5254 3208 5307; x_wconf 85' lang='grc' dir='ltr'>δὲ</span> <span class='ocrx_word' id='word_1_836' title='bbox 3242 5257 3268 5306; x_wconf 87' lang='grc' dir='ltr'>ὁ</span> <span class='ocrx_word' id='word_1_837' title='bbox 3303 5255 3436 5323; x_wconf 77' lang='grc' dir='ltr'>πρὸς</span> <span class='ocrx_word' id='word_1_838' title='bbox 3483 5253 3761 5312; x_wconf 76' lang='grc' dir='ltr'>ἀνατολὰς·</span> 
     </span>
    </p>
   </div>
   <div class='ocr_carea' id='block_1_109' title="bbox 2195 5346 3744 5416">
    <p class='ocr_par' dir='ltr' id='par_1_109' title="bbox 2195 5346 3744 5416">
     <span class='ocr_line' id='line_1_109' title="bbox 2195 5346 3744 5416; baseline -0.001 -18"><span class='ocrx_word' id='word_1_839' title='bbox 2195 5347 2301 5398; x_wconf 83' lang='grc' dir='ltr'><strong>τῶν</strong></span> <span class='ocrx_word' id='word_1_840' title='bbox 2344 5349 2399 5399; x_wconf 82' lang='grc' dir='ltr'>ὲν</span> <span class='ocrx_word' id='word_1_841' title='bbox 2440 5347 2514 5416; x_wconf 82' lang='grc' dir='ltr'>τῷ</span> <span class='ocrx_word' id='word_1_842' title='bbox 2549 5347 2830 5416; x_wconf 79' lang='grc' dir='ltr'>ζυγώματι</span> <span class='ocrx_word' id='word_1_843' title='bbox 2868 5347 3033 5416; x_wconf 77' lang='grc' dir='ltr'>αὐτῆς</span> <span class='ocrx_word' id='word_1_844' title='bbox 3069 5346 3111 5416; x_wconf 84' lang='grc' dir='ltr'><strong>β’</strong></span> <span class='ocrx_word' id='word_1_845' title='bbox 3139 5346 3421 5416; x_wconf 83' lang='grc' dir='ltr'>λαμπρῶν.</span> <span class='ocrx_word' id='word_1_846' title='bbox 3469 5347 3744 5415; x_wconf 83' lang='grc' dir='ltr'>Μεσουρα-</span> 
     </span>
    </p>
   </div>
   <div class='ocr_carea' id='block_1_110' title="bbox 2197 5435 3742 5509">
    <p class='ocr_par' dir='ltr' id='par_1_110' title="bbox 2197 5435 3742 5509">
     <span class='ocr_line' id='line_1_110' title="bbox 2197 5435 3742 5509; baseline -0.006 -17"><span class='ocrx_word' id='word_1_847' title='bbox 2197 5442 2275 5492; x_wconf 85' lang='grc' dir='ltr'><strong>νεῖ</strong></span> <span class='ocrx_word' id='word_1_848' title='bbox 2309 5439 2364 5492; x_wconf 80' lang='grc' dir='ltr'>δὲ</span> <span class='ocrx_word' id='word_1_849' title='bbox 2395 5439 2570 5509; x_wconf 78' lang='grc' dir='ltr'>ἀστὴρ</span> <span class='ocrx_word' id='word_1_850' title='bbox 2613 5444 2658 5489; x_wconf 90' lang='grc' dir='ltr'>α’</span> <span class='ocrx_word' id='word_1_851' title='bbox 2705 5439 2802 5508; x_wconf 79' lang='grc' dir='ltr'>μὲν</span> <span class='ocrx_word' id='word_1_852' title='bbox 2835 5437 2926 5491; x_wconf 78' lang='grc' dir='ltr'>τοῦ</span> <span class='ocrx_word' id='word_1_853' title='bbox 2956 5439 3177 5499; x_wconf 86' lang='grc' dir='ltr'>Λέοντος</span> <span class='ocrx_word' id='word_1_854' title='bbox 3208 5439 3236 5490; x_wconf 94' lang='lat'><strong>6</strong></span> <span class='ocrx_word' id='word_1_855' title='bbox 3284 5436 3597 5508; x_wconf 85' lang='grc' dir='ltr'>νοτιὼτερος</span> <span class='ocrx_word' id='word_1_856' title='bbox 3644 5435 3742 5489; x_wconf 79' lang='grc' dir='ltr'>τῶν</span> 
     </span>
    </p>
   </div>
   <div class='ocr_carea' id='block_1_111' title="bbox 2199 5530 3741 5603">
    <p class='ocr_par' dir='ltr' id='par_1_111' title="bbox 2199 5530 3741 5603">
     <span class='ocr_line' id='line_1_111' title="bbox 2199 5530 3741 5603; baseline -0.005 -19"><span class='ocrx_word' id='word_1_857' title='bbox 2199 5533 2240 5602; x_wconf 90' lang='grc' dir='ltr'><strong>β’</strong></span> <span class='ocrx_word' id='word_1_858' title='bbox 2289 5532 2395 5584; x_wconf 82' lang='grc' dir='ltr'><strong>τῶν</strong></span> <span class='ocrx_word' id='word_1_859' title='bbox 2445 5535 2535 5585; x_wconf 73' lang='grc' dir='ltr'>ἐπὶ</span> <span class='ocrx_word' id='word_1_860' title='bbox 2580 5533 2676 5603; x_wconf 80' lang='grc' dir='ltr'>τῆς</span> <span class='ocrx_word' id='word_1_861' title='bbox 2725 5532 2917 5602; x_wconf 79' lang='grc' dir='ltr'>ὀσφύος</span> <span class='ocrx_word' id='word_1_862' title='bbox 2961 5530 3244 5602; x_wconf 73' lang='grc' dir='ltr'>λαμπρῶν,</span> <span class='ocrx_word' id='word_1_863' title='bbox 3275 5530 3499 5601; x_wconf 79' lang='grc' dir='ltr'>ἔσχατος</span> <span class='ocrx_word' id='word_1_864' title='bbox 3527 5531 3584 5583; x_wconf 80' lang='grc' dir='ltr'>δὲ</span> <span class='ocrx_word' id='word_1_865' title='bbox 3619 5531 3646 5581; x_wconf 91' lang='lat'><strong>6</strong></span> <span class='ocrx_word' id='word_1_866' title='bbox 3690 5530 3741 5577; x_wconf 79' lang='grc' dir='ltr'><strong>ἐν</strong></span> 
     </span>
    </p>
   </div>
  </div>
