4040 6206
296 237 429 288 {UB7

1246 239 1608 296 lllPPARClll
1647 243 1738 296 ΑΙ)
1767 244 2207 314 ΡΙΙᾸΞΝΟΜΕΝΑ
2247 249 2372 307 LIB.
2399 251 2461 308 ll.

3370 269 3508 328 {098

289 348 435 416 ἂκρᾲ
467 348 531 417 τῇ
579 347 714 418 οὐρᾷ
751 350 843 403 τοῦ
874 352 1097 418 Λέοντος
1140 355 1408 430 λαμπρὸς,
1443 362 1537 414 καὶ
1565 364 1593 415 6
1622 365 1680 418 ἐν
1708 365 1813 437 ἄκρ

1915 405 1921 428 ,
1956 368 2161 422 stitium
2222 369 2426 427 habens
2476 388 2504 426 a
2556 375 2874 432 meridiano.
2917 377 3105 435 Oritur
3147 381 3288 456 Lyra
3330 401 3509 460 spatio

288 439 353 506 τῇ
385 439 646 509 ἀριστερᾷ
677 440 906 511 πτέρυγι
951 445 1048 516 τῆς
1094 447 1390 520 Παρθένου,
1433 453 1509 516 ὡς
1553 455 1849 528 ἡμιπήχιον

287 527 710 597 ὑπολειπόμενος
759 531 852 584 τοῦ
909 537 1300 610 μεσημϐρινοῦ.
1369 543 1669 598 Ἀνατέλλει
1714 527 1770 600 δὲ
1817 551 1849 620 ἡ

282 617 438 688 Λύρα
467 619 524 670 ὲν
551 616 593 670 δ’
625 626 1060 696 πεμπτημορίοις
1090 635 1138 680 α’
1167 628 1335 703 ῶρας.

357 706 461 760 Τοῦ
511 707 568 759 δὲ
618 710 866 781 Ὄρνιθος
907 714 1302 785 ἀνατέλλοντος,
1337 725 1711 780 συνανατέλλει
1750 729 1847 799 μὲν

280 796 312 848 6
352 793 609 862 ζωδιακὸς
645 799 753 853 67:6
801 803 993 874 Χηλῶν
1043 807 1087 872 ζ’
1135 810 1228 863 καὶ
1276 819 1322 864 κ’
1354 814 1462 883 μοι.
1522 815 1691 888 μέσης
1744 793 1845 883 ἔως

279 888 378 942 τοῦ
413 889 638 955 Τοξότου
674 893 717 963 β’
740 897 833 948 καὶ¹
866 897 934 950 κ’·
969 906 1290 973 μεσουρανεῖ
1313 905 1370 958 δὲ
1407 906 1514 960 ἀπὸ
1543 909 1639 979 τῆς
1670 911 1844 981 ἀρχῆς

279 978 375 1032 τοῦ
409 981 632 1046 Λέοντος
659 983 763 1048 ἔως
801 987 992 1058 Χηλῶν
1042 997 1072 1042 ι’
1123 993 1232 1062 μοί.
1290 994 1476 1067 μέσης.
1513 978 1620 1050 Καὶ
1661 978 1718 1052 α’.

273 1070 454 1143 ἀστὴρ
485 1073 762 1129 ἀνατέλλει
800 1078 832 1130 6
860 1078 1194 1150 βορειότατος
1218 1084 1325 1137 τῶν
1356 1087 1412 1139 ὲν
1443 1090 1509 1158 τῇ
1536 1088 1683 1160 δεξιᾷ
1712 1092 1842 1144 πτέ-

274 1176 403 1231 ρυγι
433 1163 497 1217 ⁸⁸.
533 1165 873 1236 Μεσουρανεῖ
902 1168 958 1222 δὲ
986 1171 1161 1244 ἀστὴρ
1199 1181 1247 1228 α’
1283 1176 1379 1246 μὲν
1404 1177 1432 1228 6
1463 1179 1519 1232 ὲν
1545 1182 1609 1250 τῇ
1645 1182 1839 1254 καρδίᾳ

269 1255 370 1306 τοῦ
401 1257 623 1321 Λέοντος
655 1258 922 1331 λαμπρός,
968 1261 1190 1332 ἔσχατος
1215 1265 1270 1318 δὲ
1331 1267 1424 1320 τοῦ
1467 1271 1778 1342 Κενταύρου
1809 1275 1838 1325 6

268 1346 586 1417 νοτιῶτερος
614 1348 720 1401 τῶν
750 1349 854 1403 ὑπὸ
880 1352 971 1404 τὸν
1003 1351 1172 1418 δεξιὸν
1201 1349 1368 1427 ὦμον,
1394 1361 1487 1412 καὶ
1513 1361 1541 1412 6
1591 1363 1837 1434 Ἀρκτοῦ-

1955 462 2098 518 hora:
2129 465 2182 529 0,
2211 465 2314 521 68’.

2019 727 2153 782 Cum
2186 729 2370 801 Cygno
2401 731 2656 789 zodiacus
2681 736 2856 793 oritur
2881 756 2913 794 a
2939 752 3089 811 parte
3114 745 3404 805 Chelarum
3433 751 3505 805 27

1950 821 2146 885 media,
2195 837 2367 891 usque
2396 822 2463 876 ad
2508 823 2783 894 Sagittarii
2815 829 2922 900 22;
2955 835 3217 891 culminat
3254 840 3322 895 ab
3348 843 3504 899 initio

1947 913 2164 976 Leonis,
2194 913 2259 966 ad
2286 914 2513 970 mediam
2547 918 2613 971 10
2638 919 2945 978 Chelarum.
2982 926 3166 984 Oritur
3191 933 3501 1001 prima,bo-

1945 1005 2143 1059 realior
2178 1005 2336 1075 129
2371 1022 2577 1070 earum,
2601 1027 2721 1081 quae
2766 1023 2892 1069 sunt
2924 1016 2977 1070 in
3007 1020 3090 1074 ala
3121 1022 3332 1081 dextra.
3367 1026 3500 1083 Cul'.

1944 1093 2116 1147 mina:
2157 1097 2308 1164 prior
2341 1095 2486 1150 clara
2545 1100 2599 1152 in
2627 1101 2791 1157 corde
2822 1104 3047 1174 Leonis;
3077 1120 3348 1180 postrema
3370 1134 3500 1174 vero

1943 1187 2233 1241 australior
2275 1204 2462 1243 earum
2490 1230 2503 1254 ,
2556 1207 2675 1260 qua:
2721 1196 2825 1251 sub
2873 1197 3066 1254 dextro
3114 1215 3244 1258 sunt
3270 1206 3498 1266 humero

1942 1275 2231 1343 Centauri;
2280 1296 2380 1335 nec
2412 1297 2516 1336 non
2564 1283 2829 1342 Arcturus
2871 1291 3197 1349 semicubito
3225 1296 3437 1356 distans
3464 1317 3496 1355 ιι

1941 1368 2260 1425 meridiano.
2293 1369 2480 1426 Oritur
2506 1375 2724 1445 Cygnus
2752 1379 2900 1435 horis
2931 1382 3104 1446 4,242

269 1453 387 1506 ρος,
432 1437 505 1501 ὡς
559 1439 855 1509 ήμιπήχιον
931 1441 1348 1516 ὑπολειπόμενος
1390 1449 1483 1502 τοῦ
1535 1451 1927 1523 μεσημϐρινοῦ.
1976 1457 2274 1511 Ἀνατέλλει
2343 1460 2400 1513 δὲ
2437 1463 2494 1515 ἐν
2552 1437 2729 1536 ⁷ῶραις
2769 1468 2809 1521 6’
2839 1470 2931 1523 καὶ
2973 1437 3108 1527 ’δυσί
3171 1495 3496 1552 πεμπτημο-

266 1548 302 1601 ρ
313 1533 430 1596 ίοις.

341 1626 468 1679 KA'.
501 1624 606 1679 T06
634 1625 692 1679 δὲ
713 1629 944 1699 Κηφέως
969 1632 1103 1702 μόνα
1127 1633 1195 1686 τὰ
1215 1634 1350 1705 πρὸς
1371 1638 1434 1707 τῇ
1458 1637 1667 1710 κεφαλῇ
1691 1638 1815 1709 μέρτ

2003 1637 2139 1691 XXI.
2170 1639 2371 1711 Cephei
2405 1655 2586 1712 partes
2627 1647 2880 1702 oriuntur
2911 1666 2987 1704 eae
3016 1655 3189 1710 solum
3211 1675 3332 1728 quae
3363 1673 3492 1720 sunt

261 1715 570 1772 ἀνατέλλει.
621 1719 1003 1776 Συνανατέλλει
1042 1723 1098 1776 δὲ
1141 1725 1291 1797 αὐτῷ
1337 1729 1366 1780 6
1413 1729 1672 1793 ζωδιακὸς
1723 1731 1833 1783 67:6

263 1807 536 1878 Σκορπίου
573 1809 681 1879 μοί.
732 1808 776 1875 ζ’
816 1812 907 1864 καὶ
949 1820 994 1866 κ’
1027 1814 1198 1885 μέσης
1233 1816 1336 1881 ἓως
1373 1817 1466 1870 τοῦ
1511 1819 1737 1885 Τοξότου
1778 1827 1830 1884 ς’

265 1899 475 1968 μέσης*
523 1905 842 1982 μεσουρανεῖ
878 1902 933 1955 δὲ
982 1905 1088 1957 ἀπὸ
1124 1907 1400 1977 Παρθένου
1441 1908 1550 1979 μοί.
1590 1909 1633 1962 θ’
1665 1909 1833 1982 μέσης

258 1987 372 2049 ἔως
403 1980 679 2058 Παρθένου
707 1997 756 2042 α’
779 1992 872 2043 καὶ
897 1999 965 2045 κ’.
1002 1995 1059 2044 A'
1091 1993 1146 2046 δὲ
1184 1995 1358 2068 ἀστὴρ
1386 2002 1707 2068 μεσουρανεῖ
1737 1980 1829 2052 :06

255 2080 513 2149 Κόρακος
545 2081 574 2130 6
613 2083 670 2132 ὲν
694 2085 758 2152 τῇ
807 2083 941 2154 οὐρᾷ
966 2083 1234 2158 λαμπρὸς,
1268 2087 1342 2151 ὡς
1380 2091 1674 2162 ὴμιπήχιον
1701 2093 1831 2144 ὑπο-

256 2167 583 2237 λειπόμενος
614 2169 708 2221 τοῦ
733 2173 1124 2244 μεσημϐρινοῦ,
1153 2174 1380 2246 ἔσχατος
1409 2178 1465 2230 δὲ
1489 2181 1516 2232 6
1546 2182 1829 2253 ἀριστερὸς

255 2259 449 2327 ἀγκὼν
483 2261 581 2332 τῆς
612 2264 886 2334 Παρθένου
914 2308 928 2331 ,
974 2268 1047 2332 ὡς
1088 2271 1384 2342 ἡμιπήχιον
1426 2274 1828 2347 προηγούμενος

254 2352 356 2405 τοῦ
391 2355 778 2427 μεσημϐρινοῦ.
829 2359 1127 2413 Ἀνατέλλει
1159 2361 1214 2414 δὲ
1242 2363 1271 2414 6
1298 2363 1519 2435 Κηφεὺς
1559 2366 1616 2418 ὲν
1655 2373 1702 2434 γ’
1737 2367 1826 2436 ἔγ-

252 2459 422 2512 γιστα
456 2450 888 2518 πεμπτημοριοις
913 2450 1061 2522 ῶρας
1088 2459 1156 2507 α’.

332 2535 444 2604 Τῆς
478 2537 533 2589 δὲ
580 2539 946 2604 Κασσιεπείας
989 2543 1402 2617 ἀνατελλούσης,
1448 2551 1821 2605 συνανατέλλει

253 2625 403 2696 μὲνό
420 2625 679 2692 ζωδιακὸς
710 2631 816 2683 67:6
838 2632 932 2684 :06
949 2633 1172 2698 Τοξότου
1207 2635 1252 2706 β’
1277 2639 1368 2691 καὶ
1393 2645 1439 2692 κ’
1468 2642 1578 2711 μοξ.
1608 2641 1712 2705 ἕως
1730 2643 1822 2696 Αι-

246 2716 566 2788 γόκερω.ιβ¹
589 2738 602 2752 ·
641 2728 964 2795 μεσουρανεῖ
993 2725 1049 2778 δὲ
1090 2729 1196 2781 67:6
1229 2731 1419 2802 Χηλῶν
1441 2735 1576 2804 ⁶μοί.
1617 2742 1683 2788 ια’
1715 2735 1820 2799 ἔως

245 2807 524 2878 Σκορπίου
550 2817 598 2878 γ’
627 2813 816 2884 μέσης.
845 2816 951 2868 Καὶ
987 2823 1035 2870 6'
1068 2818 1166 2888 μὲν
1198 2821 1372 2893 ἀστὴρ
1400 2825 1676 2878 ἀνατέλλει
1704 2829 1732 2880 6
1760 2828 1818 2882 ἐν

243 2898 333 2969 τῷ
367 2900 537 2973 θρόνῳ
561 2905 730 2976 αὐτῆς
757 2906 1025 2980 λαμπρὸς,
1052 2911 1274 2982 ἔσχατος
1291 2915 1346 2968 δὲ
1367 2918 1394 2969 ό
1413 2917 1469 2970 ὲν
1490 2921 1554 2988 τῇ
1585 2921 1810 2992 κεφαλῇ.

1934 1730 2002 1785 ad
2023 1741 2202 1802 caput.
2225 1731 2478 1788 Cooritur
2507 1738 2762 1793 zodiacus
2781 1755 2810 1793 a
2839 1741 2910 1794 27
2938 1745 3113 1800 media
3144 1759 3297 1818 parte
3327 1752 3489 1810 Scor-A

1934 1827 2004 1895 pii
2037 1827 2102 1880 ad
2131 1827 2362 1882 mediam
2388 1828 2420 1882 6
2443 1828 2751 1902 Sagittarii;
2776 1836 3036 1892 culminat
3061 1855 3092 1894 a
3119 1844 3294 1900 media
3321 1847 3355 1902 9
3379 1847 3492 1904 Vir-

1934 1915 2076 1985 ginis
2107 1917 2172 1969 ad
2204 1916 2448 1985 ejusdem
2478 1920 2569 1976 2|.
2606 1922 2763 1978 Prior
2791 1935 2970 1982 autem
3004 1933 3266 1990 culminat
3288 1953 3408 2008 qua:
3431 1943 3487 1997 in

1932 2005 2102 2058 cauda
2133 2015 2215 2061 est
2244 2008 2406 2064 Corvi
2434 2012 2631 2080 lucida,
2664 2020 2819 2086 quasi
2857 2023 3180 2082 semicubito
3207 2005 3419 2090 distans
3455 2051 3485 2089 a

1929 2097 2270 2162 meridiano;
2301 2101 2509 2167 ultima,
2544 2106 2762 2162 sinister
2794 2108 3029 2180 Virginis
3075 2119 3295 2176 cubitus
3318 2162 3333 2186 ,
3364 2131 3486 2179 tan-

1929 2185 2166 2241 tumdem
2212 2191 2570 2246 meridianum
2627 2200 2971 2257 antecedens.
3006 2203 3193 2262 Oritur
3236 2210 3484 2281 Cepheus

1927 2271 2060 2328 hora
2094 2280 2482 2348 propemodum
2509 2284 2562 2348 0,
2593 2285 2694 2339 ὅθ’.

1991 2533 2331 2590 Ascendente
2373 2537 2663 2610 Cassiepea
2713 2544 2968 2602 zodiacus
3015 2552 3191 2606 oritur
3232 2569 3262 2608 a
3309 2561 3479 2629 gradu

1919 2622 1990 2678 22
2038 2623 2313 2695 Sagittarii
2353 2630 2419 2682 ad
2463 2633 2779 2701 Capricorni
2826 2639 2925 2706 l2;
2957 2643 3220 2700 culminat
3261 2622 3479 2719 a‘parte

1919 2714 2208 2772 Chelarum
2244 2719 2303 2772 Η
2337 2722 2404 2775 ad
2426 2721 2461 2776 ὅ
2492 2725 2719 2779 mediam
2748 2727 2978 2799 Scorpii.
3009 2731 3163 2789 Prior
3187 2714 3360 2794 oritu—r
3388 2743 3475 2796 lu-

1918 2807 2042 2862 cida
2081 2809 2136 2864 in
2191 2810 2338 2867 illius
2367 2814 2603 2880 throno;
2634 2819 2842 2884 ultima,
2890 2839 3011 2894 qua:
3053 2837 3138 2883 est
3184 2830 3239 2884 in
3275 2835 3472 2904 capite.

1916 2896 2100 2954 Prima
2148 2905 2411 2960 culminat
2453 2911 2744 2966 australior
2788 2929 3010 2985 earum,
3045 2935 3165 2990 quae
3197 2932 3324 2978 sunt
3371 2928 3479 2982 sub

244 2992 588 3065 Μεσουρανεί
617 2997 674 3049 δὲ
706 2999 881 3070 ἀστὴρ
906 3007 953 3052 α’
983 3001 1082 3072 μὲν
1108 3003 1200 3057 τοῦ
1232 3006 1540 3078 Κενταύρου
1571 3011 1599 3062 6
1626 3011 1811 3064 νοτιώ-

1915 2989 2106 3046 dextro
2167 2993 2393 3051 humero
2425 2998 2714 3067 Centauri,
2761 3019 2884 3061 cum
2937 2989 3202 3079 Arcturo;
3257 3015 3470 3079 ultima,

240 3098 409 3152 τερος
443 3085 549 3138 τῶν
589 3088 691 3140 ὑπὸ
723 3088 812 3142 τὸν
850 3091 1020 3157 δεξιὸν
1058 3087 1225 3165 ὦμον,
1266 3099 1356 3152 καὶ
1393 3101 1421 3152 6
1465 3101 1808 3174 Ἀρκτοῦρος,

241 3173 474 3242 ἔσχατος
499 3177 557 3230 δὲ
588 3178 616 3230 6
640 3179 800 3248 μέσος
827 3182 935 3235 τῶν
960 3185 1017 3236 ἐν
1043 3185 1120 3256 τῷ
1151 3190 1387 3264 μετώπῳ
1406 3191 1498 3244 τοῦ
1521 3193 1808 3264 Σκορπίου,

238 3265 345 3316 καὶ
380 3267 473 3319 τοῦ
501 3269 770 3338 Στεφάνου
811 3274 838 3325 6
871 3273 1169 3345 ἡγούμενος
1201 3261 1810 3351 τοῦλαμπροῦίἈνα-

236 3356 420 3410 τέλλει
449 3358 505 3411 δὲ
532 3363 564 3430 ἡ
601 3363 938 3417 Κασσιέπεια
964 3368 1021 3419 ἐν
1045 3366 1163 3438 ὥρᾳ
1193 3375 1238 3421 α’
1269 3371 1363 3423 καὶ
1385 3379 1432 3439 γ’
1458 3373 1632 3444 μέρει.

318 3448 430 3517 Τῆς
467 3449 522 3502 δὲ
579 3452 931 3526 Ἀνδρομέδας
970 3458 1382 3533 ἀνατελλούσης,
1431 3449 1808 3520 συνανατέλλει

224 3538 345 3608 ’μὲν
366 3541 500 3612 αύτῇ
529 3545 559 3595 6
581 3543 838 3610 ζωδιακὸς
857 3547 965 3600 ἀπὸ
983 3550 1262 3621 Δὶγόκερω
1283 3559 1342 3604 ιε’
1366 3553 1474 3622 μοί.
1497 3556 1600 3619 ἔως
1626 3557 1810 3628 Ὑδρο-

235 3629 369 3698 χόου
399 3631 507 3701 μοί.
534 3630 575 3684 δ’
595 3634 688 3686 καὶ
710 3640 760 3688 κ’
782 3635 969 3708 μέσης·
1000 3644 1322 3709 μεσουρανεῖ
1341 3642 1395 3695 δὲ
1415 3644 1520 3696 67:6
1543 3645 1806 3715 Σκορπίου

236 3727 301 3785 ς’
329 3725 497 3792 μέσης
525 3723 628 3788 ἕως
658 3727 882 3792 Τοξότου
926 3730 973 3798 η’
1006 3729 1196 3800 μέσης.
1233 3733 1341 3785 Καὶ
1368 3740 1414 3786 α’
1451 3736 1546 3805 μὲν
1573 3737 1602 3788 6
1629 3736 1806 3808 ἀστὴρ

233 3811 521 3865 ἀνατέλλει
556 3813 724 3884 αὐτῆς
751 3817 780 3868 6
810 3815 1122 3889 νοτιὼτερος
1149 3819 1256 3873 τῶν
1288 3823 1345 3874 ὲν
1365 3825 1430 3892 τῇ
1461 3823 1607 3895 δεξιᾷ
1638 3825 1802 3895 χειρὶ,

231 3900 465 3969 ἔσχατος
495 3901 550 3953 δὲ
577 3901 605 3954 6
635 3905 694 3956 ὲν
719 3905 864 3976 ἄκρᾳ
892 3909 955 3978 τῇ
992 3909 1256 3981 ἀριστερᾷ
1282 3914 1442 3983 χειρί.
1467 3914 1806 3986 Μεσουρανεί

230 3992 296 4046 δὲ
312 3993 485 4064 ἀστὴρ
505 4000 554 4046 α’
568 3995 665 4066 μὲν
686 4000 778 4049 τοῦ
801 3999 1069 4067 Στεφάνου
1088 4003 1115 4053 6
1137 4002 1392 4072 ἐχόμενος
1408 4005 1500 4058 τοῦ
1524 4004 1799 4077 λαμπροῦ,

233 4081 466 4152 ἔσχατος
486 4084 542 4137 δὲ
566 4087 594 4138 6
621 4087 907 4157 ἀριστερὸς
928 4087 1112 4156 ἀγκὼν
1134 4091 1227 4142 τοῦ
1264 4093 1350 4144 Ἐν
1371 4093 1608 4160 γόνασιν.
1649 4095 1803 4147 Ἀνα-

229 4173 411 4227 τέλλει
438 4175 495 4228 δὲ
529 4177 560 4245 ἠ
607 4177 937 4257 Ἀνδρομέδα.
956 4181 1012 4232 ὲν
1039 4180 1208 4252 ῶραις
1240 4182 1285 4252 β’
1311 4185 1404 4238 καὶ
1430 4192 1478 4256 η’
1515 4187 1690 4257 μέρει.

307 4265 413 4318 Τοῦ
449 4266 506 4319 δὲ
535 4267 732 4321 Ἵππου
764 4252 1158 4336 ἀνατέλλοντος,
1192 4275 1564 4330 συνανατέλλει
1598 4279 1746 4349 αὐτῷ
1769 4280 1798 4331 6

1915 3096 2102 3138 earum
2129 3087 2304 3142 media
2329 3107 2449 3159 quae
2477 3101 2605 3147 sunt
2632 3095 2687 3149 in
2713 3096 2886 3154 fronte
2909 3098 3118 3172 Scorpii
3139 3145 3153 3168 ,
3185 3114 3238 3160 et
3267 3123 3470 3176 praece-

1915 3171 2048 3226 dens
2088 3174 2323 3232 lucidam
2369 3179 2614 3236 Coronae.
2662 3184 2852 3241 Oritur
2905 3171 3195 3265 Cassiepea
3245 3171 3375 3254 liora
3414 3200 3469 3266 1,

1911 3261 2014 3318 20’.

1980 3445 2116 3500 Cum
2160 3447 2504 3507 Andromeda
2556 3453 2733 3509 oritur
2787 3472 2948 3515 arcus
2978 3462 3185 3519 zodiaci
3218 3480 3249 3520 a
3276 3467 3468 3540 Capri-

1909 3538 2060 3592 corni
2092 3550 2244 3609 parte
2273 3542 2358 3609 ιε,
2395 3546 2463 3598 ad
2487 3546 2710 3618 Aquarii
2741 3549 2810 3604 at
2843 3554 3108 3623 mediam;
3146 3538 3406 3617 culminat
3434 3579 3465 3617 a

1907 3629 2084 3683 media
2105 3630 2136 3684 6
2170 3631 2381 3703 Scorpii
2421 3636 2490 3690 ad
2523 3639 2751 3694 mediam
2773 3642 2805 3695 8
2838 3641 3331 3714 Sagittarii.Prima
3354 3655 3466 3708 ori-

1907 3729 1998 3775 tur
2043 3727 2335 3780 australior
2361 3743 2548 3783 earnm
2600 3749 2720 3802 quae
2763 3744 2890 3789 sunt
2935 3738 2988 3791 in
3023 3738 3212 3795 dextra
3262 3761 3458 3810 manu;

1907 3814 2114 3877 ultima,
2141 3834 2260 3886 qua:
2283 3820 2335 3872 in
2374 3824 2714 3879 extremitate
2744 3827 2981 3884 sinistra:
3014 3846 3228 3888 manus.
3254 3835 3461 3891 Culmi-

1903 3914 1997 3959 nat
2030 3908 2224 3976 prima,
2257 3927 2376 3980 qua:
2419 3913 2612 3970 lucida:
2648 3917 2874 3975 Corona:
2922 3925 3167 3991 proxima
3209 3936 3326 3996 est;
3360 3945 3459 3998 po—

1902 4004 2139 4054 stremus
2185 4016 2314 4055 vero
2361 4005 2579 4061 cubitus
2627 4007 2848 4064 sinister
2898 4012 3218 4082 lngeniculi.
3269 4015 3458 4075 Oritur

1901 4087 2240 4146 Andromeda
2259 4093 2411 4148 horis
2438 4094 2474 4148 2
2501 4096 2620 4166 1/8.

1971 4261 2107 4317 Cum
2145 4263 2330 4334 Equus
2360 4267 2556 4336 oritur,
2586 4271 2832 4327 ascendit
2863 4289 2984 4329 cum
3011 4291 3077 4330 eo
3102 4276 3359 4336 zodiacus
3386 4282 3456 4337 ab

233 4357 501 4421 ζωδιακὸς
542 4358 650 4411 67:6
688 4359 786 4429 τῆς
827 4360 1001 4431 ἀρχῆς
1031 4361 1123 4415 τοῦ
1155 4364 1434 4435 Αἰγόκερω
1463 4366 1566 4430 ’έως
1614 4367 1796 4439 Ὑδρο-

1921 4355 2052 4411 nitio
2068 4355 2380 4427 Capricorni
2408 4360 2476 4415 ad
2506 4362 2729 4432 Aquarii
2757 4376 2962 4434 partem
2997 4367 3084 4423 2|.
3126 4368 3399 4428 Culminat
3421 4389 3458 4431 τι

234 4449 362 4519 χόου
398 4447 505 4519 μοί.
532 4455 578 4502 α’
613 4451 706 4504 καὶ
737 4457 805 4502 κ”
834 4455 1152 4522 μεσουρανεῖ
1177 4453 1234 4507 δὲ
1261 4456 1368 4508 67:6
1401 4457 1593 4529 Χηλῶν
1622 4466 1668 4513 α’
1703 4461 1796 4513 καὶ

231 4546 283 4592 κ’
315 4540 489 4609 μέσης
518 4540 619 4602 ἓως
659 4539 884 4606 Τοξότου
918 4548 968 4606 ς’
1001 4543 1190 4614 μέσης.
1239 4546 1347 4598 Καὶ
1393 4551 1441 4600 6'
1489 4549 1584 4618 μὲν
1626 4551 1791 4603 66:06

229 4630 408 4700 ἀστὴρ
427 4631 700 4684 ἀνατέλλει
721 4633 750 4684 6
770 4631 1082 4704 νοτιώτερος
1102 4634 1209 4686 τῶν
1230 4637 1572 4706 ἐμπροσθίων
1595 4639 1790 4702 ποδῶν,

230 4723 459 4792 ἔσχατος
479 4723 535 4776 δὲ
557 4725 585 4776 6
607 4723 698 4776 ἐπὶ
727 4724 822 4796 τῆς
849 4723 1045 4793 ὀσφύος
1077 4724 1343 4797 λαμπρός.
1374 4728 1709 4798 Μεσουρανεῖ
1734 4729 1790 4784 δὲ

231 4814 408 4886 ἀστὴρ
441 4821 486 4866 6'
516 4815 612 4883 μὲν
645 4817 673 4867 6
706 4817 763 4868 ἐν
801 4816 939 4887 μέσῃ
974 4818 1039 4887 τῇ
1073 4817 1224 4887 νοτία
1265 4817 1414 4888 Χηλῇ
1435 4857 1450 4881 ,
1486 4818 1701 4889 ἔσχατοι
1733 4821 1790 4874 δὲ

229 4907 326 4961 τοῦ
371 4909 646 4978 Ὀφιούχου
675 4910 722 4961 οἱ
751 4909 898 4980 παρὰ
923 4908 1013 4962 τὸν
1031 4909 1199 4974 δεξιὸν
1229 4905 1374 4981 ὦμον
1401 4917 1449 4979 γ’
1473 4911 1556 4964 ἐπ’
1577 4911 1788 4977 εὐθείας

228 5001 492 5070 κείμενοι,
522 5002 674 5066 ἐκτὸς
693 5003 842 5066 ὄντες
865 5002 1050 5068 αὑτοῦ,
1076 5005 1168 5060 καὶ
1189 5005 1281 5058 τοῦ
1323 5006 1410 5058 Ἐν
1432 5005 1648 5074 γόνασιν
1675 5009 1704 5060 6
1728 5009 1786 5061 ὲν

227 5091 308 5161 τῷ
337 5090 608 5163 ἀριστερῷ
643 5093 802 5165 μηρῷ
833 5094 1100 5166 λαμπρὸς,
1144 5096 1337 5168 μικρὸν
1381 5097 1786 5168 προηγούμενος

228 5183 412 5236 αὐτοῦ.
455 5183 751 5238 Ἀνατέλλει
775 5185 831 5238 δὲ
857 5188 887 5239 6
913 5187 1104 5251 Ἵππος
1136 5191 1194 5242 ὲν
1222 5190 1391 5260 ὥραις
1420 5196 1488 5258 γ’.

297 5274 402 5326 Τοῦ
425 5275 481 5328 δὲ
513 5277 720 5330 Ὀῖστοῦ
747 5278 1140 5343 ἀνατέλλοντος,
1172 5282 1544 5335 συνανατέλλει
1571 5284 1667 5352 μὲν
1691 5284 1786 5336 66-

225 5365 303 5436 τῷ
333 5366 361 5418 6
389 5367 649 5432 ζωδιακὸς
677 5369 784 5422 ἀπὸ
815 5369 908 5423 τοῦ
940 5371 1168 5437 Τοξότου
1205 5373 1316 5444 μοι.
1351 5380 1392 5425 ε’
1419 5375 1522 5438 ἔως
1556 5374 1782 5442 Τοξότου

225 5462 256 5510 ι’
287 5457 478 5530 μέσης·
516 5464 835 5530 μεσουρανεῖ
866 5461 922 5514 δὲ
957 5462 1063 5515 67:6
1091 5462 1366 5536 Παρθένου
1405 5465 1466 5518 ιθ¹
1499 5465 1604 5529 ἔως
1636 5468 1784 5538 Παρ-

305 5614 350 5645 ⁸⁸
376 5615 523 5668 Deest
551 5616 732 5668 ultima
767 5615 952 5669 oriens.

501 5707 762 5767 PATBOL.
806 5707 921 5765 Gn.
962 5705 1130 5766 ΧΙΧ.

1896 4447 2186 4502 Chelarum
2230 4461 2381 4519 parte
2410 4451 2473 4507 21
2515 4454 2690 4508 media
2730 4456 2795 4510 ad
2824 4455 3103 4528 sagittarii
3134 4463 3367 4518 mediam
3397 4466 3450 4520 6.

1893 4537 2075 4594 Prima
2103 4543 2224 4610 ejus
2246 4544 2420 4597 oritur
2449 4545 2624 4608 stella,
2644 4562 2763 4617 qua;
2791 4556 2874 4603 est
2898 4553 3191 4607 australior
3215 4559 3453 4612 anterio-

1893 4647 2013 4686 rum
2051 4633 2277 4701 pedum;
2309 4635 2518 4699 ultima,
2551 4653 2670 4706 qum
2697 4649 2779 4694 est
2806 4639 2860 4692 in
2904 4641 3064 4698 ilibus
3094 4645 3294 4702 lucida.
3323 4649 3452 4704 Cui--

1891 4723 2062 4777 minat
2101 4724 2250 4793 prior
2279 4726 2452 4781 media
2499 4729 2553 4781 in
2598 4731 2824 4783 australi
2869 4731 3064 4798 Chela,
3105 4737 3305 4793 ultimae
3330 4757 3450 4811 qua:

1892 4815 1957 4868 ad
1989 4815 2237 4871 dextrum
2289 4818 2581 4873 humerum
2615 4818 2885 4890 Ophiuchi
2919 4834 3029 4880 tres
3070 4825 3124 4879 in
3178 4827 3447 4887 directum

1890 4907 2100 4975 posiae,
2128 4916 2389 4979 extraque
2423 4911 2600 4980 ipsum
2631 4914 2768 4976 sine,
2799 4929 2906 4968 una
2938 4931 3060 4970 cum
3095 4918 3294 4986 lucida,
3328 4941 3449 4995 qua:

1887 5009 1970 5055 est
1999 5001 2052 5053 in
2097 5001 2322 5057 sinistro
2351 5001 2552 5058 femore
2583 5003 2913 5075 Engonasin,
2951 5010 3108 5076 paulo
3140 5011 3318 5082 ipsum
3351 5032 3447 5070 an-

1887 5091 2158 5148 tecedens.
2191 5091 2379 5148 Oritur
2410 5093 2595 5164 Equus
2629 5095 2780 5151 horis
2811 5098 2865 5154 3.

1953 5284 2088 5339 Cum
2123 5285 2330 5356 Sagitta
2372 5285 2579 5341 zodiaci
2610 5301 2772 5343 arcus
2817 5290 2993 5346 oritur
3021 5308 3051 5346 a
3087 5302 3239 5363 parte.
3279 5295 3312 5349 5
3339 5295 3441 5349 Sa-

1883 5376 2083 5446 gittarii
2104 5375 2168 5430 ad
2185 5376 2426 5446 ejusdem
2462 5377 2528 5431 10
2554 5377 2819 5444 mediam;
2849 5381 3114 5436 culminat
3146 5397 3174 5435 a
3205 5386 3444 5453 partem

1885 5465 2144 5540 Virginis,
2192 5467 2258 5524 ad
2285 5467 2375 5523 25.
2410 5467 2606 5525 Prima:
2631 5470 2880 5526 oriuntur
2919 5487 3040 5544 qua:
3073 5484 3201 5530 sunt
3238 5477 3294 5530 in
3326 5477 3442 5548 gly-

3130 5714 3208 5775 35
