4040 6206
475 243 621 301 }099
1463 227 1550 283 Al)
1579 224 1849 282 ‘EUSEBII
1883 219 2280 280 CHRONICON
2323 217 2682 274 APPENDIX.
3576 205 3708 264 “00

485 361 668 434 phide,
692 357 745 411 id
775 363 856 411 est
884 367 1111 417 «creua;
1151 368 1170 399 ι
1216 348 1428 410 ultima,
1453 360 1571 415 quae
1599 351 1683 399 est
1709 343 1768 397 in
1799 341 2040 411 cuspide.

2166 339 2294 392 μένου
2320 344 2358 390 ε’
2381 338 2474 390 καὶ
2501 341 2571 391 κ’.
2603 334 2712 388 Kal.
2733 332 2940 404 πρῶτοι
2965 332 3062 402 μὲν
3084 330 3460 385 ἀνατέλλουσιν
3488 331 3538 382 οἱ
3565 331 3623 381 ὲν
3642 330 3708 397 τῇ

475 419 764 510 'Culminat
801 447 950 518 prior
975 459 1094 516 quae
1121 450 1204 497 est
1231 441 1284 493 in
1311 439 1533 494 sinistro
1565 435 1750 490 cubito
1785 433 2044 503 Virginis,

2166 429 2377 499 ξλυφίδι,
2400 428 2622 498 ἔσχατος
2643 425 2699 478 66
2718 427 2746 478 6
2764 426 2820 477 ὲν
2840 426 2905 494 τῇ
2927 423 3091 478 ἀκίδι.
3112 423 3292 476 Μεσου
3301 423 3450 494 ρανεῖ
3470 420 3527 473 66
3541 419 3714 489 ἀστὴρ

492 542 772 613 paululum
801 513 962 591 —citra
992 513 1377 588 vmeridianum
1426 527 1564 594 sita;
1605 525 1817 588 ultima,
1866 524 2045 593 Spica,

2166 528 2194 575 ι’
2221 521 2317 592 μὲν
2339 523 2366 574 6
2386 522 2443 573 6v
2464 519 2542 590 τῷ
2560 517 2829 590 ἀριστερῷ
2853 516 3061 584 ἀγκῶνι
3081 518 3180 586 τῆς
3197 515 3496 586 Παρθένου,
3519 513 3717 584 μικρὸν

490 635 767 707 paululum
800 627 1155 684 meridianum
1188 620 1548 684 antecedens;
1578 627 1632 672 et
1669 634 1789 687 quae
1817 616 1918 671 sub
1948 615 2050 668 liu-

494 705 644 781 rnero
661 723 852 777 dextro
877 715 1157 774 Centauri.
1187 711 1374 768 Oritur
1405 709 1609 780 Sagitta
1643 707 1777 762 hora
1799 706 1852 770 0,
1871 705 1977 760 20’.

2147 613 2566 684 ὑπολειπόμενος
2604 610 2696 664 τοῦ
2730 607 3123 681 μεσημϐρινοῦ,
3162 609 3386 680 ἔσχατος
3414 608 3473 661 δὲ
3513 609 3542 660 6
3583 606 3717 658 Στά-

2147 724 2268 776 χυς,
2323 706 2516 777 μικρὸν
2560 701 2961 775 προηγούμενος
2993 700 3088 755 τοῦ
3131 698 3523 772 μεσημϐρινοῦ,
3560 699 3656 751 καὶ
3689 699 3716 752 6

2149 798 2255 852 ὑπὸ
2281 797 2373 850 τὸν
2400 797 2684 867 ἀριστερὸν
2717 788 2864 866 ῶμον
2903 792 2997 847 τοῦ
3035 793 3370 864 Κενταύρου.
3413 787 3717 844 Ἀνατέλλει

562 1012 731 1069 XXII.
765 1008 952 1064 Oritur
975 1001 1168 1072 Aquila
1196 1013 1319 1052 cum
1352 1009 1481 1048 arcu
1514 991 1722 1048 zodiaci
1749 1005 1779 1044 a
1811 987 2052 1059 Sagitta-

2149 889 2206 942 66
2237 889 2266 941 6
2312 888 2518 951 Ὀῖστὸς
2548 889 2605 940 ὲν
2636 894 2682 956 γλ
2711 887 2862 958 μέρει
2895 885 3062 958 ὥρας.

2221 981 2349 1036 KB’.
2367 979 2474 1034 Τοῦ
2498 980 2554 1032 δὲ
2588 977 2770 1032 Ἀετοῦ
2800 977 3196 1042 ἀνατέλλοντος,
3225 973 3599 1029 συνανατέλλει
3619 972 3717 1044 μὲν

498 1065 760 1178 τίἱ-ξιοιὶιι
784 1103 838 1164 9,
864 1100 928 1152 ad
972 1065 1209 1151 medium
1240 1092 1341 1156 I4;
1369 1088 1628 1146 culminat
1654 1100 1682 1137 a
1725 1080 1964 1178 Virginis
1983 1077 2054 1132 24

2166 1070 2299 1142 ιύτῷ
2329 1073 2358 1124 6
2385 1069 2640 1135 ζωδιακὸς
2671 1069 2778 1122 ἀπὸ
2810 1067 3034 1134 Τοξότου
3065 1066 3175 1137 μοί.
3207 1065 3250 1119 θ’
3276 1066 3380 1128 ἔως
3402 1065 3632 1132 Τοξότου
3657 1065 3716 1117 ιδ’

499 1202 565 1254 ad
592 1168 828 1251 incdium
864 1190 951 1244 50.
990 1186 1170 1241 Prima
1199 1182 1480 1250 consurgit
1511 1175 1719 1246 Aquila:
1748 1171 1924 1231 stella,
1949 1168 2054 1223 bo-

498 1292 694 1347 realior
719 1297 1031 1357 parvarum,
1065 1293 1185 1350 qua:
1210 1286 1337 1331 sunt
1362 1275 1416 1328 in
1439 1271 1650 1326 duabus
1679 1267 1814 1331 alis;
1841 1261 2053 1324 ultima,

497 1397 617 1455 qua:
635 1353 1039 1435 cst-australior
1059 1371 1219 1426 trium
1239 1370 1293 1422 in
1322 1377 1551 1435 corpore
1575 1358 1898 1415 lucidarum.
1930 1353 2058 1407 Cul-

2157 1162 2348 1233 μέσης·
2399 1161 2716 1231 μεσουρανεῖ
2759 1158 2814 1210 δὲ
2861 1158 2968 1211 ἀπὸ
3007 1156 3284 1230 Παρθένου
3329 1155 3369 1208 6'
3405 1155 3501 1210 καὶ
3532 1162 3582 1208 κ’
3613 1155 3719 1215 ἕως

2154 1249 2430 1320 Παρθένου
2456 1249 2498 1301 λ’
2522 1247 2713 1318 μέσης.
2742 1247 2850 1300 Καὶ
2886 1253 2934 1300 α’
2971 1247 3068 1318 μὲν
3101 1246 3275 1318 ἀστὴρ
3308 1245 3589 1298 ἀνατέλλει
3623 1243 3718 1298 τοῦ

2168 1337 2350 1391 Ἀετοῦ
2382 1340 2409 1391 6
2429 1337 2761 1409 βορειότερος
2791 1336 2899 1390 τῶν
2926 1339 2980 1389 ὲν
3007 1339 3126 1400 ταῖς
3156 1336 3378 1408 πτέρυξι
3408 1335 3450 1406 β’
3485 1337 3719 1408 μικρῶν,

498 1427 669 1526 annuat
693 1468 839 1539 prior
865 1464 1046 1535 Spica,
1076 1459 1285 1519 ultima,
1317 1453 1587 1510 borealior
1617 1463 1802 1505 earum
1834 1461 1955 1515 qua:
2001 1443 2057 1497 in

2166 1430 2382 1500 ἔσχατος
2415 1429 2471 1482 66
2512 1430 2541 1482 6
2569 1429 2885 1499 νοτιὼτερος
2917 1429 3024 1483 τῶν
3055 1431 3111 1482 ἐν
3141 1427 3219 1499 τῷ
3249 1428 3461 1500 σώματι
3491 1435 3541 1498 γ’
3579 1427 3720 1499 λαμ-

498 1561 759 1621 Centauri
790 1558 987 1628 capite.
1029 1552 1215 1609 Oritur
1242 1547 1441 1618 Aquila
1467 1545 1600 1600 hora
1631 1541 1685 1607 0,
1712 1540 1821 1593 24'.

573 1832 756 1891 Oritur
788 1840 913 1881 cum
930 1817 1187 1889 Delphine
1215 1811 1473 1868 zodiacus
1502 1820 1532 1859 a
1562 1797 1839 1872 Sagittarii
1878 1792 2050 1867 gradu

503 1927 574 1983 20
599 1921 778 1980 medio
807 1916 875 1971 ad
919 1911 1157 1968 medium
1188 1903 1258 1958 24
1283 1918 1298 1966 ;
1331 1896 1592 1954 culminat
1625 1892 1692 1944 ab
1719 1895 1912 1944 octavo
1941 1899 2056 1940 me-

505 1980 597 2076 dio
629 2012 808 2071 Chelae
839 2005 908 2062 ad
935 2000 1228 2059 15.Primaa
1247 1994 1497 2049 oriuntur
1514 1980 1896 2039 antecedentes
1918 1992 2058 2046 qua-

507 2073 635 2166 tuor
668 2109 721 2161 in
747 2100 994 2163 rhombo,
1027 2099 1301 2165 postrema
1322 2096 1441 2154 qua:
1467 2080 1521 2134 in
1543 2073 1715 2131 cauda
1753 2076 1835 2126 est
1851 2079 2063 2122 austra-

678 2193 955 2253 Culminat
981 2161 1240 2258 primum
1283 2177 1506 2233 sinister
1537 2183 1632 2242 pes
1679 2161 2060 2227 Andromedae,

508 2301 784 2364 postremo
810 2276 1067 2336 Centauri
1101 2271 1333 2327 maxime
1359 2263 1593 2321 borealis
1622 2263 1678 2317 in
1704 2260 1925 2330 thyrso;
1948 2261 2064 2356 tum

511 2350 580 2438 οὐ
608 2394 749 2452 genu
770 2370 1007 2443 Virginis
1036 2366 1282 2421 dextrum
1315 2375 1343 2412 a
1375 2354 1737 2452 septentrione
1763 2350 1890 2452 sita,
1909 2350 2065 2452 quasi

513 2435 834 2532 semicubito
867 2435 1112 2518 vdistans
1160 2470 1192 2509 a
1239 2449 1558 2507 meridiano.
1613 2441 1800 2500 Oritur
1839 2435 2065 2507 Delphin

512 2571 645 2623 hora
679 2564 732 2626 0,
757 2561 859 2615 I5'.

2161 1524 2332 1596 πρῶν.
2362 1525 2702 1595 Μεσουρανεῖ
2723 1523 2778 1576 66
2801 1523 2974 1595 ἀστὴρ
2998 1530 3045 1576 α’
3074 1524 3172 1594 μὲν
3196 1524 3224 1576 6
3246 1523 3475 1593 Στάχυς,
3498 1521 3724 1592 ἔσχατος

2159 1615 2216 1667 66
2247 1614 2341 1668 τοῦ
2371 1614 2684 1686 Κενταύρου
2713 1616 2742 1668 6
2779 1614 3110 1687 βορειότερος
3148 1614 3255 1667 τῶν
3289 1615 3346 1668 ἐν
3383 1616 3448 1685 τῇ
3489 1614 3724 1684 κεφαλῇ.

2092 1698 2134 1753 Β
2172 1706 2471 1759 Ἀνατέλλει
2491 1706 2546 1759 66
2565 1708 2594 1759 6
2625 1707 2804 1770 Ἀετὸς
2827 1709 2884 1760 ὲν
2912 1706 2955 1777 β’
2979 1724 3198 1779 πεμπτη
3209 1707 3414 1778 μορίοις
3434 1707 3532 1778 τῆς
3553 1707 3724 1777 ὧρας.

2233 1796 2338 1850 Τοῦ
2383 1797 2443 1850 66
2484 1798 2735 1868 Δελφίνος
2774 1799 3174 1864 ἀνατέλλοντος,
3218 1799 3597 1853 συνανατέλλει
3633 1799 3730 1870 μὲν

2165 1887 2311 1958 αὐτῷ
2340 1889 2368 1940 6
2397 1887 2654 1954 ζωδιακὸς
2687 1890 2794 1943 ἀπὸ
2815 1887 2908 1943 τοῦ
2940 1889 3165 1954 Τοξότου
3199 1891 3310 1961 μοί.
3340 1890 3388 1944 κ’
3425 1889 3598 1961 μέσης
3626 1890 3731 1952 ἕως

2167 1979 2394 2045 Τοξότου
2414 1978 2454 2031 δ’
2476 1981 2571 2032 καὶ
2593 1987 2640 2034 κ’
2669 1979 2858 2052 μέσης·
2896 1983 3219 2053 μεσουρανεῖ
3239 1981 3297 2034 δὲ
3326 1981 3434 2035 ἀπὸ
3456 1981 3656 2052 Χηλῶν
3679 1988 3730 2052 η’

2171 2070 2340 2141 μέσης
2371 2069 2475 2133 ἔως
2506 2070 2698 2142 Χηλῶν
2733 2078 2820 2141 ιγ’.
2847 2073 2956 2125 Καὶ
2986 2072 3191 2143 πρῶτοι
3221 2073 3318 2143 μὲν
3344 2073 3577 2145 ἀστέρες
3605 2075 3732 2126 ἀνα-

2169 2159 2438 2213 τέλλουσιν
2461 2161 2510 2214 οἱ
2541 2159 2830 2233 ἡγούμενοι
2857 2163 2963 2216 τῶν
2992 2163 3050 2216 έν
3084 2161 3164 2232 τῷ
3195 2161 3381 2234 ῥόμϐῳ
3407 2163 3472 2225 6',
3509 2163 3733 2233 ἔσχατος

2170 2252 2227 2306 66
2256 2252 2362 2306 τῶν
2383 2255 2439 2306 ὲν
2465 2256 2530 2326 τῇ
2555 2252 2692 2326 οὐρᾷ
2717 2257 2745 2308 6
2771 2254 3101 2329 νοτιὼσερος.
3123 2257 3462 2328 Μεσουρανεῖ
3479 2256 3536 2309 δὲ
3561 2264 3609 2310 α’
3638 2258 3735 2327 μὲν

2171 2345 2201 2397 6
2229 2343 2512 2416 ἀριστερὸς
2544 2345 2676 2410 ποῦς
2707 2347 2803 2417 τῆς
2856 2347 3230 2416 Ἀνδρομέδας,
3281 2345 3510 2417 ἔσχατος
3542 2346 3599 2399 δὲ
3640 2346 3734 2399 τοῦ

2173 2434 2486 2508 Κενταύρου
2524 2437 2552 2488 6
2579 2437 2915 2510 βορειότατος
2943 2436 3050 2491 τῶν
3082 2438 3138 2490 6v
3169 2437 3248 2508 τῷ
3284 2437 3488 2509 θύρσῳ,
3521 2439 3617 2491 καὶ
3641 2439 3738 2508 τῆς

2177 2530 2452 2601 Παρθένου
2478 2533 2506 2585 6
2535 2533 2630 2587 ἀπ’
2660 2533 2891 2604 Ἄρκτου
2923 2533 3168 2602 κείμενος
3192 2533 3286 2586 τοῦ
3309 2532 3485 2600 δεξιοῦ
3515 2535 3735 2602 γόνατος

513 2663 604 2718 καὶ
654 2623 748 2711 τοῦ
789 2651 977 2714 ποδὸς,
1026 2647 1100 2710 ὼς
1145 2640 1446 2714 ἡμιπήχιον
1497 2629 1903 2706 προηγούμενος
1951 2623 2065 2718 τοῦ-
2107 2625 2496 2718 μεσημϐρινοῦ.
2525 2626 2822 2680 Ἀνατέλλει
2841 2627 2898 2680 δὲ
2918 2628 2945 2679 6
2964 2627 3156 2698 Δελφὶς
3177 2628 3233 2681 ὲν
3255 2627 3295 2680 6'
3322 2628 3479 2699 μέρει
3501 2637 3548 2682 α’
3570 2630 3735 2702 ὧρας.

585 2752 782 2806 Perseo
819 2743 1062 2799 cooritur
1086 2752 1246 2792 arcus
1269 2730 1475 2788 zodiaci
1507 2743 1537 2782 a
1565 2721 1886 2795 Capricorni
1914 2718 1986 2773 25
2003 2715 2071 2770 ad

2247 2717 2352 2772 Τοῦ
2395 2719 2452 2772 δὲ
2493 2721 2746 2792 Περσέως
2785 2720 3192 2785 ἀνατέλλοντος,
3230 2722 3611 2775 συνανατέλλει
3644 2723 3739 2793 μὲν

513 2842 712 2899 Arietis
740 2838 805 2892 14
835 2833 1104 2895 medium;
1127 2827 1388 2883 culminat
1419 2837 1447 2876 a
1476 2818 1691 2888 Scorpii
1715 2814 1780 2870 16
1808 2813 1982 2868 medio
2005 2810 2066 2865 ad

2177 2808 2323 2880 αύτῷ
2357 2812 2386 2863 6
2420 2810 2682 2875 ζωδιακὸς
2719 2810 2828 2866 ἀπὸ
2869 2811 3150 2882 Αίγόκερω
3190 2818 3232 2863 ε’
3271 2812 3367 2864 καὶ
3405 2818 3453 2865 κ’
3482 2813 3596 2883 μοί.
3637 2813 3739 2876 ἔως

517 2936 550 2990 8
589 2932 825 2989 medium
878 2919 1219 2993 Capricorni.
1249 2915 1516 2987 Princeps
1549 2910 1726 2964 oritur
1767 2905 1923 2961 stella
1954 2915 2066 2972 qua!

2179 2899 2348 2970 Κριοῦ
2377 2901 2436 2993 ιδ’
2467 2901 2656 2973 μέσηςσ
2692 2904 3012 2972 μεσουρανεῖ
3033 2901 3090 2955 δὲ
3119 2900 3226 2955 ἀπὸ
3245 2901 3339 2955 τοῦ
3364 2903 3638 2975 Σκορπίου
3670 2909 3740 2968 ις’

515 3037 599 3083 est
631 3027 685 3080 in
710 3023 886 3091 IIarpe
917 2992 1198 3076 nebulosa,
1223 3009 1443 3072 ultimm,
1461 3019 1581 3074 qua:
1611 3014 1776 3071 supra
1802 2995 2066 3052 Pleiadem

2507 2992 2785 3065 Αίγόκερω
2811 3000 2859 3065 η’
2885 2993 3074 3064 μέσης.
3102 2993 3210 3046 Καὶ
3231 2999 3278 3046 α’
3305 2994 3402 3064 μὲν
3423 2993 3602 3065 ἀστὴρ
3627 2996 3743 3048 ἀνα-

621 3082 846 3172 sinistre
877 3107 1033 3180 pede.
1067 3101 1342 3158 Culminat
1386 3097 1562 3166 primo
1597 3090 1776 3146 lucida
1821 3101 1941 3158 quae
1986 3093 2066 3140 est

2176 3082 2401 3180 1:661:16
2426 3085 2483 3138 ὲν
2516 3086 2582 3155 τῇ
2609 3085 2793 3159 ’Ἀρπῃ
2824 3085 3179 3158 νεφελοειδὴς,
3205 3085 3419 3156 ἔσχατοι
3446 3087 3504 3139 66
3533 3089 3583 3140 ot
3609 3089 3743 3158 ὑπὲρ

520 3211 574 3264 i-n
603 3210 710 3262 Ara
763 3201 961 3263 media,
1013 3205 1068 3251 et
1116 3189 1430 3263 Engonasin
1481 3181 1812 3238 antecedens
1861 3173 2066 3231 hum'eri

2174 3172 2273 3244 τὴν
2299 3173 2530 3228 Πλειάδα
2555 3177 2613 3228 ὲν
2640 3174 2718 3246 τῷ
2738 3175 3008 3248 ἀριστερῷ
3033 3177 3154 3230 ποδὶ
3177 3178 3441 3248 κείμενοι.
3460 3179 3744 3250 Meo-0091-

518 3299 719 3363 dextri,
749 3311 870 3368 qua:
905 3291 1067 3349 estin
1109 3283 1367 3349 brachio;
1403 3281 1595 3336 ultima
1623 3271 1944 3344 Capricorni
1980 3271 2066 3324 bo«

2177 3269 2256 3319 νεί
2281 3267 2337 3320 δὲ
2365 3267 2537 3338 ἀστὴρ
2552 3274 2598 3321 α’
2620 3269 2718 3339 μὲν
2740 3270 2768 3320 6
2783 3269 2841 3321 ὲν
2861 3268 3012 3339 μέσῳ
3034 3267 3111 3338 τῷ
3131 3268 3483 3341 Θυμιατηρίῳ
3498 3270 3747 3343 λαμπρὸς

519 3358 718 3451 realior
766 3358 952 3446 earum
973 3380 1100 3455 quae
1123 3386 1250 3435 sunt
1281 3378 1336 3431 in
1364 3371 1649 3444 geniculis.
1685 3366 1817 3422 Item
1841 3381 1870 3420 e
1891 3363 2066 3434 Cygnc

2179 3358 2272 3455 καὶ
2300 3359 2394 3455 τοῦ
2435 3360 2523 3413 Ἐν
2549 3359 2768 3430 γόνασιν
2793 3363 2821 3414 ὁ
2845 3360 3252 3432 προηγούμενος
3273 3360 3365 3414 τοῦ
3394 3361 3576 3426 δεξιοῦ
3599 3362 3747 3434 ὤμου

522 3485 791 3542 borealior
823 3493 1032 3544 earum,
1071 3487 1191 3545 qute
1231 3471 1287 3524 in
1328 3469 1414 3522 ala
1461 3465 1676 3526 dextra,
1719 3452 2066 3515 semicubitali

2180 3450 2238 3503 ὲν
2270 3450 2346 3522 τῷ
2369 3449 2633 3522 βραχίονι,
2663 3452 2889 3523 ἔσχατος
2913 3452 2970 3506 δὲ
2997 3451 3091 3504 τοῦ
3116 3452 3395 3526 Δίγόκερω
3421 3455 3450 3506 6
3475 3453 3748 3527 βορειότε-

524 3578 636 3633 fere
668 3572 958 3630 interstitio
979 3543 1337 3623 meridianum
1360 3555 1706 3615 antecedens.
1741 3549 1926 3606 Oritur
1947 3545 2066 3602 Per-

2183 3559 2276 3614 ρος
2296 3543 2405 3596 τῶν
2423 3545 2478 3598 ἐν
2492 3546 2605 3607 τοῖς
2624 3544 2911 3612 γονατίοις,
2932 3543 3137 3599 καὶτοῦ
3161 3546 3406 3617 Ὄρνιθος
3434 3547 3465 3598 6
3485 3546 3749 3618 βορειότε-

525 3685 653 3726 seus
684 3667 832 3722 horis
855 3665 909 3729 5,
940 3663 1042 3718 50'.

2187 3651 2276 3707 ρος
2303 3635 2430 3729 ’τῶν
2469 3638 2528 3690 ὲν
2667 3637 2815 3708 δεξιᾷ
2864 3637 3115 3708 πτέρυγι,
3166 3637 3242 3701 ὡς
3283 3639 3586 3710 ἡμιπήχιον
3616 3657 3748 3709 προ-

2183 3725 2482 3796 ηγούμενος
2501 3726 2594 3779 τοῦ
2621 3725 3014 3798 μεσημϐρινοῦ.
3051 3725 3352 3780 Ἀνατέλλει
3371 3726 3430 3780 66
3451 3728 3482 3779 6
3507 3728 3749 3800 Περσεὺς

2184 3816 2241 3868 έν
2273 3813 2443 3886 ὥραις
2470 3821 2518 3885 γ’
2550 3815 2647 3868 καὶ
2671 3815 2882 3886 ἡμίσει,
2912 3815 3004 3868 καὶ
3029 3822 3075 3884 γ’
3105 3816 3259 3886 μέρει
3292 3814 3464 3889 ῶρας.

573 3931 729 3987 ῖϐυιη
764 3934 965 3996 Auriga
999 3922 1258 3978 zodiacus
1291 3916 1467 3971 oritur
1501 3930 1531 3968 a
1561 3909 1803 3967 Piscium
1836 3912 1990 3978 parte
2021 3903 2066 3956 I.

2255 3908 2361 3961 Τοῦ
2386 3907 2443 3962 66
2485 3907 2730 3980 Ἡνιόχου
2757 3908 3157 3973 ἀνατέλλοντος,
3184 3909 3566 3962 συνανατέλλει
3600 3910 3696 3980 μὲν
3722 3910 3752 3960 6

525 4024 724 4085 media,
751 3992 924 4090 usque
952 4015 1021 4070 ad
1041 4011 1208 4068 Tauri
1239 4010 1302 4065 16
1334 4006 1600 4071 mediam;
1629 4001 1896 4057 culminat
1923 4011 1954 4050 a
1984 3992 2066 4049 Sa

2187 3997 2443 4064 ζωδιακὸς
2472 3997 2579 4052 ἀπὸ
2619 3996 2836 4068 Ἰχθύων
2868 3997 2976 4069 μοί.
3003 4004 3068 4051 ια’
3098 3999 3267 4070 μέσης
3288 3997 3395 4062 ἔως
3419 3998 3514 4051 τοῦ
3537 3999 3752 4070 Ταύρου

513 4112 732 4186 .gittarii
757 4089 1041 4178 207gradu
1066 4101 1133 4157 ad
1159 4097 1484 4171 Capricorni
1523 4093 1614 4148 29.
1656 4091 1852 4186 I’rimze
1901 4097 2066 4141 ortun

2190 4098 2262 4156 ις’
2295 4091 2495 4162 μέσης’
2535 4092 2856 4162 μεσουρανεῖ
2895 4089 2952 4142 δὲ
3001 4089 3109 4143 61:6
3151 4089 3378 4156 Τοξότου
3412 4095 3461 4142 κ’
3490 4089 3602 4159 μοὶ.
3645 4089 3752 4150 ἕως

527 4178 733 4256 faciunt
761 4197 951 4261 stellae,
984 4209 1103 4264 qua:
1137 4199 1260 4244 sunt
1286 4188 1341 4241 in
1378 4186 1588 4256 capite;
1617 4181 1826 4243 ultima,
1856 4191 1977 4248 qua:
2005 4190 2062 4230 es

2187 4183 2466 4254 Αίγόκερω
2493 4182 2536 4235 θ’
2565 4181 2657 4235 καὶ
2687 4189 2755 4237 κ’.
2783 4183 2893 4236 Καὶ
2921 4183 3126 4264 πρῶτοι
3151 4181 3248 4250 μὲν
3279 4180 3498 4250 ἀστέρες
3521 4178 3751 4232 ἀνατέλ-

527 4255 810 4343 ιτιῗιιολιτο
839 4255 1309 4352 ρεόέίειιιιιιίηιιι
1345 4273 1523 4342 prima
1559 4266 1842 4339 Sagittarii
1885 4275 2060 4333 praeee

2187 4274 2366 4327 λουσιν
2388 4275 2437 4326 οἱ
2458 4275 2515 4327 ἐν
2535 4276 2598 4344 τῇ
2623 4273 2852 4344 κεφαλῇ,
2882 4255 3105 4344 ἔσχατος
3129 4273 3186 4325 66
3204 4274 3231 4326 6
3252 4275 3310 4326 ὲν
3327 4271 3398 4341 τῷ
3418 4268 3574 4339 δεξιῷ
3597 4269 3752 4324 ποδί.

526 4382 660 4436 dens
681 4391 868 4434 earum
897 4389 1015 4444 quae
1042 4379 1171 4426 sunt
1205 4369 1259 4422 in
1291 4380 1460 4434 sago;
1491 4369 1546 4418 et
1575 4374 1786 4422 earum,
1811 4371 1932 4426 quae
1957 4365 2066 4409 sun‘

2188 4368 2524 4438 Μεσουρανεῖ
2553 4366 2608 4418 δὲ
2633 4372 2677 4419 α’
2709 4365 2807 4436 μὲν
2831 4365 3006 4436 ἀστὴρ
3031 4363 3127 4417 τοῦ
3149 4365 3191 4416 Τ
3193 4363 3376 4428 οξότου
3400 4364 3426 4414 ὁ
3448 4361 3757 4432 ἡγούμενος

517 4474 581 4528 .in
607 4474 791 4535 dorso,
822 4467 1022 4523 media.
1041 4464 1172 4517 Item
1204 4459 1431 4530 Anguis,
1465 4470 1625 4525 quem
1655 4448 1973 4521 Ophiuchus
1999 4453 2066 4500 te-

2186 4458 2292 4512 τῶν
2325 4459 2382 4510 ὲν
2408 4461 2474 4528 τῇ
2507 4456 2779 4526 ὲφαπτίδι,
2828 4456 2921 4509 καὶ
2961 4457 2990 4508 6
3031 4457 3192 4526 μέσος
3229 4455 3339 4507 τῶν
3374 4456 3427 4507 ὲν
3461 4453 3537 4524 τῷ
3573 4451 3756 4523 νώτῳ,

526 4575 638 4629 net,
677 4561 914 4619 secunda
951 4559 1018 4612 ab
1043 4564 1286 4612 extrema
1341 4549 1534 4605 cauda.
1582 4543 1782 4598 Ultima
1820 4538 2066 4595 culmina

2189 4552 2280 4604 καὶ
2306 4551 2397 4604 τοῦ
2427 4553 2659 4621 Ὄφεως,
2689 4549 2748 4602 ὂν
2773 4548 2884 4620 ἔχει
2912 4550 2940 4602 6
2988 4547 3286 4618 Ὀφιοῦχος,
3320 4548 3349 4599 6
3378 4546 3422 4616 β’
3455 4547 3546 4599 ἀπ’
3581 4545 3760 4616 ἄκρας

519 4658 708 4712 lucida
755 4656 810 4708 in
846 4655 988 4707 rictu
1017 4648 1188 4718 Equi,
1215 4653 1268 4700 et
1297 4641 1465 4714 Cygni
1491 4639 1836 4706 subsequens
1862 4633 1917 4688 in
1950 4630 2056 4687 sini

2187 4640 2286 4710 τῆς
2311 4641 2476 4709 οὐρᾶς
2497 4635 2916 4711 ἀριθμούμενος·
2952 4635 3175 4707 ἔσχατος
3203 4637 3259 4688 66
3293 4637 3678 4707 μεσουρανεῖοό
3702 4638 3760 4687 ἐν

525 4759 642 4805 strn
672 4746 838 4816 pede,
871 4757 972 4796 nec
1015 4756 1125 4795 non
1172 4738 1227 4791 in
1266 4734 1482 4804 Cepheo
1530 4727 1820 4784 australior
1869 4732 2066 4779 antece‘

2187 4730 2264 4802 τῷ
2301 4732 2489 4802 ῥύγχει
2522 4732 2615 4785 τοῦ
2650 4734 2847 4786 Ἵππου
2875 4727 3144 4799 λαμπρὸς,
3184 4729 3277 4781 καὶ
3305 4727 3399 4780 τοῦ
3445 4727 3697 4800 Ὄρνιθος
3731 4727 3762 4778 6

525 4840 769 4894 dentium
791 4835 947 4905 130
973 4831 1184 4886 humeri
1205 4827 1382 4882 dextri
1401 4821 1806 4880 solendidarum
1830 4817 2061 4872 duarum

2191 4822 2453 4892 ἑπόμενος
2492 4823 2548 4874 ἐν
2585 4821 2661 4892 τῷ
2701 4818 2975 4892 ἀριστερῷ
3007 4817 3147 4879 ποδὶ,
3188 4815 3280 4869 καὶ
3313 4815 3408 4867 τοῦ
3458 4816 3696 4885 Κηφέως
3733 4817 3762 4866 6

526 4935 712 4988 Oritur
731 4904 1041 4983 Heniochus
1065 4923 1212 4978 horis
1260 4916 1311 4973 5.
1913 4904 1918 4908 ’

2192 4912 2504 4983 νοτιώτερος
2553 4912 2657 4965 τῶν
2705 4909 3126 4983 προηγουμένων
3173 4905 3266 4960 τοῦ
3307 4905 3485 4970 δεξιοῦ
3523 4905 3678 4976 ῶμου
3717 4905 3759 4974 β’

2191 4999 2459 5066 ὲκφανῶν.
2504 4998 2802 5052 Ἀνατέλλει
2828 4997 2884 5050 δὲ
2913 4999 2940 5050 6
2983 4996 3220 5066 Ἡνίοχος
3246 4996 3304 5048 ὲν
3333 4994 3503 5066 ὥραις
3529 5002 3600 5064 γ’.

2261 5089 2389 5145 Kl".
2421 5091 2556 5162 Περὶ
2603 5090 2698 5160 μὲν
2731 5085 2823 5142 οῦν
2855 5088 2953 5151 τὰς
2983 5087 3244 5150 ἀνατολὰς
3276 5088 3383 5141 τῶν
3405 5086 3765 5159 βορειοτέρων

2191 5182 2405 5252 ἄστρων
2436 5181 2529 5234 τοῦ
2565 5180 2828 5245 ζωδιακοῦ
2857 5179 3056 5232 κύκλου
3086 5178 3257 5233 ταῦτα
3282 5179 3571 5250 συμϐαίνει
3610 5181 3669 5232 ὲν
3696 5181 3763 5248 τῇ

2193 5271 2567 5344 προειρημένῃ
2595 5271 2686 5324 τοῦ
2713 5271 2919 5343 κόσμου
2946 5267 3205 5341 ἐγκλίσειο
3231 5270 3360 5343 περὶ
3380 5270 3435 5323 66
3465 5269 3568 5334 τὰς
3599 5287 3768 5322 καταο

2191 5363 2373 5426 δύσεις
2403 5363 2470 5416 τὰ
2499 5361 2745 5415 τοιαῦτα.

601 5099 783 5154 XXIII.
819 5099 940 5154 Ilaec
973 5101 1030 5153 in
1059 5099 1182 5153 coeli
1215 5096 1566 5152 inclinatione
1600 5092 1712 5156 illa,
1748 5105 1916 5161 quam
1946 5088 2091 5143 dixi-

528 5210 672 5258 mus,
699 5191 954 5246 accidunt
980 5192 1126 5245 circa
1157 5199 1312 5244 ortus
1335 5188 1598 5249 siderum,
1618 5199 1740 5256 quae
1771 5182 1840 5237 ad
1869 5188 2091 5251 septen-

527 5285 735 5336 triones
767 5292 895 5336 sunt
932 5281 1140 5335 zodiaci
1178 5278 1393 5335 circuli.
1436 5276 1680 5331 Occasus
1720 5283 1904 5328 autem
1930 5271 2006 5324 ita
2030 5284 2092 5324 se

531 5376 756 5431 habent.

2264 5475 2369 5529 Τοῦ
2404 5473 2612 5528 Βοὼτου
2647 5473 2918 5539 δύνοντος,
2965 5475 3356 5546 συγκαταδύνει
3407 5475 3506 5545 μὲν
3553 5474 3703 5545 αὐτῷ
3735 5474 3764 5524 6

2196 5565 2457 5631 ζωδιακὸς
2490 5566 2596 5619 ἀπὸ
2626 5567 2891 5636 Σκορπίου
2917 5566 3023 5636 μοί.
3052 5573 3104 5631 ς’
3128 5567 3232 5629 ἓως
3252 5567 3627 5636 Αξγοκέρωτος
3648 5563 3759 5631 μοί.

2202 5660 2263 5714 ιθ¹
2289 5661 2478 5732 μέσης
2511 5660 2830 5732 μεσουρανεῖ
2854 5658 2908 5711 66
2937 5657 3044 5712 61:6
3067 5656 3435 5729 Αἱγοκέρωτος
3460 5655 3572 5727 μοί.
3600 5655 3646 5728 β’
3667 5651 3761 5708 καὶ

594 5486 761 5541 Boote
776 5487 1056 5542 occidente
1077 5486 1332 5540 zodiacus
1347 5499 1469 5539 cum
1490 5497 1554 5538 eo
1575 5479 1856 5538 descendit
1877 5495 1906 5534 a
1925 5477 2090 5534 Scoro

528 5575 602 5644 pii
635 5585 786 5643 parte
819 5575 852 5630 ϐ
891 5575 959 5629 ad
993 5576 1313 5645 Capricorni
1348 5574 1412 5627 19
1457 5574 1723 5638 mediam;
1756 5573 2019 5627 culminat
2048 5587 2079 5625 a

526 5665 851 5736 Capricorni
883 5666 952 5720 2?.
974 5667 1040 5722 ad
1075 5667 1273 5722 Arietis
1306 5666 1362 5721 4.
1393 5665 1548 5722 I’rior
1575 5664 1800 5731 occidit,
1832 5681 1952 5735 qua:
1992 5680 2092 5719 au-
