4040 6206
305 223 439 281 1101

1280 225 1648 282 ﬂlPPARCHl
1684 223 1774 278 Al)
1813 221 2260 279 ΡΗᾸΞΝΟΜΕΝΑ
2298 223 2425 278 LIB.
2464 223 2529 280 11.

3375 225 3516 283 1102

301 349 353 398 κ’
385 343 490 406 ἓως
517 341 689 413 Κριοῦ
712 342 909 398 δ’.Καὶ
928 350 976 398 α’
1004 345 1100 414 μὲν
1128 344 1304 415 ἀστὴρ
1329 343 1475 397 δύνει
1500 345 1528 397 6
1550 342 1864 406 νοτιῶτατος

1966 341 2149 396 stratis
2175 349 2257 396 est
2280 342 2512 396 maxime
2539 353 2744 406 earum,
2768 356 2888 412 qua:
2914 341 2968 396 in
2996 341 3226 398 sinistro
3247 340 3416 413 pede;
3440 345 3523 397 ut-

303 433 414 487 τῶν
445 435 502 486 ὲν
528 433 607 503 τῷ
647 433 916 506 ἀριστερῷ
959 433 1097 494 ποδὶ,
1128 433 1350 503 ἔσχατος
1378 434 1433 486 δὲ
1471 436 1500 487 6
1534 433 1864 504 βορειότατος

300 523 412 578 ’τῶν
461 524 518 576 ὲν
568 523 643 594 τῷ
691 523 1010 595 κολλορόδῳ.
1069 527 1411 596 Μεσουρανεῖ
1455 525 1512 579 δὲ
1558 526 1664 578 τῶν
1693 525 1865 578 ἀλλων

303 615 557 668 ἀπλανῶν
585 619 633 668 6'
658 615 754 684 μὲν
775 615 867 668 :66
893 615 1158 687 Ὄρνιθος,
1187 597 1288 668 όὲν
1319 618 1459 690 μέσῃ
1486 619 1550 688 τῇ
1571 618 1706 688 οὐρᾷ
1729 617 1866 688 λαμ-

304 707 463 778 πρὸς,
495 707 588 759 καὶ
627 706 719 759 :66
747 707 1026 778 Αίγόκερω
1062 708 1090 759 6
1121 708 1420 778 ἡγούμενος
1449 708 1556 761 τῶν
1585 709 1692 761 ἀπὸ
1715 710 1865 762 νότου

303 799 728 870 παρακειμένων
752 801 862 861 τοῖς
887 799 944 851 ἐν
970 803 1034 870 τῇ
1067 801 1221 870 οὐρᾷ,
1258 799 1483 868 ἔσχατος
1515 799 1570 852 δὲ
1603 799 1694 853 :66
1728 803 1867 872 Περ-

307 889 444 951 σέως
462 891 490 942 6
515 891 573 942 ἐν
597 891 663 959 τῇ
690 890 872 960 Ἀρπῃ
895 890 1248 962 νεφελοειδὴς,
1271 891 1363 943 καὶ
1383 891 1474 943 :66
1499 892 1667 962 Κριοῦ
1691 896 1718 946 6
1743 895 1867 948 ἑπό-

309 998 467 1052 μενος
486 980 590 1033 τῶν
607 982 663 1033 έν
678 983 742 1052 τῇ
766 981 968 1052 κεφαλῇ
985 988 1053 1048 γ’,
1079 981 1170 1034 καὶ
1191 983 1220 1034 6
1243 981 1539 1052 Σύνδεσμος
1555 982 1662 1035 τῶν
1686 981 1863 1042 λίνων.

304 1070 461 1122 Δύνει
495 1069 551 1122 δὲ
582 1069 610 1121 6
647 1068 861 1140 Βοώτης
893 1071 950 1123 ὲν
990 1070 1157 1142 ὥραις
1188 1073 1525 1143 ίσημεριναῖς
1552 1071 1594 1125 6'
1624 1073 1717 1125 καὶ
1747 1073 1867 1126 δυσὶ

309 1162 532 1232 μέρεσιν
566 1160 738 1233 ὥρας.

376 1253 481 1306 T66
510 1253 566 1306 δὲ
591 1253 858 1322 Στεφάνου
879 1253 1141 1320 δύνοντος,
1162 1258 1549 1325 συγκαταδύνει
1578 1260 1675 1331 μὲν
1703 1261 1730 1312 6
1759 1260 1865 1325 ζωα-

305 1343 489 1407 διακὸς
514 1343 620 1396 ἀπὸ
641 1342 735 1396 τοῦ
767 1343 991 1410 Τοξότου
1021 1345 1130 1415 μοί.
1167 1353 1214 1415 γ’
1250 1348 1343 1400 καὶ
1377 1355 1424 1402 κ’
1453 1349 1556 1412 ἓως
1589 1351 1867 1422 Αἰγόκερω

305 1437 348 1489 δ’
378 1437 564 1507 μέσηςο
593 1439 915 1506 μεσουρανεῖ
940 1437 996 1490 δὲ
1023 1439 1128 1492 ἀπὸ
1159 1441 1259 1510 τῆς
1291 1443 1464 1513 ἀρχῆς
1497 1444 1602 1497 τῶν
1651 1445 1866 1515 Ἰχθύων

306 1524 412 1589 ἓως
454 1525 670 1596 Ἰχθύων
699 1527 807 1597 μοί.
851 1525 908 1579 ιδ’
939 1527 1131 1600 μέσης.
1165 1531 1274 1583 Καὶ⁵
1305 1537 1352 1583 α’
1388 1533 1486 1602 μὲν
1519 1533 1692 1604 ἀστὴρ
1721 1535 1865 1587 δύνει

305 1619 336 1671 6
373 1617 747 1689 λαμπρότατος
788 1619 896 1672 τῶν
939 1621 998 1672 ὲν
1039 1620 1119 1692 τῷ
1159 1622 1432 1694 Στεφάνῳ,
1481 1625 1706 1695 ἔσχατος
1744 1627 1801 1680 δὲ
1837 1629 1865 1681 6

308 1709 698 1782 ἀμαυρότερος,
729 1711 822 1763 καὶ
851 1710 1072 1782 ἔσχατος
1104 1712 1177 1765 ὥν
1207 1715 1306 1784 τῆς
1333 1715 1606 1788 ἑπομένης
1639 1736 1865 1790 περιφε-

310 1803 480 1873 ρείας.
517 1804 852 1874 Μεσουρανεῖ
880 1804 936 1858 δὲ
968 1806 1076 1859 τῶν
1097 1805 1268 1861 ἄλλων
1291 1809 1534 1880 ἀστέρων
1558 1817 1606 1863 α’
1636 1812 1735 1882 μὲν
1758 1814 1866 1870 τῶν

320 1894 535 1966 Ἰχθύων
559 1895 652 1948 τοῦ
681 1897 993 1969 νοτιωτέρου
1023 1899 1050 1950 ὁ
1080 1900 1138 1950 ὲν
1169 1898 1314 1971 ἄκρᾳ
1336 1903 1400 1972 τῇ
1434 1903 1569 1972 οὐρᾷ
1593 1903 1864 1977 λαμπρὸς,

306 1987 400 2040 καὶ
427 1985 520 2040 τοῦ
549 1987 683 2058 πρὸς
713 1987 862 2042 νότον
896 1989 1058 2042 αὐτοῦ
1089 1990 1338 2061 κειμένου
1368 1993 1864 2068 παραλληλογράμ-

311 2098 410 2152 μου
436 2081 486 2134 οἱ
513 2080 824 2152 ἡγούμενοι,
863 2080 1076 2150 ἔσχατοι
1112 2082 1169 2136 δὲ
1206 2085 1234 2136 6
1272 2101 1331 2136 τε
1366 2086 1423 2138 ὲν
1455 2087 1604 2158 μέσῳ
1643 2089 1720 2160 τῷ
1760 2088 1865 2142 σῶ-

310 2191 439 2245 ματι
462 2174 560 2245 τῆς
579 2172 961 2237 Κασσιεπείας,
986 2174 1079 2226 καὶ
1098 2175 1126 2227 6
1151 2176 1208 2228 ὲν
1234 2179 1298 2246 τῇ
1322 2177 1582 2250 ἀριστερᾷ
1603 2182 1744 2251 χειρὶ
1767 2182 1864 2252 τῆς
1910 2209 1914 2214 .

319 2263 689 2336 Ἀνδρομέδας.
726 2261 880 2316 Δύνει
907 2261 962 2316 δὲ
986 2263 1014 2316 6
1045 2263 1313 2333 Στέφανος
1351 2268 1408 2319 ὲν
1441 2266 1560 2338 ὥρα
1597 2275 1645 2322 α’
1671 2269 1745 2332 ὥς
1777 2269 1866 2338 ἐγ-

304 2370 487 2423 γιστα.

376 2445 482 2498 Τθύ
523 2445 581 2498 δὲ
629 2446 716 2499 Ἔν
751 2444 938 2514 γόνασι
978 2443 1240 2510 δύνοντος,
1284 2450 1672 2517 συγκαταδύνει
1707 2452 1805 2524 μὲν
1837 2454 1866 2506 6

304 2537 564 2602 ζωδιακὸς
591 2538 699 2590 ἀπὸ
726 2536 819 2590 :66
843 2536 1068 2603 Τοξότου
1100 2539 1208 2608 μοί.
1239 2540 1295 2592 ιδ’
1316 2541 1420 2604 ἕως
1455 2542 1739 2614 ’Υδροχόου
1769 2552 1860 2610 ις’·

307 2628 628 2698 μεσουρανεῖ
657 2626 713 2680 δὲ
754 2625 861 2680 ἀπὸ
898 2625 989 2680 :66
1028 2627 1307 2698 ’Υδροχόου
1342 2630 1449 2699 μοί.
1481 2638 1529 2699 γ’
1558 2633 1651 2685 καὶ
1688 2640 1735 2686 κ’
1762 2634 1865 2698 ἕως

303 2713 516 2782 Ταύρου
554 2713 660 2784 μοί.
691 2718 739 2784 η’
775 2713 967 2785 μέσης.
1003 2715 1112 2768 Καὶ
1147 2722 1194 2768 α’
1233 2717 1330 2787 μὲν
1366 2721 1541 2791 ἀστὴρ
1577 2721 1723 2775 δύνει
1753 2726 1781 2777 6
1807 2726 1864 2778 ὲν

303 2803 452 2874 ἄκρᾳ⁸
478 2806 542 2874 τῇ
571 2803 718 2875 δεξιᾷ
750 2805 911 2876 χειρὶ,
950 2804 1173 2876 ἔσχατος
1211 2807 1266 2860 δὲ
1311 2811 1339 2862 6
1379 2811 1438 2863 ὲν
1478 2810 1554 2882 τῷ
1592 2813 1863 2886 ἀριστερῷ

304 2896 444 2949 ποδί.
486 2897 819 2967 Μεσουρανεῖ
858 2897 914 2948 δὲ
945 2897 1051 2951 τῶν
1086 2898 1257 2952 ἄλλων
1285 2902 1528 2974 ἀστέρων
1553 2905 1645 2958 :66
1681 2908 1776 2977 μὲν
1805 2911 1863 2962 ὲν

301 2987 382 3058 τῷ
413 2987 677 3059 ’Υδροχόῳ
709 2988 897 3053 ὓδατος
932 2992 960 3043 6
987 2993 1239 3063 ἐχόμενος
1264 2993 1369 3049 τῶν
1399 2997 1454 3049 έν
1482 3000 1547 3068 τῇ
1576 2999 1615 3051 6'
1639 3016 1863 3072 συστρο-

304 3080 402 3148 φῇ,
431 3078 524 3131 :66
564 3078 619 3132 δὲ
647 3081 840 3134 Ἵππου
879 3083 906 3134 6
935 3081 1266 3154 βορειότερος
1298 3085 1404 3138 τῶν
1449 3087 1505 3141 ὲν
1537 3089 1613 3159 τῷ
1650 3092 1857 3160 σώματι

303 3171 563 3241 συνεχῶν,
591 3171 685 3224 :66
713 3173 769 3225 δὲ
800 3173 1033 3245 Κηφέως
1072 3176 1100 3228 6
1137 3175 1420 3248 ἀριστερὸς
1465 3173 1613 3250 ὦμος
1654 3184 1863 3256 ἡμιπή-

303 3277 419 3332 χιον
465 3261 882 3334 ὑπολειπόμενος
924 3263 1018 3317 :66
1069 3267 1459 3338 μεσημϐρινοῦ.
1513 3273 1775 3342 Ἕσχατος
1804 3276 1860 3328 δὲ

305 3356 631 3425 μεσουρανεῖ
655 3353 745 3407 τοῦ
771 3356 828 3408 ὲν
856 3355 933 3426 τῷ
953 3358 1121 3426 Κήτει
1153 3359 1550 3430 τετραπλεύρου
1575 3365 1603 3415 6
1624 3366 1863 3420 vom-3::-

304 3461 396 3515 ρος
426 3444 534 3498 τῶν
561 3446 835 3516 ἑπομένων
857 3446 1144 3520 λαμπρῶν,
1179 3452 1272 3502 καὶ
1301 3453 1329 3503 6
1361 3452 1494 3522 πρὸς
1517 3457 1861 3528 μεσημϐρίαν

303 3534 551 3604 κείμενος
591 3535 1025 3606 ἀκατονόμαστος
1074 3538 1338 3610 λαμπρός.
1388 3541 1540 3595 Δύνει
1592 3544 1648 3597 δὲ
1694 3548 1721 3598 6
1775 3547 1860 3599 Ἐν

301 3627 520 3694 γόνασιν
557 3629 614 3681 ὲν
651 3627 817 3700 ὥραις
844 3629 885 3682 δ’
915 3629 1008 3684 καὶ
1035 3632 1178 3702 τρισὶ
1213 3635 1644 3705 πεμπτημορίοις
1673 3637 1746 3700 ὥς
1771 3637 1860 3706 ἑγ-

302 3737 482 3789 γιστα.

372 3815 496 3870 KA'.
525 3809 630 3866 T66
657 3813 710 3867 δὲ
741 3813 1018 3886 Ὀφιούχου
1049 3815 1312 3883 δύνοντος,
1349 3822 1736 3890 συγκαταδύνει
1763 3824 1860 3894 μὲν

299 3906 328 3957 6
355 3905 612 3970 ζωδιακὸς
643 3907 749 3960 ἀπὸ
773 3908 1036 3980 Σκορπίου
1071 3910 1179 3980 μοί.
1210 3919 1276 3964 ια’
1305 3913 1407 3977 ἓως
1436 3915 1716 3989 Αίγόκερω
1750 3919 1856 3988 μοί.

304 3995 348 4065 β’
368 4012 382 4025 ο
407 4001 726 4068 μεσουρανεῖ
747 3999 801 4053 δὲ
827 4000 932 4053 ἀπὸ
952 4002 1228 4075 Δίγόκερω
1249 4011 1289 4056 ε’
1316 4007 1408 4059 καὶ
1434 4015 1480 4060 κ’
1507 4008 1610 4073 ἕως
1647 4010 1862 4080 Ἰχθύων

307 4096 375 4142 ια’
403 4090 592 4161 μέσης.
629 4092 737 4145 Kal.
773 4099 820 4144 α’
847 4092 944 4162 μὲν
977 4094 1149 4166 ἀστὴρ
1175 4095 1317 4150 δύνει
1350 4101 1377 4151 6
1403 4100 1458 4151 ἐν
1488 4099 1563 4171 τῷ
1593 4103 1862 4173 ἀριστερῷ

301 4182 443 4247 ποδὶ,
473 4183 696 4254 ἔσχατος
725 4183 782 4236 δὲ
805 4185 833 4236 6
867 4187 924 4237 ἐν
958 4187 1022 4255 τῇ
1048 4188 1279 4258 κεφαλῇ.
1306 4190 1643 4263 Μεσουρανεί
1672 4195 1728 4247 δὲ
1755 4195 1860 4248 τῶν

300 4274 474 4329 ἄλλων
511 4275 751 4345 ἀστέρων
789 4283 836 4329 α’
869 4278 964 4347 μὲν
995 4277 1088 4330 :66
1113 4281 1391 4352 Αίγόκερω
1421 4285 1448 4336 6
1471 4285 1726 4354 ἑπόμενος
1753 4287 1859 4339 τῶν

301 4368 360 4420 ὲν
384 4371 450 4439 τῇ
485 4367 640 4438 οὐρᾷ,
683 4368 776 4420 καὶ
811 4368 903 4421 τοῦ
947 4369 1196 4441 Ὄρνιθος
1236 4373 1264 4424 6
1298 4373 1633 4443 βορειότατος
1664 4377 1770 4429 τῶν
1804 4379 1859 4430 ὲν
1893 4399 1937 4455 ο

299 4461 369 4530 τῇ
397 4457 544 4530 δεξιᾷ
580 4460 808 4530 πτέρυγι
833 4477 844 4490 ο
879 4460 1102 4531 ἔσχατος
1133 4461 1189 4515 δὲ
1223 4467 1322 4528 τῆς
1359 4468 1723 4532 Κασσιεπείας
1755 4471 1782 4522 6
1805 4471 1862 4522 ὲν

297 4553 366 4621 τῇ
400 4551 629 4622 κεφαλῇ,
659 4552 752 4605 καὶ
773 4553 802 4604 6
831 4554 887 4606 ὲν
911 4553 989 4624 τῷ
1015 4554 1186 4627 δίφρῳ
1219 4559 1410 4627 μικρός
1433 4576 1446 4589 ο
1477 4559 1570 4612 καὶ
1610 4562 1708 4631 τῆς
1751 4564 1864 4615 Ἀν-

297 4642 562 4714 δρομέδας
595 4647 624 4698 6
669 4644 1001 4718 βορειότατος
1029 4647 1136 4700 τῶν
1172 4650 1229 4701 ὲν
1269 4650 1346 4719 τῷ
1381 4651 1562 4722 στήθει
1584 4670 1598 4683 ο
1636 4655 1730 4706 καὶ
1769 4655 1861 4708 :66

296 4736 516 4806 Κήτους
540 4737 568 4788 6
591 4735 902 4810 νοτιώτερος
934 4739 1041 4792 τῶν
1072 4741 1127 4792 ὲν
1157 4743 1220 4812 τῇ
1249 4741 1402 4812 οὐρᾷ,
1432 4744 1623 4814 μικρὸν
1646 4745 1860 4799 ὑπολει-

296 4829 534 4898 πόμενος
574 4827 668 4881 :66
713 4830 1100 4901 μεσημϐρινοῦ.
1132 4830 1283 4886 Δύνει
1317 4833 1372 4886 δὲ
1418 4836 1446 4887 6
1492 4835 1767 4905 Ὀφιοῦχος
1804 4840 1861 4890 ἐν

297 4919 467 4990 ὥραις
497 4927 544 4989 γ’
574 4920 648 4984 ὥς
678 4921 922 4990 ἔγγιστα.

372 5011 487 5062 Ὅτ⁹
531 5010 596 5063 ἂν
641 5011 696 5064 δὲ
738 5015 766 5065 6
806 5014 964 5081 Ὄφις
1005 5013 1181 5078 δύνει,
1231 5015 1288 5067 ὃν
1337 5014 1448 5086 ἔχει
1481 5018 1510 5070 6
1558 5016 1858 5088 Ὀφιοῦχος,

299 5101 691 5169 συγκαταδύνει
723 5104 820 5174 μὲν
847 5105 991 5175 αὐτῷ
1029 5107 1056 5157 6
1082 5105 1341 5170 ζωδιακὸς
1371 5108 1478 5161 ἀπὸ
1507 5109 1775 5178 Σκορπίου
1807 5129 1860 5174 ςι

296 5191 394 5244 καὶ⁸
420 5198 466 5244 κ’
511 5193 681 5264 μέσης
709 5194 815 5264 μοί.
846 5195 949 5258 ἕως
976 5195 1250 5266 Αίγόκερω
1283 5199 1391 5268 μοί.
1430 5199 1474 5252 θ’
1493 5215 1507 5230 σ
1542 5205 1864 5272 μεσουρανεῖ

296 5283 356 5336 δὲ
379 5285 486 5338 ἀπὸ
517 5285 798 5357 ’Υδροχόου
841 5287 948 5356 μοί.
977 5293 1024 5358 η’
1055 5287 1158 5350 ἓως
1191 5288 1407 5359 Ἰχθύων
1440 5297 1488 5343 κ’
1523 5291 1706 5362 μέσης.
1753 5295 1862 5346 Καὶ

298 5375 506 5445 πρῶτοι
543 5393 641 5446 μεν
671 5376 898 5448 ἀστέρες
926 5376 1167 5430 δύνουσιν
1203 5379 1252 5430 οἱ
1294 5380 1350 5432 ἐν
1378 5379 1454 5450 τῷ
1486 5380 1715 5451 σώματι,
1749 5401 1862 5436 x6:-

297 5466 381 5518 νο).
421 5465 572 5529 ὄντες
608 5467 700 5520 καὶ
743 5468 844 5538 τῆς
881 5469 1170 5539 ἀριστερᾶς
1209 5471 1389 5540 χειρὸς
1426 5471 1517 5524 :66
1556 5473 1856 5543 Ὀφιούχου,

297 5556 524 5628 ἔσχατος
557 5560 612 5613 δὲ
654 5562 683 5613 6
725 5562 781 5613 ὲν
819 5561 963 5632 ἄκρᾳ
993 5564 1058 5632 τῇ
1092 5562 1246 5633 οὐρᾷ.
1280 5564 1616 5634 Μεσουρανεῖ
1657 5565 1713 5618 δὲ
1750 5566 1857 5619 τῶν

293 5648 469 5704 ἄλλων
498 5651 740 5722 ἀστέρων
765 5657 812 5704 α’
849 5652 944 5720 μὲν
972 5653 1000 5703 6
1042 5652 1098 5704 ἐν
1151 5651 1216 5722 τῷ
1254 5652 1411 5724 δεξιῷ
1456 5656 1576 5709 ποδὶ
1617 5657 1710 5710 :66
1742 5659 1856 5730 Κη-

1966 431 2118 494 tima,
2147 448 2267 502 quae
2298 440 2382 487 est
2415 432 2649 487 maxime
2692 433 2926 490 borealis
2955 432 3010 487 in
3057 432 3358 488 collorobo.
3391 433 3523 487 θυι-

1969 521 2140 576 minat
2186 537 2253 577 ex
2297 523 2420 579 aliis
2471 523 2838 580 inerrantibus
2882 524 3054 594 prima
3086 523 3309 594 quidem
3340 522 3524 577 lucida

1963 610 2157 683 Cygni,
2184 627 2305 683 quae
2334 613 2493 668 estin
2527 615 2734 680 cauda;
2767 623 2821 669 et
2845 614 2900 668 in
2939 613 3273 684 Capricorno
3307 621 3526 666 antece-

1965 703 2100 760 dens
2121 720 2308 760 carum
2337 721 2455 774 qua:
2484 706 2552 760 ab
2574 714 2760 760 austro
2798 706 3048 775 adjacent
3072 705 3139 759 iis
3168 719 3288 773 qua:
3313 708 3444 758 sunt
3470 701 3524 756 in

1965 795 2169 852 cauda:
2214 798 2403 851 ultima
2439 813 2586 863 vero,
2629 799 2783 852 stella
2817 796 3020 863 Persei,
3057 812 3176 866 qua:
3224 796 3278 848 in
3319 793 3520 864 Harpe,

1967 888 2248 952 nebulosa,
2267 899 2321 944 et
2349 889 2551 944 Arietis
2577 890 2874 945 succedens
2905 891 3068 943 trium
3096 891 3151 944 in
3175 889 3380 959 capite:
3405 894 3523 941 tum

1965 977 2150 1034 Nodus
2177 979 2432 1034 linorum.
2458 978 2668 1035 Occidit
2703 980 2898 1036 Bootes
2930 980 3080 1036 horis
3112 978 3523 1050 mquabilibusl

1966 1078 2020 1124 et
2049 1071 2260 1126 duabus
2292 1075 2558 1142 partibus.

2035 1247 2327 1306 Occidente
2348 1251 2560 1306 Corona
2581 1251 2743 1307 simul
2773 1250 2968 1307 occidit
2998 1248 3250 1305 zodiacus
3281 1264 3309 1303 a
3341 1247 3521 1321 Sagit-

1964 1344 2089 1398 tarii
2121 1353 2272 1411 parte
2296 1343 2366 1398 25
2393 1343 2457 1398 ad
2475 1343 2842 1414 Capricornu
2871 1342 3137 1407 mediam;
3163 1341 3424 1423 culminat
3453 1340 3520 1396 ab

1966 1437 2123 1491 initio
2151 1436 2432 1502 ‘Piscium,
2461 1438 2528 1491 ad
2557 1437 2873 1492 eorumdem
2913 1436 2978 1490 14
3026 1435 3258 1490 mediam
3285 1441 3515 1504 partem.

1964 1523 2145 1580 Prima
2177 1527 2374 1581 occidit
2409 1526 2845 1597 splendidissima
2883 1525 3127 1586 Coronae,
3173 1524 3361 1578 ultima
3400 1538 3521 1594 quae

1965 1627 2050 1673 est
2077 1619 2449 1682 o‘bscurior,et
2478 1631 2750 1689 postrema
2780 1617 3123 1673 succcdentis
3145 1617 3357 1672 circuli.
3391 1615 3520 1672 Cul-

1968 1710 2139 1764 minat
2183 1725 2248 1764 ex
2298 1710 2421 1765 aliis
2455 1711 2626 1765 stellis
2660 1709 2811 1780 prior
2845 1710 3022 1763 lucida
3071 1710 3126 1764 in
3177 1709 3521 1766 extremitate

1966 1797 2140 1856 Piscis
2197 1801 2574 1867 australioris;
2607 1810 2660 1856 et
2708 1799 3075 1871 praecedentes
3129 1800 3183 1854 in
3228 1801 3517 1871 parallelo-

1964 1906 2230 1961 grammo,
2253 1892 2397 1962 quod
2427 1892 2529 1962 ipsi
2559 1892 2626 1946 ad
2655 1893 2934 1947 meridiem
2973 1892 3135 1946 situm
3162 1900 3278 1960 est;
3303 1897 3518 1962 postre-

1965 2001 2068 2038 ma:
2114 1985 2435 2052 culminant,
2474 2001 2594 2055 quae
2625 1985 2679 2038 in
2721 1985 2898 2040 medio
2932 1999 3160 2056 corpore
3190 1984 3516 2056 Cassiepeze,

1965 2084 2020 2132 ει
2046 2091 2166 2146 (ιυιε
2200 2077 2254 2130 in
2294 2076 2519 2132 sinistra
2551 2092 2713 2130 manu
2743 2075 3126 2132 Andromedae.
3155 2073 3369 2131 Occidit
3413 2075 3519 2130 Co-

1965 2182 2098 2222 rona
2127 2168 2516 2238 propemodum
2553 2168 2685 2222 hora
2708 2183 2840 2222 una.

2033 2429 2167 2485 Cum
2200 2427 2512 2499 lngeniculo
2540 2428 2739 2484 occidit
2772 2430 3030 2485 zodiacus
3076 2445 3106 2483 a
3136 2429 3306 2501 gradu
3339 2429 3519 2503 Sagit-

1963 2523 2086 2577 tarii
2115 2519 2177 2575 H
2207 2520 2272 2575 ad
2299 2519 2524 2589 Aquarii
2567 2518 2665 2586 i6;
2694 2521 2953 2576 culminat
2986 2521 3054 2574 ab
3081 2521 3303 2591 Aquarii
3327 2521 3418 2588 23,
3451 2522 3520 2578 ad

1964 2613 2204 2668 medium
2239 2611 2273 2666 8
2297 2607 2485 2664 Tauri.
2520 2607 2675 2664 Prior
2705 2610 2907 2664 occidit
2938 2627 3058 2680 qua:
3080 2621 3163 2665 est
3189 2613 3242 2666 in
3265 2615 3522 2669 extremi-

1964 2713 2074 2760 tate
2125 2703 2330 2758 dcxtrm
2380 2715 2612 2768 manus;
2648 2701 2834 2754 ultima
2863 2717 2982 2772 qua:
3013 2702 3066 2754 in
3113 2703 3335 2758 sinistro
3362 2705 3516 2774 pede.

1964 2795 2238 2853 Culminat
2265 2811 2331 2850 ex
2380 2793 2501 2850 aliis
2535 2793 2708 2849 stellis
2761 2793 2994 2863 primum
3037 2807 3157 2863 quae
3200 2794 3254 2848 in
3294 2796 3518 2867 Aquarii

1969 2901 2108 2958 aqua
2139 2885 2350 2955 adjacet
2380 2884 2447 2938 iis
2474 2900 2593 2954 quae
2625 2891 2750 2938 sunt
2782 2883 2835 2936 in
2869 2882 3338 2954 4'couglobatione
3370 2894 3516 2941 :tum

1969 2977 2024 3031 in
2056 2976 2206 3046 Equo
2232 2975 2500 3030 borealior
2524 2989 2734 3037 earum,
2762 2990 2881 3044 qum
2908 2974 2958 3027 in
2995 2989 3220 3044 corpore
3249 2975 3521 3032 continuae

1967 3077 2122 3134 sunt;
2154 3069 2280 3122 item
2311 3066 2532 3121 sinister
2562 3065 2820 3121 humerus
2847 3065 3047 3136 Cephei
3085 3066 3177 3137 qui
3201 3066 3335 3122 citra
3359 3071 3520 3124 meri-

1966 3159 2108 3214 diem
2139 3166 2222 3214 est
2250 3158 2605 3213 semicubitali
2642 3157 2752 3213 fere
2784 3161 2979 3229 spatio.
3019 3157 3298 3214 Postrema
3327 3161 3520 3214 culmi-

1965 3261 2058 3306 nat
2085 3267 2152 3306 ex
2184 3249 2553 3320 quadrilatero
2581 3248 2698 3304 Ceti
2729 3265 2854 3320 qua:
2880 3251 3176 3305 australior
3209 3262 3291 3307 est
3330 3267 3519 3306 succe-

1965 3342 2206 3397 dentium
2241 3341 2563 3405 lucidarum,
2606 3351 2659 3396 et
2688 3356 2809 3411 qua:
2853 3341 2920 3396 ad
2962 3341 3239 3397 meridiem
3290 3343 3392 3398 sita
3436 3353 3522 3400 est

1967 3433 2146 3488 lucida
2182 3448 2376 3488 carens
2407 3433 2644 3488 nomine.
2679 3432 2893 3488 Occidit
2919 3434 3265 3504 Ingcuiculus
3293 3436 3441 3493 horis
3463 3437 3520 3503 4,

1966 3528 2047 3582 56'
2081 3527 2315 3581 circiter.

2038 3787 2223 3844 XXIV.
2242 3787 2539 3860 Anguifero
2562 3789 2862 3854 occidente,
2878 3789 3157 3846 descendit
3185 3807 3288 3847 una
3315 3793 3521 3848 zodiaci

1968 3898 2130 3937 arcus
2162 3899 2191 3935 a
2213 3881 2422 3951 Scorpii
2455 3881 2513 3935 11
2539 3883 2706 3952 gradu
2737 3883 2802 3936 ad
2824 3882 3139 3953 Capricorni
3167 3884 3234 3948 2;
3260 3886 3522 3939 eulminat

1968 3987 1998 4025 a
2030 3971 2346 4041 Capricorni
2374 3970 2445 4025 ‘25
2467 3970 2530 4024 ad
2564 3970 2801 4025 Piscium
2844 3971 2900 4024 11
2938 3971 3194 4026 medium.
3221 3971 3399 4026 Prima
3433 3987 3522 4026 oc-

1967 4063 2098 4118 cidit
2121 4063 2296 4127 stella,
2331 4078 2450 4132 qna:
2487 4069 2571 4117 est
2600 4063 2653 4115 in
2695 4062 2918 4117 sinistro
2950 4061 3118 4132 pede;
3152 4063 3362 4126 ultima,
3399 4078 3519 4134 qua:

1967 4159 2050 4207 est
2077 4153 2130 4205 in
2161 4152 2358 4221 capite.
2389 4150 2666 4206 Culminat
2697 4168 2762 4205 ex
2795 4152 2916 4207 aliis
2937 4152 3108 4208 stellis
3135 4153 3304 4222 prior,
3337 4151 3520 4222 Capri-

1967 4246 2118 4299 corni
2162 4244 2460 4300 succedens
2498 4245 2552 4298 in
2587 4245 2784 4310 cauda,
2839 4253 2893 4299 et
2927 4245 3097 4316 Cygni
3144 4244 3519 4300 borealissima

1967 4353 2033 4392 ex
2065 4337 2133 4392 iis
2164 4354 2283 4410 quae
2313 4338 2512 4393 suntin
2536 4337 2620 4392 ala
2650 4337 2837 4391 dextra
2860 4357 2870 4390 :
2893 4337 3080 4391 ultima
3106 4352 3253 4402 vero,
3287 4353 3408 4407 qua:
3435 4345 3520 4392 est

1967 4435 2021 4488 in
2054 4435 2230 4503 capite
2258 4435 2583 4504 Cassiepem,
2613 4441 2664 4489 ct
2696 4449 2856 4504 parva
2875 4451 2994 4504 quae
3028 4435 3080 4488 in
3102 4435 3220 4504 ejus
3241 4444 3325 4490 est
3346 4436 3519 4493 solio:

1964 4535 2078 4580 tum
2117 4527 2351 4582 borealis
2395 4528 2628 4581 maxime
2660 4543 2725 4581 ex
2779 4527 2862 4582 his
2904 4541 3022 4596 quae
3051 4533 3178 4580 sunt
3217 4527 3270 4580 in
3303 4535 3519 4596 pectore

1964 4616 2321 4670 Andromeda:
2353 4635 2365 4670 :
2399 4625 2455 4671 et
2487 4615 2883 4671 australissima
2925 4629 3109 4668 earum
3142 4631 3262 4685 quae
3301 4625 3428 4670 sunt
3462 4617 3518 4671 in

1964 4706 2134 4759 cauda
2167 4705 2304 4769 Ceti,
2337 4706 2614 4775 paululum
2643 4706 2774 4758 citra
2799 4705 3155 4760 meridianum
3186 4707 3382 4775 posita.
3411 4706 3519 4761 Oc-

1964 4796 2095 4851 cidit
2119 4795 2439 4867 Ophiuchus
2480 4797 2626 4851 horis
2657 4795 2768 4850 fere
2797 4797 2848 4849 3.

2029 5019 2162 5072 Cum
2185 5019 2466 5090 Serpcnte,
2489 5037 2646 5090 quem
2678 5031 2816 5078 tenet
2853 5023 3188 5095 Ophiuchus.
3208 5026 3408 5080 occidit
3432 5043 3522 5080 ar-

1963 5127 2060 5165 cus
2084 5111 2288 5166 zodiaci
2317 5128 2345 5164 a
2375 5111 2585 5182 Scorpii
2620 5123 2770 5184 parte
2817 5116 2886 5170 26
2908 5117 3085 5173 media
3134 5117 3202 5172 ad
3247 5128 3454 5189 partem
3484 5121 3518 5174 9

1961 5199 2310 5270 Capricorni;
2341 5202 2602 5258 culminat
2640 5205 2708 5260 ab
2747 5207 2970 5278 Aquarii
3004 5209 3038 5264 8
3073 5209 3143 5264 ad
3181 5212 3410 5266 mediam
3449 5211 3520 5266 20

1963 5290 2221 5347 Piscium.
2253 5293 2448 5349 Prima:
2475 5297 2644 5351 stellae
2669 5297 3006 5355 descendunt
3029 5317 3148 5371 qua:
3165 5311 3292 5358 sunt
3320 5305 3373 5357 in
3395 5319 3519 5358 cor-

1964 5399 2116 5453 pore,
2149 5400 2463 5443 cmnmunes
2497 5390 2730 5445 sinistrae
2753 5394 2935 5446 manui
2960 5393 3268 5464 Anguiferi;
3303 5396 3515 5456 ultima,

1963 5491 2084 5544 quae
2114 5476 2268 5530 estin
2302 5489 2541 5533 extrema
2577 5479 2770 5536 cauda.
2803 5481 3075 5535 Culminat
3098 5498 3164 5536 ex
3194 5481 3316 5536 aliis
3347 5482 3524 5537 stellis

1961 5568 2133 5636 prior,
2165 5584 2282 5638 qua:
2329 5578 2411 5625 est
2448 5571 2502 5624 in
2551 5571 2742 5627 dextro
2773 5573 2907 5642 pede
2948 5572 3170 5644 Cephei,
3215 5583 3268 5629 et
3298 5590 3417 5645 qua:
3457 5573 3518 5630 in

1962 5661 2136 5716 media
2172 5678 2304 5717 urna
2342 5665 2566 5735 Aquarii
2599 5666 2785 5721 ultima
2809 5682 3018 5733 earum,
3044 5650 3357 5732 australior,
3388 5681 3511 5734 qua:
