4040 6206
498 247 632 306 “Q3

1473 247 1563 302 AD
1589 246 1854 302 EUSEBII
1890 246 2281 306 CHRONICON
2309 249 2672 306 APPENDlX.

3573 252 3706 309 MOI

494 369 623 420 sum
658 361 713 416 in
735 361 905 416 cauda
936 359 1111 416 Piscis
1135 362 1426 430 australis;
1463 369 1516 418 et
1552 379 1674 434 qua:
1705 371 1789 420 est
1815 364 1869 419 in
1905 380 2045 436 genu

2158 367 2310 435 péwg,
2337 366 2430 420 καί⁸
2455 368 2484 420 6
2524 367 2581 420 ἐν
2612 365 2749 437 μέσῃ
2770 367 2836 436 τῇ
2869 365 3082 420 κάλπιδι
3104 366 3198 420 τοῦ
3229 367 3534 439 ’Υδροχόου,
3562 371 3698 442 ἐσχα

477 456 817 526 -CaSsiepea3.
841 453 1052 510 Occidit
1073 451 1312 526 Serpens
1338 455 1498 524 _horis
1526 455 1638 511 fere
1667 457 1719 510 5.

539 740 690 793 'Cum
724 736 863 808 Lyra
901 733 1181 790 descendit
1229 749 1356 805 pars
1404 733 1650 799 zodiaci,
1693 749 1815 804 qua:
1858 741 1941 789 est
1979 731 2047 787 ab

486 829 714 900 Aquarii
735 837 887 898 parte
913 828 946 881 4
975 827 1042 881 ad
1075 827 1176 893 ης
1209 827 1470 881 culminat
1498 826 1567 881 ab
1590 826 1791 883 Arietis
1821 825 1892 880 23
1929 841 2046 881 me-

495 925 583 979 dia
611 923 677 976 ad
707 920 872 976 Tauri
895 921 948 975 5.
973 919 1152 974 Prima
1182 918 1384 974 occidit
1413 919 1592 984 stella,
1623 919 1936 990 prmcedens
1966 918 2049 972 lu-

472 1016 763 1079 cidarum,
788 1028 909 1083 qua:
937 1020 1065 1068 sunt
1095 1010 1151 1066 in
1178 1011 1347 1082 jugo;
1380 1012 1591 1076 ultima,
1624 1027 1745 1082 quae
1771 1027 1802 1065 a
1833 1017 2050 1080 septen—

495 1107 765 1161 trionibus
797 1105 1007 1174 adiacet
1035 1105 1245 1159 lucidm.
1275 1103 1548 1159 Culminat
1577 1117 1641 1157 ex
1685 1103 1807 1157 aliis
1853 1102 2048 1172 prima,

495 1197 674 1253 media
701 1198 934 1260 illarum,
959 1211 1075 1267 qua!
1101 1196 1155 1249 in
1178 1195 1376 1250 Arietis
1392 1194 1597 1262 cauda;
1619 1194 1833 1257 ultima,
1861 1208 2050 1248 earum

496 1289 796 1353 stellarum,
822 1303 941 1358 ψιιε
968 1288 1111 1342 inter
1135 1300 1400 1342 summam
1430 1283 1708 1355 cuspidem
1735 1283 1972 1339 Pleiadis
1997 1290 2052 1336 et

499 1382 839 1444 Sucularum,
875 1396 996 1450 quae
1043 1387 1170 1435 sunt
1202 1378 1257 1432 in
1286 1376 1476 1432 dextra
1509 1377 1708 1440 fronte,
1743 1377 1859 1431 sitae
1901 1382 2050 1437 sunt,

496 1473 766 1528 borealior
807 1479 861 1527 et
902 1471 1256 1541 splendidior,
1287 1471 1446 1525 besse
1477 1469 1644 1525 cubiti
1681 1467 1795 1524 fere
1842 1467 2053 1522 distans

500 1581 529 1618 a
558 1563 878 1620 meridiano.
915 1562 1045 1619 item
1078 1563 1131 1617 in
1163 1561 1370 1632 majore
1401 1561 1610 1615 ambitu
1637 1558 1811 1615 Fluvii
1837 1559 2054 1615 Orionis

500 1654 738 1710 secunda
767 1654 834 1709 ad
883 1653 1332 1726 septentrionem,
1361 1660 1414 1707 et
1441 1652 1642 1716 lucida,
1671 1667 1701 1705 a
1755 1650 2054 1706 meridiano

2153 475 2243 522 τος
2267 458 2322 511 δὲ
2353 458 2444 512 τοῦ
2472 475 2529 510 τε
2562 457 2734 512 νοτίου
2769 458 2970 528 Ἰχθύος
3006 460 3034 512 6
3060 458 3373 530 νοτιὼτερος
3413 461 3523 515 τῶν
3554 466 3613 516 ὲν
3647 468 3714 536 τῇ

2151 549 2305 622 οὑρᾷ,
2337 549 2432 603 καὶ
2457 550 2555 620 τῆς
2580 551 2950 614 Κασσιεπείας
2977 553 3005 604 6
3032 553 3089 604 ὲν
3120 551 3198 621 τῷ
3232 552 3437 621 γόνατι.
3473 555 3630 608 Δύνει
3662 557 3714 610 δὲ

2151 644 2179 695 6
2197 644 2356 710 Ὄφις
2384 642 2442 697 ὲν
2464 641 2630 713 ὥραις
2655 647 2706 710 γ’
2728 642 2803 704 ὼς
2826 641 3069 710 ἔγγιστα.

2221 735 2332 805 Τῆς
2353 733 2409 786 δὲ
2435 735 2616 805 Δύρας
2637 732 2915 802 δυνούσης,
2940 734 3328 802 συγκαταδύνει
3357 736 3454 804 μὲν
3480 737 3510 787 6
3535 736 3716 800 ζωδιασ

2152 825 2248 890 κὸς
2270 826 2377 879 61:6
2399 824 2490 878 τοῦ
2523 825 2802 896 ’Υδροχόου
2830 826 2938 896 μοί.
2961 825 3000 877 δ’
3027 825 3130 888 ἕως
3165 826 3449 897 ’Υδροχόου
3484 828 3594 898 μοί.
3629 827 3716 896 ιβὀ

2156 919 2476 988 μεσουρανεῖ
2513 916 2569 969 δὲ
2598 917 2704 968 61:6
2741 916 2912 988 Κριοῦ
2944 924 2990 985 γ’
3024 919 3118 970 καὶ
3148 925 3196 971 κ’
3234 919 3403 989 μέσης
3443 920 3549 984 ἕως
3577 921 3715 974 Ταύ-

2155 1025 2250 1079 ρου
2285 1015 2353 1076 γ’.
2400 1007 2509 1061 K61
2539 1014 2586 1061 α’
2626 1007 2723 1078 μὲν
2753 1007 2927 1079 ἀστὴρ
2970 1007 3110 1062 δύνει
3136 1011 3164 1062 6
3197 1008 3497 1081 ἡγούμενος
3524 1012 3633 1063 τῶν
3662 1013 3717 1063 ἐν

2153 1097 2228 1168 τῷ
2273 1096 2552 1168 ζυγώματι
2598 1097 2885 1168 λαμπρῶν,
2927 1097 3152 1168 ἔσχατος
3198 1099 3243 1151 δ’
3279 1100 3308 1151 6
3357 1101 3452 1152 61:‘
3502 1103 3717 1174 ἄρκτων

2153 1189 2553 1260 παρακείμενος
2579 1189 2656 1260 τῷ
2675 1190 2928 1260 λαμπρῷ.
2969 1191 3306 1262 Μεσουρανεῑ
3327 1191 3382 1244 δὲ
3401 1192 3508 1245 τῶν
3544 1193 3717 1248 ἄλλων

2155 1289 2200 1334 α’
2242 1282 2340 1352 μὲν
2383 1283 2411 1333 6
2440 1281 2600 1351 μέσος
2633 1281 2738 1335 τῶν
2776 1284 2832 1334 ὲν
2864 1285 2930 1352 τῇ
2960 1283 3098 1353 οὐρᾷ
3139 1281 3232 1336 τοῦ
3269 1285 3459 1354 Κριοῦ,
3493 1285 3717 1356 ἔσχατος

2153 1373 2207 1426 δὲ
2231 1372 2337 1427 τῶν
2366 1372 2567 1444 μεταξὺ
2599 1373 2691 1426 τοῦ
2722 1391 2781 1426 τε
2810 1373 3066 1440 ὀξυτάτου
3087 1375 3187 1445 τῆς
3211 1377 3464 1442 Πλειάδος
3492 1379 3588 1432 x61
3613 1380 3719 1431 τῶν

2164 1463 2388 1531 Ὑάδων,
2421 1464 2528 1518 τῶν
2554 1466 2647 1518 ἐπὶ
2683 1465 2776 1518 τοῦ
2805 1465 2978 1530 δεξιοῦ
3014 1466 3293 1537 μετώπου,“
3318 1471 3346 1522 6
3385 1469 3721 1543 βορειότερος

2154 1555 2331 1610 αὑτῶν
2366 1557 2453 1610 καὶ
2486 1556 2895 1629 ὲκφανέστερος,
2925 1558 3351 1629 ὑπολειπόμενος
3380 1562 3474 1615 τοῦ
3507 1580 3717 1634 μεσημ⁴

2157 1645 2337 1717 ϐρινοῦ
2363 1646 2436 1710 ὡς
2475 1645 2520 1716 β’
2559 1647 2696 1718 μέρη
2739 1649 2987 1718 πήχεως·
3025 1650 3118 1703 καὶ
3159 1649 3259 1720 τῆς
3293 1652 3534 1725 μεγάλης
3566 1673 3724 1726 περι-

499 1746 709 1801 distans
736 1746 961 1801 semisse
984 1745 1150 1800 cubiti
1174 1762 1189 1811 ;
1213 1745 1338 1800 item
1369 1759 1491 1814 quae
1516 1743 1656 1797 inter
1677 1741 2047 1812 praecisionem

2158 1741 2373 1813 φερείας
2414 1742 2507 1795 τοῦ
2528 1743 2634 1796 61:6
2657 1742 2751 1797 τοῦ
2790 1744 3041 1816 Ὠρίωνος
3068 1745 3322 1816 Ποταμοῦ
3361 1751 3388 1801 6
3413 1749 3457 1819 β’
3482 1751 3596 1804 τῶν
3626 1753 3723 1804 ἀπ’

501 1835 687 1903 Tauri,
719 1845 773 1891 et
799 1851 954 1900 eam,
993 1852 1113 1906 qua:
1151 1843 1234 1891 est
1280 1835 1334 1889 in
1390 1835 1636 1906 scapula,
1682 1833 1840 1890 besse
1882 1831 2052 1888 cubiti

500 1928 808 1998 przecedens
836 1927 1220 1983 meridianum.
1244 1925 1454 1982 Occidit
1482 1924 1622 1997 Lyra
1651 1925 1861 1981 duabus
1893 1925 2055 1979 unius

500 2033 646 2075 norat
673 2018 946 2089 partibus.

560 2302 745 2372 Cygno
773 2299 1137 2355 descendente
1194 2297 1454 2355 zodiacus
1497 2298 1699 2354 occidit
1731 2298 1800 2353 ab
1826 2295 2053 2367 Aquarii

502 2402 655 2464 parte
679 2393 857 2448 media
881 2393 914 2447 5
941 2392 1006 2446 ad
1054 2392 1291 2446 Piscium
1317 2392 1417 2458 14;
1453 2391 1717 2445 culminat
1755 2390 1822 2442 ab
1854 2390 2054 2444 Arietis

500 2485 571 2540 24
609 2484 785 2539 media
827 2483 894 2538 ad
933 2482 1281 2538 Geminorum
1313 2481 1397 2538 li.
1436 2481 1618 2535 Prima
1652 2480 1852 2535 occidit
1875 2479 2052 2546 stella,

502 2595 623 2651 qua:
652 2587 736 2634 est
761 2579 816 2633 in
838 2578 978 2632 rictu
1011 2576 1150 2647 Equi
1175 2595 1190 2644 ;
1231 2575 1443 2641 ultima,
1467 2574 1738 2629 borealior
1756 2589 1817 2628 ex
1846 2573 1913 2628 iis
1938 2587 2058 2642 qua:

503 2679 631 2728 sunt
662 2673 717 2725 in
737 2669 1079 2726 extremitate
1105 2669 1202 2722 alue
1233 2667 1459 2722 dextrae.
1494 2665 1572 2720 Ex
1598 2666 1720 2721 aliis
1744 2665 1914 2721 stellis
1939 2666 2054 2719 cul-

502 2763 674 2818 minat
703 2761 853 2832 prior
875 2759 1053 2814 lucida
1075 2760 1127 2814 in
1154 2758 1346 2814 dextro
1376 2759 1582 2814 femore
1601 2757 1782 2813 Persei
1807 2776 1820 2824 ;
1853 2766 1906 2812 et
1931 2771 2058 2813 suc-

493 2853 702 2910 cedens
737 2867 924 2909 earum
964 2866 1084 2922 qum
1125 2851 1180 2906 in
1209 2849 1382 2905 cauda
1414 2855 1542 2905 sunt
1581 2848 1782 2904 Arietis
1811 2866 1824 2915 ;
1864 2848 2056 2902 ultima

502 2959 799 3010 vero,cum
850 2944 1008 2999 tertia
1041 2943 1108 2997 ab
1145 2956 1346 2996 occasu
1395 2956 1620 3005 earum,
1653 2956 1774 3010 qua:
1823 2947 1950 2995 sunt
1997 2939 2055 2994 in

503 3035 729 3106 pedibus
752 3033 1098 3089 Geminorum
1138 3045 1150 3081 :
1178 3037 1291 3083 tum
1318 3030 1644 3086 antecedens
1673 3031 1839 3084 trium
1869 3030 1924 3083 in
1961 3045 2054 3100 ge-

2157 1835 2353 1906 ἄρκτου
2384 1835 2478 1887 καὶ
2521 1835 2791 1906 λαμπρὸς,
2829 1836 3253 1909 ὑπολειπόμενος
3277 1840 3371 1894 τοῦ
3412 1843 3726 1916 μεσημϐρι-

2155 1925 2244 1978 νοῦ
2283 1925 2358 1988 ὡς
2391 1927 2720 1996 ἡμιπήχιον·
2765 1928 2856 1980 καὶ
2898 1930 2926 1981 6
2975 1927 3177 1998 μεταξὺ
3209 1931 3308 2001 τῆς
3336 1949 3393 1984 τε
3442 1933 3724 2006 ἀποτομῆς

2155 2015 2247 2068 τοῦ
2276 2015 2488 2086 Ταύρου
2515 2018 2610 2070 1:61
2644 2017 2738 2070 τοῦ
2769 2020 2824 2071 ὲν
2863 2022 2931 2091 τῇ
2960 2020 3280 2093 ὠμοπλάτη,
3312 2026 3726 2096 προηγούμενος

2153 2107 2248 2160 τοῦ
2289 2107 2659 2179 μεσημϐρινοῦ
2705 2109 2780 2173 ὡς
2828 2110 2870 2180 ﬂ
2913 2112 3057 2183 μέρη
3104 2114 3340 2184 πήχεως.
3389 2115 3545 2170 Δύνει
3584 2117 3642 2171 δὲ
3691 2120 3724 2190 ἡ

2156 2196 2308 2269 Λύρα
2337 2199 2393 2251 ὲν
2418 2198 2538 2252 δυσὶ
2569 2199 2788 2271 μέρεσιν
2814 2199 2983 2271 ὥρας.

2223 2289 2328 2342 Τοῦ
2355 2289 2410 2344 δὲ
2444 2292 2693 2362 Ὄρνιθος
2722 2291 2969 2358 δύνοντος
3013 2295 3400 2364 συγκαταδύνει
3435 2297 3536 2368 μὲν
3574 2298 3724 2370 αὑτῷ

2152 2385 2180 2436 6
2221 2381 2482 2445 ζωδιακὸς
2521 2383 2629 2436 61:6
2678 2384 2770 2437 τοῦ
2822 2385 3105 2457 ’Υδροχόου
3156 2387 3265 2458 μοί.
3316 2395 3358 2440 ε’
3403 2389 3576 2460 μέσης
3617 2391 3724 2454 ἕως

2167 2473 2382 2544 Ἰχθύων
2414 2475 2524 2545 μοί.
2558 2474 2622 2527 ιδ’
2642 2491 2657 2506 ·
2691 2480 3013 2548 μεσουρανεῖ
3042 2477 3098 2531 δὲ
3134 2479 3240 2532 61:6
3265 2481 3362 2532 τοῦ
3396 2481 3569 2551 Κριοῦ
3608 2483 3719 2552 μοί.

2153 2565 2194 2618 δ’
2224 2567 2318 2620 καὶ
2359 2573 2405 2620 κ’
2437 2567 2608 2638 μέσης
2638 2568 2742 2633 ἓως
2772 2568 3016 2641 Διδύμων
3051 2569 3140 2641 ιβ’.
3182 2571 3292 2625 K61
3337 2579 3385 2625 6'
3418 2574 3516 2644 μὲν
3548 2575 3724 2647 ἀστὴρ

2153 2658 2294 2712 δύνει
2309 2658 2337 2710 6
2353 2659 2410 2710 ὲν
2425 2657 2502 2729 τῷ
2518 2658 2704 2730 ῥύγχει
2717 2659 2828 2731 [τοῦ
2843 2661 3086 2735 Ἵππου],
3101 2662 3320 2735 ἔσχατος
3339 2665 3394 2718 δὲ
3407 2667 3438 2718 6
3453 2664 3722 2737 βορειότεο

2159 2768 2247 2821 ρος
2261 2751 2367 2804 τῶν
2381 2753 2436 2803 ὲν
2451 2751 2594 2822 ἄκρᾳ
2613 2754 2678 2822 τῇ
2699 2752 2845 2824 δεξιᾷ
2858 2754 3108 2826 πτέρυγι.
3127 2755 3300 2808 Μεσου
3308 2756 3524 2826 ρανοῦσι
3544 2759 3600 2811 δὲ
3615 2759 3724 2813 τῶν

2153 2842 2325 2896 ἄλλων
2345 2844 2587 2918 ἀστέρων
2608 2845 2812 2916 πρῶτοι
2839 2847 2936 2916 μὲν
2961 2846 3054 2900 τοῦ
3071 2847 3320 2922 Περσέως
3342 2852 3371 2902 6
3399 2851 3456 2902 ὲν
3475 2850 3551 2921 τῷ
3567 2850 3724 2922 δεξιῷ

2157 2931 2314 3002 μηρῷ
2339 2932 2609 3004 λαμπρὸς.
2649 2933 2857 2987 καὶτοῦ
2883 2935 3051 3006 Κριοῦ
3076 2937 3104 2990 6
3129 2937 3391 3008 ἑπόμενος
3418 2939 3525 2993 τῶν
3557 2941 3615 2992 ὲν
3653 2945 3720 3012 τῇ

2154 3025 2318 3095 οὑρᾷ⁶
2355 3024 2567 3095 ἔσχατοι
2595 3026 2651 3079 δὲ
2684 3026 2790 3080 τῶν
2815 3027 3058 3099 Διδύμων
3099 3031 3126 3084 ὃ
3170 3049 3230 3085 τε
3273 3034 3454 3104 τρίτος
3481 3035 3590 3088 ἀπὸ
3634 3035 3725 3088 δύ·-

507 3124 700 3186 nibus;
733 3123 875 3176 ultra
907 3121 1183 3176 meridiem
1224 3119 1329 3173 sita
1363 3119 1513 3190 131
1549 3119 1913 3176 semicubitali
1945 3118 2055 3176 fere

2159 3133 2293 3179 σεως
2317 3116 2424 3168 τῶν
2449 3119 2506 3170 ὲν
2543 3121 2655 3181 τοῖς
2684 3120 2828 3185 ποσὶ,
2857 3122 2949 3173 καὶ
2974 3121 3002 3173 6
3043 3121 3344 3193 ἡγούμενος
3379 3125 3488 3178 τῶν
3525 3125 3586 3178 ὲν
3613 3127 3723 3188 τοῖς

505 3217 700 3287 spatio.
725 3213 935 3270 Occidit
963 3213 1180 3285 Cygnus
1212 3214 1364 3270 boris
1395 3214 1614 3269 circiter
1651 3215 1704 3280 5,
1743 3213 1844 3268 10'.

579 3480 740 3535 XXV.
784 3477 984 3550 Cephei
1029 3482 1209 3545 partes
1251 3487 1328 3528 ea:
1374 3472 1548 3528 solum
1600 3469 1888 3534 ocudunt,
1938 3487 2058 3542 qua:

509 3581 635 3629 sunt
663 3573 728 3627 ad
759 3578 938 3641 caput.
962 3568 1098 3624 Cum
1127 3580 1190 3620 eo
1215 3563 1495 3620 descendit
1527 3564 1784 3620 zodiacus
1813 3564 1881 3619 ab
1905 3562 2060 3619 Arie-

507 3666 578 3721 tis
611 3665 643 3719 8
681 3671 829 3732 parte
876 3661 1049 3716 media
1085 3659 1152 3715 ad
1181 3659 1283 3725 M;
1317 3656 1578 3712 culminat
1602 3671 1631 3709 a
1680 3653 1872 3709 Cancri
1926 3654 1958 3710 9
1992 3655 2059 3711 ad

509 3755 595 3810 16.
645 3752 825 3808 Prima
871 3751 1027 3806 stella
1073 3749 1315 3804 occidit.
1351 3787 1364 3800 .
1398 3787 1415 3804 .
1447 3786 1462 3801 .
1493 3747 1767 3800 Culminat
1821 3761 1899 3802 ex-
1934 3746 2056 3800 aliis

510 3845 680 3902 stellis
719 3845 908 3914 prima,
948 3840 1236 3896 australior
1261 3837 1454 3892 Cancri
1477 3853 1543 3892 ex
1574 3837 1659 3892 his
1688 3852 1806 3907 quae
1837 3838 1905 3891 ab
1933 3844 2057 3891 ortu

510 3939 654 3992 circa
683 3933 1006 3989 nubeculam
1052 3929 1169 3986 sita:
1203 3937 1351 3995 sunt,
1396 3928 1674 3998 paululum
1705 3928 1842 3981 citra
1892 3927 2059 3981 meri-

510 4032 650 4086 diem
694 4027 907 4098 posita:
937 4034 1048 4079 tum
1080 4021 1280 4086 lucida,
1311 4035 1431 4091 quae
1477 4019 1531 4072 in
1579 4019 1921 4074 extremitate
1959 4018 2063 4072 Ar-

510 4139 610 4193 gus
655 4120 904 4176 :ultima:
962 4115 1296 4179 culmiuant,
1348 4111 1530 4168 lucida
1587 4113 1642 4167 in
1694 4113 2061 4170 anterioribus

512 4215 662 4272 Ursa:
690 4211 934 4284 genibus,
968 4207 1244 4277 paululum
1276 4207 1410 4261 citra
1438 4203 1796 4260 meridianum
1827 4206 1962 4270 sita;
2009 4213 2063 4261 et

510 4304 565 4358 in
593 4303 802 4358 Cancro
827 4297 1002 4353 media
1037 4293 1224 4358 trium,
1257 4309 1379 4364 quae
1419 4301 1548 4348 sunt
1575 4294 1722 4348 circa
1766 4295 2059 4350 australem

2159 3208 2347 3277 γόνασι
2385 3216 2455 3276 γ’,
2486 3211 2894 3281 προηγούμενος
2929 3212 3022 3265 τοῦ
3060 3215 3452 3286 μεσημϐρινοῦ,
3485 3217 3562 3280 ὡς
3603 3219 3727 3288 ἡμι-

2160 3297 2368 3367 πήχιον.
2419 3301 2576 3352 Δύνει
2627 3301 2683 3353 δὲ
2719 3303 2746 3353 6
2782 3305 2968 3374 Ὄρνις
3001 3305 3059 3356 ὲν
3096 3303 3267 3376 ὥραις
3314 3313 3362 3374 γ’
3397 3309 3493 3360 καὶ
3533 3317 3587 3374 ς’
3630 3309 3726 3380 μέ-

2161 3405 2262 3460 ρει.

2228 3483 2356 3536 KE'.
2381 3482 2482 3535 Τοῦ
2496 3483 2551 3536 δὲ
2569 3483 2801 3554 Κηφέως
2821 3485 2965 3538 δύνει
2986 3486 3054 3540 τὰ
3071 3488 3300 3560 περιτὴν
3315 3491 3558 3564 κεφαλὴν
3582 3495 3722 3567 μέρη

2161 3567 2340 3637 μόνον.
2367 3570 2475 3622 K61
2509 3572 2893 3639 συγκαταδύνει
2931 3575 3027 3644 μὲν
3053 3577 3202 3648 αὑτῷ
3238 3580 3266 3631 6
3316 3578 3581 3647 ζωδιακὸς
3617 3586 3723 3638 61:6

2158 3661 2328 3732 Κριοῦ
2378 3663 2484 3733 μοί.
2529 3672 2578 3736 η’
2618 3665 2788 3737 μέσης
2831 3667 2936 3732 ἓως
2979 3670 3148 3742 Κριοῦ
3187 3673 3279 3726 ιδ’
3317 3682 3643 3749 μεσουρανεί
3666 3680 3720 3733 δὲ

2158 3752 2265 3806 61:6
2283 3755 2554 3824 Καρκίνου
2587 3759 2700 3828 μοί.
2726 3759 2769 3812 θ’
2794 3760 2898 3824 ἕως
2925 3763 3197 3834 Καρκίνου
3218 3767 3326 3837 μοί.
3355 3776 3427 3833 ις’
3455 3770 3525 3825 ⁸³.
3544 3772 3653 3825 Καὶ
3675 3777 3722 3824 α’

2164 3845 2260 3913 μὲν
2299 3845 2474 3916 ἀστὴρ
2507 3846 2680 3901 δύνειο
2718 3855 3105 3923 μεσουρανοῦσι
3135 3855 3192 3909 δὲ
3224 3856 3331 3910 τῶν
3359 3859 3534 3914 ἄλλων
3566 3862 3721 3918 ἀστέ-

2163 3951 2269 4006 ρων
2295 3933 2342 3989 α’
2366 3937 2463 4007 μὲν
2481 3937 2573 3990 τοῦ
2598 3957 2658 3993 τε
2683 3943 2956 4013 Καρκίνου
2977 3947 3005 3998 ό
3022 3947 3335 4020 νοτιὼτερος
3347 3949 3456 4005 τῶν
3477 3952 3572 4005 ἀπ’
3596 3955 3724 4007 ἁνα-

2160 4027 2316 4100 τολῆς
2367 4031 2494 4102 περὶ
2539 4030 2598 4084 τὸ
2641 4035 2881 4103 νεφέλιον
2924 4039 3210 4110 κειμένων,
3261 4044 3456 4115 μικρὸν
3504 4046 3719 4099 ὑπολει-

2160 4117 2390 4189 πόμενος
2426 4121 2516 4174 τοῦ
2549 4125 2938 4196 μεσημϐρινοῦ,
2965 4129 3056 4182 καὶ
3091 4130 3192 4200 τῆς
3234 4133 3461 4203 Ἀργοῦς
3499 4136 3525 4186 6
3555 4137 3612 4186 ἐν
3637 4134 3715 4204 τῷ

2159 4204 2487 4279 ἀκροστολίῳ
2531 4207 2811 4282 λαμπρός·
2841 4213 3064 4285 ἔσχατος
3091 4217 3146 4270 δὲ
3184 4219 3286 4290 τῆς
3320 4224 3543 4293 ’Ἄρκτου
3584 4225 3612 4276 ό
3652 4226 3711 4276 ἐν

2157 4299 2270 4360 τοῖς
2299 4299 2646 4370 ἐμπροσθίοις
2678 4304 2866 4371 γόνασι
2900 4307 3168 4380 λαμπρὸς,
3203 4313 3400 4383 μικρὸν
3433 4312 3711 4366 ὑπολειπό-

509 4393 742 4457 Clielen;
783 4405 882 4444 nec
917 4403 1026 4442 non
1065 4385 1252 4456 llydri,
1284 4399 1406 4454 quae
1438 4385 1492 4438 in
1526 4384 1708 4439 radice
1735 4384 1894 4450 colli;
1941 4393 2055 4439 tum

2164 4405 2320 4459 μενος
2344 4390 2436 4443 τοῦ
2491 4395 2857 4466 μεσημϐρινοῦ
2878 4412 2892 4427 ο
2924 4400 3016 4451 καὶ
3049 4399 3140 4452 τοῦ
3183 4402 3456 4472 Καρκίνου
3485 4405 3512 4457 6
3554 4405 3714 4473 μέσος

513 4485 688 4540 lucida
716 4485 771 4538 in
796 4481 958 4537 Navis
981 4482 1167 4543 latere,
1189 4479 1468 4549 paululum
1501 4478 1639 4532 citra
1669 4478 2048 4533 meridianum.

2158 4480 2259 4532 τῶν
2287 4479 2334 4548 γ’
2358 4481 2466 4534 τῶν
2491 4486 2616 4555 περὶ
2645 4485 2742 4557 τὴν
2771 4489 2948 4541 νοτίαν
2969 4489 3151 4563 Χηλήν
3171 4510 3184 4522 ·
3217 4468 3310 4546 καὶ
3345 4496 3438 4548 τοῦ
3468 4468 3662 4569 ’Υδρου
3689 4499 3719 4548 6

511 4579 604 4631 ἐπὶ
626 4579 725 4648 τῆς
753 4577 1026 4647 ἐκφύσεως
1053 4577 1145 4631 τοῦ
1177 4577 1471 4648 τραχήλου·
1502 4578 1594 4628 καὶ
1661 4577 1758 4647 τῆς
1800 4573 2025 4646 ’Δργοῦς
2064 4577 2092 4628 6
2158 4577 2215 4629 ὲν
2251 4577 2399 4650 μέσῳ
2443 4581 2520 4652 τῷ
2559 4581 2720 4653 τοίχῳ
2751 4585 2997 4656 λαμπρὸς
3055 4589 3248 4660 μικρὸν
3301 4590 3722 4663 ὑπολειπόμενος

511 4672 601 4725 τοῦ
633 4672 1026 4744 μεσημϐρινοῦ.

580 4805 873 4862 Occidente
896 4808 1178 4877 Cassiepea
1201 4807 1453 4861 zodiacus
1476 4821 1582 4860 uua
1601 4806 1798 4861 occidit
1821 4807 1889 4862 ab
1909 4809 2061 4863 Arie-

510 4899 582 4954 tis
604 4897 666 4950 21
713 4897 779 4951 ad
821 4895 981 4950 Tauri
1028 4897 1255 4953 mediam
1301 4905 1507 4966 partem
1552 4897 1654 4963 ‘24;
1689 4899 1949 4952 culminat
1993 4899 2060 4954 ab

511 4991 708 5045 Cancri
746 4989 816 5043 2t
855 4989 922 5043 ad
951 4987 1188 5060 Virginis
1215 4988 1266 5042 5.
1294 4987 1454 5043 Prior
1482 4989 1681 5045 occidit
1713 4991 1870 5046 stella
1900 4993 2053 5061 capi-

514 5081 616 5146 tis;
644 5081 854 5143 ultima,
888 5095 1006 5150 qua:
1048 5089 1131 5135 est
1162 5081 1218 5134 in
1259 5080 1507 5150 pedibus.
1545 5081 1852 5137 Culminant
1883 5082 2061 5153 primo

513 5167 711 5223 Leonis
741 5167 978 5221 anterior
999 5183 1129 5236 pes;
1159 5176 1212 5223 et
1234 5185 1422 5223 earum
1455 5186 1575 5241 quae
1611 5179 1738 5226 sunt
1767 5172 1822 5226 in
1857 5173 2056 5243 capite,

515 5259 847 5314 lucidissima
892 5275 1034 5315 :nec
1078 5276 1185 5315 non
1223 5261 1388 5334 l‘lydri
1443 5264 1904 5334 splendidissima.
1964 5264 2060 5320 Ul-

516 5351 667 5417 timo,
695 5349 957 5406 Draconis
991 5352 1227 5406 secunda
1256 5367 1442 5407 earum
1474 5369 1592 5424 quae
1625 5353 1693 5409 ab
1724 5355 1896 5410 cauda
1931 5364 2060 5410 sunt

516 5441 723 5509 lucidas,
763 5451 815 5496 et
852 5457 970 5513 qua:
1000 5459 1054 5497 ιιι
1096 5450 1276 5499 rostro
1307 5443 1495 5512 Corvi;
1540 5460 1640 5502 nec
1688 5461 1795 5501 non
1834 5461 1952 5519 quae
2003 5448 2059 5503 in

584 5599 630 5629 ⁸⁹
652 5597 776 5662 Req.
804 5597 880 5652 ιδ’.

2235 4810 2345 4880 Τῆς
2394 4811 2451 4865 δὲ
2499 4814 2863 4880 Κασσιεπείας
2893 4818 3169 4891 δυνούσης,
3208 4826 3598 4891 συγκαταδύνει
3628 4828 3722 4898 μὲν

2167 4902 2302 4974 αὐτῇ
2336 4905 2363 4956 6
2387 4903 2641 4970 ζωδιακὸς
2679 4907 2785 4960 ἀπὸ
2813 4909 2983 4979 Κριοῦ
3019 4911 3127 4981 μοί.
3155 4919 3203 4964 α’
3235 4917 3328 4967 καὶ
3351 4916 3400 4968 κ’
3432 4918 3538 4981 ἕως
3579 4919 3719 4972 Ταύ-

2168 5011 2261 5064 ρου
2307 4993 2348 5046 δ’
2379 4995 2473 5048 καὶ
2504 5003 2552 5050 κ’
2587 4998 2784 5068 μέσης’
2835 5007 3154 5074 μεσουρανεῖ
3189 5006 3246 5058 δὲ
3286 5007 3394 5060 61:6
3442 5010 3714 5082 Καρκίνου

2171 5085 2278 5154 μοί.
2311 5084 2350 5138 δ’
2380 5089 2472 5141 καὶ
2503 5095 2549 5142 κ’
2576 5089 2679 5153 ἓως
2706 5091 2975 5163 Παρθένου
3009 5102 3069 5148 ε’.
3099 5097 3205 5149 Καὶ
3229 5105 3275 5151 α’
3303 5099 3401 5170 μὲν
3424 5101 3601 5173 ἀστὴρ
3631 5103 3720 5155 δύ-

2165 5193 2243 5230 νει
2283 5179 2311 5231 6
2343 5180 2398 5231 ὲν
2429 5182 2493 5250 τῇ
2523 5182 2750 5253 κεφαλῇ,
2787 5182 3007 5254 ἔσχατος
3029 5186 3084 5240 δὲ
3112 5191 3141 5241 6
3167 5190 3223 5241 ὲν
3251 5191 3360 5254 τοῖς
3389 5193 3538 5245 ποσί.
3578 5195 3722 5247 Μεσ-

2165 5285 2224 5321 ου
2231 5270 2388 5340 ρανοῦ
2395 5288 2444 5324 σι
2460 5271 2516 5325 δὲ
2532 5272 2637 5328 τῶν
2651 5274 2820 5330 ἄλλων
2841 5277 3080 5349 ἀστέρων
3099 5278 3145 5333 α’
3163 5282 3260 5351 μὲν
3281 5282 3372 5336 τοῦ
3385 5284 3609 5349 Λέοντος
3624 5287 3654 5339 ὅ
3666 5302 3721 5339 τε

2167 5359 2491 5430 ὲμπρόσθιος
2522 5363 2672 5428 ποῦς,
2697 5366 2788 5420 καὶ
2815 5367 2920 5420 τῶν
2956 5371 3012 5422 έν
3037 5375 3100 5442 τῇ
3124 5375 3329 5446 κεφαλῇ
3353 5379 3382 5430 6
3411 5377 3721 5451 λαμπρότα-

2166 5467 2272 5517 τος,
2295 5451 2385 5504 καὶ
2411 5453 2716 5535 τοῦὟδρου
2749 5459 2777 5511 6
2803 5459 3192 5533 λαμπρότατος’
3217 5464 3431 5537 ἔσχατοι
3453 5469 3510 5523 δὲ
3543 5469 3637 5524 τοῦ
3665 5485 3722 5524 τε
