4040 6206
368 413 504 466 1105

1320 407 1686 464 HIPPABCIII
1725 408 1814 462 AD
1852 408 2300 466 ΡΗᾹΞΝΟΜΕΝΑ
2339 407 2464 462 LIB.
2509 407 2568 461 ll.

3447 409 3580 466 1106

366 527 665 599 Δράκοντος
686 530 714 579 6
747 526 791 596 β’
825 527 929 579 τῶν
954 529 1062 580 ἀπὸ
1082 529 1177 598 τῆς
1207 529 1373 600 οὐρᾶς
1393 527 1680 599 λαμπρῶν,
1722 529 1814 581 καὶ
1838 527 1931 581 τοῦ

2042 529 2156 598 ejus
2194 527 2387 597 capite.
2443 526 2654 581 Occidit
2685 523 2973 596 Cassicpea
3005 523 3156 580 boris
3182 521 3238 589 2,
3281 530 3334 579 et
3373 524 3584 582 duabus

366 621 610 689 Κόρακος
631 619 659 671 6
682 636 741 671 τε
767 621 824 671 ὲν
852 619 929 688 τῷ
963 619 1150 689 ῥύγχει
1182 621 1276 672 καὶ
1298 622 1326 673 6
1357 622 1412 672 6v
1439 623 1503 692 τῇ
1529 619 1756 691 κεφαλῇ.
1775 619 1927 673 Δύνει

363 712 418 764 δὲ
447 713 479 781 ἡ
513 711 848 766 Κασσιέπεια
877 713 934 763 ὲν
958 711 1127 782 ὥραις
1162 710 1206 781 β’
1237 712 1331 764 καὶ
1359 711 1479 764 δυσ)¹
1519 712 1740 782 μέρεσιν
1759 710 1926 781 ὥρας.

434 803 544 873 Τῆς
572 797 628 855 δὲ
683 803 1037 874 Ἀνδρομέδας
1085 802 1362 871 δυνούσης,
1400 802 1784 870 συγκαταδύνει
1833 801 1930 868 μὲν

365 898 500 966 αὐτῇ
531 897 559 948 6
602 894 862 959 ζωδιακὸς
889 893 994 948 ἀπὸ
1038 893 1253 963 Ἰχθύων
1312 881 1371 963 ﬂ"
1413 894 1509 946 καὶ
1538 899 1583 945 κ’
1625 891 1732 962 μοί.
1764 891 1931 961 μέσης

365 988 468 1049 ἕως
501 985 668 1056 Κριοῦ
697 991 748 1055 η’
785 986 876 1038 καὶ
899 984 945 1038 κ’
981 987 1149 1056 μέσης
1168 1003 1181 1016 ·
1216 986 1538 1056 μεσουρανεῖ
1563 984 1619 1036 66
1649 983 1755 1036 61:6
1786 983 1935 1035 Διδύ-

370 1095 486 1148 μων
536 1077 584 1130 α’
625 1079 716 1131 καὶ
771 1085 817 1130 κ’
871 1080 1042 1149 μέσης
1087 1079 1192 1141 ἓως
1237 1078 1462 1139 Λέοντος
1501 1074 1565 1146 β’.
1610 1076 1718 1129 Καὶ
1755 1081 1801 1127 α’
1837 1074 1934 1144 μὲν

366 1170 542 1242 ἀστὴρ
567 1170 713 1223 δύνει
733 1171 761 1222 6
788 1171 845 1223 6v
874 1173 939 1242 τῇ
966 1171 1197 1242 κεφαλῇ,
1223 1170 1445 1239 ἔσχατος
1468 1169 1524 1222 66
1547 1170 1576 1221 6
1609 1168 1937 1240 βορειότερος

363 1259 472 1314 τῶν
523 1262 581 1312 έν
624 1259 700 1330 τῷ
748 1259 904 1331 δεξιῷ
938 1261 1076 1315 ποδί.
1119 1257 1525 1331 Μεσουρανοῦσι
1556 1259 1611 1312 δὲ
1640 1259 1744 1311 τῶν
1766 1257 1937 1311 ἄλλων

365 1351 608 1423 ἀστέρων
638 1355 696 1404 ὲν
726 1354 866 1424 ἀρχῇ
912 1353 1006 1423 μὲν
1039 1354 1068 1406 ὃ
1091 1371 1149 1405 τε
1177 1355 1234 1406 ὲν
1257 1351 1336 1422 τῷ
1368 1352 1554 1422 ῥύγχει
1575 1351 1671 1422 τῆς
1701 1350 1938 1422 μεγάλης

372 1444 629 1513 Ἀρκτου,
663 1445 756 1496 καὶ
782 1446 810 1497 ὁ
833 1445 891 1495 ἐν
918 1448 984 1515 τῇ
1018 1445 1227 1514 κεφαλῇ
1253 1444 1345 1496 τοῦ
1373 1443 1694 1515 ἡγουμένου,
1730 1443 1822 1495 καὶ
1845 1440 1937 1494 τοῦ

369 1533 542 1597 Κυνὸς
587 1535 615 1589 6
654 1534 987 1607 βορειότατος
1035 1536 1140 1588 τῶν
1173 1538 1231 1588 έν
1259 1539 1322 1605 τῇ
1368 1534 1595 1604 κεφαλῇ’
1637 1533 1856 1611 ἔσχατον
1885 1532 1940 1585 66

369 1621 763 1693 μεσουρανοῦσι
798 1623 890 1676 τοῦ
929 1641 989 1676 τε
1024 1623 1323 1693 Δράκοντος
1372 1624 1400 1675 6
1444 1623 1501 1676 ὲν
1533 1622 1686 1693 ’ἄκρᾳ
1713 1625 1778 1692 τῇ
1808 1621 1943 1691 οὐρᾷ

368 1715 462 1767 καὶ
487 1717 515 1766 6
543 1714 705 1784 μέσος
728 1714 835 1768 τῶν
867 1718 924 1768 ὲν
951 1715 1028 1786 τῷ
1050 1715 1300 1787 τραχήλῳ
1326 1713 1488 1767 αὐτοῦ
1515 1713 1562 1783 γ’
1587 1714 1671 1768 ἐπ’
1707 1713 1938 1776 εὐθείας,

369 1805 461 1858 καὶ
487 1804 582 1857 τοῦ
616 1805 826 1877 Ταύρου
855 1808 883 1859 6
911 1803 958 1875 γ’
986 1805 1091 1858 τῶν
1125 1805 1260 1876 μετά
1285 1807 1374 1858 τὸν
1404 1805 1651 1876 λαμπρὸν
1681 1803 1943 1866 ἀνατολάς

2033 620 2180 696 liora:
2211 619 2475 690 partibus.

2099 797 2233 851 Cum
2279 796 2622 851 Andromeda
2667 794 2945 849 descendit
2996 811 3156 851 arcus
3199 796 3406 852 zodiaci
3439 813 3468 850 a
3495 796 3585 852 Pi-

2033 891 2204 944 scium
2235 898 2390 958 parte
2416 889 2488 942 22
2509 889 2685 944 media
2714 905 2885 959 usque
2910 889 2977 944 ad
3001 890 3198 945 Arietis
3221 890 3291 945 28
3314 890 3581 956 mediam;

2032 978 2293 1032 culminat
2353 993 2382 1031 a
2432 976 2784 1034 Geminorum
2831 979 2894 1032 21
2957 981 3131 1034 media
3171 980 3238 1033 ad
3296 979 3490 1038 Leonis
3526 980 3581 1035 2.

2034 1069 2212 1124 Prima
2260 1070 2458 1124 occidit
2499 1086 2618 1140 qua:
2651 1080 2732 1126 est
2776 1071 2832 1124 in
2880 1073 3089 1139 capite;
3137 1056 3348 1134 ultim6,
3397 1087 3584 1126 earum

2034 1177 2155 1232 quae
2183 1173 2308 1220 sunt
2349 1163 2403 1217 in
2443 1161 2634 1217 dextro
2664 1163 2817 1232 pede,
2849 1163 3133 1219 borealior.
3167 1164 3478 1220 Culmiriant
3519 1182 3586 1220 ex

2037 1253 2160 1307 aliis
2191 1253 2386 1315 stellis,
2414 1253 2566 1307 initio
2593 1254 2831 1324 quidem,
2865 1271 2983 1324 quae
3005 1265 3089 1312 est
3121 1257 3175 1310 in
3207 1266 3387 1312 rostro
3415 1258 3587 1327 majo-

2037 1345 2115 1399 ris
2147 1343 2329 1410 Ursa};
2375 1353 2428 1398 et
2457 1361 2577 1414 quae
2623 1347 2679 1400 in
2724 1347 2898 1416 capite
2947 1348 3299 1417 pmcedentis
3324 1348 3538 1404 Gemini
3571 1370 3584 1404 :

2039 1445 2153 1491 tum
2202 1438 2435 1493 maxime
2473 1439 2708 1494 borcalis
2749 1455 2936 1494 earum
2986 1456 3107 1512 qua:
3155 1442 3364 1496 suntin
3411 1443 3588 1513 capite

2037 1534 2220 1591 Canis.
2250 1533 2535 1589 Postremo
2564 1536 2865 1590 culminant
2905 1550 2966 1590 ea
2996 1551 3117 1606 qua:
3155 1543 3238 1592 est
3263 1536 3318 1590 in
3351 1545 3589 1595 extrema

2039 1625 2212 1681 cauda
2245 1624 2508 1680 Draconis
2527 1663 2544 1688 ,
2574 1634 2626 1682 et
2658 1627 2834 1682 media
2875 1628 3041 1682 trium
3073 1644 3192 1698 qua:
3222 1629 3276 1683 in
3305 1629 3425 1697 ejus
3451 1630 3591 1685 collo

2041 1719 2094 1772 in
2117 1719 2382 1774 directum
2415 1717 2532 1774 sita:
2561 1727 2706 1773 sunt.
2737 1718 2866 1774 item
2901 1719 2956 1773 in
2979 1720 3158 1776 Tauro
3188 1722 3346 1776 tertia
3370 1720 3436 1776 de
3457 1737 3592 1792 qua-

2045 1818 2188 1875 tuor,
2217 1826 2338 1881 quae
2377 1811 2442 1866 ad
2474 1811 2737 1866 orientem
2785 1820 2911 1866 sunt
2941 1819 3065 1882 post
3095 1813 3352 1868 lucidam.
3383 1811 3594 1869 Occidit

367 1893 430 1948 6'.
461 1895 614 1948 Δύνει
651 1896 707 1950 δὲ
753 1899 784 1967 ὴ
835 1896 1155 1968 Ἀνδρομέδα
1205 1900 1262 1950 ὲν
1303 1896 1472 1967 ὥραις
1511 1894 1654 1963 γ’ώς
1694 1894 1933 1964 ἔγγιστα.

2042 1901 2381 1956 Andromeda
2408 1900 2558 1957 horis
2587 1902 2832 1971 proxime
2855 1903 3051 1958 tribus.

439 1985 546 2038 T06
579 1986 635 2039 66
669 1987 863 2041 Ἵππου
891 1987 1154 2051 δύνοντος,
1186 1986 1575 2055 συγκαταδύνει
1605 1986 1702 2056 μὲν
1735 1985 1882 2055 αὐτῷ
1908 1987 1937 2038 6

369 2077 629 2142 ζωδιακὸς
665 2078 772 2132 ἀπὸ
815 2079 1096 2150 ’Υδροχόου
1131 2079 1241 2150 poi.
1268 2086 1332 2147 ιγ’
1377 2078 1545 2148 μέσης
1577 2076 1681 2139 ἕως
1721 2075 1936 2145 Ἰχθύων

372 2170 480 2240 μοί.
522 2169 608 2240 ιγ·
631 2173 950 2243 μεσουρανεῖ
979 2171 1036 2223 δὲ
1063 2170 1170 2223 ἀπὸ
1199 2168 1412 2239 Ταύρου
1445 2167 1486 2222 δ’
1518 2168 1688 2238 μέσης
1718 2166 1820 2230 έως
1847 2169 1936 2220 Δι-

368 2263 552 2335 δύμων
602 2263 668 2318 ια’
724 2264 916 2334 μέσης.
962 2264 1072 2316 Καὶ
1110 2261 1157 2316 α’
1200 2261 1300 2332 μὲν
1341 2261 1513 2331 ἀστὴρ
1542 2259 1686 2312 δύνει
1711 2260 1740 2312 6
1777 2259 1834 2311 6v
1859 2256 1938 2328 τῷ

371 2355 600 2426 στόματι
625 2353 788 2408 αὐτοῦ
813 2354 1082 2424 λαμπρὸς,
1114 2352 1337 2428 ἔσχατος
1361 2351 1418 2404 δὲ
1442 2353 1470 2404 6
1500 2350 1591 2402 ἐπὶ
1625 2349 1720 2420 τῆς
1741 2347 1938 2417 ὀσφύος

373 2443 648 2516 λαμπρός.
682 2445 1022 2516 Μεσουρανεῖ
1048 2443 1106 2496 δὲ
1131 2443 1236 2495 τῶν
1268 2441 1439 2510 ἄλλων
1476 2438 1523 2495 α’
1556 2441 1652 2512 μὲν
1684 2441 1712 2493 ὃ
1757 2457 1815 2492 τε
1853 2439 1938 2508 βο-

371 2534 640 2604 ρειότερος
693 2532 799 2586 τῶν
855 2529 1053 2603 μεταξὺ
1103 2529 1197 2583 τοῦ
1237 2529 1402 2596 ὀξέως
1434 2528 1531 2599 τῆς
1563 2526 1818 2589 Πλειάδος
1847 2527 1938 2578 καὶ

370 2625 481 2680 τῶν
517 2625 721 2680 Ὑάδων
773 2623 880 2677 τῶν
913 2625 971 2676 ὲν
1000 2622 1078 2694 τῷ
1106 2619 1378 2694 ἀριστερῷ
1431 2618 1683 2690 μετώπῳ,
1716 2618 1807 2670 καὶ
1843 2615 1936 2668 τοῦ

372 2715 586 2788 Ταύρου
609 2718 639 2769 6
666 2717 723 2768 έν
747 2719 814 2786 τῇ
845 2714 1142 2786 ὠμοπλάτη
1175 2712 1366 2784 μικρὸν
1399 2710 1817 2781 ὑπολειπόμενος
1843 2708 1934 2762 τοῦ

377 2805 768 2878 μεσημϐρινοῦο
806 2805 1022 2876 ἔσχατοι
1051 2805 1106 2858 66
1136 2801 1526 2876 μεσουρανοῦσι
1553 2801 1662 2856 τῶν
1694 2802 1936 2873 Διδύμων

2110 1989 2264 2061 Equo
2309 1990 2672 2046 descendente
2714 1991 2914 2046 occidit
2957 1990 3214 2048 zodiacus
3263 1991 3331 2046 ab
3369 1992 3591 2061 Aquarii

2040 2088 2194 2152 parte
2215 2081 2282 2135 15
2311 2080 2486 2136 media
2518 2081 2585 2136 ad
2619 2078 2854 2137 Piscium
2887 2083 2991 2150 13;
3027 2083 3286 2139 culminat
3312 2100 3341 2137 a
3377 2082 3538 2138 Tauri
3560 2085 3592 2138 4

2040 2171 2214 2227 media
2236 2172 2302 2226 ad
2317 2169 2662 2228 Geminorum
2682 2175 2741 2228 11
2762 2169 3013 2232 mediam.
3036 2173 3192 2230 Prior
3205 2175 3404 2231 occidit
3417 2176 3592 2241 stella,

2041 2277 2162 2332 qua:
2186 2263 2240 2315 in
2263 2261 2382 2331 ejus
2399 2269 2482 2316 est
2504 2279 2598 2317 ore
2622 2263 2832 2328 lucida;
2860 2265 3048 2320 ultima
3071 2281 3191 2335 qua:
3216 2273 3300 2320 est
3326 2268 3382 2320 in
3412 2267 3596 2320 lumbo

2045 2352 2243 2407 lucida.
2271 2351 2502 2407 Medium
2541 2355 2663 2410 cmli
2697 2363 2842 2411 tenet
2871 2372 2937 2411 ex
2969 2357 3089 2412 aliis
3121 2357 3298 2428 primo
3329 2358 3596 2412 borealior

2042 2457 2228 2498 earum
2254 2459 2372 2513 quae
2389 2455 2515 2498 sunt
2539 2445 2678 2501 inter
2692 2462 2918 2503 acumen
2939 2447 3255 2513 Pleiadis,et
3273 2448 3596 2503 Sucularum

2042 2548 2163 2603 qua:
2189 2534 2244 2587 in
2277 2535 2498 2589 sinistra
2527 2535 2723 2593 fronte.
2756 2538 2884 2594 Item
2915 2538 3102 2604 Tauri,
3128 2557 3248 2610 quae
3269 2549 3352 2596 est
3379 2541 3433 2595 in
3477 2555 3595 2595 sca-

2043 2624 2169 2694 pula
2196 2625 2473 2693 paululum
2508 2626 2644 2680 citra
2670 2629 3026 2683 meridianum
3057 2650 3069 2684 :
3108 2639 3380 2700 postremo
3405 2631 3588 2685 culmi-

2042 2722 2194 2781 nant,
2221 2716 2414 2772 tertius
2441 2715 2788 2773 Geminorum
2820 2720 2887 2773 ab
2907 2719 3186 2775 occidente
3229 2737 3353 2791 pes;
3385 2728 3438 2775 et
3455 2737 3595 2791 pra:-

2044 2804 2243 2862 cedens
2265 2809 2430 2862 trium
2454 2809 2509 2863 in
2535 2809 2781 2879 genibus.
2805 2809 3016 2865 Occidit
3039 2809 3223 2881 Equus
3246 2812 3391 2865 boris
3411 2810 3446 2863 2
3470 2812 3590 2882 1/2.

376 2903 406 2956 6
429 2918 485 2955 τε
511 2902 690 2972 τρίτος
708 2899 816 2956 ἀπὸ
846 2899 1050 2962 δύσεως
1077 2898 1212 2964 ποῦς
1239 2900 1331 2953 καὶ
1353 2898 1380 2950 6
1405 2899 1702 2970 ἡγούμενος
1759 2898 1866 2952 τῶν
1905 2900 1962 2951 ὲν
1992 2903 2105 2966 τοῖς
2143 2903 2330 2971 γόνασι
2355 2903 2424 2973 γ’.
2489 2905 2640 2960 Δύνει
2678 2907 2733 2960 δὲ
2767 2909 2795 2960 6
2823 2908 3015 2972 Ἵππος
3048 2910 3106 2962 ὲν
3145 2907 3315 2979 ὥραις
3338 2906 3457 2960 δυσὶ
3502 2908 3594 2960 καὶ

377 2992 649 3135 ήμΤϊῦιὲζ
681 3078 890 3134 Ὀῖστοῦ
920 3079 1186 3145 δύνοντος,
1220 3077 1607 3147 συγκαταδύνει
1656 3077 1753 3148 μὲν
1794 3075 1941 3147 αὐτῷ

2118 3075 2323 3148 Sagitta
2366 3093 2488 3133 cum
2537 3078 2760 3144 occidit,
2794 3079 3074 3135 descendit
3117 3095 3222 3135 una
3267 3082 3522 3139 zodiacus
3563 3100 3593 3138 a

377 3176 406 3227 6
441 3172 700 3236 ζωδιακὸς
733 3171 839 3225 ἀπὸ
867 3171 1147 3243 Αῑγόκερω
1175 3171 1283 3242 μοί.
1322 3168 1364 3235 ζ’
1401 3170 1493 3223 καὶ
1525 3177 1571 3221 κ’
1625 3168 1793 3239 μέσης
1838 3168 1939 3230 ἕως

2046 3169 2222 3225 media
2256 3182 2408 3240 parte
2451 3171 2520 3225 27
2559 3171 2873 3243 Capricorni
2896 3174 2962 3228 ad
3005 3172 3040 3225 2
3076 3173 3308 3227 mediam
3347 3174 3594 3245 Aquarii;

390 3263 670 3338 ’Υδροχὸου
725 3263 833 3335 poi.
867 3261 909 3334 β’
946 3263 1114 3334 μέσης
1139 3281 1151 3292 ·
1187 3265 1509 3333 μεσουρανεῖ
1541 3260 1596 3313 δὲ
1630 3260 1735 3313 ἀπὸ
1775 3257 1945 3329 Κριοῦ

383 3356 492 3428 poi.
529 3354 587 3409 ιδ’
625 3357 732 3420 ἕως
759 3356 932 3427 Κριοῦ
968 3354 1076 3425 μοί.
1103 3352 1208 3408 κα’.
1237 3355 1344 3406 Καὶ
1376 3360 1423 3406 α’
1457 3352 1555 3424 μὲν
1589 3351 1816 3423 ἀστέρες
1858 3351 1948 3404 δύ-

379 3465 562 3502 νουσιν
599 3450 651 3501 οἱ
695 3452 751 3502 ὲν
781 3451 846 3519 τῇ
899 3446 1132 3517 γλυφίδι,
1180 3445 1404 3514 έσχατος
1435 3444 1491 3496 δὲ
1535 3445 1563 3497 6
1601 3445 1657 3495 ὲν
1685 3446 1750 3514 τῇ
1781 3442 1942 3497 ἀκίδι.

377 3539 786 3611 Μεσουρανοῦσι
814 3541 870 3593 δὲ
895 3539 1000 3592 τῶν
1030 3538 1201 3592 ἄλλων
1234 3536 1474 3607 ἀστέρων
1496 3535 1545 3588 α’
1571 3535 1668 3605 μὲν
1691 3534 1782 3586 τοῦ
1809 3535 1948 3605 Περ-

385 3631 523 3696 σέως
548 3633 575 3684 6
601 3633 657 3684 ὲν
678 3629 754 3701 τῷ
777 3629 933 3700 δεξιῷ
961 3627 1113 3699 ὤμῳ,
1143 3628 1236 3681 καὶ
1261 3626 1352 3680 τοῦ
1371 3626 1539 3699 Κριοῦ
1565 3627 1592 3678 6
1618 3625 1947 3697 βορειότερος

380 3720 488 3776 τῶν
521 3723 662 3792 ὑπὲρ
692 3723 791 3792 τὴν
818 3721 982 3792 οὐρὰν
1010 3719 1060 3789 γ’
1094 3721 1180 3773 ἐπ’
1220 3719 1433 3782 εὐθείας
1499 3719 1947 3790 ἀκατονομάστων

382 3815 478 3868 καὶ
508 3816 537 3867 6
563 3815 621 3868 ὲν
644 3813 721 3884 τῷ
760 3812 913 3884 νώτῳ
949 3811 1134 3876 αὐτοῦ,
1163 3809 1567 3882 προηγούμενος
1598 3809 1690 3862 τοῦ
1737 3827 1946 3881 μεσημ-

381 3904 570 3976 ϐρινοῦ
616 3904 690 3968 ὡς
717 3905 1012 3974 ἡμιπὴχιον
1038 3919 1052 3934 °
1122 3903 1215 3957 καὶ
1241 3901 1332 3955 τοῦ
1359 3903 1569 3973 Κήτους
1596 3903 1623 3954 6
1650 3902 1946 3971 ἡγούμενος

381 3997 490 4051 τῶν
524 3997 584 4049 ἐν
608 3998 674 4067 τῇ
705 4011 793 4048 νοτ
805 3993 859 4066 ίᾳ
888 3995 1092 4063 σιαγόνι
1119 3992 1165 4062 γ’
1193 3992 1476 4063 λαμπρῶν·
1498 3991 1708 4061 ἔσχατοι
1733 3991 1786 4043 66
1817 4007 1946 4061 μεσ-

380 4086 670 4160 ουρανοῦσι
722 4085 816 4140 τοῦ
848 4084 1100 4156 Περσέως
1145 4087 1174 4138 6
1216 4086 1269 4137 ὲν
1296 4083 1374 4154 τῷ
1404 4084 1552 4154 μέσῳ
1583 4081 1676 4134 τοῦ
1702 4081 1947 4152 σώματος

379 4176 652 4250 λαμπρὸς,
681 4177 874 4248 μικρὸν
902 4175 1307 4246 προηγούμενος
1332 4173 1425 4225 106
1453 4170 1836 4243 μεσημϐρινοῦ,
1855 4169 1946 4222 καὶ

377 4268 476 4322 τοῦ
509 4271 723 4339 Κήτους
751 4269 779 4321 6
808 4267 1067 4338 ἑπόμενος
1107 4265 1211 4318 τῶν
1246 4267 1302 4317 έν
1338 4267 1404 4335 τῇ
1435 4263 1582 4334 νοτία
1608 4261 1832 4329 σιαγόνι,
1859 4278 1946 4331 μι-

381 4362 514 4433 κρὸν
540 4360 957 4430 ὑπολειπόμενος
984 4357 1076 4410 τοῦ
1105 4355 1490 4427 μεσημϐρινοῦ.
1517 4353 1667 4407 Δύνει
1698 4353 1753 4405 δὲ
1777 4354 1805 4405 6
1837 4353 1942 4404 Ὀϊ-

383 4453 514 4515 στὸς
544 4453 600 4505 έν
628 4449 674 4520 γ’
711 4451 866 4522 μέρει
901 4449 1067 4519 ὥρας.

2046 3259 2308 3313 culminat
2351 3260 2418 3314 ab‘
2460 3261 2660 3336 Arietis
2696 3268 2847 3339 parte
2895 3262 2960 3316 14
3000 3267 3066 3316 ad
3098 3262 3188 3316 21.
3225 3261 3419 3318 Primae
3448 3266 3593 3318 occi-

2045 3351 2181 3406 dunt
2213 3351 2402 3416 stellae,
2433 3369 2553 3421 quae
2581 3362 2707 3408 sunt
2749 3355 2801 3406 in
2829 3369 3011 3416 crena,
3039 3354 3244 3422 ultima,
3277 3371 3397 3425 quae
3427 3364 3510 3412 est
3541 3358 3594 3411 in

2045 3441 2288 3511 cuSpide.
2308 3442 2638 3508 Culminant
2661 3459 2724 3499 ex
2749 3444 2869 3500 aliis
2893 3445 3065 3500 stellis
3091 3445 3263 3514 prima
3284 3447 3459 3500 dextri
3490 3447 3593 3502 bu-

2045 3533 2182 3586 meri
2208 3530 2391 3589 Persei
2415 3574 2430 3598 ,
2460 3544 2513 3588 et
2545 3534 2812 3590 borealior
2835 3535 2995 3591 trium
3023 3537 3381 3607 appellatione
3407 3553 3592 3595 caren-

2046 3625 2204 3694 tium,
2239 3640 2360 3698 quae
2403 3640 2566 3696 supra
2605 3627 2833 3681 caudam
2859 3627 3059 3683 Arietis
3104 3627 3160 3682 in
3204 3627 3468 3684 directum
3506 3645 3592 3700 po.

2046 3719 2164 3774 sita:
2207 3729 2353 3784 sunt,
2387 3729 2499 3774 tum
2547 3735 2667 3790 quae
2711 3718 2766 3772 in
2816 3719 2961 3776 illius
3005 3720 3188 3786 dorso,
3235 3722 3593 3777 meridianum

2048 3811 2370 3866 semicubito
2401 3812 2624 3866 circiter
2654 3811 2998 3868 antecedens.
3030 3811 3156 3868 Item
3178 3814 3487 3884 prarcedens
3512 3815 3594 3868 lu-

2045 3902 2290 3957 cidarum
2320 3905 2482 3958 trium
2513 3919 2632 3974 qua:
2664 3905 2715 3957 in
2739 3904 2963 3960 australi
2990 3905 3302 3960 mandibula
3325 3905 3441 3960 Ceti
3464 3923 3477 3970 ;
3503 3920 3583 3976 po.

2045 4000 2260 4049 stremae
2293 3996 2612 4059 culminant,
2649 3996 2825 4050 lucida
2855 4011 2974 4066 quae
2999 4005 3081 4052 est
3107 3999 3160 4050 in
3184 3996 3360 4052 medio
3387 3997 3590 4059 Persei,

2045 4085 2320 4156 paululum
2364 4087 2689 4142 antecedens
2737 4087 3127 4153 meridianum,
3171 4096 3223 4142 et
3261 4088 3594 4159 subsequens

2042 4192 2252 4243 earum,
2287 4193 2407 4247 qua:
2447 4178 2502 4232 in
2539 4180 2760 4232 australi
2807 4179 3119 4235 mandibula
3151 4178 3288 4246 Ceti,
3324 4183 3484 4251 paulo
3511 4181 3592 4236 ci-

2043 4275 2127 4322 tra
2156 4268 2534 4324 meridianum.
2567 4268 2776 4325 Occidit
2801 4269 3002 4342 Sagitta
3030 4271 3175 4328 horae
3207 4273 3423 4328 triente.

449 4544 594 4609 KG’.
612 4542 715 4595 Τοῦ
733 4543 788 4595 66
804 4540 984 4594 Ἀετοῦ
1000 4540 1263 4605 δύνοντος,
1284 4538 1668 4609 συγκαταδύνει
1684 4539 1779 4608 μὲν
1794 4535 1938 4606 αὐτῷ

2112 4539 2298 4602 XXVI.
2340 4540 2473 4596 Cum
2499 4542 2693 4613 Aquila
2715 4543 2994 4598 descendit
3017 4558 3176 4597 arcus
3198 4541 3400 4596 zodiaci
3422 4555 3452 4595 a
3482 4555 3589 4595 me-

381 4636 412 4687 6
432 4633 692 4697 ζωδιακὸς
718 4633 826 4687 ἀπὸ
843 4633 1041 4701 Αἰγὸκε
1050 4649 1124 4702 ρω
1142 4631 1249 4702 poi.
1272 4630 1333 4695 ιζ’
1353 4631 1522 4701 μέσης
1546 4630 1648 4692 ἕως
1665 4629 1857 4696 Αἰγόκε
1866 4645 1941 4699 ρω

382 4741 420 4794 γ
458 4727 550 4777 καὶ
574 4723 650 4778 κ’⁶
689 4726 1008 4795 μεσουρανεῖ
1035 4722 1089 4775 66
1119 4721 1226 4774 61:6
1255 4720 1426 4792 Κριοῦ
1447 4720 1553 4790 μοί.
1581 4718 1623 4790 β’
1643 4720 1746 4782 ἕως
1770 4717 1938 4790 Κριοῦ

384 4819 499 4890 μοί.
533 4826 605 4888 η’.
637 4819 745 4871 Καὶ
773 4817 978 4889 πρῶτοι
1009 4817 1104 4886 μὲν
1137 4815 1361 4886 ἀστέρες
1385 4813 1624 4867 δύνουσιν
1647 4814 1696 4865 0i
1735 4814 1793 4865 6v
1822 4815 1942 4875 ταῖς

380 4912 608 4985 πτέρυξι
639 4910 682 4982 β’
712 4911 914 4982 μικροὶ,
947 4909 1170 4978 ἔσχατος
1199 4908 1254 4960 66
1286 4908 1316 4959 6
1353 4906 1684 4977 βορειότερος
1733 4903 1839 4957 τῶν
1885 4906 1940 4956 ὲν

386 5013 465 5075 up
501 5002 712 5075 σώματι
755 5000 797 5072 β’
842 5000 1126 5072 λαμπρῶν.
1163 5001 1495 5069 Μεσουρανεῖ
1533 4998 1591 5050 66
1621 4996 1726 5050 τῶν
1769 4995 1940 5050 ἄλλων

388 5089 631 5162 ἀστέρων
686 5087 734 5142 α’
768 5089 866 5158 μὲν
900 5088 994 5159 τῆς
1025 5087 1374 5158 Ἀνδρομέδας
1407 5088 1435 5138 6
1482 5088 1538 5138 6v
1567 5086 1642 5156 τῷ
1674 5084 1940 5156 ἀριστερῷ

331 5215 336 5220 -
389 5180 530 5244 ποδὶ,
578 5181 672 5234 καὶ
707 5179 800 5231 τοῦ
833 5179 1002 5250 Κριοῦ
1032 5181 1060 5230 6
1097 5180 1257 5250 μέσος
1277 5178 1384 5232 τῶν
1410 5179 1466 5231 ὲν
1497 5180 1562 5248 τῇ
1595 5178 1823 5248 κεφαλῇ,
1851 5179 1942 5230 καὶ

387 5268 481 5320 τοῦ
500 5267 709 5338 Κήτους
729 5269 756 5320 6
785 5266 1097 5338 νοτιώτερος
1125 5266 1233 5319 τῶν
1262 5265 1538 5337 ἑπομένων
1570 5267 1627 5318 έν
1655 5265 1731 5336 τῷ
1752 5283 1943 5338 τετρα-

387 5358 604 5429 πλεύρῳ
622 5374 636 5388 ⁸
672 5358 894 5429 ἔσχατος
920 5357 974 5410 66
998 5357 1089 5410 106
1112 5356 1382 5428 Τριγώνου
1417 5358 1444 5409 6
1471 5357 1729 5427 ἑπόμενος
1757 5355 1862 5409 τῶν
1885 5359 1941 5408 ὲν

383 5452 449 5520 τῇ
500 5447 676 5518 βάσει,
721 5448 1125 5521 προηγούμενος
1177 5448 1282 5500 τῶν
1310 5450 1365 5502 έν
1394 5451 1458 5519 τῇ
1492 5447 1675 5520 βορεξᾳ
1711 5446 1937 5515 σιαγόνι.

386 5540 541 5593 Δύνει
568 5541 624 5594 66
651 5543 680 5593 6
723 5539 901 5604 Ἀετὸς
928 5541 984 5592 ἐν
1013 5537 1058 5608 γ’
1087 5538 1239 5610 μέρει
1275 5538 1440 5609 ὥρας.

457 5629 562 5684 Τοῦ
593 5633 649 5685 66
676 5632 922 5702 Δελφῖνος
954 5630 1216 5696 δύνοντος,
1243 5631 1628 5700 συγκαταδύνει
1665 5632 1760 5703 μὲν
1789 5635 1816 5684 ό
1837 5631 1939 5696 ζωι-

387 5719 572 5785 διακὸς
600 5724 707 5776 ἀπὸ
736 5723 830 5778 τοῦ
867 5723 1144 5795 ’Υδροχὸου
1174 5723 1282 5796 μοί.
1321 5721 1363 5793 β’
1385 5723 1488 5786 ’ἐως
1525 5724 1798 5794 ’Υδροχόου
1829 5725 1936 5794 μοί.

389 5810 438 5886 11'
491 5813 688 5888 μέσηςο
745 5820 1061 5889 μεσουρανεί
1104 5816 1159 5870 δὲ
1193 5817 1299 5871 ἀπὸ
1349 5815 1517 5883 Κριοῦ
1551 5815 1595 5870 κ’
1633 5817 1795 5880 μέσης
1839 5818 1939 5879 ἕως

2045 4630 2134 4683 dia
2169 4639 2320 4699 parte
2353 4632 2419 4684 17
2446 4631 2762 4702 Capricorni
2791 4633 2857 4687 ad
2885 4632 2986 4700 23;
3029 4631 3290 4686 culminat
3322 4631 3390 4686 ab
3437 4631 3592 4686 Arie-

2047 4721 2114 4776 tis
2141 4722 2174 4774 2
2206 4721 2272 4774 ad
2300 4721 2351 4775 8.
2378 4721 2572 4778 Primae
2603 4725 2854 4792 occidunt
2903 4723 3068 4779 stellae
3094 4723 3212 4778 duas
3241 4738 3437 4792 parvae,
3477 4738 3593 4794 quae

2044 4813 2102 4867 in
2154 4813 2294 4882 alis;
2343 4823 2638 4884 postrema,
2687 4816 2956 4870 borealior
2995 4816 3292 4869 lucidarum
3340 4815 3590 4878 duarum,

2045 4918 2166 4973 qua:
2185 4914 2312 4958 sunt
2342 4906 2394 4959 in
2423 4921 2670 4976 corpore.
2697 4907 2771 4960 Ex
2803 4907 2925 4960 aliis
2945 4905 3116 4961 stellis
3138 4905 3396 4959 culminat
3420 4904 3594 4974 primo

2048 5012 2166 5068 quae
2193 5007 2270 5053 est
2303 5000 2354 5054 in
2387 4999 2742 5055 Andromeda:
2770 5001 2992 5054 sinistro
3020 4999 3152 5068 pede
3176 5017 3190 5066 ;
3219 5006 3273 5052 et
3307 4997 3480 5051 media
3503 5010 3592 5050 ea-

2046 5105 2191 5153 rum,
2223 5106 2341 5160 quae
2378 5091 2432 5143 in
2454 5091 2655 5145 Arietis
2683 5092 2879 5161 capite.
2919 5090 3052 5146 Item
3083 5091 3373 5146 australior
3408 5103 3593 5144 succe-

2045 5181 2285 5236 dentium
2323 5182 2438 5236 Ceti
2498 5183 2551 5235 in
2581 5183 2984 5252 quadrilatero;
3019 5183 3208 5236 ultima
3259 5183 3610 5251 subsequens.

2046 5288 2231 5330 earum
2258 5290 2377 5344 qua:
2408 5282 2535 5329 sunt
2565 5275 2620 5328 in
2655 5275 2772 5330 basi
2816 5275 3102 5344 trianguli,
3132 5273 3438 5344 praecedens
3474 5273 3596 5326 illas

2047 5381 2166 5436 quae
2223 5376 2349 5422 sunt
2398 5366 2452 5420 in
2506 5366 2709 5422 boreali
2759 5365 3086 5420 mandibula.
3143 5364 3352 5420 Occidit
3402 5365 3598 5434 Aquila

2047 5457 2194 5513 horae
2219 5457 2432 5514 triente.

2115 5629 2405 5687 Occidente
2441 5629 2707 5700 Delphina
2753 5645 2873 5685 cum
2911 5645 2977 5685 eo
3018 5627 3298 5685 descendit
3339 5624 3614 5680 zodiacus-

2044 5723 2112 5778 ab
2134 5724 2353 5794 Aquarii
2379 5731 2532 5794 parte
2553 5721 2588 5776 2
2619 5721 2688 5778 ad
2728 5723 2956 5778 mediam
2981 5721 3046 5786 8;
3074 5719 3335 5776 culminat
3355 5717 3422 5772 ab
3443 5714 3607 5768 Aria--

2046 5817 2118 5875 tis
2139 5816 2209 5872 20
2232 5815 2406 5873 media
2445 5815 2514 5872 ad
2552 5815 2642 5874 29.
2677 5815 2829 5873 Prior
2875 5813 3071 5870 occidit
3126 5810 3452 5867 antecedens
3495 5818 3610 5857 σαι
