4040 6206
469 383 503 438 1
516 381 614 438 107
1456 377 1546 433 AD
1579 376 1847 432 EUSEBII
1891 379 2044 435 ΕΗΒ(

2141 377 2285 435 ICON
2320 377 2698 434 APPENDIX.‘
3583 376 3606 429 i
3626 374 3723 428 108

474 515 598 554 rum
628 513 750 570 qua:
793 503 919 551 sunt
959 495 1014 551 in
1053 496 1264 565 cauda;
1313 505 1606 568 postrema,
1646 497 1915 553 borealior
1958 513 2044 554 ca-

2147 497 2316 570 Κριοῦ
2351 497 2394 550 0'
2424 498 2518 549 καὶ
2550 495 2617 549 κ’.
2651 495 2760 549 Καὶ
2781 501 2828 547 α’
2866 493 2962 564 μὲν
2998 491 3170 565 ἀστὴρ
3195 491 3340 545 δύνει
3366 494 3395 546 6
3419 490 3724 562 ἡγούμενος

477 604 598 644 rum
637 602 759 658 qua
799 587 854 642 in
906 587 1229 642 succedente
1262 587 1430 642 latere
1478 585 1732 642 Rhombi.
1787 587 1864 641 Ex
1917 588 2040 644 aliis

2143 588 2249 642 τῶν
2290 591 2347 642 ὲν
2387 592 2452 660 τῇ
2492 589 2646 660 οὐρᾷ,
2681 586 2903 656 ἔσχατος
2927 585 2983 637 δὲ
3012 586 3040 638 6
3076 584 3410 656 βορειότερος
3433 582 3542 635 τῶν
3569 585 3627 636 ὲν
3654 584 3720 651 τῇ

479 678 650 734 stellis
682 677 834 748 prius
865 677 1172 732 culminant
1199 676 1377 732 lucida
1412 677 1575 732 medii
1611 679 1858 749 corporis
1911 677 2036 734 Per-

2143 680 2381 751 ἑπομένῃ
2425 679 2630 750 πλευρᾷ
2656 677 2748 730 τοῦ
2794 676 3044 745 Ῥόμόου.
3069 674 3480 747 Μεσουρανοῦσι
3523 675 3581 727 δὲ
3615 673 3724 726 τῶν

479 771 580 834 sei,
630 769 910 841 paululum
951 769 1282 824 antecedens
1334 769 1720 833 meridianum,
1765 778 1818 825 et
1852 785 2042 826 succe-

479 863 616 918 dens
653 877 841 918 carum
870 877 992 933 qua:
1032 869 1161 916 sunt
1192 860 1245 915 in
1287 861 1513 916 australi
1543 862 1855 916 mandibula
1889 864 2035 928 Ceti,

481 955 640 1025 paulo
666 955 804 1010 citra
835 953 1195 1010 meridianum
1237 955 1362 1009 sita.
1396 952 1677 1010 Postremo
1709 955 2035 1021 culminant,

363 1065 376 1078 ο
479 1062 599 1118 qua:
636 1047 690 1100 in
715 1046 848 1116 pede
873 1045 1100 1102 sinistro
1120 1043 1339 1110 Persei;
1372 1054 1426 1101 et
1457 1046 1729 1102 borealior
1749 1062 1875 1116 pars
1901 1063 2039 1118 prte-

481 1138 726 1196 cedentis
773 1139 956 1194 lateris
998 1137 1252 1196 Pleiadis.
1306 1136 1517 1193 Occidit
1555 1137 1856 1208 Delphinus
1903 1139 2038 1194 hora

479 1231 726 1286 dimidia.

550 1404 689 1461 Cum
719 1404 915 1461 Perseo
953 1404 1234 1462 descendit
1267 1405 1523 1460 zodiacus
1553 1420 1583 1458 a
1622 1413 1774 1476 parte
1803 1404 1968 1460 Tauri
2003 1406 2039 1459 2

479 1497 546 1552 ad
575 1497 675 1564 29;
707 1497 970 1553 culminat
998 1513 1028 1552 a
1059 1496 1256 1554 Leonis
1290 1497 1469 1553 media
1505 1496 1537 1552 6
1559 1497 1625 1551 ad
1656 1497 1888 1552 mediam
1913 1497 2039 1553 Vir-

479 1591 621 1661 ginis
669 1591 755 1646 10.
786 1592 941 1647 Prior
974 1591 1128 1662 132
1176 1589 1380 1645 occidit
1420 1590 1691 1646 borealior
1711 1589 2038 1644 anteceden-

482 1683 614 1736 tium
659 1682 714 1738 in
739 1681 1046 1754 Gorgonio;
1074 1682 1263 1736 ultima
1292 1697 1421 1738 vero
1453 1697 1642 1738 earum
1673 1698 1794 1753 qua:
1825 1690 1953 1757 sunt
1982 1683 2037 1738 in

479 1775 673 1831 dextro
712 1790 871 1847 genu.
905 1773 1218 1830 Culminant
1259 1789 1327 1830 ex
1352 1774 1476 1830 aliis
1522 1775 1694 1831 stellis
1729 1775 1884 1833 .rjtlo
1916 1776 2040 1846 qui-

479 1865 604 1921 dem
633 1880 697 1921 ea
737 1881 858 1937 quae
889 1874 972 1922 est
1011 1865 1064 1920 in
1106 1873 1296 1921 ventre
1340 1864 1560 1931 Leonis,
1605 1867 1719 1922 sive
1755 1882 2042 1939 propemo-
2070 1847 2112 1902 Β

483 1957 612 2013 dum
643 1959 964 2016 semicubito
987 1959 1123 2014 citra
1152 1958 1508 2014 meridianum
1541 1961 1666 2014 sita.
1691 1959 1822 2014 Item
1846 1967 2040 2030 quarta

484 2066 672 2106 earum
720 2068 840 2122 quae
881 2060 1011 2107 sunt
1053 2062 1176 2122 post
1213 2053 1446 2106 lucidam
1489 2051 1680 2122 llydri,
1719 2053 2042 2107 semicubito

484 2139 599 2197 fere
635 2144 773 2198 citra
821 2144 1178 2198 meridianum
1230 2144 1428 2212 posita.
1461 2141 1591 2197 Item
1630 2142 1819 2196 ultima
1856 2157 2040 2198 earum

481 2245 606 2299 qua:
628 2229 685 2284 in
711 2230 899 2285 carina
927 2238 1052 2285 sunt
1085 2230 1270 2286 Navis.
1313 2231 1610 2286 Postrema:
1641 2231 1944 2286 culminant
1978 2249 2042 2288 ea

483 2335 605 2390 qua:
635 2331 719 2377 est
754 2322 809 2375 in
844 2323 1015 2377 cauda
1046 2322 1231 2390 Corvi,
1262 2331 1315 2379 et
1345 2339 1465 2394 quae
1495 2325 1548 2378 in
1581 2325 1752 2395 ipsius
1791 2325 2040 2394 pedibus.

483 2409 698 2468 Occidit
722 2412 956 2471 Perseus
985 2414 1137 2471 horis
1158 2414 1214 2480 2,
1243 2415 1347 2471 20'.

555 2590 688 2646 Cum
719 2589 924 2662 Auriga
958 2589 1240 2647 descendit
1263 2593 1523 2650 zodiacus
1549 2609 1578 2648 a
1603 2592 1768 2648 Tauri
1798 2601 1951 2665 parte
1975 2593 2046 2649 23

485 2681 554 2736 ad
595 2681 792 2736 Cancri
840 2682 1069 2738 mediam
1115 2684 1184 2750 2;
1233 2687 1493 2741 culminat
1544 2703 1574 2741 a
1609 2686 1851 2758 Virginis
1895 2687 1932 2741 ἓ
1977 2687 2044 2742 ad

2142 771 2339 824 λοιπῶν
2366 770 2608 843 ἀστέρων
2645 767 2850 839 πρῶτοι
2880 767 2978 838 μὲν
3001 768 3029 820 ὅ
3055 783 3112 819 τε
3139 767 3196 818 ἐν
3227 767 3376 838 μέσῳ
3400 765 3478 835 τῷ
3505 765 3721 835 σώματι

2140 865 2233 919 τοῦ
2288 863 2539 936 Περσέως
2584 861 2851 933 λαμπρὸς,
2906 859 3099 932 μικρὸν
3157 858 3569 930 προηγούμενος
3622 855 3718 909 τοῦ

2145 953 2537 1027 μεσημϐρινοῦ,
2571 953 2664 1007 καὶ
2707 953 2736 1005 6
2779 952 3039 1021 ἑπόμενος
3075 950 3183 1003 τῶν
3224 951 3280 1003 ἐν
3310 952 3376 1020 τῇ
3416 949 3568 1020 νοτία
3597 965 3718 1000 σια-

2140 1048 2255 1116 γόνι
2285 1046 2377 1100 τοῦ
2407 1047 2639 1116 Κήτους,
2681 1043 2873 1115 μικρὸν
2916 1043 3342 1112 ὑπολειπόμενος
3374 1040 3467 1094 τοῦ
3503 1057 3717 1110 μεσημ-

2140 1138 2344 1210 ϐρινοῦυ
2375 1137 2589 1207 ἔσχατοι
2617 1136 2673 1189 δὲ
2699 1136 2748 1189 οἱ
2777 1136 2834 1188 ἐν
2862 1133 2939 1205 τῷ
2963 1133 3234 1205 ἀριστερῷ
3252 1133 3439 1201 γόνατι
3461 1131 3554 1184 τοῦ
3579 1133 3716 1203 Περ-

2141 1229 2296 1292 σέως,
2331 1230 2424 1282 καὶ
2453 1229 2553 1298 τῆς
2601 1225 2853 1289 Πλειάδος
2907 1225 2967 1278 τὸ
3019 1224 3351 1296 βορειότερθν
3410 1223 3577 1294 μέρος
3619 1222 3715 1290 τῆς

2139 1321 2444 1393 ἡγουμένης
2497 1319 2754 1391 πλευρᾶς.
2789 1317 2945 1370 Δύνει
2993 1317 3049 1370 δὲ
3079 1319 3107 1370 6
3144 1317 3334 1384 Δελφὶς
3359 1316 3417 1367 ἐν
3439 1315 3711 1384 ἡμιωρίῳ.

2213 1410 2318 1464 Τοῦ
2353 1410 2409 1463 δὲ
2445 1409 2696 1480 Περσέως
2726 1407 2990 1473 δύνοντος,
3022 1406 3412 1476 συγκαταδύνει
3441 1407 3543 1476 μὲν
3569 1404 3717 1474 αὐτῷ

2137 1505 2165 1556 6
2191 1502 2450 1566 ζωδιακὸς
2472 1501 2578 1554 ἀπὸ
2599 1501 2692 1554 τοῦ
2713 1501 2924 1571 Ταύρου
2963 1501 3072 1571 μοί.
3094 1499 3138 1570 β’
3168 1500 3272 1563 ἕως
3305 1499 3521 1570 Ταύρου
3539 1498 3653 1568 μοί.
3674 1497 3718 1550 0'

2138 1593 2234 1646 καὶ
2258 1591 2324 1646 κ’·
2352 1610 2415 1664 με
2425 1609 2515 1646 σου
2525 1595 2675 1663 ρανεῖ
2686 1591 2743 1644 δὲ
2761 1591 2868 1645 ἀπὸ
2881 1591 3106 1655 Λέοντος
3129 1589 3180 1655 ς’
3201 1590 3370 1662 μέσης
3390 1590 3496 1653 ἓως
3515 1587 3722 1660 Παρθέα

2138 1702 2227 1738 νου
2257 1683 2285 1737 ι’
2306 1686 2496 1756 μέσης.
2524 1685 2632 1738 Καὶ
2660 1690 2708 1736 α’
2739 1684 2836 1754 μὲν
2859 1682 3031 1754 ἀστὴρ
3057 1683 3199 1736 δύνει
3221 1682 3328 1736 τῶν
3347 1682 3502 1752 ἐντῷ
3529 1683 3724 1753 Γοργοο

2139 1776 2235 1848 νίῳ
2258 1780 2285 1831 6
2330 1777 2565 1849 βορειότε
2574 1793 2663 1848 ρος
2699 1775 2806 1829 τῶν
2847 1775 3180 1847 ἡγουμένων,
3202 1775 3428 1845 ἔσχατος
3451 1775 3510 1826 δὲ
3533 1773 3644 1826 τῶν
3663 1776 3719 1827 ὲν

2139 1871 2216 1942 τῷ
2239 1871 2395 1940 δεξιῷ
2419 1869 2623 1938 γόνατι.
2643 1868 3048 1939 Μεσουρανοῦσι
3069 1868 3125 1921 δὲ
3143 1866 3249 1920 τῶν
3276 1867 3451 1921 ἄλλων
3473 1866 3721 1938 ἀστέρων

2141 1964 2197 2016 ὲν
2227 1964 2367 2034 ἀρχῇ
2406 1961 2504 2032 μὲν
2539 1961 2567 2014 ὅ
2603 1978 2659 2012 τε
2701 1961 2757 2013 ὲν
2790 1963 2855 2032 τῇ
2895 1960 3092 2032 γαστρὶ
3120 1959 3213 2013 τοῦ
3234 1961 3477 2024 Λέοντος,
3519 1958 3601 2031 [ἢ]
3645 1960 3722 2023 ῶς

2139 2055 2440 2124 ἡμιπήχιον
2485 2051 2910 2122 ὑπολειπόμενος
2953 2050 3045 2105 τοῦ
3087 2050 3594 2122 μεσημϐρινοῦ,καὶ
3627 2050 3718 2103 τοῦ

2143 2143 2340 2215 ’Ὕδρου
2367 2143 2395 2194 6
2422 2140 2679 2213 τέταρτος
2701 2141 2808 2193 τῶν
2833 2140 2968 2210 μετὰ
2995 2141 3084 2193 τὸν
3109 2139 3378 2211 λαμπρὸν,
3401 2140 3478 2203 ὡς
3509 2142 3720 2212 ὴμιπήο

2143 2249 2256 2303 χιον
2310 2231 2716 2304 προηγούμενος
2767 2231 2861 2284 τοῦ
2899 2231 3287 2303 μεσημϐρινοῦ,
3325 2233 3418 2285 καὶ
3452 2233 3550 2302 τῆς
3591 2234 3716 2305 Ἀρ-

2141 2324 2270 2392 γοῦς
2292 2327 2319 2378 6
2341 2324 2561 2394 ἔσχατος
2592 2323 2701 2376 τῶν
2727 2325 2784 2377 ὲν
2815 2325 2880 2394 τῇ
2907 2325 3102 2395 τροπῇ·
3131 2323 3345 2393 ἔσχατοι
3370 2323 3427 2375 δὲ
3457 2340 3718 2395 μεσουρα-

2143 2414 2323 2468 νοῦσιν
2344 2415 2371 2467 ὅ
2392 2432 2449 2467 τε
2469 2417 2523 2466 ὲν
2549 2417 2612 2486 τῇ
2635 2415 2770 2486 οὐρᾷ
2801 2413 2894 2467 τοῦ
2919 2415 3162 2485 Κόρακος
3184 2415 3276 2468 καὶ
3297 2417 3324 2468 6
3345 2417 3403 2468 ἐν
3423 2419 3538 2478 τοῖς
3561 2417 3717 2468 ποσὶν

2143 2505 2328 2560 αὑτοῦ.
2363 2505 2516 2560 Δύνει
2559 2505 2614 2559 δὲ
2643 2507 2672 2558 ὁ
2707 2504 2947 2578 Περσεὺς
2974 2507 3030 2560 ὲν
3059 2504 3226 2577 ὥραις
3255 2505 3298 2576 β’
3332 2505 3426 2558 καὶ
3457 2504 3506 2575 γ’
3539 2507 3714 2578 μέρει.

2215 2596 2322 2650 Τοῦ
2359 2597 2415 2649 δὲ
2456 2596 2696 2668 Ἦνιόχου
2734 2597 2998 2660 δύνοντος,
3026 2597 3411 2666 συγκαταδύνει
3449 2599 3548 2668 μὲν
3569 2599 3716 2670 αύτῷ

2143 2689 2171 2740 ὁ
2194 2686 2452 2751 ζωδιακὸς
2497 2687 2604 2740 ἀπὸ
2643 2687 2854 2758 Ταύρου
2898 2687 3006 2758 μοί.
3032 2684 3081 2756 γ’
3106 2688 3198 2742 καὶ
3233 2685 3278 2740 κ’
3311 2687 3417 2752 ’ἐως
3440 2689 3718 2760 Καρκίνου

482 2773 774 2830 Chelarum
816 2773 906 2828 29..
938 2774 1095 2829 Prior
1135 2776 1338 2832 occidit
1383 2794 1504 2848 quae
1536 2786 1620 2835 est
1653 2779 1706 2832 in
1748 2779 1880 2848 pede
1910 2781 2044 2835 sini-

2147 2777 2190 2849 β’
2217 2778 2385 2849 μέσης
2407 2795 2420 2809 ο
2460 2783 2778 2850 μεσουρανεί
2804 2779 2858 2832 δὲ
2893 2780 2998 2833 ἀπὸ
3023 2778 3296 2852 Παρθένου
3316 2777 3367 2850 β”
3389 2780 3494 2843 ἕως
3523 2781 3720 2852 Χηλῶν

486 2868 604 2918 stro
627 2875 648 2927 ς
670 2868 977 2932 postremae,
1006 2878 1127 2933 qua:
1156 2864 1209 2918 in
1243 2866 1438 2935 capite.
1478 2867 1792 2922 Culminant
1826 2885 1856 2925 e
1883 2877 2044 2925 caete-

2147 2868 2191 2940 β¹
2220 2872 2313 2926 καὶ
2345 2869 2413 2925 κ’.
2441 2871 2550 2924 Καὶ
2587 2869 2634 2926 α’
2671 2871 2770 2942 μὲν
2804 2871 2974 2943 ἀστὴρ
3003 2871 3149 2924 δύνει
3189 2873 3216 2924 6
3243 2872 3298 2923 ἐν
3336 2871 3412 2942 τῷ
3443 2874 3721 2948 ἀριστερῷ

484 2954 565 3009 ris
611 2953 804 3018 stellis,
860 2953 1016 3008 initio
1063 2971 1183 3025 quae
1239 2966 1324 3013 est
1379 2958 1434 3012 in
1485 2961 1825 3016 extremitate
1861 2962 2044 3018 caudae

2146 2961 2286 3026 ποδὶ,
2317 2961 2530 3033 ἔσχατοι
2560 2962 2616 3015 δὲ
2656 2963 2704 3015 οἱ
2741 2964 2798 3015 έν
2834 2967 2900 3035 τῇ
2943 2963 3172 3035 κεφαλῇ.
3216 2964 3629 3035 Μεσουρανοῦσι
3666 2967 3721 3020 δὲ

485 3040 771 3110 Draconis,
802 3050 856 3099 et
884 3043 1260 3100 berealissima
1291 3047 1552 3114 Coronae;
1600 3057 1896 3120 postrema,
1927 3067 2044 3122 quae

2145 3052 2253 3108 τῶν
2301 3053 2472 3108 ἀλλων
2503 3054 2742 3124 ἀστέρων
2772 3056 2830 3107 ὲν
2853 3055 2989 3126 ἀρχῇ
3024 3055 3124 3126 μὲν
3154 3055 3244 3109 τοῦ
3275 3057 3579 3128 Δράκοντος
3604 3060 3632 3110 6
3665 3060 3720 3112 ὲν

488 3133 547 3188 in
574 3135 752 3190 media
783 3143 868 3191 est
905 3137 1130 3192 australi
1173 3136 1360 3195 Chela.
1397 3138 1613 3196 Occidit
1642 3141 1840 3214 Auriga
1883 3146 2044 3214 paulo

2148 3145 2292 3217 ἄκρᾳ
2314 3149 2379 3217 τῇ
2408 3146 2562 3218 οὐρᾷ,
2590 3146 2684 3199 καὶ
2715 3145 2807 3199 τοῦ
2832 3146 3098 3216 Στεφάνου
3123 3148 3150 3200 6
3179 3147 3540 3223 βορειότατος,
3567 3149 3722 3221 ἔσχα-

486 3225 612 3299 plus
643 3227 794 3284 horis
822 3229 874 3284 5.

2149 3251 2239 3298 τος
2261 3235 2316 3287 δὲ
2344 3237 2372 3288 6
2400 3237 2456 3288 ὲν
2490 3234 2631 3309 μέσῃ
2659 3238 2723 3307 τῇ
2761 3237 2910 3307 νοτία
2937 3235 3110 3308 xm.
3141 3235 3295 3290 Δύνει
3329 3236 3385 3290 δὲ
3414 3239 3444 3292 6
3476 3238 3722 3310 Ἡνίοχος

2156 3327 2334 3398 μικρῷ
2364 3327 2542 3382 πλεῖον
2575 3328 2608 3398 ἢ
2648 3326 2816 3399 ὥραις
2845 3335 2913 3396 γ’.

2221 3420 2518 3491 Εἱρηκότες
2555 3421 2617 3491 δὴ
2661 3421 2790 3494 περὶ
2835 3421 3052 3476 πάντων
3098 3422 3204 3476 τῶν
3239 3423 3598 3496 βορειοτέρων
3627 3425 3718 3478 τοῦ

2154 3511 2415 3576 ζωδιακοῦ
2460 3515 2692 3586 ἄστρων,
2745 3514 2871 3586 περὶ
2918 3515 3024 3568 τῶν
3056 3515 3254 3570 λοιπῶν
3284 3519 3340 3569 ὲν
3372 3517 3452 3588 τῷ
3480 3519 3722 3590 ἐχομένῳ

2155 3605 2523 3678 ἀποδώσομεν,
2567 3606 2947 3680 στοχαζόμενοι
2979 3607 3079 3680 τῆς
3109 3609 3451 3681 συμμετρίας
3477 3611 3572 3664 τοῦ
3599 3627 3720 3671 συν-

2155 3695 2451 3767 τάγματος.

560 3406 832 3464 Hactenus
851 3409 917 3465 de
938 3411 1190 3468 omnibus
1205 3411 1414 3497 aodiaci
1440 3415 1836 3472 borealioribus
1857 3418 2048 3490 imagi-

488 3497 670 3555 nibus.
703 3499 939 3556 Cazteras
973 3501 1112 3557 libro
1140 3514 1400 3576 sequente
1424 3507 1735 3572 reddemus,
1772 3511 1826 3566 id
1861 3511 2050 3568 obsera

488 3598 702 3656 vantes,
733 3598 794 3647 ut
821 3608 890 3648 ne
909 3591 1117 3663 justum
1145 3597 1363 3652 modum
1397 3597 1502 3654 iste
1531 3598 1666 3656 liber
1693 3602 1940 3657 excedat.

493 3793 646 3851 Finis
708 3796 851 3882 libri.
887 3799 1126 3882 secundi
1159 3799 1570 3882 Enarrq‘ljonum
1631 3802 1922 3874 Hipparchi
1979 3808 2044 3860 ad

2162 3809 2338 3882 Τέλος
2383 3810 2710 3882 Ἱππάρχου
2737 3810 3131 3882 τῶννἈράτου
3168 3813 3266 3868 καὶ
3294 3815 3566 3881 Εὐδόξου
3587 3821 3719 3876 Φαι-

815 3869 971 3924 Atati
999 3880 1049 3926 et
1077 3871 1291 3926 Eudoxi
1328 3869 1715 3930 Phwnomena.
1740 3869 1750 3874 ⁷

2314 3869 2334 3884 ”
2474 3869 2740 3950 νοὶιέῖοων
2787 3869 3170 3952 Ἐξηγεήσεων
3196 3885 3299 3939 τοῦ
3327 3885 3409 3950 β’.

503 4014 3692 4057 __.__._.__________.______________._

1687 4147 2491 4265 ΙΠΠΑΡΧΟΥ

1113 4356 1269 4424 ,ΊῺΝ
1292 4360 1583 4420 ΛΡΑΤΟΥ
1609 4360 1736 4414 ΚΑΙ
1762 4361 1810 4411 Ε
1820 4356 2101 4410 ΥΔΟΞΟΥ
2133 4360 2616 4417 ΦΑΙΝΟΜΕΝΩΝ
2650 4363 3080 4426 ΕΞἨΓΗΣΕΩΝ

1794 4497 2229 4585 ΒΙΒΛΙΟΝ
2300 4491 2408 4586 Γ’.

1720 4776 2493 4893 HIPPARCHI

1113 4997 1708 5058 ENARRATIONUM
1739 5001 1834 5056 AD
1874 4999 2096 5056 ARATI
2125 4998 2216 5054 ET
2247 4997 2536 5056 EUDOXI
2568 4954 3069 5058 PILENbMENA

1596 5152 1957 5246 LIBER
2049 5152 2602 5242 TERTIUS.

2089 5328 2156 5344 h

561 5415 774 5490 1331.
792 5415 1084 5490 Superiore
1099 5419 1258 5485 libro,
1277 5419 1556 5486 Alscbrio,
1577 5419 2044 5476 deborealioribus

2230 5417 2309 5470 A'.
2349 5414 2760 5487 Προειρηκότες,
2790 5407 2836 5468 ὦ
2858 5417 3148 5486 Αἰσχρίων,
3189 5418 3248 5470 ὲν
3278 5417 3355 5490 τῷ
3387 5418 3496 5491 πρὸ
3534 5423 3722 5476 τούτου

489 5507 716 5564 zodiaca
747 5510 955 5565 circulo
989 5511 1320 5581 imaginibus
1350 5510 1587 5566 diximus
1613 5550 1628 5575 ,
1659 5526 1896 5581 quonam
1930 5526 2044 5566 cum

2157 5507 2493 5578 συντάγματι
2505 5523 2570 5558 πε
2581 5506 2632 5576 pl.
2645 5506 2751 5558 τῶν
2768 5506 3003 5578 βορειοτέ
3012 5525 3116 5578 ρων
3132 5509 3343 5581 ἄστρων
3354 5510 3448 5563 τοῦ
3463 5511 3722 5574 ζωδιακοῦ

489 5597 646 5666 εἰκηο
671 5598 740 5654 de
763 5597 1053 5656 duodecim
1084 5600 1333 5655 oriantur
1356 5609 1410 5655 et
1435 5600 1688 5658 occidant
1715 5619 1729 5667 ;
1764 5611 1875 5656 tum
1911 5602 2044 5672 quod

2156 5604 2352 5658 κύκλου
2377 5645 2391 5669 ,
2421 5601 2524 5654 τίνι
2552 5617 2611 5653 τε
2654 5601 2827 5671 ζωδίῳ
2866 5601 2976 5654 τῶν
3010 5602 3075 5673 ιβ’
3103 5602 3330 5656 ἕκαστον
3377 5605 3559 5658 αὐτῶν
3603 5623 3722 5658 συν-

488 5687 707 5758 signum
741 5688 952 5744 oriente
988 5689 1265 5760 qualibet,
1299 5689 1382 5744 vel
1421 5689 1820 5754 descendente,
1862 5693 2044 5748 culmi-

2155 5693 2430 5749 ανατέλλει
2468 5692 2563 5746 καὶ
2598 5691 2984 5761 συγκαταδύνει
3004 5735 3018 5759 ,
3052 5694 3145 5747 καὶ
3176 5693 3227 5748 τί
3256 5694 3464 5759 ζὼδιον,
3496 5697 3720 5750 ἀνατέλ-

489 5785 619 5849 net;
658 5795 906 5854 quaenam
946 5781 1065 5855 ipso
1102 5789 1294 5850 ortus,
1327 5781 1412 5839 vel
1448 5795 1679 5839 occasus
1731 5780 1922 5853 initio,
1964 5793 2044 5840 aut

2156 5785 2338 5850 λοντος
2362 5783 2526 5839 αὐτοῦ
2552 5783 2585 5853 ἢ
2613 5780 2859 5847 δύνοντος
2884 5788 3274 5855 ,ομεσουρανεί,
3311 5788 3404 5840 καὶ
3439 5786 3583 5850 τίνες
3615 5785 3719 5840 τῶν
