4040 6206
369 322 507 380 “09

1351 328 1722 387 lllPPARCIIl
1761 331 1851 387 AD
1889 332 2332 389 PHENOMENA
2366 335 2492 389 LIB.
2535 335 2620 391 ill.

3471 349 3608 406 nm

363 437 622 492 ἀπλανῶν
671 438 914 511 ἀστέρων
964 439 1052 493 ἐπὶ
1101 439 1196 494 τοῦ
1249 444 1622 517 μεσημϐρινοῦ
1677 447 1934 515 γίνονται,

2043 464 2236 504 rursus
2275 449 2591 514 occidente,
2640 448 3008 510 iuerrantibus
3062 469 3092 510 e
3140 457 3314 513 stellis
3366 462 3602 516 medium

363 530 670 602 ἀρχομένου
698 548 757 584 τε
799 530 963 585 αὐτοῦ
995 533 1305 588 ἀνατέλλειν
1337 535 1370 608 ἢ
1410 537 1586 592 δύνειν
1605 579 1620 604 ,
1653 539 1746 592 καὶ
1775 539 1937 593 πάλιν

362 621 608 686 δύνοντος
633 639 646 653 ο
679 623 759 677 ἔτι
795 623 840 678 δ’
872 625 931 678 ὲν
974 626 1166 690 πόσαις
1215 628 1556 700 ἱσημεριναῖς
1595 629 1764 700 ὥραις
1802 631 1938 685 ἔκα-

364 730 488 777 στος
511 714 813 779 ἀνατέλλει,
847 715 880 786 ἢ
915 715 1058 770 δύνει
1079 733 1092 747 '
1135 715 1232 770 νῦν
1271 719 1656 792 ὑπογράψομεν
1690 722 1759 776 τά
1797 722 1938 776 αὐτὰ

363 806 491 875 1:291
517 806 744 860 ἑκάστου
776 805 881 860 τῶν
919 810 1250 882 νοτιωτέρων
1276 811 1369 866 τοῦ
1400 812 1665 877 ζωδιακοῦ
1695 815 1934 886 ἀστρων,

363 899 458 952 καὶ
487 899 666 952 αὐτῶν
693 900 803 952 τῶν
835 898 901 970 ιβ’
929 901 1155 966 ζωδίων.

431 990 552 1043 Τῶν
601 991 698 1060 μὲν
750 987 843 1044 οὖν
887 993 1219 1064 νοτιωτέρων
1252 993 1345 1047 τοῦ
1394 993 1658 1058 ζωδιακοῦ
1706 998 1932 1064 κύκλου,

360 1080 489 1134 ὅταν
524 1080 622 1152 μὲν
649 1083 678 1134 6
709 1082 908 1153 ’Ὑδρος
935 1083 1217 1156 ἀνατέλλῃ,
1251 1087 1623 1141 συνανατέλλει
1658 1091 1756 1161 μὲν
1786 1091 1934 1162 αὐτῷ

359 1172 390 1223 6
417 1169 679 1235 ζωδιακὸς
711 1171 817 1225 ἀπὸ
850 1173 1123 1244 Καρκίνου
1161 1174 1270 1245 μοί.
1317 1175 1379 1230 ιθ⁹
1411 1177 1582 1249 μέσης
1609 1178 1713 1244 ἔως
1738 1182 1934 1253 Χηλῶν

362 1273 439 1332 ις’
474 1266 679 1338 μέσηςο
716 1272 1036 1340 μεσουρανεῖ
1076 1270 1132 1324 δὲ
1173 1271 1279 1325 ἀπὸ
1322 1272 1492 1343 Κριοῦ
1533 1273 1642 1344 μοί.
1684 1280 1731 1342 γ’
1763 1274 1934 1347 μέσης

360 1358 465 1422 ἔως
491 1359 766 1430 Καρκίνου
801 1366 894 1430 ιη’.
930 1360 1038 1414 Καὶ
1069 1366 1117 1414 α’
1149 1361 1244 1431 μὲν
1283 1362 1456 1434 ἀστὴρ
1484 1363 1762 1416 ἀνατέλλει
1792 1366 1820 1416 6
1845 1364 1934 1433 βο-

362 1451 636 1522 ρειότερος
666 1451 775 1504 τῶν
801 1453 857 1505 ἔν
885 1452 961 1524 τῷ
994 1453 1252 1524 χάσματι,
1288 1453 1514 1524 ἔσχατος
1544 1454 1602 1508 δὲ
1634 1456 1662 1508 6
1694 1458 1751 1508 ὲν
1786 1456 1934 1528 ἄκρᾳ

359 1545 425 1614 τῇ
459 1544 614 1615 οὐρᾷ.
659 1545 998 1615 Μεσουρανεῖ
1031 1545 1087 1599 δὲ
1125 1546 1300 1618 ἀστὴρ
1333 1553 1380 1599 α’
1410 1547 1508 1617 μὲν
1548 1546 1644 1600 τοῦ
1691 1565 1749 1600 τε
1790 1550 1932 1620 Περ-

363 1634 499 1697 σέως
518 1636 547 1688 6
573 1637 630 1688 ὲν
651 1637 716 1707 τῇ
745 1636 932 1710 Ἃρπῃ
952 1636 1312 1709 νεφελοειδὴς,
1341 1639 1435 1691 καὶ
1459 1640 1486 1692 6
1510 1637 1800 1710 σύνδεσμος
1825 1638 1934 1694 τῶν

372 1726 698 1797 Ἰχθύων,ὥς
728 1729 1025 1800 ἡμιπὴχιον
1067 1730 1492 1802 ὑπολειπόμενος
1533 1730 1640 1785 τῶν
1669 1733 1727 1785 ὲν
1749 1733 1814 1802 τῇ
1838 1748 1932 1784 κε-

2038 539 2238 593 coctum
2273 547 2544 609 occupet:
2583 538 2650 593 ad
2685 539 2802 594 haec
2836 550 2968 611 quot
3001 546 3466 615 aequinoctialium
3503 547 3619 604 ho-‘

2036 647 2222 686 rarum
2264 633 2441 704 spatio
2479 633 2707 704 singula:
2743 644 2897 692 ortus
2938 653 3067 695 suos
3122 655 3464 713 occasusque
3521 633 3620 708 [ιι-ξ

2034 723 2206 778 ciant.
2245 723 2388 779 ldem
2425 741 2569 780 nunc
2619 725 2686 780 de
2737 730 3159 788 australioribus
3205 735 3429 788 zodiaco
3479 735 3602 790 coeli

2035 817 2580 881 constellationibus,
2644 834 2708 874 ac
2767 820 2835 875 de
2897 822 3032 892 ipsis
3084 825 3368 881 duodecim
3431 828 3604 898 signis

2035 907 2274 963 scribere
2313 907 2682 966 instituemus.

2105 998 2181 1052 Ex
2217 999 2284 1054 iis
2316 999 2482 1069 igitur
2524 1003 2870 1072 asterismis,
2916 1005 3008 1076 qui
3063 1010 3422 1068 australiores
3471 1022 3602 1068 sunt

2033 1091 2260 1145 zodiaco
2293 1091 2534 1158 circulo,
2570 1092 2754 1165 Hydro
2795 1106 3084 1168 surgente,
3120 1102 3375 1158 zodiacus
3405 1119 3599 1160 ascen—

2033 1183 2111 1237 dit
2142 1201 2171 1237 a
2205 1183 2404 1239 Cancri
2434 1186 2500 1241 19
2531 1187 2708 1242 media
2744 1197 2932 1257 parte,
2963 1191 3030 1245 ad
3066 1194 3298 1248 mediam
3347 1197 3414 1251 16
3459 1199 3602 1255 Clie-

2033 1276 2242 1345 larum;
2273 1278 2534 1333 culminat
2567 1281 2635 1335 ab
2667 1282 2868 1340 Arietis
2905 1286 3080 1340 media
3114 1286 3148 1341 5
3179 1287 3245 1340 ad
3282 1288 3478 1344 Cancri
3511 1292 3597 1346 18.

2031 1366 2214 1423 Prima
2251 1370 2427 1424 oritur
2459 1373 2616 1427 stella
2663 1373 2935 1431 borealior
2971 1392 3158 1432 earum
3199 1395 3320 1450 quae
3359 1383 3413 1435 in
3455 1382 3600 1439 rictu

2033 1469 2162 1515 sunt
2187 1476 2201 1526 ;
2229 1461 2416 1516 ultima
2436 1505 2450 1529 ,
2483 1480 2604 1534 quae
2629 1465 2682 1518 in
2711 1467 3053 1523 extremitate
3082 1471 3288 1525 caudae.
3321 1471 3602 1528 Culminat

2034 1553 2184 1622 prior
2233 1569 2352 1624 qua:
2389 1552 2446 1610 in
2485 1556 2669 1612 Persei
2707 1567 2794 1612 est
2820 1557 3000 1629 Harpe
3029 1560 3240 1616 nebula}
3270 1563 3508 1631 similis;
3542 1573 3599 1621 et

2032 1647 2211 1703 nodus
2254 1647 2530 1713 Piscium,
2573 1651 2898 1707 semicubito
2939 1654 3158 1709 circiter
3199 1655 3410 1711 distans
3451 1673 3484 1712 a
3516 1658 3599 1712 lu—

2033 1739 2172 1794 cidis
2200 1739 2373 1796 tribus
2397 1742 2592 1812 capitis
2615 1742 2845 1811 Cancri;
2873 1745 3199 1800 semicubito
3223 1762 3442 1818 quoque
3463 1749 3604 1804 citra

360 1817 502 1890 φαλῇ
531 1818 625 1872 τοῦ
654 1820 929 1891 Καρκίνου
962 1821 1229 1893 λαμπρῶν
1258 1829 1330 1892 γ’,
1364 1822 1440 1885 ὡς
1464 1823 1763 1894 ἡμιπὴχιον
1803 1823 1932 1875 ὑπο·

2036 1831 2394 1888 meridianum
2447 1837 2641 1904 posita.
2697 1833 2897 1890 Ultima
2945 1838 3244 1905 culminat,
3302 1841 3601 1898 australis:-

358 1907 676 1979 λειπόμενος
705 1909 800 1962 τοῦ
835 1911 1207 1984 μεσημϐρινοῦ
1237 1929 1250 1942 ·
1280 1913 1507 1983 ἔσχατος
1529 1913 1584 1966 δὲ
1614 1915 1936 1985 μεσουρανεῖ

357 1999 454 2052 τοῦ
489 2017 550 2052 τε
587 2000 813 2064 Λέοντος
858 2004 886 2056 6
925 2002 1244 2076 νοτιώτερος
1280 2003 1388 2058 τῶν
1420 2004 1738 2075 ἡγουμένων
1766 2007 1826 2058 ὲν
1865 2007 1932 2077 τῇ

360 2090 567 2163 κεφαλῇ
595 2131 610 2155 ,
640 2091 734 2145 καὶ
765 2091 865 2162 τῆς
901 2093 1128 2165 Ἀργοῦς
1153 2095 1182 2147 6
1207 2094 1522 2166 νοτιὼτερος
1547 2094 1656 2149 τῶν
1686 2095 1744 2149 ἐν
1784 2094 1936 2167 μέσῳ

355 2182 437 2255 τῷ
477 2181 628 2254 ἱστῷ.
668 2183 970 2239 Ἀνατέλλει
1014 2186 1073 2240 δὲ
1112 2186 1358 2259 ὀὛδρος
1394 2188 1452 2240 ὲν
1479 2186 1650 2257 ὥραις
1676 2187 1719 2253 ζ’
1748 2187 1843 2240 καὶ
1874 2203 1935 2238 ιε⁹

361 2273 542 2348 μέρει.

435 2367 602 2419 Ὅταν
647 2365 703 2420 δὲ
735 2366 764 2419 6
796 2367 1025 2440 Κρατὴρ
1070 2367 1334 2440 ἀνατέλλῃ
1359 2409 1373 2433 ,
1406 2369 1781 2424 συνανατέλλει
1835 2371 1936 2443 μὲν

357 2457 508 2528 αὐτῷ
547 2461 576 2512 6
608 2458 868 2524 ζωδιακὸς
915 2459 1024 2513 ἀπὸ
1061 2460 1288 2524 Λέοντος
1331 2461 1440 2532 μοί.
1479 2462 1522 2528 ζ’
1555 2465 1648 2517 καὶ
1681 2470 1727 2518 κ’
1761 2463 1935 2535 μέσης

357 2549 464 2613 ἔως
507 2551 783 2625 Παρθένου
834 2552 943 2624 μοι.
998 2560 1064 2606 ια’
1116 2553 1317 2626 μέσης*
1361 2559 1686 2626 μεσουρανεῖ
1724 2557 1782 2610 δὲ
1825 2556 1934 2611 ἀπὸ

357 2642 575 2716 Ταύρου
606 2650 656 2698 α’
684 2647 778 2699 καὶ
805 2652 855 2700 κ’
901 2645 1071 2717 μέσης
1093 2646 1197 2711 ἓως
1227 2647 1472 2718 Διδύμων
1503 2648 1695 2719 μέσης.
1742 2650 1852 2702 Καὶ
1885 2657 1934 2702 α’

363 2735 462 2806 μὲν
498 2735 672 2809 ἀστὴρ
703 2738 983 2792 ἀνατέλλει
1017 2741 1046 2792 6
1075 2738 1412 2811 βορειότερος
1443 2739 1553 2793 τῶν
1586 2741 1644 2793 ὲν
1677 2743 1743 2812 τῇ
1781 2741 1936 2812 βάσει

357 2829 423 2892 δ’,
459 2829 682 2900 ἔσχατος
713 2831 770 2884 δὲ
795 2833 824 2885 6
847 2831 1164 2896 νπιῶτατος
1193 2832 1300 2886 τῶν
1326 2833 1385 2886 ἔν
1402 2833 1480 2904 τῷ
1501 2834 1670 2906 Κήτει
1696 2840 1748 2899 ς’
1777 2834 1935 2888 ἀστέ-

363 2941 494 2993 ρων.
530 2925 938 2996 Μεσουρανοῦσι
966 2926 1022 2980 δὲ
1050 2927 1256 3000 πρῶτοι
1289 2927 1384 2999 μὲν
1426 2929 1652 3002 ἀστέρες
1689 2929 1740 2982 οἱ
1777 2930 1834 2982 ὲν
1865 2932 1932 3002 τῇ

359 3014 570 3087 κεφαλῇ
600 3015 694 3070 τοῦ
728 3017 969 3089 Ἦνιόχου
1005 3021 1144 3073 κατά
1183 3020 1246 3074 τὸ
1277 3021 1438 3092 μέσον
1465 3021 1594 3074 αὐτὸ
1617 3023 1682 3087 ⁹⁰,
1718 3021 1934 3093 ἔσχατοι

359 3107 418 3161 δὲ
450 3109 558 3161 τῶν
579 3127 639 3162 τε
662 3110 906 3182 Διδύμων
934 3113 963 3166 6
1006 3113 1050 3166 δ’
1081 3113 1188 3166 ἀπὸ
1217 3114 1421 3178 δύσεως
1451 3114 1561 3168 τῶν
1597 3116 1654 3168 ὲν
1673 3117 1784 3178 τοῖς
1808 3115 1934 3167 ποσὶ

2034 1923 2456 1992 ρτωοοάεηιὶυῐη
2506 1925 2560 1980 in
2613 1928 2788 1998 capite
2832 1926 3071 1985 Leonis:
3124 1933 3416 1988 australior
3468 1935 3596 1989 iten‘

2033 2027 2222 2066 earum
2259 2031 2382 2086 qua:
2418 2017 2472 2070 in
2515 2018 2657 2074 malo
2685 2019 2864 2074 medio
2895 2028 3022 2076 sunt
3053 2021 3236 2080 Navis.
3269 2023 3454 2090 Oritur
3485 2024 3598 2100 Hy-

2032 2103 2166 2160 drus
2198 2105 2350 2164 horis
2381 2115 2586 2180 septem
2608 2150 2624 2175 ,
2659 2118 2712 2166 et
2745 2121 2906 2183 parte.
2933 2113 3082 2171 hora:
3115 2117 3208 2176 13..

2105 2367 2324 2426 Oriente
2347 2371 2572 2431 Cratere
2598 2376 2856 2435 zodiacus
2883 2362 3120 2452 assurgit
3143 2395 3173 2435 a
3199 2379 3398 2436 Leonis
3423 2381 3603 2436 media-

2033 2471 2186 2531 parte
2217 2462 2288 2516 27
2320 2480 2497 2536 usque
2533 2468 2601 2523 ad
2641 2468 2881 2543 Virginis
2920 2473 3155 2529 mediam
3197 2477 3299 2540 li;
3339 2476 3603 2530 culminat

2035 2564 2064 2604 a
2090 2558 2245 2620 parte
2269 2551 2434 2608 Tauri
2462 2556 2640 2610 media
2664 2558 2729 2612 21
2762 2560 2830 2614 ad
2859 2561 3092 2616 mediam
3120 2603 3133 2615 .
3156 2601 3170 2615 .
3194 2562 3598 2620 .Geminorum.

2032 2639 2192 2696 Prior
2223 2644 2399 2698 oritur
2427 2646 2698 2703 borealior
2730 2649 2797 2705 de
2831 2658 3067 2721 quatuor
3097 2653 3151 2706 in
3182 2652 3339 2719 basi;
3375 2655 3564 2707 ultima
3584 2693 3598 2719 ,

2033 2749 2164 2804 quae
2191 2741 2276 2790 est
2314 2737 2576 2793 australis
2613 2739 2849 2795 maxime
2888 2755 2987 2795 sex
3022 2741 3077 2794 in
3116 2739 3253 2796 Ceto
3292 2744 3594 2799 stellarum.

2034 2824 2356 2882 Culminant
2395 2829 2606 2899 priores
2641 2847 2721 2888 ea:
2756 2831 2960 2899 stellae,
3000 2847 3121 2902 quae
3159 2840 3290 2888 sunt
3327 2834 3384 2888 in
3422 2835 3600 2904 capite

2033 2919 2280 2992 Aurigae,
2313 2923 2460 2979 circa
2488 2928 2726 2982 medium
2759 2929 2936 3000 ipsum
2971 2947 2984 2982 :
3025 2927 3362 2992 novissimae,
3401 2933 3598 2999 quarta

2035 3011 2106 3068 ab
2136 3027 2335 3070 occasu
2365 3015 2436 3071 de
2463 3026 2696 3088 quatuor
2727 3036 2850 3091 qua:
2887 3029 3016 3076 sunt
3053 3020 3113 3076 in
3153 3019 3382 3090 pedibus
3416 3019 3598 3074 Gemi-

2038 3132 2235 3172 norum
2255 3157 2270 3181 ,
2302 3125 2356 3173 et
2381 3115 2562 3172 lucida
2593 3129 2790 3168 carens
2819 3114 3072 3178 nomine,
3105 3111 3300 3184 Lepori
3329 3111 3594 3182 subjecta.

359 3198 422 3263 δ’,
451 3203 545 3255 καὶ
568 3204 596 3254 6
626 3203 730 3255 ὑπὸ
759 3203 850 3257 τὸν
877 3205 1072 3274 Λαγὼν
1104 3206 1355 3278 λαμπρὸς
1390 3207 1562 3279 ἀστὴρ
1591 3207 1930 3278 ἀκατονόμα-

2036 3207 2220 3265 Oritur
2245 3210 2434 3265 Crater
2459 3208 2592 3262 hora
2622 3207 2646 3260 1
2671 3246 2686 3272 ,
2723 3204 2824 3261 15'.

361 3308 505 3355 στος.
547 3293 846 3349 Ἀνατέλλει
879 3296 934 3350 δὲ
967 3299 995 3351 6
1024 3298 1251 3371 Κρατὴρ
1277 3300 1334 3352 ὲν
1361 3299 1480 3368 ὥρᾳ
1500 3305 1546 3351 α’
1566 3299 1659 3353 καὶ
1681 3298 1721 3352 δ’
1751 3299 1927 3371 μέρει.

432 3384 506 3438 Β’.
555 3387 721 3441 Ὀταν
748 3387 806 3441 δὲ
831 3391 860 3442 6
886 3389 1070 3461 Κόραξ
1101 3391 1365 3464 ἀνατέλλῃ
1386 3430 1399 3456 ,
1427 3392 1800 3446 συνανατέλλει
1833 3393 1932 3464 μὲν

359 3476 510 3548 αὐτῷ
541 3480 570 3532 6
599 3477 864 3544 ζωδιακὸς
887 3481 994 3534 ἀπὸ
1018 3482 1290 3554 Παρθένου
1328 3483 1437 3553 μοί.
1465 3481 1556 3549 ἰς’
1580 3483 1684 3548 ἔως
1725 3483 1934 3556 Παρθέ-

359 3586 451 3623 νου
487 3568 593 3640 μοί.
623 3577 672 3640 γ’
714 3571 809 3624 καὶ
837 3579 886 3626 κ’
913 3586 928 3601 ⁸
965 3577 1288 3645 μεσουρανεῐ
1317 3574 1372 3627 δὲ
1403 3575 1510 3628 ἀπὸ
1545 3575 1791 3647 Διδύμων
1821 3576 1932 3647 μοί.

361 3661 427 3714 ιδ’
453 3662 556 3725 ἔως
580 3662 826 3734 Διδύμων
855 3665 962 3735 μοί.
989 3664 1034 3736 β’
1053 3665 1147 3719 καὶ
1169 3673 1236 3719 κ’.
1269 3667 1378 3720 Καὶ
1399 3667 1614 3738 πρῶτος
1639 3669 1736 3740 μὲν
1761 3669 1934 3742 ἀστὴρ

358 3752 640 3806 ἀνατέλλει
692 3755 722 3807 6
767 3755 859 3808 ἐπὶ
888 3756 988 3827 τῆς
1033 3756 1230 3827 ὀσφύος
1255 3797 1270 3823 ,
1303 3757 1525 3828 ἔσχατος
1561 3759 1618 3813 δὲ
1663 3761 1690 3812 6
1722 3762 1779 3814 ὲν
1822 3763 1935 3825 τοῖς

358 3845 508 3898 ποσί.
545 3847 885 3918 Μεσουρανεῖ
922 3847 978 3901 δὲ
1011 3856 1060 3901 α’
1099 3849 1198 3921 μὲν
1230 3851 1258 3903 6
1291 3852 1349 3903 ὲν
1380 3853 1446 3922 τῇ
1479 3851 1753 3923 ἡγουμένῃ
1789 3852 1934 3924 χειρὶ

358 3937 455 3990 τοῦ
481 3937 786 4009 ἡγουμένου
814 3939 1068 4011 Διδύμου,
1107 3941 1202 3995 καὶ
1238 3941 1266 3994 6
1303 3940 1474 4007 δεξιὸς
1507 3941 1643 4002 πούς
1680 3941 1773 3995 τοῦ
1814 3943 1936 3995 ἔπο-

363 4029 529 4099 μένου
559 4029 813 4102 Διδύμου,
843 4031 1062 4103 ἔσχατοι
1105 4032 1162 4086 δὲ
1186 4031 1294 4087 τῶν
1324 4049 1383 4086 τε
1413 4031 1656 4102 Διδύμων
1689 4032 1717 4084 6
1748 4039 1796 4100 γ’
1826 4033 1934 4086 ἀπὸ

358 4119 566 4184 δύσεως
591 4121 702 4175 τῶν
733 4123 793 4175 ὲν
835 4125 947 4184 τοῖς
989 4120 1180 4192 ὤμοις,
1229 4122 1322 4176 καὶ
1368 4121 1462 4174 τού
1503 4120 1678 4184 Κυνὸς
1703 4123 1731 4174 6
1772 4122 1829 4173 ὲν
1865 4123 1932 4192 τῇ

2108 3390 2171 3445 ΙΙ.
2212 3390 2434 3446 Oriente
2462 3390 2669 3452 Corvo,
2699 3386 2906 3443 zodiaci
2942 3401 3102 3443 arcus
3128 3385 3394 3440 attollitur
3422 3400 3451 3439 a
3479 3383 3602 3439 Vir—

2036 3484 2178 3556 ginis
2210 3483 2277 3538 16
2318 3484 2385 3538 ad
2417 3483 2517 3549 25;
2549 3481 2811 3538 culminat
2841 3495 2869 3534 a
2900 3479 3248 3536 Geminorum
3292 3478 3361 3533 M
3405 3478 3474 3533 ad
3508 3477 3599 3531 22.

2039 3574 2197 3630 Prior
2223 3575 2400 3629 oritur
2425 3574 2582 3631 stella
2600 3614 2614 3638 ,
2641 3588 2763 3644 quae
2785 3581 2871 3628 est
2896 3573 2952 3627 in
2972 3572 3169 3627 lumbis
3188 3613 3203 3638 ,
3229 3571 3422 3626 ultima
3441 3609 3458 3634 ,
3486 3585 3605 3640 qua:

2039 3675 2125 3724 est
2158 3667 2214 3721 in
2248 3667 2500 3738 pedibus.
2533 3666 2813 3721 Culminat
2845 3665 3018 3736 prima
3049 3679 3170 3734 qua:
3197 3673 3282 3719 est
3315 3663 3371 3721 in
3403 3677 3608 3733 praece-

2039 3760 2200 3816 dente
2248 3776 2409 3829 manu
2470 3760 2826 3831 praecedentis
2876 3757 3132 3822 Gemini;
3189 3765 3242 3812 et
3281 3773 3376 3829 pes
3413 3756 3606 3811 dexter

2039 3850 2384 3906 succedentis
2412 3869 2426 3919 ;
2454 3859 2771 3921 postremae,
2798 3850 2955 3906 tertia
2983 3849 3049 3903 ab
3073 3864 3271 3904 occasu
3295 3865 3359 3904 ex
3389 3847 3457 3902 iis
3485 3861 3606 3915 quae

2038 3951 2166 3999 sunt
2197 3943 2252 3996 in
2277 3942 2627 3999 Geminorum
2679 3943 2944 4007 humeris,
2976 3949 3029 3997 et
3053 3957 3175 4012 quae
3207 3941 3262 3994 in
3291 3939 3474 3995 radice
3507 3953 3607 3992 an.

2037 4034 2298 4090 teriorum
2346 4037 2582 4105 partium
2620 4035 2787 4091 Canis
2809 4075 2824 4099 ,
2865 4035 3144 4106 paululum
3175 4033 3314 4088 citra
3342 4030 3603 4087 meridia-

2036 4142 2166 4180 num
2203 4127 2401 4196 posita.
2434 4127 2623 4184 Oritur
2652 4128 2862 4184 Corvus
2892 4127 3026 4183 hora
3058 4126 3126 4192 0,
3160 4125 3263 4182 ὅθ’.

359 4213 588 4283 ἑκφύσει
653 4214 763 4268 τῶν
796 4214 1142 4286 ἐμπροσθίων
1191 4213 1393 4285 μερῶν,
1443 4213 1635 4285 μικρὸν
1683 4211 2108 4285 ὑπολειπόμενος
2150 4218 2244 4272 τοῦ
2302 4219 2700 4292 μεσημβρινοῦ.
2781 4219 3084 4274 Ἀνατέλλει
3139 4219 3195 4272 δὲ
3231 4219 3259 4271 6
3300 4213 3484 4288 Κόραξ
3549 4215 3607 4268 ὲν

357 4311 508 4382 τρισὶ
537 4309 973 4384 πεμπτημορίοις
996 4317 1041 4364 α’
1073 4311 1239 4382 ὥρας.

437 4406 604 4459 Ὅταν
634 4404 691 4458 δὲ
714 4407 742 4457 6
776 4405 1084 4476 Κένταυρος
1111 4404 1393 4477 ἀνατέλλῃ,
1426 4404 1804 4459 συνανατέλλει
1842 4405 1940 4476 μὲν

2120 4403 2256 4458 Cum
2303 4403 2578 4459 Centauro
2630 4404 2887 4460 zodiacus
2935 4403 3113 4457 oritur
3157 4417 3187 4456 a
3234 4409 3387 4471 parte
3415 4401 3608 4457 Chela-

360 4496 510 4568 αύτῷ
561 4498 590 4549 6
635 4495 896 4560 ζωδιακὸς
943 4495 1051 4549 ἀπὸ
1099 4495 1292 4567 Χηλῶν
1334 4495 1444 4566 μοι.
1476 4501 1504 4548 ι’
1555 4496 1658 4559 ἕως
1709 4493 1934 4560 Τοξότου

2039 4512 2162 4551 rum
2197 4497 2260 4550 lO
2286 4496 2354 4550 ad
2384 4495 2659 4566 Sagittarii
2691 4497 2756 4563 4;
2780 4497 3042 4551 culminat
3073 4511 3102 4548 a
3131 4504 3284 4564 parte
3311 4493 3509 4550 Cancri
3541 4494 3608 4547 l9.

365 4591 475 4663 μοί.
506 4590 568 4642 δ”
599 4591 921 4661 μεσουρανεϊ
950 4588 1007 4642 δὲ
1041 4587 1150 4642 ἀπὸ
1191 4589 1466 4658 Καρκίνου
1509 4587 1574 4658 ιβ’
1601 4589 1706 4651 ἔως
1737 4587 1940 4658 Παρθέ-

358 4700 452 4736 νου
491 4681 552 4746 ιζ⁹
586 4681 776 4754 μέσης.
811 4682 922 4736 Καὶ
959 4687 1008 4734 α’
1043 4680 1141 4752 μὲν
1171 4679 1343 4751 ἀστὴρ
1393 4679 1670 4734 ἀνατέλλει
1709 4682 1738 4734 6
1779 4681 1836 4732 ὲν
1861 4678 1938 4750 τῷ

359 4771 634 4845 ἀριστερῷ
665 4772 821 4845 ὥμῳ,
863 4772 1088 4843 ἔσχατος
1129 4770 1186 4826 δὲ
1222 4774 1250 4825 6
1281 4771 1544 4843 ἑπόμενος
1572 4770 1680 4824 τῶν
1726 4772 1938 4842 ἐμπρο-

363 4863 527 4918 σθίων
556 4863 752 4918 ποδῶν.
776 4865 1115 4936 Μεσουρανεῖ
1138 4864 1193 4917 δὲ
1218 4869 1266 4917 α’
1295 4863 1391 4935 μὲν
1412 4863 1584 4935 ἀστὴρ
1610 4863 1711 4933 τῆς
1739 4880 1799 4916 τε
1824 4863 1940 4934 Ἀρ-

361 4954 492 5022 γοῦς
530 4957 558 5009 6
603 4955 713 5008 ἀπὸ
749 4955 952 5019 δύσεως
985 4955 1094 5008 τῶν
1135 4956 1192 5008 ἐν
1217 4953 1294 5026 τῷ
1338 4953 1762 5025 καταστρώματι
1796 4954 1936 5026 λαμ-

364 5046 538 5117 πρῶν,
565 5047 659 5099 καὶ
691 5044 785 5099 τοῦ
809 5046 1007 5119 Ὕδρου
1044 5047 1143 5118 τῆς
1179 5045 1359 5109 νοτίας
1389 5045 1635 5114 σιαγόνος
1680 5046 1708 5098 6
1740 5046 1938 5117 ἑπόμε-

312 5123 317 5126 .
362 5156 472 5204 νος,
499 5137 726 5209 ἔσχατος
755 5137 811 5191 δὲ
836 5140 864 5191 6
890 5139 1284 5211 Προτρυγητὴρ
1325 5137 1401 5202 ὥς
1452 5138 1748 5209 ἡμιπὴχιον
1806 5155 1935 5208 προ-

359 5231 666 5304 ηγούμενος
709 5229 802 5285 τοῦ
853 5231 1246 5304 μεσημϐρινοῦ.
1288 5231 1589 5285 Ἀνατέλλει
1635 5231 1690 5284 δὲ
1731 5231 1759 5283 6
1802 5231 1938 5283 Κέν-

361 5341 560 5396 ταυρος
588 5325 644 5376 ὲν
671 5322 841 5395 ὥραις
867 5323 908 5376 δ’
937 5325 1030 5377 καὶ¹
1055 5330 1102 5392 γ’
1135 5324 1290 5395 μέρει
1311 5323 1476 5394 ὥρας.

435 5417 541 5470 Τοῦ
573 5415 630 5470 δὲ
662 5417 861 5488 Θηρίου
895 5416 1303 5480 ἀνατέλλοντος,
1337 5417 1365 5469 ὃ
1397 5417 1509 5486 ἔχει
1547 5418 1575 5469 6
1603 5414 1933 5486 Κένταυρος,

365 5508 742 5566 συνανατέλλει
772 5507 871 5580 μὲν
904 5507 1053 5579 αὐτῷ
1076 5511 1104 5562 6
1127 5508 1386 5574 ζωδιακὸς
1409 5507 1516 5561 ἀπὸ
1549 5513 1595 5576 γ’
1627 5508 1720 5562 καὶ
1746 5515 1792 5560 κ’
1822 5507 1931 5578 μοί.

363 5599 458 5657 τοῦ
491 5600 762 5673 Σκορπιου
791 5600 895 5664 ἕως
927 5599 1154 5667 Τοξότου
1207 5607 1322 5654 xu."
1363 5603 1688 5672 μεσουρανεῖ
1724 5599 1781 5654 δὲ
1827 5599 1934 5656 ἀπὸ

428 5758 481 5794 ⁸⁸
499 5757 624 5818 Rea.
656 5759 828 5819 αὐτοὶ.
855 5759 894 5817 f.
918 5758 1101 5816 αὐτοῦ.

2041 4589 2109 4643 ad
2142 4589 2376 4644 mediam
2410 4586 2649 4660 Virginis
2674 4589 2763 4644 17.
2796 4587 2975 4642 Prima
3009 4587 3184 4641 oritur
3215 4586 3368 4641 stella
3399 4586 3610 4641 sinistri

2041 4683 2289 4746 humeri,
2335 4683 2549 4749 ultima,
2572 4699 2736 4749 vero,
2785 4681 3088 4737 succedens
3137 4681 3472 4735 anteriorum
3516 4694 3612 4749 pe-

2039 4775 2190 4831 dum.
2231 4775 2510 4829 Culminat
2558 4775 2732 4846 prima
2774 4774 2931 4829 stella
2969 4787 3090 4843 qua:
3125 4772 3194 4826 ab
3231 4787 3432 4826 occasu
3472 4760 3611 4826 luci-

2038 4869 2230 4923 darum
2269 4878 2354 4924 est
2390 4869 2446 4923 in
2488 4867 2623 4924 foris
2662 4867 2872 4937 Argus,
2912 4875 2966 4922 et
3007 4865 3306 4921 succedens
3345 4865 3604 4920 australis

2041 4959 2376 5014 mandibula:
2402 4960 2542 5015 Ceti.
2570 4957 2856 5013 Postremo
2881 4956 3257 5011 Vindemiator
3284 4955 3614 5011 semicubito

2042 5052 2356 5124 praecedens
2387 5051 2776 5107 meridianum.
2803 5047 2992 5104 Oritur
3025 5048 3333 5104 Centaurus
3357 5047 3508 5104 horis
3539 5049 3608 5113 4,

2037 5155 2090 5202 et
2111 5145 2214 5202 20'.

2122 5415 2280 5487 134
2303 5413 2438 5470 Fera
2459 5454 2472 5479 ,
2501 5427 2662 5484 quam
2685 5413 2996 5469 Centaurus
3028 5421 3176 5469 tenet
3197 5453 3211 5476 ,
3245 5411 3482 5478 oriente,
3515 5425 3613 5466 zo-

2041 5511 2230 5566 diacus
2261 5508 2489 5579 emergit
2517 5522 2546 5561 a
2569 5515 2724 5579 parte
2753 5505 2968 5576 Scorpii
2997 5505 3069 5561 25
3103 5505 3170 5560 ad
3201 5503 3481 5576 Sagittarii
3507 5503 3611 5569 2!;

2043 5603 2305 5659 culminat
2338 5617 2368 5658 a
2399 5601 2640 5675 Virginis
2671 5602 2707 5658 5
2745 5600 2814 5657 ad
2847 5597 3024 5655 Librae
3053 5597 3136 5654 10.
3166 5598 3325 5653 Prior
3351 5596 3525 5652 oritur
3549 5608 3624 5650 ea
