4040 6206
295 382 439 439 1H3

1280 379 1654 438 HIPPARCBI
1695 381 1783 437 AD
1815 382 2256 439 ΡΗᾸΞΝΟΜΕΝΑ
2293 381 2419 437 LIB.
2460 381 2544 438 111.

3380 385 3517 440 Ill-6

294 490 686 566 κέρωτοςμοί.
715 490 762 556 ζ’
790 492 886 545 καὶ
922 497 969 544 κ’
1003 492 1113 557 ἕως
1150 492 1365 563 Ἰχθύων
1402 494 1446 564 β’
1471 495 1564 548 καὶ
1582 501 1651 548 κ’.
1686 494 1795 548 Καὶ
1818 502 1864 550 α’

1974 495 2331 550 borcaliorum
2377 496 2432 550 in
2479 496 3013 567 parallelogrammo,
3050 496 3192 565 quod
3232 494 3288 549 in
3322 510 3519 566 magno

296 585 398 656 μὲν
422 581 597 653 ἀστὴρ
643 581 918 636 ἀνατέλλει
957 583 1052 637 τοῦ
1086 585 1145 637 έν
1181 587 1246 656 τῇ
1293 584 1504 657 μεγάλῃ
1543 585 1861 657 περιφερείᾳ

296 672 887 745 παραλληλογράμμου,
916 674 1007 728 καὶ
1034 674 1204 743 ἐγγὺς
1245 673 1338 727 τοῦ
1370 675 1585 745 Κήτους
1610 675 1860 745 κειμένου

294 766 325 817 6
353 762 653 835 ἡγούμενος
680 762 789 816 τῶν
816 763 1183 836 βορειοτέρων,
1209 764 1432 835 ἔσχατος
1468 765 1525 818 δὲ
1558 767 1587 819 6
1616 765 1861 837 λαμπρό-

293 873 455 918 τατος
476 895 490 918 ,
520 853 613 907 καὶ
642 856 670 908 6
707 854 1005 925 ἡγούμενος
1026 894 1042 919 ,
1069 857 1164 910 καὶ
1195 857 1224 909 6
1265 856 1583 927 νοτιώτερος
1621 856 1857 910 πάντων.

293 950 636 1020 Μεσουρανεῖ
674 948 732 1001 δὲ
777 948 886 1000 τῶν
913 948 1083 1003 ἄλλων
1123 954 1172 1002 α’
1215 948 1312 1019 μὲν
1346 955 1415 1016 ιγ’
1457 948 1549 1002 τοῦ
1594 965 1653 1001 τε
1690 950 1718 1003 6
1749 954 1798 1001 α’
1831 950 1860 1001 6

294 1039 560 1108 ἑπόμενος
588 1037 696 1091 τῶν
731 1038 827 1091 ἀπ’
858 1038 1058 1109 ἄρκτου
1100 1037 1518 1108 παρακειμένων
1550 1040 1663 1099 τοῖς
1692 1038 1751 1089 ὲν
1789 1039 1856 1109 τῇ

294 1129 450 1201 οὐρᾷ,
487 1128 578 1182 καὶ
611 1126 707 1180 τοῦ
736 1126 983 1200 Ὄρνιθος
1006 1130 1035 1181 6
1057 1126 1370 1198 νοτιωτερος
1408 1127 1514 1180 τῶν
1551 1128 1608 1181 ὲν
1629 1127 1707 1198 τῷ
1734 1129 1857 1199 ἀρι-

296 1217 471 1289 στερῷ
495 1215 613 1270 ποδί
632 1233 646 1247 ο
682 1215 908 1285 ἔσχατος
929 1215 987 1269 δὲ
1014 1216 1113 1287 τῆς
1138 1232 1195 1268 τε
1223 1216 1589 1281 Κασσιεπείας
1614 1218 1644 1269 6
1669 1218 1726 1271 ἐν
1747 1220 1858 1283 τοῖς

1980 587 2133 642 ﬂexu-
2164 601 2332 657 prope
2375 587 2561 643 Cetum
2601 587 2836 657 positum
2878 595 3000 652 est;
3040 595 3349 657 postrema,
3382 585 3520 641 luci-

1969 677 2230 740 dissima,
2266 686 2320 733 et
2355 677 2713 743 antecedens,
2749 689 2802 734 et
2831 679 3063 733 maxime
3099 677 3354 733 australis
3396 693 3517 733 om-

1966 768 2140 831 nium.
2179 766 2451 822 Culminat
2482 767 2817 838 reliquarum
2851 768 3125 823 stellarum
3161 766 3309 837 prior
3340 805 3356 821 .
3393 807 3406 818 .
3445 807 3459 820 .
3497 803 3513 820 .

1963 894 1980 910 .
2018 897 2031 911 .
2072 899 2086 913 .
2129 898 2142 912 .
2179 899 2192 913 .
2232 897 2246 912 .
2286 899 2299 911 .
2341 900 2353 913 .
2388 874 2507 928 qua:
2537 874 2567 912 a
2598 859 2963 927 septentrione
2990 858 3238 929 adjacent
3269 859 3371 919 iis.
3397 874 3517 928 quae

1965 956 2094 1005 sunt
2127 951 2182 1004 in
2214 949 2391 1004 cauda
2418 969 2431 1005 :
2468 951 2594 1005 item
2630 950 2920 1004 australior
2950 965 3134 1003 earum
3156 989 3171 1014 ,
3204 965 3323 1022 qua!
3357 949 3411 1003 in
3440 949 3516 1004 si—

1962 1041 2146 1106 nistro
2169 1041 2304 1111 pede
2327 1042 2515 1113 Cygni.
2546 1040 2740 1096 Ultima
2762 1080 2777 1106 ,
2806 1058 2925 1111 quae
2950 1049 3033 1096 cst
3059 1041 3112 1095 in
3139 1041 3367 1111 genibus
3393 1039 3521 1093 Cas-

1963 1133 2159 1204 siepeae
2183 1174 2198 1199 ,
2244 1141 2300 1189 et
2334 1149 2454 1204 qua:
2488 1134 2544 1188 in
2577 1136 2916 1190 extremitate
2953 1133 3137 1190 caudas
3179 1132 3517 1189 australioris

1963 1219 2224 1277 Piscium.
2259 1221 2447 1277 Oritur
2471 1223 2667 1280 ﬂuvius
2694 1225 2751 1280 in
2785 1225 2935 1281 horis
2966 1226 3028 1289 5,
3063 1233 3116 1279 et
3148 1223 3249 1279 ὅθ’.

252 1386 257 1389 ι
295 1312 517 1380 γόνασι,
549 1309 777 1364 καὶτῶν
818 1308 1036 1380 Ἰχθύων
1078 1308 1172 1361 τοῦ
1214 1310 1536 1382 νοτιωτέρου
1567 1312 1597 1363 6
1624 1312 1681 1365 ὲν
1716 1312 1863 1383 ἄκρᾳ
1898 1316 1965 1385 τῇ
1988 1316 2142 1388 οὐρᾷ.
2173 1318 2471 1373 Ἀνατέλλει
2499 1320 2555 1374 δὲ
2594 1320 2622 1372 6
2659 1320 2906 1391 Ποταμὸς
2931 1320 2989 1373 ἐν
3014 1319 3182 1392 ὥραις
3236 1325 3284 1387 γ’
3322 1316 3415 1370 καὶ
3470 1320 3520 1385 γ’

298 1406 758 1479 πεμπτημορίοις.

365 1499 441 1553 Δ⁸.
464 1497 572 1551 Τοῦ
598 1497 655 1550 δὲ
677 1494 904 1565 Δαγωοῦ
933 1495 1330 1561 ἀνατέλλοντος,
1356 1497 1730 1551 συνανατέλλει
1760 1497 1857 1569 μὲν

2033 1495 2124 1552 IV.
2163 1495 2383 1552 Oriente
2410 1496 2616 1567 Lepore
2646 1496 2901 1553 zodiacus
2931 1499 3174 1554 ascendit
3203 1514 3233 1554 a
3266 1497 3523 1557 Gemino-
3604 1482 3607 1487 I

294 1587 445 1659 αὐτῷ
490 1589 518 1641 6
559 1586 821 1652 ζωδιακὸς
857 1584 965 1639 ἀπὸ
1005 1586 1249 1657 Διδύμων
1299 1588 1407 1657 μοί.
1451 1588 1496 1653 ζ’
1540 1588 1634 1641 καὶ
1680 1593 1728 1640 κ’
1754 1586 1859 1651 ἕως

1974 1605 2084 1644 rum
2120 1597 2273 1658 parte
2304 1588 2374 1641 27
2417 1589 2484 1643 ad
2524 1586 2721 1644 Cancri
2769 1589 3000 1643 mediam
3048 1589 3149 1655 ης
3192 1593 3453 1647 culminat
3489 1606 3521 1648 ι

297 1680 572 1751 Καρκίνου
606 1678 671 1749 ιβ’
703 1678 906 1749 μέσης·
939 1677 1334 1750 μεσουρανεῖδὲ
1357 1678 1465 1732 ἀπὸ
1502 1676 1719 1749 Ἰχθύων
1746 1678 1856 1749 μοί.

1974 1679 2201 1733 Piscium
2245 1678 2280 1731 4
2323 1677 2388 1731 ad
2417 1677 2505 1732 25.
2541 1677 2720 1733 Prima
2766 1680 2937 1750 surgit
2961 1679 3284 1736 antecedens
3331 1681 3496 1737 borea

296 1770 339 1823 δ’
367 1769 473 1834 ἕως
509 1769 727 1842 Ἰχθύων
768 1770 876 1841 μοί.
902 1776 942 1823 ε’
966 1770 1062 1823 καὶ
1089 1776 1158 1823 κ’.
1200 1770 1311 1823 Kal
1331 1775 1380 1821 a'
1411 1769 1512 1840 μὲν
1534 1770 1707 1841 ἀστὴρ
1732 1771 1860 1823 ἀνα-

1974 1770 2161 1824 liorum
2183 1808 2199 1833 ,
2234 1783 2355 1839 qua).
2378 1779 2505 1823 sunt
2533 1769 2588 1823 in
2630 1769 2890 1836 auribus;
2926 1770 3113 1823 ultima
3158 1770 3520 1839 posteriorum

297 1821 473 1915 ἑέλᾲέὶ
497 1821 607 1915 τὲζν
628 1821 1099 1925 '11....111111
1119 1821 1426 1932 ήγᾷύμενοέ
1455 1821 1564 1914 τε..
1606 1821 1865 1933 βέρεέοτέ-

1974 1859 2162 1930 pedum
2195 1821 2504 1914 adstralior.
2532 1858 2805 1914 Culminat
2835 1821 3065 1916 e'stellis
3092 1821 3314 1931 reliquis
3346 1861 3519 1931 prior,

302 1970 432 2026 ρων,
457 1953 683 2025 ἔσχατος
719 1954 777 2007 δὲ
816 1956 846 2008 6
891 1951 1205 2024 νοτιώτερος
1230 1952 1338 2005 τῶν
1369 1953 1427 2005 ἐν
1463 1954 1575 2016 τοῖς
1603 1951 1866 2016 ὀπισθίοις

1974 1950 2149 2005 lucida
2180 1966 2302 2022 qua:
2331 1951 2385 2006 in
2416 1951 2613 2007 lumbis
2642 1950 2777 2023 Equi
2796 1993 2812 2017 ,
2846 1961 2900 2007 et
2928 1969 3021 2024 pes
3048 1953 3247 2025 Cephei
3278 1955 3519 2013 sinister.

301 2046 445 2102 ποσί.
483 2048 816 2119 Μεσουρανεῐ
846 2045 903 2099 δὲ
938 2045 1046 2100 τῶν
1071 2044 1246 2100 ἄλλων
1288 2042 1501 2116 πρῶτος
1546 2043 1643 2113 μὲν
1681 2043 1772 2096 τοῦ
1804 2059 1864 2096 τε

1974 2039 2166 2095 Ultima
2190 2083 2205 2108 ,
2246 2042 2519 2097 borealior
2550 2043 2955 2099 succedentium
2996 2045 3051 2099 in
3090 2046 3349 2101 laterculo
3382 2044 3518 2101 Ceti.

303 2136 500 2191 Ἵππου
526 2139 554 2191 6
573 2136 665 2190 ἐπὶ
689 2136 787 2208 τῆς
815 2133 1013 2205 ὀσφύος
1038 2132 1307 2204 λαμπρὸς,
1339 2132 1435 2186 καὶ
1457 2131 1550 2186 τοῦ
1581 2131 1814 2203 Κηφέως
1835 2133 1864 2185 6

1974 2129 2150 2184 Oritur
2174 2128 2352 2200 Lepus
2378 2131 2511 2186 bora
2541 2134 2602 2199 1,
2637 2130 2737 2189 ιε’.

299 2229 584 2302 ἀριστερὸς
615 2227 750 2292 ποῦς
774 2243 788 2258 ’
819 2226 1042 2297 ἔσχατος
1072 2226 1129 2280 δὲ
1160 2224 1255 2279 τοῦ
1291 2225 1503 2297 Κήτους
1538 2223 1647 2277 τῶν
1688 2226 1748 2278 ὲν
1786 2222 1865 2276 τῶ
1901 2224 2287 2296 τετραπλεύρῳ
2346 2226 2376 2278 6
2441 2224 2773 2296 βορειότερος
2801 2225 2909 2279 τῶν
2947 2227 3242 2297 ἑπομένων.
3283 2227 3526 2281 Ἀνατέλ-

300 2320 381 2374 λει
411 2320 471 2374 δὲ
506 2319 535 2370 6
565 2317 788 2386 Δαγωὸς
816 2319 874 2370 ἐν
902 2315 1019 2388 ὥρᾳ
1040 2323 1087 2369 α’
1109 2317 1203 2370 καὶ
1225 2322 1267 2368 ε’
1298 2316 1474 2388 μέρει.

374 2414 539 2467 Ὅταν
565 2412 622 2466 δὲ
647 2414 676 2465 6
696 2410 856 2465 Κύων
879 2410 1162 2483 ἀνατέλλῃ,
1192 2409 1569 2464 συνανατέλλει
1600 2409 1699 2480 μὲν
1721 2409 1871 2480 αὐτῷ

300 2509 328 2561 6
361 2503 624 2571 ζωδιακὸς
659 2503 767 2558 ἀπὸ
799 2503 1073 2577 Καρκίνου
1106 2503 1214 2575 μοί.
1259 2510 1319 2556 ιε’
1349 2502 1454 2566 ἕως
1481 2502 1710 2566 Λέοντος
1757 2501 1867 2571 μοί.

301 2604 341 2651 ε’
376 2596 547 2668 μέσης
573 2612 587 2627 ο
621 2598 946 2667 μεσουρανεῖ
979 2595 1039 2650 δὲ
1075 2595 1182 2649 ἀπὸ
1218 2593 1435 2665 Ἰχθύων
1463 2593 1573 2665 μοί.
1614 2600 1663 2663 η’
1696 2593 1791 2647 καὶ
1819 2598 1869 2646 κ’

301 2690 405 2752 ἕως
429 2686 603 2760 Κριοῦ
626 2687 667 2741 δ
688 2688 782 2742 καὶ
812 2693 860 2741 κ’
892 2688 1081 2758 μέσης.
1104 2688 1215 2741 Kal
1242 2693 1290 2739 a'
1313 2686 1410 2757 μὲν
1439 2684 1613 2757 ἀστὴρ
1635 2684 1861 2738 ἀνατέλ-

301 2781 384 2835 λει
417 2782 448 2835 6
485 2782 543 2836 έν
582 2780 736 2853 ἄκρῳ
768 2779 847 2850 τῷ
875 2779 1191 2851 ὲμπροσθίῳ
1228 2780 1322 2834 καὶ
1355 2776 1675 2851 βορειοτέρῳ
1705 2774 1857 2831 1106(-

2903 2327 2922 2357 Ι

2037 2407 2174 2464 Cum
2201 2408 2348 2464 Cane
2379 2408 2637 2465 zodiacus
2661 2411 2890 2480 emergit
2916 2423 2946 2464 a
2973 2409 3166 2465 Cancri
3199 2411 3266 2467 15
3295 2411 3361 2466 ad
3390 2411 3528 2468 Leo-

1967 2501 2054 2557 nis
2088 2500 2320 2557 mediam
2370 2501 2439 2566 5;
2474 2502 2737 2557 culminat
2766 2516 2798 2557 a
2833 2501 2903 2557 28
2935 2500 3172 2558 Piscium
3214 2502 3280 2557 ad
3327 2504 3528 2560 Arietis

1966 2592 2036 2647 24
2065 2591 2317 2647 mediam.
2350 2590 2510 2646 Prior
2535 2592 2710 2647 oritur
2740 2594 2926 2657 stella,
2956 2608 3078 2663 qua:
3104 2593 3157 2646 in
3185 2595 3529 2649 extremitate

1966 2683 2321 2754 praecedentis
2352 2683 2783 2754 borealiorisque
2824 2683 3017 2753 pedis;
3064 2685 3250 2738 ultima
3273 2722 3287 2748 ,
3322 2699 3440 2753 quae
3469 2685 3526 2738 in

1970 2782 2211 2830 extrema
2240 2774 2435 2829 cauda.
2462 2773 2541 2828 Ex
2566 2773 2688 2829 aliis
2713 2773 2976 2829 culminat
3004 2788 3067 2829 ea
3090 2812 3105 2838 ,
3167 2788 3289 2843 quae
3330 2773 3385 2827 in
3432 2788 3529 2842 pec

303 2872 527 2943 ἔσχατος
564 2873 620 2925 δὲ
646 2875 674 2926 6
704 2874 764 2925 έν
796 2871 941 2943 ἄκρᾳ
975 2874 1040 2943 τῇ
1084 2873 1237 2944 οὐρᾷ.
1277 2872 1618 2943 Μεσουρανεῖ
1651 2869 1709 2924 δὲ
1752 2867 1862 2923 τῶν

1974 2866 2131 2922 dibus
2185 2865 2531 2936 Cassiepeae,
2582 2874 2637 2921 et
2694 2865 2966 2921 borealior
3022 2880 3239 2932 earum,
3288 2879 3408 2935 quae
3468 2864 3528 2921 in

304 2964 476 3020 ἄλλων
506 2970 555 3018 α’
583 2964 680 3035 μὲν
706 2966 736 3017 6
761 2966 819 3017 ὲν
861 2966 972 3027 τοῖς
1000 2965 1127 3017 ποσὶ
1158 2964 1258 3033 τῆς
1284 2962 1685 3027 Κασσιεπείας,
1713 2962 1807 3016 καὶ⁵
1835 2962 1863 3014 6

1974 2959 2166 3015 dextro
2220 2958 2578 3015 Andromedae
2638 2957 2774 3030 pede
2831 2957 3108 3028 paululum
3170 2956 3526 3012 meridianum

308 3054 641 3127 βορειότερος
668 3054 777 3109 τῶν
807 3054 865 3108 ὲν
907 3054 983 3126 τῷ
1016 3054 1172 3126 δεξιῷ
1208 3055 1330 3110 ποδὶ
1357 3056 1456 3127 τῆς
1487 3053 1863 3126 Ἀνδρομέδας,

1974 3050 2283 3116 antecedit;
2337 3050 2526 3106 ultima
2568 3064 2732 3115 vero,
2777 3046 2958 3103 lucida
2995 3047 3051 3102 in
3095 3046 3287 3102 dextro
3326 3044 3529 3101 femore

309 3144 503 3217 μικρὸν
537 3143 942 3216 προηγούμενος
976 3143 1069 3198 τοῦ
1112 3144 1513 3217 μεσημϐρινοῦο
1560 3144 1786 3215 ἔσχατος
1814 3143 1871 3197 δὲ

1974 3141 2197 3207 Persei,
2248 3152 2296 3197 et
2348 3140 2646 3198 succedens
2690 3153 2879 3195 earum
2923 3152 3043 3207 qua:
3087 3143 3214 3193 sunt
3254 3135 3310 3188 in
3355 3134 3528 3188 cauda

305 3236 397 3290 τοῦ
426 3232 679 3307 Περσέως
705 3238 735 3289 6
773 3238 831 3289 ὲν
858 3235 936 3307 τῷ
960 3235 1118 3307 δεξιῷ
1148 3236 1305 3307 μηρῷ
1342 3236 1610 3309 λαμπρὸς,
1636 3238 1731 3291 καὶ
1772 3233 1867 3289 τοῦ

1977 3235 2197 3292 Cancri.
2232 3232 2416 3291 Oritur
2445 3233 2611 3289 Canis
2638 3233 2772 3288 hora
2818 3246 2925 3286 una
2948 3270 2963 3294 ,
3012 3228 3237 3299 ejusque
3284 3226 3528 3298 partibus

307 3329 581 3402 Καρκίνου
605 3330 635 3382 6
660 3328 921 3400 ἑπόμενος
946 3326 1055 3381 τῶν
1076 3330 1133 3381 ὲν
1157 3330 1222 3399 τῇ
1246 3328 1401 3399 οὐρᾷ.
1439 3329 1739 3382 Ἀνατέλλει
1765 3327 1824 3381 δὲ
1841 3328 1869 3380 6

308 3425 469 3479 Κύων
497 3425 556 3477 ἐν
583 3424 703 3496 ὥρᾳ
742 3424 841 3494 μιᾷ
868 3423 964 3476 καὶ
990 3420 1110 3476 δυσὶ
1145 3420 1366 3491 μέρεσιν
1393 3420 1563 3494 ὧρας.

376 3516 484 3572 Τοῦ
508 3517 567 3571 δὲ
593 3516 869 3587 Πρόκυνος
912 3511 1287 3575 ἀνατέλλοντος
1307 3553 1323 3579 ,
1352 3510 1727 3567 συνανατέλλει
1771 3511 1870 3582 μὲν

307 3609 456 3681 αὐτῷ
495 3609 525 3661 6
567 3606 827 3673 ζωδιακὸς
864 3606 971 3660 ἀπὸ
1011 3603 1286 3676 Καρκίνου
1315 3603 1357 3657 δ’
1402 3603 1513 3673 μοί.
1558 3603 1731 3675 μέσης
1766 3603 1872 3665 ἕως

308 3701 583 3774 Καρκίνου
618 3702 729 3773 μοί.
759 3700 832 3755 0"
863 3701 1183 3771 μεσουρανεί
1207 3698 1264 3751 δὲ
1290 3697 1398 3751 ἀπὸ
1427 3695 1645 3767 Ἰχθύων
1680 3694 1790 3767 μοί.
1809 3700 1871 3748 ιε’

308 3797 412 3858 ἕως
452 3793 668 3865 ’ἰχθύων
692 3792 799 3865 μοί.
823 3799 871 3846 κ’
897 3791 1090 3862 μέσης.
1120 3790 1230 3844 Kal
1250 3795 1298 3842 α’
1331 3788 1429 3858 μὲν
1456 3788 1632 3860 ἀστὴρ
1658 3785 1874 3841 ἀνατέλ-

307 3888 390 3941 λει
410 3887 440 3939 6
467 3886 765 3957 ἡγούμενος
802 3883 894 3938 καὶ
930 3881 1147 3944 διπλοῦς
1170 3922 1186 3948 ,
1221 3880 1444 3951 ἔσχατος
1472 3878 1529 3932 δὲ
1556 3880 1584 3932 6
1611 3879 1872 3948 ἑπόμενος

307 3979 404 4033 καὶ
426 3978 695 4049 λαμπρός.
716 3976 1056 4046 Μεσουρανεῖ
1087 3973 1145 4026 δὲ
1182 3972 1291 4026 τῶν
1316 3970 1488 4027 ἄλλων
1518 3969 1618 4039 τῆς
1638 3970 1872 4021 Κασσιε-

309 4069 471 4130 πείας
491 4070 520 4121 6
553 4070 609 4121 ὲν
647 4067 794 4138 μέσῳ
830 4064 907 4136 τῷ
948 4062 1179 4134 σώματι,
1217 4060 1422 4116 καὶτοῦ
1448 4061 1660 4130 Κήπους
1679 4057 1785 4112 τῶν
1815 4058 1873 4110 ἐν

308 4168 378 4236 τῇ
406 4164 541 4235 ούρᾷ
562 4162 603 4217 δ’
620 4162 674 4215 οἱ
697 4160 971 4231 ἑπόμενοι.
997 4156 1254 4227 Ἐσχατοι
1279 4156 1336 4209 δὲ
1366 4150 1752 4226 μεσουρανοῦσι
1775 4149 1873 4219 τῆς

308 4274 372 4310 τε
400 4253 758 4327 Ἀνδρομέδας
789 4254 819 4306 6
861 4251 1113 4321 ἐχόμενος
1143 4247 1253 4304 τῶν
1281 4249 1339 4300 ὲν
1363 4249 1429 4317 τῇ
1462 4244 1625 4317 ζώνῃ,
1653 4242 1749 4296 καὶ⁸
1778 4239 1873 4294 τοῦ

308 4350 524 4419 Κήτους
547 4348 576 4400 6
605 4344 938 4417 βορειότερος
961 4341 1068 4396 τῷν
1088 4341 1145 4393 έν
1168 4338 1245 4410 τῷ
1284 4336 1686 4410 τετραπλεύρῳ.
1722 4333 1873 4387 Ἀνα-

305 4439 483 4495 τέλλει
502 4438 558 4491 δὲ
581 4440 610 4491 6
636 4435 894 4508 Προκύων
915 4436 971 4487 ἐν
995 4440 1041 4503 γ’
1073 4432 1226 4503 μέρει
1250 4430 1418 4502 ὧρας.

507 4486 606 4581 *δὲ*
893 4486 1315 4593 ἀνατελλούσηςί
1353 4486 1726 4573 σῦνανατέλλει
1773 4514 1871 4588 μὲν
1900 4501 1950 4560 D
1979 4591 1993 4600 _

305 4621 448 4691 αὐτῇ
469 4620 497 4672 6
522 4616 778 4683 ζωδιακὸς
798 4613 907 4669 ἀπὸ
933 4613 1156 4676 Λέοντος
1184 4612 1294 4683 μοί.
1332 4616 1385 4676 ς’
1405 4608 1509 4673 ἕως
1531 4606 1725 4680 Χηλῶν
1753 4605 1865 4677 μοί.

302 4712 347 4765 δ’
383 4709 585 4782 μέσης·
623 4707 946 4778 μεσουρανεῐ
976 4702 1033 4758 δὲ
1077 4702 1186 4757 ἀπὸ
1212 4699 1381 4773 Κριοῦ
1417 4707 1469 4765 ς’
1500 4699 1593 4752 καὶ
1620 4704 1668 4751 κ’
1705 4696 1874 4769 μέσης

303 4803 414 4866 ἕως
445 4801 718 4873 Καρκίνου
749 4799 789 4852 δ’
826 4797 1016 4870 μέσης.
1049 4794 1160 4850 Καὶ
1191 4791 1238 4847 α’
1267 4792 1361 4863 μὲν
1390 4789 1565 4862 ἀστὴρ
1601 4787 1875 4842 ἀνατέλλει

306 4898 338 4949 6
372 4894 479 4948 ὑπὸ
507 4892 616 4945 τῶν
648 4893 705 4945 ὲν
730 4892 876 4964 ἄκρᾳ
898 4892 964 4961 τῇ
992 4888 1127 4959 ούρᾷ
1158 4883 1251 4938 106
1286 4881 1459 4945 Κυνὸς
1483 4880 1557 4944 ὠς
1593 4877 1871 4951 τριπλοῦς,

306 4989 536 5056 ἔσχατος
589 4984 646 5037 δὲ
694 4984 722 5036 6
765 4981 1081 5043 νοτιώτατος
1132 4977 1240 5032 τῶν
1286 4977 1344 5029 ὲν
1375 4978 1441 5046 τῇ
1489 4974 1735 5044 ἀποτομῇ
1781 4971 1874 5025 τοῦ

307 5076 505 5131 Πλοίου
532 5077 626 5128 καὶ
643 5072 908 5143 λαμπρός.
936 5072 1115 5125 Μεσου
1125 5069 1274 5140 ρανεῖ
1287 5067 1343 5119 δὲ
1369 5064 1477 5117 τῶν
1502 5062 1673 5117 ἄλλων
1700 5068 1749 5115 a'
1778 5062 1875 5132 μὲν

305 5168 407 5223 τοῦ
430 5167 681 5240 Περσέως
703 5167 729 5218 6
752 5166 809 5218 ἐν
823 5162 901 5233 τῷ
921 5159 1189 5234 ἀριστερῷ
1208 5155 1384 5230 μηρῷ,
1399 5154 1490 5209 καὶ
1510 5156 1539 5207 6
1561 5150 1876 5217 νοτιὼτατος

305 5261 423 5315 τῶν
461 5263 517 5315 ὲν
549 5260 616 5330 τῇ
643 5257 888 5326 ἀποτομῇ
918 5252 1011 5307 τοῦ
1037 5251 1247 5322 Ταύρου
1268 5268 1281 5280 ·
1307 5248 1531 5319 ἔσχατος
1568 5244 1625 5299 δὲ
1667 5246 1695 5298 6
1740 5260 1875 5313 προ-

309 5352 615 5424 ηγούμενος
641 5350 739 5421 τῆς
762 5346 856 5401 τοῦ
879 5346 1076 5416 Ὕδρου
1100 5341 1338 5413 κεφαλῆς
1359 5344 1387 5394 6
1409 5338 1660 5409 ἐκφανὴς,
1679 5338 1706 5391 ὅ
1730 5338 1876 5390 ἐστιν

309 5448 372 5497 ὲν
395 5447 505 5509 τοῖς
532 5442 725 5505 νοτίοις
747 5440 873 5493 ποσὶ
903 5437 997 5492 τοῦ
1022 5434 1215 5499 Κυνός.
1604 5506 1613 5515 1

387 5534 463 5592 Ε’.
498 5533 655 5606 Ἑξῆς
676 5534 733 5586 δὲ
760 5530 989 5604 ἐροῦμεν
1013 5526 1140 5598 περὶ
1165 5526 1261 5597 τῆς
1294 5522 1635 5585 καταδύσεως
1659 5519 1766 5573 τῶν
1791 5533 1877 5573 νο-

312 5624 588 5695 τιωτέρων
623 5622 715 5677 τοῦ
746 5618 1003 5687 ζωδιακοῦ
1036 5615 1253 5671 κύκλου.

391 5718 556 5770 Ὅταν
576 5715 674 5787 μὲν
688 5710 780 5768 οὖν
792 5712 921 5784 δύνῃ
935 5714 963 5764 ὁ
980 5709 1195 5779 Ὕδρος,
1216 5701 1601 5774 συγκαταδύνει
1620 5699 1715 5771 μὲν
1732 5695 1876 5767 αύτῷ

318 5805 350 5859 6
373 5807 629 5873 ζωδιακὸς
671 5806 776 5862 ἀπὸ
812 5803 1052 5877 Διδύμων
1083 5800 1125 5855 θ’
1183 5797 1276 5852 καὶ
1305 5802 1355 5849 κ’
1385 5793 1493 5867 μοί.
1532 5792 1637 5857 ἕως
1670 5788 1876 5861 Παρθέ-

1971 3329 2198 3388 duabus.

2044 3506 2179 3560 Cum
2207 3519 2267 3561 se
2285 3502 2535 3575 Procyon
2558 3502 2783 3568 attollit,
2806 3500 2982 3555 oritur
3005 3514 3110 3554 una
3132 3497 3341 3553 zodiaci
3367 3512 3529 3554 arcus

1973 3613 2015 3655 a.
2046 3596 2201 3668 135
2238 3595 2437 3652 Cancri
2471 3594 2505 3648 4
2546 3602 2704 3664 parte
2751 3593 2959 3657 media,
2990 3591 3056 3645 ad
3082 3589 3158 3657 9;
3198 3590 3460 3645 culminat
3497 3606 3530 3645 a

1975 3690 2210 3747 Piscium
2258 3690 2326 3745 15
2372 3687 2440 3743 ad
2476 3686 2548 3742 20
2587 3686 2839 3743 mediam.
2889 3682 3049 3738 l‘rior
3098 3683 3275 3738 oritur
3314 3688 3531 3738 antece-

1972 3784 2141 3847 dens,
2161 3790 2215 3839 et
2244 3781 2409 3852 dupla
2437 3797 2451 3846 ;
2481 3780 2671 3835 ultima
2692 3819 2708 3844 ,
2733 3775 3034 3834 succedens
3053 3818 3068 3839 .
3098 3783 3151 3831 et
3178 3773 3379 3831 lucida.
3410 3773 3530 3828 Pri-

1973 3891 2060 3931 ma
2093 3891 2163 3931 ex
2190 3875 2312 3929 aliis
2342 3873 2639 3934 culminat,
2674 3884 2794 3940 qua:
2820 3868 2876 3923 in
2905 3867 3082 3923 medio
3108 3867 3360 3937 corporis
3392 3863 3528 3919 Cas-

1972 3968 2164 4038 siepea:
2189 3986 2203 4021 :
2227 3976 2282 4021 et
2300 3964 2651 4022 succedentes
2673 3976 2857 4017 earum
2874 3966 3124 4031 quatuor,
3139 3971 3259 4028 qua:
3276 3956 3330 4009 in
3355 3954 3529 4009 cauda

1972 4060 2090 4118 Ceti
2126 4066 2275 4116 sunt.
2316 4056 2636 4112 Novissima
2678 4052 2982 4109 culminant
3026 4051 3270 4120 proxima
3304 4061 3525 4109 earum,

1972 4168 2092 4225 qua:
2124 4152 2178 4206 in
2211 4146 2564 4205 Andromedae
2590 4160 2727 4201 zona
2749 4184 2765 4208 ,
2796 4151 2852 4199 et
2880 4140 3149 4198 borealior
3187 4154 3251 4193 ex
3278 4132 3529 4225 iis,'qua3

1975 4221 2030 4299 in
2065 4240 2330 4297 laterculo
2354 4236 2492 4294 Ceti.
2523 4233 2709 4291 Oritur
2736 4232 2981 4303 Procyon
3008 4227 3144 4283 bura
3172 4226 3236 4291 0,
3264 4221 3367 4279 20'.

2056 4502 2203 4572 Argo
2246 4496 2371 4554 navi
2413 4496 2646 4561 oriente,
2681 4507 2803 4549 cum
2838 4505 2900 4546 ea
2937 4488 3189 4544 zodiacus
3233 4480 3470 4551 assurgit
3497 4494 3528 4534 a

1978 4591 2177 4648 Leonis
2215 4599 2367 4661 parte
2402 4588 2435 4643 6
2476 4587 2542 4640 ad
2578 4585 2867 4641 Cbelarum
2898 4580 2931 4635 4
2967 4577 3235 4640 mediam;
3268 4572 3530 4661 culminat

1980 4677 2052 4732 ab
2084 4656 2283 4731 Arietis
2324 4673 2395 4729 ‘26
2423 4672 2621 4738 inedia,
2654 4670 2720 4724 ad
2763 4664 2955 4722 Cancri
2993 4661 3223 4718 inediam
3264 4658 3318 4713 4.
3348 4656 3529 4712 Prima

1984 4769 2161 4825 oritur
2206 4783 2325 4839 qua:
2355 4782 2386 4822 e
2416 4764 2588 4822 stellis
2625 4762 2680 4817 in
2718 4756 2889 4814 cauda
2915 4754 3080 4811 Canis
3121 4751 3181 4807 ﬁt
3222 4749 3387 4806 veluti
3430 4748 3532 4803 tri-

1976 4867 2100 4938 plex
2150 4882 2163 4918 :
2215 4862 2425 4925 ultima,
2463 4872 2583 4929 quae
2628 4857 2681 4911 in
2730 4849 3064 4908 abscissione
3098 4844 3261 4900 Navis
3300 4842 3527 4938 sitarum

1982 4932 2381 5012 australissima
2427 4958 2550 5015 est,
2599 4956 2653 5003 et
2691 4944 2889 5001 lucida.
2932 4940 3114 4996 Prima
3160 4935 3417 4992 culniinat
3461 4932 3532 4987 de

1983 5050 2157 5108 stellis
2192 5046 2417 5116 reliquis
2445 5059 2530 5108 ea,
2563 5056 2683 5113 qua:
2708 5048 2791 5095 cst
2826 5036 2882 5092 in
2915 5036 3136 5091 sinistro
3168 5029 3370 5086 femore
3394 5026 3527 5082 Per-

1978 5146 2054 5201 sei
2090 5162 2103 5199 :
2137 5149 2189 5198 et
2235 5136 2634 5195 australissima
2666 5145 2852 5188 earum
2894 5142 3014 5199 qua:
3051 5131 3178 5181 sunt
3204 5125 3257 5178 in
3287 5120 3528 5177 sectione

1981 5235 2150 5291 Tauri
2187 5253 2199 5287 :
2239 5231 2447 5294 ultima,
2481 5224 2792 5299 praecedens
2830 5220 3020 5291 capitis
3040 5215 3205 5288 Hydri
3224 5209 3524 5285 splendida,

1976 5344 2097 5400 quae
2125 5333 2208 5383 est
2238 5325 2295 5378 in
2332 5319 2660 5378 australibus
2693 5314 2920 5389 pedibus
2945 5309 3130 5366 Canis.

2048 5507 2117 5564 V.
2154 5501 2463 5561 Secundum
2498 5499 2611 5554 haec
2652 5508 2869 5568 agemus
2899 5492 2965 5547 de
2999 5502 3219 5557 cccasu_
3239 5480 3525 5539 australiu-

1975 5617 2094 5658 rum
2128 5597 2350 5654 zodiaco
2378 5590 2676 5648 cmlestium
2707 5586 3018 5657 imaginum.

2047 5686 2319 5758 Imprimis
2357 5697 2480 5739 eum
2532 5678 2749 5751 Hydrus
2793 5673 3014 5737 occidit,
3067 5666 3345 5726 descendit
3397 5677 3521 5758 cum

1975 5798 2040 5839 co
2073 5754 2332 5836 zodiacus
2358 5792 2386 5829 a
2411 5779 2563 5845 parte
2582 5769 2927 5826 Geminorum
2947 5763 3018 5819 29
3045 5762 3109 5818 ad
3141 5758 3373 5834 Virginis
3417 5754 3522 5817 tt;
