4044 6220
508 345 650 402 1115

1479 342 1570 396 AD
1607 339 1874 396 EUSEBll
1911 336 2299 394 CllRONlCON
2336 337 2696 394 APPENDIX.

3582 334 3718 388 1116

505 461 767 516 culminat
807 475 838 515 a
883 460 948 517 19
981 461 1158 517 media
1199 460 1484 516 Cbelarum
1539 461 1606 514 ad
1655 457 1932 530 Sagittarii
1989 457 2056 512 19

2164 471 2248 507 νου
2285 461 2348 507 ια’
2370 471 2384 485 ⁸
2422 455 2741 524 μεσουρανεῖ
2789 450 2846 504 δὲ
2900 448 3006 502 ἀπὸ
3050 448 3242 518 Χηλῶν
3301 447 3368 501 ιϐ’
3400 446 3570 518 μέσης
3614 448 3725 512 ἕως

510 550 770 606 mediam.
799 549 955 606 Prior
983 554 1203 620 occidit,
1234 553 1525 608 australior
1560 567 1747 606 earum
1778 565 1896 619 qua:
1927 558 2058 604 sunt

504 641 560 695 in
590 642 729 696 rictu
762 659 776 694 :
809 643 1017 708 ultima,
1049 661 1168 715 quae
1210 647 1264 700 in
1294 644 1631 699 extremitate
1671 644 1877 698 caudze.
1923 641 2054 696 Cul-

505 731 720 786 minant
769 748 831 788 ex
865 735 985 789 aliis
1014 736 1200 802 stellis,
1236 737 1392 790 initio
1429 735 1666 806 quidem,
1701 733 1899 797 lucida,
1929 748 2058 803 quae

504 830 590 877 est
632 838 661 876 a
711 823 887 878 cauda
942 824 1203 881 Draconis
1250 827 1430 892 tertia,
1479 826 1799 882 semicubito
1842 825 2059 880 circiter

506 912 832 968 antecedens
899 915 1260 970 meridianum
1330 933 1344 972 :
1414 917 1539 971 item
1602 915 1781 970 lucida
1855 914 2058 985 cinguli

507 1003 708 1067 Bootae.
739 1020 838 1061 nec
868 1022 974 1060 non
1005 1007 1316 1076 praecedens
1364 1006 1600 1062 lucidam
1641 1007 1692 1060 in
1721 1005 2059 1060 estremitate

505 1094 899 1164 boremClielae;
916 1105 969 1150 et
983 1113 1101 1168 quae
1119 1096 1281 1168 llydri
1295 1108 1378 1154 est
1399 1098 1452 1153 in
1483 1106 1722 1152 extrema
1739 1097 1930 1162 cauda,
1947 1097 2059 1152 vel-

507 1195 567 1241 ut
585 1189 900 1243 semicubito
925 1190 1280 1244 meridianum
1299 1189 1635 1246 antecedens.
1655 1189 1932 1246 Postremo
1944 1190 2061 1244 cul-

507 1278 714 1332 minant
746 1278 1008 1335 Draconis
1039 1281 1332 1336 australius
1366 1289 1577 1352 tempus
1615 1296 1628 1331 :
1667 1288 1721 1335 et
1754 1281 2056 1352 Serpentis,

507 1386 665 1441 quem
698 1381 841 1428 tenet
875 1373 1157 1443 Anguil‘er,
1192 1375 1248 1430 in
1275 1382 1518 1430 extrema
1557 1375 1728 1429 cauda
1755 1377 1858 1431 sita
1895 1395 1906 1430 :
1945 1386 2058 1430 tum

507 1463 832 1520 antecedens
873 1481 1084 1533 earum,
1117 1483 1237 1539 qua:
1274 1469 1330 1523 in
1365 1483 1494 1540 sago
1520 1465 1824 1539 Sagittarii.
1850 1465 2062 1524 Occidit

506 1551 721 1645 Hydrus
752 1555 903 1612 horis
927 1556 980 1611 4.

576 1736 797 1794 Cratere
828 1739 1130 1807 occidente,
1165 1757 1289 1797 cum
1323 1757 1412 1799 eo,
1433 1742 1712 1799 descendit
1738 1741 1994 1800 zodiacus
2031 1759 2061 1799 a

507 1827 700 1884 Cancri
731 1838 885 1899 parte
911 1831 975 1885 21
1011 1833 1078 1886 ad
1105 1832 1301 1889 Leonis
1329 1835 1558 1889 mediam
1588 1836 1690 1900 l3;
1729 1835 1989 1889 culminat
2031 1849 2061 1888 a

509 1923 686 1977 media
749 1925 816 1980 15
876 1924 1084 1995 Scorpii
1135 1927 1202 1981 ad
1260 1928 1473 1982 initium
1531 1927 1827 2000 Sagittarii.
1883 1927 2062 1982 Prima

509 2013 711 2068 occidit
735 2030 944 2081 earum,
977 2032 1095 2087 quae
1122 2027 1250 2074 sunt
1279 2018 1332 2073 in
1364 2020 1501 2085 basi,
1528 2020 1796 2074 borealior
1827 2039 1839 2072 :
1874 2019 2062 2073 ultima

507 2120 638 2159 vero
684 2107 996 2171 australior,
1038 2115 1092 2162 et
1135 2108 1408 2162 borealior
1452 2124 1638 2164 earum
1687 2124 1806 2178 quae
1844 2117 1970 2163 sunt
2007 2109 2063 2162 in

509 2195 682 2250 alveo.
718 2195 1030 2251 Culminant
1074 2198 1301 2252 aliarum
1340 2199 1646 2263 stellarum,
1691 2199 1871 2265 initio,
1904 2197 2066 2254 Scor-

510 2284 588 2354 pii
634 2286 830 2342 tertius
867 2297 920 2341 et
963 2289 1188 2357 quintus
1231 2290 1530 2361 spondylus
1562 2306 1770 2355 eorum,
1803 2293 1894 2361 qui
1936 2305 2064 2346 sunt

509 2383 633 2444 post
674 2383 882 2445 pectus,
915 2387 970 2432 et
1006 2379 1165 2434 tertia
1210 2389 1332 2452 post
1361 2381 1610 2436 dextrum
1662 2383 1942 2438 humerum
1975 2383 2064 2438 ln-

511 2465 765 2536 genieuli,
810 2467 866 2522 in
915 2468 1140 2526 brachio
1178 2473 1304 2538 sita,
1356 2474 1499 2528 velut
1549 2475 1868 2531 semicubito
1911 2478 2068 2532 meri-

510 2554 734 2611 dianum
787 2561 1140 2630 praecedens;
1193 2563 1383 2618 ultima
1423 2579 1576 2630 vero,
1613 2581 1734 2636 qua:
1781 2568 1836 2620 in
1883 2567 2065 2623 radice

511 2647 716 2704 sinistri
748 2650 969 2708 femoris
986 2661 1068 2707 est
1098 2653 1394 2726 Ingeniculi
1429 2675 1442 2711 :
1476 2673 1576 2715 nec
1605 2674 1715 2714 non
1747 2660 1930 2730 cuspis
1958 2663 2062 2714 Ar-

511 2753 629 2796 cus.
661 2738 868 2797 Occidit
899 2741 1087 2800 Crater
1116 2745 1248 2802 hora
1280 2747 1332 2816 l,
1356 2747 1464 2803 20'.

582 2913 759 2972 Corvo
785 2917 1147 2976 descendente
1176 2922 1336 2978 simul
1364 2922 1620 2979 zodiacus
1643 2923 1841 2980 occidit
1869 2940 1899 2980 a
1932 2924 2068 2982 Leo-

513 3005 601 3063 nis
629 3008 698 3062 29
729 3009 907 3064 media
962 3011 1029 3066 ad
1068 3010 1358 3068 Chelarum
1394 3015 1494 3080 11;
1530 3016 1792 3070 culminat
1829 3031 1858 3069 a
1891 3015 2068 3089 Sagit-

2156 543 2380 608 Τοξότου
2414 545 2478 597 ιθ⁹
2511 543 2698 614 μέσης.
2731 542 2840 595 Kal
2871 547 2918 594 α’
2955 541 3053 610 μὲν
3090 539 3262 610 ἀστὴρ
3298 538 3442 592 δύνει
3467 541 3498 590 6
3531 539 3724 592 νοτιώ·

2153 651 2309 706 τερος
2336 635 2442 688 τῶν
2475 637 2531 688 ὲν
2557 634 2634 705 τῷ
2665 633 2920 704 χάσματι,
2966 632 3188 702 ἔσχατος
3231 632 3287 684 δὲ
3319 634 3348 685 6
3391 634 3448 686 ὲν
3479 633 3627 702 ἄκρᾳ
3650 637 3722 703 τῇ

2154 727 2310 799 οὐρᾷ.
2345 725 2748 798 Μεσουρανοῦσι
2787 725 2842 777 δὲ
2870 723 2978 776 τῶν
3013 724 3183 778 ἄλλων
3216 724 3456 795 ἀστέρων
3487 726 3546 777 ὲν
3575 726 3722 796 ἀρχῇ
3756 768 3765 798 ς

2158 819 2258 889 μὲν
2285 818 2377 872 τοῦ
2409 835 2467 871 τε
2499 817 2794 889 Δράκοντος
2832 817 2861 867 6
2893 820 2938 884 γ’
2968 815 3076 869 ἀπὸ
3119 815 3219 886 τῆς
3250 817 3414 886 οὐρᾶς
3445 817 3722 887 λαμπρὸς,

2155 910 2230 972 ὡς
2273 910 2575 980 ἡμιπήχιον
2612 907 3018 979 προηγούμενος
3077 906 3171 960 τοῦ
3205 907 3596 979 μεσημϐρινοῦ,
3629 908 3726 960 καὶ

2153 1000 2248 1054 τοῦ
2280 999 2488 1054 Βοώτου
2525 1002 2553 1054 6
2581 1001 2638 1053 έν
2666 1003 2732 1070 τῇ
2768 999 2911 1070 ζώνῃ
2957 999 3226 1070 λαμπρὸς,
3267 1000 3361 1052 καὶ
3386 1001 3414 1052 6
3450 1000 3728 1070 προηγού-

2159 1109 2320 1165 μενος
2346 1091 2440 1146 τοῦ
2465 1093 2521 1144 ὲν
2549 1091 2694 1162 ἄκρᾳ
2713 1095 2779 1162 τῇ
2811 1091 3004 1163 βορείῳ
3033 1090 3182 1162 Χηλῇ
3203 1090 3478 1162 λαμπροῦ,
3510 1094 3605 1145 καὶ
3626 1092 3724 1145 τοῦ

2158 1183 2357 1254 ’Υδρου
2392 1184 2422 1236 6
2453 1184 2510 1235 ὲν
2538 1183 2682 1254 ἄκρᾳ
2703 1186 2770 1254 τῇ
2803 1183 2938 1254 ούρᾷ
2961 1221 2976 1245 ,
3011 1182 3086 1246 ὥς
3115 1184 3414 1254 ἡμιπήχιον
3451 1184 3728 1254 προηγού-

2159 1290 2318 1344 μενος
2368 1271 2458 1326 τοῦ
2512 1272 2880 1344 μεσημϐρινοῦ
2904 1291 2918 1304 ο
2961 1273 3183 1344 ἔσχατον
3226 1274 3283 1328 δὲ
3328 1274 3726 1345 μεσουρανοῦσι

2154 1364 2246 1418 τοῦ
2291 1382 2350 1418 τε
2388 1365 2684 1435 Δράκοντος
2713 1365 2742 1417 6
2784 1363 3094 1436 νοτιώτερος
3143 1366 3429 1436 κρόταφος,
3477 1367 3576 1418 καὶ
3627 1365 3730 1419 τοῦ

2161 1457 2392 1524 Ὄφεως,
2427 1457 2485 1511 6v
2517 1456 2628 1527 ἔχει
2666 1458 2694 1509 6
2728 1456 3006 1528 Ὀφιοῦχος
3035 1459 3064 1511 6
3095 1458 3152 1510 ὲν
3183 1457 3326 1529 ἄκρᾳ
3343 1460 3409 1528 τῇ
3441 1458 3602 1528 οὐρᾷ,
3630 1460 3728 1511 καὶ

2155 1546 2249 1600 τοῦ
2275 1547 2500 1611 Τοξότου
2530 1550 2558 1601 6
2589 1546 2885 1618 ἡγούμενος
2919 1549 3025 1602 τῶν
3063 1548 3122 1602 ὲν
3156 1551 3220 1621 τῇ
3259 1549 3533 1619 ὲφαπτίδι.
3567 1549 3730 1604 Δύνει

2157 1638 2214 1692 δὲ
2247 1641 2275 1692 6
2305 1639 2497 1710 Ὕδρος
2529 1641 2586 1692 έν
2616 1638 2784 1710 ὥραις
2804 1640 2866 1693 δ’.

2231 1731 2335 1784 Τοῦ
2361 1731 2415 1784 δὲ
2448 1731 2731 1804 Κρατῆρος
2748 1731 3009 1795 δύνοντος,
3034 1731 3418 1802 συγκαταδύνει
3452 1731 3552 1804 μὲν
3575 1733 3732 1804 αὑτῷ

2093 1801 2134 1854 Β
2161 1825 2189 1878 6
2222 1823 2482 1889 ζωδιακὸς
2505 1801 2612 1877 ἀπὸ
2625 1801 2905 1895 »Καρκίνου
2936 1825 3043 1895 μοι.
3087 1801 3136 1878 σι’
3168 1825 3260 1879 καὶ
3283 1833 3330 1879 κ’
3353 1801 3464 1890 ἕως.
3495 1801 3732 1891 Λέοντοῦ

2166 1923 2231 1986 ιγ’
2262 1917 2430 1987 μέσης
2454 1933 2466 1946 ·
2497 1919 2813 1986 μεσουρανεί
2835 1916 2891 1970 δὲ
2913 1916 3019 1970 ἀπὸ
3046 1917 3140 1970 τοῦ
3159 1917 3423 1989 Σκορπίου
3455 1916 3520 1989 ιβ’
3554 1918 3733 1989 μέσης

2160 2007 2264 2070 ἓως
2298 2007 2526 2071 Τοξότου
2556 2007 2743 2079 ἀρχῆς.
2804 2007 2913 2061 Καὶ
2945 2015 2993 2061 α’
3023 2009 3119 2078 μὲν
3164 2009 3336 2080 ἀστὴρ
3383 2010 3531 2063 δύνει
3578 2012 3608 2063 6
3640 2011 3732 2080 βο·

2164 2099 2430 2170 ρειότερος
2456 2098 2564 2151 τῶν
2599 2102 2657 2152 ὲν
2686 2102 2750 2170 τῇ
2799 2100 2971 2170 βάσει,
3008 2099 3230 2171 ἔσχατος
3254 2101 3310 2154 δὲ
3345 2103 3374 2154 6
3405 2104 3732 2173 νοτιώτερος

2161 2191 2256 2242 καὶ
2284 2192 2312 2242 6
2336 2190 2666 2261 βορειότερος
2690 2189 2796 2243 τῶν
2823 2191 2880 2243 ἐν
2923 2191 3001 2262 τῷ
3033 2192 3202 2245 κύτει.
3238 2191 3648 2264 Μεσουρανοῦσι
3674 2193 3733 2247 δὲ

2160 2279 2267 2334 τῶν
2297 2280 2466 2335 ἄλλων
2504 2281 2742 2352 ἀστέρων
2774 2281 2831 2334 ὲν
2867 2282 3008 2353 ἀρχῇ
3045 2283 3142 2353 μὲν
3179 2282 3269 2336 τοῦ
3302 2284 3573 2355 Σκορπίου
3614 2287 3647 2339 6
3681 2293 3732 2353 γ’

2161 2373 2255 2427 καὶ
2285 2374 2312 2424 6
2339 2379 2379 2424 ε’
2414 2371 2699 2442 σφόνδυλος
2726 2373 2832 2426 τῶν
2863 2374 2997 2443 μετὰ
3031 2375 3089 2428 τὸ
3129 2375 3339 2446 στῆθος,
3373 2376 3468 2429 καὶ
3497 2376 3593 2430 τοῦ
3637 2379 3734 2431 Ἐν

2161 2463 2377 2532 γόνασιν
2414 2465 2442 2516 6
2470 2469 2517 2532 γ’
2544 2463 2650 2517 ἀπὸ
2693 2464 2786 2516 τοῦ
2839 2463 3010 2528 δεξιοῦ
3060 2463 3232 2535 ὤμου,
3275 2465 3332 2518 ὲν
3358 2465 3437 2536 τῷ
3484 2467 3733 2538 βραχίονι

2161 2555 2427 2625 κείμενος,
2465 2554 2866 2626 προηγούμενος
2892 2556 2950 2608 δὲ
2976 2555 3068 2609 τοῦ
3101 2556 3470 2628 μεσημϐρινοῦ
3502 2559 3580 2622 ὼς
3601 2561 3734 2630 ἡμι-

2162 2648 2352 2717 πήχιον
2375 2664 2390 2677 ο
2436 2646 2658 2718 ἔσχατον
2705 2648 2760 2701 δὲ
2801 2647 2892 2701 τοῦ
2919 2664 2978 2701 τε
3016 2648 3102 2702 Ἑν
3133 2648 3350 2717 γόνασιν
3376 2652 3405 2702 6
3446 2651 3502 2702 ἐν
3529 2653 3596 2720 τῇ
3637 2654 3729 2705 ἐκ·

2162 2739 2319 2808 φύσει
2351 2739 2443 2793 τοῦ
2478 2739 2763 2811 ἀριστεροῦ
2796 2739 2990 2810 μηροῦ,
3035 2741 3128 2793 καὶ
3173 2739 3266 2792 τοῦ
3313 2741 3480 2807 Τὸξου
3514 2744 3546 2812 ἡ
3579 2743 3727 2807 ἀκίς.

2162 2831 2314 2885 Δύνει
2342 2833 2398 2886 δὲ
2425 2834 2453 2886 6
2491 2832 2715 2904 Κρατὴρ
2740 2833 2796 2884 ὲν
2820 2830 2936 2903 ὥρᾳ
2961 2837 3008 2885 α’
3034 2832 3126 2884 καὶ
3155 2838 3202 2900 γ’
3238 2832 3417 2902 μέρει.

2232 2923 2336 2976 Τοῦ
2377 2923 2432 2976 δὲ
2461 2924 2708 2995 Κόρακος
2735 2922 2998 2987 δύνοντος,
3043 2923 3426 2991 συγκαταδύνει
3458 2923 3558 2993 μὲν
3580 2923 3733 2995 αὐτῷ

2163 3014 2192 3066 6
2228 3015 2486 3080 ζωδιακὸς
2518 3015 2624 3069 61:6
2655 3015 2878 3078 Λέοντος
2913 3014 2995 3068 κθ¹
3042 3015 3152 3085 μοί.
3197 3015 3365 3086 μέσης
3403 3015 3509 3078 ἓως
3535 3016 3733 3086 Χηλῶν

512 3096 638 3150 tarii
690 3097 758 3151 10
793 3097 861 3152 ad
913 3100 1143 3156 mediam
1189 3103 1508 3173 Capricorni
1563 3105 1616 3162 6.
1664 3105 1821 3161 Prior
1868 3108 2066 3164 occidit

2167 3113 2262 3160 ια”
2300 3111 2618 3180 μεσουρανεί
2643 3108 2699 3160 δὲ
2749 3107 2856 3160 ἀπὸ
2902 3105 3126 3172 Τοξότου
3161 3113 3191 3159 ι’
3220 3106 3326 3170 ἕως
3352 3105 3638 3177 Δίγόκερω
3683 3115 3735 3172 ς’

515 3187 690 3254 stella,
731 3202 849 3257 qua:
883 3189 936 3242 in
968 3192 1364 3261 posterioribus
1399 3193 1712 3262 femoribus,
1742 3197 2062 3264 novissima,

433 3269 438 3274 ’
515 3277 815 3334 succedens
860 3295 1067 3346 earum,
1099 3298 1219 3353 quae
1253 3292 1380 3339 sunt
1419 3285 1474 3339 in
1518 3287 1716 3356 capite.
1755 3289 2066 3346 Culminant

515 3368 746 3424 aliarum
797 3373 1110 3439 stellarum,
1175 3375 1442 3446 principio
1497 3379 1714 3448 quidem
1778 3379 2064 3447 Draconis,

515 3474 636 3528 quae
667 3469 751 3516 est
789 3461 846 3517 in
879 3463 1040 3529 rictu,
1083 3467 1394 3534 praecedens
1430 3471 1787 3526 meridianum
1833 3477 2069 3532 semicu~

515 3550 630 3606 bito
685 3552 838 3622 fere;
876 3556 1002 3612 item
1060 3558 1357 3628 Ingeniculi
1409 3562 1579 3617 cubiti
1627 3563 1838 3620 sinistri
1868 3565 2064 3634 ﬂexus,

517 3640 836 3700 semicubito
859 3645 1072 3702 circiter
1087 3649 1411 3705 antecedens
1438 3652 1827 3721 meridianum;
1860 3665 2068 3726 postre-

517 3745 627 3795 ma,
657 3735 962 3802 praecedens
990 3737 1288 3794 lucidarum
1314 3741 1500 3807 trium,
1525 3760 1644 3814 quae
1664 3752 1790 3800 sunt
1818 3745 1872 3800 in
1895 3747 2069 3817 prima

517 3823 666 3890 epira
709 3823 1003 3895 Draconis;
1030 3845 1129 3885 nec
1166 3845 1277 3886 non
1307 3847 1391 3897 ea,
1426 3849 1546 3906 quae
1572 3844 1656 3891 est
1679 3837 1733 3891 in
1763 3837 1847 3890 ala
1877 3836 2068 3893 dextra

517 3911 710 3985 Cygni,
743 3917 1016 3985 paululum
1047 3920 1182 3976 citra
1215 3910 1577 3979 meridianum
1625 3926 1836 3996 posita;
1868 3935 1922 3982 et
1947 3944 2069 3998 quae

518 4002 576 4056 in
609 4005 831 4075 cuspide
861 4005 1078 4079 Sagittae
1104 4026 1118 4076 ;
1148 4011 1275 4067 item
1311 4016 1600 4072 australior
1629 4017 1684 4072 in
1711 4018 1862 4074 vultu
1885 4018 2074 4092 Capri-

519 4098 693 4153 corni.
726 4096 934 4155 Occidit
960 4102 1095 4157 Fera
1113 4102 1263 4160 boris
1288 4105 1343 4162 2.

2171 3197 2360 3269 μέσης.
2387 3199 2495 3252 Καὶ
2514 3205 2562 3250 α’
2590 3197 2687 3269 μὲν
2717 3198 2890 3270 ἀστὴρ
2909 3198 3051 3251 δύνει
3080 3201 3109 3251 6
3129 3199 3185 3251 ὲν
3205 3202 3315 3261 τοῖς
3337 3197 3604 3261 ὀπισθίοις
3628 3217 3735 3270 μη-

2171 3293 2300 3361 ροῖς,
2341 3289 2562 3360 ἔσχατος
2587 3289 2644 3342 δὲ
2671 3291 2698 3342 6
2726 3290 2988 3361 ἑπόμενος
3018 3289 3123 3343 τῶν
3151 3291 3208 3342 ἐν
3234 3292 3298 3360 τῇ
3332 3288 3562 3360 κεφαλῇ.
3586 3291 3735 3343 Μεσ-

2166 3398 2224 3433 ou
2235 3379 2448 3452 ρανοῦσι
2471 3380 2527 3434 δὲ
2548 3381 2656 3433 τῶν
2692 3380 2863 3434 ἄλλων
2892 3380 3134 3452 ἀστέρων
3173 3383 3230 3434 ὲν
3257 3381 3352 3451 μὲν
3370 3384 3437 3451 τῇ
3466 3381 3610 3452 ἀρχῇ
3632 3381 3731 3435 τοῦ

2166 3473 2464 3544 Δράκοντος
2488 3475 2515 3526 6
2535 3473 2593 3526 ὲν
2617 3472 2692 3544 τῷ
2711 3474 2946 3544 χάσματι
2971 3473 3374 3545 προηγούμενος
3395 3475 3490 3527 τοῦ
3518 3491 3734 3545 μεσημ-

2169 3563 2352 3636 ϐρινοῦ
2381 3565 2456 3628 ὥς
2485 3565 2780 3635 ἡμιπήχιον
2803 3605 2817 3629 ,
2862 3565 2955 3618 καὶ
2985 3564 3078 3619 τοῦ
3113 3566 3200 3618 Ἐν
3229 3566 3446 3632 γόνασιν
3464 3568 3493 3618 6
3515 3566 3734 3635 ἀριστε-

2171 3654 2261 3726 ρὸς
2305 3654 2512 3723 ἀγκὼν,
2551 3656 2958 3728 προηγούμενος
3020 3658 3096 3720 ὠς
3142 3659 3436 3729 ἡμιπήχιον
3486 3657 3581 3710 τοῦ
3630 3676 3728 3727 με·

2168 3749 2465 3820 σημὸρινοῦ
2490 3768 2504 3780 ·
2534 3749 2754 3820 ἔσχατον
2783 3751 2840 3804 δὲ
2873 3751 2966 3804 τοῦ
3003 3750 3301 3821 Δράκοντος
3335 3749 3444 3802 τῶν
3487 3752 3544 3803 έν
3583 3752 3650 3821 τῇ
3684 3753 3729 3802 α’

2169 3843 2368 3915 σπείρᾳ
2399 3843 2563 3913 τριῶν
2582 3842 2845 3913 λαμπρῶν
2872 3845 2900 3896 6
2926 3842 3222 3912 ἡγούμενος
3243 3839 3450 3894 καὶτοῦ
3482 3840 3731 3911 Ὄρνιθος

2169 3930 2197 3982 6
2228 3929 2284 3982 ὲν
2321 3929 2465 4002 ἄκρᾳ
2495 3933 2561 4001 τῇ
2588 3929 2735 4001 δεξιᾷ
2780 3930 3029 4001 πτέρυγι,
3072 3930 3262 4001 μικρὸν
3306 3929 3730 4000 ὑπολειπόμενος

2175 4018 2269 4074 τοῦ
2299 4020 2663 4092 μεσημϐρινοῦ
2687 4038 2701 4052 ⁸
2733 4021 2825 4075 καὶ
2855 4021 2946 4074 τοῦ
2996 4020 3204 4074 Ὀῖστοῦ
3231 4020 3260 4072 6
3292 4020 3386 4074 ἐπὶ
3409 4019 3507 4089 τῆς
3524 4020 3724 4082 ἀκίδος*

2177 4112 2384 4165 καὶτοῦ
2408 4114 2684 4185 Αίγόκερω
2711 4114 2739 4166 6
2763 4112 3074 4185 νοτιώτερος
3103 4113 3210 4167 τῶν
3242 4113 3300 4166 ὲν
3325 4111 3403 4183 τῷ
3431 4111 3719 4183 προσώπῳ.

2176 4200 2330 4256 Δύνει
2352 4203 2409 4257 δὲ
2437 4203 2497 4257 τὸ
2523 4203 2720 4276 Θηριον
2753 4205 2812 4259 ὲν
2843 4205 3011 4277 ὥραις
3033 4205 3171 4260 δυσί.

1559 4304 1758 4360 Desunt
1785 4306 1869 4359 hic
1895 4309 2159 4363 asterismi
2191 4311 2441 4370 Centauri
2465 4325 2514 4370 et
2544 4315 2715 4372 Ferre.

594 4417 678 4472 Vl.
721 4421 828 4474 Ara
865 4417 1148 4474 occidente
1197 4418 1450 4477 zodiacus
1491 4435 1522 4475 a
1563 4419 1758 4476 Leonis
1786 4421 1962 4476 media
2003 4422 2066 4477 19

2243 4433 2332 4498 ς’.
2369 4430 2472 4485 Τοῦ
2522 4431 2578 4485 δὲ
2621 4432 2988 4505 Θυμιατηρίου
3037 4434 3302 4502 δύνοντος,
3339 4432 3724 4503 συγκαταδύνει

523 4509 592 4564 ad
628 4510 916 4566 Chelarum
955 4510 987 4564 9
1025 4509 1412 4578 absconditur;
1453 4513 1766 4567 culminata
1791 4512 2071 4582 Sagittarii

525 4603 558 4659 5
587 4603 653 4657 ad
681 4601 1000 4673 Capricorni
1043 4603 1276 4658 mediam
1314 4604 1364 4658 9.
1394 4603 1573 4659 Prima
1621 4604 1821 4660 occidit
1859 4612 2074 4660 austra-

523 4694 628 4748 lior
654 4709 838 4750 earum
869 4710 988 4762 quae
1029 4695 1084 4750 in
1118 4696 1378 4766 margine,
1417 4698 1713 4768 eademque
1750 4697 1953 4768 dupla;
1993 4697 2076 4753 ul-

524 4785 657 4838 tima
687 4785 958 4840 borealior
984 4802 1170 4841 earum
1198 4803 1316 4857 qua:
1347 4789 1404 4843 in
1435 4789 1574 4844 basi.
1594 4789 1907 4844 Culminant
1938 4791 2074 4844 alia-

527 4889 649 4929 rum
695 4877 972 4932 stellarum
1013 4877 1168 4932 initio
1218 4879 1433 4949 quidem
1486 4880 1689 4946 lucida,
1735 4896 1856 4950 qua:
1896 4891 1981 4936 est
2021 4882 2076 4937 in

527 4966 750 5024 sinistro
782 4967 1080 5040 lngeniculi
1123 4969 1345 5036 femore,
1386 4977 1440 5025 et
1483 4972 1657 5026 media
1703 4987 1913 5036 earum,
1957 4988 2080 5042 qua:

529 5067 659 5115 sunt
691 5061 749 5114 in
782 5075 915 5115 arcu
957 5061 1234 5133 Sagittarii
1269 5081 1282 5116 :
1316 5063 1507 5118 ultima
1539 5064 1844 5119 lucidarum
1871 5081 1992 5135 qua:
2022 5067 2077 5120 in

530 5151 756 5220 genibus
781 5154 1088 5210 australior.
1120 5155 1450 5214 OcciditAra
1482 5157 1696 5214 duabus
1719 5158 1866 5214 horis
1898 5165 1952 5213 et
1975 5158 2079 5216 ω’.

603 5439 831 5507 Quando
857 5439 1033 5498 Piscis
1060 5441 1314 5497 australis
1339 5439 1560 5503 occidit,
1591 5454 1715 5494 cum
1751 5452 1816 5494 eo
1852 5437 2080 5492 descen-

535 5528 610 5584 dit
641 5531 896 5587 zodiacus
929 5548 960 5587 a
988 5530 1261 5601 Sagittarii
1289 5539 1442 5602 parte
1471 5530 1541 5584 24
1566 5530 1631 5584 ad
1665 5526 1983 5599 Capricorni
2014 5526 2086 5581 18,

536 5620 769 5676 mediam
793 5636 808 5684 ;
843 5621 1105 5676 eulminat
1133 5635 1162 5674 a
1189 5620 1425 5677 Piscium
1457 5620 1490 5674 5
1525 5619 1590 5673 ad
1619 5617 1820 5673 Arietis
1847 5617 1902 5672 2.
1924 5615 2081 5671 Prior

537 5709 738 5770 occidit
772 5710 948 5782 stella,
977 5713 1299 5777 lucidarum,
1343 5727 1463 5783 quae
1501 5711 1560 5767 in
1596 5709 1770 5767 cauda
1811 5719 1958 5778 sunt,
1988 5725 2083 5764 au-

2177 4521 2274 4593 μὲν
2299 4523 2326 4574 6
2354 4523 2611 4588 ζωδιακὸς
2636 4525 2741 4578 ἀπὸ
2772 4526 3002 4590 Ἁέοντος
3040 4527 3103 4581 ιϐ’
3148 4527 3256 4598 μοί.
3292 4527 3462 4598 μέσης
3488 4527 3589 4591 ἕως
3615 4528 3730 4596 Χη-

2171 4613 2276 4667 λῶν
2307 4615 2349 4668 θ¹
2369 4633 2381 4643 ·
2419 4621 2736 4688 μεσουρανεῖ
2759 4618 2816 4671 δὲ
2851 4619 2958 4673 ἀπὸ
2983 4618 3206 4683 Τοξότου
3249 4625 3289 4670 ε’
3319 4619 3422 4682 ἕως
3451 4619 3731 4689 Αίγόκερω

2173 4707 2219 4761 θ’
2255 4707 2442 4780 μέσης.
2473 4710 2578 4763 Καὶ
2613 4709 2824 4781 πρῶτος
2857 4710 2953 4781 μὲν
2982 4710 3153 4781 ἀστὴρ
3183 4710 3328 4763 δύνει
3355 4711 3384 4762 ό
3417 4709 3730 4779 νοτιώτερος

2172 4799 2279 4854 τῶν
2317 4803 2372 4854 ἐν
2404 4800 2479 4872 τῷ
2504 4801 2667 4871 χείλει
2706 4802 2799 4855 καὶ
2827 4802 3042 4866 διπλοῦς
3065 4820 3077 4832 ·
3114 4802 3336 4873 ἔσχατος
3367 4801 3423 4855 δὲ
3469 4805 3499 4855 6
3526 4801 3730 4874 βορειό-

2172 4909 2330 4963 τερος
2356 4891 2462 4945 τῶν
2484 4893 2540 4944 ἐν
2566 4895 2630 4964 τῇ
2657 4893 2824 4963 βάσει.
2869 4892 3270 4964 Μεσουρανοῦσι
3315 4892 3374 4946 δὲ
3414 4891 3524 4946 τῶν
3559 4893 3732 4946 ἀλλων

2174 4980 2418 5050 ἀστέρων
2451 4982 2506 5033 ὲν
2534 4981 2630 5050 μὲν
2660 4984 2722 5051 τῇ
2750 4983 2887 5052 ἀρχῇ
2914 4979 3006 5034 τοῦ
3035 5000 3093 5036 τε
3139 4982 3225 5034 Ἐν
3252 4981 3471 5049 γόνασδν
3504 4981 3534 5034 6
3573 4982 3632 5034 ὲν
3657 4980 3732 5050 τῷ

2176 5070 2446 5142 ἀριστερῷ
2475 5071 2631 5143 μηρῷ
2663 5071 2932 5142 λαμπρὸς,
2968 5074 3061 5127 καὶ
3105 5072 3198 5125 τοῦ
3230 5071 3455 5136 Τοξότου
3499 5071 3528 5122 6
3572 5071 3734 5141 μέσος

2175 5161 2282 5214 τῶν
2309 5163 2366 5214 ἐν
2393 5161 2470 5232 τῷ
2501 5161 2636 5232 τόξῳ
2654 5179 2667 5191 ·
2704 5161 2926 5232 ἔσχατον
2963 5163 3018 5215 δὲ
3045 5163 3137 5216 τοῦ
3170 5163 3447 5232 Αίγόκερω
3492 5163 3521 5213 ό
3547 5161 3732 5213 νοτ-ιὼ-

2175 5269 2330 5323 τερος
2353 5253 2460 5304 τῶν
2485 5254 2542 5305 ἐν
2577 5256 2687 5315 τοῖς
2715 5255 2901 5321 γόνασι
2937 5255 3218 5326 λαμπρῶν.
3254 5253 3406 5306 Δύνει
3436 5252 3493 5305 δὲ
3528 5253 3590 5306 τὸ
3629 5254 3732 5308 Θυ-

2179 5344 2463 5414 μιατήριον
2485 5344 2542 5395 ἐν
2569 5342 2736 5414 ὥραις
2762 5343 2806 5414 β’
2843 5346 2933 5398 καὶ
2964 5351 3016 5410 ς’
3045 5346 3219 5417 μέρει.

2188 5476 2192 5479 .
2251 5433 2416 5486 Ὅταν
2447 5434 2503 5486 δὲ
2540 5435 2568 5485 6
2614 5434 2784 5498 νότιος
2819 5435 2989 5505 ’ἰχθὺς
3033 5435 3182 5510 δύνῃ,
3218 5438 3608 5504 συγκαταδύνει
3637 5435 3732 5507 μὲν

2177 5523 2322 5592 αὐτῷ
2358 5525 2387 5576 6
2436 5523 2694 5587 ζωδιακὸς
2744 5525 2852 5578 ἀπὸ
2903 5526 3127 5594 Τοξότου
3172 5527 3279 5598 μοί.
3324 5527 3367 5580 6'
3403 5528 3496 5581 καὶ
3538 5534 3586 5580 κ’
3631 5527 3733 5589 ἕως

2179 5614 2455 5686 Αίγόκερω
2480 5621 2548 5685 ιη’
2575 5616 2772 5686 μέσης⁹
2801 5622 3121 5690 μεσουρανεῖ
3137 5619 3192 5673 δὲ
3223 5620 3330 5674 ἀπὸ
3367 5620 3583 5691 Ἰχθύων
3619 5620 3726 5691 μοί.

2180 5715 2227 5776 γ’
2254 5707 2358 5772 ἕως
2396 5709 2563 5782 Κριοῦ
2600 5710 2712 5781 μοί.
2759 5709 2821 5781 β’.
2855 5711 2965 5764 Καὶ
3003 5719 3050 5766 α’
3087 5713 3184 5784 μὲν
3223 5713 3395 5785 ἀστὴρ
3421 5712 3565 5769 δύνει
3591 5715 3620 5767 6
3645 5728 3732 5767 vo—
