4044 6220
304 401 442 457 1117

1254 400 1622 458 lllPPARClll
1664 403 1752 457 AD
1789 400 2236 458 PIUENOME‘NA
2274 401 2402 455 LIB.
2443 402 2534 456 IIl.

3385 411 3520 468 lll8

299 513 559 583 τιώτερος
584 511 691 566 τῶν
727 514 786 566 ἐν
821 516 886 584 τῇ
919 513 1052 585 ούρᾷ
1073 515 1359 588 λαμπρῶν,
1405 518 1625 590 ἔσχατος
1663 519 1719 571 δὲ
1754 521 1783 571 6
1809 519 1866 572 ὲν

1976 515 2235 582 stralior;
2279 514 2471 567 ultima
2513 529 2661 577 vero,
2698 513 3031 570 lucidissima
3064 514 3249 570 rostri.
3288 514 3366 571 Ex
3398 519 3519 574 aliis

301 604 381 674 τῷ
409 603 600 674 ῥύγχει
634 603 881 674 λαμπρὸς
917 606 1139 677 σφόδρα.
1185 608 1523 679 Μεσουρανεί
1551 608 1607 661 δὲ
1638 607 1744 661 τῶν
1775 609 1865 661 ἄλ-

301 698 410 748 λων
441 696 681 766 ἀστέρων
710 699 767 749 ὲν
801 699 938 768 ἀρχῇ
985 699 1081 767 μὲν
1122 697 1231 751 τῶν
1259 699 1471 770 Ἰχθύων
1504 700 1598 752 τοῦ
1623 700 1865 753 νοτιωτέ-

305 803 400 855 ρου
427 788 455 838 6
482 787 537 837 ἐν
561 786 705 857 ἄκρᾳ
727 789 792 857 τῇ
817 789 950 860 οὐρᾷ
967 805 980 818 ο
1012 788 1233 860 ἔσχατον
1269 791 1324 843 δὲ
1350 791 1448 860 τῆς
1486 809 1545 844 τε
1586 792 1866 863 Ἀνδρομέ-

302 876 399 939 δας
418 880 446 930 6
476 879 762 949 ἀριστερὸς
794 879 947 943 ποῦς,
975 881 1067 933 κοιλ⁴
1103 881 1194 934 τοῦ
1225 882 1394 954 Κριοῦ
1414 886 1441 936 6
1481 885 1642 953 μέσος
1673 884 1779 937 τῶν
1807 887 1866 938 ὲν

302 971 370 1038 τῇ
402 968 630 1039 κεφαλῇ,
663 971 753 1023 καὶ
778 971 868 1023 τοῦ
897 973 954 1025 ὲν
986 973 1062 1043 τῷ
1109 975 1275 1044 Κήτει
1303 961 1700 1046 τετραπλεύρου
1728 979 1756 1028 6
1781 992 1867 1028 vo-

302 1058 560 1131 τιώτερος
594 1061 702 1114 τῶν
738 1063 1034 1133 ἑπομένων.
1076 1065 1230 1119 Δύνει
1273 1066 1330 1119 δὲ
1363 1069 1390 1119 ὀ
1426 1068 1596 1137 Ἰχθὺς
1647 1070 1704 1121 ὲν
1749 1068 1869 1140 ὥρᾳ

303 1154 351 1199 α’
375 1148 469 1199 καὶ
497 1148 537 1199 δ’
567 1151 1019 1222 πεμπτημορίοις.

375 1238 480 1291 Τοῦ
512 1239 566 1292 δὲ
589 1241 801 1310 Κήτους
827 1240 1089 1308 δύνοντος,
1120 1246 1508 1312 συγκαταδύνει
1537 1248 1633 1317 μὲν
1660 1247 1807 1318 αὐτῷ
1839 1249 1869 1300 6

306 1328 566 1392 ζωδιακὸς
604 1330 710 1385 61:6
755 1331 1036 1403 ’Υδροχόου
1087 1333 1194 1404 μοί.
1240 1341 1291 1405 η’
1338 1337 1429 1389 καὶ
1466 1343 1512 1390 κ’
1552 1337 1720 1408 μέσης
1762 1337 1867 1400 ἕως

303 1417 478 1488 Κριοῦ
506 1419 563 1470 ιδ’
589 1436 602 1449 ο
644 1424 966 1492 μεσουρανεί
989 1422 1044 1474 δὲ
1074 1423 1181 1476 ἀπὸ
1229 1425 1440 1498 Ταύρου
1482 1428 1590 1498 μοί.
1625 1426 1669 1496 β’
1702 1427 1793 1480 καὶ
1819 1433 1864 1479 κ’

304 1508 411 1571 ἕως
443 1508 713 1579 Καρκίνου
746 1511 854 1580 μοί.
909 1518 965 1564 ιε’
999 1512 1191 1582 μέσης.
1229 1516 1336 1568 Καὶ
1376 1524 1423 1569 α’
1458 1518 1555 1587 μὲν
1585 1516 1753 1588 ἀστὴρ
1779 1516 1864 1570 δύ-

304 1616 418 1657 νειν
448 1599 672 1670 ἄρχεται
706 1602 733 1653 6
773 1601 1086 1674 νοτιώτερος
1112 1605 1220 1658 τῶν
1262 1609 1320 1660 ἐν
1352 1611 1417 1679 τῇ
1449 1609 1604 1680 οὐρᾷ,
1644 1610 1867 1680 ἔσχατος

301 1689 362 1743 δὲ
385 1691 413 1742 6
449 1691 710 1762 ἑπόμενος
730 1691 837 1745 τῶν
864 1693 920 1746 ὲν
957 1694 1036 1765 τῷ
1071 1694 1262 1768 βορείῳ
1300 1697 1527 1768 χελυνίῳ
1555 1700 1619 1752 “.
1652 1701 1866 1752 Μεσου-

306 1781 524 1856 ρανοῦσι
549 1781 606 1834 δὲ
642 1782 755 1836 τῶν
793 1783 966 1839 ἄλλων
1000 1786 1242 1858 ἀστέρων
1281 1790 1337 1840 ὲν
1379 1789 1475 1860 μὲν
1506 1793 1570 1861 τῇ
1600 1791 1738 1860 ἀρχῇ
1772 1789 1864 1842 τοῦ

1965 605 2134 661 stellis
2159 605 2480 669 culminant,
2516 604 2688 670 initio,
2723 620 2842 674 qua).
2876 613 2960 660 est
2991 605 3045 659 iu
3080 615 3320 661 extrema
3347 609 3521 663 cauda

1969 697 2316 752 australioris
2353 696 2632 762 Piscium;
2683 705 2979 766 postremo,
3020 697 3381 754 Andromeda:
3425 715 3523 770 pes

1965 789 2185 845 sinister
2219 807 2234 857 ;
2275 797 2327 844 et
2359 788 2533 843 media
2551 803 2768 852 earum,
2802 803 2922 858 qua:
2953 789 3007 842 in
3037 791 3212 859 capite
3245 799 3371 846 sunt
3410 791 3522 845 An-

1964 880 2256 945 dromeda),
2293 887 2346 935 et
2372 879 2638 942 laterculi,
2678 879 2823 950 quod
2861 887 2944 935 est
2976 881 3028 934 in
3051 881 3204 946 Ceto,
3229 883 3521 940 succeden-

1964 972 2098 1026 tium
2127 970 2437 1026 australior.
2465 969 2675 1026 Occidit
2703 970 2879 1028 Piscis
2901 972 3035 1027 hora
3060 973 3110 1039 l,
3131 975 3214 1029 48'

2031 1251 2323 1313 Occidente
2369 1251 2535 1322 Cetd,’
2561 1254 2793 1313 cum'eo
2836 1257 3116 1314 descendit
3153 1260 3408 1317 zodiacus
3453 1263 3521 1318 ab

1964 1348 2186 1419 Aquarii
2226 1355 2377 1417 parte
2406 1347 2476 1401 28
2509 1347 2684 1402 media
2725 1348 2791 1402 ad
2821 1349 3020 1405 Arietis
3057 1350 3152 1415 l4;
3200 1352 3461 1406 culminat
3491 1369 3522 1408 a

1965 1441 2128 1496 Tauri
2168 1440 2238 1494 22
2271 1439 2338 1494 ad
2379 1440 2573 1494 Cancri
2614 1440 2680 1495 15
2737 1441 2988 1496 inediam.
3031 1441 3290 1500 Occidere
3336 1445 3524 1516 incipit

1966 1531 2260 1585 australior
2284 1546 2470 1587 earum
2515 1548 2636 1602 qua:
2665 1541 2794 1588 sunt
2825 1533 2880 1586 in
2912 1532 3085 1586 cauda
3111 1551 3126 1600 ;
3167 1535 3354 1589 ultima
3399 1551 3522 1592 suc-

1965 1620 2161 1676 cedens
2188 1623 2241 1675 in
2265 1622 2468 1678 boreali
2503 1639 2746 1680 convexo
2768 1626 2922 1696 136
2940 1628 3094 1697 tergi.
3113 1626 3431 1683 Culminant
3454 1644 3520 1684 ex

1966 1713 2086 1768 aliis
2127 1715 2320 1782 stellis,
2355 1716 2513 1771 initio
2553 1716 2792 1787 quidem,
2839 1719 3129 1773 australior
3174 1733 3361 1774 earum
3403 1736 3523 1791 quae

1967 1816 2092 1860 sunt
2125 1807 2180 1861 in
2213 1808 2430 1880 Aurigae
2452 1810 2630 1880 capite
2658 1817 2712 1865 et
2739 1809 2932 1866 dextro
2969 1811 3124 1881 pede,
3154 1811 3343 1865 ultima
3374 1828 3523 1879 vero,

301 1891 362 1928 τε
404 1875 643 1946 Ἡνιόχου
673 1877 701 1928 6
725 1876 1039 1948 νοτιῶτερος
1075 1879 1183 1932 τῶν
1215 1881 1272 1932 ὲν
1294 1883 1357 1950 τῇ
1394 1882 1600 1952 κεφαλῇ
1633 1882 1725 1935 καὶ
1755 1883 1783 1934 6
1809 1883 1865 1934 ὲν

1976 1898 2144 1952 lucida
2184 1915 2305 1969 quae
2334 1907 2419 1956 est
2468 1902 2523 1956 in
2552 1902 2928 1960 anterioribus
2967 1904 3220 1958 cruribus
3261 1902 3431 1970 Ursae,
3470 1915 3528 1962 et

301 1962 381 2032 τῷ
409 1963 567 2034 δεξιῷ
592 1963 732 2028 ποδὶ,
769 1964 995 2035 ἔσχατος
1027 1966 1082 2019 δὲ
1126 1969 1224 2039 τῆς
1253 1986 1312 2021 τε
1346 1970 1577 2040 Ἄρκτου
1602 1971 1630 2022 6
1662 1972 1719 2023 ὲν
1754 1973 1864 2034 τοῖς

304 2055 655 2126 ἐμπροσθίοις
679 2055 890 2108 σκέλεσι
922 2056 1190 2130 λαμπρὸς,
1236 2061 1328 2112 καὶ
1367 2061 1466 2131 τῆς
1506 2061 1728 2132 Ἀργοῦς
1753 2063 1781 2113 6
1808 2063 1865 2114 ἐν

307 2147 456 2217 μέσῳ
506 2146 614 2198 τῶν
662 2146 854 2217 τοίχων
903 2147 1170 2220 λαμπρὸς,
1202 2151 1602 2221 προηγούμενος
1639 2151 1731 2205 τοῦ
1773 2169 1868 2222 με-

303 2238 605 2311 σημϐρινοῦ
626 2239 700 2302 ὥς
741 2241 1056 2310 ἡμιπήχιον.
1095 2241 1247 2295 Δύνει
1267 2243 1323 2296 δὲ
1344 2242 1402 2295 τὸ
1422 2243 1600 2313 Κῆτος
1620 2245 1676 2298 ὲν
1699 2243 1869 2316 ὥραις

299 2330 342 2386 δ’
375 2330 685 2395 λειπούσαις
717 2331 765 2402 η’
798 2331 971 2402 μέρει.

373 2421 480 2475 Τοῦ
509 2422 564 2476 δὲ
597 2421 846 2494 Ὠρίωνος
872 2421 1135 2487 δύνοντος,
1176 2425 1560 2494 συγκαταδύνει
1594 2426 1691 2496 μὲν
1723 2427 1870 2499 αὑτῷ

302 2516 332 2568 6
364 2513 622 2578 ζωδιακὸς
655 2513 762 2567 ἀπὸ
786 2513 996 2585 Ταύρου
1028 2516 1135 2585 μοί.
1173 2515 1216 2579 ζ’
1250 2517 1354 2580 ἕως
1401 2518 1612 2589 Ταύρου
1657 2519 1765 2589 μοί.
1802 2519 1864 2572 λ”

307 2609 628 2676 μεσουρανεῖ
649 2605 705 2660 δὲ
738 2607 844 2660 61:6
892 2608 1119 2670 Λέοντος
1172 2608 1282 2678 μοί.
1331 2607 1395 2678 ιβ’
1440 2608 1544 2672 ἓως
1594 2611 1868 2682 Παρθένου

307 2697 419 2767 μοί.
457 2703 542 2765 ιγ’.
576 2698 683 2751 Καὶ
725 2705 772 2750 α’
809 2697 908 2768 μὲν
939 2699 1110 2769 ἀστὴρ
1137 2698 1279 2752 δύνει
1317 2701 1345 2752 6
1382 2702 1439 2755 ἐν
1477 2701 1554 2771 τῷ
1599 2703 1870 2775 ἀριστερῷ

305 2785 444 2850 1:061,
475 2785 690 2857 ἔσχατοι
713 2786 769 2838 δὲ
791 2789 838 2840 οἱ
863 2779 1189 2859 βορειότατοι
1211 2787 1318 2841 τῶν
1345 2791 1400 2841 ἐν
1428 2789 1506 2860 τῷ
1542 2791 1866 2863 κολλορόϐῳ.

303 2869 788 2950 Meo-669611066166
812 2879 919 2933 τῶν
947 2880 1119 2935 ἄλλων
1145 2881 1388 2951 ἀστέρων
1419 2883 1476 2935 ὲν
1506 2884 1604 2954 μὲν
1629 2887 1693 2955 τῇ
1729 2886 1868 2957 ἀρχῇ

302 2968 404 3038 τῆς
433 2969 671 3040 μεγάλης
701 2971 933 3042 ’Ἄρκτου
963 2973 991 3024 6
1019 2973 1077 3025 ὲν
1116 2976 1226 3036 τοῖς
1245 2973 1509 3038 ὀπισθίοις
1539 2975 1744 3043 γόνασι,
1778 2979 1872 3030 καὶ

303 3058 400 3113 τοῦ
426 3060 650 3125 Λέοντος
672 3061 700 3113 6
727 3063 834 3115 61:6
865 3064 1015 3117 νότου
1045 3063 1124 3135 τῷ
1152 3065 1245 3118 ἐπὶ
1279 3066 1376 3137 τῆς
1417 3068 1613 3136 ὀσφύος
1639 3066 1872 3140 λαμπρῷ

305 3151 741 3222 παρακείμενος,
776 3153 999 3224 ἔσχατος
1044 3156 1100 3208 δὲ
1141 3160 1240 3228 τῆς
1271 3158 1546 3229 Παρθένου
1591 3161 1619 3212 6
1667 3160 1873 3232 βορειό-

303 3260 461 3314 τερος
488 3237 656 3315 ὦμος.
694 3245 848 3300 Δύνει
895 3247 952 3300 δὲ
990 3250 1018 3300 6
1063 3248 1252 3319 Ὠρίων
1301 3251 1358 3303 ὲν
1402 3249 1574 3322 ὥραις
1614 3251 1765 3307 δυσὶν
1801 3253 1877 3318 ὼς

306 3334 552 3404 ἔγγιστα.

379 3431 544 3485 Ὅταν
565 3429 622 3484 66
650 3432 679 3484 6
709 3430 818 3486 61:6
847 3430 937 3485 τοῦ
983 3430 1233 3503 Ὠρίωνος
1260 3433 1510 3504 Ποταμὸς
1555 3433 1707 3508 δύνῃ,
1749 3452 1882 3506 οὐγι⁹

306 3522 591 3577 καταδύνει
620 3523 717 3594 μὲν
745 3523 891 3594 αὑτῷ
931 3526 959 3577 6
992 3523 1251 3589 ζωδιακὸς
1285 3524 1392 3578 ἀπὸ
1423 3524 1640 3595 Ἰχθύων
1679 3526 1788 3597 μοί.
1832 3527 1878 3592 ζ’

307 3614 413 3678 ἓως
451 3613 664 3685 Ταύρου
717 3615 827 3686 μοι.
873 3621 914 3668 ε’
954 3615 1153 3686 μέσης·
1193 3619 1515 3686 μεσουρανεῖ
1553 3617 1610 3670 δὲ
1651 3617 1759 3671 ἀπὸ
1790 3620 1880 3672 Δι-

307 3707 493 3778 δύμων
540 3706 579 3760 6F
607 3707 711 3771 ἓως
761 3707 986 3771 Λέοντος
1023 3713 1054 3760 ι’
1103 3709 1292 3778 μέσης.
1335 3709 1445 3762 Καὶ
1497 3716 1545 3761 α’
1575 3709 1672 3780 μὲν
1707 3710 1880 3783 ἀστὴρ

305 3797 454 3852 δύνει
477 3801 506 3851 6
536 3798 833 3870 ἡγούμενος
859 3800 954 3852 καὶ
982 3798 1362 3870 λαμπρότατος
1395 3799 1632 3864 πάντων,
1657 3800 1881 3872 ἔσχατος

303 3891 368 3948 δὲ
401 3892 430 3944 6
463 3897 532 3955 α’,
565 3889 658 3944 καὶ
688 3890 796 3943 ἀπὸ
842 3890 1185 3962 μεσημϐρίας
1217 3890 1615 3961 παρακείμενος
1643 3891 1720 3962 τῷ
1762 3889 1883 3943 1:061

303 3981 406 4037 τοῦ
448 3981 718 4053 Ὠρίωνος.
751 3979 1157 4053 Μεσουρανοῦσι
1207 3980 1264 4034 δὲ
1294 3980 1402 4034 τῶν
1433 3981 1604 4036 ἄλλων
1637 3981 1883 4054 ἀστέρων

307 4075 374 4129 ἐν
408 4073 502 4143 μὲν
531 4075 598 4144 τῇ
624 4073 762 4144 ἀρχῇ
805 4073 903 4142 τῆς
931 4071 1133 4136 δύσεως
1169 4071 1275 4126 τῶν
1311 4090 1369 4126 τε
1402 4073 1645 4144 Διδύμων
1681 4076 1710 4127 6
1738 4074 1876 4146 Πρό-

309 4183 472 4229 πους,
521 4165 711 4237 μικρὸν
745 4164 1166 4236 ὑπολειπόμενος
1203 4163 1297 4217 τοῦ
1348 4163 1740 4236 μεσημϐρινοῦ,
1781 4166 1876 4219 κα)⁸

309 4254 411 4316 τοῦ
438 4253 660 4323 Λαγωοῦ
683 4255 732 4308 οἱ
762 4257 818 4308 ὲν
848 4255 993 4325 μέσῳ
1013 4253 1088 4325 τῷ
1113 4252 1324 4324 σώματι
1346 4253 1412 4324 β’·
1445 4255 1669 4325 ἔσχατον
1693 4254 1750 4308 δὲ
1783 4271 1878 4326 με·

314 4343 640 4415 σουρανοῦσι
687 4342 780 4398 τοῦ
817 4359 878 4396 τε
921 4342 1146 4406 Λέοντος
1186 4343 1215 4396 6
1259 4343 1521 4413 ἑπόμενος
1557 4344 1664 4397 τῶν
1715 4345 1773 4398 ἐν
1800 4343 1877 4416 τῷ

1965 1989 2144 2044 lucida
2191 1990 2353 2047 medii
2404 1993 2591 2050 lateris
2645 1993 2844 2064 Argus,
2885 2011 3006 2065 quze
3045 1997 3370 2052 semicubito
3415 1997 3526 2051 cir-

1965 2081 2101 2135 citer
2130 2082 2402 2136 antecedit
2437 2083 2822 2139 meridianum.
2861 2084 3074 2142 Occidit
3105 2085 3270 2144 Cetus
3293 2087 3442 2143 horis
3465 2088 3522 2153 4,

1966 2173 2149 2229 minus
2178 2181 2367 2227 octava
2389 2180 2562 2243 parte.

2039 2428 2238 2484 Orione
2283 2430 2531 2493 cadente,
2587 2444 2711 2485 cum
2757 2446 2823 2486 eo
2869 2431 3149 2489 descendit
3201 2434 3456 2491 zodiacus
3497 2450 3528 2488 a

1970 2519 2135 2573 Tauri
2184 2527 2336 2589 parte
2387 2520 2418 2572 7
2452 2520 2520 2572 ad
2571 2521 2678 2588 50;
2737 2522 3000 2577 culminat
3043 2539 3074 2577 a
3119 2523 3317 2580 Leonis
3356 2525 3422 2578 l2
3460 2526 3528 2580 ad

1970 2613 2208 2684 Virginis
2235 2613 2322 2667 15.
2357 2612 2514 2666 Prior
2543 2613 2743 2668 occidit
2779 2630 2842 2670 ea
2877 2633 2996 2685 quae
3031 2618 3188 2672 estin
3225 2620 3357 2689 pede
3397 2619 3532 2675 sini-

1971 2711 2105 2766 stro,
2159 2703 2360 2757 ultimae
2401 2717 2554 2769 vero,
2594 2717 2801 2767 earum,
2827 2719 2947 2772 qua:
2976 2713 3103 2758 sunt
3142 2706 3196 2759 in
3247 2708 3526 2763 collorobo

1970 2790 2206 2844 maxime
2234 2790 2526 2844 australes.
2555 2788 2634 2842 Ex
2664 2789 2786 2843 aliis
2816 2790 2988 2845 stellis
3020 2792 3324 2847 culminant
3349 2794 3524 2858 initio,

1971 2895 2033 2936 ea
2055 2896 2173 2951 qua:
2200 2887 2284 2936 est
2313 2880 2366 2934 in
2395 2877 2788 2950 posterioribus
2824 2881 3050 2950 genibus
3096 2881 3247 2939 Ursae
3282 2884 3527 2953 majoris,

1971 2983 2026 3030 et
2053 2989 2171 3045 qua:
2194 2975 2260 3027 ab
2289 2979 2476 3027 austro
2499 2971 2692 3025 lucida:
2712 2970 2945 3040 adjacct,
2975 2990 3095 3046 qua:
3115 2985 3198 3030 est
3222 2977 3276 3030 in
3306 2975 3528 3042 lumbis,

1973 3075 2267 3137 postremo,
2286 3063 2556 3118 borealior
2573 3062 2810 3133 Virginis
2833 3064 3112 3123 humerus.
3131 3066 3340 3122 Occidit
3359 3066 3532 3146 Orion

1977 3157 2128 3214 horis
2159 3159 2375 3215 circiter
2405 3158 2460 3212 2.

2042 3424 2176 3481 Cum
2210 3423 2429 3483 Orionis
2460 3425 2654 3483 Fluvio
2675 3426 2934 3482 zodiacus
2972 3425 3172 3482 occidit
3203 3440 3232 3478 a
3293 3422 3531 3479 Piscium

1973 3526 2127 3590 parte
2151 3517 2180 3570 7
2203 3517 2271 3573 ad
2297 3517 2461 3572 Tauri
2494 3518 2527 3574 5
2551 3518 2779 3574 mediam
2803 3535 2818 3585 ;
2852 3517 3112 3572 culminat
3131 3532 3160 3570 a
3184 3515 3533 3572 Geminorum

1979 3612 2014 3666 4
2042 3611 2109 3665 ad
2138 3611 2336 3666 Leonis
2366 3611 2600 3666 mediam
2639 3611 2726 3667 lO.
2756 3609 2914 3666 Prior
2952 3611 3155 3666 occidit
3181 3609 3530 3673 antecedens,

1983 3711 2037 3758 et
2089 3701 2424 3759 lucidissima
2474 3704 2739 3770 omnium,
2789 3701 2980 3756 ultima
3011 3717 3160 3765 vero,
3201 3716 3321 3772 quae
3363 3701 3536 3771 prima

1982 3803 2085 3863 est,
2126 3803 2180 3851 et
2212 3810 2242 3849 a
2277 3793 2507 3850 meridie
2552 3795 2765 3865 adjacet
2806 3794 3025 3851 Orionis
3056 3793 3200 3863 pedi.
3238 3793 3280 3846 E
3314 3793 3537 3862 reliquis

1984 3884 2176 3949 stellis,
2223 3899 2454 3940 occasus
2499 3885 2656 3940 initio
2701 3884 3004 3939 culminant
3036 3881 3248 3953 Propus
3285 3881 3538 3937 Gemino-

1981 3994 2123 4042 rum,
2166 3977 2440 4047 paululum
2483 3977 2619 4031 citra
2665 3976 3022 4031 meridianum
3078 3975 3308 4044 positus,
3338 3981 3392 4028 et
3437 3971 3540 4027 Le-

1982 4072 2131 4142 poris
2160 4073 2214 4126 in
2233 4071 2410 4127 medio
2435 4071 2584 4136 duae;
2607 4079 2882 4141 postremo
2905 4061 3219 4133 Culminant,
3243 4065 3540 4123 succedens

1982 4163 2038 4219 in
2065 4171 2214 4235 tergo
2246 4163 2471 4229 Leonis,
2524 4170 2578 4219 et
2605 4177 2727 4233 quae
2769 4161 2825 4216 in
2857 4159 3250 4231 posterioribus
3271 4157 3425 4214 Ursa:
3450 4173 3541 4228 ge-

1983 4255 2166 4320 nibus,
2198 4271 2385 4326 parum
2410 4255 2547 4311 citra
2570 4251 2930 4311 meridianum
2954 4252 3078 4309 sita.
3098 4248 3542 4308 OcciditFluvius

1983 4345 2136 4402 horis
2165 4348 2218 4412 4,
2251 4347 2356 4402 42'.

312 4436 494 4508 νώτῳ,
527 4437 622 4490 καὶ
644 4437 744 4507 τῆς
774 4436 1006 4508 ’Ἄρκτου
1045 4438 1072 4490 6
1105 4439 1162 4490 ἐν
1200 4439 1311 4499 τοῖς
1355 4436 1618 4501 ὀπισθίοις
1641 4440 1882 4507 γόνασιν,
1938 4439 2014 4504 ὥς
2059 4441 2358 4512 ημιπήχιον
2419 4441 2842 4513 ὑπολειπόμενος
2898 4440 2991 4495 τοῦ
3024 4432 3415 4512 μεσημϐρινοῦ.
3444 4431 3544 4486 Δύ-

312 4547 400 4585 νει
425 4528 481 4581 δὲ
512 4531 539 4582 6
568 4527 811 4597 Ποταμὸς
835 4528 890 4578 ὲν
917 4525 1086 4596 ὥραις
1113 4525 1154 4577 δ’
1183 4525 1507 4595 καὶὴμίσει,
1539 4526 1632 4579 καὶ
1658 4533 1699 4579 ε’
1723 4528 1880 4599 μέρει
1916 4527 2082 4599 ὥρας.

393 4622 464 4674 Ζ’.
497 4617 602 4672 Τοῦ
631 4618 688 4671 δὲ
732 4616 959 4686 Λαγωοῦ
1004 4617 1268 4680 δύνοντος,
1304 4616 1692 4685 συγκαταδύνει
1734 4618 1830 4689 μὲν
1862 4620 1876 4671 ἐ

2066 4619 2174 4673 VII.
2215 4619 2508 4676 Occidente
2545 4620 2770 4691 Lepore,
2795 4620 3073 4676 descendit
3100 4633 3224 4674 cum
3265 4632 3332 4674 eo
3363 4615 3543 4670 zodia-

314 4711 583 4778 ζωδιακὸς
619 4710 725 4764 ἀπὸ
756 4710 925 4781 Κριοῦ
963 4708 1074 4780 μοι.
1117 4708 1160 4773 ζ’
1189 4708 1282 4762 καὶ
1316 4715 1361 4761 κ’
1399 4709 1570 4780 μέσης
1610 4711 1714 4773 ἓως
1752 4710 1893 4763 Ταύ-

317 4821 423 4879 ρου
456 4803 534 4857 ιδ”
575 4803 892 4874 μεσουρανεί
940 4801 996 4853 δὲ
1066 4799 1173 4852 ἀπὸ
1225 4800 1498 4868 Καρκίνου
1547 4799 1657 4869 μοί.
1706 4800 1749 4852 λ’
1789 4801 1893 4864 ἓως

317 4895 552 4958 Λέοντος
587 4894 694 4966 μοί.
727 4900 774 4947 α’
805 4893 897 4946 καὶ
929 4898 994 4945 κ’.
1035 4891 1146 4944 Καὶ
1180 4896 1228 4944 α’
1273 4891 1368 4961 μὲν
1400 4890 1574 4961 ἀστὴρ
1607 4889 1751 4943 δύνει
1781 4892 1811 4943 6
1834 4893 1891 4944 ἰν

317 4989 438 5049 τοῖς
486 4983 838 5056 ἐμπροσθίοις
879 4982 1055 5045 ποσὶν,
1103 4980 1328 5051 ἔσχατος
1358 4980 1414 5034 δὲ
1463 4981 1490 5032 6
1531 4983 1589 5033 ὲν
1641 4981 1786 5054 ἄκρᾳ
1825 4985 1889 5054 τῇ

319 5080 482 5150 οὐρᾷ.
517 5075 922 5146 Μεσουρανοῦσι
959 5074 1016 5127 δὲ
1048 5075 1154 5128 τῶν
1187 5074 1356 5129 ἄλλων
1395 5074 1636 5144 ἀστέρων
1683 5077 1740 5128 ὲν
1788 5075 1886 5146 μὲν

318 5174 395 5242 τῇ
430 5172 567 5240 ἀρχῇ
617 5168 716 5239 τῆς
761 5185 821 5220 τε
845 5168 1077 5237 ’Ἄρκτου
1133 5164 1226 5218 τοῦ
1289 5164 1533 5219 πλινθίου
1572 5167 1599 5218 6
1641 5165 1732 5217 ἐπὶ
1781 5166 1887 5219 τῶν

323 5239 711 5332 τομωναύτῆς,
749 5259 838 5311 καὶ
879 5255 971 5309 τοῦ
1002 5255 1297 5326 Δράκοντος
1324 5257 1352 5308 6
1380 5255 1436 5308 ἐν
1469 5255 1613 5327 ἄκρα
1636 5258 1700 5325 τῇ
1730 5255 1885 5326 οὐρᾷ,
1924 5293 1928 5296 ι
1953 5239 1958 5252 ’

325 5351 426 5406 1:61
457 5350 547 5404 τοῦ
578 5350 801 5413 Λέοντος
835 5351 862 5401 6
893 5350 950 5401 ἐν
990 5349 1056 5417 τῇ
1097 5345 1311 5418 καρδίᾳ,
1344 5346 1438 5400 καὶ
1467 5347 1566 5417 τῆς
1611 5347 1836 5418 Ἀργοῦς
1860 5347 1888 5399 6

328 5442 664 5514 βορειότερος
689 5441 796 5494 τῶν
825 5442 880 5492 ἐν
908 5440 971 5508 τῇ
1014 5438 1282 5507 ἀποτομῇ,
1321 5435 1512 5507 μικρὸν
1546 5436 1889 5508 προηγούμε-

327 5550 422 5596 νος
456 5532 548 5585 τοῦ
585 5528 949 5602 μεσημϐρινοῦ
970 5545 982 5558 ·
1017 5527 1241 5598 ἔσχατον
1268 5527 1323 5580 δὲ
1362 5527 1752 5600 μεσουρανοῦσι
1794 5527 1886 5582 τοῦ

326 5639 392 5676 τε
421 5623 647 5686 Λέοντος
686 5623 714 5674 6
743 5619 983 5683 ὀπίσθιος
1029 5619 1162 5682 ποῦς
1202 5618 1296 5672 καὶ
1336 5620 1363 5672 6
1405 5620 1460 5672 ὲν
1486 5623 1598 5683 τοῖς
1629 5620 1892 5684 ὀπισθίοις

1991 4725 2087 4766 cus
2129 4711 2197 4764 ab
2233 4710 2432 4766 Arietis
2462 4710 2532 4763 2'7
2557 4711 2732 4764 media
2762 4710 2830 4765 ad
2861 4707 3024 4763 Tauri
3066 4709 3173 4774 14;
3217 4707 3480 4764 culminat
3511 4721 3544 4760 a

1989 4810 2140 4875 parte
2166 4802 2362 4856 Cancri
2382 4802 2451 4857 50
2480 4801 2545 4856 ad
2587 4801 2785 4856 Leonis
2820 4800 2909 4854 2i.
2937 4799 3118 4854 Prima
3139 4799 3337 4855 occidit
3365 4796 3540 4863 stella,

1989 4907 2108 4962 qua:
2163 4902 2247 4947 est
2288 4893 2343 4947 in
2393 4892 2757 4948 anterioribus
2807 4889 3072 4960 pedibus;
3116 4890 3305 4944 ultima
3339 4903 3458 4959 qua
3485 4887 3540 4942 in

1987 4991 2328 5039 extremitate
2391 4985 2594 5038 caudas.
2648 4982 2690 5036 E
2739 4982 2911 5037 stellis
2968 4981 3195 5051 reliquis
3243 4981 3543 5036 culminant

1988 5073 2164 5138 initio,
2196 5074 2251 5127 in
2283 5072 2433 5129 Ursae
2459 5073 2741 5136 laterculo,
2763 5077 2883 5141 qua:
2909 5071 2963 5125 in
2990 5070 3232 5127 humeris
3261 5071 3404 5126 illius
3433 5077 3539 5130 est,

1992 5172 2045 5219 et
2084 5180 2204 5235 qua:
2247 5165 2303 5218 in
2345 5173 2589 5219 extrema
2622 5165 2794 5219 cauda
2820 5163 3098 5227 Draconis,
3130 5163 3256 5218 item
3289 5177 3382 5217 cor
3410 5160 3542 5215 Leo.

1990 5255 2098 5322 nis,
2129 5263 2182 5310 et
2209 5270 2412 5322 earum,
2441 5270 2559 5325 quae
2587 5254 2640 5308 in
2671 5254 2831 5310 Navis
2859 5254 3218 5318 abscissione,
3251 5251 3540 5314 borealior,

1991 5347 2211 5417 paulum
2250 5345 2577 5401 antecedens
2615 5347 3009 5413 meridianum;
3049 5354 3321 5416 postremo
3349 5342 3541 5398 culmi-

1992 5449 2125 5492 naut
2183 5437 2376 5493 Leonis
2404 5453 2498 5508 pes
2519 5437 2787 5507 posterior
2837 5446 2890 5493 et
2914 5453 3034 5508 qua:
3064 5438 3117 5491 in
3152 5435 3542 5508 posterioribus

1995 5523 2245 5584 cruribus
2280 5549 2293 5584 :
2337 5529 2464 5584 item
2511 5527 2900 5584 australissima
2941 5541 3124 5583 earum
3166 5539 3286 5594 quae
3324 5531 3448 5581 sunt
3487 5523 3544 5577 in

1994 5621 2110 5676 basi
2143 5621 2405 5678 Crateris.
2434 5619 2648 5677 Occidit
2676 5620 2854 5691 Lepus
2883 5619 3016 5675 hora
3046 5619 3100 5685 1,
3137 5617 3242 5672 20'.

331 5712 569 5775 σκέλεσι,
607 5709 819 5764 καὶτοῦ
854 5707 1138 5779 Κρατῆρος
1182 5711 1210 5764 6
1245 5707 1563 5774 νοτιώτατος
1590 5709 1698 5764 τῶν
1735 5711 1791 5763 ὲν
1825 5711 1890 5781 τῇ
1930 5708 2103 5779 βάσει,
2143 5713 2297 5767 Δύνει
2320 5714 2375 5768 δὲ
2407 5715 2435 5767 ὁ
2465 5713 2690 5782 Λαγωὸς
2722 5713 2778 5767 ὲν
2809 5710 2928 5783 ὥρᾳ
2963 5711 3053 5764 καὶ
3083 5715 3129 5778 γ’
3164 5708 3337 5783 μέρει.

409 5824 451 5858 ⁸⁸
487 5841 576 5896 rp.
617 5823 870 5896 χελωνίῳ.
