4044 6220
535 361 673 419 illi)

1528 359 1614 413 AD
1653 357 1918 415 EUSEBH
1956 356 2349 415 CHROMCON
2387 359 2744 417 APPENDIX.

3627 369 3763 421 ιιιιο

599 475 894 531 Occidente
935 472 1104 537 Cane,
1157 489 1280 528 cum
1327 489 1392 529 eo
1433 472 1716 527 descendit
1769 471 2025 526 zodiacus
2059 486 2088 523 ιι

2221 495 2228 508 ο
2265 471 2370 525 Τοῦ
2414 473 2469 526 δὲ
2500 474 2673 536 Κυνὸς
2706 473 2970 537 δύνοντος,
3007 474 3399 542 συγκαταδύνει
3435 475 3535 548 μὲν
3561 480 3715 549 αὐτῷ
3736 484 3764 532 6

532 578 682 638 parte
724 564 890 618 Tauri
932 565 989 617 ll
1033 566 1097 619 ad
1135 565 1249 632 29;
1286 565 1548 619 culminat
1595 578 1627 617 a
1673 561 1873 618 Leonis
1908 562 1975 615 17
2021 562 2088 616 ad

533 654 770 725 Virginis
804 654 888 706 11.
933 653 1092 707 Prior
1141 653 1341 709 occidit
1377 653 1555 706 lucida
1593 653 1786 721 pedum
1822 653 2090 721 posterio-

533 761 691 811 rum;
721 745 912 800 ultima
946 761 1094 809 vero,
1132 745 1563 815 splendidarum,
1593 763 1714 815 qua:
1746 753 1872 801 sunt
1912 746 1965 799 in
1998 761 2090 800 ca-

531 838 659 908 pite,
685 838 1077 893 australissima
1099 855 1113 902 ;
1139 838 1420 892 stellarum
1443 846 1761 894 eaaterarum
1786 838 2088 891 culminant

531 929 707 992 initio,
743 929 1064 983 antecedens
1081 944 1423 998 earum,quze
1443 929 1495 982 in
1522 929 1914 998 posterioribus
1938 928 2090 983 Ursa:

531 1020 756 1089 pedibus
783 1063 798 1087 ,
848 1029 901 1075 et
946 1034 1066 1089 qua:
1115 1020 1167 1073 iu
1213 1021 1412 1076 lumbis
1453 1019 1648 1074 Leonis
1693 1040 1705 1074 :
1742 1021 1946 1074 ultimae
1981 1021 2092 1074 cul-

529 1112 757 1178 minant,
794 1129 855 1166 ea
903 1126 1023 1182 quae
1073 1112 1128 1165 in
1179 1112 1410 1181 pedibus
1451 1111 1612 1166 Corvi
1639 1153 1654 1176 ,
1695 1120 1748 1168 et
1794 1113 2090 1167 australior

529 1202 788 1257 humerus
819 1201 1093 1273 Virginis,
1127 1205 1264 1257 citra
1308 1203 1668 1258 meridianum
1705 1204 1844 1259 situs
1875 1205 2088 1260 duabus

527 1292 640 1348 fere
663 1295 833 1349 cubiti
866 1297 1131 1364 partibus.
1162 1294 1372 1350 Occidit
1394 1294 1558 1353 Canis
1581 1293 1922 1368 sesquihora.

2190 561 2448 626 ζωδιακὸς
2482 564 2588 618 ἀπὸ
2633 563 2844 633 Ταύρου
2879 565 2986 635 μοί.
3037 573 3104 617 ια’
3146 566 3263 630 έὲως
3293 567 3508 639 Ταύρου
3557 571 3671 640 μοί.
3721 572 3760 624 θ’

2189 655 2283 706 καὶ
2306 661 2352 706 κ’
2379 670 2391 682 ·
2427 657 2747 726 μεσουρανεῖ
2768 655 2825 706 δὲ
2849 656 2956 708 ἀπὸ
2982 657 3210 718 Λέοντος
3239 656 3346 726 μοί.
3379 659 3443 722 ιζ’
3478 658 3585 722 ἕως
3616 662 3760 733 Παρ-

2190 743 2344 798 θένου
2383 753 2467 799 ια’.
2501 747 2607 799 Καὶ
2637 754 2684 800 α’
2717 748 2812 817 μὲν
2845 747 3016 818 ἀστὴρ
3046 748 3188 801 δύνει
3213 749 3241 800 6
3269 749 3325 801 ὲν
3354 753 3467 821 τοῖς
3493 752 3760 816 ὀπισθίοις

2189 834 2316 886 ποσὶ
2357 834 2625 904 λαμπρὸς,
2665 835 2902 905 ’ἔσχατος
2932 835 2988 888 δὲ
3015 838 3043 889 6
3075 836 3394 900 νοτιώτατος
3443 840 3550 891 τῶν
3589 842 3650 892 ὲν
3695 846 3756 913 τῇ

2189 923 2396 994 κεφαλῇ
2427 913 2692 992 ἐκφῗανῶν.
2728 925 3134 997 Μεσουρανοῦσι
3165 927 3221 980 δὲ
3251 927 3361 979 τῶν
3396 928 3571 982 ἄλλων
3599 932 3758 984 ἀστέ-

2191 1032 2298 1086 ρων
2319 1017 2376 1068 ἐν
2405 1015 2502 1086 μὲν
2532 1019 2596 1086 τῇ
2626 1017 2764 1088 ἀρχῇ
2793 1018 2891 1088 τῆς
2917 1034 2975 1070 τε
3007 1019 3243 1088 ’Ἄρκτου
3263 1020 3292 1071 6
3321 1019 3626 1090 ἡγούμενος
3653 1022 3758 1074 τῶν

2187 1108 2246 1160 ὲν
2279 1110 2392 1171 τοῖς
2422 1109 2686 1171 ὀπισθίοις
2737 1110 2880 1172 ποσὶ,
2915 1109 3008 1163 καὶ
3054 1109 3147 1163 τοῦ
3199 1111 3428 1175 Λέοντος
3459 1115 3489 1165 6
3523 1114 3616 1166 ἐπὶ
3661 1118 3757 1185 τῆς

2188 1196 2410 1267 ὀσφύοςο
2439 1198 2654 1268 ἔσχατοι
2699 1199 2754 1253 δὲ
2797 1189 3184 1272 μεσουρανοῦσι
3231 1203 3326 1268 τοῦ
3359 1221 3420 1257 τε
3451 1207 3698 1275 Κόρακος
3726 1218 3752 1268 ό

2187 1291 2244 1342 ὲν
2272 1293 2385 1353 τοῖς
2413 1296 2560 1355 ποσὶ,
2605 1293 2699 1345 καὶ
2733 1293 2831 1362 τῆς
2882 1293 3158 1363 Παρθένου
3193 1296 3222 1346 6
3243 1275 3567 1366 ¹νοτιιῖυτερος
3590 1291 3756 1369 ὤμω,

2081 1443 2092 1456 ,
2189 1379 2607 1452 ὑπολειπόμενος
2639 1382 2732 1435 τοῦ
2773 1384 3143 1455 μεσημϐρινοῦ
3176 1385 3252 1449 ὡς
3281 1386 3325 1456 β’
3352 1387 3492 1459 μέρη
3521 1388 3753 1458 πήχεως.

595 1549 731 1603 Cum
769 1549 1047 1623 Procyone
1075 1553 1352 1610 descendit
1383 1555 1638 1613 zodiacus
1673 1572 1700 1610 a
1735 1557 2086 1615 Geminorum

527 1648 682 1708 parte
730 1641 797 1696 15
820 1644 888 1697 ad
935 1644 1034 1710 i8;
1077 1648 1339 1702 culminat
1386 1649 1457 1705 ab
1505 1651 1660 1707 initio
1705 1651 1880 1708 Libra:
1918 1653 1986 1707 ad
2029 1654 2084 1710 4.

2188 1471 2341 1524 Δύνει
2367 1472 2422 1526 δὲ
2450 1474 2478 1526 6
2508 1472 2668 1526 Κύων
2701 1474 2757 1526 ὲν
2785 1481 2832 1542 γ’
2865 1475 3169 1546 ἡμιωρίοις.

2258 1563 2363 1616 Τοῦ
2387 1565 2443 1618 δὲ
2475 1567 2744 1636 Πρόκυνος
2775 1567 3042 1630 δύνοντος,
3069 1567 3458 1635 συγκαταδύνει
3483 1567 3584 1636 μὲν
3615 1567 3758 1638 «6113i

2186 1653 2215 1705 6
2241 1651 2497 1718 ζωδιακὸς
2530 1656 2637 1707 ἀπὸ
2679 1655 2924 1727 Διδύμων
2959 1655 3068 1726 μοί.
3106 1663 3164 1708 ιε’
3215 1657 3318 1721 ἕως
3351 1657 3604 1727 Διδύμων
3652 1662 3758 1729 μοί.

525 1725 690 1786 Priori
710 1734 906 1789 occidit
939 1737 1116 1800 stella,
1155 1739 1503 1806 antecedens,
1546 1750 1600 1796 et
1635 1743 1856 1813 duplex,
1892 1744 2084 1798 ultima

2192 1752 2257 1815 ιη’
2284 1763 2296 1775 ·
2343 1750 2662 1818 μεσουρανεῖ
2701 1748 2758 1800 δὲ
2801 1725 2908 1800 ἀπὸ
2943 1725 3042 1818 τῆς
3072 1747 3247 1819 ἀρχῆς
3282 1749 3389 1802 τῶν
3422 1725 3622 1821 Χῇλῶν
3653 1725 3761 1814 ⁷ἕως

528 1824 847 1892 succedens,
880 1834 933 1880 et
972 1827 1170 1884 lucida.
1210 1829 1288 1884 Ex
1322 1831 1445 1886 aliis
1489 1833 1659 1889 stellis
1689 1808 1954 1890 culminat
1986 1836 2089 1890 ini-

2193 1808 2383 1909 Χῇλῷν
2415 1808 2524 1910 μοίί
2552 1841 2615 1894 δ’.
2653 1840 2764 1894 Kal
2794 1847 2843 1893 α’
2877 1840 2975 1910 μὲν
3000 1808 3362 1913 ’ἀστῇσρΠδύνει
3390 1845 3417 1895 6
3459 1808 3762 1912 ἡγούμενος

527 1917 624 1981 tio,
655 1933 841 1973 earum
873 1935 991 1991 qua:
1020 1932 1148 1976 sunt
1180 1924 1232 1977 in
1265 1923 1458 1980 dextro
1492 1925 1671 1981 Bootae
1701 1929 1855 1997 pede,
1889 1927 2086 1991 media,

530 2009 688 2077 paulo
725 2011 862 2064 citra
907 2012 1267 2067 meridianum
1309 2018 1413 2070 sita
1449 2037 1460 2070 :
1492 2027 1545 2072 et
1575 2019 1848 2073 borealior
1875 2034 2085 2084 earum,

526 2116 647 2169 qua:
688 2109 816 2155 sunt
863 2101 918 2156 in
955 2105 1136 2173 capite
1181 2105 1460 2172 Centauri,
1510 2109 1834 2164 semicubito
1872 2111 2090 2165 circiter

529 2193 859 2248 antecedens
891 2195 1285 2263 meridianum;
1311 2199 1605 2254 novissime
1629 2201 1951 2267 culminant,
1971 2219 2090 2273 quae

525 2282 581 2334 in
615 2289 859 2337 extrema
895 2295 978 2339 est
1011 2283 1162 2340 Ursae
1189 2287 1381 2349 cauda,
1424 2290 1702 2358 paululum
1747 2293 1882 2346 citra
1932 2293 2090 2347 meri-

525 2373 747 2428 dianum
799 2377 976 2445 posita
1003 2418 1018 2441 ,
1051 2385 1105 2432 et
1149 2379 1418 2435 borealior
1447 2396 1655 2447 earum,
1699 2400 1821 2453 quae
1863 2394 1990 2440 sunt
2034 2386 2088 2440 in

525 2467 751 2523 sinistro
786 2469 922 2538 pede
951 2469 1133 2526 Bootm
1183 2490 1198 2526 :
1239 2472 1364 2528 item
1391 2489 1511 2543 quae
1542 2475 1596 2528 in
1637 2485 1878 2530 extrema
1922 2476 2087 2547 llydri

525 2557 721 2623 cauda,
768 2559 1026 2616 Centauri
1071 2579 1288 2635 quoque
1332 2565 1521 2621 dexter
1553 2567 1832 2623 humerus.
1873 2568 2088 2624 Occidit

524 2646 771 2721 Procyon
797 2651 930 2706 hora
956 2656 1006 2714 0,
1039 2653 1140 2710 12'.

597 2932 732 2988 Cum
763 2933 909 3005 Argo
935 2934 1298 2993 descendente
1326 2937 1582 2995 zodiacus
1612 2938 1810 2994 occidit
1837 2939 1906 2995 ab
1934 2943 2089 2998 Arie~

524 3026 599 3081 tis
632 3035 786 3097 parte
818 3027 886 3082 16
925 3031 992 3084 ad
1028 3029 1379 3086 Geminorum
1418 3033 1482 3087 18
1516 3051 1530 3100 ;
1559 3035 1820 3089 culminat
1849 3038 1916 3092 ab
1946 3037 2090 3092 Can-

2191 1932 2284 1984 καὶ
2308 1930 2544 1996 διπλοῦς,
2567 1931 2788 2002 ἔσχατος
2813 1931 2870 1984 δὲ
2888 1933 2916 1985 6
2939 1932 3200 2002 ἑπόμενος
3224 1933 3314 1986 καὶ
3330 1933 3602 2004 λαμπρός.
3622 1935 3761 1987 Μεσ-

2189 2025 2408 2094 ουρανεῖ
2442 2023 2498 2077 δὲ
2535 2023 2640 2077 τῶν
2687 2022 2859 2077 ἄλλων
2897 2023 3139 2096 ἀστέρων
3174 2026 3230 2077 έν
3264 2026 3361 2096 μὲν
3392 2028 3458 2096 τῇ
3493 2027 3638 2096 ἀρχῇ
3670 2026 3759 2078 τοῦ

2190 2113 2399 2168 Βοώτου
2430 2117 2458 2168 6
2517 2115 2678 2185 μέσος
2721 2115 2828 2168 τῶν
2873 2117 2931 2168 ὲν
2957 2114 3034 2185 τῷ
3081 2113 3351 2186 ἀριστερῷ
3378 2115 3520 2181 ποδὶ,
3569 2116 3760 2187 μικρὸν

2192 2207 2612 2278 ὑπολειπόμενος
2640 2207 2731 2261 τοῦ
2775 2206 3164 2279 μεσημϐρινοῦ,
3207 2209 3301 2262 καὶ
3326 2207 3421 2260 τοῦ
3448 2209 3759 2279 Κενταύρου

2188 2301 2216 2352 6
2241 2298 2574 2371 βορειότερος
2600 2300 2706 2352 τῷν
2733 2301 2792 2353 ὲν
2832 2303 2896 2372 τῇ
2917 2299 3148 2371 κεφαλῇ,
3173 2301 3248 2364 ὡς
3286 2302 3588 2373 ήμιπήχιον
3639 2320 3760 2373 προ-

2189 2389 2322 2461 ηγού
2331 2407 2485 2460 μενος
2506 2388 2600 2442 τοῦ
2623 2389 3011 2461 μεσημϐρινοῦ
3041 2391 3263 2461 ἔσχατον
3287 2391 3342 2443 δὲ
3366 2391 3759 2464 μεσουρανοῦσι

2187 2482 2286 2552 τῆς
2312 2499 2371 2534 τε
2407 2483 2642 2552 Ἀρκτου
2675 2484 2704 2534 6
2743 2483 2800 2536 ὲν
2847 2482 2991 2553 ἄκρᾳ
3018 2484 3084 2553 τῇ
3131 2482 3285 2552 οὐρᾷ,
3339 2483 3760 2554 ὑπολειπόμενος

2192 2572 2386 2643 μικρὸν
2413 2571 2507 2625 τοῦ
2548 2571 2942 2643 μεσημϐρινοῦ,
2971 2572 3065 2625 καὶ
3113 2571 3207 2624 τοῦ
3255 2571 3465 2625 Βοὼτου
3494 2575 3526 2624 6
3561 2574 3762 2645 βορειό-

2189 2651 2342 2734 τερος
2363 2663 2469 2716 τῶν
2500 2664 2558 2714 ὲν
2585 2662 2664 2733 τῷ
2690 2662 2960 2735 ἀριστερῷ
2989 2664 3128 2726 ποδὶ,
3167 2663 3376 2718 καὶτοῦ
3408 2665 3616 2737 ’Υδρου
3647 2669 3674 2719 6
3703 2669 3762 2720 ὲν

2188 2755 2333 2826 ἄκρᾳ
2362 2758 2427 2826 τῇ
2462 2755 2618 2826 οὐρᾷ,
2665 2754 2757 2808 καὶ
2799 2753 2892 2807 τοῦ
2945 2755 3258 2826 Κενταύρου
3301 2758 3330 2810 6
3372 2755 3546 2820 δεξιὸς
3592 2749 3755 2826 ὦμος.

2189 2846 2344 2901 Δύνει
2368 2847 2424 2900 δὲ
2455 2847 2483 2899 6
2522 2846 2783 2918 Προκύων
2811 2847 2868 2900 ὲν
2897 2853 2936 2899 ε’
2968 2847 3122 2918 μέρει
3149 2847 3319 2919 ὧρας.

2258 2939 2367 3009 Τῆς
2399 2939 2456 2991 δὲ
2495 2938 2719 3010 Ἀργοῦς
2751 2938 3030 3010 δυνούσης,
3067 2939 3459 3008 συγκαταδύνει
3500 2943 3600 3012 μὲν
3628 2943 3754 3013 αὐτῇ

2189 3029 2217 3081 6
2243 3027 2500 3093 ζωδιακὸς
2527 3029 2635 3082 ἀπὸ
2661 3027 2831 3101 Κριοῦ
2864 3029 2972 3099 μοι.
3009 3037 3082 3094 ις’
3109 3030 3212 3093 ἓως
3251 3030 3497 3101 Διδύμων
3531 3032 3643 3101 μοι.
3675 3039 3754 3102 tr,"

527 3119 608 3173 eri
660 3119 730 3172 i7
769 3121 838 3176 ad
869 3119 1044 3176 Librae
1083 3122 1134 3176 5.
1179 3121 1356 3176 Prima
1393 3125 1593 3179 occidit
1635 3126 1988 3195 lucidissima,
2036 3138 2089 3186 et

2193 3122 2513 3191 μεσουρανεῖ
2534 3119 2591 3172 δὲ
2618 3120 2722 3173 ἀπὸ
2739 3119 3012 3191 Καρκίνου
3045 3121 3153 3191 μοί.
3199 3122 3262 3187 ιζ’
3285 3121 3390 3186 ἕως
3415 3123 3616 3191 Χηλῶν
3656 3123 3752 3194 μοὶ.

529 3210 926 3296 australissima
956 3218 1162 3275 {carum
1195 3230 1314 3285 quae
1355 3227 1484 3270 sunt
1522 3216 1576 3270 in
1608 3215 1844 3275 Temone
1877 3240 1888 3274 :
1923 3237 2086 3291 quam

528 3303 779 3359 nonnulli
831 3303 1110 3358 Canobum
1175 3305 1482 3373 nominant,
1540 3309 1752 3375 ultima,
1819 3312 2089 3367 borealinr

528 3411 740 3458 earum,
775 3411 897 3466 qua:
930 3403 1058 3451 sunt
1091 3398 1146 3451 in
1176 3399 1338 3453 malo.
1367 3399 1682 3455 Culminant
1709 3419 1774 3458 ex
1807 3405 1930 3462 aliis
1965 3407 2092 3461 stel-

529 3487 620 3549 lis.
649 3488 803 3543 initio
836 3488 1054 3558 quidem
1085 3490 1379 3546 australior
1410 3493 1846 3550 antecedentium
1878 3514 2090 3562 earnm,

530 3593 652 3648 quae
694 3586 822 3633 sunt
867 3579 921 3633 in
966 3579 1162 3637 Leonis
1205 3583 1402 3652 capite,
1453 3585 1776 3646 semicubito
1805 3587 1918 3644 fere
1953 3591 2090 3647 citra

531 3670 891 3724 meridianum
929 3673 1106 3742 posita
1140 3691 1153 3728 :
1187 3681 1241 3728 et
1264 3691 1387 3744 qua:
1427 3677 1480 3729 in
1521 3679 1645 3732 colli
1678 3677 1844 3751 llydri
1888 3683 2090 3751 radice,

532 3776 736 3832 parva;
791 3763 992 3817 ultima:
1038 3765 1338 3820 culminant
1373 3783 1494 3836 quae
1539 3770 1592 3822 in
1631 3779 1872 3826 extrema
1922 3775 2094 3829 cauda

533 3861 662 3911 sunt
686 3855 906 3925 majoris
931 3855 1082 3913 Ursa:
1109 3878 1122 3913 :
1150 3859 1492 3916 etborealior
1518 3877 1703 3917 earum
1734 3881 1855 3934 quae
1881 3876 2008 3922 sunt
2039 3869 2096 3923 in

535 3946 758 4002 sinistro
780 3946 914 4016 pede
940 3947 1140 4014 Bootaz,
1172 3949 1499 4005 semicubito
1524 3951 1743 4007 circiter
1767 3955 2097 4011 antecedens

532 4039 914 4105 meridianum,
940 4057 1039 4096 nec
1060 4057 1169 4096 non
1192 4057 1312 4111 quae
1331 4042 1384 4096 in
1412 4051 1653 4098 extrema
1683 4044 1847 4116 Hydri
1873 4048 2046 4101 cauda
2080 4063 2093 4100 :

532 4139 647 4186 tum
693 4131 950 4188 Centauri
1003 4133 1194 4188 dexter
1236 4134 1517 4201 humerus,
1568 4139 1843 4207 paululum
1884 4151 2100 4196 antece-

533 4226 669 4283 dens
699 4225 1081 4283 meridianum.
1109 4225 1320 4282 Occidit
1341 4227 1486 4300 Argo
1517 4230 1735 4286 circiter
1760 4232 1909 4288 horis
1940 4233 1994 4288 5.

2189 3219 2248 3265 s'.
2274 3211 2383 3264 Kal
2412 3218 2459 3265 α’
2496 3211 2594 3281 μὲν
2625 3212 2798 3283 ἀστὴρ
2826 3212 2970 3265 δύνει
2995 3214 3023 3265 6
3048 3212 3428 3284 λαμπρότατος
3451 3215 3548 3267 καὶ
3580 3214 3755 3268 νοτιὼ-

2187 3321 2345 3367 τατος
2375 3302 2480 3355 τῶν
2507 3304 2563 3355 ὲν
2604 3301 2682 3373 τῷ
2713 3303 2980 3374 Πηδαλίῷ,
3012 3305 3069 3356 ὃν
3117 3321 3260 3366 τινες
3306 3305 3569 3358 Κάνωϐον
3604 3323 3760 3376 προσ-

2190 3393 2575 3465 αγορεύουσιν·
2622 3393 2846 3464 ἔσχατος
2909 3394 2966 3446 δὲ
3001 3395 3030 3446 6
3070 3393 3402 3466 βορειότερος
3445 3394 3556 3448 τῶν
3604 3397 3662 3448 ὲν
3690 3396 3762 3464 τῷ

2195 3485 2344 3556 ἱστῷ.
2377 3487 2784 3556 Μεσουρανοῦσι
2812 3484 2867 3538 δὲ
2887 3485 2993 3538 τῶν
3015 3485 3190 3539 ἄλλων
3213 3486 3456 3556 ἀστέρων
3489 3488 3548 3541 ὲν
3585 3489 3682 3558 μὲν
3700 3491 3760 3559 τῇ

2193 3578 2336 3648 ἀρχῇ
2369 3576 2460 3630 τοῦ
2485 3577 2712 3639 Λέοντος
2745 3577 2852 3630 τῶν
2876 3579 2933 3630 ὲν
2952 3581 3016 3649 τῇ
3045 3577 3250 3649 κεφαλῇ
3273 3581 3301 3631 6
3325 3577 3645 3651 νοτιώτερος
3667 3581 3762 3633 τῶν

2194 3670 2530 3742 ἡγουμένων,
2552 3669 2626 3732 ὼς
2647 3671 2945 3740 ἡμιπήχιον
2984 3670 3407 3741 ὑπολειπόμενος
3444 3671 3540 3725 τοῦ
3567 3689 3766 3743 μεσημ-

2195 3760 2398 3833 ϐρινοῦ,
2435 3761 2640 3815 καὶτοῦ
2672 3761 2867 3834 ’Υδρου
2898 3763 2926 3814 6
2962 3762 3099 3832 μετά
3115 3762 3212 3834 τὴν
3245 3763 3474 3831 ἔκφυσιν
3503 3763 3602 3817 τοῦ
3638 3782 3764 3830 τριιι⁸

2196 3852 2358 3924 χήλου
2399 3852 2617 3924 μικρόςο
2655 3851 2872 3923 ἔσχατοι
2924 3854 2981 3908 δὲ
3023 3855 3409 3926 μεσουρανοῦσι
3449 3856 3552 3926 τῆς
3583 3874 3642 3909 τε
3678 3874 3766 3927 με-

2197 3945 2368 4017 γάλης
2403 3945 2638 4017 Ἀρκτου
2672 3948 2720 3999 οἱ
2755 3947 2812 3999 έν
2852 3945 2997 4018 ἄκρᾳ
3019 3949 3085 4018 τῇ
3119 3949 3275 4019 οὐρᾷ,
3303 3949 3398 4001 καὶ
3433 3948 3529 4003 τοῦ
3559 3949 3766 4003 Βοώτου

2199 4040 2228 4091 6
2255 4036 2586 4108 βορειότερος
2623 4036 2730 4090 τῶν
2777 4039 2835 4090 ἐν
2866 4037 2942 4108 τῷ
2987 4039 3254 4111 ἀριστερῷ
3284 4039 3425 4106 ποδὶ,
3465 4041 3542 4105 ὡς
3565 4043 3769 4113 ἠμιπή-

2165 4109 2179 4123 .
2199 4142 2315 4199 χιον
2354 4127 2759 4200 προηγούμενος
2792 4127 2883 4181 τοῦ
2933 4109 3305 4202 μεσημϐρινοῦ
3330 4132 3419 4185 καὶ
3446 4130 3535 4184 τοῦ
3567 4109 3764 4201 ίῗδρου

2201 4223 2231 4274 6
2280 4222 2337 4275 ὲν
2385 4221 2528 4292 ἄκρᾳ
2583 4223 2648 4291 τῇ
2695 4220 2860 4294 οὐρᾷ·
2896 4223 2986 4276 καὶ
3039 4222 3132 4276 τοῦ
3172 4223 3470 4296 Κενταύρου
3515 4222 3543 4272 6
3587 4221 3768 4286 δεξιὸς

2203 4305 2371 4382 ὦμος,
2409 4312 2600 4383 μικρὸν
2634 4313 3041 4384 προηγούμενος
3069 4312 3161 4366 τοῦ
3193 4310 3576 4385 μεσημϐρινοῦ.
3607 4313 3764 4365 Δύνει

2203 4405 2258 4458 δὲ
2289 4406 2321 4475 ή
2353 4403 2532 4475 Ἀργὼ
2561 4405 2618 4456 ὲν
2644 4403 2815 4475 ὥραις
2833 4411 2873 4457 ε’
2901 4405 2978 4468 ὡς
3001 4404 3242 4474 ἔγγιστα.

1598 4521 1675 4576 De
1705 4535 1822 4576 ortu
1851 4531 1900 4576 et
1940 4540 2130 4579 occasu
2171 4527 2440 4595 signorum
2472 4524 2697 4581 zodiaci.

608 4642 736 4701 Vlll.
759 4641 1034 4713 Expositis
1054 4640 1321 4696 hactenus
1337 4639 1426 4704 iis,
1451 4654 1571 4710 quae
1591 4641 1644 4695 in
1660 4641 2092 4712 uniuscujusque

2268 4643 2349 4696 H'.
2383 4642 2532 4695 Ἐπεὶ
2564 4641 2622 4694 δὲ
2662 4642 2770 4694 τῶν
2807 4640 2961 4704 ὲκτὸς
2993 4639 3085 4694 τοῦ
3120 4639 3382 4705 ζωδιακοῦ
3423 4639 3622 4693 κύκλου
3659 4657 3782 4693 κει-ι

538 4737 734 4795 sideris
791 4744 946 4792 extra
997 4734 1281 4789 zodiacum
1355 4731 1520 4802 positi
1592 4741 1715 4786 ortu
1785 4748 2096 4805 occasuque

537 4829 834 4893 accidunt,
885 4827 1144 4895 deinceps
1197 4822 1484 4880 duodecim
1549 4825 1758 4886 zodiaci
1814 4826 2094 4898 signorum

539 4927 760 4977 coortus
786 4925 839 4974 et
862 4931 1091 4972 occasus
1116 4913 1529 4985 explicabimus.

604 5012 770 5084 igitur
811 5003 1020 5064 oriente
1061 5007 1294 5073 Cancro,
1325 5021 1447 5062 cum
1477 5021 1543 5062 eo
1573 5006 1827 5064 zodiacus
1861 5008 2039 5063 oritur
2067 5023 2098 5062 a

540 5104 889 5160 Geminorum
938 5109 1091 5170 parte
1133 5099 1204 5154 25
1249 5099 1315 5153 ad
1359 5098 1556 5154 Cancri
1604 5099 1707 5167 18;
1769 5101 2030 5154 culminat
2067 5115 2098 5155 a

539 5193 778 5248 Piscium
808 5190 842 5245 Β
866 5188 932 5243 ad
963 5188 1164 5244 Arietis
1196 5189 1220 5240 1
1255 5189 1508 5244 mediam.
1533 5188 1692 5243 Prior
1715 5189 1890 5244 oritur
1918 5191 2101 5256 stella,

545 5281 700 5352 137
717 5294 836 5350 quae
855 5279 910 5348 in
936 5286 1177 5334 extrema
1204 5277 1365 5332 borea
1385 5277 1549 5332 Cbela
1570 5296 1584 5344 ;
1604 5278 1792 5332 ultima
1813 5293 1961 5344 vero,
1979 5294 2099 5350 qua;

542 5374 596 5427 in
627 5369 966 5428 extremitate
994 5369 1254 5444 australis
1274 5368 1475 5425 Chelas.
1504 5369 1776 5425 Culminat
1816 5387 1946 5427 vero
1973 5373 2102 5427 reli-

544 5465 665 5533 quis
698 5479 729 5519 e
763 5463 936 5519 stellis
969 5461 1116 5533 prior
1145 5461 1348 5526 lucida,
1376 5477 1496 5532 quae
1541 5470 1624 5518 est
1655 5463 1710 5516 in
1746 5462 2102 5518 Andromedae

542 5555 715 5624 capite
749 5572 761 5608 :
793 5555 1089 5612 novissima
1111 5568 1240 5609 vero
1259 5555 1567 5624 prazcedens
1589 5555 1888 5608 lucidarum
1914 5554 2100 5621 trium,

543 5661 664 5714 quae
716 5656 845 5702 sunt
900 5648 956 5701 in
1011 5645 1210 5700 Arietis
1267 5647 1464 5716 capite,
1514 5655 1566 5702 et
1613 5661 1642 5700 a
1693 5646 1917 5702 meridie
1970 5648 2101 5702 Ccto

546 5737 822 5812 adjacens,
895 5739 1044 5796 circa
1097 5737 1334 5794 medium
1403 5754 1601 5810 corpus
1657 5739 1852 5810 ipsius,
1905 5755 2100 5810 expers

2199 4734 2374 4805 μένων
2401 4733 2646 4804 ἀστέρων
2680 4731 3096 4803 ἀποδεδώκαμεν
3136 4730 3206 4785 τά
3243 4731 3610 4802 συμϐαίνοντα
3646 4732 3768 4804 περὶ

2199 4826 2298 4897 τὴν
2327 4825 2556 4878 ἑκάστου
2588 4824 2768 4878 αὐτῶν
2794 4824 3055 4893 ἀνατολήν
3078 4841 3134 4876 τε
3154 4824 3246 4876 καὶ
3271 4822 3441 4885 δύσιν,
3477 4821 3605 4892 ἑξῆς
3631 4825 3766 4876 ἀπο·

2195 4914 2440 4986 δώσομεν
2470 4913 2566 4978 τὰς
2600 4913 2778 4968 αὐτῶν
2821 4913 2928 4968 τῶν
2974 4913 3039 4983 ιβ’
3068 4913 3269 4977 ζωδίων
3309 4913 3677 4976 συνανατολάς
3710 4930 3767 4965 τε

2199 5006 2293 5059 καὶ
2325 5005 2632 5075 συγκαταδύ
2641 5023 2697 5060 σε
2707 5024 2772 5070 ις.

2270 5098 2378 5151 Τοῦ
2411 5099 2508 5169 μὲν
2536 5095 2627 5152 οὖν
2657 5099 2931 5170 Καρκίνου
2961 5095 3360 5160 ἀνατέλλοντος,
3394 5095 3768 5150 συνανατέλλει

2203 5191 2301 5262 μὲν
2329 5190 2475 5260 αὐτῷ
2526 5192 2554 5243 ὁ
2599 5190 2857 5254 ζωδιακὸς
2903 5189 3009 5242 ἀπὸ
3052 5187 3294 5258 Διδύμων
3344 5194 3391 5254 γ’
3428 5187 3524 5239 xal
3575 5194 3624 5239 κ’
3659 5187 3762 5257 μοξ.

2197 5283 2302 5346 ἓως
2343 5283 2615 5354 Καρκίνου
2653 5287 2742 5350 ιη’·
2779 5282 3101 5351 μεσουρανεῖ
3119 5279 3174 5332 δὲ
3205 5277 3311 5332 ἀπὸ
3346 5277 3564 5348 Ἰχθύων
3590 5285 3633 5330 ε’
3665 5279 3766 5340 ἕως

2199 5373 2371 5444 Κριοῦ
2416 5380 2463 5427 α’
2509 5373 2698 5443 μέσης.
2745 5373 2854 5425 Καὶ
2894 5358 2946 5424 at"
2987 5372 3082 5442 μὲν
3129 5370 3300 5441 ἀστὴρ
3344 5370 3624 5423 ἀνατέλλει
3655 5369 3685 5420 6
3712 5370 3766 5420 έν

2199 5465 2343 5534 ἄκρᾳ
2372 5467 2436 5534 τῇ
2483 5464 2674 5536 βορείῳ
2699 5464 2872 5534 Χηλῇ,
2904 5463 3127 5532 ἔσχατος
3168 5461 3222 5514 δὲ
3255 5464 3282 5514 6
3318 5463 3375 5514 ὲν
3411 5461 3556 5530 ἄκρᾳ
3583 5462 3653 5526 τῇ
3686 5473 3764 5508 νο-

2205 5554 2293 5626 τξᾳ
2329 5553 2499 5625 Χηλῇ.
2536 5554 2874 5625 Μεσουρανεῖ
2900 5554 2956 5607 δὲ
2983 5554 3090 5607 τῶν
3123 5553 3292 5608 ἄλλων
3321 5551 3566 5621 ἀστέρων
3587 5556 3638 5602 α’
3671 5548 3768 5617 μὲν

2203 5648 2232 5700 6
2263 5650 2319 5701 ἐν
2345 5651 2409 5719 τῇ
2443 5646 2646 5718 κεφαλῇ
2703 5649 2799 5719 τῆς
2833 5647 3180 5720 Ἀνδρομέδας
3220 5645 3501 5715 λαμπρὸς,
3543 5641 3766 5711 ἔσχατος

2203 5741 2258 5793 δὲ
2287 5739 2379 5794 τοῦ
2422 5758 2480 5793 τε
2525 5739 2694 5811 Κριοῦ
2745 5740 2852 5794 τῶν
2904 5741 2960 5794 ὲν
3001 5743 3072 5811 τῇ
3114 5737 3320 5808 κεφαλῇ
3353 5743 3398 5806 γ’
3445 5728 3766 5806 λαμπρὼνεὸ
