4044 6220
239 298 371 356 im
1224 289 1593 347 HIPPABClil
1629 291 1722 346 AD
1760 291 2208 348 eumeum
2247 293 2372 350 LIB.
2413 293 2500 350 ιιι.
2549 273 2554 277 ’
3363 291 3512 352 ηεν-

236 418 562 490 ἡγούμενος,
614 413 706 468 καὶ
747 413 822 476 ὡς
870 411 1006 483 πρὸς
1047 411 1393 483 μεσημϐρίαν
1436 411 1686 482 κείμενος
1725 412 1817 466 τοῦ

1926 413 2182 479 nominis,
2216 425 2269 470 et
2302 415 2482 470 lucida
2518 435 2530 470 :
2568 416 2693 471 item
2735 415 3026 472 australior
3062 411 3497 482 succedentium,

235 510 472 581 Ιὶήτους,
500 503 641 559 κατά
675 503 837 575 μέσον
875 502 1038 556 αὑτοῦ
1067 502 1128 555 τὸ
1162 501 1339 574 σῶμα,
1384 503 1823 575 ἀκατονόμαστος

1927 524 2048 578 qua:
2076 510 2130 563 in
2161 510 2426 565 laterculo
2472 509 2634 565 Ceti:
2685 526 2786 566 nec
2824 526 2933 564 non
2980 525 3076 580 pes
3119 507 3345 564 sinister
3391 508 3503 562 An-

239 603 334 656 καὶ
365 599 615 671 λαμπρός
635 615 648 628 ·
675 598 769 650 καὶ
812 596 922 650 τῶν
972 597 1030 649 ἐν
1063 595 1140 667 τῷ
1169 596 1558 670 τετραπλεύρῳ
1584 597 1678 650 τοῦ
1708 599 1822 668 Κή-

1927 600 2214 667 ιΙτοιηεάιεζ
2243 602 2524 672 paululum
2554 603 2688 657 citra
2732 603 3093 658 meridianum
3125 602 3283 658 situs.
3315 599 3504 656 Oritur

236 709 364 756 τους
389 695 418 746 6
443 688 759 759 νοτιώτερος
790 686 898 742 τῶν
938 685 1248 758 έπομένωψ
1275 687 1370 740 καὶ
1400 687 1500 759 τῆς
1544 687 1825 759 Ἀνδρομέ-

1169 704 1248 740 υνν
1275 687 1370 740 καὶ
1400 687 1500 759 τῆς
1544 687 1825 759 Ἀνδρομέ-
1929 688 2140 746 Cancer
2169 691 2304 746 hora
2335 693 2388 756 1,
2415 700 2467 747 et
2491 691 2562 746 24
2589 700 2766 763 parte.

234 788 332 852 δας
377 790 407 841 6
448 785 732 859 ἀριστερὸς
783 783 949 848 ποῦς,
1006 783 1199 854 μικρὸν
1255 782 1680 854 ὑπολειπόμενος
1715 782 1810 837 τοῦ
1853 787 2248 859 μεσημϐρινοῦ.
2293 787 2595 841 Ἀνατέλλει
2626 788 2683 841 δὲ
2718 790 2746 841 6
2775 788 3047 860 Καρκίνος
3069 788 3128 841 ἐν
3153 785 3271 860 ὥρᾳ
3299 783 3370 853 α’,
3411 786 3503 841 καὶ

238 889 288 938 κ’
311 884 406 936 καὶ
429 882 470 934 δ’
509 879 683 951 μέρει.

313 975 484 1028 Ὅταν
514 973 570 1025 δὲ
593 974 622 1025 6
647 971 798 1025 Λέων
831 970 1116 1043 ἀνατέλλῃ,
1148 969 1527 1024 συνανατέλλει
1553 971 1649 1042 μὲν
1675 969 1824 1042 αύτῷ

1993 968 2128 1023 Cum
2157 969 2338 1026 Leone
2380 971 2702 1027 conscendit
2733 972 2990 1028 zodiacus
3039 988 3069 1028 a
3116 973 3316 1028 Cancri
3349 981 3503 1045 parte

235 1070 266 1121 6
293 1065 557 1132 ζωδιακὸς
585 1066 692 1119 ἀπὸ
725 1065 1002 1136 Καρκίνου
1046 1064 1157 1135 μοί.
1184 1071 1234 1134 η’
1266 1063 1439 1135 μέσης
1464 1063 1568 1128 ⁴έως
1597 1063 1827 1126 Λέοντος

1931 1059 1964 1115 8
2023 1061 2201 1116 media
2247 1063 2314 1118 ad
2350 1063 2550 1120 Leonis
2594 1065 2660 1119 19
2711 1066 2989 1130 mediam;
3037 1067 3299 1121 culminat
3339 1081 3369 1120 a
3414 1065 3505 1120 Pi-

241 1160 310 1214 ιθ¹
343 1159 514 1230 μέσης
532 1174 547 1190 ο
585 1160 908 1230 μεσουρανεί
931 1157 988 1210 δὲ
1017 1156 1124 1210 ἀπὸ
1156 1154 1377 1225 Ἰχθύων
1405 1163 1454 1208 κ’
1476 1157 1580 1218 ἓως
1613 1155 1826 1228 Ταύρου

1927 1152 2102 1207 scium
2146 1153 2217 1208 20
2250 1153 2316 1207 ad
2366 1153 2533 1209 Tauri
2565 1155 2631 1208 12
2669 1156 2923 1211 mediam.
2975 1154 3131 1210 Prior
3177 1158 3334 1211 stella
3370 1172 3504 1212 con-

243 1250 312 1320 ιβ’
346 1250 537 1320 μέσης.
571 1248 684 1302 Καὶ
714 1254 760 1300 α’
801 1246 899 1319 μὲν
941 1247 1116 1319 ἀστὴρ
1154 1245 1432 1300 ἀνατέλλει
1475 1246 1582 1300 τῶν
1628 1247 1720 1300 ἐπὶ
1760 1249 1827 1318 τῇ

1928 1245 2103 1314 surgit
2138 1247 2597 1314 antecedentium,
2629 1263 2750 1318 quae
2804 1256 2934 1302 sunt
2985 1248 3037 1301 in
3079 1247 3280 1318 capite,
3317 1249 3505 1303 borea-

240 1344 454 1415 κεφαλῇ
484 1345 513 1395 6
565 1341 902 1414 βορειότερος
953 1340 1060 1394 τῶν
1105 1341 1446 1412 ἡγουμένων,
1493 1341 1720 1411 ἔσχατος
1768 1341 1824 1394 δὲ

1928 1338 2065 1404 lior;
2095 1346 2372 1408 postrema
2402 1356 2532 1397 vero
2565 1356 2753 1395 earum
2777 1357 2898 1412 qua:
2932 1349 3060 1398 sunt
3095 1341 3148 1396 in
3184 1341 3503 1412 posteriori-

240 1438 352 1492 τῶν
380 1441 436 1490 ἐν
458 1438 570 1500 τοῖς
595 1435 863 1499 ὀπισθίοις
889 1435 1035 1489 ποσί.
1071 1437 1414 1508 Μεσουρανεῖ
1438 1435 1495 1488 δὲ
1519 1434 1624 1488 τῶν
1652 1433 1827 1489 ἄλλων

1928 1430 2030 1487 bus
2055 1433 2284 1502 pedibus
2317 1473 2330 1486 .
2369 1472 2384 1487 .
2420 1477 2434 1488 .
2476 1475 2490 1488 .
2526 1433 2606 1488 Ex
2643 1435 2766 1491 aliis
2799 1436 2973 1491 stellis
3001 1435 3268 1490 culminat
3325 1436 3501 1508 prima

237 1530 492 1602 ἀστέρων
550 1527 598 1582 α’
654 1528 754 1600 μὲν
809 1528 908 1599 τῆς
959 1545 1017 1580 τε
1069 1527 1428 1600 Ἀνδρομέδας
1481 1529 1510 1581 6
1563 1527 1827 1598 ἑπόμενος

1929 1525 2233 1583 succedens
2275 1542 2487 1595 earum,
2523 1543 2644 1599 quae
2685 1536 2815 1583 sunt
2843 1531 2896 1582 in
2936 1529 3296 1584 Andromedae
3330 1544 3500 1594 zona,

238 1623 352 1676 τῶν
376 1624 435 1675 ὲν
468 1625 533 1693 τῇ
566 1618 732 1692 ζώνῃ,
763 1621 855 1674 καὶ
881 1619 976 1673 τοῦ
1024 1621 1081 1674 ὲν
1113 1620 1192 1692 τῷ
1219 1622 1393 1692 Κήτει
1421 1618 1825 1692 τετραπλεύρου

1930 1624 1984 1672 et
2018 1618 2290 1673 borealior
2321 1619 2728 1683 succedentium
2763 1621 2818 1675 in
2848 1621 2967 1677 Ceti
2989 1621 3287 1688 laterculo;
3313 1622 3503 1677 ultima

237 1717 270 1768 6
317 1713 650 1785 βορειότερος
698 1711 810 1765 τῶν
869 1710 1182 1783 ἑπομένων·
1224 1711 1450 1782 έσχατος
1500 1711 1557 1764 δὲ
1609 1710 1719 1764 τῶν
1766 1727 1826 1762 τε

1929 1725 2079 1773 vero,
2128 1709 2469 1767 lucidissima
2522 1709 2883 1777 Sucularum,
2932 1719 2980 1767 et
3019 1728 3141 1783 quae
3183 1713 3240 1767 in
3287 1712 3503 1783 Aurigze

253 1805 463 1884 '1‘66wv
508 1807 536 1858 6
567 1803 976 1875 λαμπρότατος·
1014 1803 1108 1856 καὶ
1145 1802 1237 1856 τοῦ
1278 1802 1520 1873 Ἠνιόχου
1577 1804 1606 1856 6
1650 1805 1707 1856 ἐν
1744 1803 1822 1872 τῷ

1933 1799 2143 1855 sinistri
2188 1801 2358 1854 cubiti
2385 1799 2550 1864 ﬂexu,
2597 1801 2755 1873 quasi
2799 1801 3121 1856 semicubito
3154 1802 3290 1857 citra
3339 1801 3503 1857 meri-

242 1895 521 1969 ἀριστερῷ
564 1895 794 1964 ἀγκῶνι,
829 1894 904 1958 ώς
947 1896 1244 1966 ἡμιπήχιον
1279 1893 1704 1965 ὑπολειπόμενος
1735 1892 1826 1946 τοῦ

1549 1911 1704 1965 μενος
1735 1892 1826 1946 τοῦ
1930 1892 2154 1946 dianum
2188 1893 2388 1964 posita.
2419 1893 2606 1948 Oritur
2632 1891 2741 1948 Leo
2777 1893 2928 1948 horis
2958 1893 3012 1959 ὅ,
3048 1892 3146 1950 15¹.

245 1987 643 2061 μεσημϐρινοῦ.
678 1987 982 2041 Ἀνατέλλει
1019 1988 1075 2042 δὲ
1105 1990 1134 2040 6
1162 1987 1314 2042 Λέων
1347 1987 1404 2040 έν
1438 1986 1609 2059 ὥραις
1653 1993 1700 2056 γ’
1735 1986 1830 2040 καὶ

238 2082 286 2134 δ’
323 2081 497 2152 μέρει.

315 2173 428 2243 Τῆς
453 2173 509 2226 δὲ
544 2170 820 2243 Παρθένου
863 2169 1280 2241 ἀνατελλούσης,
1317 2171 1695 2226 συνανατέλλει
1729 2171 1832 2243 μὲν

2003 2172 2139 2228 Cum
2170 2172 2399 2245 Virgine
2420 2175 2632 2231 zodiaci
2662 2192 2791 2248 pars
2822 2178 3018 2243 oritur,
3049 2195 3172 2249 qua:
3193 2187 3280 2236 est
3305 2195 3334 2234 a
3363 2179 3501 2237 Leo-

244 2266 387 2334 αὐτῇ
417 2265 450 2316 6'
468 2260 729 2326 ζωδιακὸς
763 2261 871 2314 ἀπὸ
909 2261 1136 2324 Λέοντος
1169 2261 1281 2332 μοί.
1313 2261 1358 2332 β’
1388 2263 1482 2316 καὶ
1510 2268 1558 2315 κ’
1587 2261 1692 2325 ’έως
1719 2263 1832 2334 Χη-

1934 2266 2018 2321 nis
2065 2265 2136 2319 2‘2
2179 2266 2246 2321 ad
2295 2266 2472 2322 Libra:
2515 2267 2578 2334 8;
2623 2256 2887 2324 culminat
2939 2285 2971 2324 a
3015 2271 3194 2326 media
3241 2280 3394 2342 parte
3436 2275 3503 2330 l5

239 2357 352 2408 λῶν
383 2362 465 2425 η’·
494 2356 818 2425 μεσουρανεῖ
842 2353 897 2406 δὲ
923 2352 1032 2406 ἀπὸ
1057 2352 1270 2424 Ταύρου
1301 2354 1411 2425 μοί.
1439 2360 1497 2407 ιε’
1531 2355 1702 2426 μέσης
1729 2354 1834 2418 ’έως

1934 2354 2102 2410 Tauri
2137 2356 2204 2410 ad
2253 2356 2287 2412 9
2334 2356 2551 2413 Cancri.
2595 2357 2776 2414 Prima
2825 2361 3001 2414 oritur
3051 2377 3261 2428 earum,
3289 2380 3409 2434 quae
3447 2366 3504 2420 in

243 2449 523 2521 Καρκίνου
557 2447 621 2501 θ’.
656 2446 768 2500 Καὶ
806 2452 852 2498 α’
887 2445 986 2516 μὲν
1017 2445 1193 2516 ἀστὴρ
1221 2445 1499 2500 ἀνατέλλει
1540 2445 1648 2500 τῶν
1680 2449 1737 2499 ὲν
1762 2449 1829 2517 τῇ

1932 2448 2110 2517 capite
2136 2458 2283 2513 sunt,
2329 2451 2682 2507 antecedente
2720 2453 3025 2519 horealior;
3055 2462 3352 2524 postrema,
3384 2473 3509 2528 qua:

242 2541 455 2613 κεφαλῇ
488 2541 516 2592 6
552 2539 888 2612 βορειότερος
933 2537 1028 2590 τοῦ
1076 2537 1404 2608 ἡγουμένου,
1449 2537 1675 2608 ἔσχατος
1713 2538 1769 2592 δὲ
1803 2538 1830 2589 6

1931 2546 2015 2592 est
2053 2538 2108 2591 in
2147 2537 2341 2593 dextro
2370 2539 2523 2609 pede.
2558 2539 2837 2595 Culminat
2869 2552 3187 2598 cwterarum
3211 2547 3382 2616 prior,
3418 2530 3503 2602 lu-

243 2637 304 2688 ὲν
339 2634 415 2701 τῷ
444 2631 601 2702 δεξιῷ
634 2631 774 2686 ποδί.
808 2631 1148 2701 Μεσουρανεϊ
1187 2629 1244 2681 δὲ
1285 2628 1395 2682 τῶν
1436 2628 1611 2682 ἄλλων
1641 2636 1690 2682 α’
1731 2630 1830 2700 μὲν

1932 2629 2076 2690 cida,
2106 2645 2228 2700 quae
2251 2630 2303 2684 in
2335 2631 2564 2686 sinistro
2591 2632 2818 2688 humero
2847 2643 2930 2690 est
2958 2635 3192 2706 Aurigae.
3223 2637 3505 2695 Postrema

125 2738 131 2744 ‘
241 2727 341 2781 τοῦ
376 2726 619 2795 Ἡνιόχου
657 2726 685 2777 6
723 2723 816 2775 ὲπὶ
866 2720 960 2774 τοῦ
1011 2719 1303 2794 ἀριστεροῦ
1356 2718 1507 2791 ὤμου
1557 2720 1722 2792 λαμπι

1940 2736 2090 2786 τρι-ο,
2127 2722 2328 2789 lucida,
2358 2738 2480 2793 qua:
2503 2731 2588 2778 est
2617 2722 2672 2777 in
2705 2727 3050 2781 extremitate
3077 2726 3284 2796 Navis;
3323 2737 3377 2783 et
3409 2730 3505 2784 bo—

241 2818 475 2888 εσχατος
505 2815 560 2868 δὲ
582 2815 680 2885 τῆς
703 2831 763 2866 τε
808 2811 1035 2884 Ἀργοῦς
1063 2815 1092 2864 6
1127 2813 1185 2865 ὲν
1225 2811 1304 2882 τῷ
1328 2811 1662 2882 ἀκροστολίῳ
1690 2810 1822 2882 λαμ-

1929 2813 2132 2868 realior
2159 2828 2372 2879 earum,
2409 2829 2533 2885 quae
2564 2815 2621 2868 in
2664 2816 2808 2870 rictu
2829 2816 3186 2889 ,sunt’Hydri,
3222 2819 3505 2890 quasi-se-

245 2912 386 2983 πρὸς
406 2929 418 2940 ο
456 2910 549 2964 καὶ
585 2907 680 2960 τοῦ
709 2907 911 2978 ’Ύδρου
945 2906 972 2958 6
1005 2904 1342 2976 βορειότερος
1383 2903 1491 2958 τῶν
1523 2905 1581 2957 ὲν
1611 2903 1688 2974 τῷ
1731 2903 1829 2974 χά-

1930 2907 2196 2962 micubito
2223 2907 2362 2963 citra
2405 2908 2771 2983 meridianum
2820 2911 2944 2968 sita.
2988 2910 3176 2968 Oritur
3202 2912 3368 2987 Virgo
3399 2914 3502 2969 ho-

246 3021 439 3077 σματι,
468 3000 889 3071 ὑπολειπόμενος
938 2997 1033 3052 τοῦ
1084 2997 1457 3070 μεσημϐρινοῦ
1498 2998 1573 3061 ὡς
1615 2998 1826 3069 ὴμιπή-
1930 2999 2008 3054 ris
2034 3000 2086 3064 δ’
2119 3000 2224 3055 43v.

246 3114 386 3169 χιον.
436 3093 739 3148 Ἀνατέλλει
766 3092 822 3146 δὲ
859 3093 892 3163 ὴ
936 3089 1213 3163 Παρθένος
1237 3093 1293 3144 ὲν
1319 3091 1490 3164 ὥραις
1515 3099 1562 3161 γ’
1587 3092 1681 3145 καὶ¹
1709 3092 1831 3146 τέσ-
1857 3090 1900 3150 C

247 3207 318 3243 σα
327 3205 414 3261 ρσι
441 3204 664 3256 πεμπτη
673 3184 900 3257 μορίοις.
2575 3221 2580 3227 .

319 3281 395 3334 6'.
429 3281 595 3332 Ὅταν
640 3279 696 3332 δὲ
734 3277 790 3330 αἱ
823 3275 1000 3346 Χηλαὶ
1048 3275 1409 3342 ἀνατέλλωσι,
1458 3275 1831 3330 συνανατέλλει

2004 3266 2094 3321 IX.
2133 3266 2363 3335 Quando
2392 3270 2575 3326 Chelae
2625 3271 2900 3334 oriuntur,
2949 3287 3073 3326 cum
3122 3272 3209 3328 his
3257 3275 3503 3330 ascendit

250 3372 354 3443 μὲν
405 3370 595 3433 αὑταῖς
636 3369 666 3420 6
723 3365 986 3430 ζωδιακὸς
1047 3365 1154 3418 ἀπὸ
1204 3364 1400 3435 Χηλῶν
1447 3366 1557 3436 μοί.
1612 3364 1684 3432 ις’
1727 3366 1834 3430 ἕως

1933 3359 2191 3417 zodiacus
2219 3377 2249 3416 a
2281 3361 2576 3418 Chelarum
2619 3372 2775 3433 parte
2799 3363 2865 3416 16
2897 3362 2964 3417 ad
3015 3362 3227 3435 Scorpii
3255 3365 3352 3430 16;
3388 3367 3503 3421 cul-

248 3462 521 3534 Σκορπίου
556 3459 665 3530 μοί.
705 3464 805 3523 ις”
838 3458 1163 3528 μεσουρανεῐ
1205 3456 1263 3508 δὲ
1310 3455 1420 3510 ἀπὸ
1456 3456 1731 3528 Καρκίνου
1765 3463 1830 3529 ιη’

1933 3453 2102 3508 minat
2149 3470 2180 3510 a
2218 3454 2419 3510 Cancri
2455 3456 2544 3521 18,
2595 3455 2662 3509 ad
2709 3455 2908 3512 Leonis
2945 3458 3030 3510 11.
3081 3456 3236 3512 Prior
3277 3459 3503 3531 emergit

246 3555 356 3618 ἓως
382 3553 610 3614 Λέοντος
641 3557 729 3604 ια’.
760 3549 867 3601 Καὶ
889 3547 937 3602 α’
963 3549 1060 3619 μὲν
1089 3547 1261 3619 ἀστὴρ
1288 3548 1567 3602 ἀνατέλλει
1599 3551 1627 3602 6
1650 3548 1834 3603 νοτιώ-

1933 3548 2229 3604 australior
2257 3558 2310 3603 et
2348 3547 2528 3602 lucida
2560 3563 2773 3612 earum,
2819 3564 2942 3619 qua:
2988 3550 3042 3604 in
3078 3551 3339 3607 extremis
3375 3564 3503 3608 sunt

247 3663 408 3719 τερος
433 3643 540 3698 τῶν
581 3644 640 3696 ἐν
670 3641 866 3714 ἄκραις
911 3644 1030 3704 ταῖς
1061 3641 1267 3713 Χηλαῖς
1302 3640 1575 3713 λαμπρὸς,
1607 3641 1835 3712 ἔσχατος

1934 3639 2152 3708 Chelis;
2191 3641 2382 3694 ultima
2415 3654 2544 3695 vero
2585 3655 2774 3696 earum
2806 3656 2928 3711 qua:
2964 3641 3020 3696 in
3067 3641 3244 3700 fronte
3289 3643 3502 3718 Scorpii

247 3740 304 3793 δὲ
339 3740 369 3792 6
400 3735 720 3798 νοτιώτατος
766 3733 875 3787 τῶν
913 3735 971 3786 ὲν
1018 3733 1096 3805 τῷ
1125 3732 1362 3804 μετώπῳ
1405 3733 1498 3786 τοῦ
1537 3734 1831 3806 Σκορπίου.

1935 3741 2086 3796 ευηι,
2133 3733 2447 3788 australior.
2506 3731 2836 3787 Caaterarum
2881 3733 3055 3803 prima
3095 3737 3360 3792 culminat
3407 3753 3505 3793 au-

250 3831 590 3900 Μεσουρανεί
621 3827 678 3881 δὲ
702 3825 810 3880 τῶν
842 3825 1018 3880 ἄλλων
1056 3825 1302 3897 ἀστέρων
1329 3832 1377 3882 α’
1413 3826 1511 3897 μὲν
1541 3823 1650 3882 τῶν
1678 3830 1736 3883 ἐν
1766 3832 1832 3902 τῇ

1934 3826 2158 3882 stralior
2187 3823 2628 3880 antecedentium
2657 3838 2844 3878 earum
2879 3841 3003 3896 qua:
3042 3837 3172 3882 sunt
3213 3828 3269 3883 in
3305 3828 3504 3887 Leonis

251 3923 464 3996 κεφαλῇ
497 3920 592 3975 τοῦ
643 3919 870 3982 Λέοντος
917 3921 946 3973 6
988 3918 1306 3992 νοτιώτερος
1344 3919 1452 3974 τῶν
1493 3922 1831 3993 ἡγουμένων,

1935 3919 2143 3988 capite;
2175 3923 2229 3970 et
2264 3915 2536 3970 borealior
2563 3930 2753 3970 carum
2787 3929 2906 3986 quae
2935 3925 3065 3973 sunt
3090 3919 3144 3974 in
3180 3921 3359 3991 Argus
3391 3937 3503 3976 me-

251 4015 350 4071 atui.
372 4014 473 4084 τῆς
509 4011 736 4083 ’Δργοῦς
759 4011 787 4062 6
810 4009 1145 4082 βορειότερος
1165 4011 1271 4063 τῶν
1300 4012 1356 4064 ὲν
1381 4011 1530 4083 μέσῳ
1563 4013 1640 4084 τῷ
1665 4014 1795 4085 ἱστῷ
1816 4032 1829 4045 ·

1934 4009 2026 4064 dio
2061 4009 2247 4073 malo;
2301 4015 2598 4078 postrema,
2649 4025 2770 4078 quae
2815 4011 2870 4064 in
2921 4009 3121 4066 Leonis
3155 4011 3321 4068 dorso
3351 4022 3501 4078 sunt,

251 4107 480 4176 ἔσχατος
510 4102 564 4156 66
598 4101 691 4154 106
719 4100 947 4161 Λέοντος
967 4100 995 4152 6
1021 4098 1288 4167 ἑπόμενος
1319 4099 1429 4152 τῶν
1461 4101 1518 4152 ὲν
1567 4099 1644 4170 τῷ
1680 4099 1836 4172 νώτῳ

1935 4101 2166 4175 duarum
2231 4100 2514 4154 stellarum
2587 4100 2953 4172 subsequens.
3009 4100 3274 4157 Oriuntur
3322 4103 3503 4160 Glicia

255 4200 298 4270 β’
323 4199 588 4268 ἀστέρων.
635 4193 1006 4248 Ἀνατέλλουσι
1034 4191 1091 4244 66
1123 4194 1178 4244 αἱ
1217 4192 1392 4262 Χηλαὶ
1429 4196 1486 4248 ὲν
1521 4194 1640 4267 ὥρα
1665 4195 1713 4248 α’
1741 4197 1834 4250 καὶ
1935 4193 2069 4248 hora
2101 4193 2154 4257 1,
2180 4191 2284 4247 56'.

253 4298 302 4360 γ’
347 4306 414 4342 πε
423 4305 572 4360 μπτη
582 4285 811 4358 μορίοις.

326 4377 433 4431 Τοῦ
477 4378 534 4431 δὲ
586 4376 853 4447 Σκορπίου
898 4374 1293 4442 ἀνατέλλοντος,
1322 4378 1695 4431 συνανατέλλει
1737 4380 1834 4449 μὲν

2005 4375 2144 4430 Cum
2175 4373 2404 4445 Scorpio
2444 4373 2705 4432 zodiacus
2745 4391 2774 4428 a
2804 4385 2958 4446 parte
2989 4378 3023 4432 5
3052 4377 3262 4448 Scorpii
3298 4379 3363 4434 ad
3399 4378 3501 4434 Sa-

252 4470 405 4542 αύξῷ
444 4472 472 4523 6
510 4469 770 4535 ζωδιακὸς
801 4467 908 4521 ἀπὸ
939 4467 1208 4538 Σκορπίου
1246 4469 1353 4538 μοι.
1385 4477 1436 4538 γ’
1470 4470 1574 4534 ἕως
1607 4470 1834 4536 Τοξότου

1904 4488 1910 4522 ›
1939 4468 2144 4539 gittarii
2171 4469 2203 4521 9
2234 4467 2520 4535 ascendit;
2553 4469 2817 4523 culminat
2849 4485 2879 4523 a
2919 4469 3116 4525 Leonis
3156 4472 3190 4526 8
3223 4471 3399 4527 media
3433 4473 3501 4528 ad

252 4566 335 4619 θ’·
372 4565 694 4636 μεσουρανεῖ
739 4561 794 4614 δὲ
841 4562 948 4616 ἀπὸ
991 4560 1218 4624 Λέοντος
1265 4564 1376 4631 μοί.
1423 4571 1472 4635 η’
1517 4565 1693 4634 μέσης
1731 4565 1834 4628 ἕως

1936 4560 2171 4616 mediam
2195 4560 2266 4615 25
2297 4559 2564 4632 Virginis.
2597 4561 2785 4616 Oritur
2809 4563 2983 4632 prima
3008 4563 3242 4620 borealis
3268 4565 3503 4622 maxime

250 4655 534 4728 Παρθένου
561 4663 645 4720 κγ’
683 4653 873 4724 μέσης.
913 4651 1020 4704 Καὶ
1061 4658 1109 4704 α’
1145 4652 1242 4720 μὲν
1281 4652 1455 4726 ἀστὴρ
1499 4655 1774 4708 ἀνατέλλει
1806 4656 1834 4708 6

1936 4652 1991 4706 in
2024 4651 2202 4707 fronte
2245 4653 2584 4722 positarum;
2635 4654 2930 4708 novissime
2961 4668 3090 4708 vero
3125 4655 3286 4710 tertia
3324 4664 3502 4712 verte-

253 4749 597 4823 βορειότατος
619 4746 726 4800 τῶν
751 4747 808 4798 ὲν
837 4744 913 4816 τῷ
937 4742 1190 4815 μετώπῳ,
1218 4744 1442 4815 ἔσχατος
1468 4745 1524 4799 δὲ
1552 4748 1580 4800 6
1603 4753 1653 4816 γ’
1676 4748 1835 4816 σφόν-

1934 4743 2034 4798 bra
2059 4743 2126 4798 ab
2155 4758 2241 4808 ea,
2279 4759 2400 4813 quae
2441 4753 2526 4798 est
2557 4743 2610 4797 in
2641 4743 2936 4807 Centauro,
2981 4752 3304 4813 numerata;
3349 4757 3500 4802 sexta

249 4847 414 4909 δυλος
447 4844 554 4898 ἀπὸ
593 4842 685 4896 τοῦ
710 4843 766 4894 ὲν
799 4838 877 4910 τῷ
912 4839 1210 4909 Κενταύρῳ
1235 4837 1655 4910 ἀριθμούμενος,
1696 4849 1748 4907 ς’
1776 4841 1832 4894 δὲ

1934 4850 2100 4907 porro
2134 4836 2202 4890 ab
2234 4836 2323 4900 iis,
2358 4850 2480 4906 quaz
2513 4845 2644 4890 sunt
2675 4835 2730 4888 in
2760 4843 3000 4905 pectore.
3033 4835 3310 4892 Culminat
3339 4847 3501 4895 caete.

252 4941 334 4994 ὢν
356 4939 461 4992 τῶν
495 4935 632 5008 μετά
661 4935 786 4997 τοὺς
828 4934 887 4984 ὲν
915 4930 993 5001 τῷ
1022 4929 1224 5002 στήθει.
1270 4933 1609 5004 Μεσουρανεῖ
1637 4933 1694 4987 δὲ
1724 4933 1832 4987 τῶν

1934 4944 2120 4984 rarum
2165 4929 2336 4999 prior,
2383 4928 2561 4982 lucida
2600 4942 2722 4997 qua:
2769 4935 2855 4983 est
2902 4928 2956 4981 in
3006 4936 3227 4998 pectore
3275 4931 3501 5001 majoris

251 5032 432 5088 ἄλλων
484 5028 699 5102 πρῶτος
735 5026 832 5098 μὲν
872 5025 971 5094 τῆς
1016 5023 1256 5094 μεγάλης
1300 5024 1530 5094 ⁸Ἀρκτου
1588 5027 1617 5078 6
1654 5026 1713 5078 ὲν
1755 5024 1832 5096 τῷ

1936 5021 2120 5090 Ursae;
2146 5031 2202 5078 et
2232 5024 2288 5076 in
2316 5022 2501 5094 Hydra
2524 5030 2762 5092 quatuor
2793 5036 2822 5074 a
2860 5023 3199 5077 lucidissima
3223 5033 3351 5081 ante
3371 5024 3502 5080 Cra-

256 5124 448 5194 στήθει
471 5121 740 5193 λαμπρὸς,
780 5119 872 5171 καὶ
903 5117 996 5171 τοῦ
1030 5115 1228 5187 ’Ὑδρου
1254 5115 1362 5168 τῶν
1399 5116 1538 5187 μετά
1574 5117 1666 5170 τὸν
1694 5117 1833 5190 λαμ-

1934 5120 2104 5167 terem
2121 5113 2350 5167 sitarum
2375 5113 2442 5166 ab
2459 5110 2740 5166 occidente
2761 5111 2924 5166 tertia
2947 5130 2961 5179 ;
2986 5113 3283 5170 novissime
3303 5115 3464 5186 Spica
3483 5158 3497 5182 ,

254 5214 525 5281 πρότατον
552 5212 592 5265 δ’
614 5210 722 5264 τῶν
750 5208 855 5280 πρὸ
886 5207 977 5261 τοῦ
1010 5207 1296 5278 Κρατῆρος
1326 5208 1354 5260 6
1378 5205 1425 5275 γ’
1452 5207 1560 5261 ἀπὸ
1591 5208 1793 5273 δύσεως
1813 5225 1826 5238 ⁸

1933 5214 1987 5261 et
2024 5205 2284 5261 Centauri
2332 5205 2558 5261 sinister
2604 5204 2890 5270 humerus,
2933 5208 3092 5276 quasi
3139 5208 3500 5264 semicubitali

255 5304 484 5374 ἔσχατος
511 5303 566 5355 δὲ
595 5302 622 5356 ὅ
649 5317 708 5354 τε
742 5299 970 5369 Στάχυς,
1021 5297 1114 5350 καὶ
1163 5295 1254 5349 τοῦ
1297 5297 1610 5370 Κενταύρου
1645 5302 1673 5353 6
1711 5301 1832 5371 ἀρι-

1934 5300 2112 5370 spatio
2144 5299 2506 5355 meridianum
2532 5297 2865 5368 praecedens.
2900 5296 3087 5352 Oritur
3118 5299 3381 5370 Scorpius
3403 5300 3502 5354 ho-

258 5396 450 5465 στερὸς
487 5388 668 5466 ὦμος,
709 5393 786 5455 ὡς
825 5390 1127 5462 ἡμιπήχιον
1160 5389 1566 5462 προηγούμενος
1607 5392 1700 5446 τοῦ
1738 5411 1833 5463 με-

1160 5389 1566 5462 προηγούμενος
1607 5392 1700 5446 τοῦ
1738 5411 1833 5463 με-
1934 5396 2010 5450 ris
2039 5395 2093 5459 5,
2126 5393 2362 5464 demptis
2394 5391 2427 5446 6
2456 5391 2750 5462 scrupulis.

257 5485 583 5559 σημϐρινοῦ.
630 5483 932 5538 Ἀνατέλλει
973 5481 1030 5535 δὲ
1080 5481 1108 5532 6
1155 5480 1417 5551 Σκορπίος
1461 5482 1519 5534 ὲν
1563 5482 1734 5554 ὥραις
1785 5490 1829 5550 γ’

257 5580 574 5642 λειπούσαις
612 5583 642 5631 ι’
656 5604 660 5608 π
674 5576 850 5657 μέρει.

333 5671 439 5725 Τοῦ
488 5672 543 5724 δὲ
585 5656 812 5736 Τοξότου
861 5667 1257 5729 ἀνατέλλοντος,
1303 5665 1677 5720 συνανατέλλει
1730 5665 1830 5737 μὲν

2000 5660 2136 5714 Cum
2169 5659 2498 5731 Sagittarius
2532 5657 2730 5721 oritur,
2759 5656 3008 5713 ascendit
3051 5671 3174 5710 cum
3216 5671 3284 5712 eo
3315 5656 3500 5711 zodia-

258 5763 408 5835 αύτῷ
449 5767 478 5818 6
526 5762 783 5828 ζωδιακὸς
829 5762 936 5818 ἀπὸ
977 5761 1202 5828 Τοξότου
1252 5757 1359 5828 μοί.
1409 5765 1460 5822 ς’
1516 5758 1685 5830 μέσης
1723 5758 1826 5821 ἕως

1931 5769 2029 5810 cus
2059 5771 2088 5810 ιι
2130 5763 2284 5826 parte
2322 5754 2354 5808 6
2384 5752 2666 5823 Sagittarii
2697 5750 2876 5810 media
2925 5751 2995 5808 ad
3037 5749 3359 5824 Capricorni
3397 5750 3491 5816 18,
