4044 6220
525 224 665 281 “23

1533 225 1623 278 AD
1662 220 1925 278 EUbEBIl
1960 219 2354 277 CHRONICON
2397 214 2754 272 APPENDIX.

3594 211 3618 265 l
3633 211 3738 269 121»

523 335 788 392 culminat
816 347 846 387 a
875 339 1029 404 parte
1057 332 1234 388 media
1258 331 1498 405 Virginis
1525 333 1600 388 20
1625 333 1691 386 ad
1717 332 1926 404 Scorpii
1955 349 2064 388 me-

2194 331 2454 402 λῐγόκερω
2481 335 2578 400 ιη’·
2612 326 2936 399 μεσουρανεῖ
2960 323 3016 378 δὲ
3042 322 3147 376 ἀπὸ
3177 322 3451 396 Παρθένου
3483 329 3531 377 κ’
3566 323 3744 396 μέσης

522 427 670 482 diam
691 427 744 482 9.
779 423 935 478 Prior
964 425 1138 478 oritur
1169 426 1324 481 stella
1347 440 1467 496 quae
1493 433 1576 480 est
1606 425 1659 479 in
1691 424 1954 495 cuspide;
1995 425 2079 477 ul-

523 521 660 574 tima
692 530 820 571 vero
854 514 1054 578 lucida,
1101 532 1221 585 quae
1267 524 1350 571 est
1388 517 1442 570 in
1488 516 1716 586 pedibus
1759 495 2080 586 posteriori-

499 608 650 701 ‘bus.
707 607 1038 661 Caeterarum
1089 607 1366 662 stellarum
1410 607 1674 660 culminat
1715 608 1905 676 prima,
1959 620 2080 675 qua:

500 697 610 755 fest
646 700 701 754 in
733 699 956 754 sinistro
984 698 1223 768 Virginis
1254 698 1424 752 cubiti
1453 697 1617 762 ﬂexu,
1655 699 1933 769 paululum
1975 712 2083 752 me-

525 791 799 844 ridianum
841 774 1205 854 antecedens;
1238 788 1425 842 ultima
1453 804 1602 851 vero,
1637 789 1812 843 media
1843 795 1898 844 et
1945 787 2082 841 luci—

526 879 752 935 dissima
783 880 1082 944 stellarum,
1112 893 1232 948 quaz
1264 879 1317 931 in
1353 888 1571 947 pectore
1606 877 1815 950 Scorpii
1840 919 1855 944 ,
1889 885 1942 933 et
1963 892 2082 949 quae

527 970 583 1024 in
617 970 838 1025 sinistra
870 985 1029 1024 manu
1069 979 1153 1024 est
1177 967 1456 1038 Anguil‘eri
1491 989 1503 1024 :
1541 970 1668 1024 item
1700 970 1855 1025 tertia
1886 984 2083 1025 secun-

527 1060 657 1114 dum
710 1060 1099 1130 consequentia
1158 1060 1437 1128 signorum
1487 1060 1552 1113 ab
1601 1060 1779 1114 lucida
1818 1059 2081 1124 Coronaz,

529 1154 688 1223 quasi
711 1151 1016 1208 semicubiti
1049 1151 1336 1205 intervallo
1366 1150 1724 1205 meridianum
1751 1152 2082 1223 praecedens.

530 1242 717 1299 Oritur
745 1240 1074 1312 Sagittarius
1102 1239 1253 1295 boris
1285 1239 1340 1294 5.

599 1330 668 1386 Χ.
709 1330 1046 1400 Capricorno
1086 1329 1433 1395 ascendente,
1464 1327 1720 1384 zodiacus
1754 1329 1925 1383 oritur
1959 1345 2084 1386 cum

529 1437 596 1478 eo
620 1437 650 1475 a
695 1419 972 1490 Sagittarii
1019 1427 1173 1490 parte
1206 1418 1277 1472 29
1308 1419 1481 1474 media
1517 1417 1584 1473 ad
1621 1419 1940 1488 Capricorni
1983 1419 2082 1487 27;

530 1512 794 1568 culminat
841 1526 870 1564 a
912 1510 1087 1565 Libra:
1130 1517 1281 1581 parte
1317 1511 1380 1566 l9
1425 1511 1605 1564 media
1637 1511 1706 1565 ad
1736 1510 1802 1566 18
1850 1508 2085 1580 Scorpii.

532 1599 689 1654 Prior
720 1599 896 1652 oritur
925 1599 1084 1653 stella
1128 1599 1402 1655 borealior
1443 1599 1767 1665 lucidarum,
1801 1617 1922 1671 quae
1961 1607 2089 1657 sunt

2179 423 2282 486 ἔως
2309 422 2571 494 Σκορτιίου
2598 420 2641 472 θ’
2669 419 2856 489 μέσης.
2894 418 3003 470 Καὶ
3035 423 3081 469 α’
3121 417 3217 488 μὲν
3262 417 3436 488 ἀστὴρ
3458 417 3745 472 ἀνατέλλει

2179 514 2208 565 6
2243 515 2300 566 ὲν
2326 516 2392 583 τῇ
2423 511 2586 575 ἀκίδι,
2618 511 2839 580 ἔσχατος
2876 509 2932 562 δὲ
2977 511 3005 561 6
3051 509 3110 561 ὲν
3148 510 3258 571 τοῖς
3299 507 3566 572 ὀπισθίοις
3612 507 3751 562 ποσὶ

2179 604 2445 677 λαμπρός.
2476 605 2810 674 Μεσουρανεῖ
2838 601 2895 654 δὲ
2938 600 3045 656 τῶν
3078 600 3251 654 ἄλλων
3284 600 3526 670 ἀστέρων
3562 607 3611 652 α’
3646 601 3750 670 μὲν

2179 698 2278 768 τῆς
2329 696 2602 768 Παρθένου
2649 698 2677 748 6
2721 696 2778 748 ἔν
2825 693 2901 764 τῷ
2953 691 3222 764 ἀριστερῷ
3261 691 3501 760 ἀγκῶνι,
3549 692 3752 762 μικρὸν

2181 787 2582 860 προηγούμενος
2619 783 2711 837 τοῦ
2749 780 3116 854 μεσημϐρινοῦ
3141 797 3152 809 ·
3203 779 3424 850 ἔσχατος
3456 774 3515 831 δὲ
3547 779 3644 831 τοῦ
3687 795 3754 830 τε

2181 879 2446 950 Σκορπίοο
2477 879 2505 929 6
2537 875 2705 946 μέσος
2740 874 2846 927 τῶν
2890 876 2946 926 ὲν
2993 872 3071 943 τῷ
3113 871 3293 942 στήθει
3339 867 3752 941 λαμπρότατος,

2183 969 2277 1021 καὶ
2303 968 2331 1019 6
2363 970 2418 1020 ἔν
2451 969 2516 1036 τῇ
2547 965 2807 1036 ἀριστερᾷ
2835 963 2976 1033 χειρὶ
3015 960 3106 1014 τοῦ
3146 957 3424 1029 Ὀφιούχου
3446 977 3460 989 ο
3509 959 3607 1011 καὶ
3653 957 3758 1010 τοῦ

2185 1059 2454 1129 Στεφάνου
2483 1059 2511 1110 6
2536 1057 2582 1125 γ’
2609 1056 2715 1109 ἀπὸ
2755 1054 2847 1107 τοῦ
2877 1052 3124 1124 λαμπροῦ
3165 1050 3256 1104 ἐπὶ
3284 1051 3350 1103 τά
3375 1051 3641 1120 ἑπόμενα,
3675 1048 3758 1114 ὡς

2183 1152 2478 1222 ἡμιπήχιον
2530 1146 2938 1219 προηγούμενος
3001 1139 3094 1197 τοῦ
3153 1141 3546 1214 μεσημϐρινοῦ.
3595 1143 3760 1195 Ἀνα-

2183 1239 2354 1291 τέλλει
2379 1237 2436 1290 δὲ
2463 1239 2490 1290 6
2521 1235 2752 1305 Τοξότης
2778 1237 2835 1288 ἐν
2869 1234 3037 1304 ὥραις
3067 1239 3136 1301 γ’.

2254 1331 2310 1384 l'.
2342 1330 2505 1382 Ὅταν
2537 1327 2593 1380 δὲ
2633 1329 2662 1379 6
2695 1328 3006 1397 Αἰγόκερως
3049 1323 3329 1396 ἀνατέλλῃ.
3375 1321 3758 1378 συνανατέλλει

2190 1418 2287 1495 μὲν
2324 1417 2469 1487 αὐτῷ
2497 1419 2525 1470 6
2553 1417 2813 1480 ζωδιακὸς
2843 1417 2949 1470 ἀπὸ
2983 1413 3208 1478 Τοξότου
3237 1415 3347 1485 μοί.
3373 1413 3417 1466 θ’
3449 1415 3541 1466 καὶ
3566 1420 3616 1466 κ’
3657 1413 3758 1483 μέ-

2190 1527 2286 1580 σης
2311 1508 2414 1572 ἕως
2443 1508 2810 1579 Αἱγοκέρωτος
2843 1507 2887 1571 ξ’
2919 1507 3011 1560 καὶ
3057 1513 3132 1560 κ’⁶
3193 1508 3518 1578 μεσουρανεῖ
3549 1506 3609 1558 δὲ
3651 1502 3762 1558 ἀπὸ

2188 1599 2380 1672 Χηλῶν
2411 1600 2474 1652 ιθ¹
2504 1600 2673 1671 μέσης
2696 1599 2799 1663 ἓως
2829 1598 3090 1668 Σκορπιου
3118 1603 3206 1668 ιη’.
3236 1595 3345 1650 Καὶ
3377 1596 3424 1650 α’
3449 1597 3548 1668 μὲν
3575 1597 3762 1669 ἀστὴρ

533 1691 589 1744 in
619 1690 877 1760 genibus;
907 1689 1117 1752 ultima,
1149 1688 1450 1745 succedens
1471 1689 1795 1756 lucidarum,
1819 1707 1939 1762 qua:
1961 1699 2088 1746 sunt

2194 1691 2462 1747 ἀνατέλλει
2484 1692 2511 1743 6
2538 1691 2866 1762 βορειότερος
2891 1690 2998 1742 τῶν
3029 1691 3087 1742 ὲν
3108 1692 3218 1753 τοῖς
3247 1688 3433 1757 γόνασι
3461 1689 3760 1760 λαμπρῶν,

534 1781 590 1836 in
621 1781 816 1836 cauda.
844 1780 1086 1834 Aliarum
1113 1780 1391 1833 stellarum
1424 1780 1660 1834 medium
1686 1782 1809 1836 coeli
1833 1783 2089 1838 verticem

535 1880 684 1930 tenet
721 1871 891 1944 prior,
923 1871 1261 1926 lucidissima
1287 1886 1497 1935 earum,
1525 1888 1646 1942 quae
1679 1883 1807 1928 sunt
1834 1875 1888 1929 in
1911 1875 2091 1931 Bootae

535 1965 756 2037 cingulo
785 1983 798 2019 :
825 1973 879 2019 et
920 1962 974 2016 in
1017 1961 1201 2017 Chelis
1247 1962 1582 2018 antecedens
1625 1971 1882 2019 extremae
1914 1965 2093 2021 Chela:

536 2055 790 2112 borealis.
835 2054 963 2108 Item
991 2051 1190 2115 lucida,
1235 2067 1356 2122 qua:
1399 2053 1453 2106 in
1497 2051 1761 2122 Serpente
1793 2071 1890 2124 per
1926 2055 2094 2115 Ursas

537 2155 752 2204 meante
780 2147 849 2202 ab
874 2146 1218 2201 extremitate
1239 2145 1426 2199 cauda:
1451 2145 1612 2198 tertia
1643 2158 1979 2212 numeratur,
2011 2164 2096 2204 se-

537 2237 839 2294 micubitali
883 2237 1060 2307 spatio
1103 2235 1461 2290 meridianum
1507 2236 1856 2307 praecedens;
1905 2240 2096 2294 ultimo

539 2329 802 2384 culminat
834 2328 1023 2382 dexter
1047 2327 1309 2382 humerus
1337 2327 1633 2399 lngeniculi
1659 2346 1674 2393 ;
1700 2337 1752 2384 et
1784 2346 1906 2401 qua:
1944 2347 1974 2385 a
2011 2347 2098 2387 se-

540 2418 852 2491 ptentrione
877 2419 1087 2488 adjacet
1113 2435 1177 2474 ex
1208 2419 1274 2475 iis
1306 2433 1426 2489 quae
1466 2419 1520 2474 in
1548 2420 1740 2476 dextro
1769 2438 1930 2478 crure
1971 2432 2099 2478 sunt

541 2510 810 2583 ejusdem.
831 2509 1017 2566 Oritur
1043 2509 1406 2581 Capricornus
1436 2511 1568 2566 liora
1597 2514 1646 2578 1,
1679 2513 1781 2569 50’.

612 2695 750 2752 Cum
800 2694 1039 2766 Aquario
1101 2694 1360 2751 zodiacus
1415 2694 1647 2766 emergit
1697 2709 1727 2747 a
1781 2692 2098 2764 Capricorni

542 2795 699 2860 parte
745 2787 779 2842 6
825 2788 891 2843 ad
933 2787 1156 2858 Aquarii
1197 2787 1262 2842 2l
1308 2786 1578 2849 mediam;
1630 2787 1892 2840 culminat
1939 2802 1969 2839 a
2008 2785 2100 2839 Li-

544 2877 656 2931 bra:
680 2876 748 2930 27
779 2875 844 2931 ad
873 2874 1149 2948 Sagittarii
1174 2877 1235 2954 7._
1257 2875 1435 2928 Prima
1475 2875 1755 2929 stellarum
1789 2877 1968 2930 oritur
1999 2891 2098 2930 an-

545 2968 800 3024 tecedens
836 2983 954 3022 eam
1000 2982 1120 3038 qum
1169 2972 1251 3020 est
1295 2967 1350 3019 in
1406 2981 1570 3018 manu
1619 2966 1871 3032 sinistra;
1908 2967 2098 3020 ultima

545 3073 697 3126 vero,
730 3057 908 3112 lucida
937 3056 1089 3126 pedis
1113 3053 1307 3109 dextri.
1335 3052 1607 3108 Culmiuat
1635 3071 1664 3107 e
1693 3055 1902 3107 caeteris
1926 3055 2095 3123 prior,

547 3165 670 3222 quae
705 3155 790 3204 est
829 3148 887 3202 in
918 3146 1094 3215 capite
1140 3145 1339 3198 Bootae.
1381 3141 1607 3206 Ultima,
1642 3143 1911 3198 borealior
1941 3143 2102 3215 138

549 3254 739 3297 earum
761 3252 881 3310 qua:
905 3244 1030 3293 sunt
1055 3236 1108 3289 in
1139 3250 1266 3289 arcu
1300 3233 1615 3304 Sagittarii;
1647 3241 1699 3288 et
1728 3243 1837 3289 tres
1864 3235 1918 3290 iu
1954 3235 2102 3290 dire-

551 3342 695 3388 ctum
722 3328 932 3400 posita,
976 3341 1038 3380 ac
1071 3325 1294 3380 nomine
1335 3332 1605 3391 carentes,
1650 3339 1770 3393 qua:
1802 3326 2103 3380 secundum

552 3421 804 3477 dextrum
833 3419 1114 3473 humerum
1138 3413 1406 3487 Opbiuchi
1440 3434 1452 3470 :
1486 3430 1584 3470 nec
1609 3431 1717 3469 non
1751 3415 1952 3478 lucida,
1983 3431 2105 3485 quae

551 3522 636 3571 est
659 3514 714 3568 in
743 3511 966 3568 sinistro
1007 3510 1213 3566 femore
1240 3507 1562 3581 lngeniculi,
1595 3508 1751 3578 quasi
1777 3507 2104 3562 semicubito

554 3601 916 3659 meridianum
953 3601 1282 3672 praecedens.
1329 3597 1515 3654 Oritur
1546 3597 1822 3668 Aquarius
1859 3597 2011 3653 horis
2046 3597 2102 3662 ‘2,

554 3704 608 3751 et
639 3695 880 3766 partibus
909 3692 1138 3750 duabus.

628 3897 878 3956 Piscibus
917 3898 1235 3961 orientibus,
1276 3893 1518 3952 ascendit
1548 3907 1671 3948 cum
1703 3891 1809 3946 illis
1853 3889 2110 3945 zodiacus

559 3993 628 4047 ab
655 3990 880 4062 Aquarii
921 4001 1074 4061 parte
1101 3990 1130 4041 7
1179 3987 1245 4042 ad
1279 3987 1480 4042 Arietis
1531 3984 1634 4052 i6;
1675 3981 1936 4037 culminat
1977 3996 2006 4033 a
2039 3978 2109 4034 26

561 4082 774 4152 Scorpii
804 4081 869 4135 ad
913 4080 1230 4150 Capricorni
1253 4080 1305 4133 9.
1334 4078 1493 4133 Prior
1525 4077 1748 4147 emergit
1778 4091 1898 4146 quae
1926 4075 1979 4128 in
2016 4089 2112 4128 ex-

2190 1789 2412 1860 ἔσχατος
2438 1787 2492 1841 δὲ
2513 1789 2540 1842 6
2563 1785 2820 1857 ἑπόμενος
2846 1785 2953 1838 τῶν
2979 1787 3035 1838 ὲν
3054 1786 3117 1854 τῇ
3141 1783 3274 1855 οὐρᾷ
3299 1783 3585 1854 λαμπρῶν.
3612 1779 3765 1836 Μεσ-

2189 1879 2400 1948 ουρανεῖ
2429 1877 2485 1930 δὲ
2513 1877 2618 1928 τῶν
2649 1874 2820 1928 ἄλλων
2868 1880 2913 1927 α’
2951 1873 3048 1944 μὲν
3083 1873 3175 1926 τοῦ
3210 1889 3268 1924 τε
3315 1872 3526 1924 Βοώτου
3555 1873 3670 1924 τῶν
3706 1873 3764 1924 ἐν

2189 1972 2255 2040 τῇ
2283 1968 2424 2040 ζώνῃ
2453 1970 2480 2021 6
2508 1967 2903 2039 λαμπρότατος,
2936 1966 3026 2019 καὶ
3055 1964 3162 2019 τῶν
3203 1963 3396 2034 Χηλῶν
3426 1966 3455 2017 ὀ
3486 1966 3765 2036 προηγού-

2195 2076 2352 2128 μενος
2378 2058 2476 2128 τῆς
2496 2059 2667 2129 ἄκρας
2691 2057 2788 2126 τῆς
2811 2055 3022 2126 βορείας
3054 2055 3258 2126 Χηλῆς,
3292 2055 3385 2109 καὶ
3407 2055 3499 2108 τοῦ
3534 2055 3625 2108 διὰ
3651 2055 3763 2108 τῶν

2197 2152 2443 2219 ’Λρκτων
2481 2150 2692 2217 Ὄφεως
2719 2150 2746 2200 6
2777 2146 2824 2216 γ’
2853 2148 2944 2201 ἀπ’
2978 2149 3150 2219 ἄκρας
3177 2149 3273 2218 τῆς
3301 2148 3468 2219 οὐρᾶς
3491 2148 3762 2218 ἀριθμούο

2196 2258 2353 2311 μενος
2404 2239 2672 2310 λαμπρὸς,
2737 2239 2811 2303 ὡς
2864 2241 3162 2310 ἡμιπήχιον
3215 2237 3625 2312 προηγούμενος
3669 2241 3765 2294 τοῦ

2197 2331 2565 2402 μεσημϐρινοῦ
2586 2348 2598 2360 ·
2632 2331 2855 2400 ἔσχατος
2882 2330 2937 2384 δὲ
2967 2333 3288 2402 μεσουρανεῖ
3329 2331 3423 2384 τοῦ
3470 2333 3560 2386 Ἐν
3600 2334 3768 2400 γόνα-

2195 2440 2278 2476 σιν
2308 2424 2336 2476 δ
2373 2441 2429 2476 τε
2470 2422 2640 2487 δεξιὸς
2674 2417 2820 2493 ὥμος
2856 2423 2950 2478 καὶ
2981 2425 3009 2478 6
3042 2423 3147 2477 67:6
3177 2423 3374 2494 ἄρκτου
3421 2426 3768 2498 παρακείμε-

2194 2531 2281 2577 νος
2305 2514 2410 2568 τῶν
2452 2515 2510 2568 ὲν
2546 2518 2612 2586 τῇ
2649 2516 2796 2588 δεξιᾷ
2818 2519 3020 2590 κνήμῃ.
3068 2518 3364 2573 Ἀνατέλλει
3397 2517 3453 2573 δὲ
3481 2523 3511 2574 6
3539 2521 3768 2590 Δίγόκε-

2199 2623 2304 2676 ρως
2330 2607 2386 2658 ὲν
2418 2604 2536 2677 ὥρᾳ
2568 2606 2616 2658 α’
2647 2608 2740 2660 καὶ
2768 2607 2974 2678 ἡμίσει,
3005 2611 3098 2663 καὶ
3135 2617 3181 2678 γ’
3216 2611 3390 2683 μέρει.

2268 2698 2432 2750 Ὅταν
2462 2698 2517 2750 δὲ
2548 2701 2576 2752 6
2619 2699 2895 2770 Ὑδροχόος
2929 2701 3208 2774 ἀνατέλλῃ,
3255 2703 3628 2757 συνανατέλλει
3666 2705 3766 2776 μὲν

2198 2789 2345 2860 αὐτῷ
2376 2790 2404 2842 6
2435 2789 2696 2854 ζωδιακὸς
2739 2792 2844 2844 ἀπὸ
2883 2793 3160 2866 Λίγόκερω
3193 2794 3300 2864 μοί.
3337 2801 3390 2859 ς’
3431 2795 3536 2858 ἔως
3575 2795 3767 2867 Ὑδρο-

2199 2881 2322 2951 χόου
2351 2888 2399 2934 α’
2428 2883 2519 2935 καὶ
2553 2889 2596 2934 κ’
2631 2883 2798 2954 μέσης
2817 2900 2828 2913 ·
2865 2887 3186 2955 μεσουρανεῖ
3209 2884 3264 2937 δὲ
3294 2885 3400 2938 ἀπὸ
3425 2884 3624 2958 Χηλῶν
3657 2890 3766 2959 μοί.

2201 2971 2245 3037 ζ’
2275 2973 2368 3026 καὶ
2393 2971 2439 3025 κ’
2463 2973 2567 3036 ἔως
2599 2974 2824 3040 Τοξότου
2852 2974 2915 3037 ζ’.
2941 2975 3050 3028 Καὶ
3073 2980 3122 3026 α’
3157 2973 3254 3045 μὲν
3286 2976 3459 3048 ἀστὴρ
3486 2979 3769 3033 ἀνατέλλει

2199 3065 2228 3116 6
2257 3063 2553 3137 ἡγούμενος
2588 3065 2681 3119 τοῦ
2718 3067 2778 3120 ἐν
2816 3068 2886 3139 τῇ
2937 3067 3196 3140 ἀριστερᾷ
3222 3068 3381 3141 χειρὶ,
3407 3069 3637 3142 ἔσχατος
3666 3072 3724 3128 δὲ
3743 3075 3770 3128 6

2201 3155 2258 3209 ὲν
2285 3156 2362 3226 τῷ
2390 3156 2546 3227 δεξιῷ
2573 3158 2693 3210 ποδὶ
2720 3158 2987 3230 λαμπρός.
3015 3161 3354 3231 Μεσουρανεῖ
3377 3162 3436 3216 δὲ
3463 3163 3572 3217 τῶν
3599 3165 3770 3220 mw

2203 3259 2250 3305 α’
2283 3253 2377 3322 μὲν
2405 3253 2433 3304 6
2466 3253 2522 3304 ὲν
2554 3255 2618 3323 τῇ
2651 3252 2856 3323 κεφαλῇ
2896 3252 2988 3306 τοῦ
3031 3252 3263 3316 Βοῶτου,
3305 3253 3530 3324 ἔσχατος
3573 3256 3629 3309 δὲ
3682 3258 3771 3311 τοῦ

2204 3343 2428 3408 Τοξότου
2474 3346 2502 3396 6
2555 3343 2885 3416 βορειότερος
2933 3344 3040 3418 τῶν
3090 3346 3147 3398 ἔν
3197 3344 3274 3415 τῷ
3321 3344 3492 3413 τόξῳ⁸
3537 3348 3634 3400 καὶ
3681 3347 3771 3404 τοῦ

2216 3434 2493 3506 Ὀφιούχου
2536 3437 2584 3488 οἱ
2635 3435 2785 3506 παρὰ
2829 3435 2919 3489 τὸν
2969 3437 3139 3503 δεξιὸν
3183 3435 3328 3507 ὦμον
3364 3445 3410 3507 γ’
3445 3439 3534 3490 ἐπ’
3561 3439 3774 3503 εὐθείας

2204 3524 2658 3596 ἀκατονόμαστον
2691 3525 2902 3578 καὶτοῦ
2945 3527 3032 3578 Ἐν
3083 3527 3303 3596 γόνασιν
3354 3527 3382 3580 6
3431 3529 3490 3581 ἔν
3537 3529 3615 3599 τῷ
3649 3531 3771 3601 ἀρι-

2211 3616 2386 3687 στερῷ
2423 3617 2579 3688 μηρῷ
2619 3617 2886 3689 λαμπρὸς,
2921 3617 2994 3680 ὥς
3034 3620 3330 3692 ήμιπήχιον
3365 3621 3773 3692 προηγούμενος

2205 3706 2298 3760 τοῦ
2329 3706 2717 3777 μεσημϐρινοῦ.
2751 3707 3050 3760 ’Λνατέλλει
3079 3708 3135 3761 δὲ
3160 3711 3187 3762 6
3217 3709 3498 3780 ’Υδροχόος
3521 3713 3579 3764 ὲν
3606 3711 3774 3782 ὥραις

2211 3799 2254 3870 β’
2283 3800 2377 3852 καὶ⁸
2405 3800 2524 3852 δυσὶ
2557 3799 2776 3870 μέρεσιν
2807 3799 2976 3870 ὥρας.

2281 3891 2445 3944 Ὅταν
2475 3890 2529 3942 δὲ
2565 3893 2612 3942 οἱ
2654 3890 2850 3961 Ἰχθύες
2885 3890 3232 3958 ἀνατέλλωσι,
3265 3895 3644 3948 συνανατέλλει
3675 3897 3772 3966 μὲν

2211 3983 2390 4045 αὐτοῖς
2417 3983 2444 4034 6
2469 3981 2726 4046 ζωδιακὸς
2757 3981 2863 4036 ἀπὸ
2895 3982 3177 4053 ’Υδροχόου
3218 3984 3327 4054 μοί.
3374 3983 3418 4047 ζ’
3463 3985 3569 4048 ἔως
3601 3985 3771 4057 Κριοῦ

2216 4071 2286 4137 ις’
2305 4088 2320 4103 ο
2355 4074 2671 4143 μεσουρανεῖ
2700 4071 2756 4124 δὲ
2787 4071 2896 4124 ἀπὸ
2938 4073 3205 4143 Σκορπίου
3238 4074 3346 4144 μοί.
3385 4082 3438 4138 ς’
3469 4076 3558 4128 καὶ
3588 4076 3640 4127 κ’
3667 4077 3772 4136 ἕως

558 4184 734 4232 tremo
779 4180 958 4229 rostro
1004 4172 1179 4229 Piscis
1209 4172 1496 4238 australis;
1531 4169 1848 4232 novissima,
1887 4183 2006 4238 qua:
2056 4168 2092 4220 it

2213 4165 2492 4235 Αἰγόκερω
2524 4163 2631 4233 μοί.
2679 4162 2742 4215 θ’.
2776 4162 2887 4215 Καὶ
2926 4170 2972 4216 α’
3007 4164 3103 4234 μὲν
3135 4165 3309 4236 ἀστὴρ
3342 4165 3607 4220 ἀνατέλλει
3648 4169 3677 4218 6
3709 4169 3770 4218 ἐν

559 4266 713 4322 Nodo
745 4265 1030 4320 linearum.
1057 4262 1384 4317 Cmterarum
1415 4261 1588 4331 prima
1615 4259 1877 4315 culminat
1904 4273 2023 4329 qua:
2056 4258 2092 4311 ir

2214 4258 2366 4329 ἄκρῳ
2389 4256 2465 4326 τῷ
2491 4255 2676 4326 ῥύγχει
2702 4255 2794 4307 τοῦ
2825 4255 2998 4308 νοτίου
3034 4255 3255 4326 Ἰχθύος,
3288 4257 3502 4328 ἔσχατος
3538 4256 3594 4309 δὲ
3636 4257 3666 4308 6
3710 4258 3771 4310 ἔν

560 4373 821 4431 processu
857 4355 1028 4412 dextri
1072 4353 1293 4408 femoris
1338 4351 1667 4423 Ingeniculi;
1708 4361 1760 4408 et
1787 4366 1907 4421 quae
1957 4366 1986 4404 a
2026 4366 2084 4407 se

2215 4347 2290 4417 τῷ
2314 4345 2598 4415 Συνδέσμῳ
2619 4344 2722 4397 τῶν
2756 4343 2934 4398 λίνων.
2982 4343 3323 4414 Μεσουρανεῖ
3367 4346 3422 4398 δὲ
3460 4344 3563 4397 τῶν
3593 4344 3773 4397 ἄλλων

561 4447 962 4522 ptentrionibus
998 4445 1204 4515 adjacet
1236 4443 1304 4497 iis
1334 4458 1454 4513 quae
1486 4451 1615 4498 sunt
1645 4443 1699 4496 in
1730 4442 1918 4496 aculeo
1950 4438 2092 4494 Scort

2211 4443 2258 4491 α’
2287 4435 2384 4506 μὲν
2415 4435 2508 4487 τοῦ
2533 4451 2591 4487 τε
2627 4435 2713 4486 Ἐν
2744 4434 2962 4502 γόνασιν
2989 4437 3017 4487 6
3044 4437 3099 4487 ἔν
3120 4438 3184 4506 τῇ
3218 4435 3443 4506 ἔκφύσει
3474 4434 3565 4489 τοῦ
3597 4435 3774 4500 δεξιοῦ

563 4543 674 4614 pii;
711 4556 830 4612 quae
863 4546 1042 4594 autem
1093 4538 1147 4593 in
1197 4536 1374 4605 capite
1415 4541 1501 4588 est
1546 4533 1867 4604 lngeniculi,
1899 4531 2092 4587 duabus

2211 4525 2407 4599 μηροῦ,
2427 4527 2522 4590 καὶ
2554 4524 2644 4577 τοῦ
2673 4524 2939 4593 Σκορπίου
2977 4527 3004 4578 6
3037 4525 3130 4577 ἀπ’
3175 4525 3390 4598 ἀρκτων
3435 4527 3778 4596 παρακείμεο

563 4612 782 4688 circiter
809 4632 972 4687 cubiti
1007 4628 1252 4700 partibus
1295 4635 1380 4682 est
1409 4627 1547 4680 citra
1581 4624 1978 4689 meridianum;
2019 4638 2087 4693 po

2207 4631 2296 4678 νος
2322 4617 2433 4677 τοῖς
2465 4615 2523 4667 ἔν
2558 4613 2635 4683 τῷ
2656 4613 2897 4685 κέντρῳ·
2928 4612 2956 4664 6
2996 4613 3051 4665 δὲ
3095 4615 3152 4666 ὲν
3194 4617 3258 4685 τῇ
3303 4615 3512 4686 κεφαλῇ
3551 4615 3646 4668 τοῦ
3694 4616 3779 4667 Ἐν

563 4735 766 4782 stremo
797 4723 1058 4780 culminat
1088 4719 1380 4776 australior
1405 4732 1613 4781 earum,
1641 4731 1760 4787 qua:
1799 4717 1857 4770 in
1887 4715 2092 4787 genibu:

2208 4707 2428 4776 γόνασιν
2475 4705 2820 4760 ὑπολείπεται
2869 4705 2961 4756 τοῦ
3015 4705 3384 4778 μεσημϐρινοῦ
3423 4707 3501 4770 ὥς
3545 4706 3589 4775 β’
3639 4707 3777 4777 μέρη

564 4817 919 4888 Capricorni:
949 4824 1002 4871 et
1039 4825 1158 4884 quae
1200 4812 1255 4866 in
1287 4817 1507 4881 gutture
1546 4815 1630 4863 est
1667 4807 1816 4873 Avis,
1852 4813 2016 4876 atque
2060 4805 2092 4858 ir

2211 4801 2455 4872 πήχεως·
2489 4797 2712 4868 ἔσχατον
2745 4798 2802 4851 δὲ
2830 4799 3146 4868 μεσουρανεῖ
3189 4797 3282 4850 τοῦ
3331 4815 3390 4850 τε
3438 4797 3723 4868 Ᾱεγόκερω
3753 4799 3779 4849 6

563 4887 704 4964 ﬂexu
733 4911 830 4964 alae
861 4908 1113 4963 dexteras.
1138 4903 1401 4959 Oriuntur
1427 4900 1613 4957 Pisces
1641 4899 1788 4954 boris
1821 4899 1875 4961 5,
1907 4897 1974 4951 ϐ’.

2211 4891 2524 4962 νοτιώτερος
2568 4888 2672 4942 τῶν
2721 4891 2779 4941 ὲν
2838 4891 2947 4951 τοῖς
2997 4889 3217 4957 γόνασιν
3288 4889 3490 4954 αὑτοῦ,
3545 4890 3643 4942 καὶ
3687 4887 3778 4940 τοῦ

569 5002 815 5075 Ὄρνιθος
846 5004 873 5054 6
899 5003 955 5053 ἔν
985 4997 1062 5069 τῷ
1083 4998 1332 5069 λάρυγγι,
1365 4993 1572 5049 καὶτοῦ
1600 4996 1656 5048 ὲν
1686 4993 1762 5063 τῷ
1783 4990 1990 5060 ἀγκῶνι
2017 4988 2115 5058 τῆς
2147 4984 2324 5050 δεξιᾶς
2389 4983 2678 5054 πτέρυγος.
2715 4980 3085 5035 Ἀνατέλλοοσι
3109 4982 3165 5036 δὲ
3192 4983 3242 5034 οἱ
3275 4981 3474 5052 ’ἰχθύες
3503 4984 3562 5035 ὲν
3615 4981 3781 5051 ὥραις

565 5103 612 5162 γ’
639 5094 731 5147 καὶ
762 5089 789 5143 ι’
819 5091 990 5161 μέρει.
1379 5140 1382 5143 .

635 5183 726 5237 χι.
766 5159 901 5236 Cum
935 5182 1113 5235 Ariete
1153 5179 1407 5234 zodiacus
1445 5178 1620 5233 oritur
1664 5192 1696 5231 a
1742 5175 1918 5231 media
1957 5181 2092 5243 parte

2281 5166 2384 5218 IA'.
2409 5162 2497 5233 Τῷ
2519 5162 2575 5215 δὲ
2597 5160 2748 5233 Κριῷ
2783 5161 3157 5214 συνανατέλλει
3186 5159 3282 5231 μὲν
3317 5161 3346 5212 6
3383 5159 3647 5224 ζωδιακὸς
3675 5160 3781 5213 ἀπὸ

570 5274 636 5329 l9
665 5273 901 5327 Piscium
937 5271 1002 5325 ad
1038 5271 1236 5325 Arietis
1267 5269 1334 5323 ‘24
1356 5287 1370 5334 ;
1395 5271 1653 5323 culminat
1679 5282 1710 5320 a
1738 5265 2011 5337 Sagittarii
2037 5265 2092 5317 9.4

2224 5257 2441 5327 Ἰχθύων
2471 5253 2578 5326 μοί.
2614 5253 2676 5305 ιθ¹
2707 5253 2876 5324 μέσης
2900 5253 3005 5318 ἔως
3026 5252 3196 5325 Κριοῦ
3219 5255 3262 5306 δ’
3290 5253 3382 5306 καὶ
3406 5260 3455 5306 κ’
3475 5271 3490 5284 ο
3521 5269 3782 5324 μεσουρα-

568 5362 741 5416 media
774 5360 840 5415 ad
883 5358 1198 5430 Capricorni
1229 5359 1314 5412 M.
1345 5356 1525 5410 Prima
1553 5357 1727 5410 oritur
1773 5369 1836 5409 ea
1877 5368 1996 5423 quae
2034 5368 2092 5406 es

2207 5353 2290 5402 νεῖ
2320 5349 2377 5400 δὲ
2409 5347 2514 5399 ἀπὸ
2537 5344 2761 5408 Τοξότοο
2783 5344 2822 5397 δ’
2848 5346 2940 5398 καὶ
2969 5353 3017 5399 κ’
3042 5347 3212 5418 μέσης
3251 5347 3357 5409 ἕως
3387 5346 3671 5416 Αῑγὸκερω
3702 5345 3775 5396 ιδ’.

569 5454 624 5507 in
661 5453 916 5508 anteriori
969 5453 1136 5522 pede;
1184 5452 1394 5513 ultima,
1430 5449 1730 5506 succedens
1765 5461 1950 5504 earum
1995 5460 2092 5514 qua

2211 5440 2320 5492 Kal
2351 5445 2399 5489 α’
2437 5438 2531 5507 μὲν
2558 5437 2731 5507 ἀστὴρ
2775 5437 3048 5491 ἀνατέλλει
3096 5440 3124 5491 6
3178 5438 3270 5491 ἐπὶ
3313 5437 3406 5491 τοῦ
3449 5436 3778 5509 ἔμπροσθίου

570 5554 698 5598 sunt
733 5545 788 5598 in
843 5543 1035 5598 cauda.
1081 5542 1404 5599 Caeterarum
1453 5541 1736 5604 culminat,
1789 5537 2092 5593 anteceden:

2209 5529 2386 5592 ποδὸς,
2419 5527 2637 5597 ἔσχατος
2667 5527 2723 5580 δὲ
2759 5528 2787 5579 6
2824 5529 3082 5600 ἑπόμενος
3113 5530 3220 5583 τῶν
3263 5532 3321 5584 ὲν
3349 5532 3414 5601 τῇ
3448 5530 3604 5602 οὐρᾷ.
3639 5529 3781 5582 Μεσ-

569 5646 758 5690 earum
784 5646 903 5700 qua:
936 5639 1061 5689 sunt
1091 5631 1147 5686 in
1173 5630 1303 5701 jugo
1335 5625 1626 5684 Fidiculm:
1666 5630 1793 5683 item
1811 5624 2092 5683 suceeden:

2207 5622 2423 5694 ουρανεί
2463 5618 2517 5673 δὲ
2564 5619 2671 5672 τῶν
2720 5619 2890 5675 ἄλλων
2936 5621 3032 5693 τῆς
3081 5639 3138 5675 τε
3194 5621 3377 5694 Δύρας
3417 5624 3445 5676 6
3481 5620 3780 5692 ήγούμενρς
