4044 6220
332 276 476 332 1125

1281 273 1647 332 HlPPARCHl
1681 275 1772 329 AD
1809 273 2253 332 PHENOMENA
2282 275 2410 331 LIB.
2444 274 2527 330 111.

3403 274 3544 332 Ηῖθ

327 389 436 442 τῶν
455 388 512 439 ὲν
534 386 611 456 τῷ
634 385 934 458 ζυγῶματι,
961 386 1055 440 καὶ
1080 386 1173 439 τοῦ
1197 386 1422 453 Τοξότου
1449 387 1477 439 6
1502 387 1762 457 ἑπόμενος
1783 389 1891 440 τῶν

1996 403 2178 444 earum
2211 403 2330 457 quae
2355 394 2483 442 sunt
2522 386 2576 442 in
2609 393 2760 458 tergo
2791 382 3086 456 Sagittarii,
3125 385 3338 443 duabus
3369 389 3542 450 cubiti

327 481 388 532 ἐν
408 477 488 548 τῷ
510 475 681 548 νώτῳ,
713 478 789 540 ὥς
827 477 868 547 β’
908 477 1045 550 μέρη
1086 479 1303 549 πήχεως
1345 478 1748 549 προηγούμενος
1797 479 1890 532 τοῦ

330 570 735 643 μεσημϐρινοῦ’
781 569 1005 639 ἔσχατος
1047 569 1102 621 δὲ
1132 571 1450 639 μεσουρανεί
1488 568 1580 620 τοῦ
1619 585 1678 621 τε
1711 569 1894 640 ’Υδροο

330 664 455 734 χόου
500 665 528 716 6
555 659 816 732 ἑπόμενος
839 661 946 714 τῶν
985 661 1043 713 ὲν
1083 663 1147 730 τῇ
1191 660 1453 732 ἀριστερᾷ
1483 659 1642 731 χειρὶ,
1673 658 1764 712 κει)⁸
1797 658 1892 712 τοῦ

328 753 613 823 Ἀίγόκερω
635 754 663 804 6
693 753 749 805 ὲν
775 749 854 821 τῷ
884 750 1088 822 στήθει,
1111 751 1202 803 καὶ
1226 750 1317 803 τοῦ
1337 748 1585 817 Δελφῖνος
1607 750 1634 801 6
1659 749 1893 820 ἡγούμε-

327 861 419 906 νος
471 844 577 898 τῶν
616 844 672 895 ὲν
706 845 769 912 τῇ
811 843 967 912 οὐρᾷ.
1008 842 1304 896 Ἀνατέλλει
1341 841 1400 895 δὲ
1431 841 1458 892 6
1489 841 1655 911 Κριὸς
1686 843 1743 894 ὲν
1775 842 1894 914 ὥρᾳ

329 932 378 988 α’
410 935 502 986 καὶ
528 933 646 986 δυσὶ
672 933 1122 1004 πεμπτημορίοις.

402 1027 508 1079 Τοῦ
549 1026 604 1078 δὲ
653 1025 866 1096 Ταύρου
914 1026 1306 1090 ἀνατέλλοντος,
1358 1028 1734 1081 συνανατέλλει
1796 1027 1893 1097 μὲν

330 1116 476 1187 αύτῷ
511 1118 541 1170 ό
571 1115 830 1179 ζωδιακὸς
877 1117 982 1170 ἀπὸ
1032 1117 1243 1188 Ταύρου
1299 1118 1406 1188 μοί.
1453 1120 1496 1183 ζ’
1535 1121 1638 1183 ἔως
1681 1119 1892 1190 Ταύρου

331 1210 445 1282 μοί.
472 1209 516 1262 θ’
547 1209 640 1262 καὶ
684 1215 764 1263 κἰο
795 1212 1113 1280 μεσουρανεί
1154 1210 1209 1262 δὲ
1245 1210 1350 1263 ἀπὸ
1378 1211 1746 1283 Αίγοκέρωτος
1781 1212 1888 1282 μοί.

330 1304 378 1374 β’
401 1300 496 1355 κα)⁸
521 1307 567 1354 κ’
598 1299 766 1372 μέσης
803 1300 906 1364 ἔως
943 1300 1224 1371 Ὑδροχόου
1255 1300 1319 1356 θ’.
1365 1301 1472 1354 Καὶ
1500 1308 1546 1354 α’
1587 1301 1684 1372 μὲν
1722 1302 1895 1372 ἀστὴρ

332 1391 608 1446 ἀνατέλλει
631 1394 659 1445 6
685 1391 1001 1454 νοτιώτατος
1037 1391 1145 1444 τῶν
1183 1393 1240 1444 ὲν
1282 1396 1348 1464 τῇ
1379 1395 1626 1464 ἀποτομῇ
1649 1392 1708 1456 δ’,
1734 1379 1926 1463 ἔσχα-’

327 1501 420 1548 τος
457 1485 514 1537 δὲ
553 1487 582 1537 6
618 1485 676 1537 ἐν
711 1483 864 1554 ἄκρῳ
903 1483 982 1554 τῷ
1016 1483 1172 1554 δεξιῷ
1217 1485 1423 1556 κέρατι.
1463 1486 1800 1554 Μεσουρανεῖ
1839 1483 1896 1536 δὲ

329 1577 438 1630 τῶν
467 1575 640 1631 ἄλλων
684 1583 730 1630 α’
757 1577 853 1647 μὲν
898 1575 992 1629 τοῦ
1035 1576 1279 1646 Ὄρνιθος
1325 1576 1354 1627 6
1400 1577 1456 1630 έν
1489 1575 1626 1646 μέσῃ
1665 1578 1731 1645 τῇ
1761 1575 1896 1646 οὐρᾷ

329 1665 599 1738 λαμπρὸς,
635 1667 856 1737 ἔσχατος
901 1667 957 1720 δὲ
993 1667 1087 1720 τοῦ
1130 1667 1364 1738 Κηφέως
1410 1667 1438 1719 6
1491 1666 1894 1738 προηγούμενος

1999 480 2242 550 partibus
2267 478 2591 534 antecedens
2619 477 3015 546 meridianum;
3050 486 3323 549 postrema
3345 483 3543 538 culmi-

1991 579 2084 625 nat
2106 570 2330 640 Aquarii
2368 570 2665 626 succedens
2710 585 2920 632 earum,
2949 585 3069 639 quae
3109 579 3238 625 sunt
3281 572 3337 626 in
3381 589 3543 630 manu

1992 661 2236 725 sinistra,
2263 670 2315 716 et
2344 677 2465 732 qua;
2495 661 2549 714 in
2579 670 2796 730 pectore
2825 660 3142 732 Capricorni
3166 679 3180 726 ;
3217 665 3544 720 antecedens

1990 754 2118 808 item
2161 768 2372 817 earum,
2405 769 2526 823 qua:
2571 761 2700 808 sunt
2749 753 2802 807 in
2835 754 3008 808 cauda
3056 753 3326 824 Delphini.
3360 756 3547 814 Oritur

1990 841 2149 898 Aries
2180 844 2311 898 hora
2342 843 2390 908 Ι,
2419 845 2522 898 24'.

2065 1018 2246 1074 Tauro
2271 1030 2600 1091 emergente,
2629 1021 2884 1077 zodiacus
2918 1024 3118 1089 oritur,
3152 1040 3181 1078 a
3205 1035 3358 1096 parte
3380 1027 3546 1082 Tauri

1995 1109 2028 1162 7
2061 1110 2127 1164 ad
2153 1109 2252 1176 29;
2284 1111 2544 1165 culminat
2577 1127 2606 1165 a
2633 1111 2952 1181 Capricorni
2978 1113 3048 1166 29.
3073 1117 3248 1170 media
3277 1116 3342 1170 ad
3365 1119 3548 1188 Aqua-

1993 1201 2059 1254 rii
2091 1199 2143 1253 9.
2177 1198 2334 1254 Prior
2365 1201 2540 1254 oritur
2585 1203 2984 1257 australissima
3024 1204 3091 1258 de
3133 1215 3387 1273 quatuor,
3428 1223 3550 1278 qua:

1994 1300 2122 1350 sunt
2154 1293 2208 1347 in
2233 1293 2607 1359 abscissione;
2634 1294 2846 1358 ultima,
2866 1310 2986 1364 quae
3009 1306 3091 1350 est
3121 1295 3176 1350 in
3207 1299 3548 1354 extremitate

1992 1387 2168 1442 dextri
2195 1402 2386 1442 cornu.
2415 1387 2743 1442 Cmterarum
2775 1388 3051 1443 stellarum
3088 1390 3350 1445 culminat
3375 1392 3549 1462 prima

1993 1480 2195 1544 lucida,
2225 1495 2346 1550 quae
2384 1486 2468 1534 est
2499 1480 2554 1533 in
2585 1480 2759 1534 cauda
2803 1481 2977 1535 media
3016 1479 3222 1553 Cygni;
3252 1491 3546 1552 postrema,

1993 1572 2180 1636 trium,
2220 1586 2339 1640 quae
2367 1571 2421 1625 in
2448 1571 2627 1642 capite
2655 1570 2853 1640 Cephei
2878 1581 3026 1633 sunt.
3056 1574 3405 1641 antecedens,
3441 1591 3550 1631 una

1994 1679 2117 1718 cum
2149 1662 2341 1719 dextro
2373 1663 2521 1718 illius
2554 1663 2710 1733 pede,
2754 1664 3079 1719 semicubito
3119 1657 3338 1721 circiter
3385 1669 3552 1722 meri-

328 1759 439 1812 τῶν
468 1760 526 1813 ὲν
553 1761 620 1831 τῇ
650 1760 856 1831 κεφαλῇ
886 1767 933 1828 γ’
952 1776 967 1791 °
1012 1760 1106 1814 xui.
1155 1761 1182 1813 6
1228 1759 1396 1824 δεξιὸς
1428 1759 1590 1812 αὑτοῦ
1637 1758 1791 1823 ποῦς,
1823 1759 1895 1822 ὥς

1996 1755 2216 1811 dianum
2250 1755 2597 1826 praecedens;
2630 1771 2732 1810 nec
2779 1771 2886 1809 non
2917 1755 2971 1810 in
3014 1756 3235 1828 Aquarii
3277 1773 3413 1812 urna
3438 1775 3552 1814 me-

329 1849 629 1920 ήμιπήχιον
693 1849 1096 1921 προηγούμενος
1168 1850 1260 1904 τοῦ
1330 1851 1738 1922 μεσημϐρινοῦο
1803 1849 1896 1904 καὶ

2001 1849 2110 1913 dia,
2149 1849 2472 1904 semicubito
2502 1847 2614 1903 fere
2643 1848 3003 1904 meridianum
3050 1850 3398 1946 aptecedens.
3437 1849 3554 1906 Ori-

325 1942 361 1994 6
420 1941 584 2013 μέσος
631 1941 740 1996 τῶν
799 1944 857 1995 ὲν
905 1945 972 2013 τῇ
1029 1941 1248 1996 κάλπιδι
1302 1942 1396 1995 τοῦ
1440 1943 1720 2013 ’Υδροχόου
1747 1981 1761 2004 ,
1825 1941 1895 2005 ὥς

2005 1947 2098 1995 tur
2126 1939 2338 1996 Taurus
2368 1939 2502 1993 hora
2533 1939 2584 2002 1,
2615 1947 2668 1994 et
2697 1939 2818 2010 1/8.

327 2031 630 2102 ήμιπήχιον
690 2031 1096 2102 προηγούμενος
1141 2030 1234 2084 τοῦ
1289 2031 1683 2102 μεσημὸρινοῦ.
1728 2029 2024 2084 Ἀνατέλλει
2051 2029 2108 2082 δὲ
2140 2029 2169 2082 6
2201 2029 2408 2101 Ταῦρος
2440 2030 2497 2082 ὲν
2525 2029 2644 2101 ὥρᾳ
2667 2035 2715 2083 α’
2744 2030 2837 2083 καὶ
2861 2036 2910 2101 η’
2943 2031 3115 2103 μέρει.

399 2138 522 2194 Τῶν
551 2139 608 2192 δὲ
640 2138 881 2210 Διδύμων
915 2139 1307 2193 ἀνατελλόντων
1326 2179 1340 2205 ,
1387 2140 1760 2194 συνανατέλλει
1792 2140 1888 2212 μὲν

325 2231 511 2296 ἀὐτοῖς
545 2234 574 2285 6
615 2230 875 2295 ζωδιακὸς
913 2230 1020 2284 ἀπὸ
1064 2230 1310 2302 Διδύμων
1351 2230 1460 2302 μοί.
1498 2229 1541 2300 β’
1579 2230 1748 2302 μέσης
1785 2230 1890 2294 ἔως

328 2320 574 2390 Διδύμων
611 2320 686 2372 λ”
741 2322 1060 2391 μεσουρανεῖ
1105 2319 1161 2373 δὲ
1197 2320 1304 2374 ἀπὸ
1341 2319 1622 2391 ’Υδροχόου
1667 2319 1774 2391 μοί.
1823 2325 1890 2372 ια’

328 2412 505 2483 μέσης
531 2411 633 2475 ἔως
672 2411 888 2481 Ἰχθύων
918 2411 962 2464 θ’
993 2411 1182 2483 μέσης.
1211 2413 1321 2466 Καὶ
1348 2411 1396 2466 α’
1433 2413 1531 2483 μὲν
1561 2413 1734 2484 ἀστὴρ
1765 2413 1894 2466 ἀνα-

327 2503 500 2557 τέλλει
529 2504 558 2556 ό
589 2505 646 2558 ὲν
678 2506 744 2575 τῇ
773 2504 1033 2575 ἀριστερᾷ
1076 2505 1218 2575 χειρὶ
1267 2503 1360 2558 τοῦ
1401 2505 1704 2576 ἡγουμένου
1749 2504 1900 2558 Διδύ-

331 2615 458 2668 μου,
489 2597 712 2668 ἔσχατος
743 2597 800 2650 δὲ
843 2599 872 2650 6
903 2598 959 2650 ἐν
998 2599 1062 2668 τῇ
1109 2597 1257 2668 δεξιᾷ
1305 2597 1445 2668 χειρὶ
1494 2596 1584 2649 τοῦ
1631 2597 1893 2668 ἑπομένου

323 2688 582 2758 Διδύμου.
615 2689 953 2761 Μεσουρανεῖ
980 2687 1037 2742 δὲ
1078 2688 1185 2741 τῶν
1227 2689 1400 2742 ἄλλων
1437 2689 1680 2757 ἀστέρων
1725 2695 1772 2742 α’
1799 2689 1895 2758 μὲν

325 2780 424 2835 τοῦ
452 2779 686 2852 Κηφέως
712 2783 740 2834 6
772 2781 829 2834 ὲν
865 2781 940 2852 τῷ
978 2780 1187 2852 σώματι
1226 2781 1495 2852 λαμπρὸς,
1534 2781 1628 2833 καὶ
1671 2778 1765 2832 τοῦ
1803 2780 1896 2832 ’Υ-

319 2872 550 2944 -δροχόου
589 2875 618 2926 6
648 2875 704 2926 ἔν
728 2873 806 2944 τῷ
837 2874 994 2946 δεξιῷ
1035 2874 1155 2927 ποδὶ
1185 2871 1450 2945 λαμπρὸς,
1480 2875 1574 2926 καὶ
1602 2873 1694 2926 τοῦ
1723 2871 1897 2926 νοτίου

337 2963 546 3035 Ἰχθύος
572 2966 601 3020 6
630 2966 687 3018 ἔν
719 2965 795 3036 τῷ
826 2966 1015 3038 ῥύγχει
1060 2965 1334 3037 λαμπρός·
1369 2964 1594 3034 ἔσχατος
1624 2964 1680 3017 δὲ
1708 2979 1900 3035 μεσου-

2064 2137 2308 2195 Geminis
2349 2138 2675 2204 orientibus,
2711 2154 2834 2193 cum
2861 2140 2931 2195 iis
2969 2140 3224 2195 zodiacus
3251 2140 3488 2212 assurgit
3521 2155 3551 2194 a

1995 2228 2343 2286 Geminorum
2363 2237 2516 2301 parte
2535 2229 2571 2282 2
2593 2229 2767 2284 media
2790 2229 2855 2284 ad
2879 2230 2980 2297 30;
3005 2231 3269 2286 culminat
3285 2233 3352 2287 ab
3373 2233 3554 2300 Aqua-

1996 2323 2066 2378 rii
2099 2322 2160 2377 li
2197 2320 2374 2376 media
2403 2321 2470 2376 ad
2513 2321 2748 2378 mediam
2780 2323 3020 2378 Piscium
3059 2323 3114 2378 9.
3154 2322 3336 2378 Prima
3379 2325 3555 2379 oritur

1999 2429 2062 2469 ea
2089 2429 2210 2484 qua:
2248 2423 2332 2470 est
2364 2416 2420 2469 in
2464 2415 2686 2470 sinistra
2723 2431 2884 2468 manu
2920 2415 3276 2486 prmeedentis
3305 2415 3552 2482 Gemini;

1997 2505 2206 2571 ultima,
2233 2521 2353 2575 qua:
2374 2515 2456 2560 est
2485 2507 2536 2560 in
2569 2505 2759 2560 dextra
2791 2507 3133 2562 succedentis
3163 2505 3395 2563 Gemini.
3427 2506 3558 2562 Cul-

1997 2595 2166 2649 minat
2199 2595 2348 2664 prior
2394 2601 2714 2648 caeterarnm
2769 2596 3071 2660 stellarum,
3109 2596 3290 2652 lucida
3331 2597 3383 2651 in
3432 2612 3556 2651 cor-

1997 2701 2130 2758 pore
2171 2685 2406 2757 Cephei;
2460 2695 2513 2742 et
2551 2686 2750 2751 lucida,
2786 2702 2905 2756 qua:
2952 2689 3007 2741 in
3063 2688 3254 2743 dextro
3288 2689 3422 2758 pede
3469 2697 3554 2743 est

1997 2777 2222 2848 Aquarii
2256 2797 2268 2833 :
2300 2778 2426 2832 item
2473 2777 2654 2832 lucida
2709 2778 2765 2831 in
2805 2786 2985 2832 rostro
3029 2776 3205 2833 Piscis
3254 2778 3552 2842 australis;

1999 2870 2188 2924 ultima
2242 2869 2507 2924 culminat
2558 2867 2916 2923 Andromedae
2963 2869 3141 2922 media
3184 2868 3383 2931 trium,
3432 2881 3554 2937 quae

2001 2969 2129 3016 sunt
2159 2960 2212 3014 in
2239 2959 2429 3015 dextro
2449 2959 2693 3014 humero.
2711 2957 2972 3013 Oriuntur
2990 2959 3201 3014 Gemini
3225 2958 3428 3021 horai,
3447 2958 3548 3012 50'.

329 3061 487 3130 ρανεῐ
526 3059 626 3130 τῆς
660 3060 1014 3132 Ἀνδρομέδας
1060 3061 1089 3113 6
1143 3059 1304 3131 μέσος
1345 3057 1454 3111 τῶν
1504 3059 1560 3111 ἐν
1612 3056 1690 3128 τῷ
1733 3057 1890 3130 δεξιῷ
1929 3055 2065 3130 ὥμῳ
2121 3063 2190 3125 γ’.
2228 3055 2596 3108 Ἀνατέλλουσι
2659 3053 2714 3106 δὲ
2761 3054 2808 3106 οἱ
2864 3053 3080 3124 Δίδυμοι
3121 3054 3178 3108 ὲν
3214 3053 3332 3125 ὥρᾳ
3375 3059 3423 3105 α’
3459 3052 3554 3107 καὶ

323 3151 402 3206 S"
433 3153 526 3208 καὶ
559 3160 607 3223 γ’
635 3153 810 3226 μέρει.

450 3291 588 3361 Περὶ
620 3290 732 3360 τῆς
763 3291 1264 3361 συηαταδὺσεως
1295 3289 1412 3344 τῶν
1444 3291 1520 3355 ιβ’
1543 3289 1777 3350 ζωδίων.

405 3448 506 3502 IB'.
537 3447 704 3500 Πάλιν
745 3446 822 3509 δὲ,
849 3442 943 3498 τοῦ
973 3447 1071 3517 μὲν
1100 3445 1374 3516 Καρκίνου
1399 3444 1664 3508 δύνοντος,
1694 3459 1896 3512 συγκα-

327 3538 546 3593 ταδύνει
575 3538 672 3608 μὲν
696 3537 842 3609 αὖτῷ
865 3540 893 3591 6
916 3538 1175 3603 ζωδιακὸς
1201 3537 1307 3590 ἀπὸ
1331 3536 1574 3608 Διδύμων
1605 3535 1710 3606 μοί.
1737 3535 1780 3598 ζ’
1805 3534 1898 3588 καὶ⁹

328 3637 382 3684 κ’
430 3629 598 3702 μέσης
645 3629 749 3692 ’ἐως
791 3629 1064 3698 Καρκίνου
1114 3635 1161 3681 κ’
1215 3628 1416 3698 μέσηςο
1466 3627 1789 3697 μεσουρανεῖ
1839 3625 1896 3677 δὲ

327 3721 441 3774 ἀπὸ
461 3721 650 3791 Χηλῶν
689 3719 752 3784 ιζ’
780 3719 885 3784 ἔως
921 3719 1186 3791 Σκορπίου
1226 3718 1311 3788 ιβ’.
1343 3719 1452 3771 Καὶ
1488 3723 1535 3770 α’
1582 3717 1680 3787 μὲν
1724 3715 1897 3786 ἀστὴρ

326 3815 476 3868 δύνει
505 3817 534 3868 ό
564 3816 622 3866 ἐν
649 3816 760 3877 τοῖς
790 3814 917 3866 ποσὶ
946 3812 1039 3866 τοῦ
1079 3813 1354 3883 Καρκίνου
1383 3809 1643 3881 ἐκφανὴς,
1675 3809 1769 3862 καὶ
1809 3807 1895 3861 ἐπ’

328 3907 548 3971 εὐθείας
571 3907 822 3977 κείμενος
848 3905 923 3969 ὥς
947 3905 1082 3976 πρὸς
1110 3904 1260 3957 δύσιν
1287 3906 1397 3968 τοῖς
1427 3902 1766 3973 νοτιωτέροις
1786 3901 1897 3962 τοῖς

331 3998 464 4069 περὶ
495 3997 554 4051 τὸ
589 3997 830 4066 νεφέλιον
861 3995 920 4049 τὸ
948 3997 1006 4049 ὲν
1031 3994 1109 4065 τῷ
1135 3995 1415 4065 Καρκίνῳ,
1443 3993 1665 4064 ἔσχατος
1690 3992 1745 4045 δὲ
1785 3992 1813 4044 6
1839 3992 1897 4045 ἔν

329 4089 483 4160 ἄκρᾳ
510 4090 574 4160 τῇ
607 4087 790 4160 βορείᾳ
821 4088 972 4158 Χηλῇ
1015 4085 1108 4140 τοῦ
1153 4086 1449 4158 Καρκίνου.
1490 4083 1897 4155 Μεσουρανοῦσι

329 4185 393 4238 δὲ
419 4184 527 4237 τῶν
554 4183 727 4239 ἄλλων
759 4183 1001 4254 ἀστέρων
1027 4180 1120 4234 τοῦ
1149 4198 1206 4234 τε
1246 4180 1454 4234 Βοώτου
1480 4183 1508 4234 6
1530 4181 1702 4248 δεξιὸς
1739 4179 1894 4246 ποῦς,

332 4277 432 4332 καὶ
457 4275 567 4330 τῶν
611 4275 803 4346 Χηλῶν
833 4277 860 4328 6
889 4278 945 4328 ὲν
973 4274 1118 4346 ἄκρα
1142 4276 1206 4344 τῇ
1242 4273 1392 4344 νοτία
1423 4274 1573 4345 Χηλῇ
1613 4273 1860 4344 λαμπρός
1881 4292 1893 4304 ο

334 4367 563 4436 ἔσχατον
587 4367 642 4420 δὲ
686 4364 1074 4437 μεσουρανοῦσι
1110 4363 1204 4416 τοῦ
1229 4381 1288 4416 τε
1323 4364 1410 4416 Ἐν
1434 4365 1650 4433 γόνασιν
1679 4367 1707 4418 6
1739 4365 1796 4416 ὲν
1821 4361 1898 4433 τῷ

331 4456 492 4530 δεξιῷ
523 4457 782 4529 βραχίονι,
816 4463 862 4525 γ’
891 4455 966 4508 ὥν
996 4455 1104 4509 ἀπὸ
1141 4454 1233 4509 τοῦ
1267 4453 1438 4520 δεξιοῦ
1473 4455 1645 4526 ὥμου,
1680 4455 1774 4508 καὶ
1805 4452 1898 4506 τοῦ

332 4549 601 4620 Σκορπῖου
629 4550 657 4602 ό
685 4554 754 4616 γ’,
782 4547 875 4601 καὶ
903 4549 932 4600 ό
965 4546 1027 4610 δ’,
1053 4547 1146 4598 καὶ
1171 4547 1199 4598 6
1226 4552 1266 4597 ε’
1295 4545 1582 4614 σφόνδυλος
1620 4543 1727 4597 τῶν
1760 4542 1897 4615 μετά

2161 3284 2238 3340 De
2269 3283 2540 3338 duodecim
2571 3283 2861 3354 imaginum
2887 3283 3012 3338 caeli
3034 3283 3384 3338 descensione.

2063 3459 2178 3518 Xll.
2216 3460 2446 3526 Rursus,
2471 3462 2750 3517 occidente
2773 3462 3006 3527 Cancro,
3030 3461 3312 3518 descendit
3339 3478 3460 3518 cum
3489 3479 3554 3522 eo

1997 3553 2254 3608 zodiacus
2299 3568 2329 3606 a
2366 3552 2537 3623 gradu
2581 3551 2932 3608 Geminorum
2976 3553 3046 3606 27
3083 3553 3151 3607 ad
3189 3553 3387 3609 Cancri
3441 3571 3556 3610 me-

1997 3645 2142 3698 diam
2173 3643 2276 3710 20;
2322 3645 2588 3698 culminat
2621 3659 2652 3698 a
2703 3643 2991 3699 Clielarum
3018 3645 3083 3698 17
3111 3645 3176 3700 ad
3218 3643 3430 3717 Scorpii
3465 3647 3550 3702 12.

1997 3732 2180 3787 Prima
2231 3733 2386 3788 stella
2436 3733 2639 3787 occidit
2681 3733 2883 3798 lucida,
2927 3749 3048 3804 qua:
3092 3742 3176 3790 est
3222 3735 3277 3790 in
3325 3738 3553 3808 pedibus

1996 3824 2216 3892 Cancri,
2251 3826 2304 3880 in
2342 3826 2609 3882 directum
2642 3825 2840 3896 posita,
2873 3827 2940 3880 ad
2971 3821 3226 3883 occasum
3265 3829 3554 3884 australio—

1999 3935 2088 3975 res
2129 3919 2444 3990 respiciens,
2499 3934 2620 3989 quae
2661 3918 2810 3974 circa
2862 3920 3188 3975 nubeculam
3234 3921 3288 3976 in
3341 3921 3552 3976 Cancro

1997 4018 2154 4076 sunt;
2195 4011 2406 4076 ultima,
2447 4025 2570 4080 qua:
2595 4018 2679 4065 est
2718 4010 2775 4065 in
2803 4011 3145 4067 extremitate
3175 4011 3408 4068 borealis
3442 4012 3552 4066 [ουν

1997 4101 2135 4171 cipis
2191 4099 2427 4167 Cancri;
2493 4108 2813 4155 exterarum
2874 4101 3152 4156 stellarum
3215 4103 3549 4166 culminant,

1998 4185 2178 4245 Boeta:
2209 4206 2304 4260 pes
2331 4189 2551 4257 dexter;
2585 4199 2637 4246 et
2675 4189 2966 4246 Chelarum
3003 4192 3204 4256 lucida,
3241 4209 3360 4264 qua:
3382 4202 3465 4249 est
3495 4193 3551 4248 in

1997 4284 2341 4338 extremitate
2369 4282 2625 4338 australis
2663 4282 2877 4348 Chelae;
2919 4292 3193 4354 postremo
3225 4286 3547 4348 culminant,

1998 4391 2119 4446 qua:
2143 4381 2230 4430 est
2253 4375 2304 4429 in
2331 4374 2559 4430 brachio
2588 4376 2777 4434 dextro
2801 4379 3122 4450 lngeniculi,
3153 4387 3206 4435 et
3235 4387 3318 4435 est
3347 4380 3415 4434 ab
3450 4380 3553 4434 hu-

1999 4478 2150 4518 mero
2178 4463 2371 4518 dextro
2399 4464 2586 4531 tertia;
2625 4466 2752 4522 item
2781 4465 2994 4537 Seorp‘ii
3031 4468 3208 4531 tertia,
3248 4477 3462 4538 quarta,
3499 4477 3553 4523 et

2000 4553 2188 4622 quinta
2220 4554 2472 4608 vertebra
2505 4570 2692 4609 earum
2722 4571 2842 4626 qua:
2873 4566 2999 4612 sunt
3034 4565 3157 4628 post
3198 4565 3408 4628 pectus.
3444 4557 3550 4612 0c-

329 4640 394 4694 τὸ
425 4637 639 4709 στῆθος.
681 4637 835 4691 Δύνει
866 4636 923 4690 δὲ
961 4638 989 4689 6
1022 4635 1289 4707 Καρκίνος
1342 4635 1400 4688 ἔν
1441 4633 1560 4706 ὥρᾳ
1613 4641 1662 4686 α’
1706 4634 1798 4686 καὶ
1848 4637 1895 4700 γ’

1999 4643 2131 4698 cidit
2152 4644 2362 4700 Cancer
2389 4645 2524 4700 liora
2556 4645 2608 4711 1,
2637 4645 2742 4704 36'.

333 4750 560 4804 πεμπτη
568 4730 794 4803 μορίοις.

405 4845 511 4898 Τοῦ
535 4845 590 4898 δὲ
607 4844 830 4906 Λέοντος
860 4841 1126 4903 δύνοντος,
1145 4835 1528 4906 συγκαταδύνει
1559 4835 1657 4905 μὲν
1685 4832 1832 4904 αύτῷ
1866 4835 1894 4886 6

335 4937 597 5003 ζωδιακὸς
615 4936 722 4989 ἀπὸ
739 4933 1010 5004 Καρκίνου
1037 4931 1146 5003 μοί.
1174 4929 1220 4984 α’
1242 4928 1334 4983 καὶ
1363 4936 1408 4982 κ’
1434 4927 1604 4999 μέσης
1619 4927 1722 4990 ἓως
1745 4927 1888 4997 Παρ-

335 5033 490 5085 θένου
515 5031 622 5102 μοί.
648 5029 726 5083 ιδ”
747 5029 1068 5100 μεσουρανεῖ
1086 5025 1142 5078 δὲ
1163 5024 1268 5077 ἀπὸ
1288 5024 1549 5090 Σκορπίου
1576 5021 1685 5092 μοί.
1707 5027 1773 5089 ιγ’
1789 5021 1894 5083 ἔως

335 5122 562 5186 Τοξότου
589 5127 636 5174 α’
667 5121 762 5173 καὶ
784 5126 831 5173 κ’
858 5120 1048 5190 μέσης.
1080 5118 1190 5170 Καὶ
1215 5123 1263 5168 α’
1295 5117 1390 5186 μὲν
1421 5114 1592 5186 ἀστὴρ
1628 5113 1771 5167 δύνει
1802 5111 1892 5166 τοῦ

334 5214 560 5278 Λέοντος
612 5215 640 5266 ό
684 5215 741 5266 ὲν
786 5215 896 5275 τοῖς
923 5212 1274 5283 ἐμπροσθίοις
1320 5209 1493 5270 ποσὶν,
1528 5207 1750 5278 ἔσχατος
1775 5205 1832 5259 δὲ
1865 5207 1894 5258 6

333 5308 392 5359 ὲν
418 5305 562 5377 ἄκρᾳ
585 5307 650 5375 τῇ
681 5305 834 5376 οὐρᾷ.
861 5305 1198 5374 Μεσουρανεῖ
1223 5303 1278 5356 δὲ
1302 5302 1410 5355 τῶν
1447 5300 1618 5353 ἄλλων
1646 5298 1893 5368 ἀστέρων

335 5399 393 5449 ἐν
443 5395 540 5466 μὲν
583 5397 648 5466 τῇ
678 5396 820 5465 ἀρχῇ
855 5393 954 5462 τῆς
993 5392 1195 5455 δύσεως
1238 5391 1332 5446 τοῦ
1385 5409 1444 5445 τε
1485 5393 1572 5444 Ἐν
1604 5391 1822 5459 γόνασιν
1868 5391 1896 5441 6

335 5486 506 5553 δεξιὸς
535 5485 688 5550 ποῦς,
712 5485 806 5538 καὶ
839 5483 932 5537 τοῦ
982 5484 1262 5554 Ὀφιούχου
1313 5484 1372 5536 τὸ
1417 5483 1697 5554 ἀριστερὸν
1743 5483 1894 5550 γόνυ,

337 5577 411 5640 ὼς
477 5577 774 5647 ήμιπήχιον
854 5575 1273 5646 ὑπολειπόμενον
1329 5575 1422 5628 τοῦ
1488 5574 1893 5647 μεσημϐρινοῦ,

339 5667 431 5720 καὶ
454 5664 546 5720 106
575 5665 838 5728 Σκορπίου
866 5669 894 5721 6
930 5673 975 5720 α’
1004 5666 1289 5733 σφόνδυλος
1307 5684 1319 5697 ·
1350 5666 1572 5736 ἔσχατον
1611 5669 1666 5722 δὲ
1702 5685 1896 5739 μεσου-

2066 4841 2201 4897 Cum
2243 4843 2421 4898 Leone
2461 4843 2662 4898 occidit
2711 4843 2968 4900 zodiacus
2998 4858 3028 4897 a
3060 4843 3258 4898 Cancri
3301 4853 3453 4916 parte
3479 4845 3544 4900 21

1995 4934 2170 4989 media
2211 4935 2274 4987 ad
2309 4936 2376 4990 14
2416 4935 2690 5005 Virginis;
2747 4936 3010 4990 culminat
3055 4950 3084 4989 a
3137 4934 3352 5007 Scorpii
3382 4939 3449 4991 15
3480 4938 3552 4991 ad

2003 5024 2278 5096 Sagittarii
2319 5027 2384 5079 2!
2421 5028 2678 5083 mediam.
2715 5025 2897 5080 Prima
2939 5027 3140 5082 occidit
3191 5026 3387 5082 Leonis
3431 5043 3554 5097 quae

1999 5125 2080 5172 est
2104 5117 2155 5170 in
2187 5117 2552 5172 anterioribus
2579 5118 2805 5188 pedibus
2831 5135 2845 5184 ;
2877 5118 3087 5182 ultima,
3122 5131 3242 5186 quae
3269 5124 3352 5170 est
3382 5118 3434 5169 in
3456 5131 3550 5171 ex-

1999 5211 2269 5266 tremitate
2293 5211 2502 5267 caudaa.
2523 5210 2797 5266 Culminat
2826 5211 3055 5265 aliarum
3089 5210 3366 5265 stellarum
3399 5210 3554 5264 initio

1999 5303 2216 5374 quidem
2261 5318 2514 5366 occasus,
2551 5303 2764 5358 Gemini
2805 5318 2900 5372 pes
2931 5303 3156 5368 dexter;
3191 5309 3246 5356 et
3272 5300 3553 5372 Anguii‘eri

1998 5396 2282 5451 sinistrum
2304 5410 2468 5465 genu,
2494 5395 2648 5464 quasi
2682 5395 3003 5449 semicubito
3031 5394 3168 5448 citra
3192 5393 3553 5448 meridianum

1998 5487 2280 5557 positum:
2313 5495 2366 5540 et
2408 5483 2620 5555 Scorpii
2671 5485 2969 5556 spondylus
2997 5487 3058 5549 l;
3112 5493 3391 5555 postremo
3437 5484 3556 5538 cul-

1998 5579 2209 5632 minant
2231 5576 2496 5633 Draconis
2525 5577 2800 5632 borcalius
2825 5585 3074 5646 tempus;
3122 5585 3174 5631 et
3207 5590 3326 5646 qua:
3358 5575 3412 5628 in
3441 5589 3555 5628 me-

1998 5670 2090 5725 dio
2119 5678 2270 5742 tergo
2301 5669 2603 5742 Sagittarii,
2637 5669 2793 5741 quasi
2835 5669 3160 5725 semicubito
3189 5666 3555 5724 meridianum
