4044 6220
544 249 678 305 1127

1554 240 1641 295 AD
1676 237 1941 295 EUSEBII
1979 233 2372 293 CHRONICON
2412 231 2770 289 APPENDIX.

3627 231 3771 286 5193

544 362 889 421 antecedens.
929 361 1141 419 Occidit
1172 359 1283 416 Leo
1326 356 1476 414 boris
1504 354 1559 421 2,
1608 361 1662 409 et
1699 352 1913 408 duabus
1950 352 2096 405 horae
2123 365 2154 422 Α

2211 349 2418 418 οανοῦσι
2459 347 2553 401 τοῦ
2575 363 2635 400 τε
2688 345 2988 417 Δράκοντος
3036 342 3066 394 6
3112 340 3447 412 βορειότερος
3491 343 3779 414 κρόταφος

542 454 807 525 partibus.

616 724 839 795 Virgine
880 721 1181 783 occidente,
1210 717 1470 772 zodiacus
1510 712 1795 771 descendit
1825 728 1856 767 a
1903 711 2101 767 Leonis

545 816 616 869 27
650 823 805 885 parte
835 813 902 869 ad
930 812 1106 868 Librae
1132 812 1192 879 7;
1227 809 1492 864 culminat
1536 821 1565 860 ο
1611 805 1890 877 Sagittarii
1916 804 1975 857 11
2033 803 2101 858 ad

546 905 867 977 Capricorni
907 906 961 959 4.
990 902 1176 958 Prima
1219 900 1421 957 occidit
1447 915 1509 955 ea
1541 913 1661 969 qua:
1694 905 1778 954 est
1812 898 1867 950 in
1897 896 1983 950 ala
2025 893 2101 950 si-

546 997 755 1065 nistra;
787 997 996 1060 ultima,
1027 1008 1149 1065 quae
1183 1000 1269 1048 est
1305 993 1361 1046 in
1395 992 1562 1046 boreo
1595 989 1748 1060 pede.
1791 987 2103 1042 Culminant

550 1089 779 1143 aliarum
816 1089 1114 1151 stellarum,
1149 1084 1304 1139 initio
1328 1081 1545 1153 quidem
1576 1078 1843 1150 Ophiucbi
1866 1076 2102 1133 secunda

553 1181 625 1235 ab
650 1178 989 1235 extremitate
1013 1176 1178 1248 139
1204 1175 1410 1230 caudae.
1442 1172 1571 1228 Item
1621 1172 1675 1226 in
1709 1170 1989 1242 Sagittarii
2026 1170 2104 1224 Ia-

550 1273 760 1327 terculo
791 1269 1118 1324 antecedens
1156 1266 1560 1327 obscuriorum,
1592 1278 1714 1335 quae
1748 1263 1803 1317 in
1836 1262 2104 1332 oppositis

550 1372 680 1418 sunt
726 1360 981 1432 angulis;
1037 1367 1316 1430 postremo
1363 1356 1686 1423 culminant,
1734 1354 1933 1418 lucida,
1986 1368 2105 1425 quc

548 1461 636 1510 est
668 1453 722 1507 in
764 1452 944 1508 medio
974 1465 1204 1518 corpore
1241 1449 1450 1521 Cygni;
1481 1457 1535 1505 et
1575 1447 1868 1503 australior
1909 1460 2104 1501 succe-

549 1544 792 1600 dentium
850 1544 905 1598 in
950 1542 1181 1598 rhombo
1220 1540 1489 1612 Delphini.
1541 1538 1755 1596 Occidit
1796 1537 1963 1609 Virgo
2011 1536 2107 1593 ho-

551 1638 628 1692 ris
654 1636 710 1700 2,
742 1635 845 1690 η’.

622 1894 762 1953 XIII.
791 1894 970 1951 Chelas
1007 1908 1129 1948 cum
1157 1890 1436 1956 occidunt,
1479 1889 1761 1946 descendit
1784 1903 1889 1943 una
1928 1885 2112 1942 zodia-

554 2007 654 2048 cus
686 1989 1030 2045 aClielarum
1086 1993 1240 2057 parte
1288 1982 1354 2038 17
1392 1981 1569 2037 media
1618 1979 1686 2034 ad
1742 1978 1952 2049 Scorpii
2008 1978 2109 2045 I5;

555 2083 817 2139 culminat
864 2096 895 2135 a
943 2078 1258 2151 Capricorni
1316 2085 1469 2147 parte
1526 2076 1592 2129 I0
1636 2073 1702 2127 ad
1753 2072 1824 2126 28
1853 2068 2109 2126 mediam.

2198 441 2291 493 καὶ
2316 439 2409 492 τοῦ
2436 439 2664 503 Τοξότου
2691 440 2720 490 6
2762 438 2818 489 6v
2853 433 3005 506 μέσῳ
3021 432 3101 503 τῷ
3124 432 3295 502 νώτῳ,
3338 433 3413 497 ὡς
3467 436 3778 506 ἡμιπήχιον

2198 531 2604 604 προηγούμενος
2630 528 2723 583 τοῦ
2752 523 3143 598 μεσημϐρινοῦ.
3175 523 3331 578 Δύνει
3369 524 3427 578 δὲ
3462 526 3493 578 6
3526 525 3680 580 Λέων
3712 530 3780 581 ὲν

2197 622 2366 695 ὥραις
2401 621 2444 692 β’
2482 620 2575 674 καὶ
2607 620 2728 674 δυσὶ
2768 618 2986 690 μέρεσιν
3012 616 3180 688 ὥρας.

2268 713 2381 783 Τῆς
2407 711 2463 765 δὲ
2488 710 2759 782 Παρθένου
2787 708 3065 779 δυνούσης,
3090 708 3476 776 συγκαταδύνει
3502 714 3603 780 μὲν
3627 710 3780 781 αὐτῇ

2198 807 2227 860 6
2259 803 2521 869 ζωδιακὸς
2569 803 2676 858 ἀπὸ
2722 803 2949 866 Λέοντος
2993 802 3036 867 ζ’
3071 802 3166 855 καὶ
3204 799 3254 854 κ’
3289 802 3396 871 μοί.
3435 802 3539 866 ἓως
3568 803 3782 873 Χηλῶν

2201 897 2245 961 ζ’
2264 915 2277 928 °
2313 899 2633 969 μεσουρανεϊ
2670 896 2727 950 δὲ
2770 896 2876 949 ἀπὸ
2905 894 3130 961 Τοξάτου
3169 902 3235 949 ια’
3263 895 3367 959 ἕως
3397 896 3784 969 Δίγοκέρωτος

2199 991 2261 1045 δ’.
2292 991 2402 1043 Καὶ
2424 996 2472 1042 α’
2502 988 2599 1059 μὲν
2630 987 2803 1059 ἀστὴρ
2839 987 2981 1041 δύνει
3024 989 3054 1040 6
3096 989 3157 1041 ὲν
3199 986 3345 1059 ἄκρᾳ.
3389 991 3455 1060 τῇ
3503 991 3785 1061 ἀριστερᾷ

2201 1084 2464 1155 πτέρυγι·
2493 1082 2719 1153 ἔσχατος
2740 1081 2796 1135 δὲ
2822 1082 2851 1133 6
2887 1082 2944 1135 6v
2966 1079 3044 1151 τῷ
3069 1079 3266 1152 βορείῳ
3310 1079 3446 1133 ποδί.
3479 1081 3784 1153 Μεσουρα-

2201 1176 2349 1231 νοῦσι
2377 1175 2433 1229 δὲ
2461 1175 2569 1228 τῶν
2592 1174 2766 1227 ἄλλων
2799 1172 3045 1247 ἀστέρων
3089 1174 3146 1227 ἐν
3179 1172 3277 1242 μὲν
3315 1175 3382 1244 τῇ
3408 1175 3548 1244 ἀρχῇ
3580 1172 3682 1225 τοῦ
3720 1189 3785 1225 τε

2213 1265 2495 1337 Ὀφιούχου
2524 1265 2554 1316 6
2579 1263 2623 1334 β’
2654 1264 2749 1317 ἀπ’
2777 1264 2952 1335 ἀκρας
2981 1263 3079 1334 τῆς
3114 1263 3300 1335 οὐρᾶς,
3346 1263 3441 1315 καὶ
3477 1262 3571 1315 τοῦ
3606 1260 3785 1326 Τοξό-

2200 1375 2295 1412 του
2321 1356 2428 1409 τῶν
2454 1357 2512 1409 ἐν
2539 1354 2619 1427 τῷ
2644 1344 3028 1426 τετραπλεύρῳ
3064 1357 3093 1407 6
3123 1355 3421 1426 ἡγούμενος
3452 1355 3561 1409 τῶν
3594 1356 3789 1426 ἀμαυ-

2205 1446 2439 1520 ροτέρων
2474 1444 2807 1514 ἀντιγωνιων
2827 1458 2840 1471 ·
2886 1442 3109 1514 ἔσχατον
3152 1443 3207 1497 δὲ
3248 1445 3646 1516 μεσουρανοῦσι
3685 1444 3785 1499 τοῦ

2202 1556 2265 1593 τε
2297 1538 2545 1611 Ὄρνιθος
2577 1540 2606 1592 6
2643 1539 2699 1590 ὲν
2735 1537 2882 1609 μέσῳ
2908 1537 2985 1608 τῷ
3013 1536 3220 1608 σώματι
3248 1539 3516 1611 λαμπρὸς,
3552 1542 3653 1594 καὶ
3686 1540 3787 1594 τοῦ

2206 1630 2457 1701 Δελφῖνος
2482 1629 2590 1683 τῶν
2616 1630 2674 1683 ὲν
2704 1628 2780 1699 τῷ
2808 1628 2994 1700 ῥόμϐῳ
3016 1631 3045 1683 6
3088 1628 3407 1701 νοτιώτερος
3436 1630 3547 1684 τῶν
3579 1633 3789 1703 ἑπομέ-

2135 1702 2183 1760 Β
2209 1738 2332 1774 νων.
2357 1718 2509 1771 Δύνει
2539 1718 2596 1771 66
2636 1720 2669 1787 ἡ
2714 1717 2984 1789 Παρθένος
3021 1720 3080 1772 6v
3116 1715 3288 1790 ὥραις
3330 1718 3373 1789 β’
3405 1721 3501 1773 καὶ
3539 1702 3789 1791 πέμπτῳ

2318 1827 2385 1866 ει.

2318 1827 2385 1866 ει.

2213 1810 2376 1957 ll'élpl”.
2414 1904 2581 1957 Ὅταν
2609 1901 2665 1955 δὲ
2690 1903 2745 1956 αἱ
2786 1901 2963 1973 Χηλαὶ
2994 1902 3212 1965 δύνωσι,
3258 1904 3656 1972 συγκαταδύνει
3683 1906 3788 1976 μὲν

2210 1996 2400 2059 αὐταῖς
2425 1998 2454 2049 6
2507 1994 2767 2059 ζωδιακὸς
2809 1994 2917 2048 ἀπὸ
2965 1995 3157 2061 Χηλῶν
3204 1997 3313 2066 μοί.
3352 1994 3428 2061 ιζ”
3455 1998 3632 2070 μέσης
3679 1999 3788 2063 ἕως

2210 2086 2478 2158 Σκορπίου
2513 2087 2623 2158 μοί.
2668 2092 2759 2140 ιε’*
2794 2090 3116 2158 μεσουρανεῖ
3140 2087 3319 2141 δὲάπὸ
3343 2088 3626 2161 Δὶγόκερω
3671 2091 3784 2161 μοί.

553 2174 711 2251 Prior
742 2174 943 2229 occidit
967 2172 1146 2233 stella,
1178 2168 1355 2224 lucida
1385 2181 1506 2237 qua:
1539 2172 1623 2221 est
1668 2165 1724 2218 in
1771 2160 2112 2219 extremitate

2213 2176 2244 2229 ι’
2273 2176 2377 2241 ἓως
2422 2178 2705 2250 Αἰγόκερω
2751 2178 2859 2249 μοι.
2896 2178 2946 2249 η’
2985 2179 3077 2233 καὶ
3112 2179 3162 2232 κ’
3209 2179 3399 2250 μέσης.
3446 2181 3557 2234 Καὶ
3599 2188 3652 2234 α’
3686 2182 3786 2252 μὲν

555 2268 814 2324 australis
842 2267 1048 2330 Chelze;
1108 2264 1320 2324 ultima,
1350 2277 1470 2331 quae
1497 2268 1580 2316 est
1606 2263 1661 2313 in
1693 2255 1892 2311 boreali
1923 2254 2109 2311 Chela.

2211 2266 2382 2339 ἀστὴρ
2412 2266 2555 2321 δύνει
2577 2270 2604 2322 6
2632 2270 2690 2323 6v
2717 2269 2864 2340 ἄκρᾳ
2881 2271 2947 2340 τῇ
2967 2267 3119 2340 νοτία
3136 2270 3285 2341 Χηλῇ
3316 2270 3589 2341 λαμπρὸς,
3613 2272 3785 2343 ἐσχα-

491 2432 499 2440 ν
554 2362 888 2416 Czeterarum
939 2356 1221 2412 stellarum
1274 2351 1607 2415 culminant,
1651 2349 1827 2411 initio,
1881 2345 2113 2400 maxime

2211 2375 2299 2422 τος
2318 2358 2375 2411 66
2396 2361 2424 2413 6
2454 2360 2512 2412 6v
2552 2360 2691 2432 μέσῃ
2722 2363 2788 2432 τῇ
2834 2360 3028 2434 βορείῳ
3060 2362 3233 2433 Χηλῇ.
3270 2364 3683 2435 Μεσουρανοῦσι
3727 2365 3786 2418 66

553 2453 789 2509 borealis
819 2468 886 2507 ex
913 2450 1002 2512 iis,
1042 2463 1161 2519 qua:
1189 2456 1317 2502 sunt
1346 2447 1401 2499 in
1451 2445 1537 2498 ala
1575 2443 1787 2505 dextra,
1822 2436 2114 2493 novissime

2211 2449 2317 2503 τῶν
2348 2449 2521 2504 ἀλλων
2560 2452 2803 2523 ἀστέρων
2834 2453 2894 2507 ὲν
2933 2453 3032 2524 μὲν
3060 2456 3125 2525 τῇ
3171 2456 3311 2526 ἀρχῇ
3342 2455 3435 2508 τοῦ
3470 2456 3727 2527 Ὄρνιθος
3759 2461 3787 2510 6

556 2560 677 2616 quae
700 2545 756 2600 in
779 2558 874 2600 ore
900 2540 1035 2612 Equi
1058 2538 1256 2595 lucida.
1279 2535 1546 2593 Occidunt
1570 2532 1749 2589 Chelas
1774 2533 1908 2585 liora
1940 2526 2108 2593 1,15’.

2213 2540 2546 2613 βορειότατος
2595 2543 2703 2597 τῶν
2737 2545 2794 2596 ἐν
2823 2547 2887 2615 τῇ
2921 2543 3070 2616 δεξιᾷ
3102 2546 3350 2617 πτέρυγι,
3383 2526 3611 2617 ἔσχατον
3656 2548 3718 2600 6's
3758 2551 3785 2602 6

2210 2635 2268 2686 6v
2294 2633 2370 2704 τῷ
2411 2635 2635 2706 στόματι
2679 2635 2769 2689 τοῦ
2805 2636 3000 2691 Ἵππου
3049 2636 3316 2709 λαμπρός.
3349 2638 3580 2692 Δύνουσι
3629 2640 3694 2693 δὲ
3730 2641 3787 2693 αἱ

1467 2799 1556 2812 _
1705 2811 1711 2812 γ
1816 2810 1827 2812 Α
1856 2794 1919 2812 ’,Α
1941 2809 2027 2812 ___
2085 2806 2105 2812 Δ
2211 2724 2389 2795 Χηλαὶ
2420 2727 2477 2778 ὲν
2507 2724 2625 2796 ὥρᾳ
2649 2724 2698 2777 α’
2724 2726 2819 2778 καί
2852 2725 2895 2778 δ’
2930 2725 3108 2798 μέρει.

627 2807 759 2864 Cum
816 2805 1043 2876 Scorpio
1089 2801 1316 2859 cadente
1364 2799 1562 2855 occidit
1618 2811 1725 2852 una
1774 2794 2030 2850 zodiacus
2081 2806 2113 2846 a

2281 2794 2386 2869 Τοῦ
2413 2816 2469 2869 66
2494 2794 2760 2887 Σκορπίου
2790 2794 3052 2881 δύνοντος.
3083 2817 3473 2887 συγκαταδύνει
3505 2819 3606 2888 μὲν
3633 2818 3785 2888 αὐτῷ

556 2908 709 2972 parte
739 2899 807 2954 i5
833 2874 1011 2953 media
1031 2895 1322 2951 Cbelarum
1366 2892 1433 2947 ad
1467 2889 1681 2959 Scorpii
1703 2887 1773 2954 6;
1801 2888 2060 2943 culminat
2082 2899 2114 2937 a

2212 2908 2242 2961 6
2270 2907 2529 2972 ζωδιακὸς
2561 2874 2668 2961 ἀέτδ
2700 2906 2893 2977 Χηλῶν
2927 2874 3035 2978 μοιί
3074 2907 3140 2976 ιγ’
3162 2874 3343 2980 ’μέσης
3380 2908 3486 2972 εως
3505 2874 3784 2981 ὲκορπιοζ»

557 2991 879 3063 Capricorni
906 2988 1084 3044 media
1117 2986 1231 3041 7nd
1257 2982 1573 3054 Capricorni
1594 2980 1685 3034 ‘22.
1720 2977 1876 3034 Prior
1918 2976 2115 3032 occidit
2144 3038 2154 3072 Ι

2220 3000 2329 3072 μοι.
2365 3000 2451 3064 ς”
2486 2976 2808 3071 μεσουρανεῖ
2851 2997 2907 3052 δὲ
2929 2976 3057 3053 ἀπὸ
3086 2976 3365 3070 Αἰγόκερω
3394 2998 3437 3064 ζ’
3469 2976 3643 3071 μέσης
3683 3001 3787 3064 ἕως

560 3046 715 3140 stella
738 3097 858 3153 qua:
909 3088 994 3137 est
1029 3080 1085 3134 in
1113 3079 1148 3133 3
1176 3046 1478 3148 spondylo;
1531 3082 1806 3146 postrema
1846 3046 2154 3126 borealiorl

2217 3046 2566 3162 le6£epwr$
2593 3046 2686 3143 καλ.
2715 3098 2781 3145 κ’.
2817 3092 2925 3144 Καὶ
2948 3090 2995 3144 α’
3030 3090 3126 3161 μὲν
3148 3046 3320 3163 ἀστὴρ
3345 3046 3670 3147 δύῖιεῖδνέιπὶ
3685 3046 3784 3146 :66

560 3189 767 3238 earum,
789 3187 909 3243 quae
938 3178 1064 3226 sunt
1093 3171 1151 3225 in
1198 3167 1391 3223 fronte.
1426 3165 1774 3236 Reliquarum
1839 3164 2117 3219 stellarum

2216 3183 2267 3254 γ’
2299 3181 2585 3252 σφονδύλου
2612 3180 2882 3252 κείμενος,
2911 3181 3134 3253 ἔσχατον
3165 3182 3221 3236 δὲ
3246 3184 3274 3235 6
3308 3182 3652 3255 βορειότερος
3679 3183 3784 3237 τῶν

561 3266 880 3329 culminant,
913 3263 1067 3317 initio
1089 3261 1307 3332 quidem
1342 3274 1532 3314 earum
1557 3272 1680 3327 quae
1716 3256 1770 3310 in
1812 3256 1897 3308 aia
1929 3254 2117 3309 dextra

2216 3276 2272 3327 6v
2297 3271 2373 3344 τῷ
2403 3270 2657 3344 μετώπῳ.
2686 3271 3091 3344 Μεσουρανοῦσι
3116 3273 3174 3325 66
3205 3272 3311 3325 τῶν
3336 3254 3512 3327 ἄλλων

560 3358 753 3429 Cygni,
784 3354 984 3417 media,
1025 3352 1181 3423 quasi
1210 3350 1530 3407 semicubito
1569 3348 1707 3403 citra
1756 3345 2118 3400 meridianum

2218 3368 2275 3419 6v
2299 3366 2397 3437 μὲν
2421 3367 2488 3437 τῇ
2518 3366 2659 3437 ἀρχῇ
2692 3363 2784 3417 τοῦ
2814 3365 3062 3437 Ὄρνιθος
3084 3366 3112 3417 6
3145 3364 3306 3435 μέσος
3327 3366 3432 3422 τῶν
3458 3370 3517 3421 ὲν
3542 3370 3611 3438 τῇ
3636 3367 3784 3437 δεξιᾷ

560 3450 770 3521 posita;
797 3455 852 3502 et
882 3445 1151 3501 borealior
1182 3457 1369 3498 earum
1393 3456 1514 3511 quae
1558 3447 1686 3494 sunt
1714 3439 1770 3494 in
1799 3436 2118 3507 Capricorni

2217 3422 2917 3529 mépuyt,"6ndi:6m6itevo.;
2964 3422 3373 3528 digvmimﬁxvtov
3416 3456 3513 3511 τοῦ

562 3539 790 3611 genibus
819 3557 834 3595 :
859 3537 1151 3593 novissime
1179 3534 1502 3597 culminant,
1524 3530 1704 3585 lucida
1735 3530 1790 3583 in
1822 3528 1994 3584 cauda
2014 3528 2120 3598 Cy-

2218 3528 2422 3622 ϐρινοῦ,
2459 3549 2551 3603 καὶ
2578 3548 2670 3601 τοῦ
2702 3548 2983 3620 Λιγόκερω
3016 3550 3045 3601 6
3074 3548 3408 3622 βορειότερος
3446 3528 3651 3605 τῶννὲν
3673 3554 3782 3614 τοῖς

561 3633 654 3703 gni
692 3631 885 3699 media,
903 3639 958 3685 et
972 3628 1288 3699 Capricorni
1307 3624 1620 3698 praecedens
1642 3624 1966 3687 Iucidarum,
1999 3635 2121 3691 quae

2216 3640 2435 3707 γόνασιν
2454 3655 2467 3668 °
2500 3637 2724 3710 ἔσχατον
2751 3637 2807 3690 δὲ
2846 3637 3234 3709 μεσουρανοῦσι
3266 3639 3359 3693 τοῦ
3386 3656 3445 3692 τε
3476 3640 3727 3712 Ὄρνιθος
3755 3643 3782 3692 6

563 3724 621 3777 in
653 3722 847 3786 cauda,
878 3738 909 3776 a
936 3721 1238 3776 meridiano
1283 3719 1543 3775 deﬁciens
1597 3718 1754 3773 besse
1786 3714 1899 3771 fere
1927 3714 2116 3770 cubiti.

563 3816 775 3875 Occidit
807 3816 1067 3888 Scorpius
1093 3814 1227 3870 hora
1256 3813 1307 3870 1.

634 4080 927 4137 Occidente
958 4078 1284 4151 Sagittario,
1317 4074 1597 4132 descendit
1639 4089 1747 4129 una
1798 4071 2051 4127 zodiacus
2089 4084 2120 4124 a

565 4183 715 4243 parte
746 4169 956 4239 Scorpii
989 4170 1023 4224 5
1052 4169 1119 4223 ad
1158 4167 1433 4238 Sagittarii
1460 4166 1531 4220 27
1555 4166 1785 4220 mediam
1813 4183 1828 4229 ;
1856 4164 2120 4217 culminat

564 4280 595 4318 a
626 4264 942 4335 Capricorni
960 4261 1033 4317 20
1059 4260 1127 4314 ad
1178 4259 1414 4316 Piscium
1449 4259 1483 4313 5
1510 4259 1760 4314 mediam.
1814 4256 1992 4310 Prima
2030 4269 2122 4308 oc-

2217 3731 2274 3783 6v
2308 3729 2447 3801 μέσῃ
2468 3730 2536 3799 τῇ
2566 3730 2703 3800 οὐρᾷ
2724 3728 2996 3800 λαμπρὸς,
3026 3730 3120 3784 καὶ
3148 3730 3239 3784 τοῦ
3266 3731 3547 3803 Αἰγόκερω
3572 3735 3602 3786 6
3628 3731 3782 3804 ἠγούο

2220 3839 2378 3894 μενος
2416 3820 2522 3875 τῶν
2558 3823 2617 3874 ὲν
2643 3824 2706 3894 τῇ
2733 3822 2869 3893 οὐρᾷ
2908 3821 3196 3894 λαμπρῶν,
3231 3821 3659 3894 ὑπολειπόμενος
3691 3823 3780 3878 τοῦ

2220 3912 2586 3986 μεσημὸρινοῦ
2614 3913 2689 3977 ὡς
2712 3911 2757 3983 β’
2790 3913 2932 3984 μέρη
2963 3914 3201 3985 πήχεως.
3231 3913 3385 3969 Δύνει
3416 3914 3473 3967 δὲ
3516 3915 3781 3987 Σκορπὶος

2219 4006 2276 4058 6v
2299 4004 2416 4077 ὥρᾳ
2441 4005 2510 4059 α’.

2287 4093 2393 4146 Τοῦ
2425 4093 2481 4146 δὲ
2521 4092 2746 4158 Τοξότου
2784 4092 3046 4160 δύνοντος,
3084 4094 3468 4162 συγκαταδύνει
3505 4096 3601 4166 μὲν
3631 4095 3776 4165 αὐτῷ

2216 4186 2246 4239 6
2278 4182 2534 4250 ζωδιακὸς
2562 4182 2671 4237 ἀπὸ
2701 4183 2969 4253 Σκορπίου
3003 4184 3111 4253 μοί.
3145 4183 3195 4251 γ’
3222 4184 3325 4248 ἕως
3355 4183 3571 4249 Τοξότου
3605 4183 3651 4247 ζ’
3677 4186 3772 4237 καὶ

2219 4275 2268 4330 κ’
2296 4276 2494 4347 μέσης·
2544 4282 2863 4347 μεσουρανεῖ
2892 4275 2948 4328 δὲ
2987 4276 3095 4328 ἀπὸ
3139 4278 3418 4348 Δίγόκερω
3451 4276 3554 4347 μοί.
3582 4275 3634 4329 κ’
3664 4276 3773 4340 ἕως

564 4357 696 4412 cidit
716 4355 895 4411 lucida
930 4353 1251 4426 posterioris
1278 4351 1462 4423 pedis;
1516 4352 1703 4406 ultima
1734 4349 2003 4405 borcalior
2023 4361 2115 4401 ea-
2150 4376 2154 4427 γ

2232 4366 2448 4438 Ἰχθύων
2479 4372 2518 4419 ε’
2552 4366 2741 4438 μέσης.
2775 4368 2884 4421 Καὶ
2908 4366 2957 4420 α’
2990 4367 3085 4437 μὲν
3110 4367 3282 4440 ἀστὴρ
3305 4367 3447 4421 δύνει
3472 4370 3500 4422 6
3527 4368 3775 4439 λαμπρὸς

564 4464 707 4513 rum,
738 4465 858 4519 quae
879 4455 1005 4505 sunt
1034 4446 1089 4501 in
1118 4461 1269 4518 sago.
1298 4444 1626 4501 Ceterarum
1658 4443 1932 4499 stellarum
1966 4441 2119 4495 initio

566 4542 868 4597 culminant
905 4555 1025 4611 quae
1051 4547 1135 4595 est
1162 4539 1216 4593 in
1239 4538 1428 4593 dextra
1459 4551 1621 4590 manu
1648 4534 1885 4605 Cephei;
1917 4541 1972 4587 et
2004 4548 2124 4603 quae

568 4639 623 4693 in
648 4636 786 4692 ﬂexu
814 4637 910 4690 alae
935 4635 1170 4691 sinistra:
1201 4633 1403 4704 Cygni;
1431 4645 1530 4685 nec
1553 4645 1663 4685 non
1709 4628 2005 4685 succedens
2032 4643 2123 4683 ea-

568 4743 689 4783 rum
711 4743 830 4798 quae
850 4734 976 4782 sunt
1007 4726 1064 4780 in
1101 4734 1251 4795 tergo
1272 4720 1607 4793 Capricorni,
1638 4718 1992 4788 meridianum
2018 4719 2125 4773 cir-

569 4815 705 4869 citer
725 4813 1050 4869 antecedens
1073 4829 1089 4878 ;
1109 4812 1405 4867 novissime
1430 4809 1752 4878 culminant,
1778 4810 2000 4864 sinister
2030 4822 2124 4877 pes

570 4907 791 4977 Cephei,
833 4914 887 4961 et
905 4920 1027 4976 qua;
1048 4906 1103 4960 in
1133 4903 1391 4959 umbilico
1411 4911 1496 4960 est
1526 4902 1681 4975 Equi.
1710 4902 1922 4960 Occidit
1943 4901 2124 4973 Sagit-

571 5002 740 5056 tarius
765 5001 913 5053 horis
943 5000 977 5053 5

641 5284 779 5340 XIV.
800 5284 933 5342 Cum
949 5284 1282 5358 Capricorno
1304 5284 1856 5342 descenditzodiacus
1877 5297 1907 5336 a
1929 5281 2129 5352 parteﬁ

571 5377 888 5450 Capricorni
925 5381 992 5436 ad
1036 5380 1107 5434 24
1162 5381 1432 5445 mediam;
1470 5379 1734 5434 culminat
1774 5391 1805 5431 a
1832 5374 2006 5430 media
2037 5372 2127 5426 Pi-

573 5475 747 5528 scium
776 5474 835 5527 11
871 5473 938 5528 ad
967 5472 1168 5528 Arietis
1187 5472 1241 5528 9.
1273 5470 1455 5526 Prima
1480 5470 1678 5527 occidit
1720 5468 2010 5524 australior
2037 5482 2130 5522 ea-

572 5578 696 5618 rnm
725 5579 846 5635 qua:
892 5564 946 5619 in
976 5563 1273 5637 geniculis;
1332 5563 1523 5616 ultima
1579 5560 1881 5617 succedens
1942 5572 2129 5614 earum

572 5669 690 5728 qua:
726 5665 852 5712 sunt
892 5659 947 5712 iu
984 5656 1178 5712 cauda.
1209 5655 1559 5727 Reliquarum
1610 5654 1888 5710 stellarum
1937 5652 2131 5708 culmi-

2221 4459 2250 4510 6
2279 4459 2335 4509 6v
2365 4455 2440 4526 τῷ
2478 4455 2704 4527 ὀπισθίῳ
2736 4455 2873 4521 ποδὶ,
2908 4456 3127 4527 ἔσχατος
3153 4457 3210 4510 δὲ
3255 4460 3283 4511 6
3313 4458 3642 4531 βορειότερος
3668 4460 3776 4513 τῶν

2223 4551 2279 4602 ὲν
2307 4551 2372 4620 τῇ
2406 4548 2671 4617 ὲφαπτίδι.
2693 4548 3095 4621 Μεσουρανοῦσι
3122 4549 3177 4604 δὲ
3203 4549 3311 4604 τῶν
3333 4551 3504 4605 ἀλλων
3537 4551 3777 4624 ἀστέρων

2223 4643 2279 4694 6v
2306 4642 2402 4713 μὲν
2417 4643 2482 4712 τῇ
2516 4642 2655 4712 ἀρχῇ
2682 4640 2773 4693 τοῦ
2796 4641 3028 4711 Κηφέως
3051 4643 3079 4694 6
3111 4642 3167 4693 6v
3181 4643 3326 4714 ἄκρᾳ
3347 4646 3415 4714 τῇ
3443 4644 3591 4717 δεξιᾷ
3615 4645 3776 4717 χειρὶ,

2223 4732 2318 4785 καὶ
2341 4729 2434 4784 τοῦ
2465 4731 2711 4803 Ὄρνιθος
2738 4733 2767 4783 6
2792 4733 2849 4783 6v
2877 4731 2952 4802 τῷ
2981 4731 3184 4799 ἀγκῶνι
3209 4734 3308 4804 τῆς
3336 4734 3629 4806 ἀριστερᾶς
3652 4738 3779 4790 πτέ-

2227 4841 2408 4897 ρυγος,
2439 4825 2533 4877 καὶ
2555 4822 2648 4877 τοῦ
2667 4823 2948 4895 Αἰγόκερω
2969 4824 2998 4876 6
3017 4826 3278 4896 ἑπόμενος
3297 4826 3405 4880 τῶν
3423 4829 3481 4881 6v
3508 4828 3588 4899 τῷ
3608 4828 3777 4901 νώτῳ,

2225 4914 2630 4986 προηγούμενος
2650 4914 2743 4968 τοῦ
2768 4914 3138 4987 μεσημϐρινοῦ
3167 4916 3240 4980 ὡς
3268 4919 3596 4988 ήμιπήχιον·
3626 4920 3781 4990 ἔσχα-

2224 5023 2315 5061 ⁴ιόν
2340 5007 2394 5060 δὲ
2419 5007 2806 5079 μεσουρανοῦσι
2831 5007 2925 5061 τοῦ
2948 5024 3005 5060 τε
3022 5008 3252 5079 Κηφέως
3267 5011 3295 5061 6
3313 5011 3603 5082 ἀριστερὸς
3628 5013 3776 5075 ποῦς·

2222 5101 2318 5153 καὶ
2347 5100 2440 5153 τοῦ
2465 5101 2661 5154 Ἵππου
2687 5102 2716 5153 6
2748 5102 2805 5154 6v
2836 5100 2912 5171 τῷ
2948 5100 3190 5173 ὀμφαλῷ.
3218 5101 3372 5155 Δύνεὶ
3397 5101 3455 5155 66
3484 5105 3515 5156 6
3551 5103 3780 5173 Τοξότης

2226 5192 2286 5244 ὲν
2316 5191 2482 5264 ὥραις
2510 5190 2578 5261 Υ.

2297 5283 2393 5335 ΙΔ’.
2430 5282 2537 5336 Τοῦ
2569 5283 2625 5335 δὲ
2657 5282 2939 5354 Αἰγόκερω
2964 5282 3227 5348 δύνοντος,
3259 5284 3655 5352 συγκαταδύνει
3686 5284 3778 5354 μὲν

2228 5372 2376 5443 αὐτῷ
2399 5374 2428 5424 6
2453 5373 2711 5437 ζωδιακὸς
2733 5373 2839 5426 ἀπὸ
2861 5373 3140 5444 Αἱγόκερω
3167 5375 3277 5445 μοί.
3307 5373 3351 5445 β’
3380 5374 3483 5438 ἕως
3503 5375 3779 5444 Αιγόκερω

2233 5465 2342 5537 μοι.
2365 5464 2405 5518 δ’
2435 5467 2527 5520 καὶ
2547 5465 2594 5518 κ’
2623 5464 2790 5536 μέσης
2808 5482 2822 5495 ’
2850 5469 3171 5536 μεσουρανεῖ
3194 5466 3249 5520 66
3279 5468 3386 5522 ἀπὸ
3425 5467 3645 5539 Ἰχθύων
3672 5467 3774 5538 μοι.

2234 5563 2299 5609 ια’
2330 5556 2498 5629 μέσης
2529 5557 2632 5620 ἕως
2658 5557 2828 5627 Κριοῦ
2847 5558 2910 5611 θ’.
2940 5559 3049 5610 Καὶ
3081 5557 3130 5611 α’
3160 5559 3255 5628 μὲν
3277 5559 3450 5632 ἀστὴρ
3473 5558 3620 5612 δύνει
3647 5560 3677 5611 6
3699 5574 3777 5610 vo-

2230 5647 2485 5720 τιώτερος
2515 5647 2620 5703 τῶν
2658 5652 2714 5704 6v
2735 5652 2846 5712 τοῖς
2870 5648 3152 5727 γονατίοις,
3183 5649 3404 5720 ἔσχατος
3430 5650 3487 5704 66
3516 5652 3547 5703 6
3577 5650 3772 5718 ἑπόμεο
