4044 6220
382 290 522 349 1129

1349 299 1714 360 HIPPARCHI
1751 305 1843 360 AD
1880 307 2325 370 ΡΗΑΞΝΟΜΕΝΔ
2367 315 2492 370 LIB.
2535 314 2619 372 111.

380 424 470 472 νος
504 408 614 462 τῶν
659 408 720 462 ἐν
757 411 822 481 τῇ
856 410 1009 484 οὐρᾷ.
1051 413 1457 484 Μεσουρανοῦσι
1512 419 1569 473 δὲ
1620 421 1728 475 τῶν
1773 424 1904 478 ἄλλα

2009 454 2022 488 ι
2052 439 2202 495 nant,
2258 431 2410 488 initio
2471 434 2690 504 quidem
2727 435 3012 494 obscurior
3038 456 3225 498 earum
3256 461 3375 516 qua:
3403 463 3529 509 sunt
3553 459 3606 513 in

378 499 624 572 ἀστέρων
651 501 710 554 ἐν
740 501 840 574 μὲν
881 506 946 574 τῇ
982 506 1122 578 ἀρχῇ
1165 508 1265 577 τῆς
1297 511 1665 576 Κασσιεπείας
1705 514 1734 566 6
1762 516 1942 586 ἀμαυ-

2045 522 2184 577 solio
2208 523 2540 596 Cassiepeae,
2566 535 2619 581 et
2655 543 2842 584 earum
2869 546 2989 601 qua:
3013 545 3140 588 sunt
3165 535 3219 589 in
3252 537 3607 602 Andromeda;

379 592 600 665 ρὸτερος
623 593 732 646 τῶν
751 595 809 646 ἐν
840 594 918 666 τῷ
939 595 1132 669 δίφρῳ,
1167 600 1260 652 καὶ
1284 601 1384 672 τῆς
1425 603 1780 675 Ἀνδρομέδας
1804 611 1832 661 6
1855 607 1904 678 βε

2042 624 2280 684 pectore,
2329 617 2599 672 borealior
2625 635 2638 670 :
2668 621 2964 679 novissime
3029 626 3350 693 culminant,
3387 633 3607 694 sinister

380 684 548 754 ρειότε
556 702 648 756 ρος
668 685 776 738 τῶν
800 687 858 739 ἐν
882 687 960 758 τῷ
981 689 1164 761 στήθει
1182 709 1196 721 ο
1228 690 1451 763 ἔσχατού
1472 695 1528 747 δὲ
1551 713 1713 766 μεσου
1723 700 1939 769 ρανοῦσι

373 772 469 826 τοῦ
496 791 554 826 τε
572 775 823 846 Περσέως
841 780 870 831 6
897 779 1177 853 ἀριστερὸς
1204 780 1372 852 ὦμος,
1401 783 1822 858 ὑπολειπόμενος
1841 789 1936 844 τοῦ

377 868 745 950 μεσημϐρινοῦ
777 871 852 935 ὡς
883 873 926 943 β’
960 876 1098 947 μέρη
1129 879 1364 949 πήχεως.
1401 879 1556 933 Δύνει
1579 881 1635 934 δέ
1662 885 1691 936 6
1714 884 1938 954 Δίγόκε-

373 975 482 1029 ρως
510 959 568 1012 ἐν
597 959 715 1032 ὥρᾳ
739 961 786 1014 α’
825 964 918 1017 καὶ
944 965 990 1035 β’
1017 967 1236 1039 μέρεσιν
1260 969 1426 1040 ὥρας.

443 1053 548 1106 Τοῦ
569 1053 622 1105 δὲ
659 1053 940 1126 Ὑδροχόου
961 1057 1225 1126 δύνοντος,
1247 1064 1633 1131 συγκαταδύνει
1665 1067 1764 1138 μὲν
1786 1071 1935 1142 αὑτῷ

367 1146 397 1198 6
453 1143 712 1211 ζωδιακὸς
768 1148 877 1202 ἀπὸ
925 1150 1295 1224 Αίγοκέρωτος
1345 1155 1454 1226 μοί.
1488 1158 1556 1228 ιη’
1612 1160 1782 1232 μέσης
1830 1163 1936 1228 ἕως

377 1239 661 1311 ’Υδροχόου
698 1241 790 1294 ιε”
828 1250 1146 1317 μεσουρανεί
1173 1247 1229 1300 δὲ
1261 1249 1368 1302 ἀπὸ
1400 1249 1571 1322 Κριοῦ
1609 1254 1716 1324 μοί.
1755 1255 1804 1324 γ’
1828 1257 1932 1322 ἕως

363 1330 576 1402 Ταύρου
601 1331 646 1397 ζ’
682 1332 868 1403 μέσης.
905 1335 1014 1388 Καὶ
1050 1337 1098 1390 α’
1139 1338 1236 1409 μὲν
1262 1339 1437 1412 ἀστὴρ
1467 1341 1609 1395 δύνει
1635 1344 1664 1395 6
1695 1345 1930 1416 ἡγούμε-

361 1439 451 1485 νος
481 1421 586 1476 τῶν
616 1425 674 1477 ἐν
697 1427 760 1495 τῇ
789 1427 1051 1498 ἀριστερᾷ
1081 1429 1243 1500 χειρὶ,
1279 1430 1502 1500 ἔσχατος
1529 1433 1586 1485 δὲ
1607 1435 1636 1486 6
1665 1435 1928 1506 ἑπόμενος

357 1513 467 1566 τῶν
497 1517 632 1586 ἐντῇ
666 1516 901 1571 κάλπιδι.
922 1520 1327 1592 Μεσουρανοῦσι
1351 1524 1410 1576 δὲ
1437 1525 1544 1577 τῶν
1569 1525 1742 1581 ἄλλων
1770 1530 1928 1582 ἀστέ-

361 1624 469 1678 ρων
495 1608 551 1660 ἐν
583 1608 680 1679 μὲν
712 1613 777 1680 τῇ
826 1611 964 1681 ἀρχῇ
995 1612 1084 1665 τοῦ
1119 1615 1368 1686 Περσέως
1403 1618 1432 1670 6
1457 1618 1515 1670 ἐν
1549 1620 1614 1689 τῇ
1658 1619 1806 1690 ἅρπῃ
1841 1638 1928 1674 νε-

357 1697 631 1770 φελοειδὴς
661 1697 756 1762 ὢν,
782 1701 991 1773 καὶτῆς
1028 1703 1380 1776 Ἀνδρομέδας
1402 1709 1430 1760 6
1461 1707 1742 1780 ἀριστερὸς
1767 1710 1922 1774 ποῦς,

2040 704 2300 763 humerus
2357 707 2559 772 Persei,
2592 711 2729 765 citra
2787 713 3070 772 meridiem
3131 717 3344 777 duabus
3385 725 3606 784 circiter

2039 801 2284 869 partibus
2310 802 2475 857 cubiti
2500 803 2657 859 situs.
2693 804 2902 862 Occidit
2926 809 3290 880 Capricornus
3322 815 3454 872 hora
3488 819 3514 876 1
3551 829 3605 877 et.

2037 890 2250 950 duobus
2291 893 2434 950 hora:
2466 896 2730 966 partibus.

2106 1071 2243 1125 Cum
2273 1071 2514 1142 Aquario
2561 1075 2814 1132 zodiacus
2868 1080 3068 1136 occidit
3097 1097 3127 1136 a
3165 1083 3482 1155 Capricorni
3516 1089 3598 1153 18,

2034 1161 2211 1216 media
2263 1163 2332 1217 ad
2388 1163 2610 1234 Aquarii
2643 1167 2741 1233 15;
2797 1169 3064 1225 culminat
3095 1173 3163 1227 ab
3212 1175 3410 1234 Arietis
3459 1181 3492 1235 5
3533 1183 3600 1236 ad

2034 1251 2197 1306 Tauri
2248 1254 2477 1309 mediam
2510 1255 2558 1308 7.
2590 1255 2749 1312 Prior
2797 1260 2996 1336 occidit
3030 1266 3208 1331 stella,
3268 1272 3599 1330 antecedens

2031 1359 2240 1411 earum,
2276 1364 2395 1417 quae.
2434 1358 2558 1404 sunt
2588 1351 2641 1404 in
2665 1351 2888 1408 sinistra
2922 1369 3120 1424 manu;
3157 1359 3367 1424 ultima,
3410 1379 3599 1420 succe-

2031 1434 2166 1491 dens
2191 1451 2400 1503 earum,
2428 1455 2548 1509 qua:
2581 1440 2636 1495 in
2661 1456 2817 1498 urna.
2877 1443 3228 1517 Reliquarum
3275 1453 3591 1520 culminant,

2030 1525 2185 1581 initio
2206 1527 2445 1598 quidem,
2495 1547 2559 1586 ea
2600 1547 2720 1602 qua:
2760 1542 2844 1590 est
2901 1536 2955 1590 in
2993 1537 3161 1610 harpe
3191 1539 3375 1598 Persei
3426 1547 3596 1601 nebu-

2030 1615 2142 1670 losa
2162 1635 2176 1682 ;
2197 1625 2250 1673 et
2278 1619 2638 1678 Andromeda:
2671 1641 2767 1694 pes
2809 1627 3052 1695 sinister,
3082 1632 3359 1700 paululum
3379 1646 3594 1694 antece—

2026 1704 2162 1762 dens
2191 1710 2549 1766 meridianum
2586 1729 2598 1764 :
2634 1712 2762 1767 item
2791 1715 2991 1771 Arietis
3021 1732 3207 1772 earum
3232 1736 3352 1790 quae
3382 1734 3510 1778 sunt
3539 1727 3592 1781 in

357 1789 554 1859 μικρὸν
601 1792 1005 1862 προηγούμενος
1044 1795 1138 1848 τοῦ
1181 1799 1586 1870 μεσημϐρινοῦδ
1621 1802 1822 1872 ὁμοίως
1861 1804 1904 1856 δὲ

2024 1799 2219 1868 capite,
2244 1800 2454 1869 media;
2483 1803 2674 1858 ultima
2718 1821 2868 1872 vero,
2895 1823 3015 1878 qua:
3057 1818 3140 1865 est
3169 1811 3223 1865 in
3259 1811 3421 1869 Tauri
3468 1833 3592 1871 sca-

352 1880 447 1932 xai
473 1879 566 1932 τοῦ
595 1881 763 1952 Κριοῦ
786 1885 814 1936 6
842 1883 1004 1954 μέσος
1024 1886 1132 1938 τῶν
1157 1888 1213 1939 ἐν
1234 1892 1296 1959 τῇ
1331 1891 1534 1962 κεφαλῇ
1564 1909 1576 1922 ·
1606 1891 1830 1963 ἔσχατος
1859 1894 1916 1948 δὲ

348 1970 378 2022 6
402 1971 469 2041 ,ἐν
500 1973 564 2042 τῇ
593 1971 889 2047 ὠμοπλάτη
921 1973 1013 2028 τοῦ
1047 1977 1280 2049 Ταύρου,
1341 1980 1417 2043 ὡς
1455 1983 1754 2052 ήμιπήχιον
1779 2001 1914 2054 προ-

347 2061 483 2133 ηγού
491 2080 649 2134 μενος
674 2063 767 2116 τοῦ
801 2066 1190 2138 μεσημϐρινοῦ,
1221 2069 1314 2123 καὶ
1339 2071 1447 2123 τῶν
1475 2072 1678 2127 Ὑάδων
1704 2077 1732 2128 6
1757 2078 1814 2130 ἐν
1838 2077 1916 2147 τῷ

348 2155 561 2225 ῥύγχει,
598 2157 672 2220 ὠς
721 2159 1018 2229 ἡμιπήχιον
1042 2160 1463 2233 ὑπολειπόμενος
1490 2165 1583 2218 τοῦ
1617 2168 1915 2240 μεσημϐρι-

345 2245 459 2300 νοῦ.
498 2247 651 2300 Δύνει
680 2247 737 2300 δέ
765 2249 794 2300 6
834 2248 1111 2321 ’Υδροχόος
1140 2253 1196 2304 ἐν
1239 2253 1407 2323 ὥραις
1445 2254 1490 2324 β’
1523 2257 1615 2310 καὶ
1660 2259 1709 2328 η’
1737 2259 1910 2332 μέρει.

416 2338 537 2391 Τῶν
579 2339 636 2392 δὲ
677 2339 896 2409 ’ἰχθύων
933 2341 1215 2406 δυνόντων,
1253 2346 1640 2412 συγκαταδύνει
1676 2348 1775 2420 μὲν
1813 2351 1912 2404 αὑ-

341 2432 454 2493 τοῖς
499 2432 527 2483 6
574 2428 835 2493 ζωδιακὸς
881 2429 987 2484 ἀπὸ
1027 2431 1308 2504 Ὑδροχόου
1369 2436 1477 2506 μοί.
1515 2444 1564 2506 γ’
1593 2437 1688 2491 καὶ
1728 2446 1775 2492 κ’
1809 2439 1914 2505 ἓως

342 2518 514 2590 Κριοῦ
568 2520 676 2590 μοί.
707 2519 778 2572 ε’·
823 2525 1146 2592 μεσουρανεί
1199 2523 1255 2576 δέ
1276 2524 1382 2576 ἀπὸ
1425 2525 1639 2597 Ταύρου
1695 2527 1802 2599 μοί.
1849 2528 1911 2593 ιζ’

340 2611 446 2674 ἓως
468 2612 738 2683 Καρκίνου
760 2619 834 2678 ς’.
854 2613 961 2666 Καὶ
987 2620 1033 2666 α’
1054 2614 1151 2684 μὲν
1181 2615 1354 2688 ἀστὴρ
1373 2617 1515 2670 δύνει
1536 2621 1563 2671 6
1592 2621 1647 2670 ἐν
1663 2619 1814 2692 ἄκρῳ
1835 2619 1912 2691 τῷ

338 2703 532 2774 ῥύγχει
564 2704 656 2757 τοῦ
703 2704 1040 2776 βορειοτέρω
1086 2706 1316 2776 Ἰχθύος·
1360 2713 1681 2781 μεσουρανεί
1715 2711 1772 2763 δὲ
1803 2711 1910 2764 τῶν

337 2795 513 2850 ἄλλων
543 2796 782 2867 ἀστέρων
811 2798 868 2850 ἐν
913 2798 1009 2868 μὲν
1044 2801 1108 2869 τῇ
1141 2801 1282 2872 ἀρχῇ
1316 2801 1408 2854 τοῦ
1443 2819 1500 2854 τε
1527 2801 1735 2874 Ταύρου
1776 2803 1804 2856 6
1850 2803 1907 2857 ἐν

335 2891 405 2958 τῇ
437 2889 658 2958 ἐκφύσει
703 2889 796 2942 τοῦ
840 2889 1010 2956 δεξιοῦ
1054 2893 1301 2964 κέρατος,
1335 2895 1428 2947 καὶ
1469 2894 1561 2948 τοῦ
1601 2897 1843 2968 Ἡνιόχου
1881 2899 1908 2951 6

335 2982 618 3053 ἀριστερὸς
664 2977 810 3054 ὦμος
836 3023 850 3047 ,
889 2983 964 3047 ὡς
1009 2986 1306 3058 ἡμιπήχιον
1358 2988 1760 3060 προηγούμενος
1809 2990 1907 3042 τοῦ

2020 1889 2146 1956 pula
2177 1891 2373 1956 media,
2415 1894 2572 1962 quasi
2608 1895 2932 1952 semicubito
2979 1901 3336 1958 meridianum
3377 1915 3592 1962 antece-

2017 1977 2172 2045 dens,
2201 1987 2253 2035 et
2311 1979 2630 2040 Sucularum
2655 2001 2774 2056 quae
2806 1995 2890 2043 est
2932 1989 2986 2043 in
3019 1999 3215 2057 rostro,
3275 1997 3590 2053 semicubito

2017 2067 2130 2124 fere
2157 2071 2418 2128 collocata
2461 2076 2599 2131 citra
2650 2079 3028 2137 meridianum.
3069 2083 3281 2142 Occidit
3313 2089 3587 2161 Aquarius

2017 2160 2169 2220 horis
2193 2163 2230 2216 2
2268 2165 2388 2235 1/8.

2089 2341 2337 2400 Piscibus
2413 2347 2788 2408 occidentibus
2855 2353 3137 2410 descendit
3201 2357 3456 2415 zodiacus
3518 2360 3588 2415 ab

2014 2433 2239 2504 Aquarii
2267 2444 2421 2505 parte
2448 2438 2518 2492 25
2563 2439 2630 2494 ad
2660 2442 2942 2510 Arietis5;
2998 2445 3261 2502 culminat
3282 2447 3496 2503 aTauri
3518 2450 3585 2503 i7

2013 2528 2080 2580 ad
2113 2527 2309 2582 Cancri
2339 2528 2391 2582 6.
2417 2528 2576 2584 Prior
2594 2534 2796 2588 occidit
2824 2551 2943 2605 qua:
2963 2545 3046 2592 est
3078 2538 3133 2592 in
3163 2547 3342 2595 rostro
3388 2541 3584 2610 borea-

2014 2617 2166 2674 lioris
2213 2619 2405 2685 Piscis,
2459 2623 2722 2678 culminat.
2791 2627 3018 2682 aliarum
3076 2631 3355 2686 stellarum
3405 2635 3580 2699 initio,

2014 2726 2135 2781 qua:
2157 2721 2241 2766 est
2267 2711 2319 2765 in
2343 2727 2605 2782 processu
2637 2730 2809 2770 cornu
2834 2716 3007 2772 dextri
3039 2716 3202 2774 Tauri
3230 2739 3244 2787 ;
3277 2729 3331 2775 et
3362 2723 3584 2778 sinister

2013 2802 2273 2858 humerus
2338 2803 2622 2872 Heniochi,
2685 2808 3010 2864 semicubito
3054 2811 3164 2866 fere
3217 2813 3579 2870 meridianum

2011 2893 2323 2964 praecedens
2362 2909 2376 2946 :
2415 2895 2708 2952 novissime
2765 2913 2896 2954 vero
2948 2900 3253 2956 culminant
3308 2903 3579 2960 horealior

2012 3002 2220 3055 earum,
2256 3003 2375 3058 quas
2403 2989 2459 3042 in
2486 2989 2850 3046 anterioribus
2878 2991 3031 3048 Ursa:
3058 2993 3343 3062 cruribus;
3376 2996 3503 3051 item
3549 3012 3578 3052 e

342 3075 714 3148 μεσημϐρινοῦ
737 3094 749 3106 ·
783 3076 1005 3147 ἔσχατον
1028 3079 1085 3132 δὲ
1124 3081 1517 3152 μεσουρανοῦσι
1549 3083 1648 3154 τῆς
1691 3100 1746 3136 τε
1778 3083 1904 3156 ’Λρ-

2014 3087 2248 3150 quatuor
2297 3080 2442 3135 circa
2475 3081 2798 3138 nubeculam
2830 3083 2883 3138 in
2915 3083 3126 3140 Cancro
3158 3087 3382 3142 sitarum
3425 3090 3575 3142 occi-

334 3184 466 3221 κτου
497 3171 524 3221 6
551 3167 879 3241 βορειότερος
907 3170 1013 3222 τῶν
1042 3171 1099 3223 ὲν
1117 3175 1227 3236 τοῖς
1252 3174 1602 3247 ἐμπροσθίοις
1639 3175 1901 3240 σκέλεσιν,

336 3261 430 3314 καὶ
468 3261 559 3314 τοῦ
590 3262 860 3334 Καρκίνου
891 3263 942 3315 oi
983 3263 1108 3334 περὶ
1146 3265 1207 3317 τὸ
1238 3267 1481 3336 νεφέλιον
1514 3269 1620 3322 τῶν
1651 3270 1709 3323 ἐν
1753 3267 1902 3340 αὑτῷ

2012 3173 2255 3228 dentales
2279 3173 2418 3236 dum,
2446 3188 2660 3228 necnon
2708 3177 3002 3230 australior
3031 3180 3363 3233 anteriorum
3409 3180 3574 3236 Canis

2009 3266 2226 3337 pedum.
2263 3265 2531 3320 Occidunt
2561 3265 2747 3322 Pisces
2769 3268 2921 3324 horis
2951 3270 3126 3326 tribus
3149 3280 3202 3326 et
3222 3273 3468 3328 semisse.

334 3354 605 3425 κειμένων
628 3356 667 3409 6'
701 3356 745 3426 β’
767 3358 816 3409 οἱ
839 3359 973 3430 πρὸς
993 3360 1164 3427 δύσιν,
1198 3363 1292 3416 καὶ
1320 3362 1410 3415 τοῦ
1437 3363 1608 3426 Κυνὸς
1637 3361 1998 3433 ὁνοτιώτερος
2030 3361 2137 3414 τῶν
2169 3360 2511 3432 ἐμπροσθίων
2554 3360 2748 3415 ποδῶν.
2809 3361 3035 3416 Δύνουσι
3077 3363 3132 3416 δὲ
3171 3366 3218 3416 οἱ
3256 3363 3457 3435 ’ἰχθύες
3515 3365 3576 3418 ἐν

333 3450 506 3522 ὥραις
535 3459 583 3522 γ’
603 3453 697 3508 καὶ
725 3455 997 3527 ἡμιωρίῳ.

401 3607 500 3664 1Ε’.
525 3610 630 3664 Τοῦ
649 3611 705 3665 δὲ
726 3611 896 3684 Κριοῦ
915 3613 1179 3681 δύνοντος,
1213 3615 1604 3684 συγκαταδύνει
1631 3615 1728 3686 μὲν
1750 3613 1897 3683 αὑτῷ

326 3703 358 3756 6
407 3702 668 3767 ζωδιακὸς
717 3705 823 3759 ἀπὸ
859 3707 1077 3778 ’ἰχθύων
1131 3707 1240 3778 μοί.
1285 3707 1327 3759 θ’
1359 3709 1451 3761 καὶ
1493 3715 1538 3761 κ’
1571 3708 1674 3771 ἕως
1723 3706 1895 3778 Κριοῦ

327 3793 443 3864 μοίο
465 3800 517 3858 ς’
542 3794 636 3847 καὶ
663 3801 739 3849 ac"
775 3801 1095 3869 μεσουρανεῖ
1116 3797 1172 3849 δὲ
1194 3797 1301 3850 ἀπὸ
1331 3797 1573 3868 Διδύμων
1604 3796 1712 3867 μοί.
1738 3795 1778 3848 θ’
1802 3795 1896 3848 καὶ

322 3893 376 3941 κ’
403 3887 506 3951 ἕως
535 3889 809 3961 Καρκίνου
840 3889 883 3942 θ’
916 3892 1008 3944 καὶ
1042 3898 1109 3946 κ’.
1145 3891 1254 3944 Καὶ
1286 3898 1332 3943 α’
1369 3892 1464 3961 μὲν
1491 3891 1665 3961 ἀστὴρ
1697 3889 1838 3942 δύνει
1867 3890 1895 3939 6

319 3981 384 4032 ἐν
409 3983 518 4044 τοῖς
547 3982 899 4052 ἐμπροσθίοις
920 3983 1096 4048 ποσὶν,
1120 3983 1343 4054 ἔσχατος
1367 3983 1421 4035 δὲ
1451 3983 1478 4034 6
1501 3982 1762 4052 ἑπόμενος
1784 3979 1890 4032 τῶν

319 4073 382 4123 ἐν
415 4073 480 4142 τῇ
521 4071 674 4143 οὑρᾷ.
708 4073 1043 4144 Μεσουρανεῖ
1082 4073 1137 4126 δὲ
1177 4073 1284 4125 τῶν
1337 4071 1509 4124 ἄλλων
1549 4069 1790 4141 ἀστέρων
1835 4071 1890 4122 ἐν

322 4162 427 4233 μὲν
452 4165 518 4233 τῇ
557 4165 697 4236 ἀρχῇ
730 4164 822 4217 τοῦ
856 4164 1029 4228 Κυνὸς
1057 4167 1085 4218 6
1124 4166 1181 4218 ἐν
1209 4164 1354 4235 ἄκρᾳ
1381 4167 1447 4234 τῇ
1478 4163 1632 4234 οὐρᾷ,
1661 4161 1736 4224 ὡς
1764 4164 1894 4232 ἡμιο

317 4253 958 4326 πήχιονιὺπολειπόμενος
980 4255 1073 4307 τοῦ
1116 4251 1505 4327 μεσημϐρινοῦ,
1543 4251 1637 4304 καὶ
1663 4249 1756 4302 τοῦ
1783 4251 1892 4321 Πη-

315 4345 501 4399 δαλίου
533 4347 561 4399 6
582 4347 639 4399 ἐν
671 4347 809 4418 μέσῃ
838 4351 903 4418 τῇ
928 4348 1080 4419 νοτία
1118 4347 1326 4419 πλευρᾷ
1345 4365 1356 4376 ο
1387 4345 1610 4415 ἔσχατον
1639 4343 1694 4396 δὲ
1719 4342 1819 4412 τῆς
1832 4359 1890 4394 τε

2077 3606 2194 3662 XV.
2248 3607 2382 3662 Cum
2439 3607 2622 3664 Ariete
2684 3608 2940 3665 zodiacus
2995 3610 3196 3666 occidit
3241 3626 3273 3665 a
3326 3609 3567 3669 Piscium

2002 3711 2156 3774 parte
2174 3701 2244 3755 29
2275 3701 2339 3755 ad
2370 3700 2568 3755 Arietis
2625 3699 2730 3767 26;
2763 3701 3025 3755 culminat
3050 3715 3082 3755 a
3111 3701 3461 3758 Geminorum
3495 3703 3564 3758 29

2005 3797 2072 3849 ad
2093 3793 2288 3849 Cancri
2313 3792 2402 3846 29.
2437 3791 2592 3846 Prior
2625 3791 2822 3846 occidit
2842 3792 3018 3855 stella,
3043 3808 3164 3863 quae
3187 3801 3272 3850 est
3297 3793 3352 3848 in
3399 3802 3566 3850 ante—

2004 3886 2241 3941 rioribus
2279 3885 2534 3953 pedibus;
2584 3883 2772 3936 ultima
2822 3897 2971 3948 vero,
3034 3884 3332 3939 succedens
3377 3896 3566 3939 earum

2004 3991 2124 4045 quae
2157 3985 2283 4029 sunt
2311 3975 2364 4028 in
2393 3973 2583 4027 cauda.
2617 3970 2948 4026 Caeterarum
2967 3973 3229 4027 culminat
3257 3972 3433 4037 initio,
3461 3971 3566 4028 Ca-

1994 4068 2081 4122 nis
2107 4067 2159 4120 in
2192 4066 2529 4120 extremitate
2555 4063 2742 4118 cauda:
2763 4064 2959 4134 posita,
2985 4063 3308 4120 semicubito
3337 4063 3452 4118 fere
3487 4064 3565 4120 ci-

1996 4165 2080 4212 tra
2109 4158 2493 4219 meridianum,
2527 4164 2582 4211 et.
2613 4172 2734 4228 quae
2762 4157 2816 4210 in
2870 4155 3050 4212 medio
3106 4155 3334 4212 australi
3391 4156 3559 4212 latere

1997 4251 2286 4318 Temonis;
2329 4250 2644 4316 novissime,
2697 4250 3022 4305 antecedens
3069 4264 3278 4315 earum,
3337 4264 3457 4320 quae
3503 4250 3559 4304 in

1996 4344 2392 4416 posterioribus
2413 4340 2566 4397 Ursa:
2592 4341 2842 4412 pedibus,
2876 4341 3200 4397 semicubito
3222 4341 3438 4396 circiter
3459 4357 3558 4396 an-

321 4438 562 4508 Ἀρκτου
591 4437 620 4488 6
641 4436 940 4508 ἡγούμενος
968 4437 1075 4490 τῶν
1099 4437 1154 4489 ἐν
1173 4439 1286 4499 τοῖς
1319 4435 1583 4498 ὀπισθίοις
1615 4435 1790 4497 ποσὶν,
1813 4431 1887 4494 ὡς

2009 4436 2252 4492 Lecedens
2291 4435 2676 4496 meridianum,
2706 4443 2760 4490 et
2801 4435 3098 4490 lncidarum
3131 4436 3183 4488 in
3206 4435 3349 4489 collo
3377 4449 3441 4489 ac
3470 4451 3561 4504 pe-

313 4529 616 4600 ἡμιπήχιον
644 4528 1048 4600 προηγούμενος
1083 4525 1174 4581 τοῦ
1215 4527 1604 4598 μεσημϐρινοῦ,
1638 4527 1730 4578 καὶ
1789 4524 1881 4577 τοῦ

315 4621 550 4684 Λέοντος
580 4620 686 4673 τῶν
719 4623 778 4674 ἐν
818 4619 894 4691 τῷ
931 4619 1183 4691 τραχήλῳ
1212 4619 1304 4671 καὶ
1335 4619 1519 4689 στήθει
1560 4617 1826 4689 λαμπρῶν
1857 4620 1886 4670 6

311 4722 367 4785 γ
394 4716 488 4768 ἀπ’
517 4716 751 4787 ἄρκτων,
778 4714 850 4778 ὡς
873 4713 915 4784 β’
951 4712 1089 4784 μέρη
1113 4713 1329 4783 πήχεως
1355 4711 1774 4781 ὑπολειπόμενος
1790 4709 1883 4762 τοῦ

317 4810 712 4882 μεσημϐρινοῦ.
742 4809 896 4863 Δύνει
925 4807 980 4860 δέ
1007 4808 1034 4859 6
1059 4805 1223 4878 Κριὸς
1252 4807 1308 4858 ἐν
1329 4805 1495 4876 ὥραις
1523 4805 1587 4875 β’.

390 4899 493 4950 Τοῦ
523 4899 578 4951 δὲ
609 4899 650 4950 Τ
654 4901 818 4970 αύρου
848 4895 1112 4960 δύνοντος,
1143 4894 1528 4964 συγκαταδύνει
1563 4894 1658 4966 μὲν
1687 4895 1834 4966 αὑτῷ
1857 4898 1884 4948 ὁ

313 4989 576 5054 ζωδιακὸς
609 4989 717 5042 ἀπὸ
758 4987 926 5060 Κριοῦ
983 4987 1092 5058 μοί.
1124 4993 1170 5039 κ’
1199 4986 1301 5050 ἕως
1347 4986 1556 5058 Ταύρου
1605 4988 1713 5058 μοί.
1761 4986 1879 5052 κς’·

315 5082 641 5152 μεσουρανεῖ
665 5080 720 5133 δὲ
756 5080 862 5134 ἀπὸ
894 5079 1166 5151 Καρκίνου
1207 5077 1314 5148 μοί.
1341 5076 1386 5146 β’
1420 5077 1513 5129 καὶ
1537 5083 1583 5130 κ’
1605 5076 1709 5141 ἕως
1741 5078 1884 5149 Παρ-

312 5174 474 5226 θένου
498 5171 562 5236 ζ’.
595 5175 703 5227 Καὶ
734 5180 780 5226 α’
808 5173 904 5243 μὲν
929 5174 1102 5244 ἀστὴρ
1122 5171 1265 5224 δύνει
1294 5172 1321 5224 6
1350 5169 1666 5240 νοτιώτερος
1694 5170 1800 5224 τῶν
1825 5174 1883 5224 ἐν

309 5269 382 5337 τῇ
426 5267 670 5336 ἀποτομῇ
703 5267 768 5330 δ’,
799 5266 1021 5334 ἔσχατος
1064 5265 1118 5317 δὲ
1155 5267 1183 5316 6
1219 5265 1276 5315 ἐν
1307 5262 1461 5334 ἄκρῳ
1506 5262 1584 5334 τῷ
1614 5263 1884 5334 ἀριστερῷ

309 5361 528 5431 κέρατι.
556 5357 962 5430 Μεσουρανοῦσι
990 5357 1045 5409 δὲ
1077 5355 1183 5408 τῶν
1219 5355 1390 5410 ἄλλων
1415 5354 1657 5425 ἀστέρων
1696 5357 1752 5408 ἐν
1785 5354 1882 5426 μὲν

306 5454 378 5522 τῇ
406 5454 546 5523 ἀρχῇ
578 5451 670 5504 τοῦ
692 5449 888 5522 Ὕδρου
913 5451 940 5502 6
969 5445 1284 5510 νοτιώτατος
1311 5447 1422 5500 τῶν
1444 5449 1500 5500 ἐν
1521 5447 1598 5517 τῷ
1628 5446 1880 5518 τραχήλῳ

309 5549 383 5612 γ’,
397 5542 620 5611 ἔγγιστα
637 5541 744 5594 τῶν
762 5541 854 5592 ἀπ’
871 5541 1104 5611 ’Ἄρκτου
1119 5538 1386 5607 κειμένων
1400 5537 1494 5591 τοῦ
1517 5537 1789 5609 λαμπροῦ,
1805 5537 1879 5601 ὡς

309 5635 609 5705 ήμιπήχιον
640 5631 1060 5702 ὑπολειπόμενος
1085 5630 1179 5682 τοῦ
1223 5628 1614 5701 μεσημϐρινοῦ·
1657 5629 1879 5700 ἔσχατον

308 5724 368 5778 δὲ
402 5721 790 5798 μεσουρανοῦσι
813 5721 908 5791 τῆς
930 5721 1202 5792 Παρθένου
1224 5721 1252 5771 6
1281 5719 1338 5771 ἐν
1367 5718 1507 5790 μέσῃ
1527 5721 1592 5789 τῇ
1615 5719 1876 5788 ἀριστερᾷ

629 5815 898 5877 ΡΑτιιοι..
930 5814 1044 5872 Gn.
1082 5809 1256 5870 XIX.

1994 4531 2142 4578 ctore
2169 4521 2366 4577 Leonis
2402 4539 2428 4575 a
2455 4524 2925 4594 septentrionibus
2954 4525 3132 4586 tertia,
3165 4523 3410 4592 partibus
3462 4541 3559 4578 cu-

1992 4616 2089 4670 biti
2120 4615 2332 4670 duabus
2365 4617 2477 4670 fere
2517 4617 2653 4671 citra
2713 4617 3092 4671 meridianum.
3148 4613 3358 4669 Occidit
3401 4615 3558 4670 Aries

1989 4710 2135 4765 horis
2167 4709 2395 4765 duabus.

2062 4889 2197 4946 Cum
2228 4891 2408 4946 Tauro
2435 4891 2690 4947 zodiacus
2710 4892 2914 4948 occidit
2941 4895 3009 4950 ab
3044 4893 3245 4950 Arietis
3283 4904 3434 4965 parte
3484 4896 3554 4952 20

1994 4983 2148 5054 ιω
2209 4983 2274 5037 ad
2339 4983 2502 5038 Tauri
2561 4985 2667 5051 26;
2725 4987 2989 5042 culminat
3044 5003 3073 5042 a
3122 4988 3317 5044 Cancri
3363 4989 3434 5044 22
3485 4988 3554 5045 ad

1988 5073 2226 5146 Virginis
2263 5075 2317 5129 7.
2350 5075 2506 5130 Prior
2535 5079 2737 5133 occidit
2771 5080 2946 5145 stella,
2981 5096 3100 5150 qum
3131 5091 3215 5136 est
3259 5084 3553 5138 australior

1988 5172 2214 5225 sitarum
2260 5171 2316 5225 in
2347 5175 2667 5241 praecisione
2695 5187 2963 5245 quatuor;
2993 5177 3202 5242 ultima,
3234 5194 3353 5249 qua:
3385 5187 3469 5234 est
3495 5179 3552 5232 in

1987 5263 2324 5320 extremitate
2361 5263 2567 5320 sinistri
2597 5281 2790 5320 cornu.
2826 5265 3176 5338 Reliquarum
3229 5271 3550 5334 culminant,

1987 5351 2141 5407 initio
2198 5353 2434 5423 quidem,
2492 5355 2886 5410 australissima
2940 5371 3124 5411 earum
3169 5373 3289 5428 quin
3337 5365 3464 5412 sunt
3499 5357 3553 5411 in

1985 5445 2144 5509 collo,
2175 5445 2513 5516 trium;quaz
2538 5446 2796 5516 proxima:
2816 5459 2944 5503 sunt.
2979 5449 3043 5502 iis
3059 5464 3180 5518 quae
3221 5448 3287 5502 ad
3333 5459 3551 5518 septen-

1985 5536 2192 5591 triones
2222 5536 2472 5604 objacent
2500 5535 2725 5599 lucidas;
2750 5538 3076 5593 semicubito
3103 5537 3213 5592 fere
3235 5539 3372 5591 citra
3391 5539 3550 5591 meri-

1982 5626 2202 5682 dianum
2229 5629 2428 5698 posita,
2459 5628 2754 5684 novissime
2781 5630 3103 5694 culminant,
3131 5645 3249 5700 quae
3289 5629 3344 5682 in
3376 5629 3551 5686 media

1984 5719 2206 5776 sinistra
2234 5720 2317 5774 ala
2341 5718 2603 5794 Virginis,
2633 5721 2914 5792 paululum
2936 5721 3298 5778 meridianum
3345 5737 3546 5792 praece-

3198 5812 3270 5874 86
