4044 6220
527 281 664 336 1151

1511 275 1602 329 AD
1633 275 1896 333 EUSEBII
1933 274 2323 333 CHRONICON
2363 275 2717 331 APPENDIX.

3625 269 3762 326 H52

519 395 670 450 dens
700 415 712 448 :
739 401 864 450 item
890 405 1054 463 parva
1087 393 1142 446 in
1167 389 1328 446 Corvi
1366 391 1543 446 medio
1599 407 1848 463 corpore.
1879 391 2085 449 Occidit

2189 393 2435 463 πτέρυγι,
2473 392 2664 464 μικρὸν
2688 401 3090 460 προηγουμενος
3119 382 3209 436 τοῦ
3240 380 3632 453 μεσημϐρινοῦ,
3665 385 3754 436 καὶ

532 489 749 543 Taurus
777 485 924 542 horis
943 485 996 539 4.

606 667 852 724 Geminis
880 663 1253 720 occidentibus
1289 662 1546 717 zodiacus
1589 661 1870 718 descendit
1891 677 1920 715 a
1946 671 2098 733 parte

533 764 569 817 4
601 760 952 815 Geminorum
990 759 1057 811 ad
1098 758 1134 811 2
1179 756 1410 811 mediam
1465 755 1695 822 Cancri;
1753 755 2006 808 culmina!
2065 769 2097 808 a

535 861 689 924 parte
715 849 954 920 Virginis
984 849 1048 901 i7
1068 848 1134 903 ad
1189 847 1475 902 Chelarum
1523 846 1593 900 22
1637 845 1887 900 mediam.
1943 845 2098 899 Prior

533 941 735 997 occidit
764 941 940 1002 stella,
967 954 1089 1008 quae
1137 945 1365 992 vocatur
1407 937 1653 1007 Pr0pus;
1711 937 1921 1000 ultima,
1977 950 2097 1006 quae

532 1041 616 1087 est
645 1032 700 1086 in
733 1032 924 1085 dextra
963 1031 1130 1082 manu
1164 1029 1506 1084 succedentis
1558 1026 1790 1083 Gemini.
1843 1026 2097 1097 Reliqua-

533 1137 656 1176 rum
686 1121 950 1175 culminat
977 1119 1134 1172 initio
1160 1117 1403 1188 quidem,
1431 1116 1808 1172 Vindemiator
1829 1124 1882 1172 et
1909 1119 2096 1174 dexter

512 1214 796 1268 'bumcrus
819 1209 1077 1282 Virginis,
1105 1210 1424 1266 semicubito
1442 1207 1552 1263 fere
1582 1209 1938 1263 meridianum
1969 1225 2098 1279 prae-

532 1305 771 1370 cedens;
801 1303 1096 1358 novissime
1117 1303 1379 1356 culminat
1400 1301 1599 1364 lucida,
1633 1317 1754 1372 qua:
1800 1312 1884 1357 est
1906 1302 1957 1356 in
2004 1318 2098 1357 ex-

531 1395 807 1450 tremitate
832 1394 1014 1448 borea:
1039 1392 1216 1448 Chelze
1241 1432 1257 1458 ,
1288 1392 1502 1446 duabus
1535 1391 1705 1446 cubiti
1764 1391 1875 1447 fere
1927 1394 2097 1461 parti-

529 1486 635 1541 bus
683 1487 820 1541 citra
868 1483 1248 1540 meridianum.
1291 1481 1560 1540 Occidunt
1597 1482 1813 1539 Gemini
1848 1484 1998 1540 horis
2036 1483 2092 1551 2,

532 1575 634 1656 ω’.

2197 483 2288 536 τοῦ
2306 485 2552 554 Κόρακος
2582 485 2610 536 6
2637 483 2694 534 tv
2720 480 2865 552 μέσῳ
2890 477 2966 548 τῷ
2987 475 3196 546 σώματι
3225 474 3435 546 μικρός.
3465 471 3622 525 Δύνει
3650 473 3706 526 δὲ
3729 476 3757 527 6

2197 574 2406 646 Ταῦρος
2437 576 2494 628 ὲν
2529 573 2698 646 ὥραις
2721 579 2788 641 γ’.

2267 665 2386 719 Τῶν
2406 665 2463 718 δὲ
2484 665 2723 733 Διδύμων
2743 662 3023 724 δυνόντων,
3049 657 3431 727 συγκαταδύνει
3457 656 3554 728 μὲν
3572 658 3756 720 αὐτοῖς

2195 757 2224 810 6
2249 755 2510 820 ζωδιακὸς
2534 757 2640 808 ἀπὸ
2669 754 2910 824 Διδύμων
2940 752 3049 822 μοί.
3082 751 3122 804 δ’
3141 750 3244 812 ἓως
3277 749 3550 818 Καρκίνου
3585 748 3634 817 β’
3659 749 3755 816 μέ-

2196 865 2295 919 σης
2314 864 2327 877 ⁸
2363 850 2684 919 μεσουρανεῖ
2703 847 2758 899 δὲ
2780 845 2884 899 ἀπὸ
2907 842 3179 915 Παρθένου
3210 839 3318 910 μοί.
3347 838 3411 902 ιζ’
3437 840 3540 901 ἕως
3560 839 3756 908 Χηλῶν

2197 939 2242 1008 β’
2276 938 2369 990 καὶ
2399 945 2446 990 κ’
2480 938 2666 1009 μέσης.
2698 939 2804 991 Καὶ
2829 944 2876 990 α’
2909 937 3005 1007 μὲν
3020 932 3188 1004 ἀστὴρ
3215 933 3359 985 δύνει
3377 934 3404 984 6
3426 930 3757 1000 καλούμενος

2196 1029 2463 1101 Πρόπους,
2499 1029 2720 1100 ἔσχατος
2743 1029 2798 1081 δὲ
2841 1030 2868 1081 6
2901 1029 2957 1080 tv
2988 1029 3053 1097 τῇ
3081 1024 3229 1094 δεξιᾷ
3249 1023 3389 1094 χειρὶ
3415 1021 3508 1075 τοῦ
3551 1022 3753 1092 ἑπομέ-
3811 1077 3814 1079 λ

2195 1139 2283 1175 νου
2313 1122 2560 1192 Διδύμου.
2607 1122 2944 1192 Μεσουρανεῖ
2976 1119 3032 1171 δὲ
3059 1117 3165 1170 τῶν
3213 1117 3383 1170 ἄλλων
3425 1115 3671 1185 ἀστέρων
3699 1116 3752 1166 ὲν

2199 1213 2295 1282 μὲν
2322 1215 2388 1283 τῇ
2421 1213 2560 1286 ἀρχῇ
2589 1213 2617 1265 ὅ
2643 1230 2701 1265 τε
2739 1209 3148 1284 Προτρυγητὴρ,
3176 1207 3266 1261 καὶ
3292 1208 3389 1278 τῆς
3427 1206 3701 1278 Παρθένου
3726 1208 3754 1260 6

2193 1306 2364 1373 δεξιὸς
2409 1301 2577 1378 ὦμος,
2639 1306 2712 1369 ὡς
2755 1307 3047 1376 ήμιπήχιον
3086 1300 3488 1374 προηγούμενος
3530 1298 3626 1352 τοῦ
3664 1317 3755 1369 με·

2197 1398 2522 1468 σημϐρινοῦ’
2567 1397 2791 1468 ἔσχατον
2819 1398 2877 1450 δὲ
2923 1397 3242 1468 μεσουρανεῖ
3275 1394 3381 1447 τῶν
3407 1391 3602 1464 Χηλῶν
3640 1392 3668 1443 6
3699 1391 3755 1442 tv

2193 1486 2339 1558 ἄκρᾳ
2363 1491 2428 1558 τῇ
2455 1487 2635 1560 βορείςι
2667 1487 2816 1558 Χηλῇ
2862 1486 3131 1557 λαμπρὸς,
3164 1484 3240 1548 ὡς
3282 1483 3325 1554 β’
3357 1484 3495 1554 μέρη
3536 1483 3755 1552 πήχεως

2195 1577 2615 1648 ὑπολειπόμενος
2639 1577 2731 1630 τοῦ
2771 1574 3159 1648 μεσημϐρινοῦ.
3193 1574 3416 1628 Δύνουσι
3444 1574 3501 1626 δὲ
3531 1575 3579 1626 οἱ
3603 1574 3756 1626 Δίδυ-

2199 1684 2288 1737 μοι
2321 1669 2378 1722 ὲν
2405 1668 2572 1739 ὥραις
2599 1668 2640 1738 β’
2674 1669 2766 1722 καὶ
2799 1674 2852 1732 ς’
2881 1669 3051 1738 μέρει.

1289 1793 1366 1849 De
1394 1793 1648 1849 distantia
1702 1795 1980 1848 stellarum
2013 1795 2226 1853 invicem
2252 1819 2342 1871 per
2366 1803 2644 1857 intervalla
2670 1815 2979 1873 temporum.

601 1907 740 1964 XVI.
767 1907 972 1963 Praeter
996 1905 1288 1962 orientium
1311 1912 1364 1961 et
1393 1905 1759 1961 occidentium
1789 1920 1910 1960 cum
1951 1906 2089 1962 side-

2258 1917 2374 1982 Iq".
2399 1915 2580 1985 Χωρὶς
2607 1915 2662 1968 δὲ
2689 1915 2786 1986 τῆς
2810 1917 2866 1966 tv
2887 1915 3006 1976 ταῖς
3041 1911 3419 1974 συνανατολαῖς
3439 1912 3534 1964 καὶ
3565 1909 3752 1964 δύσεσι

510 2000 681 2057 «ribus
737 1998 943 2054 zodiaci
983 1997 1222 2069 partium
1276 1996 1604 2061 doctrinam,
1664 2013 1822 2052 usum
1872 1999 2093 2066 insuper

529 2093 805 2165 egregium
840 2091 1039 2145 habere
1076 2089 1210 2142 mihi
1240 2083 1472 2152 videtur,
1517 2089 1659 2142 scire
1688 2104 1810 2153 nos,
1842 2105 2090 2158 quanam

529 2184 809 2241 stellarum
844 2182 1197 2236 inerrantium
1228 2183 1482 2235 horarum
1521 2180 1978 2250 arquinoctialium
2009 2184 2094 2237 in-

510 2273 770 2328 «tervallis
794 2272 1051 2342 deinceps
1103 2271 1338 2326 invicem
1385 2269 1610 2326 distent.
1657 2270 1813 2326 Utilis
1849 2273 1995 2328 enim
2027 2289 2091 2328 ea

527 2380 619 2420 res
650 2370 733 2420 est
751 2363 815 2418 ad
840 2363 1026 2417 horam
1058 2370 1246 2418 exacte
1277 2370 1548 2418 nocturno
1570 2372 1813 2435 tempore
1829 2365 2088 2436 colligen-

528 2456 686 2510 dam:
718 2463 829 2509 tum
861 2455 927 2510 ad
958 2453 1206 2526 ecliptica
1235 2455 1374 2512 lunae
1401 2457 1599 2526 spatia,
1625 2465 1679 2512 et
1710 2456 1765 2511 id
1798 2473 1967 2528 genus
1997 2472 2091 2512 co-

529 2549 841 2620 gnoscenda
867 2549 1098 2619 reliqua,
1122 2563 1242 2619 qua:
1267 2547 1337 2602 ad
1387 2546 1627 2603 siderum
1674 2549 2091 2620 contemplatio—

530 2655 652 2694 nem
670 2639 960 2708 pertinent.

597 2729 961 2797 Quamobrem
992 2729 1049 2784 in
1077 2745 1142 2786 eo
1181 2729 1409 2794 circulo,
1438 2731 1532 2800 qui
1572 2745 1668 2801 per
1711 2731 1875 2801 polos
1919 2730 2090 2802 tropi—

529 2840 733 2894 cosque
771 2823 1121 2886 describitur,
1153 2822 1308 2878 stella
1331 2828 1414 2876 est
1444 2822 1501 2876 in
1530 2823 1872 2877 extremitate
1905 2824 2091 2878 cauda:

519 2913 715 2978 Canis,
738 2919 901 2982 atque
915 2910 979 2988 in
1013 2925 1078 2966 eo
1105 2909 1474 2975 semicirculo,
1499 2911 1592 2980 qui
1621 2910 1870 2988 :estivum
1919 2911 2090 2982 tropi-

531 3021 654 3060 cum
690 2987 1062 3060 eontinet.Ah
1088 3002 1190 3057 hac
1227 3002 1384 3058 stella
1439 3002 1657 3058 horario
1707 2987 1873 3059 distat
1924 3003 2090 3059 inter-

530 3099 693 3161 vallo,
747 3112 869 3168 quae
921 3097 977 3149 in
1045 3108 1304 3165 processu
1361 3094 1484 3150 colli
1518 3094 1683 3167 liydri
1748 3096 1926 3167 posita
1982 3103 2084 3152 est.

530 3187 782 3243 Proxime
837 3187 1002 3242 etiam
1063 3185 1243 3241 lucida
1312 3186 1367 3241 in
1427 3187 1792 3243 anterioribus
1855 3187 2086 3260 genibus

529 3275 704 3332 Urs-.13.

600 3366 904 3424 Secundum
945 3367 1222 3421 borarium
1251 3366 1592 3421 intervallum
1644 3367 1902 3422 terminat
1958 3367 2088 3422 stel-

528 3459 637 3514 luia
661 3461 820 3529 paulo
850 3459 972 3530 plus
1009 3459 1233 3514 cubitali
1277 3457 1452 3528 spatio
1497 3473 1592 3513 cor
1625 3457 1821 3514 Leonis
1869 3467 2087 3514 antece-

528 3551 682 3606 dens.
709 3549 909 3606 Eadem
933 3550 1144 3607 stellula
1179 3549 1505 3621 spondylum
1551 3549 1813 3620 praecedit
1858 3549 2084 3612 circulo,

528 3641 620 3710 qui
651 3654 746 3710 per
777 3640 931 3710 polos
982 3639 1224 3707 ducitur,
1283 3637 1579 3696 secundum
1634 3639 1911 3696 borarium
1954 3640 2088 3716 deti-

529 3731 710 3786 niente
737 3731 990 3801 spatium.

597 3906 839 3962 Tertium
877 3905 1022 3960 horae
1061 3906 1297 3976 spatium
1350 3906 1750 3962 circumscribit
1786 3906 2084 3964 australior

529 3999 836 4063 ambarum,
865 4012 985 4069 quae
1012 4013 1078 4053 ex
1111 4004 1342 4068 utraque
1370 4006 1522 4071 parte
1557 3998 1808 4083 adjacent
1867 4000 2084 4067 lucidae,

517 4104 648 4161 qua:
669 4097 752 4146 est
773 4089 829 4144 in
865 4089 1062 4146 lumbis
1089 4089 1307 4148 Leonis.

586 4264 856 4331 Quartam
885 4261 1072 4318 deﬁnit
1100 4264 1289 4318 horam
1313 4266 1368 4320 in
1391 4265 1615 4336 Virgine
1643 4267 1821 4340 stella,
1857 4283 1978 4338 quae
2003 4275 2087 4324 est

530 4357 584 4411 in
621 4357 817 4428 angulo
845 4363 996 4412 recto
1017 4355 1326 4428 orthogonii
1367 4358 1646 4429 trianguli,
1681 4359 1773 4429 qui
1808 4360 1910 4414 sub
1951 4359 2086 4414 Cra-

529 4457 644 4504 tere
665 4449 802 4505 situs
833 4457 937 4514 est,
989 4456 1150 4520 atque
1205 4449 1262 4504 in
1309 4450 1510 4507 lumbis
1539 4459 1624 4506 est
1651 4451 1877 4521 majoris
1913 4451 2082 4520 Ursae,

519 4539 743 4606 lucida,
792 4541 973 4596 minus
1032 4538 1288 4596 vicesima
1349 4541 1496 4596 horae
1553 4550 1706 4612 parte
1755 4543 1892 4598 citra
1938 4545 2086 4601 bona:

529 4640 734 4702 quarta:
755 4631 1089 4687 limitaneum
1119 4631 1405 4688 circulum.

603 4810 812 4877 Quintae
835 4811 981 4866 horae
1008 4811 1273 4867 terminus
1298 4820 1381 4867 est
1422 4813 1477 4866 in
1529 4813 1704 4868 media
1736 4812 1979 4886 Virgine,
2036 4815 2083 4870 si

527 4915 718 4964 exacte
749 4907 897 4979 loqui
921 4908 1170 4973 velimus,
1207 4909 1360 4965 stella
1389 4908 1569 4977 nulla;
1601 4924 1787 4965 verum
1819 4911 1941 4979 plus
1991 4910 2084 4965 de-

532 5000 672 5055 cima
702 4998 847 5052 horae
872 5009 1022 5068 parte
1047 4997 1226 5054 deﬁcit
1247 5000 1316 5054 ab
1347 4999 1441 5054 illo
1478 5001 1709 5055 termino
1770 4998 2085 5057 Vindemia-

529 5096 636 5153 tor,
661 5096 715 5144 et
740 5088 916 5142 lucida
947 5089 1002 5142 in
1033 5088 1222 5145 dextro
1245 5089 1472 5146 humero
1503 5089 1760 5162 Virginis.

604 5278 779 5336 Sextae
831 5282 974 5338 horae
1017 5285 1172 5342 limes
1221 5294 1305 5341 est
1341 5287 1398 5341 in
1451 5288 1816 5358 aequinoctiali
1873 5290 2080 5345 circulo

529 5373 936 5442 quamproxime
959 5374 1173 5444 quidem
1204 5377 1258 5430 in
1282 5376 1552 5432 Centauro
1582 5377 1760 5434 lucida
1787 5379 2080 5437 succedens

531 5477 738 5532 earum,
769 5481 888 5536 qua:
907 5475 1035 5522 sunt
1057 5468 1110 5521 in
1123 5469 1516 5526 australissima
1533 5481 1685 5540 parte
1707 5471 1897 5542 thyrsi,
1931 5488 2080 5542 qua:-

532 5569 637 5624 que
667 5557 983 5612 semicubito
1007 5557 1118 5612 fere
1146 5559 1377 5623 distant,
1408 5575 1471 5615 ac
1502 5562 1739 5616 medium
1780 5562 1891 5618 fere
1939 5564 2080 5620 Cen-

482 5679 486 5685 -
526 5647 672 5701 tauri
697 5656 881 5717 pectus
906 5658 1188 5720 occupant.
1222 5647 1352 5732 Item
1375 5652 1555 5734 media
1579 5670 1787 5724 earum,
1815 5672 1933 5727 qua:
1954 5667 2080 5715 sunt

2191 1991 2441 2077 θεωρίας,
2471 2005 2760 2077 εὔχρηστον
2795 2000 2933 2058 εἶναι
2962 2002 3164 2074 νομίζω
3193 2003 3287 2056 καὶ
3312 2003 3373 2056 τὸ
3413 2002 3754 2073 παρακολου-

2193 2097 2302 2151 θεῖν
2334 2099 2479 2168 ἡμᾶς
2506 2098 2647 2160 τίνες
2669 2096 2775 2150 τῶν
2805 2095 3053 2148 ἀπλανῶν
3071 2095 3310 2165 ἀστέρων
3329 2094 3632 2164 ,ἀπέχουσιν
3661 2096 3751 2147 ἀπ’

2191 2188 2431 2259 ἀλλήλων
2447 2187 2585 2240 κατά
2614 2187 2680 2240 τά
2707 2186 2833 2257 έξῆς
2857 2186 3052 2258 ῶριαῖα
3076 2187 3161 2256 ίση
3171 2193 3362 2256 μερινά
3385 2185 3578 2254 διαστή
3589 2203 3748 2254 ματα.

2191 2281 2358 2336 Τοῦτο
2385 2282 2492 2353 γὰρ
2518 2283 2649 2352 ἡμῖν
2670 2280 2966 2351 εὖχρηστόν
2989 2281 3132 2331 ἐστιν
3155 2277 3288 2348 πρός
3321 2295 3379 2329 τε
3399 2277 3460 2329 τὸ
3477 2278 3578 2348 τὴν
3605 2277 3750 2347 ῶραν

2189 2373 2289 2443 τῆς
2310 2372 2498 2436 νυκτὸς
2525 2372 2768 2444 ἀκριϐῶς
2798 2369 3221 2439 συλλογίζεσθαι,
3249 2367 3508 2450 καὶ⁴πρδς
3537 2368 3595 2421 τὸ
3629 2371 3750 2431 τοὺς

2191 2463 2560 2526 ὲκλειπτικοὺς
2581 2463 2679 2533 τῆς
2703 2462 2928 2532 σελήνης
2950 2460 3191 2532 χρόνους,
3223 2459 3316 2510 καὶ
3335 2458 3504 2529 ’ἒτιρα
3535 2457 3750 2510 πλείονα

2185 2555 2467 2607 ’κατανοεῖν
2497 2551 2602 2606 τῶν
2631 2553 2689 2604 tv
2717 2549 3039 2622 ἀστρολογίᾳ
3057 2548 3232 2618 θεωρη
3241 2547 3442 2618 μάτων.

2271 2731 2394 2784 Ἐπὶ
2421 2732 2516 2802 μὲν
2542 2725 2632 2785 οὗν
2648 2730 2754 2784 τῶν
2773 2726 2862 2783 διά
2881 2727 2985 2780 τῶν
3001 2725 3272 2798 τροπικῶν
3291 2724 3532 2794 σημείων
3553 2724 3648 2777 καί
3663 2723 3750 2777 διὰ

2188 2822 2295 2877 τῶν
2315 2823 2489 2876 πόλων
2515 2820 2856 2893 γραφομένου
2878 2818 3074 2872 κύκλου
3096 2820 3266 2872 κεῖται
3290 2815 3465 2886 ἀστὴρ
3479 2817 3508 2867 6
3530 2816 3587 2866 tv
3606 2816 3751 2885 ἄκρα

2187 2915 2252 2983 τῇ
2276 2911 2412 2983 οὐρᾷ
2439 2911 2532 2964 τοῦ
2581 2911 2775 2975 Κυνὸς,
2808 2910 2865 2962 tv
2885 2909 2960 2980 τῷ
2993 2909 3082 2962 τὸν
3120 2907 3324 2978 θερινὸν
3353 2904 3613 2978 τροπικὸν
3654 2923 3750 2976 ση-

2192 3004 2339 3072 μεῖον
2379 3000 2553 3072 ἔχοντι
2601 2999 2906 3071 ἡμικυκλίῳ
2943 2999 3210 3069 κείμενος.
3258 2996 3387 3050 Ἀπὸ
3439 2997 3633 3048 τούτου
3658 2996 3752 3048 τοῦ

2188 3093 2412 3164 ἀστέρος
2439 3092 2630 3162 ἀπέχει
2662 3091 2880 3164 ὡριαῖον
2908 3091 3177 3161 διάστημα
3196 3087 3287 3141 τοῦ
3309 3106 3368 3140 τε
3400 3087 3602 3158 ’Υδρου
3634 3089 3663 3139 6
3695 3089 3751 3139 tv

2186 3188 2252 3256 τῇ
2288 3184 2512 3254 ὲκφύσει
2547 3182 2640 3237 τοῦ
2681 3184 2947 3256 τραχήλου
2978 3183 3242 3253 κείμενος.
3273 3181 3546 3249 Ἐγγιστα
3573 3181 3632 3234 δὲ
3659 3181 3755 3233 καὶ

2187 3276 2283 3346 τῆς
2315 3275 2548 3344 ’Ἄρκτου
2583 3275 2611 3327 6
2635 3274 2690 3325 tv
2724 3276 2837 3336 τοῖς
2861 3271 3209 3342 ἐμπροσθίοις
3240 3269 3427 3338 γόνασι
3475 3270 3749 3341 λαμπρός.

2194 3420 2196 3422 ,
2257 3365 2330 3418 Τὸ
2355 3364 2411 3417 δὲ
2442 3363 2689 3436 δεύτερον
2732 3364 2951 3433 ὼριαῖον
2977 3362 3248 3431 διάστημα
3282 3359 3528 3431 ἀφορίζει
3561 3361 3670 3412 τῶν
3695 3362 3752 3412 ἐν

2185 3456 2263 3527 τῷ
2293 3455 2482 3510 Λέοντι
2525 3457 2554 3508 6
2601 3455 3004 3528 προηγούμενος
3055 3452 3235 3524 μικρῷ
3276 3453 3457 3522 μεῖζον
3491 3453 3525 3521 ἥ
3573 3453 3750 3521 πῆχυν

2185 3547 2278 3600 τοῦ
2309 3550 2368 3601 tv
2408 3550 2470 3618 τῇ
2502 3547 2701 3619 καρδίᾳ
2745 3544 2995 3618 λαμπροῦ
3033 3545 3226 3616 μικρὸς
3267 3543 3609 3616 ἀστερίσκος.
3643 3544 3747 3596 Τοῦ

2185 3654 2246 3692 τε
2279 3637 2563 3708 σφονδύλου
2605 3638 2921 3706 προηγεῖται
2953 3630 3105 3698 οὗτος
3127 3637 3156 3688 6
3193 3635 3512 3704 ἀστερίσκος
3534 3633 3628 3687 τοῦ
3663 3633 3750 3686 διὰ

2091 3749 2098 3760 ι
2185 3729 2293 3782 τῶν
2348 3728 2525 3782 πόλων
2570 3726 2768 3780 κύκλου
2806 3727 2868 3780 τὸ
2897 3727 2941 3797 β’
2971 3726 3188 3799 ὡριαῖον
3235 3726 3509 3796 διάστημα
3559 3725 3751 3797 ἀφορί-

2188 3817 2390 3882 ζοντος.

2255 3902 2329 3956 Τὸ
2373 3901 2427 3957 δὲ
2479 3902 2658 3976 τρίτον
2691 3904 2919 3977 ὼριαῖσν
2961 3905 3235 3978 διάστημα
3284 3905 3411 3980 περὶ
3444 3906 3622 3978 μέσον
3659 3907 3749 3961 τὸν

2187 3996 2390 4051 Λέοντα
2414 3995 2658 4069 ἀφορίζει
2682 3996 2774 4050 τοῦ
2801 3997 3023 4062 Λέοντος
3053 4001 3082 4052 6
3109 3997 3422 4071 νοτιώτερος
3445 4000 3555 4052 τῶν
3577 3999 3621 4069 β’
3640 4000 3748 4053 τῶν

2185 4085 2246 4150 ἐξ
2271 4086 2524 4158 ἐκατέρου
2554 4085 2748 4157 μέρους
2779 4087 3190 4158 παρακειμένων
3218 4089 3293 4160 τῷ
3313 4091 3405 4143 ἐπὶ
3424 4090 3522 4158 τῆς
3548 4089 3750 4159 ὀσφύος

2183 4174 2439 4248 λαμπρῷ.

2256 4269 2328 4320 Τὸ
2356 4268 2412 4321 δὲ
2435 4267 2690 4340 τέταρτον
2726 4269 2945 4341 ὼριαῖον
2975 4270 3246 4343 διάστημα
3277 4273 3402 4343 περὶ
3434 4273 3526 4342 τὴν
3562 4273 3745 4344 ἀρχὴν

2185 4358 2284 4429 τῆς
2313 4359 2586 4430 Παρθένου
2619 4361 2866 4433 ἀφορίζει
2901 4361 2994 4415 τοῦ
3021 4363 3123 4416 ὑπὸ
3165 4364 3255 4418 τὸν
3287 4365 3550 4436 Κρατῆρα
3588 4367 3752 4436 ὀρθο-

2185 4452 2380 4520 γωνίου
2424 4453 2687 4524 τριγώνου
2726 4456 2755 4507 6
2778 4454 2870 4506 ἐπὶ
2909 4454 3006 4524 τῆς
3055 4454 3217 4525 ὀρθῆς
3258 4458 3458 4524 γωνίας
3498 4459 3752 4527 κείμενος

2187 4542 2380 4613 ἀστήρ.
2427 4541 2482 4595 '0
2508 4543 2564 4596 δὲ
2609 4543 2700 4597 ἐπὶ
2737 4545 2835 4615 τῆς
2866 4544 3062 4613 ὀσφύος
3101 4545 3200 4615 τῆς
3241 4546 3481 4616 μεγάλης
3510 4548 3750 4617 Ἄρκτου

2189 4633 2435 4705 λαμπρὸς
2481 4633 2697 4688 ἔλαττον
2736 4635 2768 4706 ἢ
2803 4642 2849 4689 κ’
2881 4637 3042 4709 μέρος
3083 4636 3228 4708 ὥρας
3277 4638 3623 4694 ὑπολείπεται
3657 4641 3752 4692 τοῦ

2188 4725 2286 4796 τὴν
2311 4724 2350 4776 δ’
2381 4724 2526 4796 ῶραν
2559 4727 2905 4798 ἀφορίζοντος
2938 4726 3156 4781 κύκλου.

2259 4815 2366 4885 Τὴν
2409 4815 2465 4868 δὲ
2509 4815 2767 4887 πέμπτην
2793 4815 2941 4888 ῶραν
2985 4817 3226 4888 ἀφορίζει
3273 4821 3399 4890 περὶ
3449 4821 3625 4894 μέσην
3658 4823 3754 4892 τὴν

2188 4907 2459 4979 Παρθένον
2491 4909 2730 4981 ἀκριϐῶς
2773 4911 2871 4981 μὲν
2907 4911 3080 4975 οὐδεὶς
3119 4913 3313 4985 ἀστὴρ,
3343 4914 3420 4985 τῷ
3453 4916 3506 4969 δὲ
3539 4924 3569 4968 ι’
3598 4919 3754 4988 μέρει

2189 4996 2336 5069 ὥρας
2369 4999 2529 5053 πλέον
2571 5000 2989 5070 ὑπολειπόμενος
3023 5003 3050 5055 ὅ
3080 5021 3139 5056 τε
3172 5007 3568 5079 Προτρυγητὴρ
3608 5010 3704 5060 καὶ
3727 5009 3754 5058 6

2188 5090 2280 5142 ἐπὶ
2302 5089 2394 5143 τοῦ
2413 5089 2587 5159 δεξιοῦ
2618 5091 2765 5163 ῶμου
2793 5093 2892 5165 τῆς
2915 5095 3189 5166 Παρθένου
3228 5099 3480 5168 κείμενος
3500 5100 3757 5173 λαμπρὸς

2187 5180 2378 5252 ἀστήρ.

2254 5297 2362 5369 Τὴν
2380 5297 2437 5350 δὲ
2464 5298 2626 5369 ἕκτην
2659 5298 2806 5372 ῶραν
2851 5300 3097 5373 ἀφορίζει
3143 5305 3233 5357 ἐπὶ
3262 5305 3356 5358 τοῦ
3403 5305 3491 5360 διὰ
3523 5307 3629 5359 τῶν
3670 5309 3753 5359 ισ-

2187 5404 2218 5455 η
2229 5403 2291 5455 με
2298 5387 2457 5458 ρινῶν
2481 5389 2715 5459 σημείων
2728 5392 2946 5456 κύκλου,
2975 5393 3199 5463 ἔγγιστα
3217 5399 3313 5468 μὲν
3327 5397 3418 5450 τοῦ
3438 5400 3751 5470 Κενταύρου

2184 5479 2212 5530 6
2244 5478 2502 5546 ἑπόμενος
2529 5481 2636 5535 τῶν
2667 5484 2723 5536 ἐν
2752 5483 2829 5553 τῷ
2868 5487 3168 5557 νοτιωτάτῳ
3203 5490 3356 5559 μέρει
3398 5489 3489 5542 τοῦ
3547 5491 3786 5562 θύρσου,

2184 5569 2468 5640 λαμπρῶν,
2498 5573 2590 5625 acati.
2616 5575 2691 5638 ὡς
2715 5579 3009 5648 ἡμιπήχιον
3038 5579 3410 5652 διεστηκότων,
3453 5585 3503 5637 οἳ
3540 5588 3748 5646 κεῖνται

2184 5660 2324 5746 κατὰ
2365 5663 2525 5753 μέσον
2555 5685 2670 5733 πως
2715 5669 2774 5722 τὸ
2813 5671 3004 5743 στῆθος
3033 5673 3126 5727 τοῦ
3174 5675 3518 5748 Κενταύωυ·
3559 5665 3654 5730 τού
3687 5673 3750 5728 δὲ
