4044 6220
383 321 518 376 1135

1353 319 1712 375 HIPPARCHI
1749 317 1838 373 AD
1875 310 2317 370 PHIENOMENA
2355 310 2479 365 LIB.
2521 311 2602 367 Ill.

3438 317 3574 372 1154

381 434 590 489 Βοώτου
611 437 639 489 6
673 436 833 506 μέσος
865 437 972 491 τῶν
1001 441 1057 491 ὲν
1095 437 1172 509 τῷ
1200 436 1471 508 ἀριστερῷ
1509 437 1647 500 ποδὶ,
1681 437 1755 501 ὡς
1785 436 1831 468 ³⁸
1852 437 1929 489 εί-

2032 433 2085 487 ἰη
2111 428 2242 502 pede
2273 429 2496 484 sinistro
2511 426 2710 491 Bootae,
2730 425 2982 482 vicesima
3000 424 3110 482 fere
3130 434 3280 502 parte
3305 427 3514 488 distans
3542 450 3573 487 a

381 527 568 580 κοστὸν
603 528 764 598 μέρος
801 528 1021 600 ὼριαίου
1050 530 1408 598 διαστήματος
1444 529 1787 582 ὑπολείπεται
1833 526 1926 580 τοῦ

380 618 478 680 τὰς
509 624 560 681 ς’
580 617 726 686 ὥρας
752 618 1096 688 ἀφορίζοντος
1127 619 1344 672 κύκλου.

451 708 546 762 η’.
562 707 681 760 Τῶν
701 708 754 760 δὲ
769 707 966 779 μεταξὺ
983 710 1073 762 τοῦ
1089 708 1472 781 φθινοπωρινοῦ
1506 710 1590 779 ίση
1601 707 1815 780 μερινοῦ
1832 726 1927 780 ση-

384 799 533 870 μείου
565 799 655 851 καὶ
699 799 790 851 τοῦ
822 801 1124 871 χειμερινοῦ
1173 800 1430 872 τροπικοῦ
1461 807 1512 864 ς’
1540 799 1774 870 ὠριαίων
1816 800 1929 853 δια-

384 890 669 962 στημάτων
697 891 755 943 τὸ
793 893 888 961 μὲν
912 899 958 945 α’
985 892 1201 962 ὡριαίον
1230 894 1321 946 ἐπὶ
1347 892 1438 945 τοῦ
1476 891 1602 963 περὶ
1639 891 1808 962 μέσας
1830 890 1928 953 τάς

379 981 564 1051 Χηλὰς
597 981 794 1034 κύκλου
826 982 1070 1053 ἀφορίζει
1096 983 1170 1046 ὡς
1193 983 1436 1052 ἔγγιστα,
1465 982 1556 1036 τοῦ
1583 1000 1640 1035 τε
1670 981 1875 1034 Βοιῦτου
1901 983 1928 1034 6

377 1073 659 1144 ἀριστερὸς
680 1067 844 1143 ὦμος,
877 1076 967 1126 καὶ
990 1076 1018 1128 6
1051 1077 1107 1128 ἐν
1148 1076 1290 1146 ἄκρᾳ
1319 1078 1383 1146 τῇ
1419 1075 1566 1145 νοτία
1602 1075 1752 1145 Χηλῇ
1786 1074 1926 1143 λαμ-

377 1162 514 1234 πρὸς
545 1163 743 1232 ἀστήρ*
779 1164 806 1215 6
830 1163 925 1233 μὲν
948 1158 1094 1235 ὦμος
1120 1164 1422 1238 ἀδιαφόρως
1450 1165 1628 1218 πλεῖον
1655 1165 1929 1219 ὑπολειπό-

379 1271 558 1324 μενος,
584 1256 616 1324 ή
643 1253 698 1306 δὲ
719 1254 868 1325 Χηλὴ
897 1254 970 1317 ὼς
998 1257 1311 1326 τριακοστὸν
1342 1257 1506 1328 μέρος
1547 1257 1924 1328 προηγουμένη

375 1344 470 1397 τοῦ
493 1346 610 1414 είρη
621 1343 776 1412 μένου
810 1343 897 1398 διὰ
917 1345 1022 1396 τῶν
1059 1345 1232 1399 πόλων
1256 1347 1471 1401 κύκλου.

447 1434 518 1486 Τὸ
537 1434 592 1486 δὲ
617 1433 658 1503 β’
688 1433 904 1504 ὼριαῖον
929 1433 1196 1506 διάστημα
1225 1437 1470 1506 ἀφορίζει
1496 1437 1620 1506 περὶ
1640 1435 1737 1508 τὴν
1756 1435 1926 1507 ἀρχὴν

375 1526 467 1578 τοῦ
496 1525 761 1595 Σκορπίου
787 1525 877 1578 τοῦ
913 1543 973 1578 τε
1007 1525 1285 1596 Ὀφιούχου
1318 1528 1346 1578 6
1379 1526 1709 1599 βορειότερος
1741 1529 1846 1581 τῶν
1869 1530 1926 1581 έν

375 1622 440 1690 τῇ
465 1617 610 1688 δεξιᾷ
636 1619 775 1689 χειρὶ
803 1619 848 1689 β’
879 1619 1116 1688 ἀστέρων
1140 1617 1424 1689 λαμπρῶν,
1456 1620 1504 1672 οἳ
1542 1623 1743 1674 κεῖνται
1770 1623 1827 1672 ὲν
1850 1620 1927 1689 τῷ

375 1709 587 1780 σώματι
611 1708 704 1762 τοῦ
741 1711 950 1778 Ὄφεως
983 1709 1118 1779 μετὰ
1141 1708 1310 1775 δεξιὸν
1336 1711 1460 1778 γόνυ
1497 1711 1588 1764 τοῦ
1621 1711 1920 1781 Ὀφιούχου,

2028 530 2191 578 sextae
2223 521 2370 574 horae
2401 518 2675 574 limitaneo
2701 517 2924 573 circulo.

2103 694 2258 750 XVII.
2291 698 2434 751 Inter
2461 701 2721 766 punctum
2769 694 3076 765 aequinoctii
3125 698 3473 764 autumnalis,
3525 711 3578 756 et

2027 786 2237 840 hiberni
2271 788 2460 856 tropici
2512 802 2607 840 sex
2635 786 2973 840 horariorum
3025 787 3426 844 intervallorum
3467 795 3578 863 pri-

2029 893 2174 931 mum
2198 880 2452 934 terminat
2483 881 2540 934 in
2591 879 2819 946 circulo,
2848 881 2939 951 qui
2990 884 3194 940 medias
3234 883 3427 943 Chelas
3457 905 3579 960 per-

2027 968 2244 1030 transit,
2269 970 2512 1038 proxime
2541 969 2758 1040 quidem
2796 970 3018 1026 sinister
3049 972 3310 1034 humerus
3367 977 3577 1038 Bootae:

2027 1067 2080 1114 et
2110 1059 2287 1113 lucida
2324 1060 2379 1113 in
2405 1061 2741 1116 extremitate
2793 1063 3048 1118 australis
3084 1066 3281 1133 Chelas,
3321 1087 3352 1126 e
3383 1074 3581 1143 quibus

2026 1150 2285 1205 humerus
2312 1150 2453 1204 haud
2475 1153 2643 1205 multo
2675 1151 2908 1222 amplius
2937 1154 3074 1210 citra
3110 1173 3124 1208 :
3151 1158 3314 1216 Chela
3339 1179 3464 1218 vero
3493 1167 3581 1219 tri-

2027 1239 2230 1294 cesima
2276 1246 2429 1308 parte
2479 1241 2618 1294 ultra
2669 1250 2752 1296 est
2784 1242 3046 1301 circulum
3100 1246 3271 1316 illum,
3303 1267 3460 1322 quem
3485 1269 3582 1324 per

2023 1331 2178 1401 polos
2203 1333 2440 1388 transire
2466 1332 2722 1389 diximus.

2098 1420 2407 1478 Secundum
2469 1425 2746 1483 horarium
2800 1431 3153 1488 interstitium
3227 1435 3580 1505 determinat,

2027 1514 2171 1569 circa
2200 1514 2416 1572 initium
2447 1517 2681 1591 Scorpii,
2706 1521 2979 1579 borealior
3006 1525 3306 1582 lucidarum
3327 1529 3580 1599 duarum,

2026 1621 2147 1676 qua:
2176 1607 2230 1661 in
2258 1609 2448 1665 dextra
2471 1621 2599 1667 sunt
2629 1611 2922 1683 Ophiuchi,
2950 1631 3176 1686 quaeque
3201 1619 3257 1672 in
3313 1624 3583 1691 serpentis

2027 1711 2254 1768 corpore
2303 1709 2428 1772 post
2475 1701 2740 1772 Ophiuchi
2784 1705 3032 1759 dextrum
3093 1723 3234 1778 genu
3285 1710 3403 1766 sitae
3434 1720 3579 1768 sunt.

373 1771 471 1853 τοῦ
494 1800 550 1854 δὲ
590 1771 856 1869 Στεφάνου
891 1771 1358 1872 όπροηγούμενος
1377 1801 1468 1854 τοῦ
1499 1771 1748 1874 λαμπροῦ
1881 1771 1924 1856 λ’

2026 1788 2094 1844 At
2135 1794 2445 1862 praecedens
2477 1796 2708 1849 lucidam
2731 1795 2954 1851 Corona:
2984 1797 3255 1853 tricesima
3301 1800 3411 1858 fere
3436 1804 3586 1860 horae

375 1891 538 1962 μέρος
561 1889 705 1960 ὥρας
743 1889 1086 1942 ὑπολείπεται
1112 1889 1202 1942 τοῦ
1236 1889 1321 1942 διὰ
1350 1889 1456 1942 τῶν
1488 1889 1664 1943 πόλων
1695 1889 1919 1944 κύκλου·

369 1981 568 2050 ὁμοίως
587 1979 644 2032 δὲ
671 1980 762 2032 καὶ
783 1982 811 2033 6
851 1981 1010 2050 μέσος
1036 1979 1142 2034 τῶν
1180 1981 1238 2032 ὲν
1267 1979 1347 2051 τῷ
1379 1979 1612 2052 μετώπῳ
1643 1980 1736 2036 τοῦ
1761 1984 1926 2057 Σκορ-

372 2072 498 2124 πίου
529 2077 577 2138 γ’
605 2069 866 2142 λαμπρῶν
886 2071 1146 2142 ἀστέρων.

441 2161 550 2233 Τὴν
580 2161 635 2215 δὲ
663 2167 711 2230 γ’
738 2161 887 2232 ῶραν
925 2161 1167 2234 ἀφορίζει
1205 2162 1334 2235 περὶ
1361 2161 1422 2219 τδ
1450 2165 1610 2236 μέσον
1633 2166 1722 2219 τοῦ
1757 2169 1930 2240 Σκορ-

373 2253 495 2306 πίου
524 2251 614 2305 τοῦ
665 2253 752 2305 Ἐν
775 2254 993 2320 γόνασιν
1013 2256 1040 2307 6
1065 2254 1157 2307 ἐπὶ
1177 2256 1270 2308 τοῦ
1302 2256 1474 2321 δεξιοῦ
1504 2258 1652 2330 ῶμου
1677 2261 1928 2332 κείμενος

366 2346 564 2417 ἀστὴρ,
588 2345 679 2398 καὶ
702 2347 730 2398 6
753 2347 811 2398 ὲν
834 2346 974 2420 μέση
995 2349 1058 2418 τῇ
1082 2345 1228 2419 δεξιᾷ
1251 2350 1433 2421 κνήμῃ
1463 2351 1645 2418 αὑτοῦ,
1665 2353 1739 2417 ὡς
1769 2353 1812 2407 λ’
1837 2354 1928 2426 μέ-

369 2456 465 2509 ρος
491 2438 637 2510 ῶρας
674 2440 808 2508 πρὸς
835 2438 1098 2504 ἀνατολὰς
1125 2443 1542 2513 παραλλάσσων.

443 2532 552 2602 Τὴν
579 2532 635 2584 δὲ
656 2532 696 2584 δ’
729 2531 974 2603 ἀφορίζει
998 2535 1125 2604 περὶ
1149 2535 1247 2605 τὴν
1273 2535 1444 2608 ἀρχὴν
1464 2538 1555 2592 τοῦ
1582 2540 1808 2608 Τοξότου
1832 2540 1924 2595 τοῦ

365 2639 428 2674 τε
475 2623 560 2674 Ἑν
599 2623 817 2690 γόνασιν
851 2626 878 2677 6
919 2627 976 2678 ὲν
1021 2624 1098 2695 τῷ
1141 2626 1408 2700 ἀριστερῷ
1454 2631 1613 2703 μηρῷ
1656 2631 1923 2704 λαμπρὸς,

367 2712 464 2766 καὶ
482 2712 581 2784 τῆς
607 2717 806 2784 μικρᾶς
839 2717 1072 2786 Ἀρκτου
1106 2721 1154 2772 oi
1193 2719 1561 2794 λαμπρότατοι
1591 2729 1682 2782 καὶ
1702 2729 1928 2801 ἡγούμε-

366 2822 447 2857 νοι
467 2805 574 2858 τῶν
595 2808 651 2859 ὲν
673 2807 750 2877 τῷ
775 2807 994 2878 πλινθίῳ
1016 2809 1078 2874 δ’,
1101 2811 1192 2864 καὶ
1207 2812 1307 2870 τοῦ
1335 2814 1614 2890 Ὀφιούχου
1637 2819 1744 2874 τῶν
1773 2823 1829 2876 ὲν
1850 2821 1926 2893 τῷ

362 2894 523 2966 δεξιῷ
544 2893 674 2966 ὤμῳ
702 2898 730 2948 6
754 2897 1108 2972 βορειότερος.

439 2987 548 3063 Τὴν
582 2987 638 3038 δὲ
665 2994 702 3046 ε’
743 2988 888 3067 ὥραν
930 2991 1177 3071 ἀφορίζει
1201 3002 1328 3074 περὶ
1365 3002 1525 3073 μέσον
1553 3001 1644 3058 τοῦ
1676 3004 1924 3070 Τοξότου»
1999 2994 2006 3000 ⁸

2026 1891 2180 1952 parte
2208 1884 2345 1939 citra
2379 1887 2645 1941 circulum
2688 1895 2773 1943 est
2826 1903 2924 1958 per
2973 1889 3125 1958 polos
3190 1899 3581 1954 transeuntem.

2027 1975 2287 2033 Similiter
2314 1981 2479 2034 etiam
2506 1982 2682 2037 media
2715 1982 3021 2037 lucidarum
3068 1983 3256 2052 trium,
3309 2003 3429 2058 qua:
3457 2001 3586 2046 sunt

2023 2067 2080 2123 in
2115 2067 2291 2124 fronte
2327 2067 2537 2140 Scorpii

2097 2157 2334 2214 Tertiam
2361 2161 2548 2217 deﬁnit
2576 2165 2764 2221 horam
2819 2169 2966 2225 circa
3022 2172 3258 2228 medium
3301 2176 3587 2248 Scorpium

2025 2253 2203 2318 stella,
2238 2269 2359 2324 quae
2405 2255 2463 2309 in
2522 2256 2718 2312 dextr’o
2767 2258 2996 2316 humero
3050 2272 3132 2318 est
3174 2263 3590 2336 Ingeniculi:et

2025 2361 2146 2415 qua:
2173 2356 2258 2402 est
2280 2346 2337 2400 in
2359 2336 2604 2416 ejtisdem
2639 2366 2800 2406 crure
2833 2351 3044 2420 dextro,
3075 2355 3348 2413 tricesima
3370 2359 3589 2416 circiter

2025 2439 2172 2494 hora:
2196 2447 2348 2510 parte
2378 2441 2444 2494 ad
2472 2442 2734 2498 orientem
2765 2445 3062 2502 declinans.

2016 2583 2027 2594 ,
2095 2530 2311 2596 Quartae
2333 2531 2482 2586 horae
2535 2533 2697 2588 limes
2726 2543 2810 2590 est
2838 2537 2985 2591 circa
3036 2537 3252 2594 initium
3311 2540 3588 2613 Sagittarii

2034 2623 2214 2677 lucida
2236 2624 2292 2678 in
2346 2623 2550 2679 femore
2594 2626 2818 2680 sinistro
2851 2627 3143 2698 Ingeniculi
3182 2650 3195 2684 :
3224 2638 3279 2685 et
3313 2633 3588 2691 lucidissi-

2024 2729 2145 2778 mae,
2170 2714 2662 2786 antecedentesque
2693 2717 2843 2790 141
2889 2719 2956 2774 de
2977 2728 3210 2790 quatuor
3243 2723 3299 2776 in
3325 2723 3587 2781 laterculo

2024 2807 2254 2862 minoris
2283 2805 2466 2874 Ursae;
2502 2816 2617 2862 tum
2658 2808 2929 2864 borealior
2960 2825 3171 2876 earum,
3206 2827 3329 2882 qua:
3361 2823 3492 2869 sunt
3529 2816 3586 2871 in

2024 2894 2291 2968 Ophiuchi
2316 2899 2508 2954 dextro
2537 2899 2785 2956 humero.

2095 2990 2348 3057 Quintam
2377 2991 2564 3045 horam
2594 2991 2920 3047 determinat
2961 2994 3106 3050 circa
3138 2995 3378 3052 medium
3409 2997 3589 3068 Sagit-

366 3085 461 3138 τοῦ
494 3103 551 3138 τε
586 3087 808 3152 Τοξότου
847 3092 875 3142 6
905 3092 1166 3162 ἑπόμενος
1189 3093 1294 3148 τῶν
1333 3095 1390 3148 ὲν
1415 3099 1480 3167 τῇ
1516 3096 1722 3168 κεφαλῇ
1755 3104 1824 3166 γ’,
1859 3097 1930 3162 ὡς

2034 3083 2253 3146 tarium,
2284 3081 2583 3138 succedens
2611 3083 2775 3137 trium
2799 3085 2851 3139 in
2877 3086 3054 3156 capite
3084 3087 3387 3160 Sagittarii,
3426 3092 3590 3146 trice-

368 3173 411 3226 λ’
443 3175 604 3247 μέρος
633 3177 779 3248 ὥρας
812 3181 945 3251 πρὸς
974 3181 1234 3248 ἀνατολὰς
1261 3186 1673 3257 παραλλάσσων.

440 3267 551 3337 Τὴν
586 3267 640 3320 δὲ
677 3274 730 3332 ς’
761 3268 906 3341 ὥραν
934 3272 1178 3343 ἀφορίζει
1206 3275 1296 3326 ἐπὶ
1341 3274 1434 3328 τοῦ
1477 3275 1563 3329 διὰ
1599 3275 1706 3330 τῶν
1735 3294 1921 3346 τροπι-

369 3356 483 3410 κῶν
513 3360 752 3429 σημείων
784 3360 981 3415 κύκλου
1008 3364 1084 3427 ῶς
1113 3363 1337 3433 ἔγγιστα
1381 3367 1488 3419 τῶν
1537 3369 1594 3420 ὲν
1627 3367 1704 3438 τῷ
1748 3373 1766 3391 ⁹
1785 3373 1800 3391 ⁸
1821 3372 1838 3392 ⁶
1875 3375 1924 3437 γ’

367 3449 638 3522 λαμπρῶν
690 3454 718 3505 6
773 3451 1120 3525 βορειότερος,
1172 3455 1246 3519 ὡς
1297 3455 1345 3509 κ’
1387 3457 1550 3529 μέρος
1601 3459 1729 3528 μιᾶς
1779 3457 1925 3531 ὥρας

370 3540 791 3613 ὑπολειπόμενος
821 3542 913 3598 τοῦ
947 3544 1166 3599 κύκλου.

441 3635 546 3687 IH'.
588 3634 705 3688 Τῶν
734 3636 789 3689 δὲ
834 3637 1033 3706 μεταξὺ
1063 3637 1152 3691 τοῦ
1186 3639 1493 3714 χειμερινοῦ
1533 3639 1793 3714 τροπικοῦ
1829 3659 1924 3713 ση-
1981 3709 1986 3714 .

374 3723 525 3796 μείου
557 3725 768 3779 καὶτοῦ
816 3727 1028 3800 ὲαρινοῦ
1081 3736 1133 3795 ς’
1176 3730 1411 3801 ὠριαίων
1452 3732 1831 3802 διαστημάτων
1866 3733 1927 3788 τὸ

373 3818 473 3889 μὲν
515 3823 563 3870 α’
596 3818 815 3890 ὠριαῖον
845 3819 1114 3891 διάστημα
1165 3821 1410 3893 ἀφορίζει
1456 3821 1548 3876 τοῦ
1598 3824 1847 3893 Δελφῖνος
1899 3827 1928 3878 6

370 3909 705 3984 βορειότερος
735 3912 840 3965 τῶν
887 3914 1200 3986 ἡγουμένων
1229 3916 1286 3967 ὲν
1321 3915 1396 3986 τῷ
1451 3917 1655 3987 ῥόμϐῳ,
1702 3919 1794 3970 καὶ
1832 3915 1925 3969 τοῦ

369 4003 742 4074 Δίγοκέρωτος
771 4005 798 4056 ό
828 4003 1123 4075 ἡγούμενος
1153 4006 1260 4059 τῶν
1289 4010 1346 4060 ὲν
1372 4007 1448 4077 τῷ
1476 4006 1646 4079 νώτῳ.

442 4094 515 4146 Τὸ
545 4094 600 4146 δὲ
643 4095 685 4147 6'
709 4095 926 4166 ὼριαῖον
961 4096 1231 4168 διάστημα
1264 4097 1510 4169 ἀφορίζει
1545 4098 1671 4170 περὶ
1699 4099 1798 4172 τὴν
1825 4101 1926 4171 ἀρ-

369 4182 472 4254 χὴν
515 4185 608 4236 τοῦ
648 4184 925 4256 Ύδροχόου
964 4187 1070 4265 τῶν
1110 4190 1166 4241 ὲν
1202 4189 1278 4258 τῷ
1318 4190 1544 4261 στόματι
1586 4190 1678 4244 τοῦ
1731 4193 1927 4247 Ἵππου

370 4276 619 4349 λαμπρὸς
659 4279 851 4351 ἀστὴρ,
887 4280 1098 4333 καὶτοῦ
1133 4282 1364 4351 Κηφέως
1397 4286 1425 4336 ὁ
1467 4284 1781 4357 νοτιώτερος
1821 4284 1930 4338 τῶν

374 4371 797 4442 προηγουμένων
827 4370 918 4423 τοῦ
951 4372 1121 4438 δεξιοῦ
1149 4371 1318 4443 ὤμου.

2025 3175 2163 3232 sima
2199 3174 2416 3229 circiter
2451 3173 2600 3228 horae
2623 3183 2772 3244 parte
2795 3177 2860 3230 ad
2883 3179 3145 3234 orientem
3178 3179 3480 3237 declinans.

2096 3265 2272 3321 Sextae
2329 3265 2478 3320 horae
2526 3265 2799 3321 terminus
2827 3274 2910 3322 est
2967 3267 3023 3321 in
3077 3269 3305 3336 circulo,
3355 3272 3448 3341 qui
3493 3287 3590 3342 per

2025 3359 2332 3416 solstitial-ia
2360 3366 2562 3429 puncta
2597 3359 2815 3424 transit,
2846 3375 3008 3430 quam
3039 3361 3288 3431 proxime
3315 3363 3588 3422 borealior

2023 3465 2054 3506 c
2084 3449 2278 3505 lucidis
2307 3450 2503 3516 tribus,
2537 3450 2800 3506 vicesima
2830 3451 3050 3507 circiter
3079 3452 3228 3509 horae
3261 3464 3414 3524 parte
3451 3457 3588 3513 citra

2023 3541 2288 3596 circulum
2317 3542 2517 3612 posita.

2095 3633 2282 3688 XVIII.
2313 3633 2374 3688 In
2403 3649 2468 3689 eo
2504 3635 2806 3706 quadrante
2828 3675 2843 3700 ,
2891 3635 2983 3706 qui
3021 3636 3091 3690 ab
3134 3637 3343 3693 hiberni
3395 3639 3587 3708 tropici

2024 3732 2227 3795 puncto
2255 3725 2322 3780 ad
2355 3726 2736 3797 aequinoctium
2791 3742 3016 3782 vernum
3073 3729 3347 3798 pertinet,
3405 3745 3436 3786 e
3491 3745 3588 3785 sex

2026 3817 2260 3874 horariis
2306 3818 2604 3873 intervallis
2640 3818 2876 3888 primum
2922 3819 3180 3874 terminat
3223 3822 3279 3876 in
3319 3820 3584 3892 Delphino

2030 3909 2300 3964 borealior
2357 3909 2789 3965 antecedentium
2855 3911 2912 3964 in
2965 3911 3225 3976 rhombo,
3279 3921 3333 3967 et
3369 3921 3585 3968 antece-

2027 3999 2161 4055 dens
2191 4014 2399 4065 earum,
2430 4016 2550 4071 qua:
2578 4009 2705 4054 sunt
2732 4001 2788 4056 in
2821 4000 2988 4057 dorso
3013 4002 3354 4073 Capricorni.

2101 4091 2414 4146 Secundum
2466 4092 2743 4147 horarium
2792 4093 3137 4148 intervallum
3201 4094 3387 4150 deﬁnit
3439 4094 3586 4150 circa

2027 4180 2240 4237 initium
2290 4183 2552 4252 Aquarii,
2604 4183 2785 4238 lucida
2834 4199 2956 4254 quae
2990 4184 3045 4240 in
3092 4200 3188 4241 ore
3218 4195 3301 4242 est
3342 4186 3500 4258 Equi,
3531 4195 3587 4243 et

2029 4274 2320 4330 australior
2350 4275 2786 4331 antecedentium
2820 4274 2999 4332 dextri
3031 4277 3245 4333 humeri
3290 4275 3512 4348 Cephei.

443 4462 516 4514 T6
557 4461 612 4514 δὲ
663 4468 711 4529 γ’
751 4462 968 4534 ὠριαῖον
1009 4464 1276 4534 διάστημα
1320 4464 1565 4535 ἀφορίζει
1601 4467 1728 4538 περὶ
1765 4468 1926 4538 μέσον

2101 4449 2297 4506 Tertiae
2319 4451 2465 4507 horae
2493 4451 2647 4506 limes
2679 4459 2764 4506 est
2802 4450 2950 4506 circa
2989 4449 3224 4506 medium
3252 4450 3547 4519 Aquarium
3568 4493 3583 4516 ,

370 4552 466 4606 τοῦ
509 4553 786 4624 ’Υδροχόου
817 4556 844 4607 6
862 4555 1021 4624 μέσος
1035 4555 1141 4607 τῶν
1161 4559 1217 4608 ὲν
1244 4561 1308 4626 τῇ
1333 4557 1542 4628 κεφαλῇ
1578 4559 1670 4610 τοῦ
1692 4560 1927 4628 Κηφέως

370 4651 422 4713 γ’
456 4644 695 4715 ἀστέρων
751 4647 836 4696 ἐπ’
880 4645 1090 4709 εὐθείας
1138 4646 1421 4715 κειμένων,
1470 4649 1561 4699 καὶ
1605 4647 1698 4700 τοῦ
1731 4649 1926 4702 Ἵππου

369 4735 481 4789 τῶν
527 4738 583 4788 ἐν
629 4736 704 4806 τῷ
736 4736 985 4807 τραχήλῳ
1020 4735 1061 4805 β’
1088 4737 1328 4807 ἀστέρων
1380 4739 1407 4789 6
1454 4737 1804 4810 βορειότερος,
1852 4739 1929 4802 ὡς

367 4829 690 4900 τριακοστὸν
743 4829 904 4900 μέρος
950 4828 1096 4898 ὥρας
1125 4828 1524 4900 προηγούμενος
1553 4828 1646 4883 τοῦ
1687 4830 1774 4883 διὰ
1819 4831 1928 4886 τῶν

370 4921 552 4975 πόλων
590 4921 807 4976 κύκλου.

443 5014 515 5068 Τὸ
539 5014 592 5067 δὲ
614 5014 653 5066 6'
673 5014 890 5085 ὼριαῖον
910 5013 1181 5083 διάστημα
1207 5011 1452 5083 ἀφορίζει
1467 5004 1605 5084 ’περὶ
1627 5013 1725 5084 τὴν
1754 5014 1929 5087 ἀρχὴν

368 5105 480 5157 τῶν
518 5105 734 5176 Ἰχθύων
765 5106 862 5176 τῆς
891 5105 1241 5177 Ἀνδρομέδας
1269 5105 1376 5158 τῶν
1405 5107 1461 5160 ὲν
1509 5109 1575 5177 τῇ
1608 5107 1755 5178 δεξιᾷ
1786 5108 1929 5178 χειρὶ

370 5197 612 5269 ἀστέρων
648 5199 676 5250 6
703 5195 1038 5261 νοτιώτατος,
1067 5196 1140 5259 ὡς
1168 5202 1215 5248 κ’
1247 5196 1410 5266 μέρος
1453 5197 1598 5268 ὥρας
1629 5199 1928 5269 δύπολειπό-

373 5304 535 5358 μενος
561 5286 653 5342 τοῦ
689 5289 775 5342 διὰ
803 5305 909 5341 των
941 5287 1114 5342 πόλων
1145 5285 1368 5341 κύκλου.

443 5382 514 5434 T6
561 5382 616 5435 δῖε
671 5389 710 5434 ε’
769 5383 984 5453 ὠριαῖον
1047 5380 1316 5448 διάστημὶ
1375 5383 1496 5454 περὶ
1550 5381 1746 5453 μέσους
1799 5384 1926 5444 τοὺς

383 5471 591 5542 ’ἰχθύας
641 5471 884 5543 ἀφορίζει
930 5477 1028 5544 τῆς
1077 5476 1244 5522 Kac"
1286 5472 1432 5548 :‘rvg
1491 5473 1519 5526 6
1560 5476 1616 5526 ὲν
1663 5472 1808 5542 μέσῳ
1848 5470 1924 5541 τῷ

369 5557 602 5630 σώματι,
634 5562 726 5614 καὶ
754 5563 933 5632 τρίτος
962 5559 1068 5612 ἀπὸ
1098 5560 1194 5632 τῆς
1224 5561 1463 5633 κεφαλῆς
1509 5561 1923 5634 ἀριθμούμενος.

474 5717 520 5751 ’³
553 5719 592 5788 Γ.
622 5719 699 5782 ὃς.

2029 4542 2206 4598 media
2235 4543 2397 4596 trium
2425 4545 2725 4611 stellarum,
2758 4557 2877 4612 quae
2909 4550 3035 4598 sunt
3076 4542 3131 4595 in
3165 4543 3340 4611 capite
3384 4543 3587 4613 Cephei

2028 4635 2082 4687 in
2132 4632 2396 4688 directum
2442 4637 2666 4705 positae;
2715 4651 2814 4691 nec
2854 4651 2962 4689 non
3007 4634 3279 4688 borealior
3319 4635 3585 4702 duarum,

2027 4739 2146 4794 quae
2177 4731 2304 4778 sunt
2332 4726 2410 4792 ,in
2439 4723 2577 4796 Equi
2623 4727 2763 4782 collo
2788 4768 2802 4792 ,
2866 4725 3142 4780 tricesima
3186 4725 3402 4780 circiter
3444 4726 3589 4781 horae

2029 4812 2293 4881 particula
2342 4815 2643 4882 circulum,
2694 4818 2784 4887 qui
2831 4831 2927 4888 per
2967 4815 3121 4885 polos
3173 4817 3399 4884 transit,
3431 4826 3589 4874 ante~

2028 4903 2249 4960 cedens.

2101 4993 2356 5059 Quartam
2406 4996 2593 5052 horam
2645 4998 2832 5054 deﬁnit
2893 5002 3039 5058 circa
3087 5004 3328 5060 Piscium
3374 5005 3588 5060 initium

2031 5085 2427 5142 australissima
2450 5102 2636 5142 earum
2669 5105 2790 5158 qua:
2820 5099 2947 5146 sunt
2981 5093 3037 5148 in
3064 5094 3253 5150 dextra
3285 5111 3446 5149 manu
3478 5094 3589 5149 An-

2031 5175 2334 5244 dromedae,
2368 5178 2627 5232 vicesima
2657 5186 2812 5248 parte
2844 5179 2956 5238 fere
2993 5184 3131 5239 citra
3164 5183 3286 5240 eum
3325 5185 3588 5241 circulum

2031 5265 2208 5336 posita
2231 5305 2246 5330 ,
2276 5266 2368 5337 qui
2397 5283 2492 5337 per
2522 5269 2675 5338 polos
2716 5273 2927 5328 transit.

2101 5357 2359 5422 Quintum
2420 5359 2698 5416 horarium
2770 5362 3114 5419 intervallum
3185 5368 3329 5422 circa
3382 5367 3589 5424 medios

2031 5447 2216 5504 Pisces
2249 5449 2436 5506 deﬁnit
2465 5467 2549 5517 ea,
2574 5468 2694 5523 quae
2721 5454 2876 5523 estin
2912 5456 3092 5512 medio
3119 5472 3346 5529 corpore
3374 5459 3590 5518 Cassie-

2033 5554 2165 5621 pezc,
2189 5556 2307 5611 quae
2330 5559 2360 5598 a
2386 5544 2561 5616 capite
2583 5544 2746 5602 tertia
2775 5554 3111 5603 numeratur.
