4044 6220
511 261 648 317 “53

1487 257 1576 311 AD
1610 255 1872 312 EUSEBH
1909 254 2093 314 CHRO
2107 255 2310 314 NlCON
2349 255 2707 312 APPENDIX.
2749 304 2764 313 .

3585 257 3727 313 H56

581 374 801 429 Sextam
831 372 1018 425 horam
1040 370 1294 425 terminat
1331 371 1577 440 proxime
1609 373 1678 428 ab
1709 373 1911 428 circulo
1932 373 2057 436 isto,
2091 380 2133 436 Α

2231 371 2304 426 Τδ
2349 373 2406 426 δὲ
2450 381 2501 438 ς’
2531 373 2750 442 ὼριαῖον
2802 372 3073 441 διάστημα
3115 368 3362 442 ἀφορίζει
3413 371 3506 424 ἀπ’
3554 372 3730 426 αὐτοῦ

508 461 602 532 qui
637 476 734 532 per
754 459 1150 531 aaquinoctialia
1181 468 1403 530 puncta,
1429 461 1693 531 polosque
1714 463 2057 528 describitur,

509 569 630 624 qua:
664 552 958 608 summitati
999 551 1140 621 ejus,
1174 567 1294 622 qum
1329 567 1495 622 supra
1542 552 1777 608 Arietem
1805 556 1910 609 sita
1941 563 2058 619 est,

512 645 778 708 imminet,
803 651 857 699 et
887 643 1215 698 antecedens
1247 643 1549 698 lucidarum
1583 645 1766 709 trium,
1789 661 1910 717 quae
1937 655 2063 701 sunt

511 737 569 792 in
590 736 764 806 capite
789 735 1028 803 Arietis;
1061 751 1182 806 qua:
1211 736 1466 792 vicesima
1491 737 1709 794 circiter
1738 739 1888 796 hora:
1908 747 2062 811 parte

510 828 647 884 citra
669 828 934 882 circulum
964 827 1192 883 locatur.

581 918 639 973 In
670 934 734 974 eo
765 918 1087 991 quadrante,
1120 920 1214 991 qui
1247 920 1316 975 ab
1336 921 1640 993 aequinoctii
1678 922 1828 978 verni
1863 930 2062 993 puncto

514 1012 580 1066 ad
605 1012 776 1066 aestivi
811 1011 1004 1081 tropici
1043 1021 1302 1082 punctum
1336 1015 1662 1085 porrigitur,
1710 1014 1946 1084 primum
1980 1014 2064 1068 in-

514 1104 797 1158 tervallum
843 1103 1120 1157 horarium
1163 1104 1420 1158 terminat
1464 1105 1796 1160 lucidissima
1843 1119 2062 1172 earum,

507 1209 636 1264 vqure
665 1199 792 1248 sunt
816 1193 872 1246 in
904 1191 1200 1263 Gorgonio,
1223 1195 1366 1264 quod
1397 1195 1615 1251 sinistra
1644 1198 1780 1267 gerit
1814 1197 2064 1253 Perseus.

587 1284 896 1339 Secundum
955 1285 1296 1340 intervallum
1345 1288 1600 1342 terminat
1646 1291 1791 1343 circa
1850 1289 2064 1343 initium

517 1375 678 1430 Tauri
708 1375 1007 1432 succedens
1055 1378 1221 1431 trium
1277 1376 1481 1433 directa
1527 1379 1668 1436 serie
1712 1381 2008 1450 positarum
2037 1396 2068 1436 e

511 1467 756 1540 quinque
787 1467 978 1534 stellis,
1011 1484 1130 1538 quae
1162 1470 1307 1524 circa
1338 1469 1584 1526 dextrum
1615 1471 1798 1527 Persei
1830 1489 1992 1544 genu.

585 1553 754 1611 Tertii
781 1555 1046 1612 intervalli
1075 1557 1233 1614 limes
1260 1566 1342 1614 est
1369 1551 1515 1613 circa
1545 1558 1780 1614 medium
1805 1559 2065 1626 Taurum,

512 1663 698 1716 earum
743 1664 863 1720 qua:
889 1658 1015 1704 sunt
1043 1650 1098 1704 in
1128 1650 1266 1720 pelle
1285 1690 1300 1716 ,
1331 1665 1493 1722 quam
1523 1651 1688 1707 Orion
1732 1651 1952 1708 sinistra
1984 1661 2066 1708 te-

2163 465 2390 534 ἐγγιστα
2423 463 2514 516 τοῦ
2545 464 2631 518 διὰ
2677 463 2783 516 τῶν
2823 460 3148 532 ἰσημερινῶν
3191 461 3430 530 σημείων
3477 461 3573 513 καὶ
3612 461 3732 513 τῶν

2163 555 2340 609 πόλων
2368 555 2711 626 γραφομένου
2755 551 2976 615 κύκλου,
3010 552 3109 604 ούκ
3140 549 3221 602 ἔτι
3265 551 3311 583 ⁸³
3339 551 3439 620 τῆς
3476 551 3734 622 κορυφῆς

2163 647 2408 717 κείμενος
2431 645 2523 698 τοῦ
2552 645 2690 717 ὑπὲρ
2715 644 2804 697 τὸν
2830 642 2996 714 Κριὸν
3025 641 3297 712 κειμένου,
3327 643 3355 694 6
3386 641 3441 693 δὲ
3477 641 3522 672 ’⁵
3554 641 3732 713 ἡγού-

2165 751 2324 805 μενος
2350 733 2458 787 τῶν
2500 734 2556 787 tv
2603 735 2667 804 τῇ
2698 732 2902 802 κεφαλῇ
2937 729 3030 782 τοῦ
3065 729 3234 801 Κριοῦ
3266 736 3313 798 γ’
3345 729 3632 800 λαμπρῶν,
3662 731 3737 792 ὅς

2162 825 2400 879 είκοστὸν
2437 824 2596 895 μέρος
2623 824 2769 896 ὥρας
2801 822 3147 876 ὑπολείπεται
3173 825 3267 877 καὶ
3300 823 3393 876 τοῦ
3426 823 3649 878 κύκλου.

2233 917 2354 970 Τῶν
2397 917 2454 970 δὲ
2502 915 2701 988 μεταξὺ
2737 913 2828 968 τοῦ
2875 914 3186 985 ίσημερινοῢ
3236 914 3329 967 καὶ
3368 914 3460 967 τοῦ
3508 912 3746 984 θερινοίῖι

2166 1009 2392 1081 σημείου
2424 1009 2481 1074 ἓξ
2505 1008 2740 1079 ὡριαίων
2765 1008 3140 1078 διαστημάτων
3171 1007 3230 1059 τὸ
3253 1008 3350 1077 μὲν
3378 1013 3425 1060 α’
3447 1007 3736 1080 διάστημα.

2166 1101 2410 1174 ἀφορίζει
2459 1103 2486 1154 6
2533 1100 2906 1172 λαμπρότατος
2939 1097 3045 1152 τῶν
3087 1100 3143 1151 ἐν
3190 1098 3266 1168 τῷ
3312 1100 3541 1172 γονατίῳ
3591 1103 3660 1166 ’³,
3699 1103 3736 1154 ὂ

2166 1189 2274 1260 ἔχει
2309 1191 2336 1242 6
2374 1189 2612 1260 Περσεὺς
2645 1190 2700 1240 tv
2727 1191 2790 1259 τῇ
2821 1189 3080 1258 ἀριστερᾷ
3104 1187 3265 1258 χειρί.

2237 1281 2309 1333 Τὸ
2355 1280 2411 1333 δὲ
2462 1280 2503 1349 β’
2548 1279 2819 1349 διάστημα
2867 1278 3086 1348 ὠριαῖον
3148 1277 3395 1348 ἀφορίζει
3448 1280 3577 1350 περὶ
3620 1281 3735 1352 τὴν

2165 1368 2336 1439 ἀρχὴν
2364 1367 2454 1420 τοῦ
2502 1368 2712 1439 Ταύρου
2749 1367 2843 1421 τοῦ
2879 1365 3127 1437 Περσέως
3160 1369 3266 1419 τῶν
3297 1369 3421 1438 περὶ
3447 1368 3507 1420 τὸ
3550 1369 3735 1434 δεξιὸν

2167 1461 2293 1529 γόνυ
2325 1467 2363 1512 ε’
2395 1461 2635 1531 ἀστέρων
2676 1461 2704 1512 ὁ
2749 1459 3005 1539 έπόμενος
3038 1459 3142 1513 τῶν
3173 1459 3259 1511 ἐπ’
3294 1461 3503 1524 εὐθείας
3528 1462 3733 1532 τριῶν.

2237 1551 2311 1604 T6
2354 1551 2410 1604 δὲ
2442 1558 2490 1620 γ’
2517 1551 2734 1624 ὡριαῖον
2778 1550 3049 1620 διάστημα
3093 1551 3339 1621 ἀφορίζει
3377 1553 3504 1623 περὶ
3556 1555 3739 1624 μέσον

2166 1643 2256 1697 τὸν
2288 1642 2496 1714 Ταῦρον
2524 1642 2629 1696 τῶν
2661 1645 2716 1696 tv
2743 1645 2808 1713 τῇ
2835 1643 2984 1714 δορᾷ,
3019 1642 3086 1713 ἣν
3126 1642 3237 1714 ἔχει
3268 1645 3296 1697 6
3337 1645 3522 1716 Ὠρίων
3563 1647 3624 1698 ἐν
3659 1650 3737 1719 τῇ

516 1748 628 1804 net,
662 1717 886 1809 quarta,
913 1748 967 1796 et
997 1717 1244 1812 septi—ma.
1293 1717 1428 1797 Item
1473 1742 1752 1812 splendida
1781 1742 1839 1796 in
1873 1743 2065 1798 mediis
2099 1717 2133 1770 Β

2165 1735 2423 1807 ἀριστερᾷ
2470 1735 2631 1806 χειρὶ,
2671 1737 2698 1788 6
2737 1735 2777 1787 δ’
2821 1735 2969 1787 καὶὸ
3007 1733 3070 1800 ζ’,
3104 1735 3196 1788 καὶ
3227 1735 3320 1790 τοῦ
3350 1737 3560 1808 Ταύρου
3591 1740 3622 1790 6
3670 1717 3739 1791 ἐν

511 1828 682 1885 Tauri
734 1831 994 1886 cornibus
1031 1870 1048 1897 ,
1117 1847 1238 1903 quae
1289 1847 1410 1888 cum
1456 1832 1651 1889 lucidis
1705 1843 2068 1891 extremorum

515 1936 783 1975 cornuum
845 1921 1177 1994 triangulum
1239 1923 1626 1995 propemodum
1696 1925 2070 1996 aequilaterum

517 2010 664 2068 facit.
1551 2069 1554 2073 .

585 2103 843 2170 Quartam
871 2105 1060 2161 horam
1092 2105 1279 2172 deﬁnit
1307 2106 1453 2160 circa
1483 2105 1831 2162 Geminorum
1859 2107 2071 2162 initium

515 2193 816 2247 succedens
855 2208 1173 2262 parvarum,
1221 2202 1274 2248 et
1319 2195 1621 2250 lucidarum
1659 2196 1922 2260 duarum,
1953 2213 2072 2267 qua:

515 2288 665 2336 recto
690 2296 860 2335 cornu
890 2281 956 2336 ad
983 2283 1246 2338 orientem
1277 2283 1332 2338 in
1371 2284 1637 2338 directum
1677 2285 1867 2355 positae
1893 2292 2022 2340 sunt
2054 2304 2066 2339 :

516 2387 636 2442 qua:
663 2385 718 2428 et
749 2373 804 2426 in
839 2370 1059 2430 Orionis
1090 2375 1396 2442 collorobo,
1428 2391 1493 2431 ac
1526 2377 1809 2432 borealiori
1838 2377 2072 2434 termino

514 2469 664 2518 sunt.
711 2460 964 2519 Proxime
1013 2481 1139 2521 vero
1176 2477 1422 2536 quartam
1458 2469 1646 2524 horam
1674 2470 1932 2526 terminat
1975 2487 2070 2525 au-

516 2552 734 2608 stralior
764 2552 1066 2609 lucidarum
1113 2555 1375 2624 duarum,
1422 2574 1542 2630 qua:
1574 2569 1701 2616 sunt
1751 2562 1808 2616 in
1846 2559 2070 2634 Leporis

515 2645 693 2700 medio
720 2660 967 2716 corpore.

585 2821 846 2889 Quintum
881 2824 1156 2880 horarium
1210 2829 1445 2898 spatium
1482 2831 1738 2885 terminat
1779 2833 1924 2886 circa
1955 2847 2069 2888 me-

513 2911 638 2968 dios
668 2911 923 2970 Geminos
963 2915 1263 2970 lucidarum
1312 2919 1475 2972 trium
1501 2960 1517 2987 ,
1569 2935 1690 2991 qua:
1733 2921 1788 2976 in
1845 2922 2071 2992 genibus

517 3013 643 3060 sunt
669 3003 1054 3074 Geminorum,
1109 3009 1320 3077 media;
1379 3026 1500 3080 quae
1531 3012 1809 3066 tricesima
1852 3013 2073 3068 circiter

511 3093 666 3151 horae
693 3105 843 3166 parte
874 3098 1128 3166 praecedit
1154 3099 1418 3156 circulum
1462 3117 1558 3172 per
1587 3102 1744 3174 polos
1778 3111 2070 3159 transeun-

515 3191 660 3250 tem,
706 3200 914 3242 necnon
950 3187 1128 3243 lucida
1159 3190 1520 3260 posteriorum
1547 3190 1714 3248 Canis
1747 3193 1964 3264 pedum.

2174 1825 2354 1895 μέσοις
2400 1827 2512 1889 τοῖς
2557 1826 2777 1897 κέρασιν
2826 1825 3082 1898 ἐκφανὴς,
3139 1827 3448 1900 ἰσόπλευρον
3495 1829 3741 1897 ἔγγιστα

2170 1915 2428 1986 τρίγωνον
2475 1916 2641 1971 ποιῶν
2687 1916 2823 1988 μετά
2867 1915 2977 1972 τῶν
3025 1917 3082 1970 tv
3132 1916 3319 1989 ἄκροις
3361 1921 3471 1984 τοῖς
3524 1922 3739 1992 κέρασι

2169 2007 2455 2080 λαμπρῶν.

2240 2100 2314 2152 Τὸ
2355 2100 2411 2152 δὲ
2439 2100 2480 2153 δ’
2507 2100 2726 2171 ὡριαῖον
2757 2098 3025 2170 διάστημα
3058 2101 3301 2172 ἀφορίζει
3335 2103 3461 2172 περὶ
3486 2103 3588 2172 τὴν
3627 2106 3740 2174 ἀρ-

2170 2189 2269 2260 χὴν
2302 2189 2407 2244 τῶν
2435 2190 2699 2262 Διδύμων,
2728 2192 2821 2245 τοῦ
2854 2194 3065 2265 Ταύρου
3088 2194 3192 2248 τῶν
3225 2197 3308 2246 ἐπ’
3336 2196 3546 2258 εὐθείας
3571 2197 3740 2266 ἄκρῳ

2169 2281 2244 2351 τῷ
2267 2281 2422 2352 δεξιῷ
2457 2282 2645 2352 κέρατι
2673 2283 2808 2354 πρὸς
2833 2285 3093 2348 ἀνατολὰς
3127 2286 3390 2355 κειμένων
3421 2286 3464 2356 β’
3492 2288 3735 2357 μικρῶν,

2169 2371 2263 2423 καὶ
2289 2370 2537 2438 ὲκφανῶν
2566 2371 2732 2423 ὄντων
2783 2373 3117 2445 ἀστερίσκων
3155 2375 3182 2426 ό
3219 2374 3478 2444 ἑπόμενος
3509 2376 3692 2427 αὐτῶν
3717 2394 3735 2406 ο

2171 2462 2306 2516 εἰσὶν
2330 2463 2386 2516 δὲ
2413 2455 2555 2516 οὗτοι
2601 2465 2692 2516 καὶ
2730 2466 2786 2519 tv
2817 2464 2893 2536 τῷ
2943 2463 3238 2537 κολλοὸόρῳ
3260 2467 3305 2498 ⁸⁸
3343 2464 3435 2519 τοῦ
3479 2467 3744 2538 Ὠρίωνος

2170 2555 2263 2607 ἐπὶ
2308 2553 2399 2607 τοῦ
2451 2553 2784 2628 βορειοτέρου
2832 2556 3099 2628 πέρατος·
3153 2557 3377 2626 ἔγγιστα
3431 2558 3488 2610 δὲ
3537 2557 3640 2628 τὴν
3687 2559 3739 2611 δ’

2169 2644 2418 2716 ἀφορίζει
2443 2646 2537 2699 καὶ
2575 2645 2668 2699 τοῦ
2711 2646 2935 2715 Λαγωοῦ
2961 2649 2990 2700 6
3015 2646 3324 2718 νοτιώτερος
3354 2646 3462 2702 τῶν
3487 2649 3544 2702 tv
3577 2648 3744 2721 μέσῳ

2169 2737 2246 2808 τῷ
2277 2738 2485 2808 σώματι
2516 2737 2559 2808 β’
2585 2737 2872 2809 λαμπρῶν.

2239 2831 2314 2884 Τὸ
2352 2830 2409 2883 δὲ
2448 2837 2488 2883 ε’
2517 2831 2736 2902 ὠριαῖον
2781 2831 3052 2902 διάστημα
3093 2831 3340 2903 ἀφορίζει
3369 2832 3495 2904 περὶ
3528 2831 3742 2902 μέσους

2169 2923 2294 2986 τοὺς
2321 2921 2580 2993 Διδύμους
2611 2922 2720 2977 τῶν
2749 2923 2992 2994 Διδύμων
3023 2924 3053 2976 6
3082 2923 3244 2995 μέσος
3277 2925 3385 2976 τῶν
3414 2925 3470 2975 ὲν
3499 2926 3614 2987 τοῖς
3642 2925 3742 2991 γό-

2098 3060 2140 3118 C
2171 3030 2292 3068 νασι
2336 3012 2384 3082 Υ
2422 3013 2708 3086 λαμπρῶν,
2741 3013 2816 3077 ὡς
2847 3011 2890 3067 λ’
2921 3013 3084 3086 μέρος
3124 3012 3272 3114 ὧρας
3322 3013 3740 3118 προηγούμενος

2175 3102 2268 3156 τοῦ
2304 3103 2392 3158 διά
2411 3103 2518 3158 τῶν
2559 3104 2735 3158 πόλων
2765 3104 2984 3170 κύκλου,
3018 3105 3112 3157 καὶ
3141 3103 3236 3158 τοῦ
3275 3104 3447 3167 Κυνὸς
3476 3105 3505 3156 6
3532 3105 3593 3157 tv
3623 3107 3740 3168 τοῖς

2107 3188 2117 3208 ’
2176 3195 2442 3261 ὀπισθίοις
2470 3197 2597 3250 ποσὶ
2627 3197 2890 3268 λαμπρός.

586 3339 635 3370 ³³
656 3341 779 3398 Cor.
806 3345 836 3398 6
858 3344 968 3403 ὲπί.
1017 3346 1089 3378 ⁴⁹⁸
1115 3346 1157 3415 f.
1181 3346 1209 3400 6
1233 3361 1312 3400 τε.
1389 3344 1437 3378 ⁸³
1468 3344 1510 3415 f.
1541 3345 1830 3418 Γοργονίῳ.
1895 3347 1941 3381 ⁸⁸
1969 3347 2012 3417 f.
2040 3347 2377 3420 Κολλορόὸῳ.

1453 3675 2780 3814 ΕΡΑΤΟΣΘΕΝΟΥΣ

1771 3910 1876 3963 ΕΝ
1897 3911 2093 3980 ΔΛΛῼ
2129 3909 2489 3965 ΙΠΠΑΡΧΟΥ

1325 4070 1498 4159 ΕΙΣ
1533 4063 1676 4159 TA
1711 4066 2143 4187 APATor
2190 4073 2862 4162 ΦΑΙΝΟΜΕΝΑ.

1568 4337 2652 4454 ERATOSTHENIS

1770 4556 2005 4620 ALIAS
2047 4556 2474 4622 HlPPARCHI

1294 4736 1446 4828 AD
1514 4737 1870 4840 ABATI
1963 4724 2946 4833 ΡΗλΕΝΟΜΕΝΑω).

592 4995 744 5068 142
783 4994 823 5052 ι.
881 4994 1267 5066 Apparentium
1315 4996 1714 5052 enarrationem
1774 5000 2058 5058 instituere
2096 5010 2133 5062 Β

2235 5007 2312 5060 A'.
2357 5004 2466 5076 Τὴν
2499 5007 2597 5070 μὲν
2627 5007 2789 5074 δεῖξιν
2812 5009 2920 5063 τῶν
2942 5011 3274 5082 φαινομένων
3299 5013 3418 5068 δέον
3460 5019 3728 5072 ποιεῖσθαι

511 5087 591 5143 sic
622 5091 850 5155 oportet,
878 5093 936 5138 ut
966 5085 1030 5139 ad
1052 5085 1331 5140 meridiem
1354 5086 1585 5142 obversa
1614 5088 1824 5159 sphaera
1849 5130 1864 5155 ,
1897 5106 2068 5162 Oppo-

514 5180 632 5233 sitae
660 5177 959 5232 habeantur
982 5177 1148 5238 Ursae,
1174 5185 1326 5234 ortus
1353 5180 1422 5234 ad
1443 5179 1686 5236 dextram
1719 5182 1811 5246 sit,
1836 5197 2065 5239 occasus

511 5266 582 5320 ad
607 5265 902 5322 sinistram.
924 5264 1194 5323 Naturalis
1217 5282 1378 5336 porro
1403 5268 1628 5340 Sphaarm
1648 5271 1836 5325 mundi
1859 5272 2065 5340 positus

511 5365 594 5414 est
624 5357 916 5428 ejusmodi,
956 5367 1015 5412 ut
1061 5359 1117 5412 in
1167 5360 1377 5428 tropico
1405 5361 1594 5416 :estivo
1643 5363 2068 5418 culminetCan-

510 5462 634 5517 cer;
670 5449 846 5505 Chelze
880 5449 934 5504 in
981 5451 1343 5520 aequinoctiali
1394 5453 1756 5525 horoscopum
1803 5461 2060 5522 teneant;

2165 5097 2300 5167 πρὸς
2323 5097 2401 5167 τῷ
2421 5096 2574 5166 νότῳ,
2592 5097 2778 5162 ἀντίας
2806 5100 2994 5170 ἔχοντα
3016 5102 3112 5166 τὰς
3131 5106 3415 5175 Ἀρκτους,
3452 5107 3603 5172 δεξιὰ
3628 5111 3729 5173 τὰς

2166 5185 2447 5249 ἀνατολὰς,
2477 5186 2784 5257 εὐωνύμους
2829 5189 2883 5242 δὲ
2923 5191 3023 5256 τὰς
3065 5193 3262 5258 δύσεις.
3325 5195 3384 5249 'H
3421 5198 3479 5251 δὲ
3526 5201 3730 5271 φυσικὴ

2167 5275 2312 5340 θέσις
2347 5277 2444 5347 τῆς
2478 5277 2710 5349 σφαίρας
2761 5280 2854 5334 τοῦ
2898 5284 3099 5356 κόσμου
3134 5289 3249 5341 ἐστὶ
3293 5291 3535 5361 τοιαύτη,
3585 5293 3728 5346 ὥστε

2164 5365 2304 5434 ἔχειν
2350 5369 2781 5438 μεσουρανοῦντα
2808 5375 3076 5446 Καρκίνον
3102 5379 3192 5430 ἐπὶ
3222 5380 3314 5431 τοῦ
3349 5381 3563 5452 θερινοῦ
3767 5397 3778 5404 ’

2167 5458 2348 5525 πικοῦ,
2377 5460 2698 5528 ἀνατολικάς
2728 5466 2910 5538 Χηλὰς
2954 5468 3043 5522 ἐπὶ
3083 5469 3174 5523 τοῦ
3213 5473 3550 5545 ίσημερινοῦ,
3581 5475 3724 5530 δυτι-

579 5603 690 5674 (74)
725 5603 1228 5676 Pseudepigraphus
1265 5607 1351 5663 hic
1388 5609 1637 5676 libellus;
1665 5625 1791 5666 nam
1824 5610 2074 5666 neutrius
2111 5620 2212 5668 est.

3851 585 3900 614 -ιυ

4033 5387 4040 5476 1
