4044 6220
399 351 531 403 115Ἱ

1408 350 1680 408 INCERTI
1714 352 1804 406 AD
1841 349 2049 406 ARATI
2085 350 2552 410 ΡΗᾸΞΝΟΜΕΝΑ.»

3459 352 3594 409 1158

395 463 490 520 κὸν
534 463 720 537 Κριὸν,
765 465 1061 537 Δράκοντος
1105 466 1343 540 κεφαλὴν
1389 469 1522 540 πρὸς
1571 468 1646 541 τῷ
1692 469 1944 542 ὁρίζοντι.

2048 471 2203 528 Aries
2254 475 2310 526 in
2359 469 2640 526 occidente
2683 473 2964 534 versetur;
3011 463 3273 524 Draconis
3317 478 3476 539 caput
3519 473 3598 528 in.

394 558 710 630 Περιέχεται
760 558 814 610 δὲ
858 559 960 640 ὑπὸ
1007 560 1098 613 τοῦ
1124 561 1412 632 ὁρίζοντος.
1463 562 1524 615 Ἡ
1569 562 1627 616 δὲ
1671 565 1810 618 κατά
1849 566 1949 638 τὴν

395 651 652 722 ἐξήγησιν
674 651 820 714 Θέσις
832 652 937 706 τῶν
953 653 1008 706 Ἀ
1018 655 1176 724 ράτου
1190 654 1563 724 Φαινομένων
1574 657 1689 710 ἐστὶ
1706 658 1948 730 τοιαύτη,

396 744 524 798 ὥστ’
563 744 702 814 ἔχειν
739 745 1166 817 μεσουρανοῦντα
1199 748 1506 820 Αίγόκερων
1533 750 1626 803 ὲπὶ
1651 748 1743 802 τοῦ
1765 767 1949 822 χειμε-

400 836 544 907 ρινοῦ
590 835 868 906 τροπικοῧ,
911 839 1220 892 ἀνατολικὸν
1251 839 1416 910 Κριὸν
1445 841 1536 893 ἐπὶ
1577 841 1670 894 τοῦ
1703 842 1948 913 ἰσημερι-

395 927 508 991 νού,
537 927 755 990 δυτικὰς
782 928 984 998 Χηλὰς,
1034 931 1333 1000 Δράκοντος
1373 931 1610 1004 κεφαλὴν
1657 932 1767 988 ἄνω
1812 933 1949 1003 πρὸς

395 1019 470 1090 τῷ
501 1018 752 1089 ὁρίζοντι,
783 1020 916 1072 ὅπου

393 1133 721 1209 Μίσνονται
757 1130 963 1196 δύσιές
1015 1148 1078 1185 τε
1105 1132 1203 1186 καὶ
1233 1133 1478 1188 ἀντολαὶ
1501 1134 1867 1204 ἀλλήλῃσιν.

397 1245 550 1314 Ἔχει
597 1244 653 1297 δὲ
701 1242 794 1296 καὶ
849 1243 1041 1307 πόλους
1076 1243 1199 1297 δύο·
1252 1245 1508 1319 ἀρκτικὸν
1536 1247 1655 1302 ὅλον
1711 1247 1948 1302 τοιοῦτον

398 1335 687 1406 μετέωρον,
733 1335 825 1388 τὸν
870 1336 963 1388 καὶ
1001 1334 1208 1406 βόρειον
1251 1336 1555 1407 λεγόμενοψ
1592 1339 1946 1410 ἀνταρκτικὸν

392 1426 450 1479 δὲ
477 1429 534 1479 ὲν
566 1425 644 1497 τῷ
669 1427 883 1494 ἀφανεῖ,
907 1425 996 1479 τὸν
1026 1427 1117 1478 καὶ
1147 1427 1316 1480 νότιον
1343 1427 1649 1499 λεγόμενον.
1699 1431 1849 1500 Ἔχει
1891 1431 1947 1485 δὲ

394 1518 623 1581 κύκλους
672 1518 939 1588 μεγάλους
983 1517 1252 1589 τέσσαρας
1305 1520 1472 1589 χωρὶς
1518 1519 1612 1574 τοῦ
1654 1513 1944 1592 ὁρίζοντος,

394 1611 516 1664 ἐπεὶ
543 1611 858 1682 προείρηται
891 1610 988 1682 μὲν
1015 1609 1150 1680 ἔχων
1194 1611 1578 1684 μεσημϐρινὸν,
1614 1613 1943 1685 ἰσημερινὸν,

394 1702 676 1767 ζωδιακὸν,
716 1701 1006 1772 γαλαξίαν
1058 1701 1368 1774 ἐλαχίστους
1415 1703 1473 1756 δὲ
1503 1703 1802 1776 τέσσαραςο
1844 1706 1945 1775 ἀρ-

393 1795 596 1859 κτικὸν,
641 1794 758 1848 ὅλον
805 1795 1094 1866 μετέωρον,
1131 1795 1214 1864 ἐφ’
1245 1787 1292 1863 ᾧ
1331 1795 1745 1866 κατεστήρικται
1783 1796 1946 1860 ζώδια
1975 1799 2018 1854 Β

391 1887 661 1957 τέσσαρα,
708 1886 929 1956 Ἀρκτοι
983 1885 1095 1949 δύο,
1143 1886 1366 1954 Κηφεὺς
1402 1884 1512 1938 ἀπὸ
1551 1885 1659 1941 τῶν
1713 1887 1942 1958 στηθῶν,

392 1979 648 2052 Δράκωνο
699 1975 907 2048 θερινὸν
953 1976 1227 2046 τροπικὸν,
1270 1976 1451 2030 πλεῖον
1495 1976 1684 2046 ἔχοντα
1709 1978 1768 2031 τὸ
1805 1979 1945 2050 ὑπὲρ

391 2072 516 2144 γῆν,
543 2065 706 2141 ἧσσον
738 2067 794 2120 δὲ
829 2067 890 2121 τὸ
937 2067 1039 2120 ὑπὸ
1069 2067 1192 2137 γῆν,
1219 2068 1302 2135 ἐφ’
1326 2063 1370 2136 ᾧ
1395 2070 1814 2140 κατεστηρικται
1843 2070 1947 2134 ζὼ-

392 2163 477 2215 δια
501 2167 571 2231 η’,
606 2159 840 2228 Βοώτης,
867 2158 1153 2226 Στέφανος,
1192 2159 1279 2210 Ἐν
1299 2158 1570 2226 γούνασιν,
1600 2159 1774 2231 Λύρα,
1798 2161 1947 2213 Κασ-

395 2252 626 2314 σιέπεια,
663 2251 1134 2322 ⁹Ηνίοχος,¹’ορνις,
1160 2249 1416 2322 Περσεύς.
1463 2248 1522 2304 '0
1559 2249 1614 2302 δὲ
1641 2249 1945 2321 χειμερινὸς

392 2342 646 2413 τροπικὸς
673 2341 850 2394 πλεῖον
875 2340 983 2410 ἔχει
1018 2341 1076 2395 τὸ
1116 2341 1220 2394 ὑπὸ
1244 2342 1363 2412 γῆν,
1391 2337 1556 2412 ἦσσον
1600 2340 1657 2394 δὲ
1693 2341 1753 2394 τὸ
1805 2340 1946 2412 ὑπὲρ

392 2436 528 2505 γῆνο
578 2433 662 2502 ἐφ’
715 2425 760 2501 ᾧ
801 2432 1219 2504 κατηστέρισται
1277 2432 1441 2496 ζώδια
1497 2439 1582 2497 ς”
1643 2433 1942 2504 Ἠριδανὸς,

405 2525 600 2600 Ἀργὼ,
632 2525 960 2595 Κένταυρος,
989 2526 1073 2596 ἐφ’
1185 2525 1400 2598 Θηρίον,
1441 2523 1720 2596 Θυτήριον,
1777 2523 1946 2594 ’Ῑχθὺς

394 2617 566 2686 μέγας
593 2616 764 2680 νότιος
801 2615 1026 2687 ἀφανής.

475 2817 531 2871 ’0
558 2816 613 2870 δὲ
650 2816 958 2888 ίσημερινὸς
1001 2815 1194 2880 κύκλος
1241 2813 1352 2870 ῐσον
1389 2815 1500 2886 ἔχει
1548 2815 1608 2868 τὸ
1655 2816 1793 2889 ὑπὲρ
1841 2817 1947 2888 γῆν

394 2909 489 2963 καὶ
528 2909 589 2961 τὸ
631 2909 734 2962 ὑπὸ
775 2909 898 2979 γῆν,
934 2909 1016 2978 ἐφ’
1068 2901 1111 2976 ᾧ
1155 2908 1569 2979 κατηστέρισται
1636 2905 1801 2972 ζώδια
1842 2908 1942 2978 ιβ’·

394 3002 606 3065 Ἵππος,
647 3000 941 3071 Ὀφιούχος,
976 3001 1058 3070 ἐφ’
1085 2993 1130 3070 ᾧ
1157 3001 1336 3069 Ὄφις,
1372 2999 1584 3070 ’Υδρος,
1621 2999 1704 3068 ἐφ’
1737 2992 1781 3067 ᾧ
1815 3016 1946 3052 κατ-

393 3092 704 3163 ηστέρισται
728 3093 972 3163 Κρατὴρ,
992 3091 1192 3161 Κόραξ,
1207 3089 1486 3162 Προκύων,
1518 3089 1717 3154 Ἀετὸς,
1733 3089 1946 3158 Δελφὶς,

407 3186 615 3256 Ὠρίων,
677 3184 911 3250 Ὀῖστὸς,
958 3183 1224 3236 Δελτωτὸν
1243 3222 1258 3248 ,
1321 3180 1663 3252 Ἀνδρομέδα,
1701 3179 1945 3249 Λαγωὸς,

393 3279 594 3348 Κῆτος,
644 3276 824 3340 Κύων,
868 3275 997 3330 ὥστ’
1020 3270 1157 3328 εἶναι
1197 3273 1267 3327 τὰ
1313 3273 1488 3328 πάντα
1535 3270 1700 3337 ζώδια
1751 3272 1950 3324 είκοσι-

392 3369 520 3433 τρία
569 3368 646 3400 ⁸⁷·
681 3368 848 3437 χωρὶς
892 3365 1000 3419 τῶν
1057 3367 1338 3436 ἐπισήμων
1374 3365 1431 3418 ὲν
1479 3364 1658 3427 αὐτοῖς
1707 3362 1950 3433 ἀστέρων

396 3458 902 3529 κατηστερισμένων
934 3463 1005 3526 η’,
1034 3449 1143 3508 οἷον
1176 3456 1267 3508 ἐπὶ
1298 3453 1391 3507 τοῦ
1443 3453 1650 3508 Βοώτου
1698 3452 1950 3525 Ἀρκτοῦ-

399 3565 508 3618 ρος,
543 3549 634 3600 ἐπὶ
656 3547 748 3600 τοῦ
802 3545 1044 3615 Ἠνιόχου
1085 3543 1184 3609 Αἴξ
1226 3561 1287 3596 τε
1331 3543 1424 3597 καὶ
1450 3543 1685 3614 Ἔριφοι,
1732 3541 1824 3594 ἐπὶ
1854 3539 1948 3594 τοῦ

397 3640 606 3713 Ταύρου
636 3639 909 3703 Πλειάδες,
940 3637 1156 3700 Ὑάδες·
1181 3637 1273 3691 ἐπὶ
1303 3636 1401 3706 τῆς
1428 3634 1700 3705 Παρθένου
1720 3632 1948 3703 Στάχυς,

397 3733 823 3805 Προτρυγητήρ·
866 3729 1088 3802 ὲπὶξτοῢ
1135 3729 1306 3792 Κυνὸς
1347 3727 1573 3798 Σείριος,
1634 3727 1728 3780 καὶ
1757 3726 1809 3779 εἰ
1827 3743 1948 3778 τινα

394 3825 603 3887 τούτοις
636 3824 814 3893 ὃμοια.

478 3917 536 3970 '0
562 3915 618 3968 δὲ
645 3915 901 3980 ζωδιακὸς
933 3913 1130 3977 κύκλος
1173 3914 1284 3985 ἔχει
1329 3912 1491 3978 ζώδια
1529 3912 1626 3983 ιβ”
1655 3913 1952 3985 Καρκίνον,

397 4008 618 4071 Λέοντα,
644 4006 935 4078 Παρθένον,
978 4005 1183 4077 Χηλὰς,
1224 4007 1252 4058 ὅ
1285 4008 1397 4059 ἐστι
1441 4005 1628 4073 Ζυγὸος,
1665 4005 1948 4076 Σκορπίον,

398 4096 665 4167 Τοξότην,
717 4095 1056 4166 Αίγόκερων,
1116 4095 1428 4166 Ύδροχόον,
1478 4095 1715 4165 Ἰχθύας,
1763 4096 1949 4168 Κριὸν,

398 4189 640 4260 Ταῦρον,
689 4187 988 4259 Διδύμους·
1054 4185 1192 4240 ὥστε
1255 4180 1510 4240 εἶναιτὰ
1562 4187 1738 4240 πάντα
1789 4185 1952 4252 (sane

397 4288 482 4350 κγ’
511 4281 577 4334 οε.

465 4374 587 4427 Elei.
611 4373 666 4426 δὲ
707 4372 799 4425 καὶ
831 4369 1096 4442 πλάνητες
1130 4369 1354 4443 ἀστέρες
1385 4369 1551 4441 χωρὶς
1582 4368 1732 4440 ἡλίου
1759 4386 1819 4422 τε
1859 4369 1952 4423 καὶ

2044 565 2266 619 cumbat
2293 560 2585 618 horizonti.
2626 557 2741 614 Hoc
2791 559 2934 615 enim
2965 559 3032 613 ab
3059 559 3339 613 borizonte
3365 559 3597 616 circum—

2048 655 2323 710 scribitur.
2376 652 2575 708 Verum
2616 651 2706 706 hic
2743 652 2798 705 in
2826 653 3156 722 exponendis
3183 652 3335 706 Arati
3369 650 3596 708 Phame-

2048 746 2212 798 menis
2243 744 2466 816 sphaerae
2505 743 2721 813 positus
2766 743 3122 809 observatur,
3163 750 3223 798 ut
3260 744 3316 799 in
3371 745 3596 801 hiberno

2046 836 2256 907 tropico
2299 835 2560 890 culminet
2594 834 2985 904 Capricornus;
3037 835 3092 890 in
3127 836 3484 907 aequinoctiali
3527 838 3596 894 ad

2045 935 2224 982 ortum
2255 928 2326 983 sit
2357 927 2544 992 Aries;
2574 927 2642 980 ad
2679 941 2936 981 occasum
2964 926 3176 995 Chelas;
3219 926 3480 985 Draconis
3508 945 3597 984 ca-

2046 1029 2142 1092 put
2173 1036 2338 1090 supra
2365 1020 2697 1074 horizontem
2725 1019 3010 1088 reSpiciat;
3047 1019 3139 1073 ubi

2155 1131 2446 1187 Miscentur
2467 1147 2701 1197 occasus,
2724 1139 2772 1184 et
2797 1139 2942 1186 ortus
2961 1131 3197 1189 invicem.

2049 1268 2218 1324 Habet
2262 1277 2318 1325 et
2350 1269 2504 1339 polos
2550 1275 2689 1325 duos
2724 1291 2736 1327 :
2781 1273 3073 1335 arcticum,
3112 1270 3203 1341 qui
3247 1277 3394 1329 totus
3423 1274 3597 1330 subli-

2046 1361 2148 1416 mis
2171 1368 2274 1424 est,
2298 1375 2362 1414 ac
2391 1362 2590 1417 boreus
2612 1362 2774 1418 etiam
2819 1364 3154 1435 appellatur;
3197 1365 3552 1421 antarcticum
3579 1407 3595 1434 ,

2044 1449 2137 1518 qui
2181 1465 2456 1520 nunquam
2491 1459 2784 1520 apparente
2813 1453 3016 1507 circulo
3048 1454 3385 1519 continetur,
3419 1462 3472 1511 et
3501 1471 3599 1512 au-

2044 1542 2228 1596 stralis
2257 1541 2474 1596 dicitur.
2499 1541 2672 1598 Habet
2696 1559 2824 1599 vero
2845 1545 3082 1601 circulos
3107 1545 3342 1616 majores
3366 1557 3600 1619 quatuor

2046 1641 2240 1702 praeter
2272 1633 2610 1688 horizontem
2647 1653 2661 1689 :
2694 1650 2832 1705 quos
2855 1636 2969 1706 jam
2997 1637 3235 1693 diximus
3277 1653 3398 1695 esse
3439 1643 3602 1696 meri-

2045 1724 2299 1790 dianum,
2341 1727 2803 1796 aequinoctialem,
2852 1730 3168 1797 zodiacum,
3207 1731 3463 1787 lacteum.
3501 1733 3601 1788 Mi-

2045 1830 2205 1872 nores
2242 1817 2370 1873 item
2392 1827 2624 1888 quatuor
2652 1837 2666 1874 :
2703 1823 2986 1888 arcticum,
3014 1827 3109 1894 qui
3153 1831 3303 1880 totus
3337 1833 3595 1895 apparet,

2044 1911 2102 1963 in
2134 1924 2306 1980 eoque
2327 1917 2560 1980 quatuor
2581 1911 2771 1968 insunt
2802 1917 3094 1981 asterismi,
3136 1917 3291 1973 Ursae
3321 1917 3461 1985 dum,
3497 1918 3599 1976 Ce-

2044 2001 2217 2071 pheus
2250 2009 2468 2070 pectore
2493 2010 2672 2072 tenus,
2696 2012 2750 2060 et
2775 2004 2986 2075 Draco;
3013 2008 3258 2064 aestivum
3289 2009 3553 2080 tropicum
3579 2050 3595 2076 ,

2044 2091 2202 2162 cujus
2226 2108 2352 2162 pars
2375 2109 2543 2163 supra
2579 2105 2776 2151 terram
2804 2097 2979 2169 major
3006 2099 3253 2168 exsistit,
3284 2101 3464 2156 minor
3494 2102 3596 2158 sub

2043 2190 2209 2239 terra.
2257 2186 2430 2255 Atque
2471 2186 2518 2239 is
2550 2188 2703 2259 signa
2729 2196 2852 2246 octo
2878 2193 3310 2262 complectitur,
3352 2192 3554 2249 Booten
3576 2233 3592 2261 ,

2044 2275 2334 2343 Coronam,
2369 2275 2770 2349 lngeniculum,
2822 2279 3122 2338 Fidiculam
3146 2322 3161 2348 ,
3211 2282 3553 2354 Cassiepeam
3577 2325 3592 2351 ,

2042 2366 2334 2438 Aurigam,
2371 2369 2652 2442 Cygnum,
2709 2372 2987 2429 Perseum.
3038 2373 3308 2432 Hibernas
3356 2377 3597 2446 tr0picus

2042 2457 2240 2527 majori
2274 2473 2339 2512 ex
2367 2469 2523 2528 parte
2561 2461 2662 2517 sub
2702 2468 2905 2518 terram
2945 2461 3298 2532 deprimitur;
3335 2467 3599 2522 minorem

2044 2563 2210 2618 supra
2253 2558 2452 2604 terram
2507 2551 2724 2606 attollit.
2772 2551 2830 2605 ln
2884 2567 2949 2606 eo
2986 2563 3112 2608 sunt
3159 2555 3598 2615 constellationes

2047 2655 2177 2696 sex:
2203 2640 2494 2707 Eridanus,
2517 2641 2680 2712 Argo,
2707 2641 3035 2708 Centaurus,
3062 2643 3116 2696 in
3139 2660 3248 2714 quo
3269 2644 3429 2712 Fera,
3466 2647 3594 2713 Ara,

2044 2730 2219 2788 Piscis
2247 2747 2476 2804 magnus
2507 2732 2764 2788 australis
2797 2747 2905 2788 non
2945 2748 3231 2803 apparens.

2112 2819 2533 2891 Equinoctialis
2563 2821 2802 2877 circulus
2830 2837 2896 2876 ex
2933 2837 3088 2892 aequo
3124 2837 3292 2894 supra
3347 2823 3598 2895 infraque

2047 2917 2249 2966 terram
2301 2912 2438 2967 situs
2481 2918 2606 2980 est;
2659 2913 2718 2967 in
2760 2928 2826 2969 eo
2880 2913 3033 2985 signa
3091 2923 3218 2970 sunt
3274 2917 3592 2974 duodecim:

2047 2999 2254 3071 Equus,
2283 3000 2616 3074 Ophiuchus,
2651 3002 2707 3057 in
2758 3019 2867 3075 quo
2908 3003 3141 3075 Serpens
3183 3015 3304 3062 est:
3351 3005 3596 3079 Hydrus,

2048 3091 2103 3145 in
2145 3107 2254 3162 quo
2303 3094 2609 3148 continetur
2656 3101 2710 3149 et
2757 3094 2992 3151 Crater:
3025 3096 3267 3164 Corvus,
3317 3097 3596 3171 Procyon,

2047 3181 2259 3252 Aquila,
2282 3183 2526 3254 Delphin,
2562 3183 2750 3250 Orion,
2785 3183 2991 3256 Sagitta
3014 3226 3029 3250 ,
3077 3186 3357 3254 Deltoton,
3389 3187 3598 3244 Andro-

2047 3274 2232 3340 meda,
2281 3273 2479 3344 Lepus.
2524 3275 2722 3342 Cetus,
2757 3277 2941 3333 Canis.
2992 3279 3069 3334 lta
3099 3280 3427 3349 colliguntur
3473 3279 3597 3334 uni-

2047 3368 2214 3422 verse
2253 3366 2404 3437 signa
2431 3368 2534 3422 tria
2570 3377 2623 3424 et
2653 3369 2878 3439 viginti;
2914 3376 3109 3440 praeter
3153 3370 3392 3441 insignes
3415 3372 3613 3429 stellas.

2047 3462 2330 3524 octo,quaa
2356 3455 2411 3510 in
2439 3454 2548 3511 illis
2576 3457 2850 3512 collocatae
2865 3467 3010 3526 sunt,
3027 3459 3172 3514 velut
3199 3459 3251 3513 in
3284 3459 3468 3523 Boote,
3494 3463 3598 3514 Ar-

2038 3553 2256 3611 cturus,
2290 3547 2344 3599 in
2378 3546 2579 3616 Auriga
2603 3545 2820 3618 Capella
2852 3559 2906 3605 et
2929 3549 3108 3616 Haedi;
3144 3551 3198 3603 in
3220 3549 3402 3606 Tauro
3430 3549 3600 3607 Pleia-

2048 3634 2144 3690 des
2181 3643 2234 3690 et
2259 3633 2512 3706 Hyades;
2546 3636 2602 3691 in
2631 3634 2851 3708 Virgine
2879 3635 3060 3708 Spica,
3101 3637 3510 3704 Vindemiator;
3542 3641 3600 3696 in

2047 3721 2196 3780 Cane
2221 3721 2430 3790 Sirius,
2462 3733 2517 3781 et
2540 3726 2727 3798 siquae
2753 3733 2878 3782 sunt
2916 3728 3184 3798 ejusmodi
3217 3730 3352 3785 aliae.

2121 3902 2386 3959 Zodiacus
2410 3903 2578 3974 signis
2595 3903 2880 3958 duodecim
2901 3904 3268 3975 distinguitur,
3290 3921 3409 3974 quae
3434 3915 3563 3961 sunt
3583 3924 3596 3938 ·

2050 3995 2278 4064 Cancer,
2305 3995 2433 4060 Leo,
2459 3994 2643 4066 Virgo,
2668 3994 2847 4050 Chelas
2868 4037 2883 4061 ,
2924 3996 3038 4052 sive
3065 3995 3225 4050 Libra
3249 4014 3264 4062 ;
3299 3995 3556 4067 Scorpius
3582 4039 3599 4068 ,

2053 4087 2396 4158 Sagittarius,
2430 4087 2816 4156 Capricornus,
2849 4086 3140 4158 Aquarius,
3165 4084 3372 4150 Pisces,
3408 4087 3564 4142 Aries
3584 4128 3599 4151 ,

2051 4179 2293 4244 Taurus,
2336 4178 2567 4234 Gemini.
2623 4177 2961 4250 Colliguntur
3010 4178 3164 4249 signa
3196 4178 3251 4233 in
3281 4185 3452 4233 totum
3498 4179 3602 4232 tria

2049 4279 2102 4326 et
2125 4269 2330 4342 viginti.
3105 4267 3112 4274 ’

2120 4362 2354 4418 Planetae
2382 4369 2640 4433 praeterea
2679 4360 2849 4417 stellae
2897 4370 3024 4416 sunt
3063 4367 3258 4432 praeter
3315 4359 3498 4414 lunam
3541 4373 3605 4413 ac

400 4464 626 4534 σελήνης
661 4469 736 4516 ε’⁶
765 4461 990 4534 Κρόνος,
1032 4460 1185 4526 Ζεὺς,
1232 4460 1426 4534 Ἀρης,
1472 4461 1772 4533 Ἀφροδίτη,
1833 4461 1950 4533 Ἐρ-

2057 4455 2224 4510 solem
2246 4494 2261 4520 ,
2297 4455 2534 4524 quinque
2565 4471 2579 4507 :
2607 4450 2877 4508 Saturnus
2903 4490 2918 4517 ,
2942 4449 3169 4520 Jupiter,
3198 4447 3362 4514 Mars,
3389 4447 3620 4514 Venus,

402 4572 578 4717 μη’ῗὴν
603 4645 660 4698 δὲ
686 4611 794 4699 τῶν
829 4641 1163 4714 φαινομένων
1183 4641 1440 4712 ἐξήγησιν
1465 4641 1754 4712 πεποίηται
1789 4613 1956 4712 Ἀρα-

396 4753 509 4800 τος,
563 4735 863 4807 ἀρξάμενος
914 4734 1020 4787 ἀπὸ
1068 4731 1176 4786 τῶν
1217 4733 1460 4803 ἄρκτων,
1514 4731 1610 4784 καὶ
1651 4731 1982 4802 ’περιλαϐὼνΔ

395 4831 574 4884 πάντα
621 4829 689 4881 τὰ
735 4829 916 4900 βόρεια
964 4825 1221 4880 κυκλόθεν
1286 4823 1446 4895 μέχρι
1504 4824 1597 4877 τοῦ
1653 4822 1952 4888 ζωδιακοῦ·

401 4915 518 4973 εἶτα
566 4919 821 4990 μεταϐὰς,
857 4920 949 4972 καὶ
995 4915 1296 4987 ἀρξάμενος
1347 4913 1454 4968 ἀπὸ
1513 4913 1606 4966 τοῦ
1672 4915 1952 4986 Ὠρίωνοςο

399 5012 523 5065 ἐπεὶ
553 5011 802 5082 λαμπρός
849 5012 986 5064 ἐστι.
1021 5009 1100 5063 Τὰ
1149 5009 1194 5063 δ’
1225 5007 1334 5062 ἀπὸ
1377 5005 1470 5060 τοῦ
1505 5005 1767 5071 ζωδιακοῦ
1811 5006 1959 5060 νότια

400 5104 578 5157 πάντα
606 5103 846 5157 καλεῖται
882 5099 1158 5174 μέχριτοῦ
1207 5097 1590 5172 ἀνταρκτικοῦ.
1633 5094 1746 5151 Εἶθ’
1787 5096 1960 5160 οὕτως

402 5195 640 5267 μέτεισιν
676 5197 768 5248 ἐπὶ
798 5195 866 5248 τὰ
900 5195 1043 5265 ἑξῆς.

471 5289 687 5343 Τούτων
733 5286 904 5350 οὕτως
954 5287 1200 5355 ἐχόντων,
1253 5285 1435 5339 λοιπὸν
1484 5283 1810 5356 μεταϐατέω
1868 5283 1960 5336 ἐπὶ

400 5380 527 5444 τοὺς
555 5381 847 5450 τέμνοντας
888 5377 1118 5439 κύκλους
1153 5377 1246 5429 καὶ
1274 5376 1342 5430 τὰ
1390 5377 1696 5447 τεμνόμενα
1737 5375 1828 5428 ὑπ’
1863 5375 1961 5427 αύ-

401 5471 510 5524 τῶν
539 5471 721 5536 ζὼδια.
782 5469 1010 5540 Ὁμοίως
1057 5468 1113 5521 δὲ
1143 5467 1232 5520 ἐπί
1268 5485 1326 5520 τε
1359 5468 1455 5531 τὰς
1484 5467 1841 5531 συνανατολὰς
1869 5468 1962 5520 καὶ

399 5562 502 5627 τὰς
545 5561 966 5632 συγκαταδύσεις
997 5560 1192 5625 αὐτῶν,
1225 5560 1371 5622 ὅπως
1412 5560 1572 5631 μηδὲν
1617 5560 1978 5629 ιῖνιτολίιτωμενΔ

500 5755 544 5790 ⁸⁷
578 5756 690 5811 lnto
734 5757 1039 5827 τριάκοντα.
1135 5756 1182 5789 9⁸
1214 5757 1329 5809 Ima
1367 5752 1478 5825 p.32

2057 4546 2374 4602 Mercurius.

2135 4638 2524 4710 Apparentium
2568 4637 2957 4709 expositionem
3021 4650 3086 4691 eo
3121 4635 3328 4703 _ordine
3385 4632 3619 4689 tradidit-

2058 4730 2279 4792 Aratus,
2311 4737 2371 4782 ut
2403 4744 2433 4782 a
2464 4727 2920 4798 septentrionibus
2949 4740 3198 4789 exorsus,
3230 4723 3468 4779 borealia
3500 4725 3607 4778 cir-

2057 4838 2182 4876 cum
2214 4821 2397 4876 omnia
2428 4820 2926 4890 comprehenderet,
2970 4833 3141 4888 usque
3172 4815 3239 4870 ad
3287 4815 3604 4870 zodiacum:

2060 4916 2185 4970 hinc
2216 4915 2283 4968 ab
2314 4913 2513 4968 Orione
2537 4927 2730 4968 rursus
2769 4911 3112 4981 auspicatus,
3160 4906 3305 4978 quod
3332 4921 3396 4962 ea
3428 4905 3608 4990 lucida

2059 5009 2131 5064 sit
2164 5008 2340 5071 stella,
2371 5006 2583 5074 reliqua
2618 5010 2939 5075 pertexeret.
2968 4999 3139 5056 Porro
3172 5014 3292 5071 qua:
3322 5014 3352 5052 a
3386 4997 3610 5053 zodiaco

2060 5109 2187 5158 sunt
2217 5099 2478 5169 deinceps
2511 5097 2579 5151 ad
2615 5096 3004 5162 antarcticum,
3028 5094 3287 5150 australia
3319 5090 3501 5146 omnia
3529 5089 3611 5144 di-

2060 5201 2274 5249 cuntur.
2314 5189 2522 5245 Exinde
2547 5187 2613 5243 ad
2642 5187 2747 5240 alia
2782 5186 2979 5242 transit
3008 5186 3226 5241 Aratus.

2130 5285 2224 5340 His
2246 5281 2640 5338 animadversis
2664 5295 2809 5334 nunc
2838 5279 2906 5335 ad
2926 5293 3020 5335 eos
3047 5278 3280 5333 circulos
3308 5276 3608 5338 veniemus,

2060 5376 2150 5446 qui
2175 5375 2439 5446 sphaeram
2470 5379 2686 5438 secant,
2725 5380 2778 5426 et
2810 5372 2987 5442 signa,
3027 5385 3146 5441 quae
3178 5368 3244 5423 ab
3291 5369 3396 5424 illis
3420 5382 3613 5422 secan-

2063 5479 2169 5524 tur.
2203 5465 2334 5522 ltem
2369 5467 2436 5522 de
2476 5467 2692 5521 illorum
2736 5465 3012 5520 coortibus
3056 5470 3110 5516 et
3143 5461 3494 5516 cooccasibus
3533 5460 3613 5512 di-

2064 5575 2269 5624 cemus,
2298 5558 2434 5615 nihil
2467 5568 2558 5624 ut,
2599 5554 2744 5628 quod
2774 5554 2992 5625 quidem
3019 5551 3173 5624 143
3203 5552 3269 5606 ad
3322 5551 3626 5608 constella.»
