  <div class='ocr_page' id='page_1' title='image "/cluster/home/n/w/nwhite01/storage/ocr_20150623/19/hvd.32044073501199/577.png"; bbox 0 0 4044 6220; ppageno 0'>
   <div class='ocr_carea' id='block_1_1' title="bbox 495 286 635 382">
    <p class='ocr_par' dir='ltr' id='par_1_1' title="bbox 495 286 635 382">
     <span class='ocr_line' id='line_1_1' title="bbox 495 286 635 382; baseline 0.021 -3"><span class='ocrx_word' id='word_1_1' title='bbox 495 286 635 382; x_wconf 65' lang='grc' dir='ltr'><strong>ἡδο</strong></span> 
     </span>
    </p>
   </div>
   <div class='ocr_carea' id='block_1_2' title="bbox 1435 323 2684 387">
    <p class='ocr_par' dir='ltr' id='par_1_2' title="bbox 1435 323 2684 387">
     <span class='ocr_line' id='line_1_2' title="bbox 1435 323 2684 387; baseline 0.009 -11"><span class='ocrx_word' id='word_1_2' title='bbox 1435 323 1773 380; x_wconf 78' lang='lat' dir='ltr'><strong>APPENDIX</strong></span> <span class='ocrx_word' id='word_1_3' title='bbox 1811 326 1902 380; x_wconf 86' lang='lat' dir='ltr'><strong>AD</strong></span> <span class='ocrx_word' id='word_1_4' title='bbox 1933 326 2199 384; x_wconf 83' lang='lat' dir='ltr'><strong>EUSEBII</strong></span> <span class='ocrx_word' id='word_1_5' title='bbox 2233 327 2684 387; x_wconf 74' lang='lat' dir='ltr'><strong>CHRONICON&#39;-.</strong></span> 
     </span>
    </p>
   </div>
   <div class='ocr_carea' id='block_1_3' title="bbox 3567 324 3716 384">
    <p class='ocr_par' dir='ltr' id='par_1_3' title="bbox 3567 324 3716 384">
     <span class='ocr_line' id='line_1_3' title="bbox 3567 324 3716 384; baseline 0.013 -2"><span class='ocrx_word' id='word_1_6' title='bbox 3567 324 3716 384; x_wconf 75' lang='grc' dir='ltr'>ιηο</span> 
     </span>
    </p>
   </div>
   <div class='ocr_carea' id='block_1_4' title="bbox 494 440 2039 520">
    <p class='ocr_par' dir='ltr' id='par_1_4' title="bbox 494 441 2039 514">
     <span class='ocr_line' id='line_1_4' title="bbox 494 441 2039 514; baseline 0.002 -15"><span class='ocrx_word' id='word_1_7' title='bbox 494 447 670 501; x_wconf 87' lang='lat' dir='ltr'><strong>tiones</strong></span> <span class='ocrx_word' id='word_1_8' title='bbox 699 445 911 510; x_wconf 90' lang='lat' dir='ltr'><strong>attinet,</strong></span> <span class='ocrx_word' id='word_1_9' title='bbox 943 441 999 498; x_wconf 92' lang='lat' dir='ltr'><strong>in</strong></span> <span class='ocrx_word' id='word_1_10' title='bbox 1039 442 1325 514; x_wconf 75' lang='lat' dir='ltr'><strong>praeteritis</strong></span> <span class='ocrx_word' id='word_1_11' title='bbox 1351 442 1715 514; x_wconf 83' lang='lat' dir='ltr'><strong>relinquatur.</strong></span> <span class='ocrx_word' id='word_1_12' title='bbox 1758 443 1863 502; x_wconf 86' lang='lat' dir='ltr'><strong>Sed</strong></span> <span class='ocrx_word' id='word_1_13' title='bbox 1909 447 2039 502; x_wconf 93' lang='lat' dir='ltr'><strong>illud</strong></span> 
     </span>
    </p>
   </div>
   <div class='ocr_carea' id='block_1_5' title="bbox 2139 440 3712 520">
    <p class='ocr_par' dir='ltr' id='par_1_5' title="bbox 2140 440 3712 520">
     <span class='ocr_line' id='line_1_5' title="bbox 2140 440 3712 520; baseline -0.001 -19"><span class='ocrx_word' id='word_1_14' title='bbox 2140 448 2248 503; x_wconf 85' lang='grc' dir='ltr'>τῶν</span> <span class='ocrx_word' id='word_1_15' title='bbox 2298 448 2434 520; x_wconf 79' lang='grc' dir='ltr'>πρὸς</span> <span class='ocrx_word' id='word_1_16' title='bbox 2474 449 2564 503; x_wconf 77' lang='grc' dir='ltr'><strong>τὸν</strong></span> <span class='ocrx_word' id='word_1_17' title='bbox 2602 442 3051 517; x_wconf 87' lang='grc' dir='ltr'>καταστερισμόν.</span> <span class='ocrx_word' id='word_1_18' title='bbox 3093 443 3240 514; x_wconf 87' lang='grc' dir='ltr'>Πλην</span> <span class='ocrx_word' id='word_1_19' title='bbox 3288 440 3506 513; x_wconf 82' lang='grc' dir='ltr'>νοητέον</span> <span class='ocrx_word' id='word_1_20' title='bbox 3559 444 3712 500; x_wconf 79' lang='grc' dir='ltr'>τοῦθ’</span> 
     </span>
    </p>
   </div>
   <div class='ocr_carea' id='block_1_6' title="bbox 495 533 2044 606">
    <p class='ocr_par' dir='ltr' id='par_1_6' title="bbox 495 533 2044 606">
     <span class='ocr_line' id='line_1_6' title="bbox 495 533 2044 606; baseline 0.001 -16"><span class='ocrx_word' id='word_1_21' title='bbox 495 542 620 591; x_wconf 81' lang='lat' dir='ltr'><strong>ante</strong></span> <span class='ocrx_word' id='word_1_22' title='bbox 643 549 752 590; x_wconf 92' lang='lat' dir='ltr'><strong>non</strong></span> <span class='ocrx_word' id='word_1_23' title='bbox 783 533 1139 606; x_wconf 80' lang='lat' dir='ltr'><strong>ignorandum</strong></span> <span class='ocrx_word' id='word_1_24' title='bbox 1168 546 1271 600; x_wconf 89' lang='lat' dir='ltr'><strong>est,</strong></span> <span class='ocrx_word' id='word_1_25' title='bbox 1293 533 1520 590; x_wconf 82' lang='lat' dir='ltr'><strong>Aratum</strong></span> <span class='ocrx_word' id='word_1_26' title='bbox 1549 535 1780 590; x_wconf 89' lang='lat' dir='ltr'><strong>istorum</strong></span> <span class='ocrx_word' id='word_1_27' title='bbox 1801 537 2044 592; x_wconf 90' lang='lat' dir='ltr'><strong>omnium</strong></span> 
     </span>
    </p>
   </div>
   <div class='ocr_carea' id='block_1_7' title="bbox 494 626 2045 698">
    <p class='ocr_par' dir='ltr' id='par_1_7' title="bbox 494 626 2045 698">
     <span class='ocr_line' id='line_1_7' title="bbox 494 626 2045 698; baseline 0.001 -16"><span class='ocrx_word' id='word_1_28' title='bbox 494 628 910 698; x_wconf 81' lang='lat' dir='ltr'><strong>explicationem</strong></span> <span class='ocrx_word' id='word_1_29' title='bbox 963 626 1186 698; x_wconf 89' lang='lat' dir='ltr'><strong>pingui,</strong></span> <span class='ocrx_word' id='word_1_30' title='bbox 1220 635 1279 682; x_wconf 91' lang='lat' dir='ltr'><strong>ut</strong></span> <span class='ocrx_word' id='word_1_31' title='bbox 1322 627 1475 682; x_wconf 87' lang='lat' dir='ltr'><strong>aiunt</strong></span> <span class='ocrx_word' id='word_1_32' title='bbox 1500 666 1514 688; x_wconf 88' lang='lat'><strong>,</strong></span> <span class='ocrx_word' id='word_1_33' title='bbox 1563 627 1804 683; x_wconf 86' lang='lat' dir='ltr'><strong>Minerva</strong></span> <span class='ocrx_word' id='word_1_34' title='bbox 1851 629 1954 684; x_wconf 92' lang='lat' dir='ltr'><strong>hoc</strong></span> <span class='ocrx_word' id='word_1_35' title='bbox 1988 631 2045 685; x_wconf 90' lang='lat' dir='ltr'><strong>in</strong></span> 
     </span>
    </p>
   </div>
   <div class='ocr_carea' id='block_1_8' title="bbox 493 718 2047 789">
    <p class='ocr_par' dir='ltr' id='par_1_8' title="bbox 493 718 2047 789">
     <span class='ocr_line' id='line_1_8' title="bbox 493 718 2047 789; baseline 0.002 -16"><span class='ocrx_word' id='word_1_36' title='bbox 493 729 738 789; x_wconf 85' lang='lat' dir='ltr'><strong>poemate</strong></span> <span class='ocrx_word' id='word_1_37' title='bbox 768 719 1108 784; x_wconf 87' lang='lat' dir='ltr'><strong>instituisse;</strong></span> <span class='ocrx_word' id='word_1_38' title='bbox 1146 733 1246 774; x_wconf 90' lang='lat' dir='ltr'><strong>nec</strong></span> <span class='ocrx_word' id='word_1_39' title='bbox 1273 718 1325 772; x_wconf 90' lang='lat' dir='ltr'><strong>in</strong></span> <span class='ocrx_word' id='word_1_40' title='bbox 1354 719 1610 776; x_wconf 90' lang='lat' dir='ltr'><strong>omnibus</strong></span> <span class='ocrx_word' id='word_1_41' title='bbox 1641 721 1773 777; x_wconf 86' lang='lat' dir='ltr'><strong>satis</strong></span> <span class='ocrx_word' id='word_1_42' title='bbox 1792 729 2047 777; x_wconf 80' lang='lat' dir='ltr'><strong>accurate</strong></span> 
     </span>
    </p>
   </div>
   <div class='ocr_carea' id='block_1_9' title="bbox 493 811 2046 885">
    <p class='ocr_par' dir='ltr' id='par_1_9' title="bbox 493 811 2046 885">
     <span class='ocr_line' id='line_1_9' title="bbox 493 811 2046 885; baseline 0.003 -20"><span class='ocrx_word' id='word_1_43' title='bbox 493 825 616 866; x_wconf 87' lang='lat' dir='ltr'><strong>esse</strong></span> <span class='ocrx_word' id='word_1_44' title='bbox 644 818 916 866; x_wconf 89' lang='lat' dir='ltr'><strong>versatum</strong></span> <span class='ocrx_word' id='word_1_45' title='bbox 945 831 958 865; x_wconf 91' lang='lat'><strong>:</strong></span> <span class='ocrx_word' id='word_1_46' title='bbox 991 811 1234 881; x_wconf 71' lang='lat' dir='ltr'><strong>quaedam</strong></span> <span class='ocrx_word' id='word_1_47' title='bbox 1265 811 1517 868; x_wconf 90' lang='lat' dir='ltr'><strong>omisisse</strong></span> <span class='ocrx_word' id='word_1_48' title='bbox 1540 852 1556 877; x_wconf 94' lang='lat'><strong>,</strong></span> <span class='ocrx_word' id='word_1_49' title='bbox 1599 829 1721 884; x_wconf 71' lang='lat' dir='ltr'><strong>qua:</strong></span> <span class='ocrx_word' id='word_1_50' title='bbox 1749 814 1804 868; x_wconf 92' lang='lat' dir='ltr'><strong>in</strong></span> <span class='ocrx_word' id='word_1_51' title='bbox 1836 814 2046 885; x_wconf 70' lang='lat' dir='ltr'><strong>sphzrra</strong></span> 
     </span>
    </p>
   </div>
   <div class='ocr_carea' id='block_1_10' title="bbox 495 900 2048 975">
    <p class='ocr_par' dir='ltr' id='par_1_10' title="bbox 495 900 2048 975">
     <span class='ocr_line' id='line_1_10' title="bbox 495 900 2048 975; baseline 0.003 -20"><span class='ocrx_word' id='word_1_52' title='bbox 495 901 926 956; x_wconf 84' lang='lat' dir='ltr'><strong>considerantur.</strong></span> <span class='ocrx_word' id='word_1_53' title='bbox 961 900 1074 972; x_wconf 85' lang='lat' dir='ltr'><strong>Ego</strong></span> <span class='ocrx_word' id='word_1_54' title='bbox 1119 916 1249 958; x_wconf 89' lang='lat' dir='ltr'><strong>vero</strong></span> <span class='ocrx_word' id='word_1_55' title='bbox 1276 918 1398 972; x_wconf 67' lang='lat' dir='ltr'><strong>qua:</strong></span> <span class='ocrx_word' id='word_1_56' title='bbox 1426 903 1496 958; x_wconf 84' lang='lat' dir='ltr'><strong>ab</strong></span> <span class='ocrx_word' id='word_1_57' title='bbox 1543 904 1639 959; x_wconf 82' lang='lat' dir='ltr'><strong>i-llo</strong></span> <span class='ocrx_word' id='word_1_58' title='bbox 1685 906 2048 975; x_wconf 66' lang='lat' dir='ltr'><strong>praetermissa</strong></span> 
     </span>
    </p>
   </div>
   <div class='ocr_carea' id='block_1_11' title="bbox 496 992 2047 1068">
    <p class='ocr_par' dir='ltr' id='par_1_11' title="bbox 496 992 2047 1068">
     <span class='ocr_line' id='line_1_11' title="bbox 496 992 2047 1068; baseline 0.003 -21"><span class='ocrx_word' id='word_1_59' title='bbox 496 1000 622 1047; x_wconf 89' lang='lat' dir='ltr'><strong>sunt</strong></span> <span class='ocrx_word' id='word_1_60' title='bbox 651 1007 905 1062; x_wconf 84' lang='lat' dir='ltr'><strong>reponam</strong></span> <span class='ocrx_word' id='word_1_61' title='bbox 928 1033 943 1055; x_wconf 93' lang='lat'><strong>,</strong></span> <span class='ocrx_word' id='word_1_62' title='bbox 998 1007 1065 1048; x_wconf 91' lang='lat' dir='ltr'><strong>ne</strong></span> <span class='ocrx_word' id='word_1_63' title='bbox 1097 992 1230 1063; x_wconf 90' lang='lat' dir='ltr'><strong>quid</strong></span> <span class='ocrx_word' id='word_1_64' title='bbox 1259 992 1327 1047; x_wconf 92' lang='lat' dir='ltr'><strong>ad</strong></span> <span class='ocrx_word' id='word_1_65' title='bbox 1358 993 1520 1065; x_wconf 86' lang='lat' dir='ltr'><strong>hujus</strong></span> <span class='ocrx_word' id='word_1_66' title='bbox 1554 994 1924 1068; x_wconf 78' lang='lat' dir='ltr'><strong>integritatem</strong></span> <span class='ocrx_word' id='word_1_67' title='bbox 1956 1012 2047 1051; x_wconf 91' lang='lat' dir='ltr'><strong>ar-</strong></span> 
     </span>
    </p>
   </div>
   <div class='ocr_carea' id='block_1_12' title="bbox 495 1083 1125 1154">
    <p class='ocr_par' dir='ltr' id='par_1_12' title="bbox 495 1083 1125 1154">
     <span class='ocr_line' id='line_1_12' title="bbox 495 1083 1125 1154; baseline 0.003 -17"><span class='ocrx_word' id='word_1_68' title='bbox 495 1085 734 1154; x_wconf 89' lang='lat' dir='ltr'><strong>gumenti</strong></span> <span class='ocrx_word' id='word_1_69' title='bbox 769 1083 1125 1140; x_wconf 86' lang='lat' dir='ltr'><strong>desideretur.</strong></span> 
     </span>
    </p>
   </div>
   <div class='ocr_carea' id='block_1_13' title="bbox 565 1174 2047 1246">
    <p class='ocr_par' dir='ltr' id='par_1_13' title="bbox 565 1174 2047 1246">
     <span class='ocr_line' id='line_1_13' title="bbox 565 1174 2047 1246; baseline 0.007 -18"><span class='ocrx_word' id='word_1_70' title='bbox 565 1174 850 1230; x_wconf 79' lang='lat' dir='ltr'><strong>Trifariam</strong></span> <span class='ocrx_word' id='word_1_71' title='bbox 876 1191 1038 1246; x_wconf 89' lang='lat' dir='ltr'><strong>porro</strong></span> <span class='ocrx_word' id='word_1_72' title='bbox 1075 1177 1261 1232; x_wconf 69' lang='lat' dir='ltr'><strong>divisae</strong></span> <span class='ocrx_word' id='word_1_73' title='bbox 1299 1189 1429 1235; x_wconf 91' lang='lat' dir='ltr'><strong>sunt</strong></span> <span class='ocrx_word' id='word_1_74' title='bbox 1452 1180 1733 1236; x_wconf 67' lang='lat' dir='ltr'><strong>sententia:</strong></span> <span class='ocrx_word' id='word_1_75' title='bbox 1762 1181 1829 1239; x_wconf 92' lang='lat' dir='ltr'><strong>de</strong></span> <span class='ocrx_word' id='word_1_76' title='bbox 1845 1182 2047 1238; x_wconf 89' lang='lat' dir='ltr'><strong>coorti-</strong></span> 
     </span>
    </p>
   </div>
   <div class='ocr_carea' id='block_1_14' title="bbox 493 1266 2048 1336">
    <p class='ocr_par' dir='ltr' id='par_1_14' title="bbox 493 1266 2048 1336">
     <span class='ocr_line' id='line_1_14' title="bbox 493 1266 2048 1336; baseline 0.005 -15"><span class='ocrx_word' id='word_1_77' title='bbox 493 1266 596 1322; x_wconf 87' lang='lat' dir='ltr'><strong>hus</strong></span> <span class='ocrx_word' id='word_1_78' title='bbox 617 1275 672 1322; x_wconf 91' lang='lat' dir='ltr'><strong>et</strong></span> <span class='ocrx_word' id='word_1_79' title='bbox 699 1269 1072 1325; x_wconf 86' lang='lat' dir='ltr'><strong>cooccasibus.</strong></span> <span class='ocrx_word' id='word_1_80' title='bbox 1113 1268 1342 1336; x_wconf 85' lang='lat' dir='ltr'><strong>Quidam</strong></span> <span class='ocrx_word' id='word_1_81' title='bbox 1376 1272 1518 1327; x_wconf 77' lang='lat' dir='ltr'><strong>enim</strong></span> <span class='ocrx_word' id='word_1_82' title='bbox 1548 1287 1736 1328; x_wconf 89' lang='lat' dir='ltr'><strong>eorum</strong></span> <span class='ocrx_word' id='word_1_83' title='bbox 1768 1274 2048 1328; x_wconf 88' lang='lat' dir='ltr'><strong>tractatio-</strong></span> 
     </span>
    </p>
   </div>
   <div class='ocr_carea' id='block_1_15' title="bbox 493 1359 2044 1433">
    <p class='ocr_par' dir='ltr' id='par_1_15' title="bbox 493 1359 2044 1433">
     <span class='ocr_line' id='line_1_15' title="bbox 493 1359 2044 1433; baseline 0.005 -22"><span class='ocrx_word' id='word_1_84' title='bbox 493 1372 615 1412; x_wconf 91' lang='lat' dir='ltr'><strong>nem</strong></span> <span class='ocrx_word' id='word_1_85' title='bbox 639 1359 1082 1416; x_wconf 87' lang='lat' dir='ltr'><strong>accommodasse</strong></span> <span class='ocrx_word' id='word_1_86' title='bbox 1101 1367 1294 1430; x_wconf 90' lang='lat' dir='ltr'><strong>putant</strong></span> <span class='ocrx_word' id='word_1_87' title='bbox 1313 1362 1537 1416; x_wconf 84' lang='lat' dir='ltr'><strong>Aratum</strong></span> <span class='ocrx_word' id='word_1_88' title='bbox 1565 1363 1630 1417; x_wconf 91' lang='lat' dir='ltr'><strong>ad</strong></span> <span class='ocrx_word' id='word_1_89' title='bbox 1656 1363 1796 1433; x_wconf 84' lang='lat' dir='ltr'><strong>signi</strong></span> <span class='ocrx_word' id='word_1_90' title='bbox 1824 1364 2044 1420; x_wconf 88' lang='lat' dir='ltr'><strong>orientis</strong></span> 
     </span>
    </p>
   </div>
   <div class='ocr_carea' id='block_1_16' title="bbox 492 1446 2047 1522">
    <p class='ocr_par' dir='ltr' id='par_1_16' title="bbox 492 1446 2047 1522">
     <span class='ocr_line' id='line_1_16' title="bbox 492 1446 2047 1522; baseline 0.003 -23"><span class='ocrx_word' id='word_1_91' title='bbox 492 1446 739 1512; x_wconf 91' lang='lat' dir='ltr'><strong>initium;</strong></span> <span class='ocrx_word' id='word_1_92' title='bbox 773 1449 990 1517; x_wconf 89' lang='lat' dir='ltr'><strong>quidam</strong></span> <span class='ocrx_word' id='word_1_93' title='bbox 1022 1449 1090 1504; x_wconf 91' lang='lat' dir='ltr'><strong>ad</strong></span> <span class='ocrx_word' id='word_1_94' title='bbox 1125 1457 1305 1504; x_wconf 88' lang='lat' dir='ltr'><strong>ortum</strong></span> <span class='ocrx_word' id='word_1_95' title='bbox 1345 1450 1506 1506; x_wconf 89' lang='lat' dir='ltr'><strong>medii</strong></span> <span class='ocrx_word' id='word_1_96' title='bbox 1537 1452 1706 1522; x_wconf 87' lang='lat' dir='ltr'><strong>signi;</strong></span> <span class='ocrx_word' id='word_1_97' title='bbox 1741 1451 1832 1505; x_wconf 87' lang='lat' dir='ltr'><strong>alii</strong></span> <span class='ocrx_word' id='word_1_98' title='bbox 1857 1451 1923 1506; x_wconf 89' lang='lat' dir='ltr'><strong>ad</strong></span> <span class='ocrx_word' id='word_1_99' title='bbox 1957 1451 2047 1504; x_wconf 87' lang='lat' dir='ltr'><strong>ab-</strong></span> 
     </span>
    </p>
   </div>
   <div class='ocr_carea' id='block_1_17' title="bbox 494 1537 2045 1598">
    <p class='ocr_par' dir='ltr' id='par_1_17' title="bbox 494 1537 2045 1598">
     <span class='ocr_line' id='line_1_17' title="bbox 494 1537 2045 1598; baseline 0.003 -5"><span class='ocrx_word' id='word_1_100' title='bbox 494 1537 728 1593; x_wconf 82' lang='lat' dir='ltr'><strong>solutum</strong></span> <span class='ocrx_word' id='word_1_101' title='bbox 759 1539 928 1595; x_wconf 83' lang='lat' dir='ltr'><strong>totius</strong></span> <span class='ocrx_word' id='word_1_102' title='bbox 959 1548 1233 1596; x_wconf 90' lang='lat' dir='ltr'><strong>exortum.</strong></span> <span class='ocrx_word' id='word_1_103' title='bbox 1263 1539 1375 1597; x_wconf 85' lang='lat' dir='ltr'><strong>Hoc</strong></span> <span class='ocrx_word' id='word_1_104' title='bbox 1425 1557 1554 1598; x_wconf 87' lang='lat' dir='ltr'><strong>vero</strong></span> <span class='ocrx_word' id='word_1_105' title='bbox 1605 1544 1905 1598; x_wconf 87' lang='lat' dir='ltr'><strong>consistere</strong></span> <span class='ocrx_word' id='word_1_106' title='bbox 1938 1559 2045 1598; x_wconf 93' lang='lat' dir='ltr'><strong>non</strong></span> 
     </span>
    </p>
   </div>
   <div class='ocr_carea' id='block_1_18' title="bbox 490 1625 2045 1702">
    <p class='ocr_par' dir='ltr' id='par_1_18' title="bbox 490 1625 2045 1702">
     <span class='ocr_line' id='line_1_18' title="bbox 490 1625 2045 1702; baseline 0.003 -21"><span class='ocrx_word' id='word_1_107' title='bbox 490 1634 687 1697; x_wconf 88' lang='lat' dir='ltr'><strong>potest.</strong></span> <span class='ocrx_word' id='word_1_108' title='bbox 733 1625 868 1682; x_wconf 82' lang='lat' dir='ltr'><strong>Nam</strong></span> <span class='ocrx_word' id='word_1_109' title='bbox 914 1642 946 1682; x_wconf 89' lang='lat' dir='ltr'><strong>a</strong></span> <span class='ocrx_word' id='word_1_110' title='bbox 981 1631 1251 1702; x_wconf 91' lang='lat' dir='ltr'><strong>principio</strong></span> <span class='ocrx_word' id='word_1_111' title='bbox 1282 1631 1348 1685; x_wconf 86' lang='lat' dir='ltr'><strong>ad</strong></span> <span class='ocrx_word' id='word_1_112' title='bbox 1389 1631 1548 1687; x_wconf 83' lang='lat' dir='ltr'><strong>ﬁnem</strong></span> <span class='ocrx_word' id='word_1_113' title='bbox 1599 1633 1807 1686; x_wconf 87' lang='lat' dir='ltr'><strong>zodiaci</strong></span> <span class='ocrx_word' id='word_1_114' title='bbox 1854 1632 2045 1687; x_wconf 90' lang='lat' dir='ltr'><strong>circuli</strong></span> 
     </span>
    </p>
   </div>
   <div class='ocr_carea' id='block_1_19' title="bbox 492 1718 2047 1794">
    <p class='ocr_par' dir='ltr' id='par_1_19' title="bbox 492 1718 2047 1794">
     <span class='ocr_line' id='line_1_19' title="bbox 492 1718 2047 1794; baseline 0.004 -21"><span class='ocrx_word' id='word_1_115' title='bbox 492 1727 649 1773; x_wconf 86' lang='lat' dir='ltr'><strong>ortus</strong></span> <span class='ocrx_word' id='word_1_116' title='bbox 696 1718 977 1790; x_wconf 87' lang='lat' dir='ltr'><strong>signorum</strong></span> <span class='ocrx_word' id='word_1_117' title='bbox 1014 1736 1356 1792; x_wconf 89' lang='lat' dir='ltr'><strong>occasusque</strong></span> <span class='ocrx_word' id='word_1_118' title='bbox 1387 1731 1660 1792; x_wconf 73' lang='lat' dir='ltr'><strong>peragrat,</strong></span> <span class='ocrx_word' id='word_1_119' title='bbox 1698 1725 2047 1794; x_wconf 84' lang='lat' dir='ltr'><strong>quemadmo-</strong></span> 
     </span>
    </p>
   </div>
   <div class='ocr_carea' id='block_1_20' title="bbox 2149 535 3711 610">
    <p class='ocr_par' dir='ltr' id='par_1_20' title="bbox 2149 535 3711 610">
     <span class='ocr_line' id='line_1_20' title="bbox 2149 535 3711 610; baseline -0.003 -14"><span class='ocrx_word' id='word_1_120' title='bbox 2149 543 2231 596; x_wconf 84' lang='grc' dir='ltr'>ὃτι</span> <span class='ocrx_word' id='word_1_121' title='bbox 2280 543 2422 596; x_wconf 81' lang='grc' dir='ltr'>κατὰ</span> <span class='ocrx_word' id='word_1_122' title='bbox 2464 542 2660 605; x_wconf 80' lang='grc' dir='ltr'>πλάτος</span> <span class='ocrx_word' id='word_1_123' title='bbox 2702 543 2731 595; x_wconf 85' lang='grc' dir='ltr'><strong>ὁ</strong></span> <span class='ocrx_word' id='word_1_124' title='bbox 2779 541 3008 610; x_wconf 72' lang='grc' dir='ltr'><strong>¹Ἄρατος</strong></span> <span class='ocrx_word' id='word_1_125' title='bbox 3049 537 3139 590; x_wconf 85' lang='grc' dir='ltr'>τὸν</span> <span class='ocrx_word' id='word_1_126' title='bbox 3173 537 3302 608; x_wconf 74' lang='grc' dir='ltr'>περὶ</span> <span class='ocrx_word' id='word_1_127' title='bbox 3329 535 3508 589; x_wconf 81' lang='grc' dir='ltr'>αὐτῶν</span> <span class='ocrx_word' id='word_1_128' title='bbox 3547 537 3711 606; x_wconf 86' lang='grc' dir='ltr'>λόγον</span> 
     </span>
    </p>
   </div>
   <div class='ocr_carea' id='block_1_21' title="bbox 2152 627 3714 703">
    <p class='ocr_par' dir='ltr' id='par_1_21' title="bbox 2152 627 3714 703">
     <span class='ocr_line' id='line_1_21' title="bbox 2152 627 3714 703; baseline -0.005 -16"><span class='ocrx_word' id='word_1_129' title='bbox 2152 635 2441 703; x_wconf 86' lang='grc' dir='ltr'>πεποίηται</span> <span class='ocrx_word' id='word_1_130' title='bbox 2487 634 2574 687; x_wconf 80' lang='grc' dir='ltr'><strong>διὰ</strong></span> <span class='ocrx_word' id='word_1_131' title='bbox 2617 632 2710 686; x_wconf 88' lang='grc' dir='ltr'><strong>τοῦ</strong></span> <span class='ocrx_word' id='word_1_132' title='bbox 2759 631 3076 703; x_wconf 77' lang='grc' dir='ltr'><strong>ποιήματος,</strong></span> <span class='ocrx_word' id='word_1_133' title='bbox 3127 627 3201 698; x_wconf 80' lang='grc' dir='ltr'>μὴ</span> <span class='ocrx_word' id='word_1_134' title='bbox 3250 627 3422 681; x_wconf 84' lang='grc' dir='ltr'>πάντα</span> <span class='ocrx_word' id='word_1_135' title='bbox 3462 628 3714 700; x_wconf 75' lang='grc' dir='ltr'>ἀκριϐῶς</span> 
     </span>
    </p>
   </div>
   <div class='ocr_carea' id='block_1_22' title="bbox 2150 719 3709 795">
    <p class='ocr_par' dir='ltr' id='par_1_22' title="bbox 2150 719 3709 795">
     <span class='ocr_line' id='line_1_22' title="bbox 2150 719 3709 795; baseline -0.004 -17"><span class='ocrx_word' id='word_1_136' title='bbox 2150 723 2764 795; x_wconf 59' lang='grc' dir='ltr'>καταδεξάμενος,⁴ἀλλά</span> <span class='ocrx_word' id='word_1_137' title='bbox 2790 737 2910 775; x_wconf 89' lang='grc' dir='ltr'>τινα</span> <span class='ocrx_word' id='word_1_138' title='bbox 2939 719 3281 792; x_wconf 85' lang='grc' dir='ltr'>παραλιπὼν,</span> <span class='ocrx_word' id='word_1_139' title='bbox 3315 719 3456 790; x_wconf 77' lang='grc' dir='ltr'>άπερ</span> <span class='ocrx_word' id='word_1_140' title='bbox 3484 721 3574 772; x_wconf 71' lang='grc' dir='ltr'><strong>ἐπὶ</strong></span> <span class='ocrx_word' id='word_1_141' title='bbox 3607 724 3709 787; x_wconf 76' lang='grc' dir='ltr'>τῆς</span> 
     </span>
    </p>
   </div>
   <div class='ocr_carea' id='block_1_23' title="bbox 2153 811 3709 890">
    <p class='ocr_par' dir='ltr' id='par_1_23' title="bbox 2153 811 3709 890">
     <span class='ocr_line' id='line_1_23' title="bbox 2153 811 3709 890; baseline -0.004 -19"><span class='ocrx_word' id='word_1_142' title='bbox 2153 818 2387 889; x_wconf 76' lang='grc' dir='ltr'><strong>σφαίρας</strong></span> <span class='ocrx_word' id='word_1_143' title='bbox 2415 817 2712 890; x_wconf 79' lang='grc' dir='ltr'>θεωρεῖται.</span> <span class='ocrx_word' id='word_1_144' title='bbox 2757 813 2895 883; x_wconf 87' lang='grc' dir='ltr'><strong>Ἐγὼ</strong></span> <span class='ocrx_word' id='word_1_145' title='bbox 2923 814 2979 867; x_wconf 83' lang='grc' dir='ltr'>δὲ</span> <span class='ocrx_word' id='word_1_146' title='bbox 3011 811 3080 866; x_wconf 83' lang='grc' dir='ltr'><strong>τὰ</strong></span> <span class='ocrx_word' id='word_1_147' title='bbox 3111 812 3584 883; x_wconf 79' lang='grc' dir='ltr'><strong>παραλελειμμένα</strong></span> <span class='ocrx_word' id='word_1_148' title='bbox 3611 815 3709 865; x_wconf 80' lang='grc' dir='ltr'><strong>ὑπ’</strong></span> 
     </span>
    </p>
   </div>
   <div class='ocr_carea' id='block_1_24' title="bbox 2149 901 3710 980">
    <p class='ocr_par' dir='ltr' id='par_1_24' title="bbox 2149 901 3710 980">
     <span class='ocr_line' id='line_1_24' title="bbox 2149 901 3710 980; baseline -0.002 -18"><span class='ocrx_word' id='word_1_149' title='bbox 2149 908 2312 962; x_wconf 82' lang='grc' dir='ltr'>αὑτοῦ</span> <span class='ocrx_word' id='word_1_150' title='bbox 2346 905 2778 980; x_wconf 87' lang='grc' dir='ltr'>προσαποδώσω,</span> <span class='ocrx_word' id='word_1_151' title='bbox 2801 908 2947 969; x_wconf 82' lang='grc' dir='ltr'>ὅπως</span> <span class='ocrx_word' id='word_1_152' title='bbox 2982 901 3143 976; x_wconf 85' lang='grc' dir='ltr'>μηδὲν</span> <span class='ocrx_word' id='word_1_153' title='bbox 3175 904 3395 976; x_wconf 78' lang='grc' dir='ltr'>ἐλλείπῃ</span> <span class='ocrx_word' id='word_1_154' title='bbox 3427 905 3534 958; x_wconf 87' lang='grc' dir='ltr'><strong>τῶν</strong></span> <span class='ocrx_word' id='word_1_155' title='bbox 3567 906 3710 977; x_wconf 77' lang='grc' dir='ltr'>πρὸς</span> 
     </span>
    </p>
   </div>
   <div class='ocr_carea' id='block_1_25' title="bbox 2147 998 2522 1073">
    <p class='ocr_par' dir='ltr' id='par_1_25' title="bbox 2147 998 2522 1073">
     <span class='ocr_line' id='line_1_25' title="bbox 2147 998 2522 1073; baseline 0.005 -19"><span class='ocrx_word' id='word_1_156' title='bbox 2147 998 2246 1073; x_wconf 78' lang='grc' dir='ltr'>τὴν</span> <span class='ocrx_word' id='word_1_157' title='bbox 2275 1001 2522 1073; x_wconf 76' lang='grc' dir='ltr'><strong>θεωρίαν.</strong></span> 
     </span>
    </p>
   </div>
   <div class='ocr_carea' id='block_1_26' title="bbox 2231 1174 3706 1250">
    <p class='ocr_par' dir='ltr' id='par_1_26' title="bbox 2231 1174 3706 1250">
     <span class='ocr_line' id='line_1_26' title="bbox 2231 1174 3706 1250; baseline -0.003 -16"><span class='ocrx_word' id='word_1_158' title='bbox 2231 1180 2506 1250; x_wconf 80' lang='grc' dir='ltr'><strong>Ἐγένοντο</strong></span> <span class='ocrx_word' id='word_1_159' title='bbox 2557 1179 2615 1233; x_wconf 82' lang='grc' dir='ltr'>δὲ</span> <span class='ocrx_word' id='word_1_160' title='bbox 2663 1176 2881 1250; x_wconf 75' lang='grc' dir='ltr'><strong>τρισσαὶ</strong></span> <span class='ocrx_word' id='word_1_161' title='bbox 2922 1176 3136 1239; x_wconf 81' lang='grc' dir='ltr'><strong>στάσεις</strong></span> <span class='ocrx_word' id='word_1_162' title='bbox 3185 1175 3314 1247; x_wconf 76' lang='grc' dir='ltr'>περὶ</span> <span class='ocrx_word' id='word_1_163' title='bbox 3357 1174 3629 1230; x_wconf 84' lang='grc' dir='ltr'>ἀνατολῶν</span> <span class='ocrx_word' id='word_1_164' title='bbox 3659 1177 3706 1208; x_wconf 76' lang='grc'><strong>’⁸</strong></span> 
     </span>
    </p>
   </div>
   <div class='ocr_carea' id='block_1_27' title="bbox 2151 1265 3710 1341">
    <p class='ocr_par' dir='ltr' id='par_1_27' title="bbox 2151 1265 3710 1341">
     <span class='ocr_line' id='line_1_27' title="bbox 2151 1265 3710 1341; baseline -0.005 -13"><span class='ocrx_word' id='word_1_165' title='bbox 2151 1275 2242 1330; x_wconf 75' lang='grc' dir='ltr'>καὶ</span> <span class='ocrx_word' id='word_1_166' title='bbox 2285 1271 2745 1341; x_wconf 87' lang='grc' dir='ltr'>συγκαταδύσεων.</span> <span class='ocrx_word' id='word_1_167' title='bbox 2773 1271 2835 1323; x_wconf 87' lang='grc' dir='ltr'><strong>Οἱ</strong></span> <span class='ocrx_word' id='word_1_168' title='bbox 2885 1269 2983 1339; x_wconf 83' lang='grc' dir='ltr'>μὲν</span> <span class='ocrx_word' id='word_1_169' title='bbox 3023 1267 3129 1339; x_wconf 83' lang='grc' dir='ltr'><strong>γάρ</strong></span> <span class='ocrx_word' id='word_1_170' title='bbox 3182 1267 3388 1336; x_wconf 79' lang='grc' dir='ltr'>ἔφασαν</span> <span class='ocrx_word' id='word_1_171' title='bbox 3431 1265 3527 1337; x_wconf 80' lang='grc' dir='ltr'>τὴν</span> <span class='ocrx_word' id='word_1_172' title='bbox 3564 1285 3710 1339; x_wconf 81' lang='grc' dir='ltr'>πρα-</span> 
     </span>
    </p>
   </div>
   <div class='ocr_carea' id='block_1_28' title="bbox 2149 1355 3706 1437">
    <p class='ocr_par' dir='ltr' id='par_1_28' title="bbox 2149 1355 3706 1437">
     <span class='ocr_line' id='line_1_28' title="bbox 2149 1355 3706 1437; baseline -0.007 -18"><span class='ocrx_word' id='word_1_173' title='bbox 2149 1364 2412 1437; x_wconf 86' lang='grc' dir='ltr'>γματείαν</span> <span class='ocrx_word' id='word_1_174' title='bbox 2446 1359 2583 1416; x_wconf 77' lang='grc' dir='ltr'>εἶναι</span> <span class='ocrx_word' id='word_1_175' title='bbox 2610 1362 2688 1433; x_wconf 81' lang='grc' dir='ltr'>τῷ</span> <span class='ocrx_word' id='word_1_176' title='bbox 2732 1360 2962 1432; x_wconf 84' lang='grc' dir='ltr'><strong>Ἀράτῳ,</strong></span> <span class='ocrx_word' id='word_1_177' title='bbox 2994 1358 3249 1429; x_wconf 77' lang='grc' dir='ltr'>ἄρχοντος</span> <span class='ocrx_word' id='word_1_178' title='bbox 3275 1357 3580 1411; x_wconf 79' lang='grc' dir='ltr'><strong>ἀνατέλλειν</strong></span> <span class='ocrx_word' id='word_1_179' title='bbox 3611 1355 3706 1409; x_wconf 78' lang='grc' dir='ltr'><strong>τοῦ</strong></span> 
     </span>
    </p>
   </div>
   <div class='ocr_carea' id='block_1_29' title="bbox 2151 1445 3708 1522">
    <p class='ocr_par' dir='ltr' id='par_1_29' title="bbox 2151 1445 3708 1522">
     <span class='ocr_line' id='line_1_29' title="bbox 2151 1445 3708 1522; baseline -0.01 -11"><span class='ocrx_word' id='word_1_180' title='bbox 2151 1455 2445 1522; x_wconf 81' lang='grc' dir='ltr'><strong>ζωδιακοῦ,</strong></span> <span class='ocrx_word' id='word_1_181' title='bbox 2485 1454 2535 1506; x_wconf 84' lang='grc' dir='ltr'>οἱ</span> <span class='ocrx_word' id='word_1_182' title='bbox 2589 1453 2646 1506; x_wconf 80' lang='grc' dir='ltr'>δὲ</span> <span class='ocrx_word' id='word_1_183' title='bbox 2709 1451 3031 1522; x_wconf 82' lang='grc' dir='ltr'>μεσοῦντος·</span> <span class='ocrx_word' id='word_1_184' title='bbox 3074 1449 3124 1501; x_wconf 77' lang='grc' dir='ltr'>οἱ</span> <span class='ocrx_word' id='word_1_185' title='bbox 3182 1448 3240 1501; x_wconf 83' lang='grc' dir='ltr'>δὲ</span> <span class='ocrx_word' id='word_1_186' title='bbox 3283 1447 3390 1500; x_wconf 80' lang='grc' dir='ltr'><strong>ἀπὸ</strong></span> <span class='ocrx_word' id='word_1_187' title='bbox 3445 1445 3543 1516; x_wconf 81' lang='grc' dir='ltr'><strong>τῆς</strong></span> <span class='ocrx_word' id='word_1_188' title='bbox 3576 1445 3708 1516; x_wconf 79' lang='grc' dir='ltr'>ὅλης</span> 
     </span>
    </p>
   </div>
   <div class='ocr_carea' id='block_1_30' title="bbox 2150 1536 3710 1617">
    <p class='ocr_par' dir='ltr' id='par_1_30' title="bbox 2150 1536 3710 1617">
     <span class='ocr_line' id='line_1_30' title="bbox 2150 1536 3710 1617; baseline -0.008 -16"><span class='ocrx_word' id='word_1_189' title='bbox 2150 1546 2431 1617; x_wconf 83' lang='grc' dir='ltr'>ἀνατολῆς.</span> <span class='ocrx_word' id='word_1_190' title='bbox 2469 1545 2638 1598; x_wconf 89' lang='grc' dir='ltr'>Τοῦτο</span> <span class='ocrx_word' id='word_1_191' title='bbox 2683 1543 2739 1596; x_wconf 86' lang='grc' dir='ltr'>δὲ</span> <span class='ocrx_word' id='word_1_192' title='bbox 2791 1543 2887 1613; x_wconf 78' lang='grc' dir='ltr'>οὐχ</span> <span class='ocrx_word' id='word_1_193' title='bbox 2935 1541 3185 1612; x_wconf 76' lang='grc' dir='ltr'>ἔστηκεν.</span> <span class='ocrx_word' id='word_1_194' title='bbox 3221 1537 3352 1592; x_wconf 83' lang='grc' dir='ltr'><strong>Ἀπὸ</strong></span> <span class='ocrx_word' id='word_1_195' title='bbox 3393 1537 3497 1609; x_wconf 74' lang='grc' dir='ltr'><strong>γὰρ</strong></span> <span class='ocrx_word' id='word_1_196' title='bbox 3533 1536 3710 1608; x_wconf 70' lang='grc' dir='ltr'>ἀρχῆς</span> 
     </span>
    </p>
   </div>
   <div class='ocr_carea' id='block_1_31' title="bbox 2151 1627 3710 1709">
    <p class='ocr_par' dir='ltr' id='par_1_31' title="bbox 2151 1627 3710 1709">
     <span class='ocr_line' id='line_1_31' title="bbox 2151 1627 3710 1709; baseline -0.007 -16"><span class='ocrx_word' id='word_1_197' title='bbox 2151 1641 2254 1704; x_wconf 81' lang='grc' dir='ltr'>ἓως</span> <span class='ocrx_word' id='word_1_198' title='bbox 2284 1638 2536 1709; x_wconf 79' lang='grc' dir='ltr'>τελευτῆς</span> <span class='ocrx_word' id='word_1_199' title='bbox 2567 1636 2660 1690; x_wconf 85' lang='grc' dir='ltr'><strong>τοῦ</strong></span> <span class='ocrx_word' id='word_1_200' title='bbox 2686 1633 2947 1701; x_wconf 78' lang='grc' dir='ltr'>ζωδιακοῦ</span> <span class='ocrx_word' id='word_1_201' title='bbox 2978 1633 3177 1686; x_wconf 82' lang='grc' dir='ltr'>κύκλου</span> <span class='ocrx_word' id='word_1_202' title='bbox 3233 1630 3451 1702; x_wconf 82' lang='grc' dir='ltr'>ἔρχεται</span> <span class='ocrx_word' id='word_1_203' title='bbox 3481 1629 3572 1682; x_wconf 75' lang='grc' dir='ltr'><strong>ἐπὶ</strong></span> <span class='ocrx_word' id='word_1_204' title='bbox 3609 1627 3710 1690; x_wconf 76' lang='grc' dir='ltr'><strong>τὰς</strong></span> 
     </span>
    </p>
   </div>
   <div class='ocr_carea' id='block_1_32' title="bbox 2151 1717 3704 1794">
    <p class='ocr_par' dir='ltr' id='par_1_32' title="bbox 2151 1717 3704 1794">
     <span class='ocr_line' id='line_1_32' title="bbox 2151 1717 3704 1794; baseline -0.01 -11"><span class='ocrx_word' id='word_1_205' title='bbox 2151 1727 2410 1791; x_wconf 84' lang='grc' dir='ltr'>ἀνατολάς</span> <span class='ocrx_word' id='word_1_206' title='bbox 2436 1743 2496 1779; x_wconf 87' lang='grc' dir='ltr'><strong>τε</strong></span> <span class='ocrx_word' id='word_1_207' title='bbox 2528 1727 2623 1779; x_wconf 74' lang='grc' dir='ltr'>καὶ</span> <span class='ocrx_word' id='word_1_208' title='bbox 2643 1722 3083 1794; x_wconf 87' lang='grc' dir='ltr'>συγκαταδύσεις,</span> <span class='ocrx_word' id='word_1_209' title='bbox 3103 1720 3162 1774; x_wconf 86' lang='grc' dir='ltr'>ὃν</span> <span class='ocrx_word' id='word_1_210' title='bbox 3178 1719 3374 1790; x_wconf 83' lang='grc' dir='ltr'>τρόπον</span> <span class='ocrx_word' id='word_1_211' title='bbox 3391 1718 3535 1771; x_wconf 78' lang='grc' dir='ltr'>ἔστιν</span> <span class='ocrx_word' id='word_1_212' title='bbox 3553 1717 3661 1770; x_wconf 77' lang='grc' dir='ltr'><strong>ὑπὸ</strong></span> <span class='ocrx_word' id='word_1_213' title='bbox 3688 1717 3704 1745; x_wconf 85' lang='grc'>¹</span> 
     </span>
    </p>
   </div>
   <div class='ocr_carea' id='block_1_33' title="bbox 493 1802 2039 1894">
    <p class='ocr_par' dir='ltr' id='par_1_33' title="bbox 493 1809 2039 1886">
     <span class='ocr_line' id='line_1_33' title="bbox 493 1809 2039 1886; baseline 0.005 -23"><span class='ocrx_word' id='word_1_214' title='bbox 493 1809 620 1866; x_wconf 89' lang='lat' dir='ltr'><strong>dum</strong></span> <span class='ocrx_word' id='word_1_215' title='bbox 650 1810 704 1865; x_wconf 93' lang='lat' dir='ltr'><strong>in</strong></span> <span class='ocrx_word' id='word_1_216' title='bbox 731 1812 940 1882; x_wconf 75' lang='lat' dir='ltr'><strong>sphaera</strong></span> <span class='ocrx_word' id='word_1_217' title='bbox 965 1812 1092 1870; x_wconf 90' lang='lat' dir='ltr'><strong>licet</strong></span> <span class='ocrx_word' id='word_1_218' title='bbox 1114 1814 1333 1870; x_wconf 89' lang='lat' dir='ltr'><strong>intueri.</strong></span> <span class='ocrx_word' id='word_1_219' title='bbox 1361 1813 1499 1869; x_wconf 90' lang='lat' dir='ltr'><strong>Sunt</strong></span> <span class='ocrx_word' id='word_1_220' title='bbox 1521 1814 1685 1886; x_wconf 89' lang='lat' dir='ltr'><strong>igitur</strong></span> <span class='ocrx_word' id='word_1_221' title='bbox 1711 1831 1831 1886; x_wconf 72' lang='lat' dir='ltr'><strong>quae</strong></span> <span class='ocrx_word' id='word_1_222' title='bbox 1861 1830 2039 1872; x_wconf 87' lang='lat' dir='ltr'><strong>secan-</strong></span> 
     </span>
    </p>
   </div>
   <div class='ocr_carea' id='block_1_34' title="bbox 2139 1802 3710 1894">
    <p class='ocr_par' dir='ltr' id='par_1_34' title="bbox 2152 1807 3710 1894">
     <span class='ocr_line' id='line_1_34' title="bbox 2152 1807 3710 1894; baseline -0.009 -19"><span class='ocrx_word' id='word_1_223' title='bbox 2152 1823 2249 1894; x_wconf 82' lang='grc' dir='ltr'>τῆς</span> <span class='ocrx_word' id='word_1_224' title='bbox 2288 1821 2520 1890; x_wconf 79' lang='grc' dir='ltr'>σφαίρας</span> <span class='ocrx_word' id='word_1_225' title='bbox 2565 1815 2878 1871; x_wconf 88' lang='grc' dir='ltr'>θεάσασθαι.</span> <span class='ocrx_word' id='word_1_226' title='bbox 2917 1814 3101 1868; x_wconf 84' lang='grc' dir='ltr'>Ἔστιν</span> <span class='ocrx_word' id='word_1_227' title='bbox 3149 1807 3239 1866; x_wconf 82' lang='grc' dir='ltr'><strong>οῦν</strong></span> <span class='ocrx_word' id='word_1_228' title='bbox 3283 1811 3352 1866; x_wconf 80' lang='grc' dir='ltr'><strong>τά</strong></span> <span class='ocrx_word' id='word_1_229' title='bbox 3399 1809 3710 1880; x_wconf 80' lang='grc' dir='ltr'>τεμνόμενα</span> 
     </span>
    </p>
   </div>
   <div class='ocr_carea' id='block_1_35' title="bbox 491 1901 1004 1974">
    <p class='ocr_par' dir='ltr' id='par_1_35' title="bbox 491 1901 1004 1974">
     <span class='ocr_line' id='line_1_35' title="bbox 491 1901 1004 1974; baseline 0.014 -21"><span class='ocrx_word' id='word_1_230' title='bbox 491 1909 583 1956; x_wconf 92' lang='lat' dir='ltr'><strong>tur</strong></span> <span class='ocrx_word' id='word_1_231' title='bbox 613 1901 877 1974; x_wconf 90' lang='lat' dir='ltr'><strong>imagines</strong></span> <span class='ocrx_word' id='word_1_232' title='bbox 915 1906 1004 1961; x_wconf 77' lang='lat'><strong>37.</strong></span> 
     </span>
    </p>
   </div>
   <div class='ocr_carea' id='block_1_36' title="bbox 560 1995 2045 2068">
    <p class='ocr_par' dir='ltr' id='par_1_36' title="bbox 560 1995 2045 2068">
     <span class='ocr_line' id='line_1_36' title="bbox 560 1995 2045 2068; baseline 0.003 -21"><span class='ocrx_word' id='word_1_233' title='bbox 560 1995 809 2052; x_wconf 86' lang='lat' dir='ltr'><strong>Arcticus</strong></span> <span class='ocrx_word' id='word_1_234' title='bbox 863 1997 1047 2068; x_wconf 88' lang='lat' dir='ltr'><strong>itaque</strong></span> <span class='ocrx_word' id='word_1_235' title='bbox 1101 1997 1341 2054; x_wconf 90' lang='lat' dir='ltr'><strong>circulus</strong></span> <span class='ocrx_word' id='word_1_236' title='bbox 1389 2003 1539 2052; x_wconf 87' lang='lat' dir='ltr'><strong>secat</strong></span> <span class='ocrx_word' id='word_1_237' title='bbox 1568 1995 1835 2066; x_wconf 78' lang='lat' dir='ltr'><strong>imagines</strong></span> <span class='ocrx_word' id='word_1_238' title='bbox 1863 1996 2000 2051; x_wconf 90' lang='lat' dir='ltr'><strong>duas</strong></span> <span class='ocrx_word' id='word_1_239' title='bbox 2032 2015 2045 2051; x_wconf 95' lang='lat'>:</span> 
     </span>
    </p>
   </div>
   <div class='ocr_carea' id='block_1_37' title="bbox 487 2085 2046 2158">
    <p class='ocr_par' dir='ltr' id='par_1_37' title="bbox 487 2085 2046 2158">
     <span class='ocr_line' id='line_1_37' title="bbox 487 2085 2046 2158; baseline 0.001 -18"><span class='ocrx_word' id='word_1_240' title='bbox 487 2085 674 2144; x_wconf 61' lang='lat' dir='ltr'><strong>Bootae</strong></span> <span class='ocrx_word' id='word_1_241' title='bbox 723 2089 959 2144; x_wconf 89' lang='lat' dir='ltr'><strong>medium</strong></span> <span class='ocrx_word' id='word_1_242' title='bbox 991 2089 1160 2145; x_wconf 88' lang='lat' dir='ltr'><strong>cubiti</strong></span> <span class='ocrx_word' id='word_1_243' title='bbox 1202 2089 1422 2152; x_wconf 82' lang='lat' dir='ltr'><strong>ﬂexum,</strong></span> <span class='ocrx_word' id='word_1_244' title='bbox 1472 2096 1528 2143; x_wconf 91' lang='lat' dir='ltr'><strong>et</strong></span> <span class='ocrx_word' id='word_1_245' title='bbox 1577 2087 1776 2158; x_wconf 86' lang='lat' dir='ltr'><strong>Cephei</strong></span> <span class='ocrx_word' id='word_1_246' title='bbox 1824 2097 2046 2158; x_wconf 89' lang='lat' dir='ltr'><strong>pectus;</strong></span> 
     </span>
    </p>
   </div>
   <div class='ocr_carea' id='block_1_38' title="bbox 487 2178 1546 2237">
    <p class='ocr_par' dir='ltr' id='par_1_38' title="bbox 487 2178 1546 2237">
     <span class='ocr_line' id='line_1_38' title="bbox 487 2178 1546 2237; baseline 0 -4"><span class='ocrx_word' id='word_1_247' title='bbox 487 2178 635 2235; x_wconf 92' lang='lat' dir='ltr'><strong>hunc</strong></span> <span class='ocrx_word' id='word_1_248' title='bbox 656 2195 784 2237; x_wconf 84' lang='lat' dir='ltr'><strong>vero</strong></span> <span class='ocrx_word' id='word_1_249' title='bbox 821 2180 1089 2235; x_wconf 89' lang='lat' dir='ltr'><strong>circulum</strong></span> <span class='ocrx_word' id='word_1_250' title='bbox 1114 2181 1300 2236; x_wconf 91' lang='lat' dir='ltr'><strong>omisit</strong></span> <span class='ocrx_word' id='word_1_251' title='bbox 1323 2181 1546 2235; x_wconf 83' lang='lat' dir='ltr'><strong>Aratus.</strong></span> 
     </span>
    </p>
   </div>
   <div class='ocr_carea' id='block_1_39' title="bbox 559 2269 2045 2342">
    <p class='ocr_par' dir='ltr' id='par_1_39' title="bbox 559 2269 2045 2342">
     <span class='ocr_line' id='line_1_39' title="bbox 559 2269 2045 2342; baseline -0.001 -17"><span class='ocrx_word' id='word_1_252' title='bbox 559 2270 806 2328; x_wconf 68' lang='lat' dir='ltr'><strong>Aistivus</strong></span> <span class='ocrx_word' id='word_1_253' title='bbox 832 2271 1077 2342; x_wconf 82' lang='lat' dir='ltr'><strong>tropicus</strong></span> <span class='ocrx_word' id='word_1_254' title='bbox 1110 2283 1260 2328; x_wconf 80' lang='lat' dir='ltr'><strong>secat</strong></span> <span class='ocrx_word' id='word_1_255' title='bbox 1300 2271 1563 2342; x_wconf 73' lang='lat' dir='ltr'><strong>imagines</strong></span> <span class='ocrx_word' id='word_1_256' title='bbox 1587 2270 1774 2326; x_wconf 90' lang='lat' dir='ltr'><strong>decem</strong></span> <span class='ocrx_word' id='word_1_257' title='bbox 1801 2289 1814 2326; x_wconf 92' lang='lat'><strong>:</strong></span> <span class='ocrx_word' id='word_1_258' title='bbox 1843 2269 2045 2325; x_wconf 83' lang='lat' dir='ltr'><strong>Henio-</strong></span> 
     </span>
    </p>
   </div>
   <div class='ocr_carea' id='block_1_40' title="bbox 487 2359 2044 2432">
    <p class='ocr_par' dir='ltr' id='par_1_40' title="bbox 487 2359 2044 2432">
     <span class='ocr_line' id='line_1_40' title="bbox 487 2359 2044 2432; baseline 0.002 -19"><span class='ocrx_word' id='word_1_259' title='bbox 487 2359 576 2414; x_wconf 89' lang='lat' dir='ltr'><strong>chi</strong></span> <span class='ocrx_word' id='word_1_260' title='bbox 629 2377 826 2432; x_wconf 88' lang='lat' dir='ltr'><strong>genua,</strong></span> <span class='ocrx_word' id='word_1_261' title='bbox 859 2359 1127 2432; x_wconf 89' lang='lat' dir='ltr'><strong>Ophiuchi</strong></span> <span class='ocrx_word' id='word_1_262' title='bbox 1181 2362 1460 2426; x_wconf 85' lang='lat' dir='ltr'><strong>humeros,</strong></span> <span class='ocrx_word' id='word_1_263' title='bbox 1515 2360 1794 2431; x_wconf 88' lang='lat' dir='ltr'><strong>Serpentis</strong></span> <span class='ocrx_word' id='word_1_264' title='bbox 1822 2362 2044 2427; x_wconf 89' lang='lat' dir='ltr'><strong>collum,</strong></span> 
     </span>
    </p>
   </div>
   <div class='ocr_carea' id='block_1_41' title="bbox 486 2451 2050 2525">
    <p class='ocr_par' dir='ltr' id='par_1_41' title="bbox 486 2451 2050 2525">
     <span class='ocr_line' id='line_1_41' title="bbox 486 2451 2050 2525; baseline 0.003 -22"><span class='ocrx_word' id='word_1_265' title='bbox 486 2458 650 2520; x_wconf 85' lang='lat' dir='ltr'><strong>caput</strong></span> <span class='ocrx_word' id='word_1_266' title='bbox 669 2451 801 2507; x_wconf 78' lang='lat' dir='ltr'><strong>Avis</strong></span> <span class='ocrx_word' id='word_1_267' title='bbox 849 2460 905 2508; x_wconf 88' lang='lat' dir='ltr'><strong>et</strong></span> <span class='ocrx_word' id='word_1_268' title='bbox 935 2454 1224 2519; x_wconf 81' lang='lat' dir='ltr'><strong>cervicem,</strong></span> <span class='ocrx_word' id='word_1_269' title='bbox 1268 2455 1498 2525; x_wconf 88' lang='lat' dir='ltr'><strong>ungulas</strong></span> <span class='ocrx_word' id='word_1_270' title='bbox 1525 2453 1682 2523; x_wconf 89' lang='lat' dir='ltr'><strong>Equi,</strong></span> <span class='ocrx_word' id='word_1_271' title='bbox 1711 2451 1892 2508; x_wconf 88' lang='lat' dir='ltr'><strong>Persei</strong></span> <span class='ocrx_word' id='word_1_272' title='bbox 1919 2453 2050 2510; x_wconf 86' lang='lat' dir='ltr'><strong>sini-</strong></span> 
     </span>
    </p>
   </div>
   <div class='ocr_carea' id='block_1_42' title="bbox 485 2543 2047 2611">
    <p class='ocr_par' dir='ltr' id='par_1_42' title="bbox 485 2543 2047 2611">
     <span class='ocr_line' id='line_1_42' title="bbox 485 2543 2047 2611; baseline 0.001 -15"><span class='ocrx_word' id='word_1_273' title='bbox 485 2547 659 2596; x_wconf 80' lang='lat' dir='ltr'><strong>strum</strong></span> <span class='ocrx_word' id='word_1_274' title='bbox 709 2543 995 2600; x_wconf 87' lang='lat' dir='ltr'><strong>humerum</strong></span> <span class='ocrx_word' id='word_1_275' title='bbox 1041 2560 1165 2600; x_wconf 90' lang='lat' dir='ltr'><strong>cum</strong></span> <span class='ocrx_word' id='word_1_276' title='bbox 1219 2547 1442 2602; x_wconf 90' lang='lat' dir='ltr'><strong>sinistra</strong></span> <span class='ocrx_word' id='word_1_277' title='bbox 1473 2545 1626 2611; x_wconf 91' lang='lat' dir='ltr'><strong>tibia,</strong></span> <span class='ocrx_word' id='word_1_278' title='bbox 1656 2546 1908 2602; x_wconf 80' lang='lat' dir='ltr'><strong>dextram</strong></span> <span class='ocrx_word' id='word_1_279' title='bbox 1934 2545 2047 2598; x_wconf 86' lang='lat' dir='ltr'><strong>An-</strong></span> 
     </span>
    </p>
   </div>
   <div class='ocr_carea' id='block_1_43' title="bbox 484 2632 2044 2709">
    <p class='ocr_par' dir='ltr' id='par_1_43' title="bbox 484 2632 2044 2709">
     <span class='ocr_line' id='line_1_43' title="bbox 484 2632 2044 2709; baseline 0.003 -23"><span class='ocrx_word' id='word_1_280' title='bbox 484 2632 760 2689; x_wconf 65' lang='lat' dir='ltr'><strong>dromeda:</strong></span> <span class='ocrx_word' id='word_1_281' title='bbox 793 2652 1011 2692; x_wconf 88' lang='lat' dir='ltr'><strong>manum</strong></span> <span class='ocrx_word' id='word_1_282' title='bbox 1038 2677 1054 2704; x_wconf 94' lang='lat'><strong>,</strong></span> <span class='ocrx_word' id='word_1_283' title='bbox 1117 2639 1300 2709; x_wconf 89' lang='lat' dir='ltr'><strong>capita</strong></span> <span class='ocrx_word' id='word_1_284' title='bbox 1347 2637 1722 2703; x_wconf 87' lang='lat' dir='ltr'><strong>Geminorum,</strong></span> <span class='ocrx_word' id='word_1_285' title='bbox 1774 2638 2044 2692; x_wconf 82' lang='lat' dir='ltr'><strong>Cancrum</strong></span> 
     </span>
    </p>
   </div>
   <div class='ocr_carea' id='block_1_44' title="bbox 484 2727 2046 2802">
    <p class='ocr_par' dir='ltr' id='par_1_44' title="bbox 484 2727 2046 2802">
     <span class='ocr_line' id='line_1_44' title="bbox 484 2727 2046 2802; baseline 0.002 -23"><span class='ocrx_word' id='word_1_286' title='bbox 484 2727 740 2795; x_wconf 88' lang='lat' dir='ltr'><strong>medium,</strong></span> <span class='ocrx_word' id='word_1_287' title='bbox 773 2728 1004 2785; x_wconf 84' lang='lat' dir='ltr'><strong>Leonem</strong></span> <span class='ocrx_word' id='word_1_288' title='bbox 1032 2746 1126 2802; x_wconf 89' lang='lat' dir='ltr'><strong>per</strong></span> <span class='ocrx_word' id='word_1_289' title='bbox 1149 2730 1388 2787; x_wconf 89' lang='lat' dir='ltr'><strong>medium</strong></span> <span class='ocrx_word' id='word_1_290' title='bbox 1419 2770 1435 2784; x_wconf 90' lang='lat'><strong>.</strong></span> <span class='ocrx_word' id='word_1_291' title='bbox 1463 2771 1478 2788; x_wconf 94' lang='lat'><strong>.</strong></span> <span class='ocrx_word' id='word_1_292' title='bbox 1509 2770 1525 2797; x_wconf 91' lang='lat'><strong>,</strong></span> <span class='ocrx_word' id='word_1_293' title='bbox 1551 2729 1809 2785; x_wconf 88' lang='lat' dir='ltr'><strong>humeros</strong></span> <span class='ocrx_word' id='word_1_294' title='bbox 1835 2727 2046 2800; x_wconf 89' lang='lat' dir='ltr'><strong>Ophiu-</strong></span> 
     </span>
    </p>
   </div>
   <div class='ocr_carea' id='block_1_45' title="bbox 482 2814 1134 2890">
    <p class='ocr_par' dir='ltr' id='par_1_45' title="bbox 482 2814 1134 2890">
     <span class='ocr_line' id='line_1_45' title="bbox 482 2814 1134 2890; baseline 0.014 -21"><span class='ocrx_word' id='word_1_295' title='bbox 482 2814 591 2880; x_wconf 85' lang='lat' dir='ltr'><strong>chi,</strong></span> <span class='ocrx_word' id='word_1_296' title='bbox 613 2818 808 2873; x_wconf 84' lang='lat' dir='ltr'><strong>collum</strong></span> <span class='ocrx_word' id='word_1_297' title='bbox 837 2818 1134 2890; x_wconf 84' lang='lat' dir='ltr'><strong>Serpentis.</strong></span> 
     </span>
    </p>
   </div>
   <div class='ocr_carea' id='block_1_46' title="bbox 549 2907 2043 2986">
    <p class='ocr_par' dir='ltr' id='par_1_46' title="bbox 549 2907 2043 2986">
     <span class='ocr_line' id='line_1_46' title="bbox 549 2907 2043 2986; baseline 0 -22"><span class='ocrx_word' id='word_1_298' title='bbox 549 2907 971 2979; x_wconf 61' lang='lat' dir='ltr'><strong>[Equinoctialis</strong></span> <span class='ocrx_word' id='word_1_299' title='bbox 999 2913 1242 2970; x_wconf 88' lang='lat' dir='ltr'><strong>circulus</strong></span> <span class='ocrx_word' id='word_1_300' title='bbox 1256 2913 1453 2969; x_wconf 84' lang='lat' dir='ltr'><strong>transit</strong></span> <span class='ocrx_word' id='word_1_301' title='bbox 1469 2927 1566 2986; x_wconf 91' lang='lat' dir='ltr'><strong>per</strong></span> <span class='ocrx_word' id='word_1_302' title='bbox 1593 2911 1858 2982; x_wconf 76' lang='lat' dir='ltr'><strong>imagines</strong></span> <span class='ocrx_word' id='word_1_303' title='bbox 1882 2910 2043 2981; x_wconf 85' lang='lat' dir='ltr'><strong>quin-</strong></span> 
     </span>
    </p>
   </div>
   <div class='ocr_carea' id='block_1_47' title="bbox 480 2997 2037 3081">
    <p class='ocr_par' dir='ltr' id='par_1_47' title="bbox 480 2997 2037 3081">
     <span class='ocr_line' id='line_1_47' title="bbox 480 2997 2037 3081; baseline 0.003 -29"><span class='ocrx_word' id='word_1_304' title='bbox 480 2997 692 3056; x_wconf 84' lang='lat' dir='ltr'><strong>decim:</strong></span> <span class='ocrx_word' id='word_1_305' title='bbox 726 3000 863 3072; x_wconf 78' lang='grc' dir='ltr'><strong>Εᾳυί</strong></span> <span class='ocrx_word' id='word_1_306' title='bbox 895 3011 1056 3073; x_wconf 90' lang='lat' dir='ltr'><strong>caput</strong></span> <span class='ocrx_word' id='word_1_307' title='bbox 1083 3013 1137 3060; x_wconf 90' lang='lat' dir='ltr'><strong>et</strong></span> <span class='ocrx_word' id='word_1_308' title='bbox 1185 3005 1471 3070; x_wconf 86' lang='lat' dir='ltr'><strong>cervicem,</strong></span> <span class='ocrx_word' id='word_1_309' title='bbox 1515 3003 1784 3081; x_wconf 78' lang='lat' dir='ltr'><strong>Ophiuchi</strong></span> <span class='ocrx_word' id='word_1_310' title='bbox 1835 3017 2037 3073; x_wconf 89' lang='lat' dir='ltr'><strong>genua,</strong></span> 
     </span>
    </p>
   </div>
   <div class='ocr_carea' id='block_1_48' title="bbox 481 3089 2106 3192">
    <p class='ocr_par' dir='ltr' id='par_1_48' title="bbox 481 3089 2106 3192">
     <span class='ocr_line' id='line_1_48' title="bbox 481 3089 2106 3192; baseline 0.002 -48"><span class='ocrx_word' id='word_1_311' title='bbox 481 3089 648 3163; x_wconf 78' lang='lat' dir='ltr'><strong>Hydri</strong></span> <span class='ocrx_word' id='word_1_312' title='bbox 670 3091 891 3157; x_wconf 87' lang='lat' dir='ltr'><strong>collum,</strong></span> <span class='ocrx_word' id='word_1_313' title='bbox 911 3093 1210 3160; x_wconf 89' lang='lat' dir='ltr'><strong>Craterem,</strong></span> <span class='ocrx_word' id='word_1_314' title='bbox 1235 3094 1493 3160; x_wconf 88' lang='lat' dir='ltr'><strong>Corvum,</strong></span> <span class='ocrx_word' id='word_1_315' title='bbox 1514 3093 1769 3151; x_wconf 89' lang='lat' dir='ltr'><strong>Orionem</strong></span> <span class='ocrx_word' id='word_1_316' title='bbox 1799 3093 2036 3149; x_wconf 90' lang='lat' dir='ltr'><strong>medium</strong></span> <span class='ocrx_word' id='word_1_317' title='bbox 2064 3133 2106 3192; x_wconf 76' lang='lat' dir='ltr'>c</span> 
     </span>
    </p>
   </div>
   <div class='ocr_carea' id='block_1_49' title="bbox 479 3183 2033 3252">
    <p class='ocr_par' dir='ltr' id='par_1_49' title="bbox 479 3183 2033 3252">
     <span class='ocr_line' id='line_1_49' title="bbox 479 3183 2033 3252; baseline 0.003 -17"><span class='ocrx_word' id='word_1_318' title='bbox 479 3183 780 3244; x_wconf 85' lang='lat' dir='ltr'><strong>sinistrum.</strong></span> <span class='ocrx_word' id='word_1_319' title='bbox 810 3183 985 3241; x_wconf 87' lang='lat' dir='ltr'><strong>Piscis</strong></span> <span class='ocrx_word' id='word_1_320' title='bbox 1010 3188 1262 3252; x_wconf 91' lang='lat' dir='ltr'><strong>caudam,</strong></span> <span class='ocrx_word' id='word_1_321' title='bbox 1305 3187 1541 3242; x_wconf 77' lang='lat' dir='ltr'><strong>medium</strong></span> <span class='ocrx_word' id='word_1_322' title='bbox 1570 3187 1830 3251; x_wconf 86' lang='lat' dir='ltr'><strong>Arietem.</strong></span> <span class='ocrx_word' id='word_1_323' title='bbox 1866 3185 2033 3242; x_wconf 86' lang='lat' dir='ltr'><strong>Tauri</strong></span> 
     </span>
    </p>
   </div>
   <div class='ocr_carea' id='block_1_50' title="bbox 479 3271 2030 3348">
    <p class='ocr_par' dir='ltr' id='par_1_50' title="bbox 479 3271 2030 3348">
     <span class='ocr_line' id='line_1_50' title="bbox 479 3271 2030 3348; baseline 0.003 -21"><span class='ocrx_word' id='word_1_324' title='bbox 479 3285 676 3342; x_wconf 86' lang='lat' dir='ltr'><strong>genua,</strong></span> <span class='ocrx_word' id='word_1_325' title='bbox 731 3271 967 3344; x_wconf 78' lang='lat' dir='ltr'><strong>Virginis</strong></span> <span class='ocrx_word' id='word_1_326' title='bbox 1015 3277 1226 3346; x_wconf 88' lang='lat' dir='ltr'><strong>pedem,</strong></span> <span class='ocrx_word' id='word_1_327' title='bbox 1281 3276 1476 3333; x_wconf 89' lang='lat' dir='ltr'><strong>Chelas</strong></span> <span class='ocrx_word' id='word_1_328' title='bbox 1539 3278 1770 3345; x_wconf 86' lang='lat' dir='ltr'><strong>medias,</strong></span> <span class='ocrx_word' id='word_1_329' title='bbox 1819 3277 2030 3348; x_wconf 90' lang='lat' dir='ltr'><strong>Scorpii</strong></span> 
     </span>
    </p>
   </div>
   <div class='ocr_carea' id='block_1_51' title="bbox 479 3364 1386 3440">
    <p class='ocr_par' dir='ltr' id='par_1_51' title="bbox 479 3364 1386 3440">
     <span class='ocr_line' id='line_1_51' title="bbox 479 3364 1386 3440; baseline 0.007 -24"><span class='ocrx_word' id='word_1_330' title='bbox 479 3371 704 3433; x_wconf 88' lang='lat' dir='ltr'><strong>partem.</strong></span> <span class='ocrx_word' id='word_1_331' title='bbox 742 3364 990 3422; x_wconf 88' lang='lat' dir='ltr'><strong>Omissus</strong></span> <span class='ocrx_word' id='word_1_332' title='bbox 1016 3376 1100 3425; x_wconf 90' lang='lat' dir='ltr'><strong>est</strong></span> <span class='ocrx_word' id='word_1_333' title='bbox 1121 3367 1386 3440; x_wconf 74' lang='lat' dir='ltr'><strong>Procyon.</strong></span> 
     </span>
    </p>
   </div>
   <div class='ocr_carea' id='block_1_52' title="bbox 554 3451 2030 3529">
    <p class='ocr_par' dir='ltr' id='par_1_52' title="bbox 554 3451 2030 3529">
     <span class='ocr_line' id='line_1_52' title="bbox 554 3451 2030 3529; baseline 0.003 -23"><span class='ocrx_word' id='word_1_334' title='bbox 554 3451 818 3524; x_wconf 82' lang='lat' dir='ltr'><strong>&#39;l’ropicus</strong></span> <span class='ocrx_word' id='word_1_335' title='bbox 854 3455 1113 3513; x_wconf 90' lang='lat' dir='ltr'><strong>hibernus</strong></span> <span class='ocrx_word' id='word_1_336' title='bbox 1162 3457 1345 3514; x_wconf 90' lang='lat' dir='ltr'><strong>decem</strong></span> <span class='ocrx_word' id='word_1_337' title='bbox 1380 3458 1536 3529; x_wconf 79' lang='lat' dir='ltr'><strong>signa</strong></span> <span class='ocrx_word' id='word_1_338' title='bbox 1569 3458 1760 3513; x_wconf 89' lang='lat' dir='ltr'><strong>dividit</strong></span> <span class='ocrx_word' id='word_1_339' title='bbox 1798 3457 2030 3513; x_wconf 86' lang='lat' dir='ltr'><strong>:Erida-</strong></span> 
     </span>
    </p>
   </div>
   <div class='ocr_carea' id='block_1_53' title="bbox 477 3543 2039 3620">
    <p class='ocr_par' dir='ltr' id='par_1_53' title="bbox 477 3543 2039 3620">
     <span class='ocr_line' id='line_1_53' title="bbox 477 3543 2039 3620; baseline 0.003 -23"><span class='ocrx_word' id='word_1_340' title='bbox 477 3556 608 3598; x_wconf 81' lang='lat' dir='ltr'><strong>num</strong></span> <span class='ocrx_word' id='word_1_341' title='bbox 632 3543 875 3610; x_wconf 84' lang='lat' dir='ltr'><strong>ﬂuvium,</strong></span> <span class='ocrx_word' id='word_1_342' title='bbox 907 3548 1085 3620; x_wconf 83' lang='lat' dir='ltr'><strong>Argus</strong></span> <span class='ocrx_word' id='word_1_343' title='bbox 1116 3549 1270 3603; x_wconf 82' lang='lat' dir='ltr'><strong>navis</strong></span> <span class='ocrx_word' id='word_1_344' title='bbox 1300 3563 1550 3618; x_wconf 88' lang='lat' dir='ltr'><strong>puppem.</strong></span> <span class='ocrx_word' id='word_1_345' title='bbox 1580 3549 1835 3604; x_wconf 90' lang='lat' dir='ltr'><strong>Centauri</strong></span> <span class='ocrx_word' id='word_1_346' title='bbox 1863 3545 2039 3603; x_wconf 77' lang='lat' dir='ltr'><strong>inter-&#39;</strong></span> 
     </span>
    </p>
   </div>
   <div class='ocr_carea' id='block_1_54' title="bbox 477 3637 2029 3710">
    <p class='ocr_par' dir='ltr' id='par_1_54' title="bbox 477 3637 2029 3710">
     <span class='ocr_line' id='line_1_54' title="bbox 477 3637 2029 3710; baseline -0.001 -15"><span class='ocrx_word' id='word_1_347' title='bbox 477 3637 786 3707; x_wconf 83' lang='lat' dir='ltr'><strong>scapilium,</strong></span> <span class='ocrx_word' id='word_1_348' title='bbox 819 3641 984 3696; x_wconf 87' lang='lat' dir='ltr'><strong>Canis</strong></span> <span class='ocrx_word' id='word_1_349' title='bbox 1030 3641 1254 3710; x_wconf 88' lang='lat' dir='ltr'><strong>majoris</strong></span> <span class='ocrx_word' id='word_1_350' title='bbox 1302 3641 1636 3710; x_wconf 84' lang='lat' dir='ltr'><strong>posteriores</strong></span> <span class='ocrx_word' id='word_1_351' title='bbox 1677 3641 1862 3710; x_wconf 86' lang='lat' dir='ltr'><strong>pedes,</strong></span> <span class='ocrx_word' id='word_1_352' title='bbox 1911 3640 2029 3695; x_wconf 90' lang='lat' dir='ltr'><strong>Ceti</strong></span> 
     </span>
    </p>
   </div>
   <div class='ocr_carea' id='block_1_55' title="bbox 475 3727 2030 3802">
    <p class='ocr_par' dir='ltr' id='par_1_55' title="bbox 475 3727 2030 3802">
     <span class='ocr_line' id='line_1_55' title="bbox 475 3727 2030 3802; baseline 0 -17"><span class='ocrx_word' id='word_1_353' title='bbox 475 3729 724 3794; x_wconf 87' lang='lat' dir='ltr'><strong>caudam,</strong></span> <span class='ocrx_word' id='word_1_354' title='bbox 752 3727 975 3800; x_wconf 89' lang='lat' dir='ltr'><strong>Leporis</strong></span> <span class='ocrx_word' id='word_1_355' title='bbox 998 3733 1255 3796; x_wconf 90' lang='lat' dir='ltr'><strong>medium,</strong></span> <span class='ocrx_word' id='word_1_356' title='bbox 1295 3731 1507 3801; x_wconf 88' lang='lat' dir='ltr'><strong>Scorpii</strong></span> <span class='ocrx_word' id='word_1_357' title='bbox 1541 3734 1809 3798; x_wconf 90' lang='lat' dir='ltr'><strong>aculeum,</strong></span> <span class='ocrx_word' id='word_1_358' title='bbox 1853 3732 2030 3802; x_wconf 79' lang='lat' dir='ltr'><strong>Sagit-</strong></span> 
     </span>
    </p>
   </div>
   <div class='ocr_carea' id='block_1_56' title="bbox 475 3819 2023 3893">
    <p class='ocr_par' dir='ltr' id='par_1_56' title="bbox 475 3819 2023 3893">
     <span class='ocr_line' id='line_1_56' title="bbox 475 3819 2023 3893; baseline 0.003 -21"><span class='ocrx_word' id='word_1_359' title='bbox 475 3819 600 3873; x_wconf 88' lang='lat' dir='ltr'><strong>tarii</strong></span> <span class='ocrx_word' id='word_1_360' title='bbox 624 3833 832 3883; x_wconf 90' lang='lat' dir='ltr'><strong>arcum,</strong></span> <span class='ocrx_word' id='word_1_361' title='bbox 859 3820 1250 3890; x_wconf 87' lang='lat' dir='ltr'><strong>Capricornum</strong></span> <span class='ocrx_word' id='word_1_362' title='bbox 1281 3822 1539 3888; x_wconf 90' lang='lat' dir='ltr'><strong>medium,</strong></span> <span class='ocrx_word' id='word_1_363' title='bbox 1577 3823 1740 3892; x_wconf 89' lang='lat' dir='ltr'><strong>pedes</strong></span> <span class='ocrx_word' id='word_1_364' title='bbox 1768 3821 2023 3893; x_wconf 88' lang='lat' dir='ltr'><strong>Aquarii:</strong></span> 
     </span>
    </p>
   </div>
   <div class='ocr_carea' id='block_1_57' title="bbox 475 3909 2028 3984">
    <p class='ocr_par' dir='ltr' id='par_1_57' title="bbox 475 3909 2028 3984">
     <span class='ocr_line' id='line_1_57' title="bbox 475 3909 2028 3984; baseline 0.003 -21"><span class='ocrx_word' id='word_1_365' title='bbox 475 3909 550 3963; x_wconf 83' lang='lat' dir='ltr'><strong>ita</strong></span> <span class='ocrx_word' id='word_1_366' title='bbox 574 3917 807 3978; x_wconf 84' lang='lat' dir='ltr'><strong>quatuor</strong></span> <span class='ocrx_word' id='word_1_367' title='bbox 839 3920 969 3966; x_wconf 81' lang='lat' dir='ltr'><strong>sunt</strong></span> <span class='ocrx_word' id='word_1_368' title='bbox 999 3921 1248 3968; x_wconf 88' lang='lat' dir='ltr'><strong>secantes</strong></span> <span class='ocrx_word' id='word_1_369' title='bbox 1283 3914 1472 3968; x_wconf 88' lang='lat' dir='ltr'><strong>circuli</strong></span> <span class='ocrx_word' id='word_1_370' title='bbox 1500 3930 1514 3980; x_wconf 90' lang='lat'><strong>;</strong></span> <span class='ocrx_word' id='word_1_371' title='bbox 1551 3914 1704 3984; x_wconf 90' lang='lat' dir='ltr'><strong>signa</strong></span> <span class='ocrx_word' id='word_1_372' title='bbox 1729 3928 1878 3980; x_wconf 84' lang='lat' dir='ltr'><strong>vero,</strong></span> <span class='ocrx_word' id='word_1_373' title='bbox 1909 3927 2028 3984; x_wconf 59' lang='lat' dir='ltr'><strong>qua</strong></span> 
     </span>
    </p>
   </div>
   <div class='ocr_carea' id='block_1_58' title="bbox 475 4000 1472 4076">
    <p class='ocr_par' dir='ltr' id='par_1_58' title="bbox 475 4000 1472 4076">
     <span class='ocr_line' id='line_1_58' title="bbox 475 4000 1472 4076; baseline 0.007 -23"><span class='ocrx_word' id='word_1_374' title='bbox 475 4000 544 4053; x_wconf 82' lang='lat' dir='ltr'><strong>ah</strong></span> <span class='ocrx_word' id='word_1_375' title='bbox 580 4000 689 4056; x_wconf 88' lang='lat' dir='ltr'><strong>illis</strong></span> <span class='ocrx_word' id='word_1_376' title='bbox 714 4010 986 4067; x_wconf 85' lang='lat' dir='ltr'><strong>secantur,</strong></span> <span class='ocrx_word' id='word_1_377' title='bbox 1013 4004 1122 4058; x_wconf 90' lang='lat' dir='ltr'><strong>duo</strong></span> <span class='ocrx_word' id='word_1_378' title='bbox 1157 4011 1208 4060; x_wconf 87' lang='lat' dir='ltr'><strong>et</strong></span> <span class='ocrx_word' id='word_1_379' title='bbox 1231 4005 1472 4076; x_wconf 87' lang='lat' dir='ltr'><strong>triginta.</strong></span> 
     </span>
    </p>
   </div>
   <div class='ocr_carea' id='block_1_59' title="bbox 476 4131 2027 4206">
    <p class='ocr_par' dir='ltr' id='par_1_59' title="bbox 476 4131 2027 4206">
     <span class='ocr_line' id='line_1_59' title="bbox 476 4131 2027 4206; baseline 0.005 -20"><span class='ocrx_word' id='word_1_380' title='bbox 476 4131 1000 4206; x_wconf 15' lang='lat' dir='ltr'><strong>Quanamhcwilestes</strong></span> <span class='ocrx_word' id='word_1_381' title='bbox 1040 4137 1290 4206; x_wconf 79' lang='lat' dir='ltr'><strong>imagines</strong></span> <span class='ocrx_word' id='word_1_382' title='bbox 1321 4155 1426 4192; x_wconf 87' lang='lat' dir='ltr'><strong>una</strong></span> <span class='ocrx_word' id='word_1_383' title='bbox 1465 4155 1582 4191; x_wconf 88' lang='lat' dir='ltr'><strong>cum</strong></span> <span class='ocrx_word' id='word_1_384' title='bbox 1632 4138 1904 4193; x_wconf 79' lang='lat' dir='ltr'><strong>duodecim</strong></span> <span class='ocrx_word' id='word_1_385' title='bbox 1937 4155 2027 4193; x_wconf 79' lang='lat'><strong>2.0-</strong></span> 
     </span>
    </p>
   </div>
   <div class='ocr_carea' id='block_1_60' title="bbox 715 4203 1803 4278">
    <p class='ocr_par' dir='ltr' id='par_1_60' title="bbox 715 4203 1803 4278">
     <span class='ocr_line' id='line_1_60' title="bbox 715 4203 1803 4278; baseline 0.006 -24"><span class='ocrx_word' id='word_1_386' title='bbox 715 4203 855 4257; x_wconf 81' lang='lat' dir='ltr'><strong>diaci</strong></span> <span class='ocrx_word' id='word_1_387' title='bbox 881 4205 1043 4274; x_wconf 71' lang='lat' dir='ltr'><strong>signis</strong></span> <span class='ocrx_word' id='word_1_388' title='bbox 1067 4203 1211 4260; x_wconf 76' lang='lat' dir='ltr'><strong>ortus</strong></span> <span class='ocrx_word' id='word_1_389' title='bbox 1233 4225 1547 4278; x_wconf 82' lang='lat' dir='ltr'><strong>occasusque</strong></span> <span class='ocrx_word' id='word_1_390' title='bbox 1580 4208 1803 4276; x_wconf 83' lang='lat' dir='ltr'><strong>faciant.</strong></span> 
     </span>
    </p>
   </div>
   <div class='ocr_carea' id='block_1_61' title="bbox 543 4312 2026 4389">
    <p class='ocr_par' dir='ltr' id='par_1_61' title="bbox 543 4312 2026 4389">
     <span class='ocr_line' id='line_1_61' title="bbox 543 4312 2026 4389; baseline 0.007 -23"><span class='ocrx_word' id='word_1_391' title='bbox 543 4312 606 4368; x_wconf 87' lang='lat' dir='ltr'><strong>ll.</strong></span> <span class='ocrx_word' id='word_1_392' title='bbox 647 4314 783 4371; x_wconf 93' lang='lat' dir='ltr'><strong>Cum</strong></span> <span class='ocrx_word' id='word_1_393' title='bbox 811 4315 1093 4372; x_wconf 88' lang='lat' dir='ltr'><strong>duodecim</strong></span> <span class='ocrx_word' id='word_1_394' title='bbox 1126 4319 1333 4373; x_wconf 84' lang='lat' dir='ltr'><strong>zodiaci</strong></span> <span class='ocrx_word' id='word_1_395' title='bbox 1377 4319 1547 4389; x_wconf 85' lang='lat' dir='ltr'><strong>signis</strong></span> <span class='ocrx_word' id='word_1_396' title='bbox 1585 4321 1834 4377; x_wconf 76' lang='lat' dir='ltr'><strong>cmlestes</strong></span> <span class='ocrx_word' id='word_1_397' title='bbox 1880 4327 2026 4376; x_wconf 90' lang='lat' dir='ltr'><strong>aste-</strong></span> 
     </span>
    </p>
   </div>
   <div class='ocr_carea' id='block_1_62' title="bbox 473 4405 1770 4465">
    <p class='ocr_par' dir='ltr' id='par_1_62' title="bbox 473 4405 1770 4465">
     <span class='ocr_line' id='line_1_62' title="bbox 473 4405 1770 4465; baseline 0.004 -5"><span class='ocrx_word' id='word_1_398' title='bbox 473 4405 625 4462; x_wconf 88' lang='lat' dir='ltr'><strong>rismi</strong></span> <span class='ocrx_word' id='word_1_399' title='bbox 653 4407 707 4460; x_wconf 86' lang='lat' dir='ltr'><strong>in</strong></span> <span class='ocrx_word' id='word_1_400' title='bbox 739 4406 885 4462; x_wconf 91' lang='lat' dir='ltr'><strong>hunc</strong></span> <span class='ocrx_word' id='word_1_401' title='bbox 906 4407 1122 4462; x_wconf 88' lang='lat' dir='ltr'><strong>modum</strong></span> <span class='ocrx_word' id='word_1_402' title='bbox 1151 4408 1399 4462; x_wconf 87' lang='lat' dir='ltr'><strong>oriuntur</strong></span> <span class='ocrx_word' id='word_1_403' title='bbox 1421 4417 1474 4464; x_wconf 90' lang='lat' dir='ltr'><strong>et</strong></span> <span class='ocrx_word' id='word_1_404' title='bbox 1495 4411 1770 4465; x_wconf 89' lang='lat' dir='ltr'><strong>occidunt.</strong></span> 
     </span>
    </p>
   </div>
   <div class='ocr_carea' id='block_1_63' title="bbox 2149 1912 2398 1977">
    <p class='ocr_par' dir='ltr' id='par_1_63' title="bbox 2149 1912 2398 1977">
     <span class='ocr_line' id='line_1_63' title="bbox 2149 1912 2398 1977; baseline 0.004 -11"><span class='ocrx_word' id='word_1_405' title='bbox 2149 1912 2265 1977; x_wconf 79' lang='grc' dir='ltr'>ζῶα</span> <span class='ocrx_word' id='word_1_406' title='bbox 2297 1912 2398 1976; x_wconf 78' lang='grc' dir='ltr'>λζ’.</span> 
     </span>
    </p>
   </div>
   <div class='ocr_carea' id='block_1_64' title="bbox 2229 1993 3704 2075">
    <p class='ocr_par' dir='ltr' id='par_1_64' title="bbox 2229 1993 3704 2075">
     <span class='ocr_line' id='line_1_64' title="bbox 2229 1993 3704 2075; baseline -0.009 -17"><span class='ocrx_word' id='word_1_407' title='bbox 2229 2005 2286 2058; x_wconf 88' lang='grc' dir='ltr'>Ὀ</span> <span class='ocrx_word' id='word_1_408' title='bbox 2335 2004 2432 2075; x_wconf 86' lang='grc' dir='ltr'>μὲν</span> <span class='ocrx_word' id='word_1_409' title='bbox 2473 1993 2566 2056; x_wconf 83' lang='grc' dir='ltr'><strong>οῦν</strong></span> <span class='ocrx_word' id='word_1_410' title='bbox 2609 1999 2866 2073; x_wconf 83' lang='grc' dir='ltr'>ἀρκτικὸς</span> <span class='ocrx_word' id='word_1_411' title='bbox 2908 1997 3104 2062; x_wconf 83' lang='grc' dir='ltr'>κύκλος</span> <span class='ocrx_word' id='word_1_412' title='bbox 3142 1997 3328 2067; x_wconf 79' lang='grc' dir='ltr'>τέμνει</span> <span class='ocrx_word' id='word_1_413' title='bbox 3370 1993 3535 2059; x_wconf 79' lang='grc' dir='ltr'>ζώδια</span> <span class='ocrx_word' id='word_1_414' title='bbox 3574 1993 3704 2046; x_wconf 68' lang='grc' dir='ltr'>δύου</span> 
     </span>
    </p>
   </div>
   <div class='ocr_carea' id='block_1_65' title="bbox 2147 2084 3705 2165">
    <p class='ocr_par' dir='ltr' id='par_1_65' title="bbox 2147 2084 3705 2165">
     <span class='ocr_line' id='line_1_65' title="bbox 2147 2084 3705 2165; baseline -0.008 -15"><span class='ocrx_word' id='word_1_415' title='bbox 2147 2095 2357 2150; x_wconf 88' lang='grc' dir='ltr'>Βοὼτου</span> <span class='ocrx_word' id='word_1_416' title='bbox 2387 2093 2548 2165; x_wconf 81' lang='grc' dir='ltr'>μέσον</span> <span class='ocrx_word' id='word_1_417' title='bbox 2588 2090 2808 2160; x_wconf 85' lang='grc' dir='ltr'>ἀγκῶνα</span> <span class='ocrx_word' id='word_1_418' title='bbox 2828 2132 2843 2156; x_wconf 93' lang='grc'><strong>,</strong></span> <span class='ocrx_word' id='word_1_419' title='bbox 2867 2091 2963 2144; x_wconf 70' lang='grc' dir='ltr'>καὶ</span> <span class='ocrx_word' id='word_1_420' title='bbox 2991 2088 3223 2160; x_wconf 80' lang='grc' dir='ltr'>Κηφέως</span> <span class='ocrx_word' id='word_1_421' title='bbox 3264 2084 3465 2159; x_wconf 80' lang='grc' dir='ltr'><strong>στήθη·</strong></span> <span class='ocrx_word' id='word_1_422' title='bbox 3499 2088 3602 2140; x_wconf 81' lang='grc' dir='ltr'>οὐκ</span> <span class='ocrx_word' id='word_1_423' title='bbox 3625 2086 3705 2137; x_wconf 71' lang='grc' dir='ltr'><strong>εἷο</strong></span> 
     </span>
    </p>
   </div>
   <div class='ocr_carea' id='block_1_66' title="bbox 2148 2180 3022 2256">
    <p class='ocr_par' dir='ltr' id='par_1_66' title="bbox 2148 2180 3022 2256">
     <span class='ocr_line' id='line_1_66' title="bbox 2148 2180 3022 2256; baseline -0.006 -19"><span class='ocrx_word' id='word_1_424' title='bbox 2148 2200 2282 2256; x_wconf 87' lang='grc' dir='ltr'>ρηκε</span> <span class='ocrx_word' id='word_1_425' title='bbox 2311 2183 2366 2236; x_wconf 86' lang='grc' dir='ltr'>δὲ</span> <span class='ocrx_word' id='word_1_426' title='bbox 2396 2182 2523 2253; x_wconf 76' lang='grc' dir='ltr'>περὶ</span> <span class='ocrx_word' id='word_1_427' title='bbox 2549 2180 2736 2236; x_wconf 88' lang='grc' dir='ltr'>τούτου</span> <span class='ocrx_word' id='word_1_428' title='bbox 2769 2182 2834 2232; x_wconf 78' lang='grc' dir='ltr'><strong>Ἀ</strong></span> <span class='ocrx_word' id='word_1_429' title='bbox 2845 2196 3022 2251; x_wconf 87' lang='grc' dir='ltr'>ρατος.</span> 
     </span>
    </p>
   </div>
   <div class='ocr_carea' id='block_1_67' title="bbox 2228 2266 3702 2343">
    <p class='ocr_par' dir='ltr' id='par_1_67' title="bbox 2228 2266 3702 2343">
     <span class='ocr_line' id='line_1_67' title="bbox 2228 2266 3702 2343; baseline -0.005 -17"><span class='ocrx_word' id='word_1_430' title='bbox 2228 2273 2285 2326; x_wconf 87' lang='lat'><strong>&#39;0</strong></span> <span class='ocrx_word' id='word_1_431' title='bbox 2308 2271 2365 2324; x_wconf 82' lang='grc' dir='ltr'>δὲ</span> <span class='ocrx_word' id='word_1_432' title='bbox 2399 2271 2606 2343; x_wconf 83' lang='grc' dir='ltr'>θερινὸς</span> <span class='ocrx_word' id='word_1_433' title='bbox 2636 2270 2895 2343; x_wconf 76' lang='grc' dir='ltr'>τροπικὸς</span> <span class='ocrx_word' id='word_1_434' title='bbox 2925 2269 3111 2339; x_wconf 83' lang='grc' dir='ltr'>τέμνει</span> <span class='ocrx_word' id='word_1_435' title='bbox 3155 2267 3319 2332; x_wconf 79' lang='grc' dir='ltr'>ζὼδια</span> <span class='ocrx_word' id='word_1_436' title='bbox 3349 2274 3415 2321; x_wconf 79' lang='grc' dir='ltr'><strong>ι’·</strong></span> <span class='ocrx_word' id='word_1_437' title='bbox 3457 2266 3702 2337; x_wconf 70' lang='grc' dir='ltr'>Ἡνιόχου</span> 
     </span>
    </p>
   </div>
   <div class='ocr_carea' id='block_1_68' title="bbox 2144 2359 3702 2434">
    <p class='ocr_par' dir='ltr' id='par_1_68' title="bbox 2144 2359 3702 2434">
     <span class='ocr_line' id='line_1_68' title="bbox 2144 2359 3702 2434; baseline -0.004 -16"><span class='ocrx_word' id='word_1_438' title='bbox 2144 2363 2368 2434; x_wconf 74' lang='grc' dir='ltr'>γόνατα,</span> <span class='ocrx_word' id='word_1_439' title='bbox 2409 2361 2692 2432; x_wconf 80' lang='grc' dir='ltr'>Ὀφιούχου</span> <span class='ocrx_word' id='word_1_440' title='bbox 2721 2361 2924 2432; x_wconf 79' lang='grc' dir='ltr'>ὤμους,</span> <span class='ocrx_word' id='word_1_441' title='bbox 2955 2362 3169 2429; x_wconf 80' lang='grc' dir='ltr'>Ὄφεως</span> <span class='ocrx_word' id='word_1_442' title='bbox 3197 2359 3482 2431; x_wconf 84' lang='grc' dir='ltr'>τράχηλον,</span> <span class='ocrx_word' id='word_1_443' title='bbox 3517 2361 3702 2429; x_wconf 81' lang='grc' dir='ltr'>Ὄρνι-</span> 
     </span>
    </p>
   </div>
   <div class='ocr_carea' id='block_1_69' title="bbox 2145 2452 3704 2526">
    <p class='ocr_par' dir='ltr' id='par_1_69' title="bbox 2145 2452 3704 2526">
     <span class='ocr_line' id='line_1_69' title="bbox 2145 2452 3704 2526; baseline -0.005 -15"><span class='ocrx_word' id='word_1_444' title='bbox 2145 2457 2235 2522; x_wconf 93' lang='grc' dir='ltr'><strong>θος</strong></span> <span class='ocrx_word' id='word_1_445' title='bbox 2267 2455 2507 2526; x_wconf 79' lang='grc' dir='ltr'>κεφαλὴν</span> <span class='ocrx_word' id='word_1_446' title='bbox 2539 2455 2632 2508; x_wconf 70' lang='grc' dir='ltr'>καὶ</span> <span class='ocrx_word' id='word_1_447' title='bbox 2658 2453 2718 2507; x_wconf 86' lang='grc' dir='ltr'>τὸ</span> <span class='ocrx_word' id='word_1_448' title='bbox 2748 2453 3088 2523; x_wconf 84' lang='grc' dir='ltr'>ὑπαυχένιον,</span> <span class='ocrx_word' id='word_1_449' title='bbox 3115 2454 3307 2505; x_wconf 83' lang='grc' dir='ltr'>Ἵππου</span> <span class='ocrx_word' id='word_1_450' title='bbox 3341 2452 3533 2516; x_wconf 78' lang='grc' dir='ltr'>ὁπλάς,</span> <span class='ocrx_word' id='word_1_451' title='bbox 3564 2453 3704 2523; x_wconf 88' lang='grc' dir='ltr'>Περ-</span> 
     </span>
    </p>
   </div>
   <div class='ocr_carea' id='block_1_70' title="bbox 2145 2541 3702 2618">
    <p class='ocr_par' dir='ltr' id='par_1_70' title="bbox 2145 2541 3702 2618">
     <span class='ocr_line' id='line_1_70' title="bbox 2145 2541 3702 2618; baseline -0.005 -15"><span class='ocrx_word' id='word_1_452' title='bbox 2145 2549 2280 2612; x_wconf 83' lang='grc' dir='ltr'>σέως</span> <span class='ocrx_word' id='word_1_453' title='bbox 2303 2541 2449 2618; x_wconf 80' lang='grc' dir='ltr'>ὦμον</span> <span class='ocrx_word' id='word_1_454' title='bbox 2473 2546 2754 2618; x_wconf 84' lang='grc' dir='ltr'>ἀριστερὸν</span> <span class='ocrx_word' id='word_1_455' title='bbox 2785 2544 2878 2598; x_wconf 69' lang='grc' dir='ltr'><strong>καὶ</strong></span> <span class='ocrx_word' id='word_1_456' title='bbox 2905 2545 3115 2615; x_wconf 83' lang='grc' dir='ltr'>κνήμην</span> <span class='ocrx_word' id='word_1_457' title='bbox 3141 2544 3451 2616; x_wconf 74' lang='grc' dir='ltr'>ἀριστερὰν,</span> <span class='ocrx_word' id='word_1_458' title='bbox 3488 2543 3702 2614; x_wconf 80' lang='grc' dir='ltr'>Ἀνδρο-</span> 
     </span>
    </p>
   </div>
   <div class='ocr_carea' id='block_1_71' title="bbox 2145 2633 3701 2710">
    <p class='ocr_par' dir='ltr' id='par_1_71' title="bbox 2145 2633 3701 2710">
     <span class='ocr_line' id='line_1_71' title="bbox 2145 2633 3701 2710; baseline -0.003 -18"><span class='ocrx_word' id='word_1_459' title='bbox 2145 2639 2310 2710; x_wconf 88' lang='grc' dir='ltr'>μέδας</span> <span class='ocrx_word' id='word_1_460' title='bbox 2354 2641 2510 2709; x_wconf 87' lang='grc' dir='ltr'>χεῖρα</span> <span class='ocrx_word' id='word_1_461' title='bbox 2553 2636 2768 2701; x_wconf 83' lang='grc' dir='ltr'>δεξιὰν,</span> <span class='ocrx_word' id='word_1_462' title='bbox 2809 2633 3055 2705; x_wconf 80' lang='grc' dir='ltr'>Διδύμων</span> <span class='ocrx_word' id='word_1_463' title='bbox 3107 2633 3381 2704; x_wconf 81' lang='grc' dir='ltr'>κεφαλὰς,</span> <span class='ocrx_word' id='word_1_464' title='bbox 3428 2635 3701 2705; x_wconf 77' lang='grc' dir='ltr'>Καρκίνον</span> 
     </span>
    </p>
   </div>
   <div class='ocr_carea' id='block_1_72' title="bbox 2145 2725 3701 2802">
    <p class='ocr_par' dir='ltr' id='par_1_72' title="bbox 2145 2725 3701 2802">
     <span class='ocr_line' id='line_1_72' title="bbox 2145 2725 3701 2802; baseline -0.004 -18"><span class='ocrx_word' id='word_1_465' title='bbox 2145 2730 2340 2802; x_wconf 84' lang='grc' dir='ltr'>μέσον,</span> <span class='ocrx_word' id='word_1_466' title='bbox 2384 2729 2588 2784; x_wconf 83' lang='grc' dir='ltr'>Λέοντα</span> <span class='ocrx_word' id='word_1_467' title='bbox 2645 2726 2793 2800; x_wconf 86' lang='grc' dir='ltr'>παρὰ</span> <span class='ocrx_word' id='word_1_468' title='bbox 2825 2727 2988 2797; x_wconf 89' lang='grc' dir='ltr'>μέσον</span> <span class='ocrx_word' id='word_1_469' title='bbox 3019 2729 3040 2758; x_wconf 83' lang='grc'><strong><em>²</em></strong></span> <span class='ocrx_word' id='word_1_470' title='bbox 3075 2725 3366 2799; x_wconf 79' lang='grc' dir='ltr'>παρεόντε,</span> <span class='ocrx_word' id='word_1_471' title='bbox 3421 2727 3701 2796; x_wconf 71' lang='grc' dir='ltr'>Ὀφιούχου</span> 
     </span>
    </p>
   </div>
   <div class='ocr_carea' id='block_1_73' title="bbox 2140 2820 2906 2894">
    <p class='ocr_par' dir='ltr' id='par_1_73' title="bbox 2140 2820 2906 2894">
     <span class='ocr_line' id='line_1_73' title="bbox 2140 2820 2906 2894; baseline -0.003 -19"><span class='ocrx_word' id='word_1_472' title='bbox 2140 2820 2345 2894; x_wconf 79' lang='grc' dir='ltr'>ὤμους,</span> <span class='ocrx_word' id='word_1_473' title='bbox 2382 2820 2648 2893; x_wconf 86' lang='grc' dir='ltr'>τράχηλον</span> <span class='ocrx_word' id='word_1_474' title='bbox 2674 2820 2906 2888; x_wconf 80' lang='grc' dir='ltr'>Ὄφεως.</span> 
     </span>
    </p>
   </div>
   <div class='ocr_carea' id='block_1_74' title="bbox 2220 2906 3701 2982">
    <p class='ocr_par' dir='ltr' id='par_1_74' title="bbox 2220 2906 3701 2982">
     <span class='ocr_line' id='line_1_74' title="bbox 2220 2906 3701 2982; baseline -0.003 -16"><span class='ocrx_word' id='word_1_475' title='bbox 2220 2913 2279 2966; x_wconf 86' lang='grc'><strong>’0</strong></span> <span class='ocrx_word' id='word_1_476' title='bbox 2315 2913 2373 2966; x_wconf 84' lang='grc' dir='ltr'>δὲ</span> <span class='ocrx_word' id='word_1_477' title='bbox 2405 2909 2714 2982; x_wconf 81' lang='grc' dir='ltr'>ίσημερινὸς</span> <span class='ocrx_word' id='word_1_478' title='bbox 2751 2908 2947 2972; x_wconf 90' lang='grc' dir='ltr'>κύκλος</span> <span class='ocrx_word' id='word_1_479' title='bbox 2973 2908 3158 2979; x_wconf 86' lang='grc' dir='ltr'>τέμνει</span> <span class='ocrx_word' id='word_1_480' title='bbox 3196 2906 3360 2970; x_wconf 78' lang='grc' dir='ltr'>ζώδια</span> <span class='ocrx_word' id='word_1_481' title='bbox 3383 2915 3473 2960; x_wconf 81' lang='grc' dir='ltr'>ιε’·</span> <span class='ocrx_word' id='word_1_482' title='bbox 3503 2909 3701 2962; x_wconf 73' lang='grc' dir='ltr'>Ἵππου</span> 
     </span>
    </p>
   </div>
   <div class='ocr_carea' id='block_1_75' title="bbox 2139 2999 3703 3074">
    <p class='ocr_par' dir='ltr' id='par_1_75' title="bbox 2139 2999 3703 3074">
     <span class='ocr_line' id='line_1_75' title="bbox 2139 2999 3703 3074; baseline -0.003 -17"><span class='ocrx_word' id='word_1_483' title='bbox 2139 3003 2378 3074; x_wconf 80' lang='grc' dir='ltr'>κεφαλὴν</span> <span class='ocrx_word' id='word_1_484' title='bbox 2420 3001 2514 3055; x_wconf 77' lang='grc' dir='ltr'>καὶ</span> <span class='ocrx_word' id='word_1_485' title='bbox 2555 2999 2855 3073; x_wconf 83' lang='grc' dir='ltr'>τράχηλον,</span> <span class='ocrx_word' id='word_1_486' title='bbox 2913 2999 3195 3070; x_wconf 82' lang='grc' dir='ltr'>Ὀφιούχου</span> <span class='ocrx_word' id='word_1_487' title='bbox 3234 3000 3466 3069; x_wconf 87' lang='grc' dir='ltr'>γόνατα,</span> <span class='ocrx_word' id='word_1_488' title='bbox 3500 3001 3703 3072; x_wconf 78' lang='grc' dir='ltr'>Ὕδρου</span> 
     </span>
    </p>
   </div>
   <div class='ocr_carea' id='block_1_76' title="bbox 2137 3089 3702 3165">
    <p class='ocr_par' dir='ltr' id='par_1_76' title="bbox 2137 3089 3702 3165">
     <span class='ocr_line' id='line_1_76' title="bbox 2137 3089 3702 3165; baseline -0.003 -18"><span class='ocrx_word' id='word_1_489' title='bbox 2137 3093 2421 3165; x_wconf 85' lang='grc' dir='ltr'>τράχηλον,</span> <span class='ocrx_word' id='word_1_490' title='bbox 2457 3090 2723 3162; x_wconf 83' lang='grc' dir='ltr'>Κρατῆρα</span> <span class='ocrx_word' id='word_1_491' title='bbox 2745 3129 2759 3153; x_wconf 94' lang='grc'><strong>,</strong></span> <span class='ocrx_word' id='word_1_492' title='bbox 2791 3089 3013 3160; x_wconf 89' lang='grc' dir='ltr'>Κόρακα</span> <span class='ocrx_word' id='word_1_493' title='bbox 3036 3128 3051 3153; x_wconf 87' lang='grc'><strong>,</strong></span> <span class='ocrx_word' id='word_1_494' title='bbox 3107 3090 3332 3161; x_wconf 84' lang='grc' dir='ltr'>Ὠρίωνα</span> <span class='ocrx_word' id='word_1_495' title='bbox 3376 3090 3540 3160; x_wconf 80' lang='grc' dir='ltr'>μέσον</span> <span class='ocrx_word' id='word_1_496' title='bbox 3577 3093 3702 3162; x_wconf 74' lang='grc' dir='ltr'>ἀρι-</span> 
     </span>
    </p>
   </div>
   <div class='ocr_carea' id='block_1_77' title="bbox 2140 3178 3699 3255">
    <p class='ocr_par' dir='ltr' id='par_1_77' title="bbox 2140 3178 3699 3255">
     <span class='ocr_line' id='line_1_77' title="bbox 2140 3178 3699 3255; baseline -0.004 -17"><span class='ocrx_word' id='word_1_497' title='bbox 2140 3184 2348 3255; x_wconf 77' lang='grc' dir='ltr'>στερδν,</span> <span class='ocrx_word' id='word_1_498' title='bbox 2375 3181 2575 3252; x_wconf 81' lang='grc' dir='ltr'>Ἰχθύος</span> <span class='ocrx_word' id='word_1_499' title='bbox 2609 3179 2795 3250; x_wconf 81' lang='grc' dir='ltr'>οὐρὰν,</span> <span class='ocrx_word' id='word_1_500' title='bbox 2825 3179 2992 3250; x_wconf 88' lang='grc' dir='ltr'>Κριὸν</span> <span class='ocrx_word' id='word_1_501' title='bbox 3021 3178 3200 3249; x_wconf 83' lang='grc' dir='ltr'>μέσον,</span> <span class='ocrx_word' id='word_1_502' title='bbox 3230 3179 3440 3250; x_wconf 78' lang='grc' dir='ltr'>Ταύρου</span> <span class='ocrx_word' id='word_1_503' title='bbox 3473 3179 3699 3247; x_wconf 82' lang='grc' dir='ltr'>γόνατα,</span> 
     </span>
    </p>
   </div>
   <div class='ocr_carea' id='block_1_78' title="bbox 2136 3266 3697 3343">
    <p class='ocr_par' dir='ltr' id='par_1_78' title="bbox 2136 3266 3697 3343">
     <span class='ocr_line' id='line_1_78' title="bbox 2136 3266 3697 3343; baseline -0.004 -16"><span class='ocrx_word' id='word_1_504' title='bbox 2136 3269 2414 3343; x_wconf 85' lang='grc' dir='ltr'>Παρθένου</span> <span class='ocrx_word' id='word_1_505' title='bbox 2466 3269 2635 3331; x_wconf 87' lang='grc' dir='ltr'>πόδα,</span> <span class='ocrx_word' id='word_1_506' title='bbox 2690 3267 2874 3338; x_wconf 82' lang='grc' dir='ltr'>Χηλὰς</span> <span class='ocrx_word' id='word_1_507' title='bbox 2925 3266 3132 3338; x_wconf 86' lang='grc' dir='ltr'>μέσας,</span> <span class='ocrx_word' id='word_1_508' title='bbox 3186 3267 3453 3338; x_wconf 85' lang='grc' dir='ltr'>Σκορπίου</span> <span class='ocrx_word' id='word_1_509' title='bbox 3510 3268 3697 3338; x_wconf 80' lang='grc' dir='ltr'>μέρος.</span> 
     </span>
    </p>
   </div>
   <div class='ocr_carea' id='block_1_79' title="bbox 2137 3358 2710 3432">
    <p class='ocr_par' dir='ltr' id='par_1_79' title="bbox 2137 3358 2710 3432">
     <span class='ocr_line' id='line_1_79' title="bbox 2137 3358 2710 3432; baseline -0.01 -14"><span class='ocrx_word' id='word_1_510' title='bbox 2137 3364 2399 3432; x_wconf 88' lang='grc' dir='ltr'>Παρεῖται</span> <span class='ocrx_word' id='word_1_511' title='bbox 2429 3358 2710 3432; x_wconf 86' lang='grc' dir='ltr'>Προκύων.</span> 
     </span>
    </p>
   </div>
   <div class='ocr_carea' id='block_1_80' title="bbox 2219 3447 3699 3524">
    <p class='ocr_par' dir='ltr' id='par_1_80' title="bbox 2219 3447 3699 3524">
     <span class='ocr_line' id='line_1_80' title="bbox 2219 3447 3699 3524; baseline -0.001 -19"><span class='ocrx_word' id='word_1_512' title='bbox 2219 3453 2276 3505; x_wconf 82' lang='grc' dir='ltr'>Ὀ</span> <span class='ocrx_word' id='word_1_513' title='bbox 2309 3452 2365 3505; x_wconf 84' lang='grc' dir='ltr'>δὲ</span> <span class='ocrx_word' id='word_1_514' title='bbox 2403 3450 2708 3524; x_wconf 83' lang='grc' dir='ltr'>χειμερινὸς</span> <span class='ocrx_word' id='word_1_515' title='bbox 2745 3449 2942 3513; x_wconf 88' lang='grc' dir='ltr'>κύκλος</span> <span class='ocrx_word' id='word_1_516' title='bbox 2971 3449 3156 3520; x_wconf 86' lang='grc' dir='ltr'>τέμνει</span> <span class='ocrx_word' id='word_1_517' title='bbox 3185 3447 3346 3512; x_wconf 83' lang='grc' dir='ltr'>ζώδια</span> <span class='ocrx_word' id='word_1_518' title='bbox 3377 3448 3407 3502; x_wconf 86' lang='grc' dir='ltr'>ι’</span> <span class='ocrx_word' id='word_1_519' title='bbox 3427 3466 3440 3479; x_wconf 73' lang='grc' dir='ltr'>ο</span> <span class='ocrx_word' id='word_1_520' title='bbox 3477 3451 3699 3522; x_wconf 79' lang='grc' dir='ltr'>Ἠριδα-</span> 
     </span>
    </p>
   </div>
   <div class='ocr_carea' id='block_1_81' title="bbox 2135 3539 3698 3614">
    <p class='ocr_par' dir='ltr' id='par_1_81' title="bbox 2135 3539 3698 3614">
     <span class='ocr_line' id='line_1_81' title="bbox 2135 3539 3698 3614; baseline -0.003 -15"><span class='ocrx_word' id='word_1_521' title='bbox 2135 3545 2223 3600; x_wconf 79' lang='grc' dir='ltr'><strong>νὸν</strong></span> <span class='ocrx_word' id='word_1_522' title='bbox 2263 3543 2523 3614; x_wconf 78' lang='grc' dir='ltr'>ποταμὸν,</span> <span class='ocrx_word' id='word_1_523' title='bbox 2583 3541 2807 3612; x_wconf 81' lang='grc' dir='ltr'>Ἀργοῦς</span> <span class='ocrx_word' id='word_1_524' title='bbox 2864 3540 2991 3612; x_wconf 87' lang='grc' dir='ltr'>νηὸς</span> <span class='ocrx_word' id='word_1_525' title='bbox 3035 3539 3326 3611; x_wconf 81' lang='grc' dir='ltr'>πρύμναν,</span> <span class='ocrx_word' id='word_1_526' title='bbox 3381 3541 3698 3612; x_wconf 74' lang='grc' dir='ltr'>Κενταύρου</span> 
     </span>
    </p>
   </div>
   <div class='ocr_carea' id='block_1_82' title="bbox 2138 3631 3697 3708">
    <p class='ocr_par' dir='ltr' id='par_1_82' title="bbox 2138 3631 3697 3708">
     <span class='ocr_line' id='line_1_82' title="bbox 2138 3631 3697 3708; baseline -0.001 -20"><span class='ocrx_word' id='word_1_527' title='bbox 2138 3635 2493 3708; x_wconf 78' lang='grc' dir='ltr'>μετάφρενον,</span> <span class='ocrx_word' id='word_1_528' title='bbox 2511 3634 2688 3696; x_wconf 81' lang='grc' dir='ltr'>Κυνὸς</span> <span class='ocrx_word' id='word_1_529' title='bbox 2712 3631 2942 3703; x_wconf 84' lang='grc' dir='ltr'>μεγάλου</span> <span class='ocrx_word' id='word_1_530' title='bbox 2966 3632 3243 3695; x_wconf 85' lang='grc' dir='ltr'>όπισθίους</span> <span class='ocrx_word' id='word_1_531' title='bbox 3273 3632 3460 3698; x_wconf 82' lang='grc' dir='ltr'>πόδας,</span> <span class='ocrx_word' id='word_1_532' title='bbox 3480 3636 3697 3704; x_wconf 81' lang='grc' dir='ltr'>Κήτους</span> 
     </span>
    </p>
   </div>
   <div class='ocr_carea' id='block_1_83' title="bbox 2135 3723 3694 3799">
    <p class='ocr_par' dir='ltr' id='par_1_83' title="bbox 2135 3723 3694 3799">
     <span class='ocr_line' id='line_1_83' title="bbox 2135 3723 3694 3799; baseline -0.001 -18"><span class='ocrx_word' id='word_1_533' title='bbox 2135 3727 2331 3799; x_wconf 79' lang='grc' dir='ltr'>οὐράν,</span> <span class='ocrx_word' id='word_1_534' title='bbox 2359 3725 2582 3794; x_wconf 86' lang='grc' dir='ltr'>Λαγωοῦ</span> <span class='ocrx_word' id='word_1_535' title='bbox 2617 3724 2807 3795; x_wconf 87' lang='grc' dir='ltr'>μέσον,</span> <span class='ocrx_word' id='word_1_536' title='bbox 2859 3723 3126 3796; x_wconf 84' lang='grc' dir='ltr'>Σκορπίου</span> <span class='ocrx_word' id='word_1_537' title='bbox 3159 3723 3412 3794; x_wconf 87' lang='grc' dir='ltr'>κέντρον,</span> <span class='ocrx_word' id='word_1_538' title='bbox 3465 3726 3694 3792; x_wconf 78' lang='grc' dir='ltr'>Τοξότου</span> 
     </span>
    </p>
   </div>
   <div class='ocr_carea' id='block_1_84' title="bbox 2132 3813 3696 3886">
    <p class='ocr_par' dir='ltr' id='par_1_84' title="bbox 2132 3813 3696 3886">
     <span class='ocr_line' id='line_1_84' title="bbox 2132 3813 3696 3886; baseline -0.001 -15"><span class='ocrx_word' id='word_1_539' title='bbox 2132 3818 2304 3884; x_wconf 81' lang='grc' dir='ltr'>τόξον,</span> <span class='ocrx_word' id='word_1_540' title='bbox 2331 3817 2608 3886; x_wconf 83' lang='grc' dir='ltr'>Αἰγόκερω</span> <span class='ocrx_word' id='word_1_541' title='bbox 2637 3816 2818 3886; x_wconf 85' lang='grc' dir='ltr'>μέσον,</span> <span class='ocrx_word' id='word_1_542' title='bbox 2858 3815 3143 3886; x_wconf 85' lang='grc' dir='ltr'>Ὑδροχόου</span> <span class='ocrx_word' id='word_1_543' title='bbox 3167 3815 3332 3879; x_wconf 85' lang='grc' dir='ltr'>πόδας</span> <span class='ocrx_word' id='word_1_544' title='bbox 3351 3833 3364 3846; x_wconf 90' lang='grc'><strong>·</strong></span> <span class='ocrx_word' id='word_1_545' title='bbox 3387 3815 3526 3870; x_wconf 83' lang='grc' dir='ltr'>ὥστε</span> <span class='ocrx_word' id='word_1_546' title='bbox 3560 3813 3696 3870; x_wconf 78' lang='grc' dir='ltr'>εἶναι</span> 
     </span>
    </p>
   </div>
   <div class='ocr_carea' id='block_1_85' title="bbox 2134 3905 3694 3977">
    <p class='ocr_par' dir='ltr' id='par_1_85' title="bbox 2134 3905 3694 3977">
     <span class='ocr_line' id='line_1_85' title="bbox 2134 3905 3694 3977; baseline 0 -15"><span class='ocrx_word' id='word_1_547' title='bbox 2134 3908 2328 3970; x_wconf 77' lang='grc' dir='ltr'>αὐτοὺς</span> <span class='ocrx_word' id='word_1_548' title='bbox 2363 3907 2654 3977; x_wconf 89' lang='grc' dir='ltr'>τέμνοντας</span> <span class='ocrx_word' id='word_1_549' title='bbox 2707 3905 2937 3968; x_wconf 88' lang='grc' dir='ltr'>κύκλους</span> <span class='ocrx_word' id='word_1_550' title='bbox 2965 3905 3027 3966; x_wconf 80' lang='grc' dir='ltr'>δ’,</span> <span class='ocrx_word' id='word_1_551' title='bbox 3076 3906 3142 3958; x_wconf 85' lang='grc' dir='ltr'>τὰ</span> <span class='ocrx_word' id='word_1_552' title='bbox 3173 3905 3228 3957; x_wconf 86' lang='grc' dir='ltr'>δὲ</span> <span class='ocrx_word' id='word_1_553' title='bbox 3273 3907 3575 3977; x_wconf 84' lang='grc' dir='ltr'>τεμνόμενα</span> <span class='ocrx_word' id='word_1_554' title='bbox 3602 3909 3694 3963; x_wconf 82' lang='grc' dir='ltr'><strong>ὑπ’</strong></span> 
     </span>
    </p>
   </div>
   <div class='ocr_carea' id='block_1_86' title="bbox 2134 3996 3133 4069">
    <p class='ocr_par' dir='ltr' id='par_1_86' title="bbox 2134 3996 3133 4069">
     <span class='ocr_line' id='line_1_86' title="bbox 2134 3996 3133 4069; baseline -0.002 -17"><span class='ocrx_word' id='word_1_555' title='bbox 2134 3999 2311 4052; x_wconf 81' lang='grc' dir='ltr'>αὐτῶν</span> <span class='ocrx_word' id='word_1_556' title='bbox 2341 3997 2504 4063; x_wconf 81' lang='grc' dir='ltr'>ζώδια</span> <span class='ocrx_word' id='word_1_557' title='bbox 2535 3997 2826 4069; x_wconf 87' lang='grc' dir='ltr'>τριάκοντα</span> <span class='ocrx_word' id='word_1_558' title='bbox 2857 3997 2950 4050; x_wconf 75' lang='grc' dir='ltr'>καὶ</span> <span class='ocrx_word' id='word_1_559' title='bbox 2977 3996 3133 4050; x_wconf 78' lang='grc' dir='ltr'>ἑπτά.</span> 
     </span>
    </p>
   </div>
   <div class='ocr_carea' id='block_1_87' title="bbox 2133 4128 3684 4199">
    <p class='ocr_par' dir='ltr' id='par_1_87' title="bbox 2133 4128 3684 4199">
     <span class='ocr_line' id='line_1_87' title="bbox 2133 4128 3684 4199; baseline -0.005 -10"><span class='ocrx_word' id='word_1_560' title='bbox 2133 4135 2277 4189; x_wconf 83' lang='grc' dir='ltr'>Ποῖα</span> <span class='ocrx_word' id='word_1_561' title='bbox 2308 4133 2428 4186; x_wconf 79' lang='grc' dir='ltr'><strong>τῶν</strong></span> <span class='ocrx_word' id='word_1_562' title='bbox 2465 4131 2679 4194; x_wconf 79' lang='grc' dir='ltr'>ζωδίων</span> <span class='ocrx_word' id='word_1_563' title='bbox 2703 4131 3227 4186; x_wconf 75' lang='grc' dir='ltr'>συνανατέλλουσι</span> <span class='ocrx_word' id='word_1_564' title='bbox 3261 4128 3358 4185; x_wconf 75' lang='grc' dir='ltr'>καὶ</span> <span class='ocrx_word' id='word_1_565' title='bbox 3391 4147 3684 4199; x_wconf 72' lang='grc' dir='ltr'>συγκατα-</span> 
     </span>
    </p>
   </div>
   <div class='ocr_carea' id='block_1_88' title="bbox 2281 4200 3524 4268">
    <p class='ocr_par' dir='ltr' id='par_1_88' title="bbox 2281 4200 3524 4268">
     <span class='ocr_line' id='line_1_88' title="bbox 2281 4200 3524 4268; baseline -0.003 -10"><span class='ocrx_word' id='word_1_566' title='bbox 2281 4204 2532 4258; x_wconf 82' lang='grc' dir='ltr'>δύνουσι</span> <span class='ocrx_word' id='word_1_567' title='bbox 2558 4203 2680 4267; x_wconf 81' lang='grc' dir='ltr'>τοῖς</span> <span class='ocrx_word' id='word_1_568' title='bbox 2705 4202 2774 4255; x_wconf 80' lang='grc' dir='ltr'><strong>ἐν</strong></span> <span class='ocrx_word' id='word_1_569' title='bbox 2801 4201 2878 4268; x_wconf 82' lang='grc' dir='ltr'>τῷ</span> <span class='ocrx_word' id='word_1_570' title='bbox 2910 4200 3163 4267; x_wconf 76' lang='grc' dir='ltr'>ζωδιακῷ</span> <span class='ocrx_word' id='word_1_571' title='bbox 3187 4203 3265 4266; x_wconf 79' lang='grc' dir='ltr'><strong>ιβ’</strong></span> <span class='ocrx_word' id='word_1_572' title='bbox 3296 4201 3524 4266; x_wconf 76' lang='grc' dir='ltr'>ζωὸίοις.</span> 
     </span>
    </p>
   </div>
   <div class='ocr_carea' id='block_1_89' title="bbox 2202 4314 3680 4383">
    <p class='ocr_par' dir='ltr' id='par_1_89' title="bbox 2202 4314 3680 4383">
     <span class='ocr_line' id='line_1_89' title="bbox 2202 4314 3680 4383; baseline -0.003 -14"><span class='ocrx_word' id='word_1_573' title='bbox 2202 4319 2276 4372; x_wconf 91' lang='lat' dir='ltr'><strong>B&#39;.</strong></span> <span class='ocrx_word' id='word_1_574' title='bbox 2311 4316 2762 4370; x_wconf 89' lang='grc' dir='ltr'>Συνανατέλλουσι</span> <span class='ocrx_word' id='word_1_575' title='bbox 2785 4315 2840 4368; x_wconf 81' lang='grc' dir='ltr'>δὲ</span> <span class='ocrx_word' id='word_1_576' title='bbox 2882 4315 2976 4369; x_wconf 72' lang='grc' dir='ltr'>καὶ</span> <span class='ocrx_word' id='word_1_577' title='bbox 3000 4314 3451 4383; x_wconf 85' lang='grc' dir='ltr'>συγκαταδύνουσι</span> <span class='ocrx_word' id='word_1_578' title='bbox 3483 4317 3591 4376; x_wconf 86' lang='grc' dir='ltr'>τοῖς</span> <span class='ocrx_word' id='word_1_579' title='bbox 3618 4314 3680 4366; x_wconf 81' lang='grc' dir='ltr'>ἐν</span> 
     </span>
    </p>
   </div>
   <div class='ocr_carea' id='block_1_90' title="bbox 2131 4401 3471 4474">
    <p class='ocr_par' dir='ltr' id='par_1_90' title="bbox 2131 4401 3471 4474">
     <span class='ocr_line' id='line_1_90' title="bbox 2131 4401 3471 4474; baseline 0.001 -20"><span class='ocrx_word' id='word_1_580' title='bbox 2131 4401 2208 4473; x_wconf 80' lang='grc' dir='ltr'>τῷ</span> <span class='ocrx_word' id='word_1_581' title='bbox 2239 4401 2486 4473; x_wconf 79' lang='grc' dir='ltr'>ζωδιακῷ</span> <span class='ocrx_word' id='word_1_582' title='bbox 2517 4403 2585 4473; x_wconf 81' lang='grc' dir='ltr'><strong>ιβ’</strong></span> <span class='ocrx_word' id='word_1_583' title='bbox 2612 4403 2821 4466; x_wconf 81' lang='grc' dir='ltr'>ζωδίοις</span> <span class='ocrx_word' id='word_1_584' title='bbox 2853 4401 2921 4454; x_wconf 81' lang='grc' dir='ltr'><strong>τὰ</strong></span> <span class='ocrx_word' id='word_1_585' title='bbox 2956 4403 3252 4474; x_wconf 79' lang='grc' dir='ltr'>φαινόμενα</span> <span class='ocrx_word' id='word_1_586' title='bbox 3285 4403 3471 4466; x_wconf 76' lang='grc' dir='ltr'>οὕτως.</span> 
     </span>
    </p>
   </div>
   <div class='ocr_carea' id='block_1_91' title="bbox 543 4485 2039 4564">
    <p class='ocr_par' dir='ltr' id='par_1_91' title="bbox 543 4494 2022 4562">
     <span class='ocr_line' id='line_1_91' title="bbox 543 4494 2022 4562; baseline 0.005 -13"><span class='ocrx_word' id='word_1_587' title='bbox 543 4494 763 4551; x_wconf 90' lang='lat' dir='ltr'><strong>Oriente</strong></span> <span class='ocrx_word' id='word_1_588' title='bbox 789 4497 1025 4562; x_wconf 88' lang='lat' dir='ltr'><strong>Cancro,</strong></span> <span class='ocrx_word' id='word_1_589' title='bbox 1051 4497 1230 4553; x_wconf 82' lang='lat' dir='ltr'><strong>.Orion</strong></span> <span class='ocrx_word' id='word_1_590' title='bbox 1260 4505 1408 4553; x_wconf 89' lang='lat' dir='ltr'><strong>totus</strong></span> <span class='ocrx_word' id='word_1_591' title='bbox 1457 4501 1722 4555; x_wconf 81' lang='lat' dir='ltr'><strong>exoritur.</strong></span> <span class='ocrx_word' id='word_1_592' title='bbox 1770 4500 2022 4556; x_wconf 87' lang='lat' dir='ltr'><strong>Orionem</strong></span> 
     </span>
    </p>
   </div>
   <div class='ocr_carea' id='block_1_92' title="bbox 2139 4485 3682 4564">
    <p class='ocr_par' dir='ltr' id='par_1_92' title="bbox 2199 4491 3682 4564">
     <span class='ocr_line' id='line_1_92' title="bbox 2199 4491 3682 4564; baseline 0 -20"><span class='ocrx_word' id='word_1_593' title='bbox 2199 4491 2473 4563; x_wconf 84' lang='grc' dir='ltr'>Καρκίνου</span> <span class='ocrx_word' id='word_1_594' title='bbox 2521 4493 2933 4557; x_wconf 87' lang='grc' dir='ltr'>ἀνατέλλοντος,</span> <span class='ocrx_word' id='word_1_595' title='bbox 2981 4493 3258 4546; x_wconf 85' lang='grc' dir='ltr'>ἀνατέλλει</span> <span class='ocrx_word' id='word_1_596' title='bbox 3295 4493 3413 4557; x_wconf 82' lang='grc' dir='ltr'>ὅλος</span> <span class='ocrx_word' id='word_1_597' title='bbox 3472 4492 3682 4564; x_wconf 79' lang='grc' dir='ltr'>Ὠρίων.</span> 
     </span>
    </p>
   </div>
   <div class='ocr_carea' id='block_1_93' title="bbox 472 4584 2074 4662">
    <p class='ocr_par' dir='ltr' id='par_1_93' title="bbox 472 4584 2074 4662">
     <span class='ocr_line' id='line_1_93' title="bbox 472 4584 2074 4662; baseline 0.007 -26"><span class='ocrx_word' id='word_1_598' title='bbox 472 4584 704 4655; x_wconf 88' lang='lat' dir='ltr'><strong>appello,</strong></span> <span class='ocrx_word' id='word_1_599' title='bbox 754 4601 912 4654; x_wconf 92' lang='lat' dir='ltr'><strong>quem</strong></span> <span class='ocrx_word' id='word_1_600' title='bbox 949 4588 1144 4658; x_wconf 87' lang='lat' dir='ltr'><strong>vulgus</strong></span> <span class='ocrx_word' id='word_1_601' title='bbox 1172 4587 1573 4660; x_wconf 86' lang='grc' dir='ltr'>Ἀλετροπόδιον</span> <span class='ocrx_word' id='word_1_602' title='bbox 1615 4591 1898 4645; x_wconf 88' lang='lat' dir='ltr'><strong>nominat:</strong></span> <span class='ocrx_word' id='word_1_603' title='bbox 1932 4593 2023 4661; x_wconf 90' lang='lat' dir='ltr'><strong>qui</strong></span> <span class='ocrx_word' id='word_1_604' title='bbox 2071 4658 2074 4662; x_wconf 19' lang='grc' dir='ltr'><em>ί</em></span> 
     </span>
    </p>
   </div>
   <div class='ocr_carea' id='block_1_94' title="bbox 472 4673 2026 4751">
    <p class='ocr_par' dir='ltr' id='par_1_94' title="bbox 472 4673 2026 4751">
     <span class='ocr_line' id='line_1_94' title="bbox 472 4673 2026 4751; baseline 0.008 -28"><span class='ocrx_word' id='word_1_605' title='bbox 472 4673 704 4738; x_wconf 90' lang='lat' dir='ltr'><strong>primum</strong></span> <span class='ocrx_word' id='word_1_606' title='bbox 722 4676 894 4728; x_wconf 91' lang='lat' dir='ltr'><strong>oritur</strong></span> <span class='ocrx_word' id='word_1_607' title='bbox 909 4691 1092 4731; x_wconf 87' lang='lat' dir='ltr'><strong>mense</strong></span> <span class='ocrx_word' id='word_1_608' title='bbox 1103 4675 1132 4730; x_wconf 83' lang='lat' dir='ltr'><strong>J</strong></span> <span class='ocrx_word' id='word_1_609' title='bbox 1140 4677 1267 4733; x_wconf 94' lang='lat' dir='ltr'><strong>ulio.</strong></span> <span class='ocrx_word' id='word_1_610' title='bbox 1299 4677 1463 4733; x_wconf 87' lang='lat' dir='ltr'><strong>Canis</strong></span> <span class='ocrx_word' id='word_1_611' title='bbox 1482 4693 1608 4733; x_wconf 88' lang='lat' dir='ltr'><strong>vero</strong></span> <span class='ocrx_word' id='word_1_612' title='bbox 1624 4679 1838 4735; x_wconf 87' lang='lat' dir='ltr'><strong>circiter</strong></span> <span class='ocrx_word' id='word_1_613' title='bbox 1852 4681 2026 4751; x_wconf 79' lang='lat' dir='ltr'><strong>Augu-</strong></span> 
     </span>
    </p>
   </div>
   <div class='ocr_carea' id='block_1_95' title="bbox 473 4763 2023 4841">
    <p class='ocr_par' dir='ltr' id='par_1_95' title="bbox 473 4763 2023 4841">
     <span class='ocr_line' id='line_1_95' title="bbox 473 4763 2023 4841; baseline 0.008 -26"><span class='ocrx_word' id='word_1_614' title='bbox 473 4763 544 4816; x_wconf 89' lang='lat' dir='ltr'><strong>sti</strong></span> <span class='ocrx_word' id='word_1_615' title='bbox 566 4763 813 4832; x_wconf 87' lang='lat' dir='ltr'><strong>scptimo.</strong></span> <span class='ocrx_word' id='word_1_616' title='bbox 843 4764 965 4821; x_wconf 68' lang='lat' dir='ltr'><strong>Haec</strong></span> <span class='ocrx_word' id='word_1_617' title='bbox 982 4777 1065 4822; x_wconf 87' lang='lat' dir='ltr'><strong>est</strong></span> <span class='ocrx_word' id='word_1_618' title='bbox 1086 4769 1364 4838; x_wconf 88' lang='lat' dir='ltr'><strong>splendida</strong></span> <span class='ocrx_word' id='word_1_619' title='bbox 1390 4771 1565 4836; x_wconf 87' lang='lat' dir='ltr'><strong>stella,</strong></span> <span class='ocrx_word' id='word_1_620' title='bbox 1587 4788 1707 4841; x_wconf 60' lang='lat' dir='ltr'><strong>quas</strong></span> <span class='ocrx_word' id='word_1_621' title='bbox 1733 4772 1786 4826; x_wconf 91' lang='lat' dir='ltr'><strong>in</strong></span> <span class='ocrx_word' id='word_1_622' title='bbox 1807 4775 2023 4827; x_wconf 79' lang='lat' dir='ltr'><strong>maxilla</strong></span> 
     </span>
    </p>
   </div>
   <div class='ocr_carea' id='block_1_96' title="bbox 471 4853 2018 4935">
    <p class='ocr_par' dir='ltr' id='par_1_96' title="bbox 471 4853 2018 4935">
     <span class='ocr_line' id='line_1_96' title="bbox 471 4853 2018 4935; baseline 0.009 -29"><span class='ocrx_word' id='word_1_623' title='bbox 471 4853 635 4909; x_wconf 88' lang='lat' dir='ltr'><strong>Canis</strong></span> <span class='ocrx_word' id='word_1_624' title='bbox 656 4856 915 4922; x_wconf 89' lang='lat' dir='ltr'><strong>cernitur,</strong></span> <span class='ocrx_word' id='word_1_625' title='bbox 941 4874 1005 4916; x_wconf 89' lang='lat' dir='ltr'><strong>ac</strong></span> <span class='ocrx_word' id='word_1_626' title='bbox 1030 4859 1165 4916; x_wconf 82' lang='lat' dir='ltr'><strong>ﬁxas</strong></span> <span class='ocrx_word' id='word_1_627' title='bbox 1186 4876 1374 4918; x_wconf 89' lang='lat' dir='ltr'><strong>omnes</strong></span> <span class='ocrx_word' id='word_1_628' title='bbox 1398 4863 1766 4932; x_wconf 87' lang='lat' dir='ltr'><strong>magnitudine</strong></span> <span class='ocrx_word' id='word_1_629' title='bbox 1783 4874 2018 4935; x_wconf 87' lang='lat' dir='ltr'><strong>superat:</strong></span> 
     </span>
    </p>
   </div>
   <div class='ocr_carea' id='block_1_97' title="bbox 471 4939 2025 5023">
    <p class='ocr_par' dir='ltr' id='par_1_97' title="bbox 471 4939 2025 5023">
     <span class='ocr_line' id='line_1_97' title="bbox 471 4939 2025 5023; baseline 0.008 -25"><span class='ocrx_word' id='word_1_630' title='bbox 471 4939 598 5023; x_wconf 68' lang='lat' dir='ltr'><strong>item</strong></span> <span class='ocrx_word' id='word_1_631' title='bbox 644 4945 840 5004; x_wconf 84' lang='lat' dir='ltr'><strong>ﬂuvius</strong></span> <span class='ocrx_word' id='word_1_632' title='bbox 871 4945 1160 5007; x_wconf 85' lang='lat' dir='ltr'><strong>Eridanus.</strong></span> <span class='ocrx_word' id='word_1_633' title='bbox 1221 4950 1432 5007; x_wconf 87' lang='lat' dir='ltr'><strong>Occidit</strong></span> <span class='ocrx_word' id='word_1_634' title='bbox 1467 4960 1647 5007; x_wconf 90' lang='lat' dir='ltr'><strong>autem</strong></span> <span class='ocrx_word' id='word_1_635' title='bbox 1680 4954 1912 5019; x_wconf 87' lang='lat' dir='ltr'><strong>Corona,</strong></span> <span class='ocrx_word' id='word_1_636' title='bbox 1972 4967 2025 5011; x_wconf 90' lang='lat' dir='ltr'><strong>et</strong></span> 
     </span>
    </p>
   </div>
   <div class='ocr_carea' id='block_1_98' title="bbox 470 5032 2020 5117">
    <p class='ocr_par' dir='ltr' id='par_1_98' title="bbox 470 5032 2020 5117">
     <span class='ocr_line' id='line_1_98' title="bbox 470 5032 2020 5117; baseline 0.01 -31"><span class='ocrx_word' id='word_1_637' title='bbox 470 5032 645 5091; x_wconf 88' lang='lat' dir='ltr'><strong>Piscis</strong></span> <span class='ocrx_word' id='word_1_638' title='bbox 684 5036 848 5093; x_wconf 89' lang='lat' dir='ltr'><strong>dorso</strong></span> <span class='ocrx_word' id='word_1_639' title='bbox 889 5048 1065 5106; x_wconf 90' lang='lat' dir='ltr'><strong>tenus,</strong></span> <span class='ocrx_word' id='word_1_640' title='bbox 1107 5040 1420 5113; x_wconf 88' lang='lat' dir='ltr'><strong>Ophiuchus</strong></span> <span class='ocrx_word' id='word_1_641' title='bbox 1449 5043 1513 5098; x_wconf 90' lang='lat' dir='ltr'><strong>ad</strong></span> <span class='ocrx_word' id='word_1_642' title='bbox 1543 5045 1801 5103; x_wconf 89' lang='lat' dir='ltr'><strong>humeros</strong></span> <span class='ocrx_word' id='word_1_643' title='bbox 1828 5063 2020 5117; x_wconf 90' lang='lat' dir='ltr'><strong>usque,</strong></span> 
     </span>
    </p>
   </div>
   <div class='ocr_carea' id='block_1_99' title="bbox 471 5123 1732 5206">
    <p class='ocr_par' dir='ltr' id='par_1_99' title="bbox 471 5123 1732 5206">
     <span class='ocr_line' id='line_1_99' title="bbox 471 5123 1732 5206; baseline 0.011 -29"><span class='ocrx_word' id='word_1_644' title='bbox 471 5123 750 5196; x_wconf 86' lang='lat' dir='ltr'><strong>Serpentis</strong></span> <span class='ocrx_word' id='word_1_645' title='bbox 779 5130 998 5201; x_wconf 91' lang='lat' dir='ltr'><strong>collum,</strong></span> <span class='ocrx_word' id='word_1_646' title='bbox 1025 5131 1393 5206; x_wconf 78' lang='lat' dir='ltr'><strong>Arctophylax</strong></span> <span class='ocrx_word' id='word_1_647' title='bbox 1420 5143 1568 5192; x_wconf 90' lang='lat' dir='ltr'><strong>totus</strong></span> <span class='ocrx_word' id='word_1_648' title='bbox 1599 5138 1732 5192; x_wconf 82' lang='lat' dir='ltr'><strong>fere.</strong></span> 
     </span>
    </p>
   </div>
   <div class='ocr_carea' id='block_1_100' title="bbox 538 5297 2018 5382">
    <p class='ocr_par' dir='ltr' id='par_1_100' title="bbox 538 5297 2018 5382">
     <span class='ocr_line' id='line_1_100' title="bbox 538 5297 2018 5382; baseline 0.008 -27"><span class='ocrx_word' id='word_1_649' title='bbox 538 5297 714 5358; x_wconf 89' lang='lat' dir='ltr'><strong>Leone</strong></span> <span class='ocrx_word' id='word_1_650' title='bbox 743 5303 976 5373; x_wconf 87' lang='lat' dir='ltr'><strong>oriente,</strong></span> <span class='ocrx_word' id='word_1_651' title='bbox 1033 5315 1179 5366; x_wconf 88' lang='lat' dir='ltr'><strong>totus</strong></span> <span class='ocrx_word' id='word_1_652' title='bbox 1227 5311 1452 5380; x_wconf 83' lang='lat' dir='ltr'><strong>emergit</strong></span> <span class='ocrx_word' id='word_1_653' title='bbox 1493 5305 1760 5382; x_wconf 78' lang='lat' dir='ltr'><strong>Procyon,</strong></span> <span class='ocrx_word' id='word_1_654' title='bbox 1817 5311 2018 5380; x_wconf 92' lang='lat' dir='ltr'><strong>Lepus,</strong></span> 
     </span>
    </p>
   </div>
   <div class='ocr_carea' id='block_1_101' title="bbox 469 5391 2016 5473">
    <p class='ocr_par' dir='ltr' id='par_1_101' title="bbox 469 5391 2016 5473">
     <span class='ocr_line' id='line_1_101' title="bbox 469 5391 2016 5473; baseline 0.008 -28"><span class='ocrx_word' id='word_1_655' title='bbox 469 5391 634 5462; x_wconf 85' lang='lat' dir='ltr'><strong>Hydri</strong></span> <span class='ocrx_word' id='word_1_656' title='bbox 662 5405 844 5467; x_wconf 89' lang='lat' dir='ltr'><strong>caput,</strong></span> <span class='ocrx_word' id='word_1_657' title='bbox 877 5397 1042 5457; x_wconf 89' lang='lat' dir='ltr'><strong>Canis</strong></span> <span class='ocrx_word' id='word_1_658' title='bbox 1075 5404 1378 5459; x_wconf 86' lang='lat' dir='ltr'><strong>anteriores</strong></span> <span class='ocrx_word' id='word_1_659' title='bbox 1410 5405 1596 5473; x_wconf 89' lang='lat' dir='ltr'><strong>pedes.</strong></span> <span class='ocrx_word' id='word_1_660' title='bbox 1629 5404 1897 5458; x_wconf 89' lang='lat' dir='ltr'><strong>Occidunt</strong></span> <span class='ocrx_word' id='word_1_661' title='bbox 1928 5419 2016 5458; x_wconf 88' lang='lat' dir='ltr'><strong>re-</strong></span> 
     </span>
    </p>
   </div>
   <div class='ocr_carea' id='block_1_102' title="bbox 464 5480 2014 5562">
    <p class='ocr_par' dir='ltr' id='par_1_102' title="bbox 464 5480 2014 5562">
     <span class='ocr_line' id='line_1_102' title="bbox 464 5480 2014 5562; baseline 0.008 -27"><span class='ocrx_word' id='word_1_662' title='bbox 464 5480 624 5550; x_wconf 66' lang='lat' dir='ltr'><strong>liquae</strong></span> <span class='ocrx_word' id='word_1_663' title='bbox 652 5492 833 5554; x_wconf 86' lang='lat' dir='ltr'><strong>partes</strong></span> <span class='ocrx_word' id='word_1_664' title='bbox 861 5503 1046 5543; x_wconf 82' lang='lat' dir='ltr'><strong>eorum</strong></span> <span class='ocrx_word' id='word_1_665' title='bbox 1073 5505 1193 5560; x_wconf 73' lang='lat' dir='ltr'><strong>qua:</strong></span> <span class='ocrx_word' id='word_1_666' title='bbox 1221 5505 1344 5546; x_wconf 91' lang='lat' dir='ltr'><strong>cum</strong></span> <span class='ocrx_word' id='word_1_667' title='bbox 1374 5489 1585 5546; x_wconf 90' lang='lat' dir='ltr'><strong>Cancro</strong></span> <span class='ocrx_word' id='word_1_668' title='bbox 1611 5499 1893 5562; x_wconf 70' lang='lat' dir='ltr'><strong>coeperunt</strong></span> <span class='ocrx_word' id='word_1_669' title='bbox 1923 5507 2014 5547; x_wconf 89' lang='lat' dir='ltr'><strong>oc-</strong></span> 
     </span>
    </p>
   </div>
   <div class='ocr_carea' id='block_1_103' title="bbox 2141 4583 3686 4656">
    <p class='ocr_par' dir='ltr' id='par_1_103' title="bbox 2141 4583 3686 4656">
     <span class='ocr_line' id='line_1_103' title="bbox 2141 4583 3686 4656; baseline 0.001 -20"><span class='ocrx_word' id='word_1_670' title='bbox 2141 4583 2330 4655; x_wconf 85' lang='grc' dir='ltr'>Ὠρίων</span> <span class='ocrx_word' id='word_1_671' title='bbox 2364 4585 2481 4637; x_wconf 76' lang='grc' dir='ltr'>ἐστὶ</span> <span class='ocrx_word' id='word_1_672' title='bbox 2521 4584 2580 4637; x_wconf 88' lang='grc' dir='ltr'>τὸ</span> <span class='ocrx_word' id='word_1_673' title='bbox 2612 4584 2896 4655; x_wconf 88' lang='grc' dir='ltr'>λεγόμενον</span> <span class='ocrx_word' id='word_1_674' title='bbox 2929 4587 3055 4656; x_wconf 82' lang='grc' dir='ltr'>παρ’</span> <span class='ocrx_word' id='word_1_675' title='bbox 3096 4583 3329 4648; x_wconf 81' lang='grc' dir='ltr'>ἰδιώταις</span> <span class='ocrx_word' id='word_1_676' title='bbox 3373 4585 3686 4655; x_wconf 83' lang='grc' dir='ltr'>Ἀλετροπό-</span> 
     </span>
    </p>
   </div>
   <div class='ocr_carea' id='block_1_104' title="bbox 2127 4674 3684 4747">
    <p class='ocr_par' dir='ltr' id='par_1_104' title="bbox 2127 4674 3684 4747">
     <span class='ocr_line' id='line_1_104' title="bbox 2127 4674 3684 4747; baseline 0.001 -20"><span class='ocrx_word' id='word_1_677' title='bbox 2127 4675 2256 4728; x_wconf 86' lang='grc' dir='ltr'>διον.</span> <span class='ocrx_word' id='word_1_678' title='bbox 2283 4674 2519 4747; x_wconf 87' lang='grc' dir='ltr'>Πρώτως</span> <span class='ocrx_word' id='word_1_679' title='bbox 2539 4677 2595 4728; x_wconf 80' lang='grc' dir='ltr'>δὲ</span> <span class='ocrx_word' id='word_1_680' title='bbox 2627 4677 2902 4730; x_wconf 80' lang='grc' dir='ltr'>ἀνατέλλει</span> <span class='ocrx_word' id='word_1_681' title='bbox 2923 4677 3060 4729; x_wconf 76' lang='grc' dir='ltr'>κατὰ</span> <span class='ocrx_word' id='word_1_682' title='bbox 3085 4677 3180 4747; x_wconf 79' lang='grc' dir='ltr'>τὴν</span> <span class='ocrx_word' id='word_1_683' title='bbox 3200 4677 3282 4746; x_wconf 75' lang='grc' dir='ltr'>κβ¹</span> <span class='ocrx_word' id='word_1_684' title='bbox 3306 4676 3397 4729; x_wconf 86' lang='grc' dir='ltr'><strong>τοῦ</strong></span> <span class='ocrx_word' id='word_1_685' title='bbox 3433 4677 3648 4730; x_wconf 81' lang='grc' dir='ltr'>Ἰουλίου</span> <span class='ocrx_word' id='word_1_686' title='bbox 3665 4693 3684 4710; x_wconf 77' lang='grc' dir='ltr'><strong>ο</strong></span> 
     </span>
    </p>
   </div>
   <div class='ocr_carea' id='block_1_105' title="bbox 2128 4767 3686 4839">
    <p class='ocr_par' dir='ltr' id='par_1_105' title="bbox 2128 4767 3686 4839">
     <span class='ocr_line' id='line_1_105' title="bbox 2128 4767 3686 4839; baseline 0.002 -20"><span class='ocrx_word' id='word_1_687' title='bbox 2128 4768 2156 4819; x_wconf 86' lang='grc' dir='ltr'><strong>ὁ</strong></span> <span class='ocrx_word' id='word_1_688' title='bbox 2183 4767 2239 4819; x_wconf 82' lang='grc' dir='ltr'>δὲ</span> <span class='ocrx_word' id='word_1_689' title='bbox 2273 4767 2436 4820; x_wconf 89' lang='grc' dir='ltr'>Κύων</span> <span class='ocrx_word' id='word_1_690' title='bbox 2479 4767 2621 4822; x_wconf 84' lang='grc' dir='ltr'>κατὰ</span> <span class='ocrx_word' id='word_1_691' title='bbox 2668 4769 2765 4839; x_wconf 82' lang='grc' dir='ltr'>τὴν</span> <span class='ocrx_word' id='word_1_692' title='bbox 2793 4767 2835 4832; x_wconf 76' lang='grc' dir='ltr'><strong>ζ’</strong></span> <span class='ocrx_word' id='word_1_693' title='bbox 2863 4769 2957 4821; x_wconf 85' lang='grc' dir='ltr'><strong>τοῦ</strong></span> <span class='ocrx_word' id='word_1_694' title='bbox 3002 4769 3328 4837; x_wconf 79' lang='grc' dir='ltr'>Αὐγούστου.</span> <span class='ocrx_word' id='word_1_695' title='bbox 3365 4771 3520 4822; x_wconf 86' lang='grc' dir='ltr'>Ἔστι</span> <span class='ocrx_word' id='word_1_696' title='bbox 3559 4770 3614 4822; x_wconf 84' lang='grc' dir='ltr'>δὲ</span> <span class='ocrx_word' id='word_1_697' title='bbox 3656 4771 3686 4821; x_wconf 83' lang='grc' dir='ltr'><strong>ὁ</strong></span> 
     </span>
    </p>
   </div>
   <div class='ocr_carea' id='block_1_106' title="bbox 2128 4855 3684 4930">
    <p class='ocr_par' dir='ltr' id='par_1_106' title="bbox 2128 4855 3684 4930">
     <span class='ocr_line' id='line_1_106' title="bbox 2128 4855 3684 4930; baseline 0.002 -22"><span class='ocrx_word' id='word_1_698' title='bbox 2128 4855 2378 4929; x_wconf 86' lang='grc' dir='ltr'>λαμπρὸς</span> <span class='ocrx_word' id='word_1_699' title='bbox 2409 4857 2502 4911; x_wconf 86' lang='grc' dir='ltr'><strong>τοῦ</strong></span> <span class='ocrx_word' id='word_1_700' title='bbox 2530 4859 2718 4929; x_wconf 83' lang='grc' dir='ltr'>θηνυὸς</span> <span class='ocrx_word' id='word_1_701' title='bbox 2747 4859 2767 4890; x_wconf 82' lang='grc'>³</span> <span class='ocrx_word' id='word_1_702' title='bbox 2809 4860 3006 4930; x_wconf 75' lang='grc' dir='ltr'>μείζων</span> <span class='ocrx_word' id='word_1_703' title='bbox 3032 4858 3138 4911; x_wconf 83' lang='grc' dir='ltr'><strong>τῶν</strong></span> <span class='ocrx_word' id='word_1_704' title='bbox 3170 4859 3422 4914; x_wconf 79' lang='grc' dir='ltr'>ἀπλανῶν</span> <span class='ocrx_word' id='word_1_705' title='bbox 3469 4861 3684 4913; x_wconf 77' lang='grc' dir='ltr'>πάντων</span> 
     </span>
    </p>
   </div>
   <div class='ocr_carea' id='block_1_107' title="bbox 2129 4950 3682 5023">
    <p class='ocr_par' dir='ltr' id='par_1_107' title="bbox 2129 4950 3682 5023">
     <span class='ocr_line' id='line_1_107' title="bbox 2129 4950 3682 5023; baseline 0.001 -21"><span class='ocrx_word' id='word_1_706' title='bbox 2129 4950 2406 5022; x_wconf 85' lang='grc' dir='ltr'>ἀστέρων’</span> <span class='ocrx_word' id='word_1_707' title='bbox 2450 4951 2544 5003; x_wconf 79' lang='grc' dir='ltr'>καὶ</span> <span class='ocrx_word' id='word_1_708' title='bbox 2574 4951 2812 5022; x_wconf 79' lang='grc' dir='ltr'>ποταμὸς</span> <span class='ocrx_word' id='word_1_709' title='bbox 2853 4951 3148 5023; x_wconf 84' lang='grc' dir='ltr'>Ἠριδανός.</span> <span class='ocrx_word' id='word_1_710' title='bbox 3192 4951 3348 5005; x_wconf 83' lang='grc' dir='ltr'>Δύνει</span> <span class='ocrx_word' id='word_1_711' title='bbox 3387 4953 3444 5004; x_wconf 80' lang='grc' dir='ltr'>δὲ</span> <span class='ocrx_word' id='word_1_712' title='bbox 3471 4953 3682 5020; x_wconf 71' lang='grc' dir='ltr'>Στέφα-</span> 
     </span>
    </p>
   </div>
   <div class='ocr_carea' id='block_1_108' title="bbox 2129 5041 3684 5114">
    <p class='ocr_par' dir='ltr' id='par_1_108' title="bbox 2129 5041 3684 5114">
     <span class='ocr_line' id='line_1_108' title="bbox 2129 5041 3684 5114; baseline 0.001 -20"><span class='ocrx_word' id='word_1_713' title='bbox 2129 5059 2237 5106; x_wconf 90' lang='grc' dir='ltr'>νος,</span> <span class='ocrx_word' id='word_1_714' title='bbox 2297 5041 2498 5114; x_wconf 84' lang='grc' dir='ltr'>Ἰχθύος</span> <span class='ocrx_word' id='word_1_715' title='bbox 2535 5042 2595 5095; x_wconf 85' lang='grc' dir='ltr'>τὸ</span> <span class='ocrx_word' id='word_1_716' title='bbox 2651 5045 2818 5114; x_wconf 76' lang='grc' dir='ltr'>ἥμισυ</span> <span class='ocrx_word' id='word_1_717' title='bbox 2862 5042 2965 5106; x_wconf 78' lang='grc' dir='ltr'>ἕως</span> <span class='ocrx_word' id='word_1_718' title='bbox 3017 5044 3108 5096; x_wconf 73' lang='grc' dir='ltr'><strong>ἐπὶ</strong></span> <span class='ocrx_word' id='word_1_719' title='bbox 3155 5044 3347 5114; x_wconf 77' lang='grc' dir='ltr'>ῥάχιν,</span> <span class='ocrx_word' id='word_1_720' title='bbox 3404 5043 3684 5114; x_wconf 71' lang='grc' dir='ltr'>Ὀφιοῦχος</span> 
     </span>
    </p>
   </div>
   <div class='ocr_carea' id='block_1_109' title="bbox 2125 5133 3680 5208">
    <p class='ocr_par' dir='ltr' id='par_1_109' title="bbox 2125 5133 3680 5208">
     <span class='ocr_line' id='line_1_109' title="bbox 2125 5133 3680 5208; baseline 0.002 -23"><span class='ocrx_word' id='word_1_721' title='bbox 2125 5133 2227 5197; x_wconf 76' lang='grc' dir='ltr'>ἕως</span> <span class='ocrx_word' id='word_1_722' title='bbox 2253 5133 2436 5204; x_wconf 81' lang='grc' dir='ltr'>ὤμων,</span> <span class='ocrx_word' id='word_1_723' title='bbox 2464 5137 2673 5204; x_wconf 76' lang='grc' dir='ltr'>Ὄφεως</span> <span class='ocrx_word' id='word_1_724' title='bbox 2703 5134 2986 5204; x_wconf 79' lang='grc' dir='ltr'>τράχηλος,</span> <span class='ocrx_word' id='word_1_725' title='bbox 3025 5135 3389 5208; x_wconf 68' lang='grc' dir='ltr'>Ἀρκτοερύλαὲ,</span> <span class='ocrx_word' id='word_1_726' title='bbox 3412 5137 3541 5206; x_wconf 77' lang='grc' dir='ltr'>παρ’</span> <span class='ocrx_word' id='word_1_727' title='bbox 3571 5136 3680 5188; x_wconf 78' lang='grc' dir='ltr'>ὀλί-</span> 
     </span>
    </p>
   </div>
   <div class='ocr_carea' id='block_1_110' title="bbox 2124 5240 2235 5291">
    <p class='ocr_par' dir='ltr' id='par_1_110' title="bbox 2124 5240 2235 5291">
     <span class='ocr_line' id='line_1_110' title="bbox 2124 5240 2235 5291; baseline 0.009 -16"><span class='ocrx_word' id='word_1_728' title='bbox 2124 5240 2235 5291; x_wconf 85' lang='grc' dir='ltr'>γον.</span> 
     </span>
    </p>
   </div>
   <div class='ocr_carea' id='block_1_111' title="bbox 2196 5314 3674 5387">
    <p class='ocr_par' dir='ltr' id='par_1_111' title="bbox 2196 5314 3674 5387">
     <span class='ocr_line' id='line_1_111' title="bbox 2196 5314 3674 5387; baseline 0.001 -20"><span class='ocrx_word' id='word_1_729' title='bbox 2196 5315 2418 5377; x_wconf 86' lang='grc' dir='ltr'>Λέοντος</span> <span class='ocrx_word' id='word_1_730' title='bbox 2467 5314 2862 5381; x_wconf 85' lang='grc' dir='ltr'>ἀνατέλλοντος,</span> <span class='ocrx_word' id='word_1_731' title='bbox 2897 5317 3174 5371; x_wconf 86' lang='grc' dir='ltr'>ἀνατέλλει</span> <span class='ocrx_word' id='word_1_732' title='bbox 3225 5316 3486 5387; x_wconf 79' lang='grc' dir='ltr'>Προκύων</span> <span class='ocrx_word' id='word_1_733' title='bbox 3521 5317 3674 5382; x_wconf 77' lang='grc' dir='ltr'>ὅλος,·</span> 
     </span>
    </p>
   </div>
   <div class='ocr_carea' id='block_1_112' title="bbox 2123 5404 3674 5478">
    <p class='ocr_par' dir='ltr' id='par_1_112' title="bbox 2123 5404 3674 5478">
     <span class='ocr_line' id='line_1_112' title="bbox 2123 5404 3674 5478; baseline 0.003 -24"><span class='ocrx_word' id='word_1_734' title='bbox 2123 5404 2367 5469; x_wconf 81' lang='grc' dir='ltr'>Λαγωὸς,</span> <span class='ocrx_word' id='word_1_735' title='bbox 2398 5405 2598 5474; x_wconf 81' lang='grc' dir='ltr'>’Ύδρου</span> <span class='ocrx_word' id='word_1_736' title='bbox 2643 5406 2876 5477; x_wconf 75' lang='grc' dir='ltr'>κεφαλὴ,</span> <span class='ocrx_word' id='word_1_737' title='bbox 2912 5407 3087 5470; x_wconf 87' lang='grc' dir='ltr'>Κυνὸς</span> <span class='ocrx_word' id='word_1_738' title='bbox 3128 5405 3449 5478; x_wconf 77' lang='grc' dir='ltr'>ἐμπρόσθιοι</span> <span class='ocrx_word' id='word_1_739' title='bbox 3498 5406 3674 5469; x_wconf 74' lang='grc' dir='ltr'>πόδες.</span> 
     </span>
    </p>
   </div>
   <div class='ocr_carea' id='block_1_113' title="bbox 2121 5493 3678 5571">
    <p class='ocr_par' dir='ltr' id='par_1_113' title="bbox 2121 5493 3678 5571">
     <span class='ocr_line' id='line_1_113' title="bbox 2121 5493 3678 5571; baseline 0.002 -26"><span class='ocrx_word' id='word_1_740' title='bbox 2121 5493 2274 5546; x_wconf 89' lang='grc' dir='ltr'>Δύνει</span> <span class='ocrx_word' id='word_1_741' title='bbox 2297 5494 2353 5546; x_wconf 81' lang='grc' dir='ltr'>δὲ</span> <span class='ocrx_word' id='word_1_742' title='bbox 2383 5494 2450 5548; x_wconf 76' lang='grc' dir='ltr'>τὰ</span> <span class='ocrx_word' id='word_1_743' title='bbox 2483 5496 2643 5550; x_wconf 80' lang='grc' dir='ltr'>λοιπὰ</span> <span class='ocrx_word' id='word_1_744' title='bbox 2673 5497 2781 5552; x_wconf 85' lang='grc' dir='ltr'><strong>τῶν</strong></span> <span class='ocrx_word' id='word_1_745' title='bbox 2805 5499 2902 5554; x_wconf 83' lang='grc' dir='ltr'>σὺν</span> <span class='ocrx_word' id='word_1_746' title='bbox 2929 5498 3185 5571; x_wconf 80' lang='grc' dir='ltr'>Καρκίνῳ</span> <span class='ocrx_word' id='word_1_747' title='bbox 3217 5497 3678 5569; x_wconf 79' lang='grc' dir='ltr'>προκαταδεδυκό-</span> 
     </span>
    </p>
   </div>
   <div class='ocr_carea' id='block_1_114' title="bbox 572 5661 2039 5742">
    <p class='ocr_par' dir='ltr' id='par_1_114' title="bbox 572 5661 2015 5736">
     <span class='ocr_line' id='line_1_114' title="bbox 572 5661 2015 5736; baseline 0.007 -22"><span class='ocrx_word' id='word_1_748' title='bbox 572 5661 616 5695; x_wconf 82' lang='lat'>”</span> <span class='ocrx_word' id='word_1_749' title='bbox 654 5663 694 5728; x_wconf 79' lang='lat' dir='ltr'><strong>f.</strong></span> <span class='ocrx_word' id='word_1_750' title='bbox 725 5665 1110 5722; x_wconf 70' lang='grc' dir='ltr'>συνανατολῶν.</span> <span class='ocrx_word' id='word_1_751' title='bbox 1188 5668 1202 5698; x_wconf 83' lang='grc'>¹</span> <span class='ocrx_word' id='word_1_752' title='bbox 1237 5666 1278 5736; x_wconf 75' lang='grc' dir='ltr'>ι’.</span> <span class='ocrx_word' id='word_1_753' title='bbox 1308 5667 1418 5722; x_wconf 79' lang='grc' dir='ltr'>ἐπί.</span> <span class='ocrx_word' id='word_1_754' title='bbox 1496 5671 1515 5701; x_wconf 85' lang='grc'><strong>²</strong></span> <span class='ocrx_word' id='word_1_755' title='bbox 1539 5665 1822 5724; x_wconf 74' lang='lat' dir='ltr'><strong>Hendosus</strong></span> <span class='ocrx_word' id='word_1_756' title='bbox 1853 5671 2015 5724; x_wconf 79' lang='lat' dir='ltr'><strong>locus.</strong></span> 
     </span>
    </p>
   </div>
   <div class='ocr_carea' id='block_1_115' title="bbox 2139 5661 2555 5742">
    <p class='ocr_par' dir='ltr' id='par_1_115' title="bbox 2153 5669 2555 5742">
     <span class='ocr_line' id='line_1_115' title="bbox 2153 5669 2555 5742; baseline 0.002 -18"><span class='ocrx_word' id='word_1_757' title='bbox 2153 5669 2196 5738; x_wconf 78' lang='lat' dir='ltr'><strong>f.</strong></span> <span class='ocrx_word' id='word_1_758' title='bbox 2228 5671 2326 5742; x_wconf 85' lang='grc' dir='ltr'><strong>τῆς</strong></span> <span class='ocrx_word' id='word_1_759' title='bbox 2349 5672 2555 5740; x_wconf 88' lang='grc' dir='ltr'>γένυος.</span> 
     </span>
    </p>
   </div>
  </div>
