  <div class='ocr_page' id='page_1' title='image "/cluster/home/n/w/nwhite01/storage/ocr_20150623/19/hvd.32044073501199/578.png"; bbox 0 0 4044 6220; ppageno 0'>
   <div class='ocr_carea' id='block_1_1' title="bbox 392 314 524 374">
    <p class='ocr_par' dir='ltr' id='par_1_1' title="bbox 392 314 524 374">
     <span class='ocr_line' id='line_1_1' title="bbox 392 314 524 374; baseline 0 0"><span class='ocrx_word' id='word_1_1' title='bbox 392 314 524 374; x_wconf 80' lang='lat' dir='ltr'><strong>tm</strong></span> 
     </span>
    </p>
   </div>
   <div class='ocr_carea' id='block_1_2' title="bbox 1432 312 2583 380">
    <p class='ocr_par' dir='ltr' id='par_1_2' title="bbox 1432 312 2583 380">
     <span class='ocr_line' id='line_1_2' title="bbox 1432 312 2583 380; baseline -0.005 -6"><span class='ocrx_word' id='word_1_2' title='bbox 1432 317 1706 380; x_wconf 75' lang='lat' dir='ltr'><strong>INCEBTI</strong></span> <span class='ocrx_word' id='word_1_3' title='bbox 1743 316 1834 372; x_wconf 85' lang='lat' dir='ltr'><strong>AD</strong></span> <span class='ocrx_word' id='word_1_4' title='bbox 1871 313 2080 370; x_wconf 79' lang='lat' dir='ltr'><strong>ARATI</strong></span> <span class='ocrx_word' id='word_1_5' title='bbox 2117 312 2583 370; x_wconf 64' lang='lat' dir='ltr'><strong>PHENOMENA.</strong></span> 
     </span>
    </p>
   </div>
   <div class='ocr_carea' id='block_1_3' title="bbox 3455 314 3594 370">
    <p class='ocr_par' dir='ltr' id='par_1_3' title="bbox 3455 314 3594 370">
     <span class='ocr_line' id='line_1_3' title="bbox 3455 314 3594 370; baseline 0.007 -1"><span class='ocrx_word' id='word_1_6' title='bbox 3455 314 3594 370; x_wconf 62' lang='grc'><strong>8142</strong></span> 
     </span>
    </p>
   </div>
   <div class='ocr_carea' id='block_1_4' title="bbox 388 425 1941 506">
    <p class='ocr_par' dir='ltr' id='par_1_4' title="bbox 388 432 1934 506">
     <span class='ocr_line' id='line_1_4' title="bbox 388 432 1934 506; baseline 0 -20"><span class='ocrx_word' id='word_1_7' title='bbox 388 448 527 486; x_wconf 86' lang='grc' dir='ltr'>των·</span> <span class='ocrx_word' id='word_1_8' title='bbox 562 433 774 487; x_wconf 83' lang='grc' dir='ltr'>Βοὼτου</span> <span class='ocrx_word' id='word_1_9' title='bbox 818 433 878 486; x_wconf 82' lang='grc' dir='ltr'>τὸ</span> <span class='ocrx_word' id='word_1_10' title='bbox 926 433 1127 497; x_wconf 74' lang='grc' dir='ltr'>λοιπὸν,</span> <span class='ocrx_word' id='word_1_11' title='bbox 1161 432 1448 504; x_wconf 80' lang='grc' dir='ltr'>Στέφανος,</span> <span class='ocrx_word' id='word_1_12' title='bbox 1489 435 1802 506; x_wconf 75' lang='grc' dir='ltr'>Ὀφιοῦχος,</span> <span class='ocrx_word' id='word_1_13' title='bbox 1844 434 1934 486; x_wconf 73' lang='grc' dir='ltr'><strong>καὶ</strong></span> 
     </span>
    </p>
   </div>
   <div class='ocr_carea' id='block_1_5' title="bbox 2042 425 3590 506">
    <p class='ocr_par' dir='ltr' id='par_1_5' title="bbox 2042 425 3590 501">
     <span class='ocr_line' id='line_1_5' title="bbox 2042 425 3590 501; baseline 0.001 -15"><span class='ocrx_word' id='word_1_14' title='bbox 2042 446 2221 487; x_wconf 88' lang='lat' dir='ltr'><strong>casum</strong></span> <span class='ocrx_word' id='word_1_15' title='bbox 2244 431 2442 494; x_wconf 84' lang='lat' dir='ltr'><strong>facere,</strong></span> <span class='ocrx_word' id='word_1_16' title='bbox 2465 430 2698 496; x_wconf 85' lang='lat' dir='ltr'><strong>Corona,</strong></span> <span class='ocrx_word' id='word_1_17' title='bbox 2721 427 3059 499; x_wconf 86' lang='lat' dir='ltr'><strong>Ophiuchus,</strong></span> <span class='ocrx_word' id='word_1_18' title='bbox 3082 425 3306 500; x_wconf 79' lang='lat' dir='ltr'><strong>ejusque</strong></span> <span class='ocrx_word' id='word_1_19' title='bbox 3334 429 3590 501; x_wconf 85' lang='lat' dir='ltr'><strong>Serpens,</strong></span> 
     </span>
    </p>
   </div>
   <div class='ocr_carea' id='block_1_6' title="bbox 394 519 1941 601">
    <p class='ocr_par' dir='ltr' id='par_1_6' title="bbox 394 522 1938 601">
     <span class='ocr_line' id='line_1_6' title="bbox 394 522 1938 601; baseline 0.005 -26"><span class='ocrx_word' id='word_1_20' title='bbox 394 523 554 592; x_wconf 86' lang='grc' dir='ltr'>Ὄφις</span> <span class='ocrx_word' id='word_1_21' title='bbox 582 523 766 586; x_wconf 80' lang='grc' dir='ltr'>αὐτοῦ,</span> <span class='ocrx_word' id='word_1_22' title='bbox 799 522 1017 594; x_wconf 84' lang='grc' dir='ltr'>’1χθύες,</span> <span class='ocrx_word' id='word_1_23' title='bbox 1052 524 1250 594; x_wconf 82' lang='grc' dir='ltr'>Κῆτος,</span> <span class='ocrx_word' id='word_1_24' title='bbox 1293 525 1378 579; x_wconf 86' lang='grc' dir='ltr'>Ἑν</span> <span class='ocrx_word' id='word_1_25' title='bbox 1416 525 1631 594; x_wconf 85' lang='grc' dir='ltr'><strong>γόνασιν</strong></span> <span class='ocrx_word' id='word_1_26' title='bbox 1659 526 1775 590; x_wconf 84' lang='grc' dir='ltr'><strong>ὅλος</strong></span> <span class='ocrx_word' id='word_1_27' title='bbox 1803 525 1938 601; x_wconf 63' lang='grc' dir='ltr'>πλὴν</span> 
     </span>
    </p>
   </div>
   <div class='ocr_carea' id='block_1_7' title="bbox 2042 519 3592 601">
    <p class='ocr_par' dir='ltr' id='par_1_7' title="bbox 2042 519 3592 592">
     <span class='ocr_line' id='line_1_7' title="bbox 2042 519 3592 592; baseline 0.001 -16"><span class='ocrx_word' id='word_1_28' title='bbox 2042 520 2247 587; x_wconf 81' lang='lat' dir='ltr'><strong>Pisces,</strong></span> <span class='ocrx_word' id='word_1_29' title='bbox 2282 519 2469 586; x_wconf 86' lang='lat' dir='ltr'><strong>Cetus,</strong></span> <span class='ocrx_word' id='word_1_30' title='bbox 2503 520 2850 592; x_wconf 84' lang='lat' dir='ltr'><strong>lngeniculus</strong></span> <span class='ocrx_word' id='word_1_31' title='bbox 2895 529 3066 587; x_wconf 87' lang='lat' dir='ltr'><strong>totus,</strong></span> <span class='ocrx_word' id='word_1_32' title='bbox 3099 529 3322 592; x_wconf 85' lang='lat' dir='ltr'><strong>excepta</strong></span> <span class='ocrx_word' id='word_1_33' title='bbox 3369 522 3592 578; x_wconf 87' lang='lat' dir='ltr'><strong>sinistra</strong></span> 
     </span>
    </p>
   </div>
   <div class='ocr_carea' id='block_1_8' title="bbox 391 612 942 681">
    <p class='ocr_par' dir='ltr' id='par_1_8' title="bbox 391 612 942 681">
     <span class='ocr_line' id='line_1_8' title="bbox 391 612 942 681; baseline 0.005 -18"><span class='ocrx_word' id='word_1_34' title='bbox 391 613 603 681; x_wconf 85' lang='grc' dir='ltr'><strong>κνήμης</strong></span> <span class='ocrx_word' id='word_1_35' title='bbox 635 612 942 681; x_wconf 76' lang='grc' dir='ltr'>ἀριστερᾶς.</span> 
     </span>
    </p>
   </div>
   <div class='ocr_carea' id='block_1_9' title="bbox 460 701 1938 777">
    <p class='ocr_par' dir='ltr' id='par_1_9' title="bbox 460 701 1938 777">
     <span class='ocr_line' id='line_1_9' title="bbox 460 701 1938 777; baseline 0.002 -21"><span class='ocrx_word' id='word_1_36' title='bbox 460 701 737 773; x_wconf 82' lang='grc' dir='ltr'><strong>Παρθένου</strong></span> <span class='ocrx_word' id='word_1_37' title='bbox 767 702 1176 774; x_wconf 77' lang='grc' dir='ltr'><strong>ἀνατελλούσης,</strong></span> <span class='ocrx_word' id='word_1_38' title='bbox 1195 703 1470 758; x_wconf 79' lang='grc' dir='ltr'><strong>ἀνατέλλει</strong></span> <span class='ocrx_word' id='word_1_39' title='bbox 1493 704 1689 777; x_wconf 84' lang='grc' dir='ltr'>’Ύδρος</span> <span class='ocrx_word' id='word_1_40' title='bbox 1721 705 1824 769; x_wconf 75' lang='grc' dir='ltr'><strong>ἕως</strong></span> <span class='ocrx_word' id='word_1_41' title='bbox 1846 706 1938 759; x_wconf 88' lang='grc' dir='ltr'><strong>τοῦ</strong></span> 
     </span>
    </p>
   </div>
   <div class='ocr_carea' id='block_1_10' title="bbox 2039 615 2194 674">
    <p class='ocr_par' dir='ltr' id='par_1_10' title="bbox 2039 615 2194 674">
     <span class='ocr_line' id='line_1_10' title="bbox 2039 615 2194 674; baseline 0.013 -7"><span class='ocrx_word' id='word_1_42' title='bbox 2039 615 2194 674; x_wconf 90' lang='lat' dir='ltr'><strong>tibia.</strong></span> 
     </span>
    </p>
   </div>
   <div class='ocr_carea' id='block_1_11' title="bbox 2110 670 3598 775">
    <p class='ocr_par' dir='ltr' id='par_1_11' title="bbox 2110 670 3598 775">
     <span class='ocr_line' id='line_1_11' title="bbox 2110 670 3598 775; baseline 0.001 -17"><span class='ocrx_word' id='word_1_43' title='bbox 2110 670 2332 759; x_wconf 76' lang='lat' dir='ltr'><strong>Oriente</strong></span> <span class='ocrx_word' id='word_1_44' title='bbox 2369 703 2590 774; x_wconf 80' lang='lat' dir='ltr'><strong>Virgine</strong></span> <span class='ocrx_word' id='word_1_45' title='bbox 2621 670 2836 775; x_wconf 81' lang='lat' dir='ltr'><strong>Hydrus</strong></span> <span class='ocrx_word' id='word_1_46' title='bbox 2868 704 3043 758; x_wconf 91' lang='lat' dir='ltr'><strong>oritur</strong></span> <span class='ocrx_word' id='word_1_47' title='bbox 3090 719 3264 774; x_wconf 88' lang='lat' dir='ltr'><strong>usque</strong></span> <span class='ocrx_word' id='word_1_48' title='bbox 3293 703 3359 758; x_wconf 90' lang='lat' dir='ltr'><strong>ad</strong></span> <span class='ocrx_word' id='word_1_49' title='bbox 3409 704 3598 760; x_wconf 88' lang='lat' dir='ltr'><strong>Crate-</strong></span> 
     </span>
    </p>
   </div>
   <div class='ocr_carea' id='block_1_12' title="bbox 389 786 1941 871">
    <p class='ocr_par' dir='ltr' id='par_1_12' title="bbox 389 794 1941 868">
     <span class='ocr_line' id='line_1_12' title="bbox 389 794 1941 868; baseline 0.003 -22"><span class='ocrx_word' id='word_1_50' title='bbox 389 794 708 864; x_wconf 88' lang='grc' dir='ltr'>Κρατῆρος,</span> <span class='ocrx_word' id='word_1_51' title='bbox 744 794 935 859; x_wconf 21' lang='grc' dir='ltr'>Κυνὸς,</span> <span class='ocrx_word' id='word_1_52' title='bbox 948 795 1179 865; x_wconf 84' lang='grc' dir='ltr'>μεγάλου</span> <span class='ocrx_word' id='word_1_53' title='bbox 1209 795 1442 853; x_wconf 85' lang='grc' dir='ltr'>όπίσθιοι</span> <span class='ocrx_word' id='word_1_54' title='bbox 1485 797 1677 864; x_wconf 82' lang='grc' dir='ltr'><strong>πόδες,</strong></span> <span class='ocrx_word' id='word_1_55' title='bbox 1715 797 1941 868; x_wconf 79' lang='grc' dir='ltr'>Ἀργοῦς</span> 
     </span>
    </p>
   </div>
   <div class='ocr_carea' id='block_1_13' title="bbox 2042 786 3595 871">
    <p class='ocr_par' dir='ltr' id='par_1_13' title="bbox 2042 786 3595 871">
     <span class='ocr_line' id='line_1_13' title="bbox 2042 786 3595 871; baseline 0.001 -23"><span class='ocrx_word' id='word_1_56' title='bbox 2042 811 2178 860; x_wconf 87' lang='lat' dir='ltr'><strong>rem,</strong></span> <span class='ocrx_word' id='word_1_57' title='bbox 2218 796 2443 866; x_wconf 83' lang='lat' dir='ltr'><strong>majoris</strong></span> <span class='ocrx_word' id='word_1_58' title='bbox 2473 794 2637 850; x_wconf 86' lang='lat' dir='ltr'><strong>Canis</strong></span> <span class='ocrx_word' id='word_1_59' title='bbox 2666 786 2996 864; x_wconf 85' lang='lat' dir='ltr'><strong>posteriores</strong></span> <span class='ocrx_word' id='word_1_60' title='bbox 3036 795 3221 871; x_wconf 84' lang='lat' dir='ltr'><strong>pedes,</strong></span> <span class='ocrx_word' id='word_1_61' title='bbox 3276 795 3452 868; x_wconf 83' lang='lat' dir='ltr'><strong>Argus</strong></span> <span class='ocrx_word' id='word_1_62' title='bbox 3503 813 3595 850; x_wconf 83' lang='lat' dir='ltr'><strong>ca-</strong></span> 
     </span>
    </p>
   </div>
   <div class='ocr_carea' id='block_1_14' title="bbox 388 884 1938 957">
    <p class='ocr_par' dir='ltr' id='par_1_14' title="bbox 388 884 1938 957">
     <span class='ocr_line' id='line_1_14' title="bbox 388 884 1938 957; baseline 0.002 -20"><span class='ocrx_word' id='word_1_63' title='bbox 388 885 632 956; x_wconf 85' lang='grc' dir='ltr'>τρόπεως</span> <span class='ocrx_word' id='word_1_64' title='bbox 669 884 908 957; x_wconf 86' lang='grc' dir='ltr'>πρύμνα.</span> <span class='ocrx_word' id='word_1_65' title='bbox 954 885 1107 939; x_wconf 88' lang='grc' dir='ltr'>Δύνει</span> <span class='ocrx_word' id='word_1_66' title='bbox 1135 887 1190 939; x_wconf 82' lang='grc' dir='ltr'><strong>δὲ</strong></span> <span class='ocrx_word' id='word_1_67' title='bbox 1235 887 1418 957; x_wconf 88' lang='grc' dir='ltr'>Λύρα,</span> <span class='ocrx_word' id='word_1_68' title='bbox 1447 887 1661 956; x_wconf 61' lang='grc' dir='ltr'>Δελφίς,</span> <span class='ocrx_word' id='word_1_69' title='bbox 1707 887 1938 952; x_wconf 75' lang='grc' dir='ltr'>’σεο-τὸς,</span> 
     </span>
    </p>
   </div>
   <div class='ocr_carea' id='block_1_15' title="bbox 2040 886 3599 962">
    <p class='ocr_par' dir='ltr' id='par_1_15' title="bbox 2040 886 3599 962">
     <span class='ocr_line' id='line_1_15' title="bbox 2040 886 3599 962; baseline 0.001 -20"><span class='ocrx_word' id='word_1_70' title='bbox 2040 889 2174 942; x_wconf 73' lang='lat' dir='ltr'><strong>rinze</strong></span> <span class='ocrx_word' id='word_1_71' title='bbox 2202 888 2416 958; x_wconf 88' lang='lat' dir='ltr'><strong>puppis.</strong></span> <span class='ocrx_word' id='word_1_72' title='bbox 2441 886 2928 952; x_wconf 89' lang='lat' dir='ltr'><strong>OcciditFidicula,</strong></span> <span class='ocrx_word' id='word_1_73' title='bbox 2964 887 3211 958; x_wconf 86' lang='lat' dir='ltr'><strong>Delphin,</strong></span> <span class='ocrx_word' id='word_1_74' title='bbox 3244 888 3468 959; x_wconf 88' lang='lat' dir='ltr'><strong>Sagitta,</strong></span> <span class='ocrx_word' id='word_1_75' title='bbox 3494 891 3599 962; x_wconf 86' lang='lat' dir='ltr'><strong>Cy-</strong></span> 
     </span>
    </p>
   </div>
   <div class='ocr_carea' id='block_1_16' title="bbox 393 976 1941 1054">
    <p class='ocr_par' dir='ltr' id='par_1_16' title="bbox 393 976 1938 1054">
     <span class='ocr_line' id='line_1_16' title="bbox 393 976 1938 1054; baseline 0.003 -26"><span class='ocrx_word' id='word_1_76' title='bbox 393 979 579 1047; x_wconf 86' lang='grc' dir='ltr'>Ὄρνις</span> <span class='ocrx_word' id='word_1_77' title='bbox 606 976 709 1040; x_wconf 79' lang='grc' dir='ltr'><strong>ἕως</strong></span> <span class='ocrx_word' id='word_1_78' title='bbox 738 977 922 1048; x_wconf 81' lang='grc' dir='ltr'>οὐρᾶς,</span> <span class='ocrx_word' id='word_1_79' title='bbox 959 977 1203 1048; x_wconf 85' lang='grc' dir='ltr'>ποταμοῦ</span> <span class='ocrx_word' id='word_1_80' title='bbox 1243 979 1522 1048; x_wconf 80' lang='grc' dir='ltr'>Ἠριδανοῦ</span> <span class='ocrx_word' id='word_1_81' title='bbox 1551 979 1740 1051; x_wconf 84' lang='grc' dir='ltr'>πρῶτα</span> <span class='ocrx_word' id='word_1_82' title='bbox 1777 980 1938 1054; x_wconf 81' lang='grc' dir='ltr'>μέρη,</span> 
     </span>
    </p>
   </div>
   <div class='ocr_carea' id='block_1_17' title="bbox 2042 976 3603 1054">
    <p class='ocr_par' dir='ltr' id='par_1_17' title="bbox 2042 979 3603 1053">
     <span class='ocr_line' id='line_1_17' title="bbox 2042 979 3603 1053; baseline 0.002 -18"><span class='ocrx_word' id='word_1_83' title='bbox 2042 997 2180 1052; x_wconf 85' lang='lat' dir='ltr'><strong>gnus</strong></span> <span class='ocrx_word' id='word_1_84' title='bbox 2203 982 2375 1035; x_wconf 88' lang='lat' dir='ltr'><strong>cauda</strong></span> <span class='ocrx_word' id='word_1_85' title='bbox 2405 990 2583 1044; x_wconf 90' lang='lat' dir='ltr'><strong>tenus,</strong></span> <span class='ocrx_word' id='word_1_86' title='bbox 2628 979 2846 1038; x_wconf 80' lang='lat' dir='ltr'><strong>Eridani</strong></span> <span class='ocrx_word' id='word_1_87' title='bbox 2890 980 3036 1038; x_wconf 85' lang='lat' dir='ltr'><strong>lluvii</strong></span> <span class='ocrx_word' id='word_1_88' title='bbox 3069 982 3367 1042; x_wconf 85' lang='lat' dir='ltr'><strong>anteriores</strong></span> <span class='ocrx_word' id='word_1_89' title='bbox 3398 993 3603 1053; x_wconf 80' lang='lat' dir='ltr'><strong>partes,</strong></span> 
     </span>
    </p>
   </div>
   <div class='ocr_carea' id='block_1_18' title="bbox 390 1068 1198 1140">
    <p class='ocr_par' dir='ltr' id='par_1_18' title="bbox 390 1068 1198 1140">
     <span class='ocr_line' id='line_1_18' title="bbox 390 1068 1198 1140; baseline 0.002 -19"><span class='ocrx_word' id='word_1_90' title='bbox 390 1068 587 1121; x_wconf 83' lang='grc' dir='ltr'>Ἵππου</span> <span class='ocrx_word' id='word_1_91' title='bbox 614 1068 843 1138; x_wconf 75' lang='grc' dir='ltr'>κεφαλὴ,</span> <span class='ocrx_word' id='word_1_92' title='bbox 881 1069 974 1122; x_wconf 72' lang='grc' dir='ltr'><strong>καὶ</strong></span> <span class='ocrx_word' id='word_1_93' title='bbox 1005 1070 1198 1140; x_wconf 79' lang='grc' dir='ltr'>αὐχήν.</span> 
     </span>
    </p>
   </div>
   <div class='ocr_carea' id='block_1_19' title="bbox 457 1156 1940 1230">
    <p class='ocr_par' dir='ltr' id='par_1_19' title="bbox 457 1156 1940 1230">
     <span class='ocr_line' id='line_1_19' title="bbox 457 1156 1940 1230; baseline 0.004 -21"><span class='ocrx_word' id='word_1_94' title='bbox 457 1156 653 1228; x_wconf 83' lang='grc' dir='ltr'>Χηλῶν</span> <span class='ocrx_word' id='word_1_95' title='bbox 711 1158 1110 1213; x_wconf 86' lang='grc' dir='ltr'>ἀνατελλουσῶν</span> <span class='ocrx_word' id='word_1_96' title='bbox 1135 1199 1149 1224; x_wconf 93' lang='grc'><strong>,</strong></span> <span class='ocrx_word' id='word_1_97' title='bbox 1199 1159 1475 1214; x_wconf 79' lang='grc' dir='ltr'>ἀνατέλλει</span> <span class='ocrx_word' id='word_1_98' title='bbox 1525 1161 1738 1230; x_wconf 85' lang='grc' dir='ltr'>Βοώτης</span> <span class='ocrx_word' id='word_1_99' title='bbox 1785 1161 1902 1225; x_wconf 83' lang='grc' dir='ltr'>ὅλος</span> <span class='ocrx_word' id='word_1_100' title='bbox 1923 1200 1940 1224; x_wconf 88' lang='grc'><strong>,</strong></span> 
     </span>
    </p>
   </div>
   <div class='ocr_carea' id='block_1_20' title="bbox 403 1248 1944 1325">
    <p class='ocr_par' dir='ltr' id='par_1_20' title="bbox 403 1248 1944 1325">
     <span class='ocr_line' id='line_1_20' title="bbox 403 1248 1944 1325; baseline 0.003 -24"><span class='ocrx_word' id='word_1_101' title='bbox 403 1248 580 1318; x_wconf 87' lang='grc' dir='ltr'>Ἀργὼ</span> <span class='ocrx_word' id='word_1_102' title='bbox 620 1249 751 1312; x_wconf 83' lang='grc' dir='ltr'>ναῦς</span> <span class='ocrx_word' id='word_1_103' title='bbox 797 1249 922 1320; x_wconf 90' lang='grc' dir='ltr'>ὅλη,</span> <span class='ocrx_word' id='word_1_104' title='bbox 949 1250 1178 1322; x_wconf 86' lang='grc' dir='ltr'>’Ύδρος,</span> <span class='ocrx_word' id='word_1_105' title='bbox 1226 1251 1485 1323; x_wconf 84' lang='grc' dir='ltr'>Κρατὴρ,</span> <span class='ocrx_word' id='word_1_106' title='bbox 1532 1251 1750 1325; x_wconf 81' lang='grc' dir='ltr'>Κόραξ,</span> <span class='ocrx_word' id='word_1_107' title='bbox 1797 1253 1944 1318; x_wconf 81' lang='grc' dir='ltr'>δεξιά</span> 
     </span>
    </p>
   </div>
   <div class='ocr_carea' id='block_1_21' title="bbox 390 1340 1940 1415">
    <p class='ocr_par' dir='ltr' id='par_1_21' title="bbox 390 1340 1940 1415">
     <span class='ocr_line' id='line_1_21' title="bbox 390 1340 1940 1415; baseline 0.004 -21"><span class='ocrx_word' id='word_1_108' title='bbox 390 1342 570 1412; x_wconf 76' lang='grc' dir='ltr'>κνήμη</span> <span class='ocrx_word' id='word_1_109' title='bbox 603 1340 694 1394; x_wconf 91' lang='grc' dir='ltr'><strong>τοῦ</strong></span> <span class='ocrx_word' id='word_1_110' title='bbox 724 1342 810 1394; x_wconf 85' lang='grc' dir='ltr'>Ἐν</span> <span class='ocrx_word' id='word_1_111' title='bbox 828 1341 1043 1409; x_wconf 84' lang='grc' dir='ltr'>γόνασιν</span> <span class='ocrx_word' id='word_1_112' title='bbox 1071 1342 1174 1405; x_wconf 77' lang='grc' dir='ltr'>ἕως</span> <span class='ocrx_word' id='word_1_113' title='bbox 1200 1343 1625 1415; x_wconf 77' lang='grc' dir='ltr'>γόνατος,ῆμισυ</span> <span class='ocrx_word' id='word_1_114' title='bbox 1653 1346 1940 1415; x_wconf 80' lang='grc' dir='ltr'>Στεφάνου,</span> 
     </span>
    </p>
   </div>
   <div class='ocr_carea' id='block_1_22' title="bbox 389 1432 1942 1510">
    <p class='ocr_par' dir='ltr' id='par_1_22' title="bbox 389 1432 1942 1510">
     <span class='ocr_line' id='line_1_22' title="bbox 389 1432 1942 1510; baseline 0.003 -25"><span class='ocrx_word' id='word_1_115' title='bbox 389 1433 683 1507; x_wconf 71' lang='grc' dir='ltr'>ἀκροντῆς</span> <span class='ocrx_word' id='word_1_116' title='bbox 713 1433 878 1503; x_wconf 85' lang='grc' dir='ltr'>ούρᾶς</span> <span class='ocrx_word' id='word_1_117' title='bbox 907 1432 1000 1486; x_wconf 89' lang='grc' dir='ltr'><strong>τοῦ</strong></span> <span class='ocrx_word' id='word_1_118' title='bbox 1038 1435 1368 1506; x_wconf 84' lang='grc' dir='ltr'>Κενταύρου.</span> <span class='ocrx_word' id='word_1_119' title='bbox 1401 1438 1659 1508; x_wconf 82' lang='grc' dir='ltr'>Παρεῖται</span> <span class='ocrx_word' id='word_1_120' title='bbox 1693 1438 1942 1510; x_wconf 77' lang='grc' dir='ltr'>Κρατὴρ,</span> 
     </span>
    </p>
   </div>
   <div class='ocr_carea' id='block_1_23' title="bbox 389 1518 1938 1601">
    <p class='ocr_par' dir='ltr' id='par_1_23' title="bbox 389 1518 1938 1601">
     <span class='ocr_line' id='line_1_23' title="bbox 389 1518 1938 1601; baseline 0.005 -25"><span class='ocrx_word' id='word_1_121' title='bbox 389 1522 760 1594; x_wconf 79' lang='grc' dir='ltr'>Κόραξ.Δύνει</span> <span class='ocrx_word' id='word_1_122' title='bbox 793 1524 850 1577; x_wconf 82' lang='grc' dir='ltr'><strong>δὲ</strong></span> <span class='ocrx_word' id='word_1_123' title='bbox 878 1525 1070 1578; x_wconf 81' lang='grc' dir='ltr'>Ἵππου</span> <span class='ocrx_word' id='word_1_124' title='bbox 1093 1525 1154 1580; x_wconf 82' lang='grc' dir='ltr'>τὸ</span> <span class='ocrx_word' id='word_1_125' title='bbox 1187 1526 1391 1592; x_wconf 80' lang='grc' dir='ltr'>λοιπὸν,</span> <span class='ocrx_word' id='word_1_126' title='bbox 1423 1518 1668 1601; x_wconf 78' lang='grc' dir='ltr'>Ὄρνιθος</span> <span class='ocrx_word' id='word_1_127' title='bbox 1702 1530 1938 1600; x_wconf 86' lang='grc' dir='ltr'>μεγάλου</span> 
     </span>
    </p>
   </div>
   <div class='ocr_carea' id='block_1_24' title="bbox 388 1613 1940 1690">
    <p class='ocr_par' dir='ltr' id='par_1_24' title="bbox 388 1613 1940 1690">
     <span class='ocr_line' id='line_1_24' title="bbox 388 1613 1940 1690; baseline 0.006 -25"><span class='ocrx_word' id='word_1_128' title='bbox 388 1613 544 1684; x_wconf 81' lang='grc' dir='ltr'>οὐρὰ,</span> <span class='ocrx_word' id='word_1_129' title='bbox 595 1614 944 1686; x_wconf 88' lang='grc' dir='ltr'>Ἀνδρομέδας</span> <span class='ocrx_word' id='word_1_130' title='bbox 984 1617 1210 1688; x_wconf 81' lang='grc' dir='ltr'>κεφαλὴ,</span> <span class='ocrx_word' id='word_1_131' title='bbox 1246 1619 1340 1671; x_wconf 74' lang='grc' dir='ltr'><strong>καὶ</strong></span> <span class='ocrx_word' id='word_1_132' title='bbox 1380 1619 1561 1689; x_wconf 84' lang='grc' dir='ltr'>Κῆτος</span> <span class='ocrx_word' id='word_1_133' title='bbox 1590 1619 1694 1684; x_wconf 77' lang='grc' dir='ltr'>ἕως</span> <span class='ocrx_word' id='word_1_134' title='bbox 1732 1621 1940 1690; x_wconf 78' lang='grc' dir='ltr'>λοφιᾶς,</span> 
     </span>
    </p>
   </div>
   <div class='ocr_carea' id='block_1_25' title="bbox 387 1703 1549 1790">
    <p class='ocr_par' dir='ltr' id='par_1_25' title="bbox 387 1703 1549 1790">
     <span class='ocr_line' id='line_1_25' title="bbox 387 1703 1549 1790; baseline 0.007 -34"><span class='ocrx_word' id='word_1_135' title='bbox 387 1704 624 1781; x_wconf 72' lang='grc' dir='ltr'>Κηφέως</span> <span class='ocrx_word' id='word_1_136' title='bbox 651 1705 879 1778; x_wconf 81' lang='grc' dir='ltr'>κεφαλὴ,</span> <span class='ocrx_word' id='word_1_137' title='bbox 907 1709 1000 1761; x_wconf 80' lang='grc' dir='ltr'>καὶ</span> <span class='ocrx_word' id='word_1_138' title='bbox 1030 1703 1190 1790; x_wconf 80' lang='grc' dir='ltr'>ὦμοι,</span> <span class='ocrx_word' id='word_1_139' title='bbox 1222 1710 1316 1770; x_wconf 77' lang='grc' dir='ltr'>καὶ</span> <span class='ocrx_word' id='word_1_140' title='bbox 1348 1713 1549 1783; x_wconf 85' lang='grc' dir='ltr'>χεῖρες.</span> 
     </span>
    </p>
   </div>
   <div class='ocr_carea' id='block_1_26' title="bbox 2043 1071 2672 1142">
    <p class='ocr_par' dir='ltr' id='par_1_26' title="bbox 2043 1071 2672 1142">
     <span class='ocr_line' id='line_1_26' title="bbox 2043 1071 2672 1142; baseline -0.002 -18"><span class='ocrx_word' id='word_1_141' title='bbox 2043 1071 2179 1142; x_wconf 88' lang='lat' dir='ltr'><strong>Equi</strong></span> <span class='ocrx_word' id='word_1_142' title='bbox 2203 1079 2366 1141; x_wconf 69' lang='lat' dir='ltr'><strong>caput</strong></span> <span class='ocrx_word' id='word_1_143' title='bbox 2395 1079 2449 1125; x_wconf 92' lang='lat' dir='ltr'><strong>et</strong></span> <span class='ocrx_word' id='word_1_144' title='bbox 2469 1071 2672 1132; x_wconf 81' lang='lat' dir='ltr'><strong>cervix.</strong></span> 
     </span>
    </p>
   </div>
   <div class='ocr_carea' id='block_1_27' title="bbox 2111 1160 3601 1232">
    <p class='ocr_par' dir='ltr' id='par_1_27' title="bbox 2111 1160 3601 1232">
     <span class='ocr_line' id='line_1_27' title="bbox 2111 1160 3601 1232; baseline 0 -14"><span class='ocrx_word' id='word_1_145' title='bbox 2111 1160 2424 1218; x_wconf 90' lang='lat' dir='ltr'><strong>Orientibus</strong></span> <span class='ocrx_word' id='word_1_146' title='bbox 2474 1163 2657 1218; x_wconf 88' lang='lat' dir='ltr'><strong>Chelis</strong></span> <span class='ocrx_word' id='word_1_147' title='bbox 2717 1161 2913 1217; x_wconf 86' lang='lat' dir='ltr'><strong>Bootes</strong></span> <span class='ocrx_word' id='word_1_148' title='bbox 2947 1169 3093 1219; x_wconf 90' lang='lat' dir='ltr'><strong>totus</strong></span> <span class='ocrx_word' id='word_1_149' title='bbox 3139 1163 3401 1228; x_wconf 76' lang='lat' dir='ltr'><strong>exoritur,</strong></span> <span class='ocrx_word' id='word_1_150' title='bbox 3455 1164 3601 1232; x_wconf 81' lang='lat' dir='ltr'><strong>Argo</strong></span> 
     </span>
    </p>
   </div>
   <div class='ocr_carea' id='block_1_28' title="bbox 2043 1253 3598 1326">
    <p class='ocr_par' dir='ltr' id='par_1_28' title="bbox 2043 1253 3598 1326">
     <span class='ocr_line' id='line_1_28' title="bbox 2043 1253 3598 1326; baseline -0.001 -17"><span class='ocrx_word' id='word_1_151' title='bbox 2043 1256 2196 1310; x_wconf 78' lang='lat' dir='ltr'><strong>navis</strong></span> <span class='ocrx_word' id='word_1_152' title='bbox 2231 1255 2462 1326; x_wconf 81' lang='lat' dir='ltr'><strong>integra,</strong></span> <span class='ocrx_word' id='word_1_153' title='bbox 2513 1253 2754 1324; x_wconf 81' lang='lat' dir='ltr'><strong>Hydrus,</strong></span> <span class='ocrx_word' id='word_1_154' title='bbox 2782 1254 2994 1317; x_wconf 88' lang='lat' dir='ltr'><strong>Crater,</strong></span> <span class='ocrx_word' id='word_1_155' title='bbox 3025 1253 3256 1319; x_wconf 82' lang='lat' dir='ltr'><strong>Corvus,</strong></span> <span class='ocrx_word' id='word_1_156' title='bbox 3283 1254 3598 1325; x_wconf 65' lang='grc' dir='ltr'><strong>ΔΙιιεεθιιὶρυιί</strong></span> 
     </span>
    </p>
   </div>
   <div class='ocr_carea' id='block_1_29' title="bbox 2041 1343 3599 1417">
    <p class='ocr_par' dir='ltr' id='par_1_29' title="bbox 2041 1343 3599 1417">
     <span class='ocr_line' id='line_1_29' title="bbox 2041 1343 3599 1417; baseline -0.003 -16"><span class='ocrx_word' id='word_1_157' title='bbox 2041 1347 2175 1401; x_wconf 90' lang='lat' dir='ltr'><strong>tibia</strong></span> <span class='ocrx_word' id='word_1_158' title='bbox 2198 1345 2385 1401; x_wconf 88' lang='lat' dir='ltr'><strong>dextra</strong></span> <span class='ocrx_word' id='word_1_159' title='bbox 2419 1361 2590 1416; x_wconf 92' lang='lat' dir='ltr'><strong>usque</strong></span> <span class='ocrx_word' id='word_1_160' title='bbox 2621 1346 2688 1400; x_wconf 89' lang='lat' dir='ltr'><strong>ad</strong></span> <span class='ocrx_word' id='word_1_161' title='bbox 2717 1361 2878 1417; x_wconf 87' lang='lat' dir='ltr'><strong>genu,</strong></span> <span class='ocrx_word' id='word_1_162' title='bbox 2918 1345 3139 1400; x_wconf 88' lang='lat' dir='ltr'><strong>dimidia</strong></span> <span class='ocrx_word' id='word_1_163' title='bbox 3163 1343 3394 1410; x_wconf 85' lang='lat' dir='ltr'><strong>Corona,</strong></span> <span class='ocrx_word' id='word_1_164' title='bbox 3424 1353 3599 1408; x_wconf 42' lang='lat' dir='ltr'><strong>extre:</strong></span> 
     </span>
    </p>
   </div>
   <div class='ocr_carea' id='block_1_30' title="bbox 2041 1434 3599 1498">
    <p class='ocr_par' dir='ltr' id='par_1_30' title="bbox 2041 1434 3599 1498">
     <span class='ocr_line' id='line_1_30' title="bbox 2041 1434 3599 1498; baseline -0.003 -7"><span class='ocrx_word' id='word_1_165' title='bbox 2041 1438 2205 1495; x_wconf 83' lang='lat' dir='ltr'><strong>mitas</strong></span> <span class='ocrx_word' id='word_1_166' title='bbox 2237 1436 2422 1492; x_wconf 63' lang='lat' dir='ltr'><strong>caudae</strong></span> <span class='ocrx_word' id='word_1_167' title='bbox 2452 1436 2735 1492; x_wconf 78' lang='lat' dir='ltr'><strong>Centauri.</strong></span> <span class='ocrx_word' id='word_1_168' title='bbox 2755 1436 3019 1498; x_wconf 85' lang='lat' dir='ltr'><strong>Omissus</strong></span> <span class='ocrx_word' id='word_1_169' title='bbox 3061 1444 3144 1491; x_wconf 92' lang='lat' dir='ltr'><strong>est</strong></span> <span class='ocrx_word' id='word_1_170' title='bbox 3175 1435 3366 1494; x_wconf 90' lang='lat' dir='ltr'><strong>Crater</strong></span> <span class='ocrx_word' id='word_1_171' title='bbox 3391 1442 3444 1491; x_wconf 92' lang='lat' dir='ltr'><strong>et</strong></span> <span class='ocrx_word' id='word_1_172' title='bbox 3466 1434 3599 1494; x_wconf 86' lang='lat' dir='ltr'><strong>Cor-</strong></span> 
     </span>
    </p>
   </div>
   <div class='ocr_carea' id='block_1_31' title="bbox 2042 1525 3596 1598">
    <p class='ocr_par' dir='ltr' id='par_1_31' title="bbox 2042 1525 3596 1598">
     <span class='ocr_line' id='line_1_31' title="bbox 2042 1525 3596 1598; baseline 0 -19"><span class='ocrx_word' id='word_1_173' title='bbox 2042 1543 2162 1582; x_wconf 87' lang='lat' dir='ltr'><strong>vus.</strong></span> <span class='ocrx_word' id='word_1_174' title='bbox 2194 1526 2482 1590; x_wconf 76' lang='lat' dir='ltr'><strong>Occidunt,</strong></span> <span class='ocrx_word' id='word_1_175' title='bbox 2511 1525 2648 1598; x_wconf 87' lang='lat' dir='ltr'><strong>Equi</strong></span> <span class='ocrx_word' id='word_1_176' title='bbox 2677 1527 2966 1596; x_wconf 84' lang='lat' dir='ltr'><strong>reliquum,</strong></span> <span class='ocrx_word' id='word_1_177' title='bbox 2995 1526 3128 1582; x_wconf 82' lang='lat' dir='ltr'><strong>Avis</strong></span> <span class='ocrx_word' id='word_1_178' title='bbox 3152 1527 3374 1596; x_wconf 87' lang='lat' dir='ltr'><strong>majoris</strong></span> <span class='ocrx_word' id='word_1_179' title='bbox 3403 1527 3596 1596; x_wconf 86' lang='lat' dir='ltr'><strong>cauda,</strong></span> 
     </span>
    </p>
   </div>
   <div class='ocr_carea' id='block_1_32' title="bbox 2041 1613 3601 1690">
    <p class='ocr_par' dir='ltr' id='par_1_32' title="bbox 2041 1613 3601 1690">
     <span class='ocr_line' id='line_1_32' title="bbox 2041 1613 3601 1690; baseline -0.001 -22"><span class='ocrx_word' id='word_1_180' title='bbox 2041 1615 2399 1678; x_wconf 69' lang='lat' dir='ltr'><strong>Andromeda:</strong></span> <span class='ocrx_word' id='word_1_181' title='bbox 2429 1625 2612 1690; x_wconf 83' lang='lat' dir='ltr'><strong>caput,</strong></span> <span class='ocrx_word' id='word_1_182' title='bbox 2652 1615 2818 1672; x_wconf 90' lang='lat' dir='ltr'><strong>Cetus</strong></span> <span class='ocrx_word' id='word_1_183' title='bbox 2844 1616 3056 1671; x_wconf 91' lang='lat' dir='ltr'><strong>cervice</strong></span> <span class='ocrx_word' id='word_1_184' title='bbox 3084 1613 3486 1686; x_wconf 89' lang='lat' dir='ltr'><strong>tenus,_Cephei</strong></span> <span class='ocrx_word' id='word_1_185' title='bbox 3509 1629 3601 1669; x_wconf 87' lang='lat' dir='ltr'><strong>ca-</strong></span> 
     </span>
    </p>
   </div>
   <div class='ocr_carea' id='block_1_33' title="bbox 2042 1708 2770 1779">
    <p class='ocr_par' dir='ltr' id='par_1_33' title="bbox 2042 1708 2770 1779">
     <span class='ocr_line' id='line_1_33' title="bbox 2042 1708 2770 1779; baseline 0.003 -16"><span class='ocrx_word' id='word_1_186' title='bbox 2042 1716 2159 1779; x_wconf 91' lang='lat' dir='ltr'><strong>put,</strong></span> <span class='ocrx_word' id='word_1_187' title='bbox 2195 1708 2404 1763; x_wconf 88' lang='lat' dir='ltr'><strong>humeri</strong></span> <span class='ocrx_word' id='word_1_188' title='bbox 2456 1723 2521 1763; x_wconf 89' lang='lat' dir='ltr'><strong>ac</strong></span> <span class='ocrx_word' id='word_1_189' title='bbox 2555 1725 2770 1766; x_wconf 88' lang='lat' dir='ltr'><strong>manus.</strong></span> 
     </span>
    </p>
   </div>
   <div class='ocr_carea' id='block_1_34' title="bbox 460 1779 1941 1872">
    <p class='ocr_par' dir='ltr' id='par_1_34' title="bbox 460 1779 1941 1872">
     <span class='ocr_line' id='line_1_34' title="bbox 460 1779 1941 1872; baseline 0.005 -23"><span class='ocrx_word' id='word_1_190' title='bbox 460 1779 729 1865; x_wconf 62' lang='lat' dir='ltr'><strong>Exop&#39;xlou</strong></span> <span class='ocrx_word' id='word_1_191' title='bbox 777 1783 1182 1865; x_wconf 84' lang='grc' dir='ltr'>ἀνατέλλοντος,</span> <span class='ocrx_word' id='word_1_192' title='bbox 1233 1779 1507 1854; x_wconf 76' lang='grc' dir='ltr'>ἀνατέλλει</span> <span class='ocrx_word' id='word_1_193' title='bbox 1552 1802 1817 1872; x_wconf 80' lang='grc' dir='ltr'>Στεφάνου</span> <span class='ocrx_word' id='word_1_194' title='bbox 1882 1803 1941 1856; x_wconf 81' lang='grc' dir='ltr'>τὸ</span> 
     </span>
    </p>
   </div>
   <div class='ocr_carea' id='block_1_35' title="bbox 2042 1779 3596 1872">
    <p class='ocr_par' dir='ltr' id='par_1_35' title="bbox 2115 1797 3596 1871">
     <span class='ocr_line' id='line_1_35' title="bbox 2115 1797 3596 1871; baseline -0.003 -15"><span class='ocrx_word' id='word_1_195' title='bbox 2115 1800 2249 1856; x_wconf 90' lang='lat' dir='ltr'><strong>Cum</strong></span> <span class='ocrx_word' id='word_1_196' title='bbox 2278 1798 2504 1871; x_wconf 89' lang='lat' dir='ltr'><strong>Scorpio</strong></span> <span class='ocrx_word' id='word_1_197' title='bbox 2534 1800 2761 1855; x_wconf 88' lang='lat' dir='ltr'><strong>dimidia</strong></span> <span class='ocrx_word' id='word_1_198' title='bbox 2791 1814 2918 1870; x_wconf 89' lang='lat' dir='ltr'><strong>pars</strong></span> <span class='ocrx_word' id='word_1_199' title='bbox 2943 1799 3110 1855; x_wconf 84' lang='lat' dir='ltr'><strong>altera</strong></span> <span class='ocrx_word' id='word_1_200' title='bbox 3139 1799 3366 1854; x_wconf 82' lang='lat' dir='ltr'><strong>Coronae</strong></span> <span class='ocrx_word' id='word_1_201' title='bbox 3400 1797 3596 1860; x_wconf 87' lang='lat' dir='ltr'><strong>oritur,</strong></span> 
     </span>
    </p>
   </div>
   <div class='ocr_carea' id='block_1_36' title="bbox 388 1889 1944 1965">
    <p class='ocr_par' dir='ltr' id='par_1_36' title="bbox 388 1889 1944 1965">
     <span class='ocr_line' id='line_1_36' title="bbox 388 1889 1944 1965; baseline 0.004 -23"><span class='ocrx_word' id='word_1_202' title='bbox 388 1889 570 1944; x_wconf 79' lang='grc' dir='ltr'>λοιπὸν</span> <span class='ocrx_word' id='word_1_203' title='bbox 612 1889 802 1960; x_wconf 75' lang='grc' dir='ltr'>ἥμισυ,</span> <span class='ocrx_word' id='word_1_204' title='bbox 852 1891 1048 1962; x_wconf 77' lang='grc' dir='ltr'>’Υδρου</span> <span class='ocrx_word' id='word_1_205' title='bbox 1081 1890 1246 1962; x_wconf 87' lang='grc' dir='ltr'>ούρά,</span> <span class='ocrx_word' id='word_1_206' title='bbox 1289 1893 1599 1964; x_wconf 83' lang='grc' dir='ltr'>Κενταύρου</span> <span class='ocrx_word' id='word_1_207' title='bbox 1650 1893 1806 1965; x_wconf 85' lang='grc' dir='ltr'>σῶμα</span> <span class='ocrx_word' id='word_1_208' title='bbox 1851 1894 1944 1948; x_wconf 74' lang='grc' dir='ltr'>καὶ</span> 
     </span>
    </p>
   </div>
   <div class='ocr_carea' id='block_1_37' title="bbox 390 1969 1941 2055">
    <p class='ocr_par' dir='ltr' id='par_1_37' title="bbox 390 1969 1941 2055">
     <span class='ocr_line' id='line_1_37' title="bbox 390 1969 1941 2055; baseline -0.006 -18"><span class='ocrx_word' id='word_1_209' title='bbox 390 1978 596 2050; x_wconf 71' lang='grc' dir='ltr'>κεφαλὴ</span> <span class='ocrx_word' id='word_1_210' title='bbox 623 2018 638 2042; x_wconf 89' lang='grc'><strong>,</strong></span> <span class='ocrx_word' id='word_1_211' title='bbox 672 1979 766 2032; x_wconf 77' lang='grc' dir='ltr'><strong>καὶ</strong></span> <span class='ocrx_word' id='word_1_212' title='bbox 799 1977 858 2032; x_wconf 78' lang='grc' dir='ltr'>τὸ</span> <span class='ocrx_word' id='word_1_213' title='bbox 903 1969 1119 2052; x_wconf 82' lang='grc' dir='ltr'>Θηρίον,</span> <span class='ocrx_word' id='word_1_214' title='bbox 1149 1979 1178 2032; x_wconf 85' lang='grc' dir='ltr'><strong>ὅ</strong></span> <span class='ocrx_word' id='word_1_215' title='bbox 1223 1979 1431 2050; x_wconf 25' lang='grc' dir='ltr'>έχειμὲν</span> <span class='ocrx_word' id='word_1_216' title='bbox 1466 1984 1533 2053; x_wconf 77' lang='grc' dir='ltr'>τῇ</span> <span class='ocrx_word' id='word_1_217' title='bbox 1573 1982 1720 2054; x_wconf 79' lang='grc' dir='ltr'>δεξιᾷ</span> <span class='ocrx_word' id='word_1_218' title='bbox 1769 1983 1941 2055; x_wconf 66' lang='grc' dir='ltr'>χειρὶξ,</span> 
     </span>
    </p>
   </div>
   <div class='ocr_carea' id='block_1_38' title="bbox 403 2061 1940 2144">
    <p class='ocr_par' dir='ltr' id='par_1_38' title="bbox 403 2061 1940 2144">
     <span class='ocr_line' id='line_1_38' title="bbox 403 2061 1940 2144; baseline 0.002 -22"><span class='ocrx_word' id='word_1_219' title='bbox 403 2069 680 2141; x_wconf 80' lang='grc' dir='ltr'>Ὀφιούχου</span> <span class='ocrx_word' id='word_1_220' title='bbox 719 2069 924 2140; x_wconf 83' lang='grc' dir='ltr'>κεφαλή</span> <span class='ocrx_word' id='word_1_221' title='bbox 965 2087 1025 2122; x_wconf 90' lang='grc' dir='ltr'><strong>τε</strong></span> <span class='ocrx_word' id='word_1_222' title='bbox 1061 2072 1153 2124; x_wconf 71' lang='grc' dir='ltr'>καὶ</span> <span class='ocrx_word' id='word_1_223' title='bbox 1181 2072 1337 2143; x_wconf 74' lang='grc' dir='ltr'>χεὶρ,</span> <span class='ocrx_word' id='word_1_224' title='bbox 1375 2072 1478 2132; x_wconf 61' lang='grc' dir='ltr'>καὶ,</span> <span class='ocrx_word' id='word_1_225' title='bbox 1500 2061 1687 2144; x_wconf 84' lang='grc' dir='ltr'>πρώτη</span> <span class='ocrx_word' id='word_1_226' title='bbox 1726 2072 1940 2144; x_wconf 84' lang='grc' dir='ltr'>καμπὴ,</span> 
     </span>
    </p>
   </div>
   <div class='ocr_carea' id='block_1_39' title="bbox 388 2162 1944 2238">
    <p class='ocr_par' dir='ltr' id='par_1_39' title="bbox 388 2162 1944 2238">
     <span class='ocr_line' id='line_1_39' title="bbox 388 2162 1944 2238; baseline 0.003 -24"><span class='ocrx_word' id='word_1_227' title='bbox 388 2162 419 2214; x_wconf 84' lang='grc' dir='ltr'>ὁ</span> <span class='ocrx_word' id='word_1_228' title='bbox 468 2162 553 2215; x_wconf 90' lang='grc' dir='ltr'>Ἐν</span> <span class='ocrx_word' id='word_1_229' title='bbox 592 2163 809 2231; x_wconf 87' lang='grc' dir='ltr'>γόνασιν</span> <span class='ocrx_word' id='word_1_230' title='bbox 856 2163 1004 2227; x_wconf 87' lang='grc' dir='ltr'>ὅλος,</span> <span class='ocrx_word' id='word_1_231' title='bbox 1059 2163 1196 2235; x_wconf 78' lang='grc' dir='ltr'>πλὴν</span> <span class='ocrx_word' id='word_1_232' title='bbox 1243 2165 1481 2235; x_wconf 81' lang='grc' dir='ltr'>κεφαλῆς</span> <span class='ocrx_word' id='word_1_233' title='bbox 1512 2164 1605 2226; x_wconf 75' lang='grc' dir='ltr'><strong>καὶ</strong></span> <span class='ocrx_word' id='word_1_234' title='bbox 1654 2165 1944 2238; x_wconf 76' lang='grc' dir='ltr'>ἀριστερᾶς</span> 
     </span>
    </p>
   </div>
   <div class='ocr_carea' id='block_1_40' title="bbox 390 2253 1942 2328">
    <p class='ocr_par' dir='ltr' id='par_1_40' title="bbox 390 2253 1942 2328">
     <span class='ocr_line' id='line_1_40' title="bbox 390 2253 1942 2328; baseline 0.003 -21"><span class='ocrx_word' id='word_1_235' title='bbox 390 2254 589 2326; x_wconf 86' lang='grc' dir='ltr'>χειρός.</span> <span class='ocrx_word' id='word_1_236' title='bbox 617 2253 772 2308; x_wconf 88' lang='grc' dir='ltr'>Δύνει</span> <span class='ocrx_word' id='word_1_237' title='bbox 811 2254 867 2307; x_wconf 83' lang='grc' dir='ltr'>δὲ</span> <span class='ocrx_word' id='word_1_238' title='bbox 894 2253 1012 2317; x_wconf 88' lang='grc' dir='ltr'>ὅλος</span> <span class='ocrx_word' id='word_1_239' title='bbox 1048 2254 1317 2326; x_wconf 84' lang='grc' dir='ltr'>Ποταμὸς,</span> <span class='ocrx_word' id='word_1_240' title='bbox 1356 2255 1545 2327; x_wconf 81' lang='grc' dir='ltr'>Ὠρίων</span> <span class='ocrx_word' id='word_1_241' title='bbox 1583 2257 1712 2328; x_wconf 86' lang='grc' dir='ltr'>παρ’</span> <span class='ocrx_word' id='word_1_242' title='bbox 1744 2257 1942 2326; x_wconf 86' lang='grc' dir='ltr'>ὀλίγον,</span> 
     </span>
    </p>
   </div>
   <div class='ocr_carea' id='block_1_41' title="bbox 388 2345 1940 2420">
    <p class='ocr_par' dir='ltr' id='par_1_41' title="bbox 388 2345 1940 2420">
     <span class='ocr_line' id='line_1_41' title="bbox 388 2345 1940 2420; baseline 0.001 -17"><span class='ocrx_word' id='word_1_243' title='bbox 388 2351 602 2420; x_wconf 87' lang='grc' dir='ltr'>Κήτους</span> <span class='ocrx_word' id='word_1_244' title='bbox 633 2346 812 2416; x_wconf 84' lang='grc' dir='ltr'>λοφιά,</span> <span class='ocrx_word' id='word_1_245' title='bbox 862 2345 1184 2418; x_wconf 74' lang='grc' dir='ltr'>Ἀνδρομέδα</span> <span class='ocrx_word' id='word_1_246' title='bbox 1204 2388 1218 2413; x_wconf 92' lang='grc'><strong>,</strong></span> <span class='ocrx_word' id='word_1_247' title='bbox 1251 2348 1550 2412; x_wconf 80' lang='grc' dir='ltr'>Δελτωτδν,</span> <span class='ocrx_word' id='word_1_248' title='bbox 1586 2350 1940 2415; x_wconf 83' lang='grc' dir='ltr'>Κασσιέπεια,</span> 
     </span>
    </p>
   </div>
   <div class='ocr_carea' id='block_1_42' title="bbox 388 2437 1941 2514">
    <p class='ocr_par' dir='ltr' id='par_1_42' title="bbox 388 2437 1941 2514">
     <span class='ocr_line' id='line_1_42' title="bbox 388 2437 1941 2514; baseline 0.001 -21"><span class='ocrx_word' id='word_1_249' title='bbox 388 2439 614 2511; x_wconf 83' lang='grc' dir='ltr'>Κηφεὺς</span> <span class='ocrx_word' id='word_1_250' title='bbox 662 2439 771 2493; x_wconf 83' lang='grc' dir='ltr'><strong>ἀπὸ</strong></span> <span class='ocrx_word' id='word_1_251' title='bbox 806 2437 1046 2508; x_wconf 80' lang='grc' dir='ltr'>κεφαλῆς</span> <span class='ocrx_word' id='word_1_252' title='bbox 1083 2439 1188 2504; x_wconf 74' lang='grc' dir='ltr'>ἕως</span> <span class='ocrx_word' id='word_1_253' title='bbox 1232 2439 1458 2509; x_wconf 73' lang='grc' dir='ltr'><strong>ὀσφύος.¹</strong></span> <span class='ocrx_word' id='word_1_254' title='bbox 1509 2441 1767 2514; x_wconf 87' lang='grc' dir='ltr'>Παρεῖται</span> <span class='ocrx_word' id='word_1_255' title='bbox 1815 2441 1941 2495; x_wconf 91' lang='grc' dir='ltr'>Δελ-</span> 
     </span>
    </p>
   </div>
   <div class='ocr_carea' id='block_1_43' title="bbox 388 2532 579 2586">
    <p class='ocr_par' dir='ltr' id='par_1_43' title="bbox 388 2532 579 2586">
     <span class='ocr_line' id='line_1_43' title="bbox 388 2532 579 2586; baseline 0.01 -2"><span class='ocrx_word' id='word_1_256' title='bbox 388 2532 579 2586; x_wconf 84' lang='grc' dir='ltr'>τωτόν.</span> 
     </span>
    </p>
   </div>
   <div class='ocr_carea' id='block_1_44' title="bbox 459 2623 1941 2700">
    <p class='ocr_par' dir='ltr' id='par_1_44' title="bbox 459 2623 1941 2700">
     <span class='ocr_line' id='line_1_44' title="bbox 459 2623 1941 2700; baseline 0.003 -23"><span class='ocrx_word' id='word_1_257' title='bbox 459 2623 685 2690; x_wconf 79' lang='grc' dir='ltr'>Τοξότου</span> <span class='ocrx_word' id='word_1_258' title='bbox 714 2623 1110 2692; x_wconf 82' lang='grc' dir='ltr'>ἀνατέλλοντος,</span> <span class='ocrx_word' id='word_1_259' title='bbox 1140 2627 1415 2683; x_wconf 77' lang='grc' dir='ltr'>ἀνατέλλει</span> <span class='ocrx_word' id='word_1_260' title='bbox 1449 2627 1730 2700; x_wconf 83' lang='grc' dir='ltr'>Ὀφιούχου</span> <span class='ocrx_word' id='word_1_261' title='bbox 1763 2627 1941 2698; x_wconf 87' lang='grc' dir='ltr'>σῶμα,</span> 
     </span>
    </p>
   </div>
   <div class='ocr_carea' id='block_1_45' title="bbox 392 2715 1945 2790">
    <p class='ocr_par' dir='ltr' id='par_1_45' title="bbox 392 2715 1945 2790">
     <span class='ocr_line' id='line_1_45' title="bbox 392 2715 1945 2790; baseline 0.003 -24"><span class='ocrx_word' id='word_1_262' title='bbox 392 2715 606 2784; x_wconf 85' lang='grc' dir='ltr'>Ὄφεως</span> <span class='ocrx_word' id='word_1_263' title='bbox 635 2715 694 2769; x_wconf 80' lang='grc' dir='ltr'>τὺ</span> <span class='ocrx_word' id='word_1_264' title='bbox 724 2716 932 2782; x_wconf 78' lang='grc' dir='ltr'>λοιπὸν,</span> <span class='ocrx_word' id='word_1_265' title='bbox 972 2717 1067 2771; x_wconf 83' lang='grc' dir='ltr'><strong>τοῦ</strong></span> <span class='ocrx_word' id='word_1_266' title='bbox 1107 2718 1194 2771; x_wconf 86' lang='grc' dir='ltr'>Ἐν</span> <span class='ocrx_word' id='word_1_267' title='bbox 1218 2719 1404 2787; x_wconf 85' lang='grc' dir='ltr'>γόνασι</span> <span class='ocrx_word' id='word_1_268' title='bbox 1444 2717 1651 2789; x_wconf 82' lang='grc' dir='ltr'>κεφαλὴ</span> <span class='ocrx_word' id='word_1_269' title='bbox 1689 2717 1782 2772; x_wconf 80' lang='grc' dir='ltr'><strong>καὶ</strong></span> <span class='ocrx_word' id='word_1_270' title='bbox 1826 2718 1945 2790; x_wconf 89' lang='grc' dir='ltr'>ἀρι-</span> 
     </span>
    </p>
   </div>
   <div class='ocr_carea' id='block_1_46' title="bbox 389 2807 1940 2883">
    <p class='ocr_par' dir='ltr' id='par_1_46' title="bbox 389 2807 1940 2883">
     <span class='ocr_line' id='line_1_46' title="bbox 389 2807 1940 2883; baseline 0.003 -24"><span class='ocrx_word' id='word_1_271' title='bbox 389 2807 557 2879; x_wconf 87' lang='grc' dir='ltr'>στερά</span> <span class='ocrx_word' id='word_1_272' title='bbox 592 2808 749 2881; x_wconf 79' lang='grc' dir='ltr'>χεὶρ,</span> <span class='ocrx_word' id='word_1_273' title='bbox 799 2809 975 2883; x_wconf 83' lang='grc' dir='ltr'>Λύρα,</span> <span class='ocrx_word' id='word_1_274' title='bbox 1026 2810 1270 2881; x_wconf 83' lang='grc' dir='ltr'>Κηφεύς.</span> <span class='ocrx_word' id='word_1_275' title='bbox 1308 2811 1464 2864; x_wconf 88' lang='grc' dir='ltr'>Δύνει</span> <span class='ocrx_word' id='word_1_276' title='bbox 1495 2811 1552 2864; x_wconf 80' lang='grc' dir='ltr'>δὲ</span> <span class='ocrx_word' id='word_1_277' title='bbox 1585 2810 1748 2866; x_wconf 86' lang='grc' dir='ltr'>Κύων</span> <span class='ocrx_word' id='word_1_278' title='bbox 1787 2809 1940 2876; x_wconf 90' lang='grc' dir='ltr'>ὅλος,</span> 
     </span>
    </p>
   </div>
   <div class='ocr_carea' id='block_1_47' title="bbox 401 2897 1945 2975">
    <p class='ocr_par' dir='ltr' id='par_1_47' title="bbox 401 2897 1945 2975">
     <span class='ocr_line' id='line_1_47' title="bbox 401 2897 1945 2975; baseline 0.003 -26"><span class='ocrx_word' id='word_1_279' title='bbox 401 2897 621 2968; x_wconf 87' lang='grc' dir='ltr'>Ὠρίων,</span> <span class='ocrx_word' id='word_1_280' title='bbox 667 2899 922 2968; x_wconf 78' lang='grc' dir='ltr'>Λαγωὸς,</span> <span class='ocrx_word' id='word_1_281' title='bbox 957 2899 1196 2975; x_wconf 59' lang='grc' dir='ltr'>ξΗνίοχος</span> <span class='ocrx_word' id='word_1_282' title='bbox 1227 2899 1365 2971; x_wconf 80' lang='grc' dir='ltr'>πλὴν</span> <span class='ocrx_word' id='word_1_283' title='bbox 1400 2901 1614 2972; x_wconf 83' lang='grc' dir='ltr'>κνήμης</span> <span class='ocrx_word' id='word_1_284' title='bbox 1653 2902 1945 2972; x_wconf 81' lang='grc' dir='ltr'>ἀριστερᾶς</span> 
     </span>
    </p>
   </div>
   <div class='ocr_carea' id='block_1_48' title="bbox 387 2984 1944 3063">
    <p class='ocr_par' dir='ltr' id='par_1_48' title="bbox 387 2984 1944 3063">
     <span class='ocr_line' id='line_1_48' title="bbox 387 2984 1944 3063; baseline 0.004 -24"><span class='ocrx_word' id='word_1_285' title='bbox 387 2987 604 3058; x_wconf 77' lang='grc' dir='ltr'>καὶτῆς</span> <span class='ocrx_word' id='word_1_286' title='bbox 644 2989 843 3059; x_wconf 83' lang='grc' dir='ltr'>χειρὸς,</span> <span class='ocrx_word' id='word_1_287' title='bbox 869 2991 953 3058; x_wconf 79' lang='grc' dir='ltr'>ἐφ’</span> <span class='ocrx_word' id='word_1_288' title='bbox 989 2984 1057 3063; x_wconf 77' lang='grc' dir='ltr'>ἦς</span> <span class='ocrx_word' id='word_1_289' title='bbox 1087 2993 1222 3044; x_wconf 75' lang='grc' dir='ltr'>εἰσιν</span> <span class='ocrx_word' id='word_1_290' title='bbox 1265 2991 1382 3056; x_wconf 77' lang='grc' dir='ltr'>Αἲξ,</span> <span class='ocrx_word' id='word_1_291' title='bbox 1423 2991 1667 3062; x_wconf 86' lang='grc' dir='ltr'>Ἕριφοι,</span> <span class='ocrx_word' id='word_1_292' title='bbox 1702 2992 1944 3063; x_wconf 84' lang='grc' dir='ltr'>Περσεὺς</span> 
     </span>
    </p>
   </div>
   <div class='ocr_carea' id='block_1_49' title="bbox 386 3079 1863 3154">
    <p class='ocr_par' dir='ltr' id='par_1_49' title="bbox 386 3079 1863 3154">
     <span class='ocr_line' id='line_1_49' title="bbox 386 3079 1863 3154; baseline 0.005 -23"><span class='ocrx_word' id='word_1_293' title='bbox 386 3079 527 3151; x_wconf 80' lang='grc' dir='ltr'>πλὴν</span> <span class='ocrx_word' id='word_1_294' title='bbox 545 3080 638 3133; x_wconf 90' lang='grc' dir='ltr'><strong>τοῦ</strong></span> <span class='ocrx_word' id='word_1_295' title='bbox 651 3080 822 3146; x_wconf 82' lang='grc' dir='ltr'>δεξιοῦ</span> <span class='ocrx_word' id='word_1_296' title='bbox 850 3081 1023 3146; x_wconf 77' lang='grc' dir='ltr'>ποδὸς,</span> <span class='ocrx_word' id='word_1_297' title='bbox 1064 3082 1286 3154; x_wconf 85' lang='grc' dir='ltr'>Ἀργοῦς</span> <span class='ocrx_word' id='word_1_298' title='bbox 1309 3082 1552 3154; x_wconf 87' lang='grc' dir='ltr'>πρύμνα,</span> <span class='ocrx_word' id='word_1_299' title='bbox 1582 3083 1863 3154; x_wconf 85' lang='grc' dir='ltr'>Προκύων.</span> 
     </span>
    </p>
   </div>
   <div class='ocr_carea' id='block_1_50' title="bbox 458 3171 1938 3244">
    <p class='ocr_par' dir='ltr' id='par_1_50' title="bbox 458 3171 1938 3244">
     <span class='ocr_line' id='line_1_50' title="bbox 458 3171 1938 3244; baseline 0.005 -21"><span class='ocrx_word' id='word_1_300' title='bbox 458 3171 740 3244; x_wconf 83' lang='grc' dir='ltr'>Αίγόκερω</span> <span class='ocrx_word' id='word_1_301' title='bbox 790 3173 1164 3238; x_wconf 86' lang='grc' dir='ltr'>ἀνατέλλοντος</span> <span class='ocrx_word' id='word_1_302' title='bbox 1183 3215 1197 3240; x_wconf 94' lang='grc'><strong>,</strong></span> <span class='ocrx_word' id='word_1_303' title='bbox 1250 3175 1525 3229; x_wconf 81' lang='grc' dir='ltr'>ἀνατέλλει</span> <span class='ocrx_word' id='word_1_304' title='bbox 1573 3176 1752 3239; x_wconf 84' lang='grc' dir='ltr'>Ἀετὸς</span> <span class='ocrx_word' id='word_1_305' title='bbox 1784 3177 1903 3238; x_wconf 84' lang='grc' dir='ltr'>ὅλος</span> <span class='ocrx_word' id='word_1_306' title='bbox 1923 3216 1938 3242; x_wconf 89' lang='grc'><strong>,</strong></span> 
     </span>
    </p>
   </div>
   <div class='ocr_carea' id='block_1_51' title="bbox 400 3260 1942 3334">
    <p class='ocr_par' dir='ltr' id='par_1_51' title="bbox 400 3260 1942 3334">
     <span class='ocr_line' id='line_1_51' title="bbox 400 3260 1942 3334; baseline 0.003 -20"><span class='ocrx_word' id='word_1_307' title='bbox 400 3260 628 3324; x_wconf 80' lang='grc' dir='ltr'>’οῖστὺς,</span> <span class='ocrx_word' id='word_1_308' title='bbox 651 3261 932 3334; x_wconf 79' lang='grc' dir='ltr'>Θυτήριον,</span> <span class='ocrx_word' id='word_1_309' title='bbox 965 3262 1178 3332; x_wconf 60' lang='grc' dir='ltr'>Δελφίς,</span> <span class='ocrx_word' id='word_1_310' title='bbox 1214 3263 1417 3334; x_wconf 87' lang='grc' dir='ltr'>Ὄρνις.</span> <span class='ocrx_word' id='word_1_311' title='bbox 1441 3262 1592 3317; x_wconf 90' lang='grc' dir='ltr'>Δύνει</span> <span class='ocrx_word' id='word_1_312' title='bbox 1615 3264 1672 3318; x_wconf 87' lang='grc' dir='ltr'>δὲ</span> <span class='ocrx_word' id='word_1_313' title='bbox 1701 3264 1942 3334; x_wconf 85' lang='grc' dir='ltr'>Ἡνιόχου</span> 
     </span>
    </p>
   </div>
   <div class='ocr_carea' id='block_1_52' title="bbox 384 3346 1956 3426">
    <p class='ocr_par' dir='ltr' id='par_1_52' title="bbox 384 3346 1956 3426">
     <span class='ocr_line' id='line_1_52' title="bbox 384 3346 1956 3426; baseline 0.004 -22"><span class='ocrx_word' id='word_1_314' title='bbox 384 3350 457 3404; x_wconf 84' lang='grc' dir='ltr'><strong>τὰ</strong></span> <span class='ocrx_word' id='word_1_315' title='bbox 487 3350 674 3416; x_wconf 81' lang='grc' dir='ltr'>λοιπά,</span> <span class='ocrx_word' id='word_1_316' title='bbox 726 3350 933 3423; x_wconf 81' lang='grc' dir='ltr'>κεφαλὴ</span> <span class='ocrx_word' id='word_1_317' title='bbox 989 3353 1083 3406; x_wconf 78' lang='grc' dir='ltr'><strong>καὶ</strong></span> <span class='ocrx_word' id='word_1_318' title='bbox 1134 3351 1254 3423; x_wconf 73' lang='grc' dir='ltr'>χεὶρ</span> <span class='ocrx_word' id='word_1_319' title='bbox 1293 3353 1552 3424; x_wconf 87' lang='grc' dir='ltr'>ἀριστερά</span> <span class='ocrx_word' id='word_1_320' title='bbox 1577 3394 1590 3418; x_wconf 93' lang='grc'><strong>,</strong></span> <span class='ocrx_word' id='word_1_321' title='bbox 1632 3346 1778 3426; x_wconf 76' lang='grc' dir='ltr'><strong>ὲφ⁹ᾖ</strong></span> <span class='ocrx_word' id='word_1_322' title='bbox 1821 3346 1956 3418; x_wconf 45' lang='grc' dir='ltr'>Αἲξ,</span> 
     </span>
    </p>
   </div>
   <div class='ocr_carea' id='block_1_53' title="bbox 392 3441 1942 3516">
    <p class='ocr_par' dir='ltr' id='par_1_53' title="bbox 392 3441 1942 3516">
     <span class='ocr_line' id='line_1_53' title="bbox 392 3441 1942 3516; baseline 0.001 -22"><span class='ocrx_word' id='word_1_323' title='bbox 392 3442 640 3513; x_wconf 83' lang='grc' dir='ltr'>Ἐριφοι,</span> <span class='ocrx_word' id='word_1_324' title='bbox 678 3441 854 3513; x_wconf 85' lang='grc' dir='ltr'>Ἀργὼ</span> <span class='ocrx_word' id='word_1_325' title='bbox 889 3443 982 3513; x_wconf 86' lang='grc' dir='ltr'><strong>ὅλη</strong></span> <span class='ocrx_word' id='word_1_326' title='bbox 1005 3481 1020 3506; x_wconf 91' lang='grc'><strong>,</strong></span> <span class='ocrx_word' id='word_1_327' title='bbox 1055 3442 1254 3513; x_wconf 83' lang='grc' dir='ltr'>’Ύδρος</span> <span class='ocrx_word' id='word_1_328' title='bbox 1296 3443 1401 3508; x_wconf 76' lang='grc' dir='ltr'>ἓως</span> <span class='ocrx_word' id='word_1_329' title='bbox 1436 3445 1760 3516; x_wconf 78' lang='grc' dir='ltr'>Κρατῆρος,</span> <span class='ocrx_word' id='word_1_330' title='bbox 1803 3445 1942 3497; x_wconf 89' lang='grc' dir='ltr'>Κεν-</span> 
     </span>
    </p>
   </div>
   <div class='ocr_carea' id='block_1_54' title="bbox 387 3531 1074 3603">
    <p class='ocr_par' dir='ltr' id='par_1_54' title="bbox 387 3531 1074 3603">
     <span class='ocr_line' id='line_1_54' title="bbox 387 3531 1074 3603; baseline 0.001 -19"><span class='ocrx_word' id='word_1_331' title='bbox 387 3533 589 3603; x_wconf 85' lang='grc' dir='ltr'>ταύρου</span> <span class='ocrx_word' id='word_1_332' title='bbox 625 3532 717 3584; x_wconf 85' lang='grc' dir='ltr'>ὀπί</span> <span class='ocrx_word' id='word_1_333' title='bbox 724 3531 784 3585; x_wconf 92' lang='grc' dir='ltr'><strong>σθ</strong></span> <span class='ocrx_word' id='word_1_334' title='bbox 794 3550 859 3585; x_wconf 87' lang='grc' dir='ltr'><strong>ιοι</strong></span> <span class='ocrx_word' id='word_1_335' title='bbox 897 3533 1074 3596; x_wconf 89' lang='grc' dir='ltr'>πόδες.</span> 
     </span>
    </p>
   </div>
   <div class='ocr_carea' id='block_1_55' title="bbox 475 3625 1941 3698">
    <p class='ocr_par' dir='ltr' id='par_1_55' title="bbox 475 3625 1941 3698">
     <span class='ocr_line' id='line_1_55' title="bbox 475 3625 1941 3698; baseline 0 -20"><span class='ocrx_word' id='word_1_336' title='bbox 475 3625 758 3696; x_wconf 82' lang='grc' dir='ltr'>’Υδροχόου</span> <span class='ocrx_word' id='word_1_337' title='bbox 788 3625 1184 3690; x_wconf 89' lang='grc' dir='ltr'>ἀνατέλλοντος,</span> <span class='ocrx_word' id='word_1_338' title='bbox 1212 3625 1486 3680; x_wconf 86' lang='grc' dir='ltr'>ἀνατέλλει</span> <span class='ocrx_word' id='word_1_339' title='bbox 1507 3628 1701 3680; x_wconf 84' lang='grc' dir='ltr'>Ἵππου</span> <span class='ocrx_word' id='word_1_340' title='bbox 1734 3626 1941 3698; x_wconf 78' lang='grc' dir='ltr'>κεφαλὴ</span> 
     </span>
    </p>
   </div>
   <div class='ocr_carea' id='block_1_56' title="bbox 392 3715 1937 3789">
    <p class='ocr_par' dir='ltr' id='par_1_56' title="bbox 392 3715 1937 3789">
     <span class='ocr_line' id='line_1_56' title="bbox 392 3715 1937 3789; baseline 0.001 -20"><span class='ocrx_word' id='word_1_341' title='bbox 392 3716 488 3770; x_wconf 72' lang='grc' dir='ltr'><strong>καὶ</strong></span> <span class='ocrx_word' id='word_1_342' title='bbox 543 3715 702 3779; x_wconf 80' lang='grc' dir='ltr'>πόδες</span> <span class='ocrx_word' id='word_1_343' title='bbox 763 3715 1113 3787; x_wconf 65' lang='grc' dir='ltr'>ὲμπρόσθιον</span> <span class='ocrx_word' id='word_1_344' title='bbox 1161 3717 1254 3770; x_wconf 72' lang='grc' dir='ltr'>καὶ</span> <span class='ocrx_word' id='word_1_345' title='bbox 1285 3717 1621 3771; x_wconf 84' lang='grc' dir='ltr'>Κασσιέπεια</span> <span class='ocrx_word' id='word_1_346' title='bbox 1664 3719 1937 3789; x_wconf 84' lang='grc' dir='ltr'>παρεῖται.</span> 
     </span>
    </p>
   </div>
   <div class='ocr_carea' id='block_1_57' title="bbox 392 3805 1943 3879">
    <p class='ocr_par' dir='ltr' id='par_1_57' title="bbox 392 3805 1943 3879">
     <span class='ocr_line' id='line_1_57' title="bbox 392 3805 1943 3879; baseline 0.001 -21"><span class='ocrx_word' id='word_1_347' title='bbox 392 3805 548 3858; x_wconf 87' lang='grc' dir='ltr'>Δύνει</span> <span class='ocrx_word' id='word_1_348' title='bbox 573 3805 630 3858; x_wconf 77' lang='grc' dir='ltr'><strong>δὲ</strong></span> <span class='ocrx_word' id='word_1_349' title='bbox 657 3805 965 3876; x_wconf 85' lang='grc' dir='ltr'>Κενταύρου</span> <span class='ocrx_word' id='word_1_350' title='bbox 1007 3805 1245 3872; x_wconf 87' lang='grc' dir='ltr'>ὀπίσθια,</span> <span class='ocrx_word' id='word_1_351' title='bbox 1273 3806 1469 3878; x_wconf 85' lang='grc' dir='ltr'>’Ύδρος</span> <span class='ocrx_word' id='word_1_352' title='bbox 1501 3823 1560 3860; x_wconf 88' lang='grc' dir='ltr'><strong>τε</strong></span> <span class='ocrx_word' id='word_1_353' title='bbox 1593 3808 1686 3861; x_wconf 73' lang='grc' dir='ltr'>καὶ</span> <span class='ocrx_word' id='word_1_354' title='bbox 1716 3807 1943 3879; x_wconf 77' lang='grc' dir='ltr'>Κρατὴρ</span> 
     </span>
    </p>
   </div>
   <div class='ocr_carea' id='block_1_58' title="bbox 392 3896 1369 3970">
    <p class='ocr_par' dir='ltr' id='par_1_58' title="bbox 392 3896 1369 3970">
     <span class='ocr_line' id='line_1_58' title="bbox 392 3896 1369 3970; baseline 0.005 -21"><span class='ocrx_word' id='word_1_355' title='bbox 392 3896 499 3961; x_wconf 69' lang='grc' dir='ltr'>ἕως</span> <span class='ocrx_word' id='word_1_356' title='bbox 527 3897 794 3968; x_wconf 86' lang='grc' dir='ltr'>Κόρακος.</span> <span class='ocrx_word' id='word_1_357' title='bbox 828 3897 1087 3968; x_wconf 87' lang='grc' dir='ltr'>Παρεῖται</span> <span class='ocrx_word' id='word_1_358' title='bbox 1121 3899 1369 3970; x_wconf 82' lang='grc' dir='ltr'>Κρατήρ.</span> 
     </span>
    </p>
   </div>
   <div class='ocr_carea' id='block_1_59' title="bbox 475 3978 1956 4060">
    <p class='ocr_par' dir='ltr' id='par_1_59' title="bbox 475 3978 1956 4060">
     <span class='ocr_line' id='line_1_59' title="bbox 475 3978 1956 4060; baseline 0.002 -21"><span class='ocrx_word' id='word_1_359' title='bbox 475 3987 692 4057; x_wconf 83' lang='grc' dir='ltr'>Ἰχθύων</span> <span class='ocrx_word' id='word_1_360' title='bbox 743 3985 1134 4042; x_wconf 86' lang='grc' dir='ltr'>ἀνατελλόντων</span> <span class='ocrx_word' id='word_1_361' title='bbox 1156 4028 1171 4052; x_wconf 91' lang='grc'><strong>,</strong></span> <span class='ocrx_word' id='word_1_362' title='bbox 1223 3988 1496 4042; x_wconf 85' lang='grc' dir='ltr'>ἀνατέλλει</span> <span class='ocrx_word' id='word_1_363' title='bbox 1549 3990 1718 4054; x_wconf 76' lang='grc' dir='ltr'>νότιος</span> <span class='ocrx_word' id='word_1_364' title='bbox 1772 3978 1956 4060; x_wconf 72' lang='grc' dir='ltr'>’ἰχθὺς</span> 
     </span>
    </p>
   </div>
   <div class='ocr_carea' id='block_1_60' title="bbox 392 4080 1940 4155">
    <p class='ocr_par' dir='ltr' id='par_1_60' title="bbox 392 4080 1940 4155">
     <span class='ocr_line' id='line_1_60' title="bbox 392 4080 1940 4155; baseline -0.001 -21"><span class='ocrx_word' id='word_1_365' title='bbox 392 4080 490 4150; x_wconf 81' lang='grc' dir='ltr'><strong>οὐχ</strong></span> <span class='ocrx_word' id='word_1_366' title='bbox 521 4081 674 4148; x_wconf 88' lang='grc' dir='ltr'>ὅλος,</span> <span class='ocrx_word' id='word_1_367' title='bbox 723 4082 1072 4155; x_wconf 86' lang='grc' dir='ltr'>Ἀνδρομέδας</span> <span class='ocrx_word' id='word_1_368' title='bbox 1105 4083 1273 4147; x_wconf 81' lang='grc' dir='ltr'>δεξιὸν</span> <span class='ocrx_word' id='word_1_369' title='bbox 1315 4083 1495 4153; x_wconf 87' lang='grc' dir='ltr'>μέρος.</span> <span class='ocrx_word' id='word_1_370' title='bbox 1539 4081 1693 4134; x_wconf 89' lang='grc' dir='ltr'>Δύνει</span> <span class='ocrx_word' id='word_1_371' title='bbox 1738 4081 1940 4143; x_wconf 67' lang='grc' dir='ltr'>δὲ’ὅλος</span> 
     </span>
    </p>
   </div>
   <div class='ocr_carea' id='block_1_61' title="bbox 393 4172 1465 4246">
    <p class='ocr_par' dir='ltr' id='par_1_61' title="bbox 393 4172 1465 4246">
     <span class='ocr_line' id='line_1_61' title="bbox 393 4172 1465 4246; baseline 0.003 -21"><span class='ocrx_word' id='word_1_372' title='bbox 393 4172 718 4243; x_wconf 79' lang='grc' dir='ltr'>Κένταυρος,</span> <span class='ocrx_word' id='word_1_373' title='bbox 747 4175 962 4246; x_wconf 82' lang='grc' dir='ltr'>’⁷Υδρος,</span> <span class='ocrx_word' id='word_1_374' title='bbox 990 4173 1193 4246; x_wconf 81' lang='grc' dir='ltr'>Κόραξ,</span> <span class='ocrx_word' id='word_1_375' title='bbox 1218 4175 1465 4245; x_wconf 85' lang='grc' dir='ltr'>Κρατήρ.</span> 
     </span>
    </p>
   </div>
   <div class='ocr_carea' id='block_1_62' title="bbox 457 4257 1939 4336">
    <p class='ocr_par' dir='ltr' id='par_1_62' title="bbox 457 4257 1939 4336">
     <span class='ocr_line' id='line_1_62' title="bbox 457 4257 1939 4336; baseline 0 -20"><span class='ocrx_word' id='word_1_376' title='bbox 457 4265 627 4336; x_wconf 81' lang='grc' dir='ltr'>Κριοῦ</span> <span class='ocrx_word' id='word_1_377' title='bbox 670 4265 1042 4329; x_wconf 88' lang='grc' dir='ltr'>ἀνατέλλοντος</span> <span class='ocrx_word' id='word_1_378' title='bbox 1061 4306 1076 4332; x_wconf 92' lang='grc'><strong>,</strong></span> <span class='ocrx_word' id='word_1_379' title='bbox 1103 4265 1377 4322; x_wconf 86' lang='grc' dir='ltr'>ἀνατέλλει</span> <span class='ocrx_word' id='word_1_380' title='bbox 1424 4264 1630 4335; x_wconf 82' lang='grc' dir='ltr'>κεφαλὴ</span> <span class='ocrx_word' id='word_1_381' title='bbox 1670 4264 1761 4319; x_wconf 79' lang='grc' dir='ltr'>καὶ</span> <span class='ocrx_word' id='word_1_382' title='bbox 1791 4257 1939 4334; x_wconf 80' lang='grc' dir='ltr'>ὦμος</span> 
     </span>
    </p>
   </div>
   <div class='ocr_carea' id='block_1_63' title="bbox 389 4354 1941 4427">
    <p class='ocr_par' dir='ltr' id='par_1_63' title="bbox 389 4354 1941 4427">
     <span class='ocr_line' id='line_1_63' title="bbox 389 4354 1941 4427; baseline -0.001 -19"><span class='ocrx_word' id='word_1_383' title='bbox 389 4355 665 4425; x_wconf 87' lang='grc' dir='ltr'>Περσέως,</span> <span class='ocrx_word' id='word_1_384' title='bbox 705 4356 1058 4427; x_wconf 84' lang='grc' dir='ltr'>Ἀνδρομέδας</span> <span class='ocrx_word' id='word_1_385' title='bbox 1101 4356 1388 4427; x_wconf 80' lang='grc' dir='ltr'>ἀριστερὸν</span> <span class='ocrx_word' id='word_1_386' title='bbox 1438 4356 1622 4426; x_wconf 85' lang='grc' dir='ltr'>μέρος.</span> <span class='ocrx_word' id='word_1_387' title='bbox 1674 4354 1941 4408; x_wconf 78' lang='grc' dir='ltr'>Δελτωτδν</span> 
     </span>
    </p>
   </div>
   <div class='ocr_carea' id='block_1_64' title="bbox 393 4446 1672 4520">
    <p class='ocr_par' dir='ltr' id='par_1_64' title="bbox 393 4446 1672 4520">
     <span class='ocr_line' id='line_1_64' title="bbox 393 4446 1672 4520; baseline 0.002 -23"><span class='ocrx_word' id='word_1_388' title='bbox 393 4448 666 4516; x_wconf 84' lang='grc' dir='ltr'>παρεῖται.</span> <span class='ocrx_word' id='word_1_389' title='bbox 701 4446 854 4501; x_wconf 90' lang='grc' dir='ltr'>Δύνει</span> <span class='ocrx_word' id='word_1_390' title='bbox 885 4447 941 4501; x_wconf 82' lang='grc' dir='ltr'>δὲ</span> <span class='ocrx_word' id='word_1_391' title='bbox 968 4448 1247 4520; x_wconf 83' lang='grc' dir='ltr'>Θυτὴριον,</span> <span class='ocrx_word' id='word_1_392' title='bbox 1286 4448 1672 4519; x_wconf 83' lang='grc' dir='ltr'>Ἀρκτοφύλαξ.</span> 
     </span>
    </p>
   </div>
   <div class='ocr_carea' id='block_1_65' title="bbox 463 4537 1943 4612">
    <p class='ocr_par' dir='ltr' id='par_1_65' title="bbox 463 4537 1943 4612">
     <span class='ocr_line' id='line_1_65' title="bbox 463 4537 1943 4612; baseline 0.003 -21"><span class='ocrx_word' id='word_1_393' title='bbox 463 4537 672 4611; x_wconf 87' lang='grc' dir='ltr'>Ταύρου</span> <span class='ocrx_word' id='word_1_394' title='bbox 727 4539 1132 4606; x_wconf 86' lang='grc' dir='ltr'>ἀνατέλλοντος,</span> <span class='ocrx_word' id='word_1_395' title='bbox 1182 4541 1454 4594; x_wconf 86' lang='grc' dir='ltr'>ἀνατέλλει</span> <span class='ocrx_word' id='word_1_396' title='bbox 1504 4542 1744 4612; x_wconf 83' lang='grc' dir='ltr'>Περσεὺς</span> <span class='ocrx_word' id='word_1_397' title='bbox 1789 4541 1943 4606; x_wconf 86' lang='grc' dir='ltr'>ὅλος,</span> 
     </span>
    </p>
   </div>
   <div class='ocr_carea' id='block_1_66' title="bbox 401 4631 1940 4705">
    <p class='ocr_par' dir='ltr' id='par_1_66' title="bbox 401 4631 1940 4705">
     <span class='ocr_line' id='line_1_66' title="bbox 401 4631 1940 4705; baseline -0.001 -20"><span class='ocrx_word' id='word_1_398' title='bbox 401 4631 650 4702; x_wconf 82' lang='grc' dir='ltr'>Ἠνιόχου</span> <span class='ocrx_word' id='word_1_399' title='bbox 685 4633 841 4696; x_wconf 85' lang='grc' dir='ltr'>ποδὸς</span> <span class='ocrx_word' id='word_1_400' title='bbox 863 4631 1145 4705; x_wconf 88' lang='grc' dir='ltr'>ἀριστεροῦ</span> <span class='ocrx_word' id='word_1_401' title='bbox 1185 4633 1348 4703; x_wconf 81' lang='grc' dir='ltr'>ἄκρον</span> <span class='ocrx_word' id='word_1_402' title='bbox 1379 4633 1472 4686; x_wconf 79' lang='grc' dir='ltr'><strong>καὶ</strong></span> <span class='ocrx_word' id='word_1_403' title='bbox 1508 4633 1772 4705; x_wconf 90' lang='grc' dir='ltr'>ἀριστερά</span> <span class='ocrx_word' id='word_1_404' title='bbox 1799 4634 1940 4703; x_wconf 77' lang='grc' dir='ltr'>χεὶρ,</span> 
     </span>
    </p>
   </div>
   <div class='ocr_carea' id='block_1_67' title="bbox 389 4718 1939 4798">
    <p class='ocr_par' dir='ltr' id='par_1_67' title="bbox 389 4718 1939 4798">
     <span class='ocr_line' id='line_1_67' title="bbox 389 4718 1939 4798; baseline 0.001 -20"><span class='ocrx_word' id='word_1_405' title='bbox 389 4726 474 4794; x_wconf 74' lang='grc' dir='ltr'><strong>ἐφ’</strong></span> <span class='ocrx_word' id='word_1_406' title='bbox 577 4725 711 4778; x_wconf 87' lang='grc' dir='ltr'>είσιν</span> <span class='ocrx_word' id='word_1_407' title='bbox 758 4724 876 4790; x_wconf 83' lang='grc' dir='ltr'>Αἲξ,</span> <span class='ocrx_word' id='word_1_408' title='bbox 909 4725 1155 4795; x_wconf 84' lang='grc' dir='ltr'>Ἕριφοι,</span> <span class='ocrx_word' id='word_1_409' title='bbox 1195 4725 1408 4794; x_wconf 87' lang='grc' dir='ltr'>Κήτους</span> <span class='ocrx_word' id='word_1_410' title='bbox 1450 4723 1608 4794; x_wconf 85' lang='grc' dir='ltr'>λοφιά</span> <span class='ocrx_word' id='word_1_411' title='bbox 1642 4725 1735 4778; x_wconf 77' lang='grc' dir='ltr'><strong>καὶ</strong></span> <span class='ocrx_word' id='word_1_412' title='bbox 1786 4725 1939 4798; x_wconf 85' lang='grc' dir='ltr'>ούρά.</span> 
     </span>
    </p>
   </div>
   <div class='ocr_carea' id='block_1_68' title="bbox 388 4814 1870 4888">
    <p class='ocr_par' dir='ltr' id='par_1_68' title="bbox 388 4814 1870 4888">
     <span class='ocr_line' id='line_1_68' title="bbox 388 4814 1870 4888; baseline 0.001 -19"><span class='ocrx_word' id='word_1_413' title='bbox 388 4817 546 4870; x_wconf 91' lang='grc' dir='ltr'>Δύνει</span> <span class='ocrx_word' id='word_1_414' title='bbox 571 4817 627 4869; x_wconf 83' lang='grc' dir='ltr'>δὲ</span> <span class='ocrx_word' id='word_1_415' title='bbox 668 4814 1038 4888; x_wconf 83' lang='grc' dir='ltr'>Ἀρκτοφύλαξ</span> <span class='ocrx_word' id='word_1_416' title='bbox 1065 4817 1161 4870; x_wconf 76' lang='grc' dir='ltr'><strong>σὺν</strong></span> <span class='ocrx_word' id='word_1_417' title='bbox 1187 4819 1252 4888; x_wconf 81' lang='grc' dir='ltr'>τῇ</span> <span class='ocrx_word' id='word_1_418' title='bbox 1278 4823 1324 4870; x_wconf 85' lang='grc' dir='ltr'>α’</span> <span class='ocrx_word' id='word_1_419' title='bbox 1359 4817 1523 4888; x_wconf 77' lang='grc' dir='ltr'>μοίρᾳ</span> <span class='ocrx_word' id='word_1_420' title='bbox 1542 4817 1638 4871; x_wconf 91' lang='grc' dir='ltr'><strong>τοῦ</strong></span> <span class='ocrx_word' id='word_1_421' title='bbox 1676 4817 1870 4888; x_wconf 87' lang='grc' dir='ltr'>Κριοῦ.</span> 
     </span>
    </p>
   </div>
   <div class='ocr_carea' id='block_1_69' title="bbox 461 4990 1942 5066">
    <p class='ocr_par' dir='ltr' id='par_1_69' title="bbox 461 4990 1942 5066">
     <span class='ocr_line' id='line_1_69' title="bbox 461 4990 1942 5066; baseline 0.002 -22"><span class='ocrx_word' id='word_1_422' title='bbox 461 4990 706 5062; x_wconf 84' lang='grc' dir='ltr'>Διδύμων</span> <span class='ocrx_word' id='word_1_423' title='bbox 739 4992 1149 5058; x_wconf 76' lang='grc' dir='ltr'>ἀνατελλόντων,</span> <span class='ocrx_word' id='word_1_424' title='bbox 1186 4992 1462 5046; x_wconf 87' lang='grc' dir='ltr'>ἀνατέλλει</span> <span class='ocrx_word' id='word_1_425' title='bbox 1504 4994 1744 5064; x_wconf 82' lang='grc' dir='ltr'>ποταμὸς</span> <span class='ocrx_word' id='word_1_426' title='bbox 1791 4995 1942 5066; x_wconf 87' lang='grc' dir='ltr'>Ἡρι-</span> 
     </span>
    </p>
   </div>
   <div class='ocr_carea' id='block_1_70' title="bbox 387 5083 1945 5157">
    <p class='ocr_par' dir='ltr' id='par_1_70' title="bbox 387 5083 1945 5157">
     <span class='ocr_line' id='line_1_70' title="bbox 387 5083 1945 5157; baseline 0.006 -21"><span class='ocrx_word' id='word_1_427' title='bbox 387 5084 565 5149; x_wconf 84' lang='grc' dir='ltr'>δανὺς,</span> <span class='ocrx_word' id='word_1_428' title='bbox 599 5083 810 5155; x_wconf 87' lang='grc' dir='ltr'>Κῆτος,</span> <span class='ocrx_word' id='word_1_429' title='bbox 852 5085 1060 5156; x_wconf 82' lang='grc' dir='ltr'>Ὠρίων.</span> <span class='ocrx_word' id='word_1_430' title='bbox 1095 5085 1249 5138; x_wconf 85' lang='grc' dir='ltr'>Δύνει</span> <span class='ocrx_word' id='word_1_431' title='bbox 1291 5085 1359 5139; x_wconf 85' lang='grc' dir='ltr'><strong>δὲ.</strong></span> <span class='ocrx_word' id='word_1_432' title='bbox 1397 5085 1673 5157; x_wconf 86' lang='grc' dir='ltr'>Ὀφιοῦχος</span> <span class='ocrx_word' id='word_1_433' title='bbox 1712 5087 1815 5151; x_wconf 76' lang='grc' dir='ltr'>ἕως</span> <span class='ocrx_word' id='word_1_434' title='bbox 1853 5105 1945 5156; x_wconf 60' lang='lat'><strong>70.-</strong></span> 
     </span>
    </p>
   </div>
   <div class='ocr_carea' id='block_1_71' title="bbox 392 5159 1900 5229">
    <p class='ocr_par' dir='ltr' id='par_1_71' title="bbox 392 5159 1900 5229">
     <span class='ocr_line' id='line_1_71' title="bbox 392 5159 1900 5229; baseline 0.002 -2"><span class='ocrx_word' id='word_1_435' title='bbox 392 5173 588 5229; x_wconf 76' lang='grc' dir='ltr'>νάτων.</span> <span class='ocrx_word' id='word_1_436' title='bbox 1896 5159 1900 5162; x_wconf 19' lang='grc'><strong><em>⁵</em></strong></span> 
     </span>
    </p>
   </div>
   <div class='ocr_carea' id='block_1_72' title="bbox 465 5260 1942 5342">
    <p class='ocr_par' dir='ltr' id='par_1_72' title="bbox 465 5260 1942 5342">
     <span class='ocr_line' id='line_1_72' title="bbox 465 5260 1942 5342; baseline 0.004 -23"><span class='ocrx_word' id='word_1_437' title='bbox 465 5267 532 5319; x_wconf 80' lang='grc' dir='ltr'>’Ἀ</span> <span class='ocrx_word' id='word_1_438' title='bbox 582 5267 678 5336; x_wconf 82' lang='grc' dir='ltr'>μὲν</span> <span class='ocrx_word' id='word_1_439' title='bbox 728 5260 822 5320; x_wconf 84' lang='grc' dir='ltr'><strong>οῦν</strong></span> <span class='ocrx_word' id='word_1_440' title='bbox 859 5267 1023 5340; x_wconf 76' lang='grc' dir='ltr'>ἐχρῆν</span> <span class='ocrx_word' id='word_1_441' title='bbox 1056 5269 1186 5339; x_wconf 74' lang='grc' dir='ltr'>περὶ</span> <span class='ocrx_word' id='word_1_442' title='bbox 1219 5270 1316 5340; x_wconf 88' lang='grc' dir='ltr'><strong>τῆς</strong></span> <span class='ocrx_word' id='word_1_443' title='bbox 1363 5269 1594 5342; x_wconf 86' lang='grc' dir='ltr'>σφαίρας</span> <span class='ocrx_word' id='word_1_444' title='bbox 1628 5271 1819 5335; x_wconf 81' lang='grc' dir='ltr'>εἰπεῖν,</span> <span class='ocrx_word' id='word_1_445' title='bbox 1868 5272 1942 5337; x_wconf 83' lang='grc' dir='ltr'>ὡς</span> 
     </span>
    </p>
   </div>
   <div class='ocr_carea' id='block_1_73' title="bbox 390 5359 1941 5431">
    <p class='ocr_par' dir='ltr' id='par_1_73' title="bbox 390 5359 1941 5431">
     <span class='ocr_line' id='line_1_73' title="bbox 390 5359 1941 5431; baseline 0.003 -19"><span class='ocrx_word' id='word_1_446' title='bbox 390 5359 524 5429; x_wconf 83' lang='grc' dir='ltr'>πρὸς</span> <span class='ocrx_word' id='word_1_447' title='bbox 556 5359 880 5431; x_wconf 80' lang='grc' dir='ltr'>εἰσαγωγὴν,</span> <span class='ocrx_word' id='word_1_448' title='bbox 925 5360 1104 5430; x_wconf 75' lang='grc' dir='ltr'>σχεδὸν</span> <span class='ocrx_word' id='word_1_449' title='bbox 1146 5361 1294 5414; x_wconf 86' lang='grc' dir='ltr'>ταῦτ’</span> <span class='ocrx_word' id='word_1_450' title='bbox 1326 5361 1491 5415; x_wconf 79' lang='grc' dir='ltr'>ἐστίν.</span> <span class='ocrx_word' id='word_1_451' title='bbox 1523 5361 1852 5427; x_wconf 84' lang='grc' dir='ltr'>Ἀκολούθως</span> <span class='ocrx_word' id='word_1_452' title='bbox 1884 5364 1941 5416; x_wconf 85' lang='grc' dir='ltr'>δὲ</span> 
     </span>
    </p>
   </div>
   <div class='ocr_carea' id='block_1_74' title="bbox 389 5450 1943 5522">
    <p class='ocr_par' dir='ltr' id='par_1_74' title="bbox 389 5450 1943 5522">
     <span class='ocr_line' id='line_1_74' title="bbox 389 5450 1943 5522; baseline 0.002 -18"><span class='ocrx_word' id='word_1_453' title='bbox 389 5451 486 5504; x_wconf 77' lang='grc' dir='ltr'><strong>καὶ</strong></span> <span class='ocrx_word' id='word_1_454' title='bbox 518 5450 552 5521; x_wconf 83' lang='grc' dir='ltr'>ἠ</span> <span class='ocrx_word' id='word_1_455' title='bbox 581 5450 654 5520; x_wconf 83' lang='grc' dir='ltr'><strong>γῆ</strong></span> <span class='ocrx_word' id='word_1_456' title='bbox 692 5453 806 5503; x_wconf 76' lang='grc' dir='ltr'>ἐστι</span> <span class='ocrx_word' id='word_1_457' title='bbox 841 5452 1200 5522; x_wconf 83' lang='grc' dir='ltr'>σφαιροειδὴς,</span> <span class='ocrx_word' id='word_1_458' title='bbox 1236 5451 1430 5522; x_wconf 72' lang='grc' dir='ltr'>ἔχουσα</span> <span class='ocrx_word' id='word_1_459' title='bbox 1467 5452 1628 5522; x_wconf 89' lang='grc' dir='ltr'>μέσον</span> <span class='ocrx_word' id='word_1_460' title='bbox 1661 5453 1822 5520; x_wconf 77' lang='grc' dir='ltr'>ἄξονα</span> <span class='ocrx_word' id='word_1_461' title='bbox 1868 5454 1943 5507; x_wconf 90' lang='grc' dir='ltr'>δι-</span> 
     </span>
    </p>
   </div>
   <div class='ocr_carea' id='block_1_75' title="bbox 384 5537 1937 5610">
    <p class='ocr_par' dir='ltr' id='par_1_75' title="bbox 384 5537 1937 5610">
     <span class='ocr_line' id='line_1_75' title="bbox 384 5537 1937 5610; baseline 0.003 -21"><span class='ocrx_word' id='word_1_462' title='bbox 384 5540 610 5608; x_wconf 75' lang='grc' dir='ltr'>ήκοντα,</span> <span class='ocrx_word' id='word_1_463' title='bbox 642 5537 700 5601; x_wconf 79' lang='grc' dir='ltr'>ὃς</span> <span class='ocrx_word' id='word_1_464' title='bbox 721 5541 909 5610; x_wconf 84' lang='grc' dir='ltr'>κρατεῖ</span> <span class='ocrx_word' id='word_1_465' title='bbox 939 5539 1104 5609; x_wconf 82' lang='grc' dir='ltr'>αὐτὴν</span> <span class='ocrx_word' id='word_1_466' title='bbox 1137 5539 1416 5609; x_wconf 85' lang='grc' dir='ltr'>ἀκίνητον,</span> <span class='ocrx_word' id='word_1_467' title='bbox 1457 5540 1593 5610; x_wconf 81' lang='grc' dir='ltr'>ἔχων</span> <span class='ocrx_word' id='word_1_468' title='bbox 1631 5542 1697 5595; x_wconf 87' lang='grc' dir='ltr'><strong>τά</strong></span> <span class='ocrx_word' id='word_1_469' title='bbox 1729 5542 1937 5609; x_wconf 80' lang='grc' dir='ltr'>πέρατα</span> 
     </span>
    </p>
   </div>
   <div class='ocr_carea' id='block_1_76' title="bbox 386 5629 1692 5703">
    <p class='ocr_par' dir='ltr' id='par_1_76' title="bbox 386 5629 1692 5703">
     <span class='ocr_line' id='line_1_76' title="bbox 386 5629 1692 5703; baseline 0.005 -23"><span class='ocrx_word' id='word_1_470' title='bbox 386 5629 746 5701; x_wconf 80' lang='grc' dir='ltr'>ἐνηρεισμένα</span> <span class='ocrx_word' id='word_1_471' title='bbox 798 5629 854 5685; x_wconf 77' lang='grc' dir='ltr'>ἐν</span> <span class='ocrx_word' id='word_1_472' title='bbox 916 5648 971 5684; x_wconf 91' lang='grc' dir='ltr'><strong>τε</strong></span> <span class='ocrx_word' id='word_1_473' title='bbox 993 5629 1069 5700; x_wconf 84' lang='grc' dir='ltr'>τῷ</span> <span class='ocrx_word' id='word_1_474' title='bbox 1096 5630 1288 5702; x_wconf 82' lang='grc' dir='ltr'>βορείῳ</span> <span class='ocrx_word' id='word_1_475' title='bbox 1317 5632 1460 5702; x_wconf 88' lang='grc' dir='ltr'>πόλῳ</span> <span class='ocrx_word' id='word_1_476' title='bbox 1498 5633 1591 5687; x_wconf 76' lang='grc' dir='ltr'>καὶ</span> <span class='ocrx_word' id='word_1_477' title='bbox 1616 5633 1692 5703; x_wconf 80' lang='grc' dir='ltr'><strong>τῷ</strong></span> 
     </span>
    </p>
   </div>
   <div class='ocr_carea' id='block_1_77' title="bbox 390 5719 566 5787">
    <p class='ocr_par' dir='ltr' id='par_1_77' title="bbox 390 5719 566 5787">
     <span class='ocr_line' id='line_1_77' title="bbox 390 5719 566 5787; baseline -0.011 -16"><span class='ocrx_word' id='word_1_478' title='bbox 390 5719 566 5787; x_wconf 83' lang='grc' dir='ltr'>νοτίῳ.</span> 
     </span>
    </p>
   </div>
   <div class='ocr_carea' id='block_1_78' title="bbox 2043 1889 3600 1962">
    <p class='ocr_par' dir='ltr' id='par_1_78' title="bbox 2043 1889 3600 1962">
     <span class='ocr_line' id='line_1_78' title="bbox 2043 1889 3600 1962; baseline 0.001 -19"><span class='ocrx_word' id='word_1_479' title='bbox 2043 1889 2211 1962; x_wconf 79' lang='lat' dir='ltr'><strong>Hydri</strong></span> <span class='ocrx_word' id='word_1_480' title='bbox 2252 1891 2424 1947; x_wconf 91' lang='lat' dir='ltr'><strong>cauda</strong></span> <span class='ocrx_word' id='word_1_481' title='bbox 2450 1931 2464 1957; x_wconf 92' lang='lat'><strong>,</strong></span> <span class='ocrx_word' id='word_1_482' title='bbox 2507 1891 2765 1947; x_wconf 87' lang='lat' dir='ltr'><strong>Centauri</strong></span> <span class='ocrx_word' id='word_1_483' title='bbox 2823 1905 3021 1962; x_wconf 90' lang='lat' dir='ltr'><strong>corpus</strong></span> <span class='ocrx_word' id='word_1_484' title='bbox 3065 1897 3117 1946; x_wconf 90' lang='lat' dir='ltr'><strong>et</strong></span> <span class='ocrx_word' id='word_1_485' title='bbox 3162 1899 3346 1960; x_wconf 90' lang='lat' dir='ltr'><strong>caput,</strong></span> <span class='ocrx_word' id='word_1_486' title='bbox 3390 1904 3600 1945; x_wconf 89' lang='lat' dir='ltr'><strong>necnon</strong></span> 
     </span>
    </p>
   </div>
   <div class='ocr_carea' id='block_1_79' title="bbox 2045 1981 3602 2053">
    <p class='ocr_par' dir='ltr' id='par_1_79' title="bbox 2045 1981 3602 2053">
     <span class='ocr_line' id='line_1_79' title="bbox 2045 1981 3602 2053; baseline 0 -17"><span class='ocrx_word' id='word_1_487' title='bbox 2045 1981 2202 2048; x_wconf 84' lang='lat' dir='ltr'><strong>Fera,</strong></span> <span class='ocrx_word' id='word_1_488' title='bbox 2251 1998 2413 2053; x_wconf 90' lang='lat' dir='ltr'><strong>quam</strong></span> <span class='ocrx_word' id='word_1_489' title='bbox 2446 1983 2637 2039; x_wconf 90' lang='lat' dir='ltr'><strong>dextra</strong></span> <span class='ocrx_word' id='word_1_490' title='bbox 2664 1998 2828 2037; x_wconf 89' lang='lat' dir='ltr'><strong>manu</strong></span> <span class='ocrx_word' id='word_1_491' title='bbox 2871 1981 3175 2053; x_wconf 83' lang='lat' dir='ltr'><strong>prehendit,</strong></span> <span class='ocrx_word' id='word_1_492' title='bbox 3199 1981 3481 2052; x_wconf 89' lang='lat' dir='ltr'><strong>&#39;Ophiuchi</strong></span> <span class='ocrx_word' id='word_1_493' title='bbox 3510 1997 3602 2036; x_wconf 86' lang='lat' dir='ltr'><strong>ca-</strong></span> 
     </span>
    </p>
   </div>
   <div class='ocr_carea' id='block_1_80' title="bbox 2044 2073 3600 2146">
    <p class='ocr_par' dir='ltr' id='par_1_80' title="bbox 2044 2073 3600 2146">
     <span class='ocr_line' id='line_1_80' title="bbox 2044 2073 3600 2146; baseline -0.001 -18"><span class='ocrx_word' id='word_1_494' title='bbox 2044 2083 2162 2144; x_wconf 91' lang='lat' dir='ltr'><strong>put,</strong></span> <span class='ocrx_word' id='word_1_495' title='bbox 2192 2089 2409 2138; x_wconf 88' lang='lat' dir='ltr'><strong>manus,</strong></span> <span class='ocrx_word' id='word_1_496' title='bbox 2453 2074 2770 2144; x_wconf 89' lang='lat' dir='ltr'><strong>primusque</strong></span> <span class='ocrx_word' id='word_1_497' title='bbox 2815 2073 3008 2142; x_wconf 83' lang='lat' dir='ltr'><strong>ﬂexus,</strong></span> <span class='ocrx_word' id='word_1_498' title='bbox 3052 2073 3399 2146; x_wconf 88' lang='lat' dir='ltr'><strong>lngeniculus</strong></span> <span class='ocrx_word' id='word_1_499' title='bbox 3430 2081 3600 2138; x_wconf 89' lang='lat' dir='ltr'><strong>totus,</strong></span> 
     </span>
    </p>
   </div>
   <div class='ocr_carea' id='block_1_81' title="bbox 2045 2165 3600 2236">
    <p class='ocr_par' dir='ltr' id='par_1_81' title="bbox 2045 2165 3600 2236">
     <span class='ocr_line' id='line_1_81' title="bbox 2045 2165 3600 2236; baseline 0 -18"><span class='ocrx_word' id='word_1_500' title='bbox 2045 2172 2242 2236; x_wconf 62' lang='lat' dir='ltr'><strong>praeter</strong></span> <span class='ocrx_word' id='word_1_501' title='bbox 2291 2172 2452 2235; x_wconf 90' lang='lat' dir='ltr'><strong>caput</strong></span> <span class='ocrx_word' id='word_1_502' title='bbox 2489 2173 2545 2221; x_wconf 92' lang='lat' dir='ltr'><strong>et</strong></span> <span class='ocrx_word' id='word_1_503' title='bbox 2594 2165 2874 2220; x_wconf 83' lang='lat' dir='ltr'><strong>sinistram</strong></span> <span class='ocrx_word' id='word_1_504' title='bbox 2903 2180 3144 2220; x_wconf 88' lang='lat' dir='ltr'><strong>manum.</strong></span> <span class='ocrx_word' id='word_1_505' title='bbox 3180 2165 3446 2220; x_wconf 89' lang='lat' dir='ltr'><strong>Occidunt</strong></span> <span class='ocrx_word' id='word_1_506' title='bbox 3471 2178 3600 2220; x_wconf 80' lang='lat' dir='ltr'><strong>vero</strong></span> 
     </span>
    </p>
   </div>
   <div class='ocr_carea' id='block_1_82' title="bbox 2045 2255 3598 2322">
    <p class='ocr_par' dir='ltr' id='par_1_82' title="bbox 2045 2255 3598 2322">
     <span class='ocr_line' id='line_1_82' title="bbox 2045 2255 3598 2322; baseline 0 -12"><span class='ocrx_word' id='word_1_507' title='bbox 2045 2256 2267 2312; x_wconf 89' lang='lat' dir='ltr'><strong>Fluvius</strong></span> <span class='ocrx_word' id='word_1_508' title='bbox 2290 2263 2456 2321; x_wconf 86' lang='lat' dir='ltr'><strong>totus,</strong></span> <span class='ocrx_word' id='word_1_509' title='bbox 2488 2255 2654 2312; x_wconf 89' lang='lat' dir='ltr'><strong>Orion</strong></span> <span class='ocrx_word' id='word_1_510' title='bbox 2685 2264 2832 2313; x_wconf 91' lang='lat' dir='ltr'><strong>totus</strong></span> <span class='ocrx_word' id='word_1_511' title='bbox 2860 2256 2991 2322; x_wconf 82' lang='lat' dir='ltr'><strong>fere,</strong></span> <span class='ocrx_word' id='word_1_512' title='bbox 3013 2255 3129 2312; x_wconf 89' lang='lat' dir='ltr'><strong>Ceti</strong></span> <span class='ocrx_word' id='word_1_513' title='bbox 3157 2257 3359 2321; x_wconf 81' lang='lat' dir='ltr'><strong>cervix,</strong></span> <span class='ocrx_word' id='word_1_514' title='bbox 3385 2255 3598 2310; x_wconf 90' lang='lat' dir='ltr'><strong>Andro-</strong></span> 
     </span>
    </p>
   </div>
   <div class='ocr_carea' id='block_1_83' title="bbox 2044 2346 3630 2421">
    <p class='ocr_par' dir='ltr' id='par_1_83' title="bbox 2044 2346 3630 2421">
     <span class='ocr_line' id='line_1_83' title="bbox 2044 2346 3630 2421; baseline -0.003 -15"><span class='ocrx_word' id='word_1_515' title='bbox 2044 2351 2221 2416; x_wconf 91' lang='lat' dir='ltr'><strong>meda,</strong></span> <span class='ocrx_word' id='word_1_516' title='bbox 2277 2349 2552 2413; x_wconf 90' lang='lat' dir='ltr'><strong>Delloton,</strong></span> <span class='ocrx_word' id='word_1_517' title='bbox 2618 2350 2930 2420; x_wconf 89' lang='lat' dir='ltr'><strong>Cassiepea,</strong></span> <span class='ocrx_word' id='word_1_518' title='bbox 2976 2346 3221 2421; x_wconf 79' lang='lat' dir='ltr'><strong>Cepheus</strong></span> <span class='ocrx_word' id='word_1_519' title='bbox 3259 2363 3300 2401; x_wconf 25' lang='lat' dir='ltr'><strong>ar</strong></span> <span class='ocrx_word' id='word_1_520' title='bbox 3322 2348 3500 2418; x_wconf 89' lang='lat' dir='ltr'><strong>capite</strong></span> <span class='ocrx_word' id='word_1_521' title='bbox 3533 2348 3630 2408; x_wconf 62' lang='lat' dir='ltr'><strong>ad,</strong></span> 
     </span>
    </p>
   </div>
   <div class='ocr_carea' id='block_1_84' title="bbox 2045 2439 2996 2498">
    <p class='ocr_par' dir='ltr' id='par_1_84' title="bbox 2045 2439 2996 2498">
     <span class='ocr_line' id='line_1_84' title="bbox 2045 2439 2996 2498; baseline 0 -2"><span class='ocrx_word' id='word_1_522' title='bbox 2045 2441 2282 2498; x_wconf 85' lang='lat' dir='ltr'><strong>lumbos.</strong></span> <span class='ocrx_word' id='word_1_523' title='bbox 2313 2439 2585 2498; x_wconf 85' lang='lat' dir='ltr'><strong>Omissum</strong></span> <span class='ocrx_word' id='word_1_524' title='bbox 2615 2451 2700 2497; x_wconf 89' lang='lat' dir='ltr'><strong>est</strong></span> <span class='ocrx_word' id='word_1_525' title='bbox 2729 2439 2996 2496; x_wconf 83' lang='lat' dir='ltr'><strong>Deltoton.</strong></span> 
     </span>
    </p>
   </div>
   <div class='ocr_carea' id='block_1_85' title="bbox 2012 2587 3603 2688">
    <p class='ocr_par' dir='ltr' id='par_1_85' title="bbox 2012 2587 3603 2688">
     <span class='ocr_line' id='line_1_85' title="bbox 2012 2587 3603 2688; baseline 0 -16"><span class='ocrx_word' id='word_1_526' title='bbox 2012 2587 2024 2623; x_wconf 29' lang='grc' dir='ltr'><strong>λ</strong></span> <span class='ocrx_word' id='word_1_527' title='bbox 2114 2615 2341 2673; x_wconf 82' lang='lat' dir='ltr'><strong>Oriente</strong></span> <span class='ocrx_word' id='word_1_528' title='bbox 2370 2587 2666 2688; x_wconf 82' lang='lat' dir='ltr'><strong>Sagittario</strong></span> <span class='ocrx_word' id='word_1_529' title='bbox 2692 2617 2869 2672; x_wconf 91' lang='lat' dir='ltr'><strong>oritur</strong></span> <span class='ocrx_word' id='word_1_530' title='bbox 2916 2614 3184 2687; x_wconf 91' lang='lat' dir='ltr'><strong>Ophiuchi</strong></span> <span class='ocrx_word' id='word_1_531' title='bbox 3221 2632 3442 2688; x_wconf 92' lang='lat' dir='ltr'><strong>corpus,</strong></span> <span class='ocrx_word' id='word_1_532' title='bbox 3473 2618 3603 2674; x_wconf 75' lang='lat' dir='ltr'><strong>reli-</strong></span> 
     </span>
    </p>
   </div>
   <div class='ocr_carea' id='block_1_86' title="bbox 2044 2707 3596 2781">
    <p class='ocr_par' dir='ltr' id='par_1_86' title="bbox 2044 2707 3596 2781">
     <span class='ocr_line' id='line_1_86' title="bbox 2044 2707 3596 2781; baseline 0 -17"><span class='ocrx_word' id='word_1_533' title='bbox 2044 2725 2214 2779; x_wconf 87' lang='lat' dir='ltr'><strong>quum</strong></span> <span class='ocrx_word' id='word_1_534' title='bbox 2230 2708 2526 2781; x_wconf 87' lang='lat' dir='ltr'><strong>Serpentis,</strong></span> <span class='ocrx_word' id='word_1_535' title='bbox 2542 2707 2832 2781; x_wconf 86' lang='lat' dir='ltr'><strong>lngeniculi</strong></span> <span class='ocrx_word' id='word_1_536' title='bbox 2849 2715 3147 2778; x_wconf 87' lang='lat' dir='ltr'><strong>caputcum</strong></span> <span class='ocrx_word' id='word_1_537' title='bbox 3169 2707 3390 2762; x_wconf 88' lang='lat' dir='ltr'><strong>sinistra</strong></span> <span class='ocrx_word' id='word_1_538' title='bbox 3413 2725 3596 2776; x_wconf 89' lang='lat' dir='ltr'><strong>manu,</strong></span> 
     </span>
    </p>
   </div>
   <div class='ocr_carea' id='block_1_87' title="bbox 2043 2798 3601 2881">
    <p class='ocr_par' dir='ltr' id='par_1_87' title="bbox 2043 2798 3601 2881">
     <span class='ocr_line' id='line_1_87' title="bbox 2043 2798 3601 2881; baseline 0 -25"><span class='ocrx_word' id='word_1_539' title='bbox 2043 2801 2309 2881; x_wconf 76' lang='lat' dir='ltr'><strong>Fidicula,</strong></span> <span class='ocrx_word' id='word_1_540' title='bbox 2331 2802 2599 2873; x_wconf 86' lang='lat' dir='ltr'><strong>Cepheus.</strong></span> <span class='ocrx_word' id='word_1_541' title='bbox 2629 2799 2895 2856; x_wconf 84' lang='lat' dir='ltr'><strong>Occidunt</strong></span> <span class='ocrx_word' id='word_1_542' title='bbox 2915 2799 3079 2855; x_wconf 89' lang='lat' dir='ltr'><strong>Canis</strong></span> <span class='ocrx_word' id='word_1_543' title='bbox 3096 2806 3261 2866; x_wconf 93' lang='lat' dir='ltr'><strong>totus,</strong></span> <span class='ocrx_word' id='word_1_544' title='bbox 3288 2798 3476 2864; x_wconf 90' lang='lat' dir='ltr'><strong>Orion,</strong></span> <span class='ocrx_word' id='word_1_545' title='bbox 3499 2800 3601 2857; x_wconf 62' lang='lat' dir='ltr'><strong>Lev</strong></span> 
     </span>
    </p>
   </div>
   <div class='ocr_carea' id='block_1_88' title="bbox 2044 2891 3598 2967">
    <p class='ocr_par' dir='ltr' id='par_1_88' title="bbox 2044 2891 3598 2967">
     <span class='ocr_line' id='line_1_88' title="bbox 2044 2891 3598 2967; baseline -0.001 -18"><span class='ocrx_word' id='word_1_546' title='bbox 2044 2911 2170 2967; x_wconf 91' lang='lat' dir='ltr'><strong>pus,</strong></span> <span class='ocrx_word' id='word_1_547' title='bbox 2193 2893 2528 2960; x_wconf 81' lang='lat' dir='ltr'><strong>Heniochus,</strong></span> <span class='ocrx_word' id='word_1_548' title='bbox 2564 2899 2790 2964; x_wconf 89' lang='lat' dir='ltr'><strong>excepta</strong></span> <span class='ocrx_word' id='word_1_549' title='bbox 2828 2892 3050 2948; x_wconf 86' lang='lat' dir='ltr'><strong>sinistra</strong></span> <span class='ocrx_word' id='word_1_550' title='bbox 3086 2891 3218 2946; x_wconf 89' lang='lat' dir='ltr'><strong>tibia</strong></span> <span class='ocrx_word' id='word_1_551' title='bbox 3241 2899 3294 2946; x_wconf 94' lang='lat' dir='ltr'><strong>et</strong></span> <span class='ocrx_word' id='word_1_552' title='bbox 3321 2906 3506 2956; x_wconf 89' lang='lat' dir='ltr'><strong>manu,</strong></span> <span class='ocrx_word' id='word_1_553' title='bbox 3543 2893 3598 2947; x_wconf 76' lang='lat' dir='ltr'><strong>in</strong></span> 
     </span>
    </p>
   </div>
   <div class='ocr_carea' id='block_1_89' title="bbox 2044 2981 3600 3056">
    <p class='ocr_par' dir='ltr' id='par_1_89' title="bbox 2044 2981 3600 3056">
     <span class='ocr_line' id='line_1_89' title="bbox 2044 2981 3600 3056; baseline -0.002 -16"><span class='ocrx_word' id='word_1_554' title='bbox 2044 2993 2309 3056; x_wconf 85' lang='lat' dir='ltr'><strong>qua.sunt</strong></span> <span class='ocrx_word' id='word_1_555' title='bbox 2337 2985 2554 3055; x_wconf 89' lang='lat' dir='ltr'><strong>Capella</strong></span> <span class='ocrx_word' id='word_1_556' title='bbox 2596 2982 2874 3044; x_wconf 68' lang='lat' dir='ltr'><strong>etﬂtedi.</strong></span> <span class='ocrx_word' id='word_1_557' title='bbox 2905 2981 3158 3047; x_wconf 89' lang='lat' dir='ltr'><strong>Perseus,</strong></span> <span class='ocrx_word' id='word_1_558' title='bbox 3192 2989 3418 3054; x_wconf 88' lang='lat' dir='ltr'><strong>excepto</strong></span> <span class='ocrx_word' id='word_1_559' title='bbox 3440 2981 3600 3053; x_wconf 73' lang='lat' dir='ltr'><strong>fpede</strong></span> 
     </span>
    </p>
   </div>
   <div class='ocr_carea' id='block_1_90' title="bbox 2046 3073 3118 3146">
    <p class='ocr_par' dir='ltr' id='par_1_90' title="bbox 2046 3073 3118 3146">
     <span class='ocr_line' id='line_1_90' title="bbox 2046 3073 3118 3146; baseline -0.004 -13"><span class='ocrx_word' id='word_1_560' title='bbox 2046 3077 2289 3140; x_wconf 86' lang='lat' dir='ltr'><strong>sinistro,</strong></span> <span class='ocrx_word' id='word_1_561' title='bbox 2323 3075 2520 3146; x_wconf 89' lang='lat' dir='ltr'><strong>puppis</strong></span> <span class='ocrx_word' id='word_1_562' title='bbox 2542 3075 2739 3146; x_wconf 83' lang='lat' dir='ltr'><strong>Argus,</strong></span> <span class='ocrx_word' id='word_1_563' title='bbox 2761 3073 3118 3146; x_wconf 72' lang='lat' dir='ltr'><strong>eLProeyon.</strong></span> 
     </span>
    </p>
   </div>
   <div class='ocr_carea' id='block_1_91' title="bbox 2114 3163 3596 3236">
    <p class='ocr_par' dir='ltr' id='par_1_91' title="bbox 2114 3163 3596 3236">
     <span class='ocr_line' id='line_1_91' title="bbox 2114 3163 3596 3236; baseline -0.001 -15"><span class='ocrx_word' id='word_1_564' title='bbox 2114 3165 2249 3221; x_wconf 90' lang='lat' dir='ltr'><strong>Cum</strong></span> <span class='ocrx_word' id='word_1_565' title='bbox 2277 3165 2609 3236; x_wconf 89' lang='lat' dir='ltr'><strong>Capricorno</strong></span> <span class='ocrx_word' id='word_1_566' title='bbox 2634 3165 2810 3220; x_wconf 90' lang='lat' dir='ltr'><strong>oritur</strong></span> <span class='ocrx_word' id='word_1_567' title='bbox 2833 3164 3029 3235; x_wconf 89' lang='lat' dir='ltr'><strong>Aquila</strong></span> <span class='ocrx_word' id='word_1_568' title='bbox 3051 3172 3186 3232; x_wconf 91' lang='lat' dir='ltr'><strong>tota,</strong></span> <span class='ocrx_word' id='word_1_569' title='bbox 3220 3163 3446 3236; x_wconf 86' lang='lat' dir='ltr'><strong>Sagitta,</strong></span> <span class='ocrx_word' id='word_1_570' title='bbox 3469 3164 3596 3229; x_wconf 88' lang='lat' dir='ltr'><strong>Ara,</strong></span> 
     </span>
    </p>
   </div>
   <div class='ocr_carea' id='block_1_92' title="bbox 2044 3255 3601 3328">
    <p class='ocr_par' dir='ltr' id='par_1_92' title="bbox 2044 3255 3601 3328">
     <span class='ocr_line' id='line_1_92' title="bbox 2044 3255 3601 3328; baseline -0.002 -15"><span class='ocrx_word' id='word_1_571' title='bbox 2044 3257 2295 3328; x_wconf 76' lang='lat' dir='ltr'><strong>Delphin,</strong></span> <span class='ocrx_word' id='word_1_572' title='bbox 2321 3255 2557 3328; x_wconf 82' lang='lat' dir='ltr'><strong>Cygnus.</strong></span> <span class='ocrx_word' id='word_1_573' title='bbox 2587 3255 2855 3312; x_wconf 88' lang='lat' dir='ltr'><strong>Occidunt</strong></span> <span class='ocrx_word' id='word_1_574' title='bbox 2884 3255 3148 3311; x_wconf 84' lang='lat' dir='ltr'><strong>Heniochi</strong></span> <span class='ocrx_word' id='word_1_575' title='bbox 3181 3256 3414 3326; x_wconf 90' lang='lat' dir='ltr'><strong>reliqua,</strong></span> <span class='ocrx_word' id='word_1_576' title='bbox 3438 3263 3601 3326; x_wconf 86' lang='lat' dir='ltr'><strong>caput</strong></span> 
     </span>
    </p>
   </div>
   <div class='ocr_carea' id='block_1_93' title="bbox 2048 3348 3595 3420">
    <p class='ocr_par' dir='ltr' id='par_1_93' title="bbox 2048 3348 3595 3420">
     <span class='ocr_line' id='line_1_93' title="bbox 2048 3348 3595 3420; baseline -0.003 -15"><span class='ocrx_word' id='word_1_577' title='bbox 2048 3348 2210 3420; x_wconf 68' lang='grc'><strong>144</strong></span> <span class='ocrx_word' id='word_1_578' title='bbox 2241 3349 2447 3405; x_wconf 87' lang='lat' dir='ltr'><strong>scilicet</strong></span> <span class='ocrx_word' id='word_1_579' title='bbox 2464 3357 2524 3404; x_wconf 89' lang='lat' dir='ltr'><strong>et</strong></span> <span class='ocrx_word' id='word_1_580' title='bbox 2565 3348 2787 3404; x_wconf 90' lang='lat' dir='ltr'><strong>sinistra</strong></span> <span class='ocrx_word' id='word_1_581' title='bbox 2819 3363 3035 3413; x_wconf 87' lang='lat' dir='ltr'><strong>manus,</strong></span> <span class='ocrx_word' id='word_1_582' title='bbox 3074 3348 3130 3401; x_wconf 91' lang='lat' dir='ltr'><strong>in</strong></span> <span class='ocrx_word' id='word_1_583' title='bbox 3155 3363 3262 3418; x_wconf 90' lang='lat' dir='ltr'><strong>qua</strong></span> <span class='ocrx_word' id='word_1_584' title='bbox 3290 3349 3466 3416; x_wconf 89' lang='lat' dir='ltr'><strong>Capra</strong></span> <span class='ocrx_word' id='word_1_585' title='bbox 3493 3355 3595 3409; x_wconf 85' lang='lat' dir='ltr'><strong>est,</strong></span> 
     </span>
    </p>
   </div>
   <div class='ocr_carea' id='block_1_94' title="bbox 2043 3437 3628 3512">
    <p class='ocr_par' dir='ltr' id='par_1_94' title="bbox 2043 3437 3628 3512">
     <span class='ocr_line' id='line_1_94' title="bbox 2043 3437 3628 3512; baseline -0.005 -17"><span class='ocrx_word' id='word_1_586' title='bbox 2043 3449 2098 3496; x_wconf 91' lang='lat' dir='ltr'><strong>et</strong></span> <span class='ocrx_word' id='word_1_587' title='bbox 2148 3439 2329 3504; x_wconf 67' lang='lat' dir='ltr'><strong>Haedi,</strong></span> <span class='ocrx_word' id='word_1_588' title='bbox 2376 3439 2522 3510; x_wconf 89' lang='lat' dir='ltr'><strong>Argo</strong></span> <span class='ocrx_word' id='word_1_589' title='bbox 2561 3447 2694 3504; x_wconf 90' lang='lat' dir='ltr'><strong>tota,</strong></span> <span class='ocrx_word' id='word_1_590' title='bbox 2733 3438 2949 3512; x_wconf 85' lang='lat' dir='ltr'><strong>llydrus</strong></span> <span class='ocrx_word' id='word_1_591' title='bbox 2989 3438 3210 3495; x_wconf 89' lang='lat' dir='ltr'><strong>Cratere</strong></span> <span class='ocrx_word' id='word_1_592' title='bbox 3246 3445 3425 3504; x_wconf 90' lang='lat' dir='ltr'><strong>tenus,</strong></span> <span class='ocrx_word' id='word_1_593' title='bbox 3460 3437 3628 3494; x_wconf 89' lang='lat' dir='ltr'><strong>Cen-.</strong></span> 
     </span>
    </p>
   </div>
   <div class='ocr_carea' id='block_1_95' title="bbox 1945 3531 2852 3601">
    <p class='ocr_par' dir='ltr' id='par_1_95' title="bbox 1945 3531 2852 3601">
     <span class='ocr_line' id='line_1_95' title="bbox 1945 3531 2852 3601; baseline -0.002 -15"><span class='ocrx_word' id='word_1_594' title='bbox 1945 3541 1951 3548; x_wconf 87' lang='lat'><strong><em>&#39;</em></strong></span> <span class='ocrx_word' id='word_1_595' title='bbox 2047 3531 2190 3586; x_wconf 87' lang='lat' dir='ltr'><strong>tauri</strong></span> <span class='ocrx_word' id='word_1_596' title='bbox 2225 3531 2557 3601; x_wconf 88' lang='lat' dir='ltr'><strong>posteriores</strong></span> <span class='ocrx_word' id='word_1_597' title='bbox 2589 3531 2774 3600; x_wconf 89' lang='lat' dir='ltr'><strong>pedes.</strong></span> <span class='ocrx_word' id='word_1_598' title='bbox 2849 3580 2852 3584; x_wconf 92' lang='lat'><strong>.</strong></span> 
     </span>
    </p>
   </div>
   <div class='ocr_carea' id='block_1_96' title="bbox 2118 3621 3603 3694">
    <p class='ocr_par' dir='ltr' id='par_1_96' title="bbox 2118 3621 3603 3694">
     <span class='ocr_line' id='line_1_96' title="bbox 2118 3621 3603 3694; baseline 0.001 -15"><span class='ocrx_word' id='word_1_599' title='bbox 2118 3623 2340 3679; x_wconf 89' lang='lat' dir='ltr'><strong>Oriente</strong></span> <span class='ocrx_word' id='word_1_600' title='bbox 2363 3621 2604 3694; x_wconf 87' lang='lat' dir='ltr'><strong>Aquario</strong></span> <span class='ocrx_word' id='word_1_601' title='bbox 2624 3624 2800 3678; x_wconf 90' lang='lat' dir='ltr'><strong>oritur</strong></span> <span class='ocrx_word' id='word_1_602' title='bbox 2833 3623 2969 3694; x_wconf 86' lang='lat' dir='ltr'><strong>Equi</strong></span> <span class='ocrx_word' id='word_1_603' title='bbox 2999 3631 3188 3694; x_wconf 74' lang='lat' dir='ltr'><strong>caput,</strong></span> <span class='ocrx_word' id='word_1_604' title='bbox 3215 3640 3337 3680; x_wconf 90' lang='lat' dir='ltr'><strong>cum</strong></span> <span class='ocrx_word' id='word_1_605' title='bbox 3365 3624 3603 3680; x_wconf 86' lang='lat' dir='ltr'><strong>anterio-</strong></span> 
     </span>
    </p>
   </div>
   <div class='ocr_carea' id='block_1_97' title="bbox 2051 3711 3626 3782">
    <p class='ocr_par' dir='ltr' id='par_1_97' title="bbox 2051 3711 3626 3782">
     <span class='ocr_line' id='line_1_97' title="bbox 2051 3711 3626 3782; baseline 0.001 -16"><span class='ocrx_word' id='word_1_606' title='bbox 2051 3712 2202 3768; x_wconf 84' lang='lat' dir='ltr'><strong>ribus</strong></span> <span class='ocrx_word' id='word_1_607' title='bbox 2222 3711 2474 3782; x_wconf 85' lang='lat' dir='ltr'><strong>pedibus,</strong></span> <span class='ocrx_word' id='word_1_608' title='bbox 2502 3720 2555 3766; x_wconf 91' lang='lat' dir='ltr'><strong>et</strong></span> <span class='ocrx_word' id='word_1_609' title='bbox 2588 3711 2875 3781; x_wconf 88' lang='lat' dir='ltr'><strong>Cassiepea</strong></span> <span class='ocrx_word' id='word_1_610' title='bbox 2911 3713 3296 3782; x_wconf 75' lang='lat' dir='ltr'><strong>praetermissa.</strong></span> <span class='ocrx_word' id='word_1_611' title='bbox 3334 3712 3626 3769; x_wconf 6' lang='lat' dir='ltr'><strong>Occidunt.</strong></span> 
     </span>
    </p>
   </div>
   <div class='ocr_carea' id='block_1_98' title="bbox 2046 3803 3602 3876">
    <p class='ocr_par' dir='ltr' id='par_1_98' title="bbox 2046 3803 3602 3876">
     <span class='ocr_line' id='line_1_98' title="bbox 2046 3803 3602 3876; baseline 0 -16"><span class='ocrx_word' id='word_1_612' title='bbox 2046 3805 2347 3874; x_wconf 87' lang='lat' dir='ltr'><strong>posteriora</strong></span> <span class='ocrx_word' id='word_1_613' title='bbox 2397 3803 2678 3867; x_wconf 90' lang='lat' dir='ltr'><strong>Centauri,</strong></span> <span class='ocrx_word' id='word_1_614' title='bbox 2745 3819 2959 3859; x_wconf 89' lang='lat' dir='ltr'><strong>necnon</strong></span> <span class='ocrx_word' id='word_1_615' title='bbox 3024 3804 3262 3876; x_wconf 84' lang='lat' dir='ltr'><strong>Hydrus,</strong></span> <span class='ocrx_word' id='word_1_616' title='bbox 3311 3814 3366 3862; x_wconf 93' lang='lat' dir='ltr'><strong>et</strong></span> <span class='ocrx_word' id='word_1_617' title='bbox 3413 3807 3602 3862; x_wconf 90' lang='lat' dir='ltr'><strong>Crater</strong></span> 
     </span>
    </p>
   </div>
   <div class='ocr_carea' id='block_1_99' title="bbox 1951 3892 3232 3967">
    <p class='ocr_par' dir='ltr' id='par_1_99' title="bbox 1951 3892 3232 3967">
     <span class='ocr_line' id='line_1_99' title="bbox 1951 3892 3232 3967; baseline 0.002 -19"><span class='ocrx_word' id='word_1_618' title='bbox 1951 3912 1957 3918; x_wconf 94' lang='grc'><strong>·</strong></span> <span class='ocrx_word' id='word_1_619' title='bbox 2045 3909 2217 3967; x_wconf 90' lang='lat' dir='ltr'><strong>usque</strong></span> <span class='ocrx_word' id='word_1_620' title='bbox 2247 3895 2314 3949; x_wconf 88' lang='lat' dir='ltr'><strong>ad</strong></span> <span class='ocrx_word' id='word_1_621' title='bbox 2344 3893 2602 3950; x_wconf 89' lang='lat' dir='ltr'><strong>Corvum.</strong></span> <span class='ocrx_word' id='word_1_622' title='bbox 2630 3892 2878 3950; x_wconf 91' lang='lat' dir='ltr'><strong>Omissus</strong></span> <span class='ocrx_word' id='word_1_623' title='bbox 2907 3902 2991 3950; x_wconf 91' lang='lat' dir='ltr'><strong>est</strong></span> <span class='ocrx_word' id='word_1_624' title='bbox 3020 3895 3232 3952; x_wconf 86' lang='lat' dir='ltr'><strong>Crater.</strong></span> 
     </span>
    </p>
   </div>
   <div class='ocr_carea' id='block_1_100' title="bbox 2115 3979 3600 4050">
    <p class='ocr_par' dir='ltr' id='par_1_100' title="bbox 2115 3979 3600 4050">
     <span class='ocr_line' id='line_1_100' title="bbox 2115 3979 3600 4050; baseline 0.003 -11"><span class='ocrx_word' id='word_1_625' title='bbox 2115 3985 2362 4040; x_wconf 90' lang='lat' dir='ltr'><strong>Piscibus</strong></span> <span class='ocrx_word' id='word_1_626' title='bbox 2400 3985 2725 4050; x_wconf 87' lang='lat' dir='ltr'><strong>orientibus,</strong></span> <span class='ocrx_word' id='word_1_627' title='bbox 2770 3985 3028 4040; x_wconf 90' lang='lat' dir='ltr'><strong>australis</strong></span> <span class='ocrx_word' id='word_1_628' title='bbox 3073 3979 3248 4042; x_wconf 86' lang='lat' dir='ltr'><strong>Piscis</strong></span> <span class='ocrx_word' id='word_1_629' title='bbox 3294 4001 3404 4040; x_wconf 90' lang='lat' dir='ltr'><strong>non</strong></span> <span class='ocrx_word' id='word_1_630' title='bbox 3451 3994 3600 4044; x_wconf 91' lang='lat' dir='ltr'><strong>totus</strong></span> 
     </span>
    </p>
   </div>
   <div class='ocr_carea' id='block_1_101' title="bbox 2049 4075 3604 4146">
    <p class='ocr_par' dir='ltr' id='par_1_101' title="bbox 2049 4075 3604 4146">
     <span class='ocr_line' id='line_1_101' title="bbox 2049 4075 3604 4146; baseline 0.002 -15"><span class='ocrx_word' id='word_1_631' title='bbox 2049 4077 2309 4142; x_wconf 78' lang='lat' dir='ltr'><strong>exoritur,</strong></span> <span class='ocrx_word' id='word_1_632' title='bbox 2341 4084 2394 4131; x_wconf 94' lang='lat' dir='ltr'><strong>et</strong></span> <span class='ocrx_word' id='word_1_633' title='bbox 2427 4075 2785 4131; x_wconf 83' lang='lat' dir='ltr'><strong>Andromedae</strong></span> <span class='ocrx_word' id='word_1_634' title='bbox 2821 4091 2946 4146; x_wconf 89' lang='lat' dir='ltr'><strong>pars</strong></span> <span class='ocrx_word' id='word_1_635' title='bbox 2989 4076 3197 4133; x_wconf 88' lang='lat' dir='ltr'><strong>dextra.</strong></span> <span class='ocrx_word' id='word_1_636' title='bbox 3248 4076 3418 4134; x_wconf 86' lang='lat' dir='ltr'><strong>Totus</strong></span> <span class='ocrx_word' id='word_1_637' title='bbox 3446 4077 3604 4134; x_wconf 88' lang='lat' dir='ltr'><strong>Cen-</strong></span> 
     </span>
    </p>
   </div>
   <div class='ocr_carea' id='block_1_102' title="bbox 2050 4166 3338 4239">
    <p class='ocr_par' dir='ltr' id='par_1_102' title="bbox 2050 4166 3338 4239">
     <span class='ocr_line' id='line_1_102' title="bbox 2050 4166 3338 4239; baseline 0.002 -17"><span class='ocrx_word' id='word_1_638' title='bbox 2050 4176 2239 4223; x_wconf 85' lang='lat' dir='ltr'><strong>taurus</strong></span> <span class='ocrx_word' id='word_1_639' title='bbox 2260 4167 2481 4232; x_wconf 92' lang='lat' dir='ltr'><strong>occidit,</strong></span> <span class='ocrx_word' id='word_1_640' title='bbox 2513 4166 2750 4239; x_wconf 82' lang='lat' dir='ltr'><strong>Hydrus,</strong></span> <span class='ocrx_word' id='word_1_641' title='bbox 2776 4167 3005 4232; x_wconf 90' lang='lat' dir='ltr'><strong>Corvus,</strong></span> <span class='ocrx_word' id='word_1_642' title='bbox 3038 4167 3252 4224; x_wconf 86' lang='lat' dir='ltr'><strong>Crater.</strong></span> <span class='ocrx_word' id='word_1_643' title='bbox 3331 4169 3338 4178; x_wconf 69' lang='lat'>‘</span> 
     </span>
    </p>
   </div>
   <div class='ocr_carea' id='block_1_103' title="bbox 2121 4261 3600 4332">
    <p class='ocr_par' dir='ltr' id='par_1_103' title="bbox 2121 4261 3600 4332">
     <span class='ocr_line' id='line_1_103' title="bbox 2121 4261 3600 4332; baseline 0.002 -15"><span class='ocrx_word' id='word_1_644' title='bbox 2121 4262 2255 4317; x_wconf 91' lang='lat' dir='ltr'><strong>Cum</strong></span> <span class='ocrx_word' id='word_1_645' title='bbox 2311 4262 2468 4318; x_wconf 89' lang='lat' dir='ltr'><strong>Aries</strong></span> <span class='ocrx_word' id='word_1_646' title='bbox 2510 4262 2702 4327; x_wconf 87' lang='lat' dir='ltr'><strong>oritur,</strong></span> <span class='ocrx_word' id='word_1_647' title='bbox 2742 4270 2906 4332; x_wconf 89' lang='lat' dir='ltr'><strong>caput</strong></span> <span class='ocrx_word' id='word_1_648' title='bbox 2957 4261 3151 4319; x_wconf 8' lang='lat' dir='ltr'><strong>Perseia</strong></span> <span class='ocrx_word' id='word_1_649' title='bbox 3197 4278 3320 4319; x_wconf 91' lang='lat' dir='ltr'><strong>cum</strong></span> <span class='ocrx_word' id='word_1_650' title='bbox 3359 4263 3600 4320; x_wconf 73' lang='lat' dir='ltr'><strong>humer-is</strong></span> 
     </span>
    </p>
   </div>
   <div class='ocr_carea' id='block_1_104' title="bbox 2050 4354 3599 4425">
    <p class='ocr_par' dir='ltr' id='par_1_104' title="bbox 2050 4354 3599 4425">
     <span class='ocr_line' id='line_1_104' title="bbox 2050 4354 3599 4425; baseline 0.001 -16"><span class='ocrx_word' id='word_1_651' title='bbox 2050 4355 2246 4420; x_wconf 88' lang='lat' dir='ltr'><strong>oritur,</strong></span> <span class='ocrx_word' id='word_1_652' title='bbox 2289 4354 2645 4409; x_wconf 67' lang='lat' dir='ltr'><strong>Andromeda:</strong></span> <span class='ocrx_word' id='word_1_653' title='bbox 2675 4355 2896 4410; x_wconf 89' lang='lat' dir='ltr'><strong>sinistra</strong></span> <span class='ocrx_word' id='word_1_654' title='bbox 2943 4370 3090 4425; x_wconf 88' lang='lat' dir='ltr'><strong>pars.</strong></span> <span class='ocrx_word' id='word_1_655' title='bbox 3138 4354 3389 4411; x_wconf 84' lang='lat' dir='ltr'><strong>Deltoton</strong></span> <span class='ocrx_word' id='word_1_656' title='bbox 3431 4356 3599 4411; x_wconf 89' lang='lat' dir='ltr'><strong>omis-</strong></span> 
     </span>
    </p>
   </div>
   <div class='ocr_carea' id='block_1_105' title="bbox 1972 4443 3177 4516">
    <p class='ocr_par' dir='ltr' id='par_1_105' title="bbox 1972 4443 3177 4516">
     <span class='ocr_line' id='line_1_105' title="bbox 1972 4443 3177 4516; baseline -0.002 -15"><span class='ocrx_word' id='word_1_657' title='bbox 1972 4460 2017 4515; x_wconf 75' lang='grc' dir='ltr'><strong>ι)</strong></span> <span class='ocrx_word' id='word_1_658' title='bbox 2047 4461 2166 4502; x_wconf 89' lang='lat' dir='ltr'><strong>sum</strong></span> <span class='ocrx_word' id='word_1_659' title='bbox 2193 4452 2297 4500; x_wconf 90' lang='lat' dir='ltr'><strong>est.</strong></span> <span class='ocrx_word' id='word_1_660' title='bbox 2337 4444 2546 4499; x_wconf 88' lang='lat' dir='ltr'><strong>Occidit</strong></span> <span class='ocrx_word' id='word_1_661' title='bbox 2573 4445 2682 4497; x_wconf 84' lang='lat' dir='ltr'><strong>Ara</strong></span> <span class='ocrx_word' id='word_1_662' title='bbox 2713 4451 2767 4499; x_wconf 92' lang='lat' dir='ltr'><strong>et</strong></span> <span class='ocrx_word' id='word_1_663' title='bbox 2790 4443 3177 4516; x_wconf 86' lang='lat' dir='ltr'><strong>Arct0phylax.</strong></span> 
     </span>
    </p>
   </div>
   <div class='ocr_carea' id='block_1_106' title="bbox 2112 4535 3595 4602">
    <p class='ocr_par' dir='ltr' id='par_1_106' title="bbox 2112 4535 3595 4602">
     <span class='ocr_line' id='line_1_106' title="bbox 2112 4535 3595 4602; baseline -0.001 -9"><span class='ocrx_word' id='word_1_664' title='bbox 2112 4537 2249 4593; x_wconf 90' lang='lat' dir='ltr'><strong>Cum</strong></span> <span class='ocrx_word' id='word_1_665' title='bbox 2277 4537 2489 4592; x_wconf 87' lang='lat' dir='ltr'><strong>Taurus</strong></span> <span class='ocrx_word' id='word_1_666' title='bbox 2517 4536 2710 4602; x_wconf 89' lang='lat' dir='ltr'><strong>oritur,</strong></span> <span class='ocrx_word' id='word_1_667' title='bbox 2739 4535 2970 4592; x_wconf 87' lang='lat' dir='ltr'><strong>Perseus</strong></span> <span class='ocrx_word' id='word_1_668' title='bbox 3000 4545 3146 4594; x_wconf 78' lang='lat' dir='ltr'><strong>totus</strong></span> <span class='ocrx_word' id='word_1_669' title='bbox 3174 4545 3417 4594; x_wconf 87' lang='lat' dir='ltr'><strong>exortum</strong></span> <span class='ocrx_word' id='word_1_670' title='bbox 3447 4537 3595 4602; x_wconf 78' lang='lat' dir='ltr'><strong>facit;</strong></span> 
     </span>
    </p>
   </div>
   <div class='ocr_carea' id='block_1_107' title="bbox 2045 4629 3592 4700">
    <p class='ocr_par' dir='ltr' id='par_1_107' title="bbox 2045 4629 3592 4700">
     <span class='ocr_line' id='line_1_107' title="bbox 2045 4629 3592 4700; baseline -0.001 -15"><span class='ocrx_word' id='word_1_671' title='bbox 2045 4631 2174 4685; x_wconf 88' lang='lat' dir='ltr'><strong>item</strong></span> <span class='ocrx_word' id='word_1_672' title='bbox 2211 4629 2426 4700; x_wconf 76' lang='lat' dir='ltr'><strong>Aurigae</strong></span> <span class='ocrx_word' id='word_1_673' title='bbox 2457 4629 2667 4684; x_wconf 88' lang='lat' dir='ltr'><strong>sinistri</strong></span> <span class='ocrx_word' id='word_1_674' title='bbox 2706 4629 2861 4700; x_wconf 92' lang='lat' dir='ltr'><strong>pedis</strong></span> <span class='ocrx_word' id='word_1_675' title='bbox 2890 4630 3226 4695; x_wconf 81' lang='lat' dir='ltr'><strong>extremitas,</strong></span> <span class='ocrx_word' id='word_1_676' title='bbox 3271 4637 3326 4686; x_wconf 92' lang='lat' dir='ltr'><strong>et</strong></span> <span class='ocrx_word' id='word_1_677' title='bbox 3371 4630 3592 4686; x_wconf 87' lang='lat' dir='ltr'><strong>sinistra</strong></span> 
     </span>
    </p>
   </div>
   <div class='ocr_carea' id='block_1_108' title="bbox 2043 4717 3593 4789">
    <p class='ocr_par' dir='ltr' id='par_1_108' title="bbox 2043 4717 3593 4789">
     <span class='ocr_line' id='line_1_108' title="bbox 2043 4717 3593 4789; baseline 0.001 -17"><span class='ocrx_word' id='word_1_678' title='bbox 2043 4735 2238 4776; x_wconf 88' lang='lat' dir='ltr'><strong>manus</strong></span> <span class='ocrx_word' id='word_1_679' title='bbox 2259 4759 2274 4785; x_wconf 93' lang='lat'><strong>,</strong></span> <span class='ocrx_word' id='word_1_680' title='bbox 2299 4719 2354 4772; x_wconf 92' lang='lat' dir='ltr'><strong>in</strong></span> <span class='ocrx_word' id='word_1_681' title='bbox 2387 4734 2495 4789; x_wconf 87' lang='lat' dir='ltr'><strong>qua</strong></span> <span class='ocrx_word' id='word_1_682' title='bbox 2518 4717 2692 4788; x_wconf 87' lang='lat' dir='ltr'><strong>Capra</strong></span> <span class='ocrx_word' id='word_1_683' title='bbox 2722 4726 2858 4773; x_wconf 79' lang='lat' dir='ltr'><strong>sunt</strong></span> <span class='ocrx_word' id='word_1_684' title='bbox 2875 4728 2930 4774; x_wconf 93' lang='lat' dir='ltr'><strong>et</strong></span> <span class='ocrx_word' id='word_1_685' title='bbox 2968 4718 3145 4786; x_wconf 71' lang='lat' dir='ltr'><strong>Haedi,</strong></span> <span class='ocrx_word' id='word_1_686' title='bbox 3176 4719 3294 4776; x_wconf 90' lang='lat' dir='ltr'><strong>Ceti</strong></span> <span class='ocrx_word' id='word_1_687' title='bbox 3323 4720 3507 4775; x_wconf 81' lang='lat' dir='ltr'><strong>cervix</strong></span> <span class='ocrx_word' id='word_1_688' title='bbox 3540 4732 3593 4776; x_wconf 89' lang='lat' dir='ltr'><strong>et</strong></span> 
     </span>
    </p>
   </div>
   <div class='ocr_carea' id='block_1_109' title="bbox 2035 4809 3595 4884">
    <p class='ocr_par' dir='ltr' id='par_1_109' title="bbox 2035 4809 3595 4884">
     <span class='ocr_line' id='line_1_109' title="bbox 2035 4809 3595 4884; baseline 0.002 -19"><span class='ocrx_word' id='word_1_689' title='bbox 2035 4810 2236 4866; x_wconf 86' lang='lat' dir='ltr'><strong>‘cauda.</strong></span> <span class='ocrx_word' id='word_1_690' title='bbox 2299 4809 2510 4867; x_wconf 90' lang='lat' dir='ltr'><strong>Occidit</strong></span> <span class='ocrx_word' id='word_1_691' title='bbox 2565 4811 2931 4884; x_wconf 80' lang='lat' dir='ltr'><strong>Arctophylax</strong></span> <span class='ocrx_word' id='word_1_692' title='bbox 2987 4827 3111 4867; x_wconf 91' lang='lat' dir='ltr'><strong>cum</strong></span> <span class='ocrx_word' id='word_1_693' title='bbox 3178 4812 3382 4868; x_wconf 89' lang='lat' dir='ltr'><strong>Arietis</strong></span> <span class='ocrx_word' id='word_1_694' title='bbox 3442 4819 3595 4882; x_wconf 74' lang='lat' dir='ltr'><strong>parte</strong></span> 
     </span>
    </p>
   </div>
   <div class='ocr_carea' id='block_1_110' title="bbox 2003 4916 2237 4972">
    <p class='ocr_par' dir='ltr' id='par_1_110' title="bbox 2003 4916 2237 4972">
     <span class='ocr_line' id='line_1_110' title="bbox 2003 4916 2237 4972; baseline 0 -16"><span class='ocrx_word' id='word_1_695' title='bbox 2003 4953 2006 4956; x_wconf 83' lang='lat'><strong>.</strong></span> <span class='ocrx_word' id='word_1_696' title='bbox 2043 4916 2237 4972; x_wconf 82' lang='lat' dir='ltr'><strong>prima.</strong></span> 
     </span>
    </p>
   </div>
   <div class='ocr_carea' id='block_1_111' title="bbox 2112 4992 3594 5062">
    <p class='ocr_par' dir='ltr' id='par_1_111' title="bbox 2112 4992 3594 5062">
     <span class='ocr_line' id='line_1_111' title="bbox 2112 4992 3594 5062; baseline 0.001 -13"><span class='ocrx_word' id='word_1_697' title='bbox 2112 4993 2247 5049; x_wconf 88' lang='lat' dir='ltr'><strong>Cum</strong></span> <span class='ocrx_word' id='word_1_698' title='bbox 2299 4992 2547 5050; x_wconf 81' lang='lat' dir='ltr'><strong>Geminis</strong></span> <span class='ocrx_word' id='word_1_699' title='bbox 2581 4995 2753 5050; x_wconf 89' lang='lat' dir='ltr'><strong>oritur</strong></span> <span class='ocrx_word' id='word_1_700' title='bbox 2803 4995 2998 5056; x_wconf 83' lang='lat' dir='ltr'><strong>ﬂuvius</strong></span> <span class='ocrx_word' id='word_1_701' title='bbox 3043 4994 3348 5062; x_wconf 84' lang='lat' dir='ltr'><strong>Eridanus,</strong></span> <span class='ocrx_word' id='word_1_702' title='bbox 3407 4994 3594 5062; x_wconf 88' lang='lat' dir='ltr'><strong>Cetus,</strong></span> 
     </span>
    </p>
   </div>
   <div class='ocr_carea' id='block_1_112' title="bbox 2044 5085 3279 5158">
    <p class='ocr_par' dir='ltr' id='par_1_112' title="bbox 2044 5085 3279 5158">
     <span class='ocr_line' id='line_1_112' title="bbox 2044 5085 3279 5158; baseline -0.006 -11"><span class='ocrx_word' id='word_1_703' title='bbox 2044 5085 2232 5147; x_wconf 82' lang='lat' dir='ltr'><strong>Orion.</strong></span> <span class='ocrx_word' id='word_1_704' title='bbox 2263 5086 2471 5142; x_wconf 90' lang='lat' dir='ltr'><strong>Occidit</strong></span> <span class='ocrx_word' id='word_1_705' title='bbox 2496 5085 2811 5158; x_wconf 89' lang='lat' dir='ltr'><strong>Ophiuchus</strong></span> <span class='ocrx_word' id='word_1_706' title='bbox 2850 5088 3076 5158; x_wconf 86' lang='lat' dir='ltr'><strong>genibus</strong></span> <span class='ocrx_word' id='word_1_707' title='bbox 3098 5095 3279 5143; x_wconf 91' lang='lat' dir='ltr'><strong>tenus.</strong></span> 
     </span>
    </p>
   </div>
   <div class='ocr_carea' id='block_1_113' title="bbox 2112 5262 3590 5336">
    <p class='ocr_par' dir='ltr' id='par_1_113' title="bbox 2112 5262 3590 5336">
     <span class='ocr_line' id='line_1_113' title="bbox 2112 5262 3590 5336; baseline -0.001 -16"><span class='ocrx_word' id='word_1_708' title='bbox 2112 5265 2238 5322; x_wconf 82' lang='lat' dir='ltr'><strong>Haec</strong></span> <span class='ocrx_word' id='word_1_709' title='bbox 2260 5264 2373 5322; x_wconf 84' lang='lat' dir='ltr'><strong>fere</strong></span> <span class='ocrx_word' id='word_1_710' title='bbox 2405 5272 2534 5321; x_wconf 88' lang='lat' dir='ltr'><strong>sunt</strong></span> <span class='ocrx_word' id='word_1_711' title='bbox 2561 5280 2682 5336; x_wconf 67' lang='lat' dir='ltr'><strong>quae</strong></span> <span class='ocrx_word' id='word_1_712' title='bbox 2711 5265 2777 5319; x_wconf 89' lang='lat' dir='ltr'><strong>ad</strong></span> <span class='ocrx_word' id='word_1_713' title='bbox 2803 5264 2992 5320; x_wconf 87' lang='lat' dir='ltr'><strong>rudem</strong></span> <span class='ocrx_word' id='word_1_714' title='bbox 3027 5263 3468 5320; x_wconf 82' lang='lat' dir='ltr'><strong>informationem</strong></span> <span class='ocrx_word' id='word_1_715' title='bbox 3522 5262 3590 5319; x_wconf 88' lang='lat' dir='ltr'><strong>de</strong></span> 
     </span>
    </p>
   </div>
   <div class='ocr_carea' id='block_1_114' title="bbox 2043 5354 3598 5427">
    <p class='ocr_par' dir='ltr' id='par_1_114' title="bbox 2043 5354 3598 5427">
     <span class='ocr_line' id='line_1_114' title="bbox 2043 5354 3598 5427; baseline -0.002 -16"><span class='ocrx_word' id='word_1_716' title='bbox 2043 5357 2251 5427; x_wconf 68' lang='lat' dir='ltr'><strong>sphaera</strong></span> <span class='ocrx_word' id='word_1_717' title='bbox 2281 5356 2509 5412; x_wconf 85' lang='lat' dir='ltr'><strong>dicenda</strong></span> <span class='ocrx_word' id='word_1_718' title='bbox 2540 5355 2780 5412; x_wconf 82' lang='lat' dir='ltr'><strong>fuerunt.</strong></span> <span class='ocrx_word' id='word_1_719' title='bbox 2823 5354 2956 5410; x_wconf 91' lang='lat' dir='ltr'><strong>lllud</strong></span> <span class='ocrx_word' id='word_1_720' title='bbox 2988 5371 3328 5427; x_wconf 84' lang='lat' dir='ltr'><strong>consequens</strong></span> <span class='ocrx_word' id='word_1_721' title='bbox 3351 5362 3454 5422; x_wconf 89' lang='lat' dir='ltr'><strong>est,</strong></span> <span class='ocrx_word' id='word_1_722' title='bbox 3491 5362 3598 5410; x_wconf 84' lang='lat' dir='ltr'><strong>ter-</strong></span> 
     </span>
    </p>
   </div>
   <div class='ocr_carea' id='block_1_115' title="bbox 2041 5445 3598 5517">
    <p class='ocr_par' dir='ltr' id='par_1_115' title="bbox 2041 5445 3598 5517">
     <span class='ocr_line' id='line_1_115' title="bbox 2041 5445 3598 5517; baseline -0.001 -15"><span class='ocrx_word' id='word_1_723' title='bbox 2041 5463 2159 5502; x_wconf 89' lang='lat' dir='ltr'><strong>ram</strong></span> <span class='ocrx_word' id='word_1_724' title='bbox 2207 5448 2441 5503; x_wconf 85' lang='lat' dir='ltr'><strong>rotunda</strong></span> <span class='ocrx_word' id='word_1_725' title='bbox 2471 5454 2723 5504; x_wconf 89' lang='lat' dir='ltr'><strong>constare</strong></span> <span class='ocrx_word' id='word_1_726' title='bbox 2766 5445 2960 5511; x_wconf 82' lang='lat' dir='ltr'><strong>forma,</strong></span> <span class='ocrx_word' id='word_1_727' title='bbox 3012 5462 3172 5517; x_wconf 90' lang='lat' dir='ltr'><strong>quam</strong></span> <span class='ocrx_word' id='word_1_728' title='bbox 3212 5447 3422 5502; x_wconf 90' lang='lat' dir='ltr'><strong>medius</strong></span> <span class='ocrx_word' id='word_1_729' title='bbox 3471 5461 3598 5516; x_wconf 90' lang='lat' dir='ltr'><strong>per-</strong></span> 
     </span>
    </p>
   </div>
   <div class='ocr_carea' id='block_1_116' title="bbox 2041 5531 3598 5608">
    <p class='ocr_par' dir='ltr' id='par_1_116' title="bbox 2041 5531 3598 5608">
     <span class='ocr_line' id='line_1_116' title="bbox 2041 5531 3598 5608; baseline -0.001 -14"><span class='ocrx_word' id='word_1_730' title='bbox 2041 5541 2239 5595; x_wconf 87' lang='lat' dir='ltr'><strong>transit</strong></span> <span class='ocrx_word' id='word_1_731' title='bbox 2277 5541 2416 5607; x_wconf 80' lang='lat' dir='ltr'><strong>axis,</strong></span> <span class='ocrx_word' id='word_1_732' title='bbox 2465 5548 2520 5596; x_wconf 84' lang='lat' dir='ltr'><strong>et</strong></span> <span class='ocrx_word' id='word_1_733' title='bbox 2559 5555 2676 5595; x_wconf 91' lang='lat' dir='ltr'><strong>eam</strong></span> <span class='ocrx_word' id='word_1_734' title='bbox 2732 5539 3059 5594; x_wconf 87' lang='lat' dir='ltr'><strong>immobilem</strong></span> <span class='ocrx_word' id='word_1_735' title='bbox 3111 5531 3330 5594; x_wconf 5' lang='lat' dir='ltr'><strong>icoercet</strong></span> <span class='ocrx_word' id='word_1_736' title='bbox 3371 5557 3384 5592; x_wconf 88' lang='lat'><strong>:</strong></span> <span class='ocrx_word' id='word_1_737' title='bbox 3440 5539 3598 5608; x_wconf 89' lang='lat' dir='ltr'><strong>cujus</strong></span> 
     </span>
    </p>
   </div>
   <div class='ocr_carea' id='block_1_117' title="bbox 2041 5630 3598 5703">
    <p class='ocr_par' dir='ltr' id='par_1_117' title="bbox 2041 5630 3598 5703">
     <span class='ocr_line' id='line_1_117' title="bbox 2041 5630 3598 5703; baseline -0.001 -17"><span class='ocrx_word' id='word_1_738' title='bbox 2041 5640 2279 5686; x_wconf 79' lang='lat' dir='ltr'><strong>extrema</strong></span> <span class='ocrx_word' id='word_1_739' title='bbox 2308 5648 2404 5702; x_wconf 88' lang='lat' dir='ltr'><strong>per</strong></span> <span class='ocrx_word' id='word_1_740' title='bbox 2433 5642 2719 5703; x_wconf 87' lang='lat' dir='ltr'><strong>utrumque</strong></span> <span class='ocrx_word' id='word_1_741' title='bbox 2749 5633 2951 5702; x_wconf 89' lang='lat' dir='ltr'><strong>polum,</strong></span> <span class='ocrx_word' id='word_1_742' title='bbox 2977 5630 3244 5686; x_wconf 88' lang='lat' dir='ltr'><strong>borealem</strong></span> <span class='ocrx_word' id='word_1_743' title='bbox 3275 5632 3598 5688; x_wconf 87' lang='lat' dir='ltr'><strong>australem-</strong></span> 
     </span>
    </p>
   </div>
   <div class='ocr_carea' id='block_1_118' title="bbox 2046 5724 2587 5795">
    <p class='ocr_par' dir='ltr' id='par_1_118' title="bbox 2046 5724 2587 5795">
     <span class='ocr_line' id='line_1_118' title="bbox 2046 5724 2587 5795; baseline -0.004 -16"><span class='ocrx_word' id='word_1_744' title='bbox 2046 5739 2150 5795; x_wconf 92' lang='lat' dir='ltr'><strong>que</strong></span> <span class='ocrx_word' id='word_1_745' title='bbox 2180 5724 2407 5795; x_wconf 83' lang='lat' dir='ltr'><strong>trajecta</strong></span> <span class='ocrx_word' id='word_1_746' title='bbox 2443 5731 2587 5780; x_wconf 92' lang='lat' dir='ltr'><strong>sunt.</strong></span> 
     </span>
    </p>
   </div>
  </div>
