4044 6220
462 337 598 392 1145

464 557 576 602 tota
605 545 854 608 sublimis
878 549 995 608 est,
1035 543 1426 605 inhabitabilis,
1460 543 1752 612 frigoribus
1792 543 2008 609 infesta,

467 637 794 706 Saturnique
821 635 1071 706 propria;
1100 634 1309 697 aestiva,
1339 634 1495 704 cujus
1531 649 1659 703 pars
1693 651 1856 705 supra
1908 642 2017 690 ter-

462 746 578 785 ram
635 729 809 797 major
863 726 1084 791 eminet,
1133 725 1312 778 minor
1351 725 1454 780 sub
1499 735 1643 781 terra
1674 726 2012 796 deprimitur.

463 821 541 876 Ea
565 829 648 876 est
682 817 990 873 habitabilis
1024 817 1394 886 undiquaque,
1437 827 1755 887 temperata,
1785 817 1902 873 Jovi
1933 819 2017 873 di-

464 919 617 976 cata;
645 909 1056 980 aequinoctialis,
1075 907 1232 976 cujus
1253 925 1378 979 pars
1407 909 1630 978 aequalis
1657 908 1796 962 infra
1827 924 2018 979 supra-

463 1017 570 1071 que
612 1008 811 1056 terram
860 1005 1061 1060 exstat,
1105 1005 1318 1059 exusta,
1367 997 1525 1052 Marti
1563 998 1892 1068 peculiaris;
1935 999 2019 1053 hi‘

465 1094 651 1156 berna,
705 1090 863 1160 cujus
898 1088 1071 1159 major
1115 1089 1218 1144 sub
1247 1099 1390 1144 terra
1434 1105 1587 1160 pars,
1621 1091 2016 1161 supra‘terratn

464 1185 641 1240 minor
685 1182 918 1245 exsistit,
948 1181 1000 1234 in
1033 1181 1218 1236 orbem
1265 1181 1540 1249 habitata;
1572 1188 1890 1252 temperata,
1931 1197 2021 1237 sa-

463 1291 558 1330 cra
592 1274 786 1330 Veneri
815 1292 832 1337 ;
860 1274 1115 1328 australis
1155 1288 1264 1328 non
1301 1288 1590 1344 apparens,
1619 1274 1838 1338 alsiosa.
1864 1273 2022 1330 inho-

465 1369 628 1441 spita,
664 1367 930 1423 Mercurio
959 1365 1158 1422 dicata.

532 1463 749 1516 Arctica
792 1474 929 1515 zona
981 1466 1197 1514 constat
1237 1459 1510 1530 scrupulis
1569 1459 1922 1530 sexagesimis
1950 1457 2021 1526 6;

467 1553 859 1624 aequinoctialis
919 1550 952 1606 8
993 1570 1006 1606 :
1056 1549 1218 1605 habet
1249 1550 1318 1603 ab
1346 1557 1573 1620 utraque
1601 1560 1751 1622 parte
1779 1550 2022 1620 tequino—

468 1645 642 1701 ctialis
687 1643 910 1708 circuli;
939 1642 1028 1696 hic
1067 1641 1211 1696 enim
1238 1639 1466 1695 mediam
1516 1641 1686 1710 ipsam
1711 1640 1902 1694 dividit
1930 1655 2026 1710 per

470 1744 636 1790 totam
671 1735 970 1804 sphaeram;
1004 1735 1191 1789 aestiva
1224 1733 1476 1803 scrupula
1515 1733 1549 1788 5
1575 1733 1815 1799 obtinet;
1846 1741 2027 1786 antar-

469 1827 609 1881 ctica
650 1825 704 1880 6.
747 1825 931 1895 Itaque
983 1825 1233 1894 superior
1281 1825 1516 1890 ambitus
1557 1833 1717 1878 terra:
1771 1824 2026 1894 scrupula
2055 1858 2097 1914 Β

470 1919 676 1988 colligit
713 1918 958 1984 tricena;
998 1916 1222 1971 totidem
1270 1915 1515 1972 inferior.
1545 1914 1716 1972 Totus
1749 1931 1877 1987 ergo
1906 1931 2023 1970 am-

471 2011 617 2066 bitus
646 2013 926 2082 sexaginta
947 2011 1218 2080 scrupulis
1251 2018 1487 2067 constat.
1518 2009 1865 2081 Sexagesimo
1909 2010 2030 2064 cui-

472 2117 577 2172 que
601 2103 857 2171 scrupulo
886 2101 1184 2156 stadiorum
1201 2100 1365 2165 4,200
1391 2108 1722 2169 competunt.
1747 2099 2025 2171 Colligun-

473 2200 564 2248 tur
582 2192 878 2248 stadiorum
910 2193 964 2246 in
990 2199 1102 2247 tota
1139 2201 1283 2247 terra
1303 2190 1558 2255 250,000.

759 2305 837 2359 De
875 2305 940 2358 iis
984 2320 1098 2373 qua:
1136 2305 1190 2356 in
1220 2302 1434 2358 sublimi
1464 2311 1770 2360 cernuntur.

548 2414 635 2471 111.
677 2415 754 2469 Ex
793 2416 948 2486 aquis
993 2431 1113 2486 qua:
1166 2414 1223 2469 in
1255 2421 1405 2470 terra
1452 2424 1599 2481 sunt,
1655 2413 2030 2470 exbalationes

475 2507 606 2562 oriri
657 2506 914 2561 dicuntur
947 2524 962 2561 :
1002 2520 1234 2576 quarum
1275 2505 1443 2559 altera
1481 2512 1566 2561 est
1594 2505 1817 2560 humida
1849 2513 1902 2561 et
1933 2521 2031 2561 va-

476 2599 636 2670 pida;
675 2599 842 2653 altera
885 2598 1032 2653 sicca
1067 2606 1120 2653 et
1159 2596 1385 2652 fumida.
1437 2595 1594 2651 Prior
1651 2597 1936 2652 abundans
1979 2603 2034 2653 et

478 2701 689 2757 coacta,
737 2691 948 2746 nubes:
981 2699 1206 2758 mutata,
1263 2689 1476 2761 pluvias
1509 2697 1563 2744 et
1597 2690 1799 2745 imbres
1851 2689 2030 2758 efﬁcit,

476 2799 541 2840 ac
585 2790 795 2846 ventos,
849 2783 941 2853 qui
974 2791 1171 2837 natura
1208 2797 1306 2837 sua
1358 2782 1595 2838 indidem
1631 2783 1905 2838 oriuntur.
1940 2781 2035 2836 Est

477 2883 655 2927 autem
689 2873 883 2927 nebula
915 2872 1088 2928 nubes
1133 2887 1396 2941 aquarum
1427 2873 1654 2936 sterilis,
1693 2873 1808 2926 sive
1835 2871 2034 2940 vapida

478 2964 769 3018 exhalatio.
801 2963 1016 3038 Caligo,
1065 2971 1180 3016 atra
1229 2963 1399 3018 nubes
1427 2973 1480 3018 et
1530 2963 1708 3034 plena.
1758 2961 2034 3018 Serenitas

479 3073 572 3111 aer
610 3057 828 3111 innubis
883 3064 938 3110 et
981 3055 1244 3124 liquidus.
1300 3053 1642 3117 Obscuritas,
1676 3054 1818 3110 aeris
1850 3053 2034 3110 densi-

477 3155 564 3203 tas
589 3148 967 3217 incomposita.
1001 3146 1208 3217 Κνηκίς
1240 3153 1324 3202 est
1357 3147 1529 3201 nubes
1561 3146 1904 3210 tenuissima,
1933 3145 2036 3199 bu-
2062 3186 2105 3244 ε

479 3254 631 3294 more
687 3254 879 3293 vacua.
911 3239 1020 3294 Bos
1073 3248 1160 3293 est
1219 3239 1414 3292 humor
1455 3237 1664 3308 puriori
1695 3238 1935 3306 allapsus
1967 3253 2033 3292 ex

479 3329 697 3392 aethere,
741 3345 807 3383 ex
857 3329 1006 3383 tenui
1044 3328 1272 3384 materia
1305 3329 1636 3384 consistens.
1684 3327 1839 3382 Stilla
1897 3343 2036 3398 aqua

479 3429 564 3475 est
598 3422 907 3476 minutatim
940 3422 992 3476 in
1022 3431 1196 3478 terras
1236 3422 1501 3476 irroratis.
1544 3420 1734 3474 Pluvia
1768 3427 1852 3475 est
1887 3420 2038 3475 stilla

483 3511 720 3575 densior,
752 3521 804 3568 et
829 3514 995 3584 jugis.
1029 3512 1227 3580 imber,
1259 3514 1467 3584 exiguae
1495 3514 1844 3568 collectiones
1869 3527 2041 3581 aqua-

483 3618 602 3656 rum
624 3619 655 3659 e
676 3605 820 3660 nube
849 3608 1152 3661 mutatione
1183 3606 1358 3660 factae.
1391 3605 1605 3660 Glacics
1629 3615 1710 3661 est
1739 3619 1878 3674 aqua
1908 3619 2039 3658 con-

482 3699 655 3746 creta.
677 3691 899 3759 Pruina,
921 3711 1012 3750 ros
1032 3712 1141 3750 non
1167 3697 1381 3766 penitus
1408 3705 1744 3764 compactus.
1770 3693 1891 3754 Nix,
1919 3693 2039 3761 plu-

483 3783 694 3836 viarum
721 3785 865 3838 stilla
899 3787 953 3840 in
989 3788 1134 3842 nube
1163 3798 1439 3843 concreta.
1490 3787 1667 3856 Νιφάς
1695 3795 1778 3840 est
1817 3786 1909 3839 nix
1952 3793 2036 3839 te-

483 3879 663 3934 nuiter
685 3879 903 3935 cadens.
939 3878 1177 3946 Grando,
1205 3880 1378 3937 imber
1406 3890 1489 3936 est
1519 3887 1829 3934 concretus.

556 4054 715 4110 Sicca
737 4063 916 4109 autem
945 4055 1215 4111 exhalatio
1250 4071 1371 4111 cum
1410 4072 1439 4109 a
1470 4055 1670 4125 frigore
1696 4055 2036 4126 propellitur,

485 4155 678 4203 ventos
705 4147 888 4202 eliicit.
933 4146 1184 4202 lncidens
1223 4149 1410 4203 eadem
1448 4157 1502 4202 et
1551 4146 1880 4201 inflammata
1932 4147 2039 4201 ful-

484 4240 634 4294 mina
671 4237 871 4310 gignit;
918 4239 1135 4307 quando
1169 4237 1454 4292 confertim
1487 4238 1742 4306 erumpit,
1796 4237 2041 4291 nondum

484 4346 716 4388 accensa
765 4330 1016 4401 penitus,
1053 4329 1301 4384 turbines
1348 4331 1555 4399 igneos,
1617 4335 1672 4382 at
1699 4329 1849 4382 nullo
1880 4327 2040 4382 modo

487 4438 771 4486 succensa,
799 4422 1082 4493 typhones.
1112 4421 1246 4474 Cum
1281 4431 1365 4475 est
1393 4420 1644 4484 solutior,
1667 4419 1936 4488 ecnephias
1960 4417 2041 4472 fa-

1461 331 1552 385 AD
1591 333 1856 389 EUSEBII
1892 323 2280 387 CHRONICON
2320 319 2676 377 APPENDIX.

533 455 692 509 Zonaa
719 458 846 508 sunt
877 451 932 504 in
963 465 1028 505 ea
1056 451 1297 520 quinque
1326 469 1340 505 :
1387 453 1850 522 septentrionalis,
1896 466 2015 521 qua:
2044 453 2090 510 A

3523 310 3674 366 “ll

2189 445 2342 513 Ἔχει
2394 442 2452 494 δέ
2486 438 2659 505 ζώνας
2702 442 2777 490 ε”
2824 431 3030 505 βόρειόν
3072 448 3132 485 τε
3181 429 3309 500 δλην
3361 427 3672 500 μετέωρον,

2119 536 2401 606 ἀοίκητον,
2467 527 2908 598 κατεψυγμένην⁹
2959 522 3200 594 Κρόνου,
3249 519 3462 592 θερινὴν
3508 520 3674 573 πλέον

2119 627 2346 698 ἔχουσαν
2365 625 2424 679 τὸ
2455 623 2597 693 ὑπὲρ
2627 622 2749 692 γῆν,
2777 613 2940 690 ἧσσον
2963 616 3020 668 δέ
3045 613 3107 668 τὸ
3133 613 3237 666 ὑπὸ
3261 613 3385 682 γῆν,
3408 611 3675 665 κυκλόθεν

2114 715 2425 786 οἰκησίμην,
2455 710 2731 783 εὔκρατον,
2760 707 2903 770 Διὸς
2934 703 3270 776 ίσημερινὴν,
3305 703 3415 754 ῐσον
3443 701 3675 771 ἔχουσαν

2115 809 2176 860 τὸ
2209 807 2313 861 ὑπὸ
2350 806 2476 876 γῆν,
2507 804 2619 858 ῐσον
2670 802 2724 854 δὲ
2752 800 2812 853 τὸ
2850 799 2988 868 ὑπὲρ
3037 794 3171 865 γῆν,
3203 792 3672 862 διακεκαυμένην,

2119 897 2350 968 Ἄρεως·
2376 892 2706 966 χειμερινὴν,
2725 891 2880 942 πλέον
2901 887 3125 958 ἔχουσαν
3147 883 3208 938 τὸ
3230 883 3333 936 ὑπὸ
3353 883 3477 951 γῆν,
3503 877 3678 952 ἧσσον

2117 986 2172 1040 δὲ
2209 987 2270 1040 τὸ
2323 985 2463 1058 ὑπὲρ
2511 984 2649 1053 γῆν,
2703 978 2960 1034 κυκλόθεν
3001 974 3338 1046 ᾡκισμένηψ
3372 971 3672 1043 εὔκρατον,

2131 1076 2466 1148 Ἀφροδίτης’
2497 1075 2687 1138 νότιον,
2717 1071 2915 1140 ἀφανῆ,
2941 1065 3373 1137 κατεψυγμένην,
3399 1061 3673 1132 ἀοίκητον,

2131 1166 2356 1238 Ἑρμοῦ.

2205 1466 2269 1520 Ἥ
2300 1466 2396 1537 μὲν
2429 1459 2520 1519 οὖν
2556 1460 2788 1535 ἀρκτικὴ
2815 1457 2956 1530 ζώνη
3004 1459 3116 1529 ἔχει
3154 1453 3416 1527 ἑξηκοστά
3447 1453 3521 1520 ς’,
3548 1455 3585 1524 ἡ
3621 1453 3680 1508 δὲ

2126 1554 2412 1628 ίσημερινὴ
2439 1561 2508 1627 η’,
2533 1553 2592 1619 ἐξ
2627 1553 2883 1624 ἐκατέρου
2911 1550 3072 1622 μέρος
3113 1548 3206 1602 τοῦ
3237 1545 3547 1619 ἰσημερινοῦ
3585 1546 3682 1616 μέ-

2127 1665 2254 1719 ρους
2281 1647 2590 1701 τεθεικόται
2621 1637 2773 1708 οὗτος
2797 1642 2903 1712 γάρ
2933 1641 3101 1713 μέσην
3139 1638 3304 1710 αὐτὴν
3325 1639 3507 1708 τέμνει
3536 1635 3682 1689 κατά

2125 1739 2224 1810 τὴν
2284 1738 2412 1808 ὃλην
2459 1739 2726 1808 σφαῖραν·
2783 1736 2818 1805 ἡ
2863 1733 2920 1787 δέ
2967 1731 3149 1804 θερινὴ
3202 1728 3467 1801 ἑξηκοστά
3519 1725 3592 1780 ε’·
3645 1730 3682 1798 ἡ

2126 1829 2456 1900 ἀνταρκτικὴ
2478 1825 2740 1898 ἑξηκοστά
2770 1831 2843 1890 ς’·
2860 1824 3001 1877 ὥστε
3029 1819 3163 1876 εἶναι
3177 1822 3276 1892 τῆς
3294 1822 3395 1891 γῆς
3412 1820 3508 1890 τὴν
3525 1819 3683 1890 περίο

2125 1939 2267 1991 γειον
2291 1926 2312 1953 ⁵
2331 1919 2630 1992 ἑξηκοστῶν
2654 1920 2696 1971 λ’
2717 1935 2729 1948 ·
2748 1917 2945 1988 ὁμοίως
2973 1915 3028 1967 δὲ
3054 1916 3146 1967 καὶ
3169 1915 3230 1967 τὸ
3249 1913 3352 1966 ὑπὸ
3376 1912 3476 1982 γῆν
3494 1909 3684 1980 ἐξηκο-

2127 2012 2263 2066 στῶν
2288 2012 2329 2064 λ’
2351 2029 2364 2042 ·
2396 2009 2639 2080 γίνεσθαι
2667 2006 2756 2062 οὖν
2771 2007 2896 2078 ὃλην
2921 2007 3016 2077 τὴν
3044 2005 3146 2074 γῆν
3167 2001 3466 2072 έξηκοστῶν
3492 2000 3551 2064 ξ’.
3583 1999 3685 2051 .36-

2126 2120 2280 2157 ναται
2300 2103 2356 2157 δὲ
2379 2102 2519 2172 ἔχειν
2548 2101 2607 2154 τὸ
2624 2097 2908 2169 ἑξηκοστὸν
2941 2096 3178 2158 σταδίους
3203 2094 3290 2158 ,δσ’
3310 2110 3323 2122 ·
3356 2091 3685 2158 συνάγεσθαι

2125 2191 2216 2249 οὖν
2236 2195 2327 2249 ἐπὶ
2348 2193 2408 2246 τὸ
2436 2192 2566 2246 αὐτὸ
2586 2195 2639 2246 αί
2663 2192 2757 2262 τῆς
2785 2190 2909 2260 ὅλης
2939 2186 3162 2242 σταδίων
3191 2184 3298 2258 μοί.
3322 2185 3342 2216 ³
3367 2191 3413 2238 κ’
3436 2185 3531 2236 καὶ
3555 2189 3618 2236 ε’.

2645 2299 2784 2369 Περὶ
2813 2297 3167 2369 μεταρσίων.

2198 2419 2273 2472 I".
2301 2417 2542 2472 Γίνονται
2571 2410 2682 2479 οὗν,
2715 2413 2895 2485 φησὶν,
2924 2409 3311 2480 ἀναθυμιάσεις
3335 2408 3401 2460 ἐκ
3426 2407 3532 2458 τῶν
3561 2406 3689 2460 ὑδά-

2129 2527 2237 2564 των
2264 2509 2362 2580 τῆς
2403 2509 2529 2577 γῆς,
2559 2509 2592 2577 ἡ
2633 2505 2730 2577 μὲν
2766 2503 2907 2574 ὑγρά
2952 2501 3046 2556 καὶ
3092 2499 3362 2570 ἀτμὼδης,
3394 2500 3426 2568 ἡ
3459 2498 3516 2549 δὲ
3547 2497 3688 2566 ξηρὰ

2131 2600 2225 2653 καὶ
2257 2597 2564 2665 καπνώδης.
2605 2596 2714 2648 Καὶ
2755 2595 2788 2665 ὴ
2840 2589 3203 2653 πλεονάζουσα
3233 2587 3374 2658 ὑγρά
3417 2587 3511 2639 καὶ
3559 2602 3689 2637 συν-

2135 2687 2391 2758 ισταμένη
2423 2687 2560 2755 νέφη
2612 2687 2784 2745 ποιεῖ,
2840 2681 2933 2734 καὶ
2980 2680 3118 2734 κατά
3162 2676 3456 2750 μεταϐολὴν
3502 2677 3690 2739 ὑετοὺς

2133 2779 2227 2832 καὶ
2252 2776 2509 2848 ὄμϐρους,
2546 2775 2638 2828 καὶ
2668 2772 2970 2845 πνεύματα,
3000 2772 3097 2824 ὃσα
3125 2773 3188 2824 ἐκ
3221 2769 3424 2824 τούτων
3455 2767 3684 2836 γίνεται.

2136 2869 2290 2920 Ἐστι
2336 2866 2392 2918 δὲ
2433 2864 2631 2935 ὀμίχλη
2663 2863 2823 2931 νέφος
2861 2863 3048 2930 ἀγονον
3099 2859 3316 2923 ὕδατος,
3366 2858 3399 2928 ἢ
3433 2855 3691 2926 άτμὼδνμς

2133 2959 2514 3030 ἀναθυμίασις.
2556 2957 2725 3024 Ζόφος
2754 2955 2811 3008 δέ
2849 2955 3006 3023 νέφος
3043 2952 3204 3023 μέλαν
3252 2968 3311 3003 τε
3349 2951 3443 3003 καὶ
3482 2948 3694 3018 πεπλη-

2138 3051 2397 3125 ρωμένον.
2447 3046 2642 3118 Αίθρία
2678 3045 2735 3098 δὲ
2785 3045 2892 3115 ἀὴρ
2935 3042 3188 3111 ἀνέφελος
3238 3041 3331 3094 καὶ
3377 3039 3689 3110 ἀνόμιχλος.

2148 3144 2338 3215 ’Δχλὺς
2369 3142 2426 3194 δέ
2452 3140 2622 3209 πάχος
2655 3137 2813 3207 ἀέρος
2840 3134 3156 3190 ἀσύστατον.
3186 3133 3388 3201 Κνηκὶς
3412 3132 3466 3184 δέ
3494 3131 3692 3200 νεφέλη

2136 3230 2456 3301 λεπτοτάτη,
2492 3227 2622 3298 κενὴ
2654 3226 2860 3289 ὓδατος.
2890 3223 3086 3297 Δρόσος
3107 3222 3164 3275 δέ
3197 3222 3358 3293 ὑγρὸν
3391 3221 3448 3286 ἐξ
3478 3220 3694 3290 αἰθέρος

2139 3323 2346 3394 αἰθρίου
2403 3317 2543 3374 κατά
2600 3305 2853 3370 σύστασιν
2903 3315 3122 3386 λεπτήν.
3185 3312 3380 3375 Ψακάς
3430 3313 3486 3365 δὲ
3548 3311 3693 3382 ὕδωρ

2137 3411 2346 3474 λεπτῶς
2389 3409 2791 3477 διεστιασμένον
2837 3421 2896 3456 τε
2952 3403 3042 3456 ἐπὶ
3078 3404 3176 3473 τῆς
3223 3401 3344 3470 γῆς.
3400 3400 3583 3462 Ὑετδς
3637 3400 3694 3452 δὲ

2137 3503 2316 3573 ψακάς
2340 3500 2476 3571 ἀδρά
2505 3498 2598 3552 καὶ
2643 3496 2888 3566 συνεχής.
2918 3493 3160 3565 Ὄμϐρος
3187 3493 3242 3544 δὲ
3279 3492 3449 3562 μικρὰ
3490 3491 3694 3562 συστή-

2143 3612 2286 3666 ματα
2316 3592 2504 3654 ὓδατος
2544 3591 2608 3642 ἐκ
2638 3589 2829 3655 νέφους
2870 3586 3010 3639 κατὰ
3056 3584 3377 3655 μεταϐολήν.
3423 3583 3604 3650 Πάγος
3637 3582 3692 3635 δέ

2139 3685 2287 3738 ἐστιν
2317 3683 2459 3753 ὕδωρ
2511 3679 2774 3750 πεπηγός.
2812 3678 2996 3749 Πάχνη
3046 3677 3101 3730 δέ
3154 3675 3436 3747 ήμιπαγὴς
3481 3675 3690 3745 δρόσος.

2138 3776 2285 3831 Χιὼν
2317 3775 2372 3828 δὲ
2403 3773 2570 3826 ὑετῶν
2610 3771 2789 3840 ψακὰς
2817 3772 2874 3822 ἐν
2910 3770 3060 3838 νέφει
3096 3768 3381 3837 πεπηγότι.
3419 3765 3598 3833 Νιφάς
3639 3763 3696 3817 δέ

2139 3870 2253 3920 ἐστι
2284 3864 2416 3936 χιὼν
2446 3865 2715 3917 πίπτουσα
2737 3861 2966 3925 λεπτῶς.
2991 3860 3212 3925 Χάλαςα
3233 3859 3287 3912 δέ
3317 3861 3460 3913 ἐστιν
3491 3858 3696 3929 ὄμϐρος

2140 3979 2207 4014 πε
2215 3958 2423 4030 πηγώς.

2219 4055 2284 4108 Ἦ
2315 4053 2371 4106 δέ
2403 4049 2542 4122 ξηρά
2561 4047 2918 4118 ἀναθυμίασις
2942 4048 3006 4098 ἐκ
3025 4044 3117 4098 τοῦ
3139 4044 3244 4097 ὑπὸ
3257 4042 3459 4112 ψύχους
3477 4042 3498 4071 ⁸
3523 4040 3696 4110 μενῶ-

2143 4145 2287 4208 σθεις
2313 4143 2544 4214 ἀνέμους
2573 4143 2816 4212 ἐμποιεῖ·
2849 4137 3194 4209 ἐμπίπτουσα
3221 4134 3278 4188 δέ
3313 4133 3407 4187 καὶ
3433 4133 3692 4201 διάπυρος

2140 4236 2421 4308 γινομένη,
2455 4231 2779 4304 κεραυνούς’
2813 4229 2983 4300 ἀθρόα
3011 4228 3067 4281 δὲ
3107 4225 3400 4298 φερομένη,
3422 4222 3688 4292 ἡμίπυρος

2140 4329 2292 4399 οὖσα,
2323 4331 2669 4404 πρηστῆρας·
2707 4329 2781 4400 μὴ
2803 4323 3168 4398 πεπυρωμένη
3195 4321 3251 4374 δέ
3279 4336 3390 4382 πως
3411 4315 3684 4385 τυφῶναςο

2143 4425 2398 4496 ἀνειμένη
2431 4423 2488 4478 δὲ
2519 4425 2552 4494 ὴ
2577 4423 2713 4493 αὐτὴ
2740 4420 2991 4488 ἐκνεφίας
3028 4419 3187 4471 ποιεῖ.
3213 4412 3484 4483 Κεραυνὸς
3515 4408 3572 4461 δέ
3596 4407 3693 4460 καὶ

487 4514 580 4568 cit.
605 4512 871 4568 Caeterum
903 4511 1129 4576 fulmen,
1157 4519 1384 4580 prester,
1406 4519 1461 4564 et
1490 4510 1692 4580 typhon
1719 4508 2039 4563 incumbens

2147 4517 2419 4590 πρηστὴρ,
2442 4516 2535 4570 καὶ
2555 4515 2737 4584 τυφὼς
2765 4509 3118 4579 κατασκήψας
3144 4509 3173 4561 ὁ
3197 4504 3434 4574 σκηπτὸς
3459 4501 3691 4590 λέγεται.

488 4605 727 4675 σκηπτός
773 4604 993 4658 dicitur.
1052 4601 1177 4666 Hac
1223 4601 1414 4672 paucis
1466 4617 1530 4656 ac
1557 4599 1878 4670 compendio
1917 4614 2041 4668 per-

491 4699 779 4752 strinxisse
843 4693 1139 4761 sufliciat.j"
1162 4693 1319 4749 Nunc
1386 4693 1454 4748 ad
1517 4692 1800 4761 sequentia
1850 4705 2042 4762 perge-

488 4804 629 4845 ηιιιε.

1082 4896 1160 4951 De
1197 4895 1413 4951 mundo.

560 5014 646 5070 IV.
682 5013 912 5068 Mundus
938 5020 1020 5077 est
1042 5028 1327 5082 compages
1348 5027 1413 5066 ex
1441 5009 1578 5066 caelo
1599 5016 1866 5077 terraque,
1890 5015 1942 5062 et
1974 5007 2041 5063 iis

492 5107 701 5160 naturis
733 5115 1125 5175 coagmentata,
1153 5121 1271 5173 quae
1300 5111 1528 5173 utroque
1556 5100 2042 5157 continentur.Coe-

496 5199 603 5250 lum
643 5204 726 5249 est
751 5194 802 5247 id
830 5195 974 5263 quod
1007 5195 1189 5249 omnia
1222 5209 1340 5261 quae
1374 5202 1520 5256 sunt,
1555 5203 1747 5263 praeter
1779 5193 2039 5260 seipsum,

495 5287 888 5356 complectitur.
927 5286 1117 5342 JEther
1147 5294 1230 5342 est
1260 5287 1575 5341 tenuisSima
1607 5285 1920 5341 substantia:
1943 5283 2046 5338 dif-

498 5381 657 5443 fusio,
711 5387 902 5451 suapte
954 5389 1150 5434 natura
1192 5379 1367 5434 calida
1395 5386 1448 5433 et
1495 5378 1810 5446 splendida;
1845 5391 1907 5429 ac
1931 5375 2044 5446 pri-

497 5469 726 5540 migenia
761 5478 869 5535 lux,
899 5487 1075 5542 neque
1117 5471 1184 5525 ab
1229 5471 1397 5523 altera
1422 5468 1762 5538 participata.
1817 5468 1921 5520 Aer
1962 5475 2046 5521 est

498 5563 799 5619 substantia
823 5563 958 5619 levis
980 5573 1032 5619 et
1065 5562 1380 5634 caliginosa,
1424 5577 1543 5630 qua:
1590 5559 2045 5615 communicatum

569 5721 644 5788 ‘f
684 5719 989 5790 ὑπέργειον.
1081 5717 1168 5779 ⁵12.
1205 5714 1478 5785 μυριάδες.

2147 4588 2392 4660 Τοσαῦτα
2445 4606 2543 4676 μὲν
2579 4603 2796 4675 ἀρκέσει
2841 4602 2914 4663 ῶς
2958 4601 3014 4652 ἐν
3055 4597 3286 4665 ἐπιτομῇ
3331 4588 3698 4662 περὶτούτων

2150 4698 2434 4772 εἰρῆσθαιο
2464 4697 2592 4768 ἐξῆς
2621 4696 2676 4750 δέ
2705 4696 2773 4750 τὰ
2803 4689 3068 4748 ἀκόλουθα
3093 4687 3295 4742 τούτων
3320 4683 3572 4757 ἐροῦμεν.

2708 4889 2845 4959 Περὶ
2889 4890 3138 4958 κόσμου.

2216 5015 2288 5066 Δ’.
2325 5013 2543 5084 Κόσμος
2583 5008 2699 5062 ἐστὶ
2738 5007 2986 5077 σύστημα
3035 4999 3259 5073 οὐρανοῦ
3302 4999 3395 5053 καὶ
3445 4996 3573 5066 γῆς,
3609 4994 3699 5048 καὶ

2145 5105 2254 5158 τῶν
2306 5107 2362 5157 ἐν
2405 5105 2612 5166 τούτοις
2661 5101 2892 5171 φύσεων.
2945 5096 3180 5168 Οὐρανὸς
3226 5093 3282 5146 δέ
3330 5092 3392 5144 τὸ
3450 5089 3697 5160 περιέχον

2148 5197 2325 5250 πάντα
2357 5195 2424 5248 τὰ
2449 5194 2594 5254 ὅντα,
2630 5190 2765 5260 πλὴν
2809 5187 2993 5241 αὑτοῦ.
3026 5185 3194 5255 Αἰθὴρ
3222 5183 3278 5234 δέ
3326 5179 3511 5242 οὐσίας
3549 5176 3697 5247 χύμα

2145 5287 2205 5340 τὸ
2233 5287 2575 5346 λεπτότατον,
2609 5279 2805 5353 θερμὸν
2832 5281 2988 5349 φύσει
3020 5277 3110 5330 καὶ
3141 5271 3420 5344 λαμπρόν
3450 5269 3512 5322 τὸ
3549 5267 3684 5343 πρῶ-

2146 5393 2236 5428 τον
2275 5374 2408 5443 φῶς,
2456 5373 2548 5426 καὶ
2602 5371 2673 5441 μὴ
2719 5369 2857 5423 κατά
2894 5368 3122 5439 μετοχὴν
3171 5363 3352 5434 ἐτέρου
3392 5357 3704 5428 γινόμενον..

2159 5461 2288 5533 Ἀὴρ
2318 5463 2374 5514 δέ
2400 5461 2552 5513 οὐσία
2579 5458 2776 5526 κούφη,
2809 5455 3028 5527 ζοφερά,
3059 5454 3197 5507 κατὰ
3221 5451 3447 5523 μετοχὴν
3469 5449 3523 5500 δὲ
3557 5445 3698 5514 γινό-

2152 5554 2362 5625 μενοντ.
2403 5553 2466 5606 Ἦ
2520 5551 2580 5604 δὲ
2623 5549 2799 5622 θερμὴ
2844 5549 2937 5601 καὶ
2967 5545 3198 5616 φωτεινὴ
3227 5543 3360 5597 θεῶν
3403 5541 3462 5605 ἐξ
3487 5539 3698 5609 αἰθέρος

1569 5715 1588 5745 ⁸
1611 5713 1761 5782 Ῑ.μέν
1784 5711 2036 5767 ὠσθεῖσα.
2093 5712 2135 5784 _"
2163 5708 2264 5764 Hic
2293 5708 2433 5763 locus
2463 5706 2772 5776 deprauatus
2803 5714 2849 5759 et
2880 5706 3110 5759 mutilus.
