4044 6220
361 269 500 323 1145

363 389 690 457 συνεστηκός
710 404 724 418 ⁸
757 388 814 452 ὃς
840 388 914 442 ὢν
946 390 1197 462 λαμπρὸς
1234 395 1330 449 καὶ
1363 394 1633 465 πυρώδης,
1661 395 1910 451 οὐδέποτε

2011 402 2231 460 aliunde
2261 407 2529 474 calorem,
2573 424 2639 467 ac
2689 417 2868 473 lumen

361 482 550 535 στάσιν
585 480 725 550 ἕχον,
777 481 888 535 ἀλλ’
935 483 1022 535 ἀεὶ
1074 486 1346 557 φερομένη
1382 486 1582 557 κύκλῳ.
1616 488 1820 552 Πόλος⁸
1853 490 1911 542 δὲ

359 572 646 626 καλοῦνται
669 573 716 623 οἱ
745 571 883 624 κατὰ
911 575 1152 646 κορυφὴν
1174 577 1328 630 τόποι
1351 577 1452 646 τῆς
1479 577 1711 648 σφαίρας
1731 597 1744 609 ·
1771 580 1911 644 ἄξων

355 663 415 716 δὲ
445 663 506 715 τὸ
555 662 640 715 διὰ
672 662 832 732 μέσον
866 664 964 734 τῆς
1012 667 1242 738 σφαίρας
1283 668 1464 738 διῆκον
1491 668 1738 740 πνεῦμα·
1775 672 1912 744 ὅπερ

356 756 505 808 ἐστὶν
535 754 716 808 εὐθεῖά
739 772 842 818 τις.
868 756 1070 811 Κύκλοι
1091 758 1148 811 δὲ
1177 759 1421 827 λέγονται
1450 759 1508 813 ἐν
1538 759 1617 830 τῷ
1659 762 1872 834 οὐρανῷ
1891 781 1905 795 ο

353 845 522 910 ζῶναι
549 846 606 900 δὲ
627 846 719 898 ἐπὶ
746 847 845 916 τῆς
872 848 973 918 γῆς
993 865 1008 880 ο
1042 848 1286 922 κόλουροι
1315 850 1371 904 δέ
1391 852 1528 905 εἰσιν
1557 858 1631 916 ς’.

423 1117 580 1179 Οὗτοι
609 1125 666 1179 δὲ
692 1127 740 1179 οί
768 1126 1078 1195 ἀναγκαῖοι’·
1101 1130 1128 1182 ό
1152 1130 1540 1202 μεσημϐρινὸς,
1566 1131 1659 1184 καὶ
1690 1132 1721 1184 ὁ
1747 1129 1841 1185 τοῦ
1863 1131 1910 1164 ⁸⁸⁵

355 1217 517 1287 μέσον
561 1216 792 1287 τέμνων.
841 1219 1038 1290 Νοητοὶ
1079 1221 1176 1291 μὲν
1224 1218 1317 1276 οὖν
1343 1217 1485 1277 οὗτοι
1509 1237 1521 1255 ³
1570 1221 1822 1293 αἰσθητὸς
1853 1223 1909 1276 δὲ

351 1311 381 1361 ό
408 1308 688 1378 γαλαξίας.
728 1309 785 1362 '0
815 1310 1026 1381 τέμνων
1053 1314 1146 1366 καὶ
1175 1313 1369 1385 ὁρίζων
1399 1314 1565 1368 ἐστίν.
1607 1313 1832 1386 Ὁρίζων
1852 1315 1910 1369 δὲ

351 1398 566 1466 λέγεται
598 1401 626 1453 ό
648 1399 852 1463 διιστὰς
872 1400 980 1454 τῶν
1004 1403 1296 1474 ὁρωμένων
1333 1404 1402 1458 τὰ
1432 1403 1506 1474 μὴ
1531 1403 1780 1476 ὁρώμενα
1809 1402 1910 1474 τῆς

353 1489 588 1561 σφαίρας
607 1507 622 1522 ο
657 1491 748 1543 καὶ
781 1490 894 1544 ἔστι
914 1509 1020 1546 των
1055 1492 1343 1562 μεγίστων.
1371 1494 1570 1564 Τέμνει
1603 1495 1659 1548 δὲ
1685 1495 1776 1549 τὸν
1804 1494 1910 1558 ζω-

347 1578 556 1641 διακὸν,
587 1580 681 1632 καὶ
709 1579 960 1649 τέμνεται
992 1581 1082 1634 ὑπ’
1122 1579 1304 1635 αὑτοῦ.
1348 1583 1496 1636 Ὄλοι
1521 1583 1566 1636 δ’
1592 1584 1698 1636 sic}.
1722 1582 1908 1636 κύκλοι

347 1666 428 1732 ἐξ,
455 1667 503 1720 οἱ
531 1668 814 1738 τράνοντες
839 1671 862 1702 ⁹
887 1670 978 1722 καὶ
1007 1669 1326 1741 διορίζοντες
1353 1671 1422 1725 τὰ
1445 1673 1714 1744 δωδεκατη
1724 1671 1903 1744 μόρια.

1400 273 1675 331 lNCERTl
1699 276 1788 330 AD
1826 278 2031 335 ARATI
2057 276 2531 345 PHENOMENA.

3423 302 3558 361 1⁸146

2991 457 3007 474 .
3057 432 3120 474 ex
3173 421 3370 478 aethere
3410 439 3560 481 com-

2011 503 2229 563 pactum
2263 516 2276 552 :
2311 501 2403 569 qui
2452 516 2574 555 cum
2613 506 2928 574 splendidus
2959 508 3253 582 igneusque
3284 515 3374 581 sit,
3409 518 3559 574 nullo

2011 592 2250 654 tempore
2273 591 2630 659 conquiescit,
2672 597 2765 650 sed
2795 598 2849 650 in
2873 599 3057 654 orbem
3079 611 3337 672 perpetuo
3371 621 3556 664 move-

2009 679 2120 728 tur.
2158 674 2320 732 Polos
2347 681 2622 750 appellant
2655 683 2772 739 loca
2803 687 3049 756 quaedam
3078 691 3133 744 in
3175 693 3397 762 sphaera
3439 713 3559 753 ver-

2008 762 2114 817 tice
2148 781 2160 816 :
2196 779 2347 821 axem
2389 784 2536 836 vero,
2589 775 2838 842 spiritum
2892 780 2986 848 qui
3029 782 3294 851 sphaaram
3325 787 3557 844 mediam

2010 857 2276 926 pervadit,
2326 861 2429 916 hoc
2470 872 2556 920 est
2605 866 2799 922 lineam
2858 871 3010 942 145
3045 884 3264 929 rectam.
3311 876 3558 936 Circulos

2009 947 2355 1007 nominamus
2386 954 2443 1008 in
2489 957 2630 1012 caelo
2661 976 2675 1012 :
2724 975 2891 1016 zonas
2919 963 2975 1018 in
3000 970 3163 1020 terra.
3215 965 3401 1022 Coluri
3431 978 3559 1024 sunt

2008 1049 2128 1092 883..

2080 1127 2186 1186 Sed
2218 1131 2273 1187 hi
2303 1141 2429 1189 sunt
2477 1139 2711 1196 maxime
2737 1143 3031 1198 necessarii
3065 1163 3078 1199 :
3111 1147 3471 1216 meridianus;
3504 1158 3559 1205 et

2016 1221 2112 1291 qui
2145 1224 2382 1280 medium
2417 1238 2584 1283 secat.
2622 1231 2798 1302 Atque
2843 1233 2898 1288 hi
2945 1237 3162 1306 quidem
3203 1238 3557 1311 intelligentia

2009 1314 2147 1376 sola,
2204 1331 2312 1370 non
2367 1319 2546 1389 reipsa
2595 1326 2917 1380 consistunt.
2946 1330 3015 1381 At
3060 1328 3264 1385 lacteus
3316 1331 3559 1388 circulus

2008 1416 2174 1458 sensu
2235 1420 2450 1476 quoque
2506 1410 2823 1482 percipitur.
2867 1412 3036 1470 Porro
3089 1432 3247 1486 quem
3295 1418 3558 1475 circulum

2017 1508 2207 1551 secare
2231 1497 2464 1552 medium
2503 1501 2758 1567 diximus,
2800 1503 2940 1560 idem
2987 1514 3040 1562 et
3073 1508 3293 1563 horizon
3337 1507 3556 1566 dicitur.

2008 1583 2357 1643 Horizontem
2382 1605 2657 1654 vocamus,
2686 1596 2779 1664 qui
2811 1597 3036 1666 sphaerat
3064 1607 3245 1668 partes
3283 1615 3396 1666 eas,
3438 1617 3560 1673 qua:

1983 1675 2275 1744 ‘videntur,
2323 1689 2537 1750 separat
2581 1684 2648 1738 ah
2705 1685 2773 1741 iis
2825 1701 2945 1756 quae
2995 1688 3218 1744 minime
3262 1689 3556 1759 videntur;

345 1752 834 1826 Δωδεκατημόριον
868 1755 924 1809 δέ
954 1757 1100 1810 ἐστιν
1127 1757 1354 1813 ἕκαστον
1379 1759 1575 1832 τμῆμα
1600 1761 1708 1815 τῶν
1750 1764 1808 1815 ὲν
1834 1760 1910 1832 τῷ

2012 1766 2169 1837 isque
2201 1769 2342 1825 inter
2381 1773 2646 1830 maximos
2695 1787 3104 1844 annumeratur,
3135 1795 3329 1836 secans
3370 1782 3558 1837 zodia-

344 1840 613 1913 ζωδιακῷ.

2006 1872 2154 1924 cum,
2186 1870 2240 1916 et
2272 1861 2513 1918 vicissim
2556 1865 2624 1920 ab
2668 1882 2735 1921 eo
2765 1877 2968 1926 sectus.
3022 1869 3160 1926 Sunt
3209 1879 3388 1928 autem
3434 1871 3561 1927 uni-

344 1951 500 2036 Xeme
523 1937 708 1992 circuli
738 1953 854 2005 sex,
884 1939 974 2010 qui
1006 1939 1440 1998 dodecatemoria
1468 1943 1810 2016 distinguunt
1847 1959 1912 2002 ac
1947 1947 2327 2011 determinant.
2368 1957 2860 2016 Dodecatemorium
2889 1970 2974 2020 est
3027 1972 3361 2036 segmentum
3385 1962 3560 2036 quod-

345 2027 479 2082 libet
504 2044 691 2083 eorum
721 2045 839 2099 quat
859 2041 987 2086 sunt
1017 2032 1073 2086 in
1101 2031 1346 2089 zodiaco.

664 2141 726 2195 Τί
758 2141 1018 2210 διαφέρει
1062 2141 1289 2212 ἄστρον
1321 2144 1590 2213 ἀστέρος.

418 2253 493 2305 E'.
526 2253 776 2325 Διαφέρει
804 2254 860 2308 δὲ
895 2254 1092 2326 ἄστρον
1125 2255 1371 2327 ἀστέρος.
1403 2255 1475 2309 Τὸ
1507 2255 1605 2327 μὲν
1629 2269 1736 2326 γαρ
1761 2257 1908 2332 ἐστιν

343 2345 561 2398 εἴδωλον
604 2348 667 2398 ὲκ
713 2345 919 2400 πολλῶν
964 2348 1204 2420 ἀστέρων
1251 2347 1710 2421 μεμορφωμένονο
1758 2349 1818 2403 τὸ
1851 2350 1908 2403 δὲ

340 2435 484 2489 κατὰ
537 2437 662 2506 μίαν
708 2440 924 2509 γραφὴν
979 2437 1437 2510 περιοριζόμενον.
1490 2441 1716 2510 Φέρεται
1775 2440 1832 2495 δὲ
1883 2441 1912 2495 ὁ

338 2528 491 2596 ἥλιος
516 2527 611 2599 τὴν
644 2528 886 2582 ἐναντίαν
927 2529 1097 2600 φορὰν
1137 2530 1212 2601 τῷ
1255 2531 1466 2603 οὐρανῷ
1489 2548 1504 2562 ·
1535 2531 1686 2584 ὥστε
1719 2533 1912 2603 δισσὴν

339 2615 505 2668 αὑτοῦ
566 2617 776 2687 κίνησιν
828 2613 965 2670 εἶναι
990 2634 1004 2648 ·
1045 2619 1145 2688 τὴν
1202 2620 1297 2688 μὲν
1327 2621 1423 2675 σὺν
1447 2618 1524 2690 τῷ
1563 2621 1771 2692 κόσμῳ,
1814 2621 1912 2692 τὴν

338 2706 399 2760 δὲ
431 2708 549 2760 κατ’
591 2707 723 2762 ἰδίαν
750 2709 818 2762 ¹⁰.
867 2709 1019 2780 Ἔχει
1051 2709 1106 2762 δὲ
1132 2708 1224 2762 τοῦ
1256 2710 1354 2780 μὲν
1413 2711 1603 2780 Θέρους
1633 2713 1666 2782 ἡ
1711 2711 1914 2784 ἡμέρα,

338 2798 430 2852 ὅτε
457 2799 602 2852 ἐστὶν
642 2801 669 2852 ὁ
697 2800 845 2869 ἥλιος
873 2801 930 2852 ὲν
969 2799 1245 2872 Καρκίνῳ,
1291 2800 1431 2854 κατὰ
1461 2800 1556 2873 τὴν
1593 2801 1841 2856 Ἑλλάδαο
1876 2805 1909 2874 ὴ

337 2889 401 2944 δὲ
433 2890 527 2955 νὺξ
553 2891 648 2945 καὶ
677 2891 768 2943 δύο
796 2891 1015 2963 πέμπτη
1048 2891 1182 2962 μόνα
1207 2893 1249 2923 ¹¹
1270 2909 1283 2922 ο
1327 2892 1419 2945 ἐπὶ
1460 2891 1516 2946 δὲ
1561 2891 1828 2964 χειμῶνος
1848 2893 1908 2947 τὸ

339 2983 627 3036 ἀνάπαλιν.
662 2984 866 3054 Ἀστρα
913 2983 1197 3054 ἀμφιφανῆ
1240 2983 1322 3047 δἰς
1361 2985 1470 3056 γὰρ
1514 2985 1611 3056 τὴν
1648 2987 1689 3017 ¹¹
1738 2987 1905 3058 αὐτὴν

339 3074 530 3144 ὁρᾶται
555 3072 742 3128 νύκτα.
764 3074 850 3128 Ἐν
869 3072 947 3143 τῷ
979 3073 1132 3145 νοτίῳ
1160 3075 1258 3129 οὑκ
1273 3074 1416 3130 ἐστιν
1447 3075 1572 3130 ἰδεῖν
1583 3076 1902 3132 τιτοιοῦτον.
1931 3055 1974 3114 C

715 3282 901 3336 Πόσοι
932 3283 986 3334 οἱ
1012 3281 1233 3348 πάντες
1257 3273 1540 3350 ἀστέρες(

419 3394 508 3459 εἶ’.
525 3391 660 3456 Τοὺς
673 3393 877 3457 πάντας
897 3393 1127 3466 ἀστέρας
1147 3391 1585 3466 εἶναιἼππαρχὸς
1599 3412 1764 3465 φησιν
1779 3403 1901 3458 ,απ’·

337 3483 456 3536 ὅσοι
481 3478 572 3536 οὖν
601 3482 864 3555 πληροῦσι
897 3484 965 3538 τὰ
998 3486 1056 3538 ὲν
1092 3487 1206 3548 τοῖς
1244 3485 1586 3556 φαινομένοις
1628 3484 1903 3556 ὁρώμενα.

354 3574 639 3644 Ἀντίξυγα
667 3576 723 3629 δέ
755 3579 870 3629 ἐστι
896 3576 1062 3640 ζώδια
1085 3577 1208 3631 τάδε
1229 3596 1242 3608 ο
1284 3579 1470 3650 Κριὸς,
1512 3577 1688 3650 Χηλαί
1708 3595 1721 3610 ·
1762 3579 1906 3633 Ταῦ-

342 3684 456 3739 ρος,
498 3667 794 3738 Σκορπίοςο
841 3669 1096 3739 Δίδυμοι,
1143 3668 1408 3740 Τοξότης’
1459 3671 1554 3724 καὶ
1595 3671 1905 3744 Αίγόκερως

339 3756 599 3828 Καρκίνῳ
621 3773 634 3787 ·
666 3756 853 3810 Λέοντι
894 3758 1174 3831 Ὑδροχόος
1194 3776 1209 3790 ·
1246 3759 1504 3832 Παρθένῳ
1544 3761 1764 3831 ἸχΘύες.

577 3890 708 3959 Περὶ
745 3889 865 3944 τῶν
891 3890 1001 3960 τῆς
1033 3891 1301 3960 σελήνης
1334 3891 1676 3962 σχημάτων.

413 4003 487 4055 Z'.
522 4001 641 4056 Τῶν
674 4003 730 4055 δὲ
761 4003 1052 4074 σχημάτων
1074 4005 1170 4076 τῆς
1201 4004 1426 4077 σελήνης
1456 4005 1730 4074 φωτεινῶν
1772 4007 1905 4060 είσιν

344 4093 452 4149 οἵδε
481 4093 650 4166 [μέν.]
677 4094 976 4167 Μηνοειδὴς
1009 4096 1102 4166 μὲν
1133 4091 1224 4149 οὖν
1249 4097 1416 4160 ἐστιν,
1442 4097 1568 4152 ὅταν
1598 4095 1704 4150 ὑπὸ
1730 4113 1907 4169 γραμ-

349 4187 466 4259 μῶν
512 4171 862 4261 περιφέρειαν
912 4189 1264 4260 περιέχηται”
1327 4189 1607 4261 διχότομος
1650 4188 1728 4254 δὲ,
1779 4189 1906 4243 ὃταν

341 4279 1905 4350 ήμικύκλων..............

417 4370 684 4444 Διαφορὰς
721 4368 1009 4441 τέμνεσθαι
1041 4369 1138 4440 τῆς
1169 4369 1435 4440 σφαίραςο
1465 4369 1565 4440 τὴν
1603 4369 1661 4423 δὲ
1701 4369 1906 4440 παράλ-
1935 4401 1980 4457 D

345 4461 504 4533 ληλον
534 4463 626 4515 καὶ
656 4462 754 4534 τὴν
783 4460 1078 4532 λεγομένην
1111 4457 1268 4531 λοξήν
1287 4477 1303 4492 ·
1339 4460 1418 4513 ἔτι
1451 4460 1508 4513 δὲ
1535 4460 1631 4532 τὴν
1664 4459 1902 4532 ὀρθινήν.

348 4553 728 4625 Παραλλήλους
780 4553 876 4624 μὲν
922 4554 978 4606 ὲν
1023 4550 1101 4621 τῷ
1133 4551 1323 4622 κόσμῳ
1356 4550 1666 4622 συμϐέϐηκε
1706 4551 1904 4619 λέγειν,

347 4645 460 4697 ὅσοι
484 4644 573 4696 τὸν
601 4643 760 4697 αὐτὸν
783 4641 961 4713 έχουσι
992 4641 1151 4693 πόλον
1179 4641 1244 4711 τῇ
1279 4640 1416 4711 αὐτῇ
1452 4640 1656 4710 σφαίρᾳ.
1674 4658 1687 4670 ·
1716 4639 1906 4711 ὀρθοὺς

346 4735 405 4789 δὲ
432 4734 617 4788 τούσδε
644 4736 767 4797 τοὺς
790 4733 897 4788 ἀπὸ
932 4732 1038 4786 τῶν
1065 4731 1261 4787 πόλων.
1292 4731 1490 4796 Λοξοὺς
1513 4730 1567 4782 δὲ
1591 4724 1664 4784 ὧν
1696 4729 1764 4783 τὰ
1795 4730 1910 4782 ἐπί-

349 4826 484 4880 ποδα
521 4826 821 4897 κέκρυπται
853 4826 895 4858 ⁸³
932 4825 1068 4897 πρὸς
1094 4824 1220 4888 τοὺς
1250 4823 1570 4894 λεγομένους
1596 4821 1786 4895 ὀρθοὺς
1812 4822 1905 4875 καὶ

346 4920 474 4982 τοὺς
504 4918 894 4992 παραλλήλους.
935 4917 1200 4986 ’Λπείρως
1231 4915 1288 4968 δὲ
1317 4913 1644 4968 ἐπινοεῖσθαι
1669 4912 1904 4982 δυναμέ-

347 5028 456 5064 νων
503 5011 558 5063 ὲν
602 5011 748 5081 τρισὶ
791 5009 1072 5081 διαφοραῖς
1116 5006 1352 5068 κύκλων,
1385 5005 1602 5076 νοητέον
1644 5003 1748 5058 ὑπὸ
1796 5001 1904 5056 τῶν

351 5100 748 5173 μαθηματικῶν
807 5101 931 5164 τοὺς
989 5101 1069 5162 είς
1121 5097 1220 5170 τὴν
1280 5097 1464 5169 χρείαν
1520 5096 1620 5166 τῆς
1676 5094 1906 5165 Θεωρίας

349 5195 540 5266 ἔχοντα
575 5194 959 5267 παρειλῆφοαι.
993 5191 1374 5264 Παραλλήλους
1415 5191 1470 5244 δὲ
1503 5189 1591 5243 τόν
1617 5206 1677 5242 τε
1710 5189 1902 5260 ἀρκτι-

346 5286 445 5340 κὸν
477 5287 570 5339 καὶ
597 5287 688 5339 τὸν
717 5286 924 5359 θερινὸν
956 5284 1234 5358 τροπικὸν,
1265 5285 1360 5339 καὶ
1399 5283 1489 5338 τὸν
1521 5281 1899 5354 ἀνταρκτικόν.

353 5378 498 5449 ’Δρα
519 5394 579 5430 τε
616 5377 672 5432 δὲ
698 5378 876 5444 αὐτὸς,
901 5377 994 5433 καὶ
1023 5376 1069 5410 ⁸⁸
1094 5363 1181 5432 ἀεὶ
1208 5375 1458 5447 φανερὸς,
1489 5373 1576 5428 διὰ
1600 5373 1662 5427 τό
1684 5389 1743 5426 τε
1769 5370 1904 5425 πάν-

2249 2149 2391 2218 Quid
2419 2155 2626 2210 intersit
2652 2167 2854 2211 astrum
2878 2159 3014 2213 inter
3036 2167 3085 2212 et
3112 2159 3337 2214 stellam.

2077 2257 2142 2312 ν.
2178 2257 2363 2316 Diﬂert
2380 2271 2583 2320 astrum
2613 2282 2642 2321 a
2667 2268 2839 2324 stella.
2873 2268 2966 2324 Est
2981 2271 3122 2325 enim
3142 2272 3270 2326 illud
3293 2274 3468 2346 imago
3494 2267 3560 2333 ex

2011 2348 2196 2404 multis
2226 2352 2398 2408 stellis
2423 2355 2685 2426 eﬂigiata;
2719 2359 2832 2413 hate
2861 2374 2993 2414 vero
3022 2361 3274 2431 simplex,
3307 2371 3359 2418 et
3403 2367 3561 2420 unica

2018 2437 2380 2509 descriptione
2420 2451 2703 2501 constans.
2738 2445 2998 2502 Caeterum
3044 2450 3126 2504 sol
3178 2443 3365 2505 contra
3399 2462 3562 2523 atque

2011 2530 2206 2584 coelum
2235 2533 2468 2602 agitatur
2493 2573 2507 2598 ,
2544 2536 2678 2590 adeo
2712 2543 2770 2589 ut
2801 2538 3066 2606 duplicem
3100 2547 3304 2593 motum
3336 2540 3557 2597 habeat:

2016 2619 2244 2674 alterum
2281 2637 2620 2678 communem
2666 2639 2788 2679 cum
2820 2626 3041 2690 mundo,
3078 2628 3400 2696 peculiarem
3428 2632 3564 2687 alte-

2013 2726 2150 2766 rum.
2179 2711 2349 2769 Habet
2369 2723 2546 2771 autem
2578 2717 2797 2772 aestivus
2819 2717 2954 2779 dies,
2980 2717 3196 2788 quando
3223 2720 3304 2774 sol
3328 2722 3558 2788 obtinet,

2010 2803 2065 2858 in
2109 2802 2336 2870 Graecia,
2541 2820 2648 2860 nox
2683 2820 2819 2860 vero
2849 2803 2985 2862 duas
3015 2807 3270 2877 quintas;
3300 2816 3353 2861 at
3385 2809 3560 2867 hieme

2011 2904 2200 2950 contra
2223 2911 2343 2952 sese
2379 2913 2468 2953 res
2508 2896 2688 2952 habet.
2723 2895 2912 2953 Sidera
2948 2899 3236 2970 ἁμφιφανη
3271 2907 3557 2965 vocantur,

1997 3003 2131 3058 quae
2158 2987 2242 3043 bis
2273 2988 2462 3045 eadem
2492 2989 2652 3045 nocte
2694 2998 3011 3046 cernuntur.
3040 2988 3099 3045 In
3148 2990 3373 3046 australi
3423 2989 3560 3046 nihil

2012 3089 2231 3152 apparet
2255 3080 2546 3151 ejusmodi.

2522 3278 2664 3345 Quot
2706 3280 2812 3333 sint
2855 3277 3042 3334 stellw.
3100 3270 3107 3276 ’

2071 3386 2163 3444 Vl.
2197 3389 2392 3446 Stellas
2435 3405 2624 3447 omnes
2666 3391 3005 3462 Hipparchus
3027 3390 3222 3448 asserit
3247 3406 3368 3448 esse
3388 3391 3556 3450 1080:

2003 3495 2123 3550 quae
2149 3480 2408 3534 nimirum
2453 3482 2895 3538 constellationes
2945 3491 3261 3553 apparentes
3304 3481 3558 3540 eﬂiciunt.

2005 3570 2267 3642 Opposita
2306 3572 2462 3641 signa
2493 3580 2654 3627 sunt:
2680 3572 2857 3635 Aries,
2889 3570 3088 3638 Chelte;
3125 3569 3355 3637 Taurus,
3399 3569 3562 3639 Scor-

2003 3666 2146 3737 pius;
2169 3665 2402 3730 Gemini,
2422 3663 2769 3736 Sagittarius;
2789 3664 2917 3719 item
2942 3664 3302 3735 Capricornus
3324 3661 3561 3731 Cancro,

2004 3757 2172 3815 Leoni
2203 3759 2495 3828 Aquarius,
2523 3756 2732 3829 Virgini
2756 3755 2966 3812 Pisces.
3439 3765 3444 3771 ‘

2470 3893 2547 3946 De
2576 3893 2762 3963 ﬁguris
2799 3889 3095 3945 lunaribus.

2072 4007 2184 4062 VII.
2224 4006 2539 4061 llluminata:
2567 4013 2706 4061 lunae
2735 4005 2942 4076 efﬁgies
2976 4007 3095 4060 istae
3129 4010 3275 4059 sunt.
3301 4000 3563 4057 Cornicu-

2003 4097 2111 4150 lata
2155 4095 2374 4160 dicitur,
2421 4095 2638 4166 quando
2681 4095 2826 4150 illius
2853 4094 3087 4149 ambitus
3114 4090 3272 4148 lineis
3319 4091 3562 4146 contine-

2004 4194 2113 4242 tur.
2136 4185 2422 4242 Dimidiata
2449 4202 2597 4251 vero,
2627 4201 2752 4240 cum
2793 4225 2808 4241 .
2851 4226 2867 4242 .
2911 4226 2924 4240 .
2966 4224 2981 4240 .
3025 4223 3040 4239 .
3078 4224 3094 4240 .
3137 4221 3151 4237 .
3192 4223 3207 4239 .
3252 4224 3268 4239 .
3309 4221 3322 4235 .
3369 4221 3383 4234 .
3423 4221 3438 4234 .
3483 4219 3496 4234 .
3540 4219 3559 4236 .

2068 4361 2501 4433 Equidistantes
2539 4360 2877 4431 appellantur
2920 4360 2973 4414 in
3024 4357 3242 4424 mundo,
3274 4356 3364 4426 qui
3410 4370 3561 4409 eum-

2007 4453 2129 4510 dem
2171 4455 2370 4508 habent
2405 4469 2527 4508 cum
2570 4453 2780 4522 splurra
2815 4453 2929 4521 ipsa
2969 4451 3188 4520 polum:
3222 4450 3311 4518 qui
3341 4446 3559 4518 quidem

2006 4562 2128 4603 cum
2146 4546 2284 4617 polis
2303 4545 2622 4616 comparati,
2639 4544 2771 4600 recti
2789 4541 3154 4597 nominantur.
3175 4539 3386 4609 Obliqui
3407 4545 3556 4602 sunt,

2004 4653 2236 4708 quorum
2286 4637 2443 4708 plana
2487 4634 2818 4699 inclinantur
2866 4631 2932 4686 ad
2981 4639 3180 4694 rectos,
3229 4638 3283 4684 et
3335 4627 3560 4699 aequidi-

2005 4718 2231 4787 Stantes'.
2263 4729 2397 4785 Cum
2429 4736 2607 4783 autem
2642 4727 2868 4782 inﬁnitis
2908 4724 3082 4780 modis
3108 4723 3400 4793 excogitari
3433 4735 3560 4791 pos-

2007 4824 2117 4880 sint
2149 4822 2202 4876 in
2229 4821 2429 4892 triplici
2450 4819 2752 4875 diﬂ‘erentia
2773 4818 2984 4880 circuli,
3014 4814 3417 4885 intelligendum
3448 4816 3554 4872 est,

2007 4930 2102 4970 eos
2137 4913 2398 4967 duntaxat
2437 4927 2466 4966 a
2509 4909 2903 4965 mathematicis
2940 4906 3211 4960 adhibitos
3246 4903 3431 4965 fuisse,
3463 4899 3557 4970 qui

2009 5004 2076 5059 ad
2103 5004 2316 5057 illarum
2342 5018 2519 5057 rerum
2544 4999 3049 5069 contemplationem
3090 4995 3336 5050 utilitatis
3357 4988 3559 5061 aliquid

2007 5095 2279 5150 afferrent.
2307 5093 2553 5147 l’aralleli
2592 5101 2736 5156 sunt,
2762 5091 3014 5156 arcticus,
3042 5088 3261 5142 aestivus
3293 5083 3556 5154 tropicus,

2008 5195 2062 5242 et
2093 5185 2446 5240 antarcticus.
2477 5182 2733 5248 Arcticus
2762 5183 2898 5236 alias
2928 5194 3140 5250 semper
3171 5190 3434 5247 apparens
3463 5187 3560 5227 vo-

2007 5287 2180 5341 catur,
2221 5275 2364 5346 quod
2393 5280 2652 5345 perpetuo
2684 5271 2948 5335 videatur,
2983 5284 3079 5323 nec
3128 5258 3362 5336 unquam
3413 5261 3560 5317 occi-

2008 5367 2139 5422 dat.
2174 5403 2190 5420 .
2225 5408 2241 5423 .
2274 5406 2289 5420 .
2324 5406 2339 5421 .
2384 5365 2728 5420 Concurrunt
2775 5377 2873 5434 pro
2921 5361 3203 5432 regionum
3258 5356 3555 5412 varietate:

456 5597 479 5629 ⁸
510 5598 550 5666 f.
584 5597 753 5669 πόλοι.
828 5593 1052 5669 °‘_f.
1103 5593 1125 5626 ’
1157 5591 1563 5669 f._tpa_yo_ﬁv1sq.
1601 5589 1675 5621 ’¹⁰
1704 5587 1836 5669 ﬂat:
1861 5602 1910 5640 m

2007 5585 2133 5669 fusa;
2166 5654 2178 5669 ‘
2207 5583 2319 5669 “.f.
2345 5583 2753 5669 ¹πεμαιττημόρια.
2831 5583 2872 5614 ¹²
2898 5581 2938 5650 ί.
2966 5577 3102 5634 κατὰ
3121 5579 3237 5648 τήν.
3315 5576 3357 5609 ³³
3383 5576 3423 5647 Ῑ.
3449 5573 3559 5628 ὲπί-

363 5652 796 5723 πεδα’κέκλιται.
870 5652 912 5698 ’ί
944 5666 984 5734 Ι.
1015 5652 1276 5736 ἅρκτὶκὸξ
1304 5663 1359 5716 δὲ
1385 5663 1412 5716 ὁ
1437 5652 1596 5725 αὐτὸς
1625 5659 1737 5726 καί,
1775 5667 1872 5714 etc.
1928 5654 2076 5721 Mox,
2104 5654 2191 5711 διὰ
2220 5655 2280 5709 τὸ
2307 5652 2606 5709 witness."
2647 5652 2655 5654 ἡ
2855 5698 2857 5700 .
