4044 6220
533 284 712 369 ἰιιτ

1581 302 1669 356 Αἰ)
1706 299 1974 360 EUSEBII
2008 297 2404 358 CHRONICON
2443 301 2800 358 APPENDIX.

3651 307 3785 364 1148

573 428 814 488 verticali
844 433 1053 498 puncto
1072 423 1140 481 ad
1167 432 1430 489 austrum,
1457 421 1541 476 vel
1573 419 1878 490 aquilonem
1915 417 2120 488 longius

2227 431 2340 467 τοτε
2390 416 2700 484 φαίνεσθαι,
2759 431 2854 470 και
2910 417 3173 489 μηδέποτε
3213 418 3410 477 δύνειν.
3439 462 3453 476 .
3481 462 3495 476 .
3525 462 3540 476 .
3574 423 3788 494 Συμπιο

571 524 918 582 abscedente.

639 706 906 777 TrOpicus
957 705 1195 761 circulus
1241 704 1321 760 sic
1367 701 1746 758 informandus
1790 700 1972 756 animo
2018 709 2122 765 est,

2223 521 2413 558 πτουσι
2439 507 2580 560 κατὰ
2612 506 2710 570 τὰς
2737 507 3027 579 διαφόρους
3053 510 3312 580 οἰκήσεις,
3333 511 3427 564 τοῦ
3450 513 3592 567 κατὰ
3621 532 3787 588 κορυ-

2223 596 2328 667 φὴν
2358 597 2581 668 σημείου
2610 597 2923 669 νοτιωτέρου
2948 598 2980 669 ἢ
3007 599 3340 672 βορειοτέρου
3369 604 3675 674 γινομένου.

2293 688 2540 742 Νοείσθω
2570 689 2613 740 δ’
2641 692 2670 741 6
2712 689 2808 758 μὲν
2841 688 3049 758 θερινὸς
3073 693 3346 762 τροπικός,
3375 695 3469 747 τοῦ
3507 695 3662 766 ἡλίου
3694 698 3786 750 ἐπὶ

575 806 834 869 tanquam
863 797 946 854 sol
980 798 1037 852 in
1069 796 1259 852 aestivo
1292 794 1526 851 solstitio
1563 795 1772 865 positus
1809 792 2125 862 parallelum

2227 779 2452 850 θερινῶν
2475 779 2690 850 τροπῶν
2718 780 3027 850 γενομένου,
3063 782 3157 836 καὶ
3183 785 3318 854 πρὸς
3348 784 3600 858 αἴσθησιν
3627 789 3783 842 τοῦτο

572 889 740 945 istum
771 905 799 944 a
831 905 890 945 se
918 889 1250 959 descriptum
1284 887 1538 943 sensibus
1586 885 1840 955 objiciat:
1893 883 2129 953 aequino-

570 981 752 1036 ctialis
779 981 901 1036 ideo
931 981 1150 1044 dicitur,
1174 980 1318 1050 quod
1339 979 1592 1034 noctibus
1616 977 1730 1032 dies
1758 986 2124 1048 exaequentur,

572 1085 698 1126 cum
730 1070 796 1124 ad
821 1086 942 1126 eum
977 1071 1243 1125 circulum
1299 1070 1598 1124 secundum
1642 1083 1863 1124 sensum
1909 1067 1991 1122 sol
2036 1080 2127 1119 ac-

572 1160 830 1225 cesserit;
860 1159 1121 1214 hibernus
1151 1157 1394 1228 tropicus
1424 1164 1668 1222 vocatur,
1697 1156 1841 1225 quod
1869 1169 1991 1210 eum
2021 1155 2130 1209 cir-

572 1251 754 1304 culum
805 1250 890 1305 sol
959 1249 1230 1319 attingens
1287 1247 1571 1302 hibernum
1617 1245 1907 1302 solstitium
1967 1244 2125 1311 facit;

572 1341 908 1395 antarcticus
961 1341 1069 1395 alio
1131 1339 1350 1394 nomine
1397 1353 1665 1407 nunquam
1729 1353 1980 1406 apparens
2046 1335 2130 1390 di-

572 1431 718 1483 citur
739 1444 806 1484 ex
842 1444 907 1484 eo
941 1429 1088 1499 quod
1132 1430 1313 1498 reipsa
1341 1427 1646 1498 contingit,
1687 1435 1748 1482 ut
1790 1427 1940 1482 nullo
1969 1427 2130 1482 modo

573 1521 848 1576 videatur.
883 1519 1239 1590 Obliquorum
1270 1520 1378 1574 duo
1417 1529 1567 1586 sunt,
1603 1520 1695 1590 qui
1729 1520 1784 1573 in
1813 1533 2010 1574 sensus
2047 1518 2132 1572 in-

573 1619 826 1675 currunt,
865 1612 1122 1667 zodiacus
1158 1619 1214 1668 et
1256 1613 1497 1680 lacteus;
1565 1619 1620 1664 at
1661 1611 1973 1666 horizontes
2018 1609 2132 1664 sola

2227 869 2569 940 παράλληλον
2597 871 2896 940 γράφοντος
2918 887 2932 901 ο
2959 872 2986 922 ὁ
3015 871 3072 923 δὲ
3116 875 3445 945 ἰσημερινὸς,
3473 877 3561 930 διὰ
3591 879 3653 930 τὸ
3683 879 3783 942 τὰς

2225 962 2436 1034 ἡμέρας
2463 966 2583 1027 ταῖς
2607 963 2753 1029 νυξὶν
2785 963 3106 1029 ἐξισοῦσθαι,
3132 968 3225 1021 τοῦ
3251 969 3399 1040 ἡλίου
3429 973 3570 1026 κατά
3596 974 3785 1028 τοῦτον

2225 1052 2509 1121 γινομένου
2539 1053 2629 1106 τὸν
2663 1052 2860 1106 κύκλον
2897 1055 3033 1126 πρὸς
3071 1057 3351 1130 αἴσθησιν·
3387 1062 3415 1113 ὀ
3454 1063 3512 1114 δὲ
3540 1081 3785 1134 χειμερι-

2225 1141 2335 1205 νὸς,
2361 1143 2448 1194 διά
2471 1143 2532 1194 τὸ
2553 1142 2642 1195 τὸν
2671 1143 2842 1213 ἥλιον,
2865 1146 3004 1199 κατὰ
3029 1146 3214 1201 τοῦτον
3251 1151 3529 1222 γινόμενον
3556 1154 3648 1207 τὸν
3687 1155 3786 1208 x5-

2229 1232 2374 1299 κλον,
2417 1233 2727 1306 χειμερινὰς
2757 1235 2963 1308 τροπὰς
3009 1238 3306 1295 ποιεῖσθαιδ
3339 1243 3698 1312 ἀνταρκτικὸς
3739 1245 3786 1297 δ’

2227 1319 2398 1389 οὗτος.
2439 1328 2530 1380 καὶ
2564 1328 2650 1380 ἀεὶ
2689 1328 2899 1399 ἀφανὴς
2942 1331 3052 1388 ἀπὸ
3091 1332 3183 1386 τοῦ
3219 1334 3622 1404 συμϐεϐηκότος
3650 1338 3784 1407 ἔχει,

2230 1420 2323 1474 καὶ
2352 1418 2602 1472 οὐδέποτε
2653 1421 2926 1490 φαίνεταιη
2975 1422 3079 1476 τῶν
3118 1423 3178 1479 δὲ
3220 1423 3387 1491 λοξῶν
3434 1427 3528 1480 δύο
3568 1430 3669 1498 μὲν
3702 1433 3787 1484 ὁν-

2227 1527 2335 1564 των
2366 1511 2409 1542 "
2439 1512 2572 1583 πρὸς
2601 1511 2868 1584 αἴσθησιν,
2899 1515 2927 1567 ὅ
2949 1531 3007 1567 τε
3035 1514 3292 1580 ζωδιακὸς
3318 1519 3410 1570 καὶ
3435 1522 3464 1572 6
3491 1521 3787 1588 γαλαξίας·

2229 1603 2280 1656 οἰ
2310 1603 2368 1656 δέ
2403 1603 2672 1673 ὁρίζοντες
2712 1606 2922 1677 ἐπινοίᾳ
2969 1607 3124 1676 μόνον
3167 1608 3547 1678 λαμϐάνονται.
3578 1613 3701 1666 Τῶν
3731 1615 3789 1667 δὲ

573 1704 774 1758 mentis
799 1704 1128 1773 cogitatione
1153 1711 1428 1759 constant.
1459 1703 1500 1756 E
1533 1704 1697 1759 rectis
1739 1703 1910 1758 coluri
1933 1717 2128 1757 nomen

2232 1693 2408 1766 ὀρθῶν
2428 1697 2476 1747 οἱ
2511 1694 2609 1765 μὲν
2634 1695 2875 1767 κόλουροι
2904 1695 3000 1767 τὴν
3019 1696 3305 1766 ὀνομασίαν
3329 1697 3539 1767 ἔχοντες
3558 1701 3671 1754 ἀπὸ
3692 1703 3787 1756 τοῦ

570 1811 639 1850 cx
684 1811 749 1850 eo
797 1797 978 1851 sortiti
1021 1805 1168 1860 sunt,
1203 1796 1347 1866 quod
1390 1795 1564 1850 mutili
1611 1795 1740 1858 sint,
1782 1809 1884 1849 nec
1935 1793 2132 1864 integri

574 1897 874 1942 cernantur
916 1889 971 1942 in
1018 1889 1386 1944 conversione
1423 1888 1665 1957 spbazraz.
1711 1887 2130 1958 Equinoctialis

575 1976 702 2031 inde
747 1977 966 2044 dicitur,
1014 1979 1159 2049 quod
1210 1979 1264 2034 in
1306 1994 1373 2034 eo
1421 1978 1747 2050 aequinoctia
1789 1978 2132 2048 contingant.

575 2067 777 2124 Omnes
831 2071 924 2125 isti
991 2077 1136 2126 recta
1200 2077 1253 2125 et
1301 2069 1710 2139 tequidistantes
1775 2067 2129 2134 incumbunt;

574 2162 782 2232 obliqui
816 2178 944 2218 vero
978 2165 1046 2218 ab
1081 2179 1139 2217 re
1167 2163 1285 2234 ipsa
1307 2164 1630 2219 vocabulum
1657 2161 1848 2232 adepti
1871 2168 2022 2216 sunt.

605 2280 616 2292 -
647 2252 782 2307 Cum
816 2263 991 2308 autem
1025 2254 1248 2322 spharrae
1289 2254 1483 2310 similis
1525 2255 1694 2325 ﬁgura
1723 2255 1794 2310 sit
1834 2254 2042 2318 mundi,
2078 2263 2133 2310 et

575 2339 644 2394 ad
674 2355 796 2395 eum
835 2348 1146 2410 comparata
1189 2351 1335 2397 terra
1381 2344 1556 2398 centri
1602 2343 1866 2399 rationem
1906 2343 2132 2411 habeat;

574 2448 696 2504 quae
722 2449 816 2503 per
851 2433 1094 2503 ipsorum
1136 2435 1374 2490 medium
1417 2435 1643 2505 trajecta
1687 2437 1957 2507 cogitatur
1983 2441 2133 2490 recta

574 2523 738 2586 linea,
767 2539 927 2593 quam
955 2525 1162 2579 circum
1196 2533 1506 2580 manentem
1543 2535 1596 2580 et
1619 2526 1946 2582 immobilem
1973 2541 2134 2583 mun-

573 2613 679 2669 dus
717 2614 976 2679 vertitur,
1012 2601 1131 2671 aiis
1175 2615 1498 2684 appellatur,
1547 2615 1706 2685 cujus
1746 2625 1985 2671 extrema
2025 2617 2133 2686 poli

577 2701 964 2756 nominantur:
997 2718 1117 2772 qua:
1149 2705 1366 2773 quidem
1394 2712 1637 2760 extrema
1668 2707 1911 2760 nonnulli
1940 2720 2134 2779 parvas

573 2809 698 2849 esse
726 2790 914 2852 stellas
955 2795 1245 2864 dixerunt;
1278 2798 1370 2852 alii
1405 2805 1605 2867 puncta
1643 2799 1972 2867 cogitatione
2000 2814 2135 2853 con-

575 2884 800 2948 stantia,
830 2901 951 2955 quae
991 2893 1074 2942 est
1108 2887 1260 2939 Arati
1305 2888 1595 2942 sententia.
1641 2886 1846 2941 llorum
1887 2888 2132 2956 polorum

575 2974 713 3030 alter
738 2977 986 3030 sublimis
1025 2983 1129 3038 est,
1159 2975 1424 3046 nobisque
1458 2975 1822 3045 conspicuus;
1859 2976 1994 3031 alter
2027 2977 2133 3030 mi-

2157 1753 2206 1815 Β

2233 1785 2443 1840 κολοϐοὶ
2480 1786 2578 1840 κα)⁸
2619 1786 2694 1857 μὴ
2727 1787 2984 1850 ὁλοτελεῖς
3021 1788 3300 1856 φαίνεσθαι
3330 1790 3471 1848 κατὰ
3506 1792 3606 1862 τῆς
3635 1809 3790 1865 στρο-

2234 1879 2341 1949 φῆς
2371 1879 2470 1950 τῆς
2518 1879 2788 1949 σφαίρας·
2828 1880 2856 1931 ὁ
2912 1879 2970 1933 δὲ
3020 1881 3348 1952 ἰσημερινός,
3395 1883 3505 1936 ἀπὸ
3535 1884 3632 1937 τοῦ
3667 1889 3790 1939 κατ’

2231 1969 2394 2023 αὐτὸν
2445 1969 2688 2040 γίνεσθαι
2744 1968 2843 2032 τὰς
2898 1971 3286 2043 μεσημϐρινάςν
3313 1973 3376 2025 ⁸⁸.
3420 1974 3686 2041 Λέγονται
3734 1976 3790 2028 δὲ

2231 2060 2430 2125 πάντες
2472 2055 2614 2116 οὗτοι
2667 2061 2800 2135 πρὸς
2845 2061 2951 2124 τὰς·
2987 2061 3152 2133 ὀρθὰς
3197 2063 3596 2135 παραλλήλουςν
3647 2068 3698 2118 oi
3737 2067 3793 2120 δὲ

2230 2151 2373 2216 λοξοὶ
2414 2153 2650 2210 ἀπὸτοῦ
2686 2151 3086 2224 συμϐεϐηκότος
3119 2152 3300 2224 ἔχουσι
3341 2156 3441 2227 τὴν
3473 2157 3790 2227 ὀνομασίαν.

2299 2243 2406 2296 Τοῦ
2452 2245 2493 2276 "
2529 2245 2731 2316 κόσμου
2769 2244 3134 2316 σφαιροειδοῦς
3159 2247 3537 2318 ὑποκειμένου,
3577 2251 3794 2321 καὶτῆς

2230 2336 2332 2406 γῆς
2361 2334 2495 2404 πρὸς
2524 2333 2683 2388 αὐτὸν
2719 2334 2940 2405 κέντρου
2973 2335 3129 2404 λόγον
3155 2336 3478 2407 ἐπεχούσης,
3505 2342 3538 2411 ἡ
3565 2339 3655 2392 διὰ
3692 2341 3792 2410 μέ-

2233 2444 2326 2480 σου
2355 2424 2532 2480 αὐτῶν
2568 2424 2808 2494 ἀγομένη
2844 2423 3022 2478 εὐθεῖα
3054 2426 3240 2497 νοητὴ,
3279 2429 3402 2497 περὶ
3429 2430 3496 2499 ἣν
3525 2429 3795 2497 μένουσαν

2229 2520 2258 2572 ὀ
2306 2517 2506 2587 κόσμος
2557 2516 2865 2588 στρέφεται,
2915 2515 3054 2580 ἄξων
3085 2518 3346 2583 καλεῖται,
3372 2520 3564 2572 καὶτὰ
3603 2522 3794 2575 τούτου

2232 2606 2441 2678 πέρατα
2463 2605 2635 2669 πόλοι,
2661 2605 2801 2676 ἅπερ
2828 2605 2969 2669 τινὲς
3005 2605 3109 2676 μὲν,
3131 2607 3364 2678 ἀστέρας
3396 2603 3537 2662 εἶναι
3567 2612 3796 2679 μικροὺς

2231 2697 2465 2766 ἔφασανσ
2514 2695 2644 2751 ἔνιοι
2685 2695 2742 2749 δὲ
2775 2699 2972 2767 σημεῖα
3004 2697 3188 2768 νοητὰ,
3222 2698 3364 2751 καθὰ
3414 2700 3508 2753 καὶ
3537 2703 3791 2772 Ἄρατος.

2231 2788 2447 2841 Τούτων
2499 2787 2556 2841 δὲ
2585 2790 2613 2840 6
2659 2787 2755 2858 μὲν
2803 2787 2917 2840 ἔστι
2971 2789 3240 2859 μετέωρος
3281 2789 3373 2843 καὶ⁵
3418 2790 3794 2863 φανερώτερος

2231 2881 2382 2950 ἡμῖν,
2411 2882 2438 2932 6
2465 2879 2521 2932 δέ
2544 2880 2640 2949 οὐχ
2673 2879 2865 2952 ὁρᾶται
2888 2879 2976 2950 ὑφ’
3005 2880 3179 2950 ἡμῶν.
3209 2881 3318 2935 Καὶ
3357 2883 3605 2936 καλεῖται
3632 2886 3662 2936 6
3700 2884 3814 2954 μὲν.

2232 2971 2323 3027 ἀεὶ
2352 2970 2607 3041 φανερὸς
2639 2971 2731 3025 καὶ
2752 2972 3011 3042 βόρειος,
3034 2973 3062 3025 6
3089 2971 3145 3027 δὲ
3175 2972 3266 3028 ἀεὶ
3295 2972 3535 3043 ἀφανὴς
3563 2975 3666 3029 καὶ
3701 2977 3794 3030 νό-

574 3063 722 3117 nime
762 3078 792 3116 a
836 3064 994 3118 nobis
1035 3064 1294 3118 cernitur.
1357 3063 1514 3120 Prior
1559 3081 1682 3120 cum
1735 3081 1932 3134 semper
1965 3083 2128 3136 appa~
2159 3088 2204 3147 α
2233 3082 2377 3132 τιος.

573 3168 714 3218 rens,
765 3161 876 3208 tum
917 3154 1099 3209 boreas
1147 3155 1479 3226 appellatur;
1525 3145 1793 3227 posterior
1825 3172 2021 3226 semper
2050 3175 2136 3214 oc-

573 3243 744 3297 cultus
766 3252 816 3297 et
844 3245 1118 3300 australis.

641 3333 760 3388 Jam
811 3336 1004 3391 circuli
1054 3351 1177 3390 cum
1232 3337 1656 3397 innumerabiles
1708 3343 2014 3414 cogitentur
2075 3345 2131 3400 in

2301 3329 2532 3385 Κύκλων
2553 3299 2610 3384 δὲ
2633 3331 2691 3384 ὲν
2724 3329 2802 3402 τῷ
2829 3328 3016 3402 κόσμῳ
3038 3327 3156 3402 [καὶ
3181 3327 3278 3402 μὴ]
3307 3327 3615 3399 νοουμένων
3639 3329 3791 3385 ἀπεί-

573 3427 800 3490 mundo,
831 3426 920 3481 alii
950 3436 1095 3490 sunt,
1140 3443 1277 3498 quos
1308 3431 1600 3499 parallelos
1644 3441 1861 3500 vocant,
1903 3436 1992 3490 alii
2037 3452 2128 3506 per

2236 3440 2341 3494 ρων
2383 3423 2434 3475 οἱ
2466 3423 2563 3494 μὲν
2602 3421 2930 3493 παράλληλοι
2955 3420 3324 3491 ὀνομάζονται,
3361 3421 3410 3471 οἱ
3447 3419 3506 3471 δὲ
3552 3420 3642 3473 διὰ
3687 3421 3791 3472 τῶν

575 3516 730 3584 polos
752 3525 1057 3582 transeunt,
1085 3519 1174 3573 alii
1202 3519 1466 3586 ﬁnitores,
1499 3524 1702 3594 obliqui
1740 3527 1830 3580 alii
1855 3536 2000 3585 sunt.
2027 3527 2132 3584 Pa—

575 3608 753 3663 ralleli
798 3619 1028 3679 quatuor
1061 3620 1209 3675 sunt,
1242 3613 1333 3682 qui
1364 3613 1581 3668 eosdem
1606 3631 1728 3670 cum
1751 3619 1951 3674 mundo
1977 3621 2132 3691 polos

575 3693 798 3748 habent.
835 3693 1073 3765 Obliqui,
1115 3699 1206 3766 qui
1238 3713 1348 3752 non
1385 3698 1543 3770 146
1566 3702 1784 3758 eosdem
1812 3704 2128 3764 habent.....

573 3799 671 3853 per
698 3785 851 3854 polos
895 3788 1085 3842 circuli
1124 3794 1410 3843 vocantur.
1459 3790 1686 3856 Quidam
1730 3795 1785 3849 in
1827 3797 2133 3854 circumfe-

573 3876 750 3930 rentia
781 3891 880 3932 sua
910 3877 1094 3933 mundi
1119 3881 1275 3949 polos
1303 3884 1615 3949 continent;
1639 3884 1908 3955 iidemque
1932 3887 2126 3953 coluri,

573 3974 629 4021 et
654 3968 938 4023 meridiani
961 3978 1220 4040 praeterea
1248 3983 1549 4051 vocantur;
1587 3975 1829 4032 ﬁnitores
1856 3985 2018 4042 sunt,
2036 3979 2128 4047 qui

574 4069 918 4131 apparentem
953 4064 1138 4118 mundi
1157 4064 1378 4136 [partem
1403 4076 1670 4137 separant.
1707 4111 1721 4124 .
1759 4110 1774 4124 .
1814 4109 1828 4124 .
1862 4109 1876 4124 .
1914 4072 2016 4126 hoc
2046 4080 2129 4129 est

573 4166 713 4215 eam,
749 4167 866 4221 qua:
891 4168 1054 4222 supra
1079 4162 1278 4209 terram
1305 4164 1405 4222 est,
1441 4158 1509 4210 ab
1535 4173 1595 4212 ca
1617 4175 1736 4228 quae
1760 4159 1901 4215 infra
1929 4171 2128 4217 terram

573 4239 846 4294 conditur.
890 4239 955 4294 lli
996 4257 1158 4310 porro
1212 4253 1509 4310 mutantur,
1541 4262 1640 4316 pro
1687 4265 1752 4304 eo
1775 4265 1839 4304 ac
1867 4253 2128 4308 verticale

572 4338 830 4400 punctum
861 4332 1005 4387 aliud
1033 4339 1138 4398 est,
1166 4335 1260 4403 qui
1289 4345 1372 4390 est
1400 4337 1558 4406 polus
1593 4338 1912 4398 borizontis.

643 4506 840 4563 Aratus
880 4523 1034 4574 vero,
1065 4509 1157 4580 qui
1188 4510 1254 4565 ad
1284 4511 1690 4572 inclinationem
1719 4518 1938 4576 Graeciae
1973 4522 2123 4593 phae-

572 4613 800 4653 nomeua
828 4613 925 4654 sua
951 4604 1304 4671 comparavit,
1328 4619 1520 4660 novem
1545 4612 1920 4666 tantummodo
1945 4615 2123 4669 circu-

570 4689 746 4744 lorum
800 4691 1129 4758 meminit,e
1185 4694 1384 4764 quibus
1446 4704 1571 4751 octo
1629 4700 1747 4753 sola
1791 4703 2122 4772 cogitatione

571 4780 910 4847 consistunt;
956 4797 1096 4836 unus
1132 4783 1327 4853 majori
1357 4797 1510 4855 parte
1549 4789 1802 4845 sensibus
1843 4792 2118 4862 objicitur,

569 4872 662 4941 qui
715 4873 922 4928 lacteus
977 4874 1198 4928 dicitur.
1250 4874 1386 4930 Nam
1430 4885 1486 4932 et
1533 4880 1588 4934 in
1628 4880 1748 4951 ipso
1794 4898 1927 4938 suus
1980 4884 2122 4940 inest

569 4965 883 5035 cogitationi
946 4966 1118 5023 locus.
1170 4966 1248 5022 Ex
1305 4969 1372 5025 iis
1426 4971 1645 5028 circulis
1699 4976 1940 5043 paralleli
1995 4986 2122 5031 sunt

567 5058 809 5127 quinque
841 5077 853 5113 :
883 5061 1145 5126 arcticus,
1165 5065 1389 5121 aestivus
1411 5067 1670 5136 tropicus,
1701 5069 2118 5138 aequinoctialis,

569 5147 831 5203 hibernus
870 5151 1133 5218 tropicus,
1177 5155 1553 5224 antarcticus;
1589 5157 1792 5228 obliqui
1828 5168 1955 5214 sunt
1986 5160 2114 5222 duo,

568 5237 826 5292 zodiacus
847 5246 900 5293 et
921 5239 1146 5305 lacteus,
1180 5245 1270 5313 qui
1301 5247 1576 5301 contrario
1609 5248 1837 5304 invicem
1885 5251 1992 5305 situ
2025 5266 2119 5320 per

568 5329 813 5398 trapicos
840 5331 1061 5403 oblique
1091 5335 1412 5405 sinuantur;
1447 5354 1544 5408 per
1571 5341 1724 5409 polos
1771 5341 2119 5411 trajiciuntur

567 5421 677 5478 duo
704 5442 717 5478 :
751 5424 1085 5482 meridianus
1110 5435 1162 5481 et
1188 5429 1435 5486 horizon.
1454 5430 1655 5485 Horum
1683 5433 1924 5487 omnium
1956 5433 2122 5486 maxi-

2233 3515 2428 3579 πόλων,
2461 3516 2510 3567 οἱ
2542 3514 2598 3566 δὲ
2622 3513 2911 3585 ὁρίζοντες,
2940 3514 2987 3566 οἱ
3019 3513 3076 3565 δὲ
3118 3511 3273 3578 λοξοί.
3303 3511 3414 3565 Καὶ
3439 3513 3488 3564 οἱ
3527 3512 3788 3583 τέσσαρες

2231 3606 2559 3679 παράλληλοι
2605 3605 2702 3678 μέν
2725 3607 2862 3658 εἰσιν
2891 3606 2942 3657 οἰ
2976 3604 3103 3666 τοὺς
3131 3605 3326 3669 αὐτοὺς
3356 3605 3553 3669 πόλους
3579 3605 3788 3675 ἔχοντες

2229 3698 2308 3768 τῷ
2349 3698 2535 3767 κόσμῳ
2560 3713 2574 3727 ο
2607 3697 2750 3761 λοξοὶ
2788 3697 2844 3750 δὲ
2876 3698 2931 3749 οἰ
2957 3697 3029 3770 μὴ
3066 3699 3192 3760 τοὺς
3219 3696 3411 3758 αὐτοὺς
3443 3735 3458 3748 .
3484 3731 3500 3748 .
3525 3733 3542 3748 .
3567 3696 3657 3749 διὰ
3683 3696 3787 3748 τῶν

2230 3789 2404 3842 πόλων
2434 3788 2620 3842 κύκλοι
2646 3787 2972 3842 καλοῦνται·
3009 3790 3060 3842 oi
3089 3790 3144 3842 δὲ
3171 3789 3262 3841 ἐπὶ
3291 3789 3389 3859 τῆς
3431 3787 3606 3856 αὐτῆς
3631 3805 3784 3858 περι-

2229 3876 2449 3950 φερείας
2474 3879 2599 3941 τοὺς
2627 3877 2718 3930 τοῦ
2751 3877 2956 3948 κόσμου
2984 3879 3176 3942 πόλους
3207 3879 3418 3949 ἔχοντες
3435 3895 3449 3908 ’
3480 3878 3531 3930 οἱ
3557 3878 3613 3930 δὲ
3639 3878 3786 3930 αὐτοὶ

2227 3965 2371 4025 οὗτοι
2402 3971 2549 4042 ὀρθοί
2579 3988 2639 4024 τε
2672 3971 2765 4024 καὶ
2802 3970 3068 4042 κόλουροι,
3101 3972 3196 4025 καὶ
3230 3969 3591 4043 μεσημϐρινοὶ
3623 3986 3786 4036 προσ-

2227 4061 2601 4132 ονομάζονταιο
2637 4061 2908 4132 ὁρίζοντες
2937 4061 2994 4114 δὲ
3028 4062 3075 4114 οἱ
3108 4058 3429 4133 διορίζοντες
3459 4061 3589 4130 ἡμῖν
3616 4060 3674 4110 τό
3722 4075 3780 4110 τε

2228 4150 2455 4222 φανερὸν
2501 4150 2593 4204 τοῦ
2639 4151 2844 4221 κόσμου
2891 4192 2903 4204 .
2933 4188 2948 4203 .
2977 4190 2990 4204 .
3020 4149 3355 4204 τουτέστι.τό
3395 4165 3455 4201 τε
3497 4147 3630 4218 ὑπὲρ
3677 4147 3777 4214 γῆν

2227 4243 2319 4295 καὶ
2347 4241 2408 4293 τὸ
2456 4240 2558 4293 ὑπὸ
2605 4241 2726 4311 γῆν.
2777 4234 2934 4293 Οὗτοι
2971 4238 3028 4291 δὲ
3070 4239 3502 4309 μεταϐάλλουσιν,
3544 4237 3670 4289 ὅταν
3711 4235 3776 4287 τὸ

2226 4330 2365 4384 κατὰ
2409 4328 2650 4400 κορυφὴν
2696 4329 2916 4398 σημεῖον
2967 4327 3150 4398 ἓτερον
3191 4329 3441 4399 γένηται·
3471 4325 3620 4380 τοῦτο
3664 4325 3774 4398 γάρ

2155 4433 2200 4490 1)
2224 4424 2336 4475 ἐστι
2371 4420 2530 4484 πόλος
2556 4417 2848 4490 ὁρίζοντος.

2302 4512 2536 4582 ’Ἄρατος
2567 4510 2684 4582 μὲν,
2716 4510 2852 4582 πρὸς
2878 4510 2937 4563 τὸ
2960 4509 3058 4581 τῆς
3099 4509 3346 4574 Ἑλλάδος
3371 4510 3538 4581 κλίμα
3565 4510 3630 4564 τὰ
3657 4528 3777 4579 (pato

2225 4601 2420 4672 νόμενα
2455 4602 3030 4675 πραγματευσάμενος,
3069 4602 3222 4656 ἐννέα
3263 4603 3436 4673 μόνων
3465 4602 3777 4673 ἐπεμνήσθη

2226 4693 2459 4758 κύκλων,
2491 4692 2636 4746 ὀκτὼ
2671 4694 2767 4764 μὲν
2791 4693 3015 4765 νοητῶνο
3035 4693 3287 4762 αἰσθητοῦ
3315 4693 3392 4758 δὲ,
3428 4694 3523 4746 καὶ
3551 4692 3694 4747 κατὰ
3722 4692 3778 4744 τὸ

2226 4785 2384 4839 πλέον
2409 4785 2544 4849 ἑνὸς,
2567 4784 2662 4838 τοῦ
2687 4785 3016 4855 καλουμένου
3039 4784 3290 4853 γαλαξίου
3311 4785 3373 4837 ⁸⁸.
3399 4785 3510 4836 Καὶ
3530 4785 3589 4835 ἐν
3611 4783 3776 4853 τούτῳ

2224 4880 2333 4952 γὰρ
2376 4881 2574 4932 νοεῖται
2601 4878 2690 4932 διὰ
2726 4877 2911 4931 τούτου
2952 4877 3046 4931 τοῦ
3095 4877 3312 4930 κύκλου.
3349 4876 3566 4930 Τούτων
3598 4877 3641 4929 δ’
3675 4878 3775 4930 εἰσὶ

2225 4971 2553 5043 παράλληλοι
2574 4978 2614 5024 ε’
2633 4988 2648 5004 ο
2683 4969 2957 5042 ἀρκτικὸς,
2989 4969 3193 5041 θερινὸς
3223 4968 3498 5039 τροπικός,
3534 4971 3775 5038 ἰσημερι-

2221 5061 2330 5128 νὸς,
2364 5062 2686 5133 χειμερινὸς,
2715 5060 3089 5131 ἀνταρκτικὸς,
3129 5058 3269 5124 λοξοὶ
3298 5059 3409 5123 δύο,
3436 5059 3465 5111 ὃ
3499 5075 3560 5110 τε
3588 5058 3773 5122 ζωδια-

2222 5153 2315 5216 κδς
2344 5155 2438 5207 καὶ
2471 5154 2499 5204 6
2527 5151 2806 5220 γαλαξίας,
2837 5152 3091 5214 ἐναντίως
3125 5151 3370 5223 ἀλλήλοις
3398 5150 3538 5203 κατὰ
3563 5150 3656 5221 τὴν
3686 5150 3770 5202 θέ-

2221 5261 2305 5297 σιν
2331 5243 2418 5297 διὰ
2456 5244 2562 5295 τῶν
2589 5241 2860 5313 τροπικῶν
2890 5241 3235 5313 λελοξωμένοι
3255 5259 3268 5271 ο
3302 5243 3394 5296 καὶ
3439 5241 3535 5294 δύο
3556 5241 3644 5294 διὰ
3671 5240 3771 5293 τῶν

2222 5335 2425 5389 πόλωνο
2459 5331 2820 5406 μεσημϐρινός
2845 5349 2903 5384 τε
2925 5327 3004 5396 εἷς
3036 5333 3130 5386 καὶ
3152 5335 3180 5386 6
3198 5332 3392 5404 ὁρίζων
3413 5333 3618 5403 ἕτερος,
3647 5331 3770 5384 Τού-

2219 5446 2327 5482 των
2349 5428 2406 5481 δέ
2440 5429 2544 5480 εἰσι
2569 5425 2810 5497 μέγιστοι
2835 5426 2863 5478 ὂ
2885 5441 2950 5476 τε
2973 5425 3281 5496 ἰσημερινός
3307 5424 3400 5477 καὶ
3424 5425 3473 5476 οἰ
3499 5421 3664 5488 λοξοὶ,
3684 5421 3770 5476 καὶ

570 5512 644 5566 mi
699 5521 866 5582 sunt,
909 5517 1307 5588 aequinoctialis
1354 5527 1409 5576 et
1461 5521 1706 5593 obliqui,
1765 5539 1975 5580 necnon
2022 5539 2119 5594 per

2227 5523 2266 5574 οἱ
2297 5519 2384 5573 διὰ
2414 5517 2521 5573 τῶν
2551 5516 2748 5573 πόλων.
2783 5517 3043 5585 Μέγιστοι
3085 5515 3140 5570 δὲ
3174 5515 3481 5581 καλοῦνται,
3517 5508 3593 5571 ὧν
3619 5515 3677 5570 αῖ
3711 5529 3765 5566 τε

657 5670 699 5702 ⁸⁸
734 5669 774 5737 f.
800 5669 968 5736 ὀντες.
1053 5673 1096 5705 ¹⁶
1118 5672 1157 5742 f.
1197 5673 1501 5745 ἰσημερίας.
1576 5677 1618 5709 ¹⁷
1645 5677 1684 5745 ί.
1714 5677 1803 5731 τοῦ
1831 5677 1912 5732 δέ.
1987 5679 2029 5712 ³⁸
2062 5677 2128 5734 Hi

2227 5672 2456 5731 nendosa
2489 5679 2642 5726 sunt.
