  <div class='ocr_page' id='page_1' title='image "/cluster/home/n/w/nwhite01/storage/ocr_20150623/19/hvd.32044073501199/582.png"; bbox 0 0 4044 6220; ppageno 0'>
   <div class='ocr_carea' id='block_1_1' title="bbox 302 265 444 322">
    <p class='ocr_par' dir='ltr' id='par_1_1' title="bbox 302 265 444 322">
     <span class='ocr_line' id='line_1_1' title="bbox 302 265 444 322; baseline 0.028 -4"><span class='ocrx_word' id='word_1_1' title='bbox 302 265 444 322; x_wconf 65' lang='grc'><strong>1169</strong></span> 
     </span>
    </p>
   </div>
   <div class='ocr_carea' id='block_1_2' title="bbox 1349 273 2507 354">
    <p class='ocr_par' dir='ltr' id='par_1_2' title="bbox 1349 273 2507 354">
     <span class='ocr_line' id='line_1_2' title="bbox 1349 273 2507 354; baseline 0.018 -25"><span class='ocrx_word' id='word_1_2' title='bbox 1349 273 1622 333; x_wconf 83' lang='lat' dir='ltr'><strong>INCERTI</strong></span> <span class='ocrx_word' id='word_1_3' title='bbox 1659 279 1750 335; x_wconf 80' lang='lat' dir='ltr'><strong>AD</strong></span> <span class='ocrx_word' id='word_1_4' title='bbox 1786 281 1998 339; x_wconf 77' lang='lat' dir='ltr'><strong>ARATI</strong></span> <span class='ocrx_word' id='word_1_5' title='bbox 2036 285 2507 354; x_wconf 65' lang='lat' dir='ltr'><strong>PHENOMENA.</strong></span> 
     </span>
    </p>
   </div>
   <div class='ocr_carea' id='block_1_3' title="bbox 3377 308 3512 366">
    <p class='ocr_par' dir='ltr' id='par_1_3' title="bbox 3377 308 3512 366">
     <span class='ocr_line' id='line_1_3' title="bbox 3377 308 3512 366; baseline 0.022 -3"><span class='ocrx_word' id='word_1_6' title='bbox 3377 308 3512 366; x_wconf 72' lang='lat'><strong>“50</strong></span> 
     </span>
    </p>
   </div>
   <div class='ocr_carea' id='block_1_4' title="bbox 297 381 1849 490">
    <p class='ocr_par' dir='ltr' id='par_1_4' title="bbox 297 381 1849 465">
     <span class='ocr_line' id='line_1_4' title="bbox 297 381 1849 465; baseline 0.008 -28"><span class='ocrx_word' id='word_1_7' title='bbox 297 382 579 453; x_wconf 78' lang='grc' dir='ltr'><strong>διάμετροι</strong></span> <span class='ocrx_word' id='word_1_8' title='bbox 610 381 720 438; x_wconf 80' lang='grc' dir='ltr'>ἴσαι</span> <span class='ocrx_word' id='word_1_9' title='bbox 751 383 886 437; x_wconf 75' lang='grc' dir='ltr'>εἰσὶν</span> <span class='ocrx_word' id='word_1_10' title='bbox 920 385 1169 458; x_wconf 80' lang='grc' dir='ltr'>ἀλλήλοις</span> <span class='ocrx_word' id='word_1_11' title='bbox 1197 389 1289 442; x_wconf 66' lang='grc' dir='ltr'><strong>καὶ</strong></span> <span class='ocrx_word' id='word_1_12' title='bbox 1312 393 1376 462; x_wconf 77' lang='grc' dir='ltr'>τῇ</span> <span class='ocrx_word' id='word_1_13' title='bbox 1403 391 1498 446; x_wconf 80' lang='grc' dir='ltr'>τοῦ</span> <span class='ocrx_word' id='word_1_14' title='bbox 1535 394 1730 465; x_wconf 70' lang='grc' dir='ltr'>ςόσμοιυ</span> <span class='ocrx_word' id='word_1_15' title='bbox 1754 397 1849 449; x_wconf 83' lang='grc' dir='ltr'>δια·</span> 
     </span>
    </p>
   </div>
   <div class='ocr_carea' id='block_1_5' title="bbox 1948 381 3508 490">
    <p class='ocr_par' dir='ltr' id='par_1_5' title="bbox 1968 403 3508 490">
     <span class='ocr_line' id='line_1_5' title="bbox 1968 403 3508 490; baseline 0.016 -37"><span class='ocrx_word' id='word_1_16' title='bbox 1968 403 2121 468; x_wconf 82' lang='grc' dir='ltr'>ροΙοε</span> <span class='ocrx_word' id='word_1_17' title='bbox 2154 406 2426 473; x_wconf 75' lang='lat' dir='ltr'><strong>producti.</strong></span> <span class='ocrx_word' id='word_1_18' title='bbox 2468 407 2734 464; x_wconf 76' lang='lat' dir='ltr'><strong>Dicuntur</strong></span> <span class='ocrx_word' id='word_1_19' title='bbox 2783 420 2960 468; x_wconf 90' lang='lat' dir='ltr'><strong>autem</strong></span> <span class='ocrx_word' id='word_1_20' title='bbox 3001 417 3241 484; x_wconf 78' lang='lat' dir='ltr'><strong>maximi,</strong></span> <span class='ocrx_word' id='word_1_21' title='bbox 3281 436 3508 490; x_wconf 87' lang='lat' dir='ltr'><strong>quorum</strong></span> 
     </span>
    </p>
   </div>
   <div class='ocr_carea' id='block_1_6' title="bbox 302 473 1856 562">
    <p class='ocr_par' dir='ltr' id='par_1_6' title="bbox 302 473 1856 562">
     <span class='ocr_line' id='line_1_6' title="bbox 302 473 1856 562; baseline 0.014 -38"><span class='ocrx_word' id='word_1_22' title='bbox 302 473 514 544; x_wconf 83' lang='grc' dir='ltr'>μέτρῳ·</span> <span class='ocrx_word' id='word_1_23' title='bbox 542 475 634 528; x_wconf 72' lang='grc' dir='ltr'>καὶ</span> <span class='ocrx_word' id='word_1_24' title='bbox 670 477 782 529; x_wconf 81' lang='grc' dir='ltr'>ὅσοι</span> <span class='ocrx_word' id='word_1_25' title='bbox 809 479 869 531; x_wconf 88' lang='grc' dir='ltr'><strong>τὸ</strong></span> <span class='ocrx_word' id='word_1_26' title='bbox 899 480 1028 533; x_wconf 85' lang='grc' dir='ltr'>αὑτὸ</span> <span class='ocrx_word' id='word_1_27' title='bbox 1064 483 1284 555; x_wconf 78' lang='grc' dir='ltr'><strong>κέντρον</strong></span> <span class='ocrx_word' id='word_1_28' title='bbox 1323 485 1501 555; x_wconf 69' lang='grc' dir='ltr'>ἔχουσι</span> <span class='ocrx_word' id='word_1_29' title='bbox 1544 490 1621 559; x_wconf 83' lang='grc' dir='ltr'><strong>τῷ</strong></span> <span class='ocrx_word' id='word_1_30' title='bbox 1649 490 1856 562; x_wconf 83' lang='grc' dir='ltr'>κόσμῳ.</span> 
     </span>
    </p>
   </div>
   <div class='ocr_carea' id='block_1_7' title="bbox 303 565 1861 652">
    <p class='ocr_par' dir='ltr' id='par_1_7' title="bbox 303 565 1861 652">
     <span class='ocr_line' id='line_1_7' title="bbox 303 565 1861 652; baseline 0.013 -36"><span class='ocrx_word' id='word_1_31' title='bbox 303 565 420 618; x_wconf 81' lang='grc' dir='ltr'><strong>Ὅτι</strong></span> <span class='ocrx_word' id='word_1_32' title='bbox 452 565 507 618; x_wconf 84' lang='grc' dir='ltr'>δὲ</span> <span class='ocrx_word' id='word_1_33' title='bbox 539 568 633 620; x_wconf 79' lang='grc' dir='ltr'>καὶ</span> <span class='ocrx_word' id='word_1_34' title='bbox 670 567 843 634; x_wconf 83' lang='grc' dir='ltr'>ἄλλως</span> <span class='ocrx_word' id='word_1_35' title='bbox 870 573 898 624; x_wconf 99' lang='lat'><strong>6</strong></span> <span class='ocrx_word' id='word_1_36' title='bbox 924 571 1012 626; x_wconf 75' lang='grc' dir='ltr'><strong>διὰ</strong></span> <span class='ocrx_word' id='word_1_37' title='bbox 1049 573 1228 643; x_wconf 82' lang='grc' dir='ltr'>μέσων</span> <span class='ocrx_word' id='word_1_38' title='bbox 1261 576 1366 629; x_wconf 86' lang='grc' dir='ltr'><strong>τῶν</strong></span> <span class='ocrx_word' id='word_1_39' title='bbox 1397 577 1598 642; x_wconf 82' lang='grc' dir='ltr'>ζωδίων</span> <span class='ocrx_word' id='word_1_40' title='bbox 1637 581 1861 652; x_wconf 79' lang='grc' dir='ltr'>λεγόμε-</span> 
     </span>
    </p>
   </div>
   <div class='ocr_carea' id='block_1_8' title="bbox 295 659 1856 742">
    <p class='ocr_par' dir='ltr' id='par_1_8' title="bbox 295 659 1856 742">
     <span class='ocr_line' id='line_1_8' title="bbox 295 659 1856 742; baseline 0.015 -36"><span class='ocrx_word' id='word_1_41' title='bbox 295 673 420 722; x_wconf 89' lang='grc' dir='ltr'>νος,</span> <span class='ocrx_word' id='word_1_42' title='bbox 489 659 808 727; x_wconf 78' lang='grc' dir='ltr'><strong>μεσαίτατος</strong></span> <span class='ocrx_word' id='word_1_43' title='bbox 861 663 1117 735; x_wconf 81' lang='grc' dir='ltr'><strong>ὑπάρχων</strong></span> <span class='ocrx_word' id='word_1_44' title='bbox 1174 666 1267 721; x_wconf 89' lang='lat'><strong>106</strong></span> <span class='ocrx_word' id='word_1_45' title='bbox 1334 669 1627 737; x_wconf 79' lang='grc' dir='ltr'><strong>ζωδιακοῦ,</strong></span> <span class='ocrx_word' id='word_1_46' title='bbox 1687 676 1856 742; x_wconf 77' lang='grc' dir='ltr'><strong>ἡλια-</strong></span> 
     </span>
    </p>
   </div>
   <div class='ocr_carea' id='block_1_9' title="bbox 295 749 1859 832">
    <p class='ocr_par' dir='ltr' id='par_1_9' title="bbox 295 749 1859 832">
     <span class='ocr_line' id='line_1_9' title="bbox 295 749 1859 832; baseline 0.011 -30"><span class='ocrx_word' id='word_1_47' title='bbox 295 749 404 814; x_wconf 82' lang='grc' dir='ltr'>κός</span> <span class='ocrx_word' id='word_1_48' title='bbox 443 765 502 801; x_wconf 87' lang='grc' dir='ltr'><strong>τε</strong></span> <span class='ocrx_word' id='word_1_49' title='bbox 550 750 640 802; x_wconf 74' lang='grc' dir='ltr'>καὶ</span> <span class='ocrx_word' id='word_1_50' title='bbox 693 751 1066 822; x_wconf 76' lang='grc' dir='ltr'>ἐκλειπτικὸς</span> <span class='ocrx_word' id='word_1_51' title='bbox 1107 759 1562 830; x_wconf 65' lang='grc' dir='ltr'><strong>ἐπικαλούμενος⁹</strong></span> <span class='ocrx_word' id='word_1_52' title='bbox 1605 764 1859 832; x_wconf 77' lang='grc' dir='ltr'>ήλιακὸς</span> 
     </span>
    </p>
   </div>
   <div class='ocr_carea' id='block_1_10' title="bbox 277 841 1855 920">
    <p class='ocr_par' dir='ltr' id='par_1_10' title="bbox 277 841 1855 920">
     <span class='ocr_line' id='line_1_10' title="bbox 277 841 1855 920; baseline 0.012 -29"><span class='ocrx_word' id='word_1_53' title='bbox 277 841 418 911; x_wconf 75' lang='grc' dir='ltr'>μὲν,</span> <span class='ocrx_word' id='word_1_54' title='bbox 467 842 547 894; x_wconf 83' lang='grc' dir='ltr'><strong>ὅτι</strong></span> <span class='ocrx_word' id='word_1_55' title='bbox 596 841 624 894; x_wconf 87' lang='lat'><strong>6</strong></span> <span class='ocrx_word' id='word_1_56' title='bbox 664 843 812 912; x_wconf 65' lang='grc' dir='ltr'><strong>⁴ίτιλιος</strong></span> <span class='ocrx_word' id='word_1_57' title='bbox 863 846 961 912; x_wconf 80' lang='grc' dir='ltr'>τὴν</span> <span class='ocrx_word' id='word_1_58' title='bbox 1013 849 1237 920; x_wconf 86' lang='grc' dir='ltr'>πορείαν</span> <span class='ocrx_word' id='word_1_59' title='bbox 1273 852 1340 904; x_wconf 87' lang='grc' dir='ltr'>δι’</span> <span class='ocrx_word' id='word_1_60' title='bbox 1373 853 1535 906; x_wconf 78' lang='grc' dir='ltr'>αὑτοῦ</span> <span class='ocrx_word' id='word_1_61' title='bbox 1589 858 1855 910; x_wconf 86' lang='grc' dir='ltr'>ποιεῖται·</span> 
     </span>
    </p>
   </div>
   <div class='ocr_carea' id='block_1_11' title="bbox 293 931 1856 1001">
    <p class='ocr_par' dir='ltr' id='par_1_11' title="bbox 293 931 1856 1001">
     <span class='ocr_line' id='line_1_11' title="bbox 293 931 1856 1001; baseline 0.012 -18"><span class='ocrx_word' id='word_1_62' title='bbox 293 931 663 999; x_wconf 75' lang='grc' dir='ltr'>ἐκλειπτικὸς</span> <span class='ocrx_word' id='word_1_63' title='bbox 715 933 810 1001; x_wconf 87' lang='grc' dir='ltr'><strong>δὲ,</strong></span> <span class='ocrx_word' id='word_1_64' title='bbox 871 937 952 990; x_wconf 82' lang='grc' dir='ltr'><strong>ὅτι</strong></span> <span class='ocrx_word' id='word_1_65' title='bbox 1001 939 1067 991; x_wconf 83' lang='grc' dir='ltr'><strong>δι’</strong></span> <span class='ocrx_word' id='word_1_66' title='bbox 1123 941 1285 994; x_wconf 85' lang='grc' dir='ltr'>αὑτοῦ</span> <span class='ocrx_word' id='word_1_67' title='bbox 1347 943 1684 1000; x_wconf 76' lang='grc' dir='ltr'><strong>ἐκλείπουσιν</strong></span> <span class='ocrx_word' id='word_1_68' title='bbox 1725 948 1753 1000; x_wconf 86' lang='grc' dir='ltr'><strong>ὃ</strong></span> <span class='ocrx_word' id='word_1_69' title='bbox 1798 965 1856 1001; x_wconf 89' lang='grc' dir='ltr'><strong>τε</strong></span> 
     </span>
    </p>
   </div>
   <div class='ocr_carea' id='block_1_12' title="bbox 293 1025 1857 1110">
    <p class='ocr_par' dir='ltr' id='par_1_12' title="bbox 293 1025 1857 1110">
     <span class='ocr_line' id='line_1_12' title="bbox 293 1025 1857 1110; baseline 0.011 -34"><span class='ocrx_word' id='word_1_70' title='bbox 293 1025 443 1094; x_wconf 66' lang='grc' dir='ltr'>ἥλιος</span> <span class='ocrx_word' id='word_1_71' title='bbox 470 1025 561 1079; x_wconf 79' lang='grc' dir='ltr'><strong>καὶ</strong></span> <span class='ocrx_word' id='word_1_72' title='bbox 592 1027 624 1097; x_wconf 81' lang='grc' dir='ltr'>ἠ</span> <span class='ocrx_word' id='word_1_73' title='bbox 667 1027 883 1099; x_wconf 76' lang='grc' dir='ltr'>σελήνη.</span> <span class='ocrx_word' id='word_1_74' title='bbox 920 1031 1029 1083; x_wconf 71' lang='grc' dir='ltr'>Καὶ</span> <span class='ocrx_word' id='word_1_75' title='bbox 1055 1031 1162 1084; x_wconf 90' lang='grc' dir='ltr'><strong>τῶν</strong></span> <span class='ocrx_word' id='word_1_76' title='bbox 1191 1035 1544 1106; x_wconf 79' lang='grc' dir='ltr'>παραλλήλων</span> <span class='ocrx_word' id='word_1_77' title='bbox 1582 1037 1638 1090; x_wconf 78' lang='grc' dir='ltr'><strong>δὲ</strong></span> <span class='ocrx_word' id='word_1_78' title='bbox 1679 1040 1709 1091; x_wconf 93' lang='lat'><strong>6</strong></span> <span class='ocrx_word' id='word_1_79' title='bbox 1757 1039 1857 1110; x_wconf 89' lang='grc' dir='ltr'>μὲν</span> 
     </span>
    </p>
   </div>
   <div class='ocr_carea' id='block_1_13' title="bbox 293 1116 1856 1198">
    <p class='ocr_par' dir='ltr' id='par_1_13' title="bbox 293 1116 1856 1198">
     <span class='ocr_line' id='line_1_13' title="bbox 293 1116 1856 1198; baseline 0.009 -30"><span class='ocrx_word' id='word_1_80' title='bbox 293 1116 551 1187; x_wconf 84' lang='grc' dir='ltr'>ἀρκτικὸς</span> <span class='ocrx_word' id='word_1_81' title='bbox 592 1117 690 1170; x_wconf 87' lang='grc' dir='ltr'><strong>οὑκ</strong></span> <span class='ocrx_word' id='word_1_82' title='bbox 728 1119 771 1150; x_wconf 85' lang='grc'><strong>¹⁹</strong></span> <span class='ocrx_word' id='word_1_83' title='bbox 813 1119 1124 1192; x_wconf 81' lang='grc' dir='ltr'><strong>ὠνομάσθη,</strong></span> <span class='ocrx_word' id='word_1_84' title='bbox 1171 1124 1250 1176; x_wconf 81' lang='grc' dir='ltr'><strong>ὅτι</strong></span> <span class='ocrx_word' id='word_1_85' title='bbox 1281 1125 1416 1196; x_wconf 86' lang='grc' dir='ltr'>πρὸς</span> <span class='ocrx_word' id='word_1_86' title='bbox 1446 1129 1559 1190; x_wconf 81' lang='grc' dir='ltr'>τοῖς</span> <span class='ocrx_word' id='word_1_87' title='bbox 1589 1127 1856 1198; x_wconf 80' lang='grc' dir='ltr'>άρκτῴοις</span> 
     </span>
    </p>
   </div>
   <div class='ocr_carea' id='block_1_14' title="bbox 294 1209 1858 1289">
    <p class='ocr_par' dir='ltr' id='par_1_14' title="bbox 294 1209 1858 1289">
     <span class='ocr_line' id='line_1_14' title="bbox 294 1209 1858 1289; baseline 0.008 -28"><span class='ocrx_word' id='word_1_88' title='bbox 294 1209 530 1280; x_wconf 81' lang='grc' dir='ltr'><strong>ὑπάρχει</strong></span> <span class='ocrx_word' id='word_1_89' title='bbox 548 1227 562 1240; x_wconf 74' lang='grc' dir='ltr'><strong>ο</strong></span> <span class='ocrx_word' id='word_1_90' title='bbox 592 1211 620 1263; x_wconf 88' lang='lat'><strong>6</strong></span> <span class='ocrx_word' id='word_1_91' title='bbox 643 1211 698 1264; x_wconf 84' lang='grc' dir='ltr'><strong>δὲ</strong></span> <span class='ocrx_word' id='word_1_92' title='bbox 729 1211 933 1282; x_wconf 82' lang='grc' dir='ltr'>θερινὸς</span> <span class='ocrx_word' id='word_1_93' title='bbox 953 1216 1227 1284; x_wconf 80' lang='grc' dir='ltr'>τροπικὸς,</span> <span class='ocrx_word' id='word_1_94' title='bbox 1252 1217 1355 1284; x_wconf 85' lang='grc' dir='ltr'>ὅτι,</span> <span class='ocrx_word' id='word_1_95' title='bbox 1379 1219 1468 1271; x_wconf 71' lang='grc' dir='ltr'><strong>ἐπὶ</strong></span> <span class='ocrx_word' id='word_1_96' title='bbox 1493 1217 1677 1273; x_wconf 87' lang='grc' dir='ltr'>τούτου</span> <span class='ocrx_word' id='word_1_97' title='bbox 1706 1221 1858 1289; x_wconf 79' lang='grc' dir='ltr'>γενό-</span> 
     </span>
    </p>
   </div>
   <div class='ocr_carea' id='block_1_15' title="bbox 296 1301 1854 1382">
    <p class='ocr_par' dir='ltr' id='par_1_15' title="bbox 296 1301 1854 1382">
     <span class='ocr_line' id='line_1_15' title="bbox 296 1301 1854 1382; baseline 0.009 -30"><span class='ocrx_word' id='word_1_98' title='bbox 296 1317 457 1370; x_wconf 87' lang='grc' dir='ltr'>μενος</span> <span class='ocrx_word' id='word_1_99' title='bbox 486 1301 654 1371; x_wconf 78' lang='grc' dir='ltr'>ἥλιος,</span> <span class='ocrx_word' id='word_1_100' title='bbox 682 1303 820 1356; x_wconf 77' lang='grc' dir='ltr'>κατὰ</span> <span class='ocrx_word' id='word_1_101' title='bbox 847 1304 944 1374; x_wconf 80' lang='grc' dir='ltr'>τὴν</span> <span class='ocrx_word' id='word_1_102' title='bbox 974 1305 1066 1357; x_wconf 83' lang='lat'><strong>106</strong></span> <span class='ocrx_word' id='word_1_103' title='bbox 1091 1307 1362 1379; x_wconf 86' lang='grc' dir='ltr'>Καρκίνου</span> <span class='ocrx_word' id='word_1_104' title='bbox 1387 1310 1576 1382; x_wconf 80' lang='grc' dir='ltr'>ἀρχὴν,</span> <span class='ocrx_word' id='word_1_105' title='bbox 1612 1313 1706 1365; x_wconf 58' lang='grc' dir='ltr'><strong>καὶ¹</strong></span> <span class='ocrx_word' id='word_1_106' title='bbox 1733 1313 1854 1366; x_wconf 86' lang='grc' dir='ltr'>τότε</span> 
     </span>
    </p>
   </div>
   <div class='ocr_carea' id='block_1_16' title="bbox 295 1393 1856 1474">
    <p class='ocr_par' dir='ltr' id='par_1_16' title="bbox 295 1393 1856 1474">
     <span class='ocr_line' id='line_1_16' title="bbox 295 1393 1856 1474; baseline 0.01 -30"><span class='ocrx_word' id='word_1_107' title='bbox 295 1393 529 1462; x_wconf 84' lang='grc' dir='ltr'>μάλιστα</span> <span class='ocrx_word' id='word_1_108' title='bbox 557 1395 693 1464; x_wconf 86' lang='grc' dir='ltr'>ὑπὲρ</span> <span class='ocrx_word' id='word_1_109' title='bbox 736 1396 976 1465; x_wconf 74' lang='grc' dir='ltr'>κεφαλῆς</span> <span class='ocrx_word' id='word_1_110' title='bbox 1006 1398 1184 1468; x_wconf 83' lang='grc' dir='ltr'>ἡμῶν,</span> <span class='ocrx_word' id='word_1_111' title='bbox 1218 1399 1403 1472; x_wconf 80' lang='grc' dir='ltr'><strong>θέρους</strong></span> <span class='ocrx_word' id='word_1_112' title='bbox 1437 1405 1644 1474; x_wconf 77' lang='grc' dir='ltr'>τροπάς</span> <span class='ocrx_word' id='word_1_113' title='bbox 1689 1407 1856 1458; x_wconf 82' lang='grc' dir='ltr'>ποιεῖ-</span> 
     </span>
    </p>
   </div>
   <div class='ocr_carea' id='block_1_17' title="bbox 289 1486 1851 1566">
    <p class='ocr_par' dir='ltr' id='par_1_17' title="bbox 289 1486 1851 1566">
     <span class='ocr_line' id='line_1_17' title="bbox 289 1486 1851 1566; baseline 0.008 -27"><span class='ocrx_word' id='word_1_114' title='bbox 289 1503 381 1539; x_wconf 86' lang='grc' dir='ltr'><strong>ται</strong></span> <span class='ocrx_word' id='word_1_115' title='bbox 404 1501 418 1514; x_wconf 87' lang='grc'><strong>·</strong></span> <span class='ocrx_word' id='word_1_116' title='bbox 449 1486 758 1558; x_wconf 79' lang='grc' dir='ltr'>ίσημερινὸς</span> <span class='ocrx_word' id='word_1_117' title='bbox 779 1488 855 1553; x_wconf 79' lang='grc' dir='ltr'>δὲ,</span> <span class='ocrx_word' id='word_1_118' title='bbox 883 1489 964 1542; x_wconf 81' lang='grc' dir='ltr'><strong>ὅτι</strong></span> <span class='ocrx_word' id='word_1_119' title='bbox 990 1491 1047 1543; x_wconf 82' lang='grc' dir='ltr'>ὲν</span> <span class='ocrx_word' id='word_1_120' title='bbox 1067 1490 1237 1563; x_wconf 84' lang='grc' dir='ltr'>τούτῳ</span> <span class='ocrx_word' id='word_1_121' title='bbox 1258 1494 1538 1566; x_wconf 77' lang='grc' dir='ltr'><strong>ἰσημερίας</strong></span> <span class='ocrx_word' id='word_1_122' title='bbox 1558 1496 1649 1550; x_wconf 88' lang='grc' dir='ltr'><strong>δύο</strong></span> <span class='ocrx_word' id='word_1_123' title='bbox 1677 1500 1851 1550; x_wconf 82' lang='grc' dir='ltr'>ποιεῖ’</span> 
     </span>
    </p>
   </div>
   <div class='ocr_carea' id='block_1_18' title="bbox 290 1578 1852 1660">
    <p class='ocr_par' dir='ltr' id='par_1_18' title="bbox 290 1578 1852 1660">
     <span class='ocr_line' id='line_1_18' title="bbox 290 1578 1852 1660; baseline 0.006 -29"><span class='ocrx_word' id='word_1_124' title='bbox 290 1578 511 1650; x_wconf 76' lang='grc' dir='ltr'>ἐαρινὴν</span> <span class='ocrx_word' id='word_1_125' title='bbox 539 1579 636 1648; x_wconf 83' lang='grc' dir='ltr'>μὲν</span> <span class='ocrx_word' id='word_1_126' title='bbox 661 1579 798 1632; x_wconf 79' lang='grc' dir='ltr'>κατὰ</span> <span class='ocrx_word' id='word_1_127' title='bbox 823 1581 920 1651; x_wconf 84' lang='grc' dir='ltr'>τὴν</span> <span class='ocrx_word' id='word_1_128' title='bbox 944 1581 1036 1634; x_wconf 80' lang='grc' dir='ltr'>τοῦ</span> <span class='ocrx_word' id='word_1_129' title='bbox 1059 1583 1230 1655; x_wconf 82' lang='grc' dir='ltr'>Κριοῦ</span> <span class='ocrx_word' id='word_1_130' title='bbox 1255 1585 1446 1656; x_wconf 80' lang='grc' dir='ltr'>ἀρχὴν,</span> <span class='ocrx_word' id='word_1_131' title='bbox 1481 1587 1852 1660; x_wconf 84' lang='grc' dir='ltr'>μετοπωρινὴν</span> 
     </span>
    </p>
   </div>
   <div class='ocr_carea' id='block_1_19' title="bbox 287 1671 1850 1750">
    <p class='ocr_par' dir='ltr' id='par_1_19' title="bbox 287 1671 1850 1750">
     <span class='ocr_line' id='line_1_19' title="bbox 287 1671 1850 1750; baseline 0.007 -26"><span class='ocrx_word' id='word_1_132' title='bbox 287 1671 349 1724; x_wconf 82' lang='grc' dir='ltr'><strong>δὲ</strong></span> <span class='ocrx_word' id='word_1_133' title='bbox 377 1671 516 1725; x_wconf 79' lang='grc' dir='ltr'>κατὰ</span> <span class='ocrx_word' id='word_1_134' title='bbox 540 1671 646 1725; x_wconf 84' lang='grc' dir='ltr'><strong>τῶν</strong></span> <span class='ocrx_word' id='word_1_135' title='bbox 686 1673 877 1743; x_wconf 83' lang='grc' dir='ltr'>Χηλῶν</span> <span class='ocrx_word' id='word_1_136' title='bbox 897 1690 911 1703; x_wconf 87' lang='grc'><strong>·</strong></span> <span class='ocrx_word' id='word_1_137' title='bbox 946 1677 1250 1748; x_wconf 83' lang='grc' dir='ltr'>χειμερινὸς</span> <span class='ocrx_word' id='word_1_138' title='bbox 1272 1677 1326 1729; x_wconf 80' lang='grc' dir='ltr'><strong>δὲ</strong></span> <span class='ocrx_word' id='word_1_139' title='bbox 1364 1680 1640 1749; x_wconf 88' lang='grc' dir='ltr'>τροπικὸς,</span> <span class='ocrx_word' id='word_1_140' title='bbox 1670 1683 1753 1750; x_wconf 77' lang='grc' dir='ltr'><strong>ἐφ’</strong></span> <span class='ocrx_word' id='word_1_141' title='bbox 1791 1675 1850 1735; x_wconf 80' lang='lat'><strong>06</strong></span> 
     </span>
    </p>
   </div>
   <div class='ocr_carea' id='block_1_20' title="bbox 289 1749 1924 1837">
    <p class='ocr_par' dir='ltr' id='par_1_20' title="bbox 289 1749 1924 1837">
     <span class='ocr_line' id='line_1_20' title="bbox 289 1749 1924 1837; baseline 0.006 -23"><span class='ocrx_word' id='word_1_142' title='bbox 289 1760 433 1814; x_wconf 76' lang='grc' dir='ltr'>κατὰ</span> <span class='ocrx_word' id='word_1_143' title='bbox 456 1762 552 1833; x_wconf 80' lang='grc' dir='ltr'>τὴν</span> <span class='ocrx_word' id='word_1_144' title='bbox 575 1779 668 1815; x_wconf 89' lang='grc' dir='ltr'><strong>του</strong></span> <span class='ocrx_word' id='word_1_145' title='bbox 694 1762 974 1835; x_wconf 77' lang='grc' dir='ltr'>Αίγόκερω</span> <span class='ocrx_word' id='word_1_146' title='bbox 1005 1765 1178 1837; x_wconf 82' lang='grc' dir='ltr'>ἀρχὴν</span> <span class='ocrx_word' id='word_1_147' title='bbox 1205 1767 1234 1818; x_wconf 88' lang='grc' dir='ltr'><strong>ὁ</strong></span> <span class='ocrx_word' id='word_1_148' title='bbox 1271 1766 1439 1836; x_wconf 76' lang='grc' dir='ltr'>ἥλιος,</span> <span class='ocrx_word' id='word_1_149' title='bbox 1468 1767 1560 1820; x_wconf 89' lang='lat'><strong>106</strong></span> <span class='ocrx_word' id='word_1_150' title='bbox 1595 1769 1732 1822; x_wconf 83' lang='grc' dir='ltr'>κατὰ</span> <span class='ocrx_word' id='word_1_151' title='bbox 1759 1787 1850 1822; x_wconf 79' lang='grc' dir='ltr'>κο-</span> <span class='ocrx_word' id='word_1_152' title='bbox 1880 1749 1924 1807; x_wconf 71' lang='grc' dir='ltr'><strong><em>Β</em></strong></span> 
     </span>
    </p>
   </div>
   <div class='ocr_carea' id='block_1_21' title="bbox 286 1855 1852 1932">
    <p class='ocr_par' dir='ltr' id='par_1_21' title="bbox 286 1855 1852 1932">
     <span class='ocr_line' id='line_1_21' title="bbox 286 1855 1852 1932; baseline 0.006 -25"><span class='ocrx_word' id='word_1_153' title='bbox 286 1855 466 1926; x_wconf 85' lang='grc' dir='ltr'>ρυφὴν</span> <span class='ocrx_word' id='word_1_154' title='bbox 495 1855 650 1926; x_wconf 82' lang='grc' dir='ltr'>ἡμῶν</span> <span class='ocrx_word' id='word_1_155' title='bbox 676 1855 838 1908; x_wconf 77' lang='grc' dir='ltr'>τόπου</span> <span class='ocrx_word' id='word_1_156' title='bbox 856 1856 1123 1926; x_wconf 81' lang='grc' dir='ltr'>ἀφεστὼς,</span> <span class='ocrx_word' id='word_1_157' title='bbox 1157 1860 1423 1930; x_wconf 89' lang='grc' dir='ltr'>χειμῶνος</span> <span class='ocrx_word' id='word_1_158' title='bbox 1450 1861 1655 1932; x_wconf 81' lang='grc' dir='ltr'>τροπάς</span> <span class='ocrx_word' id='word_1_159' title='bbox 1683 1867 1852 1916; x_wconf 85' lang='grc' dir='ltr'>ποιεῖ-</span> 
     </span>
    </p>
   </div>
   <div class='ocr_carea' id='block_1_22' title="bbox 285 1949 1850 2028">
    <p class='ocr_par' dir='ltr' id='par_1_22' title="bbox 285 1949 1850 2028">
     <span class='ocr_line' id='line_1_22' title="bbox 285 1949 1850 2028; baseline 0.005 -26"><span class='ocrx_word' id='word_1_160' title='bbox 285 1964 404 2002; x_wconf 85' lang='grc' dir='ltr'>ται·</span> <span class='ocrx_word' id='word_1_161' title='bbox 451 1949 808 2021; x_wconf 85' lang='grc' dir='ltr'>ἀνταρκτικὸς</span> <span class='ocrx_word' id='word_1_162' title='bbox 851 1950 908 2002; x_wconf 85' lang='grc' dir='ltr'><strong>δὲ</strong></span> <span class='ocrx_word' id='word_1_163' title='bbox 950 1952 978 2003; x_wconf 91' lang='grc' dir='ltr'>ὁ</span> <span class='ocrx_word' id='word_1_164' title='bbox 1009 1951 1086 2022; x_wconf 84' lang='grc' dir='ltr'>τῷ</span> <span class='ocrx_word' id='word_1_165' title='bbox 1129 1952 1395 2024; x_wconf 63' lang='grc' dir='ltr'>Ἀρκτικῇ</span> <span class='ocrx_word' id='word_1_166' title='bbox 1437 1955 1549 2018; x_wconf 80' lang='grc' dir='ltr'>ῐσος</span> <span class='ocrx_word' id='word_1_167' title='bbox 1595 1957 1850 2028; x_wconf 81' lang='grc' dir='ltr'><strong>ὑπάρχων</strong></span> 
     </span>
    </p>
   </div>
   <div class='ocr_carea' id='block_1_23' title="bbox 285 2042 1853 2118">
    <p class='ocr_par' dir='ltr' id='par_1_23' title="bbox 285 2042 1853 2118">
     <span class='ocr_line' id='line_1_23' title="bbox 285 2042 1853 2118; baseline 0.004 -22"><span class='ocrx_word' id='word_1_168' title='bbox 285 2043 422 2115; x_wconf 76' lang='grc' dir='ltr'>πρὸς</span> <span class='ocrx_word' id='word_1_169' title='bbox 445 2042 521 2114; x_wconf 81' lang='grc' dir='ltr'><strong>τῷ</strong></span> <span class='ocrx_word' id='word_1_170' title='bbox 551 2043 708 2114; x_wconf 87' lang='grc' dir='ltr'>νοτίῳ</span> <span class='ocrx_word' id='word_1_171' title='bbox 747 2043 1122 2114; x_wconf 84' lang='grc' dir='ltr'>τεθεμάτισται</span> <span class='ocrx_word' id='word_1_172' title='bbox 1147 2046 1323 2118; x_wconf 77' lang='grc' dir='ltr'>πόλῳο</span> <span class='ocrx_word' id='word_1_173' title='bbox 1356 2049 1403 2100; x_wconf 81' lang='grc' dir='ltr'>οἱ</span> <span class='ocrx_word' id='word_1_174' title='bbox 1433 2048 1488 2100; x_wconf 83' lang='grc' dir='ltr'><strong>δὲ</strong></span> <span class='ocrx_word' id='word_1_175' title='bbox 1511 2048 1596 2102; x_wconf 82' lang='grc' dir='ltr'><strong>διὰ</strong></span> <span class='ocrx_word' id='word_1_176' title='bbox 1619 2049 1725 2102; x_wconf 89' lang='grc' dir='ltr'><strong>τῶν</strong></span> <span class='ocrx_word' id='word_1_177' title='bbox 1759 2050 1853 2102; x_wconf 82' lang='grc' dir='ltr'><strong>πό-</strong></span> 
     </span>
    </p>
   </div>
   <div class='ocr_carea' id='block_1_24' title="bbox 283 2135 1849 2212">
    <p class='ocr_par' dir='ltr' id='par_1_24' title="bbox 283 2135 1849 2212">
     <span class='ocr_line' id='line_1_24' title="bbox 283 2135 1849 2212; baseline 0.004 -23"><span class='ocrx_word' id='word_1_178' title='bbox 283 2137 393 2189; x_wconf 89' lang='grc' dir='ltr'>λων</span> <span class='ocrx_word' id='word_1_179' title='bbox 419 2136 512 2190; x_wconf 54' lang='grc' dir='ltr'><strong>καί⁵</strong></span> <span class='ocrx_word' id='word_1_180' title='bbox 540 2135 679 2200; x_wconf 71' lang='grc' dir='ltr'>λοξοὶ</span> <span class='ocrx_word' id='word_1_181' title='bbox 714 2135 863 2206; x_wconf 82' lang='grc' dir='ltr'>παρὰ</span> <span class='ocrx_word' id='word_1_182' title='bbox 885 2135 982 2206; x_wconf 83' lang='grc' dir='ltr'>τὴν</span> <span class='ocrx_word' id='word_1_183' title='bbox 1009 2137 1154 2190; x_wconf 81' lang='grc' dir='ltr'>θέσιν</span> <span class='ocrx_word' id='word_1_184' title='bbox 1179 2138 1573 2212; x_wconf 80' lang='grc' dir='ltr'><strong>ὠνομάσθησαν</strong></span> <span class='ocrx_word' id='word_1_185' title='bbox 1601 2158 1614 2172; x_wconf 76' lang='grc' dir='ltr'><strong>ο</strong></span> <span class='ocrx_word' id='word_1_186' title='bbox 1647 2142 1740 2194; x_wconf 78' lang='grc' dir='ltr'>καὶ</span> <span class='ocrx_word' id='word_1_187' title='bbox 1768 2143 1849 2195; x_wconf 83' lang='grc' dir='ltr'>ὅτι</span> 
     </span>
    </p>
   </div>
   <div class='ocr_carea' id='block_1_25' title="bbox 282 2225 1848 2308">
    <p class='ocr_par' dir='ltr' id='par_1_25' title="bbox 282 2225 1848 2308">
     <span class='ocr_line' id='line_1_25' title="bbox 282 2225 1848 2308; baseline 0.005 -28"><span class='ocrx_word' id='word_1_188' title='bbox 282 2227 313 2280; x_wconf 88' lang='lat'><strong>6</strong></span> <span class='ocrx_word' id='word_1_189' title='bbox 352 2227 452 2297; x_wconf 83' lang='grc' dir='ltr'>μὲν</span> <span class='ocrx_word' id='word_1_190' title='bbox 471 2225 729 2290; x_wconf 75' lang='grc' dir='ltr'>ζωδιακὸς</span> <span class='ocrx_word' id='word_1_191' title='bbox 753 2227 872 2280; x_wconf 74' lang='grc' dir='ltr'>ἐπεὶ</span> <span class='ocrx_word' id='word_1_192' title='bbox 901 2230 956 2281; x_wconf 80' lang='grc' dir='ltr'>ἐν</span> <span class='ocrx_word' id='word_1_193' title='bbox 985 2227 1131 2298; x_wconf 85' lang='grc' dir='ltr'><strong>αὑτῷ</strong></span> <span class='ocrx_word' id='word_1_194' title='bbox 1159 2229 1226 2282; x_wconf 83' lang='grc' dir='ltr'>τὰ</span> <span class='ocrx_word' id='word_1_195' title='bbox 1252 2230 1316 2300; x_wconf 81' lang='grc' dir='ltr'><strong>ιβ’</strong></span> <span class='ocrx_word' id='word_1_196' title='bbox 1338 2229 1500 2295; x_wconf 78' lang='grc' dir='ltr'>ξώδια</span> <span class='ocrx_word' id='word_1_197' title='bbox 1526 2236 1848 2308; x_wconf 84' lang='grc' dir='ltr'>κατηστέρι-</span> 
     </span>
    </p>
   </div>
   <div class='ocr_carea' id='block_1_26' title="bbox 284 2307 1848 2395">
    <p class='ocr_par' dir='ltr' id='par_1_26' title="bbox 284 2307 1848 2395">
     <span class='ocr_line' id='line_1_26' title="bbox 284 2307 1848 2395; baseline 0.005 -24"><span class='ocrx_word' id='word_1_198' title='bbox 284 2335 430 2383; x_wconf 89' lang='grc' dir='ltr'>σται,</span> <span class='ocrx_word' id='word_1_199' title='bbox 463 2317 556 2372; x_wconf 80' lang='grc' dir='ltr'><strong>τοῦ</strong></span> <span class='ocrx_word' id='word_1_200' title='bbox 585 2317 671 2372; x_wconf 74' lang='grc' dir='ltr'>διὰ</span> <span class='ocrx_word' id='word_1_201' title='bbox 715 2317 880 2388; x_wconf 81' lang='grc' dir='ltr'>μέσου</span> <span class='ocrx_word' id='word_1_202' title='bbox 914 2318 1078 2370; x_wconf 79' lang='grc' dir='ltr'>αὑτοῦ</span> <span class='ocrx_word' id='word_1_203' title='bbox 1110 2307 1712 2395; x_wconf 51' lang='grc' dir='ltr'>κύκλοιίξραπτομένου</span> <span class='ocrx_word' id='word_1_204' title='bbox 1741 2325 1848 2379; x_wconf 88' lang='grc' dir='ltr'><strong>τῶν</strong></span> 
     </span>
    </p>
   </div>
   <div class='ocr_carea' id='block_1_27' title="bbox 279 2411 1848 2490">
    <p class='ocr_par' dir='ltr' id='par_1_27' title="bbox 279 2411 1848 2490">
     <span class='ocr_line' id='line_1_27' title="bbox 279 2411 1848 2490; baseline 0.004 -26"><span class='ocrx_word' id='word_1_205' title='bbox 279 2411 558 2482; x_wconf 83' lang='grc' dir='ltr'><strong>τροπικῶν</strong></span> <span class='ocrx_word' id='word_1_206' title='bbox 591 2411 731 2464; x_wconf 91' lang='grc' dir='ltr'>κατά</span> <span class='ocrx_word' id='word_1_207' title='bbox 755 2429 806 2463; x_wconf 89' lang='grc' dir='ltr'>τι</span> <span class='ocrx_word' id='word_1_208' title='bbox 837 2411 994 2481; x_wconf 79' lang='grc' dir='ltr'>μόνον</span> <span class='ocrx_word' id='word_1_209' title='bbox 1029 2415 1271 2482; x_wconf 84' lang='grc' dir='ltr'>σημεῖον.</span> <span class='ocrx_word' id='word_1_210' title='bbox 1304 2415 1456 2468; x_wconf 85' lang='grc' dir='ltr'>Κατά</span> <span class='ocrx_word' id='word_1_211' title='bbox 1494 2416 1591 2486; x_wconf 85' lang='grc' dir='ltr'>μὲν</span> <span class='ocrx_word' id='word_1_212' title='bbox 1631 2419 1736 2490; x_wconf 76' lang='grc' dir='ltr'>γὰρ</span> <span class='ocrx_word' id='word_1_213' title='bbox 1758 2419 1848 2471; x_wconf 84' lang='grc' dir='ltr'><strong>τὸν</strong></span> 
     </span>
    </p>
   </div>
   <div class='ocr_carea' id='block_1_28' title="bbox 282 2500 1848 2575">
    <p class='ocr_par' dir='ltr' id='par_1_28' title="bbox 282 2500 1848 2575">
     <span class='ocr_line' id='line_1_28' title="bbox 282 2500 1848 2575; baseline 0.003 -21"><span class='ocrx_word' id='word_1_214' title='bbox 282 2500 490 2571; x_wconf 83' lang='grc' dir='ltr'>θερινὸν</span> <span class='ocrx_word' id='word_1_215' title='bbox 519 2500 770 2572; x_wconf 85' lang='grc' dir='ltr'>τροπικὸν</span> <span class='ocrx_word' id='word_1_216' title='bbox 801 2502 834 2571; x_wconf 84' lang='grc' dir='ltr'>ὴ</span> <span class='ocrx_word' id='word_1_217' title='bbox 875 2500 968 2552; x_wconf 89' lang='lat'><strong>106</strong></span> <span class='ocrx_word' id='word_1_218' title='bbox 1021 2501 1290 2572; x_wconf 84' lang='grc' dir='ltr'>Καρκίνου</span> <span class='ocrx_word' id='word_1_219' title='bbox 1325 2505 1470 2556; x_wconf 72' lang='grc' dir='ltr'>ἐστὶν</span> <span class='ocrx_word' id='word_1_220' title='bbox 1506 2505 1666 2575; x_wconf 81' lang='grc' dir='ltr'>ἁρχὴ,</span> <span class='ocrx_word' id='word_1_221' title='bbox 1711 2506 1848 2559; x_wconf 72' lang='grc' dir='ltr'>κατὰ</span> 
     </span>
    </p>
   </div>
   <div class='ocr_carea' id='block_1_29' title="bbox 279 2589 1849 2662">
    <p class='ocr_par' dir='ltr' id='par_1_29' title="bbox 279 2589 1849 2662">
     <span class='ocr_line' id='line_1_29' title="bbox 279 2589 1849 2662; baseline 0.003 -18"><span class='ocrx_word' id='word_1_222' title='bbox 279 2591 337 2644; x_wconf 82' lang='grc' dir='ltr'>δὲ</span> <span class='ocrx_word' id='word_1_223' title='bbox 378 2593 468 2645; x_wconf 92' lang='grc' dir='ltr'><strong>τὸν</strong></span> <span class='ocrx_word' id='word_1_224' title='bbox 497 2590 800 2662; x_wconf 84' lang='grc' dir='ltr'>χειμερινὸν</span> <span class='ocrx_word' id='word_1_225' title='bbox 841 2589 934 2644; x_wconf 82' lang='grc' dir='ltr'><strong>τοῦ</strong></span> <span class='ocrx_word' id='word_1_226' title='bbox 961 2591 1260 2662; x_wconf 83' lang='grc' dir='ltr'>Αἰγόκερω.</span> <span class='ocrx_word' id='word_1_227' title='bbox 1303 2592 1359 2645; x_wconf 87' lang='lat'><strong>&#39;0</strong></span> <span class='ocrx_word' id='word_1_228' title='bbox 1384 2593 1439 2646; x_wconf 86' lang='grc' dir='ltr'>δὲ</span> <span class='ocrx_word' id='word_1_229' title='bbox 1471 2595 1727 2661; x_wconf 80' lang='grc' dir='ltr'>γαλαξίας</span> <span class='ocrx_word' id='word_1_230' title='bbox 1755 2595 1849 2649; x_wconf 81' lang='grc' dir='ltr'>καὶ</span> 
     </span>
    </p>
   </div>
   <div class='ocr_carea' id='block_1_30' title="bbox 282 2684 1844 2757">
    <p class='ocr_par' dir='ltr' id='par_1_30' title="bbox 282 2684 1844 2757">
     <span class='ocr_line' id='line_1_30' title="bbox 282 2684 1844 2757; baseline 0.001 -18"><span class='ocrx_word' id='word_1_231' title='bbox 282 2687 434 2756; x_wconf 76' lang='grc' dir='ltr'>παρὰ</span> <span class='ocrx_word' id='word_1_232' title='bbox 464 2685 562 2756; x_wconf 81' lang='grc' dir='ltr'>τὴν</span> <span class='ocrx_word' id='word_1_233' title='bbox 599 2684 784 2756; x_wconf 82' lang='grc' dir='ltr'>χροιὰν</span> <span class='ocrx_word' id='word_1_234' title='bbox 829 2684 1158 2754; x_wconf 85' lang='grc' dir='ltr'>ὠνόμασται.</span> <span class='ocrx_word' id='word_1_235' title='bbox 1204 2685 1407 2748; x_wconf 89' lang='grc' dir='ltr'>Λευκὸς</span> <span class='ocrx_word' id='word_1_236' title='bbox 1438 2685 1543 2757; x_wconf 81' lang='grc' dir='ltr'><strong>γάρ</strong></span> <span class='ocrx_word' id='word_1_237' title='bbox 1577 2687 1844 2755; x_wconf 80' lang='grc' dir='ltr'>φαίνεται,</span> 
     </span>
    </p>
   </div>
   <div class='ocr_carea' id='block_1_31' title="bbox 279 2775 1847 2850">
    <p class='ocr_par' dir='ltr' id='par_1_31' title="bbox 279 2775 1847 2850">
     <span class='ocr_line' id='line_1_31' title="bbox 279 2775 1847 2850; baseline 0.001 -19"><span class='ocrx_word' id='word_1_238' title='bbox 279 2777 380 2831; x_wconf 76' lang='grc' dir='ltr'>καὶ</span> <span class='ocrx_word' id='word_1_239' title='bbox 421 2777 580 2839; x_wconf 85' lang='grc' dir='ltr'>αὑτὸς</span> <span class='ocrx_word' id='word_1_240' title='bbox 627 2776 717 2830; x_wconf 86' lang='grc' dir='ltr'>διὰ</span> <span class='ocrx_word' id='word_1_241' title='bbox 762 2775 868 2829; x_wconf 87' lang='grc' dir='ltr'><strong>τῶν</strong></span> <span class='ocrx_word' id='word_1_242' title='bbox 912 2775 1186 2846; x_wconf 82' lang='grc' dir='ltr'><strong>τροπικῶν</strong></span> <span class='ocrx_word' id='word_1_243' title='bbox 1231 2776 1609 2847; x_wconf 80' lang='grc' dir='ltr'>λελοξωμένος,</span> <span class='ocrx_word' id='word_1_244' title='bbox 1655 2780 1847 2850; x_wconf 85' lang='grc' dir='ltr'>μικρὸν</span> 
     </span>
    </p>
   </div>
   <div class='ocr_carea' id='block_1_32' title="bbox 283 2864 1849 2941">
    <p class='ocr_par' dir='ltr' id='par_1_32' title="bbox 283 2864 1849 2941">
     <span class='ocr_line' id='line_1_32' title="bbox 283 2864 1849 2941; baseline 0.001 -19"><span class='ocrx_word' id='word_1_245' title='bbox 283 2869 466 2940; x_wconf 77' lang='grc' dir='ltr'>μέντοι</span> <span class='ocrx_word' id='word_1_246' title='bbox 497 2868 836 2922; x_wconf 80' lang='grc' dir='ltr'>ὑποπίπτων.</span> <span class='ocrx_word' id='word_1_247' title='bbox 871 2868 1260 2940; x_wconf 79' lang='grc' dir='ltr'>Μεσημϐρινός</span> <span class='ocrx_word' id='word_1_248' title='bbox 1288 2885 1368 2931; x_wconf 91' lang='grc' dir='ltr'><strong>τε,</strong></span> <span class='ocrx_word' id='word_1_249' title='bbox 1405 2867 1490 2937; x_wconf 76' lang='grc' dir='ltr'><strong>ἐφ’</strong></span> <span class='ocrx_word' id='word_1_250' title='bbox 1527 2864 1588 2923; x_wconf 79' lang='lat'><strong>06</strong></span> <span class='ocrx_word' id='word_1_251' title='bbox 1628 2870 1849 2941; x_wconf 81' lang='grc' dir='ltr'>τέμνον-</span> 
     </span>
    </p>
   </div>
   <div class='ocr_carea' id='block_1_33' title="bbox 277 2957 1849 3029">
    <p class='ocr_par' dir='ltr' id='par_1_33' title="bbox 277 2957 1849 3029">
     <span class='ocr_line' id='line_1_33' title="bbox 277 2957 1849 3029; baseline 0.003 -18"><span class='ocrx_word' id='word_1_252' title='bbox 277 2975 372 3022; x_wconf 87' lang='grc' dir='ltr'><strong>τος</strong></span> <span class='ocrx_word' id='word_1_253' title='bbox 398 2959 488 3012; x_wconf 90' lang='grc' dir='ltr'><strong>τὸν</strong></span> <span class='ocrx_word' id='word_1_254' title='bbox 515 2958 760 3029; x_wconf 79' lang='grc' dir='ltr'>ὁρίζοντα</span> <span class='ocrx_word' id='word_1_255' title='bbox 791 2957 896 3029; x_wconf 85' lang='grc' dir='ltr'><strong>πρὸ</strong></span> <span class='ocrx_word' id='word_1_256' title='bbox 923 2959 968 2989; x_wconf 76' lang='grc' dir='ltr'><strong>⁸ο</strong></span> <span class='ocrx_word' id='word_1_257' title='bbox 1003 2958 1111 3011; x_wconf 89' lang='grc' dir='ltr'><strong>τῶν</strong></span> <span class='ocrx_word' id='word_1_258' title='bbox 1156 2959 1350 3024; x_wconf 85' lang='grc' dir='ltr'>πόλων,</span> <span class='ocrx_word' id='word_1_259' title='bbox 1383 2962 1476 3013; x_wconf 75' lang='grc' dir='ltr'>καὶ</span> <span class='ocrx_word' id='word_1_260' title='bbox 1501 2963 1578 3025; x_wconf 86' lang='grc' dir='ltr'><strong>εἰς</strong></span> <span class='ocrx_word' id='word_1_261' title='bbox 1604 2962 1696 3014; x_wconf 86' lang='grc' dir='ltr'>δύο</span> <span class='ocrx_word' id='word_1_262' title='bbox 1728 2962 1849 3018; x_wconf 75' lang='grc' dir='ltr'>τινὰ</span> 
     </span>
    </p>
   </div>
   <div class='ocr_carea' id='block_1_34' title="bbox 1959 491 3512 567">
    <p class='ocr_par' dir='ltr' id='par_1_34' title="bbox 1959 491 3512 567">
     <span class='ocr_line' id='line_1_34' title="bbox 1959 491 3512 567; baseline 0.015 -23"><span class='ocrx_word' id='word_1_263' title='bbox 1959 491 2210 548; x_wconf 77' lang='lat' dir='ltr'><strong>diametri</strong></span> <span class='ocrx_word' id='word_1_264' title='bbox 2241 511 2365 549; x_wconf 90' lang='lat' dir='ltr'><strong>cum</strong></span> <span class='ocrx_word' id='word_1_265' title='bbox 2398 497 2652 563; x_wconf 82' lang='lat' dir='ltr'><strong>invicem,</strong></span> <span class='ocrx_word' id='word_1_266' title='bbox 2704 508 2818 556; x_wconf 90' lang='lat' dir='ltr'><strong>tum</strong></span> <span class='ocrx_word' id='word_1_267' title='bbox 2853 505 3040 559; x_wconf 91' lang='lat' dir='ltr'><strong>mundi</strong></span> <span class='ocrx_word' id='word_1_268' title='bbox 3089 507 3352 564; x_wconf 83' lang='lat' dir='ltr'><strong>diametro</strong></span> <span class='ocrx_word' id='word_1_269' title='bbox 3386 521 3512 567; x_wconf 89' lang='lat' dir='ltr'><strong>sunt</strong></span> 
     </span>
    </p>
   </div>
   <div class='ocr_carea' id='block_1_35' title="bbox 1957 587 3508 667">
    <p class='ocr_par' dir='ltr' id='par_1_35' title="bbox 1957 587 3508 667">
     <span class='ocr_line' id='line_1_35' title="bbox 1957 587 3508 667; baseline 0.013 -30"><span class='ocrx_word' id='word_1_270' title='bbox 1957 587 2214 654; x_wconf 78' lang='lat' dir='ltr'><strong>aequales,</strong></span> <span class='ocrx_word' id='word_1_271' title='bbox 2242 598 2294 642; x_wconf 90' lang='lat' dir='ltr'><strong>et</strong></span> <span class='ocrx_word' id='word_1_272' title='bbox 2325 604 2554 658; x_wconf 86' lang='lat' dir='ltr'><strong>quorum</strong></span> <span class='ocrx_word' id='word_1_273' title='bbox 2603 591 2746 647; x_wconf 90' lang='lat' dir='ltr'><strong>idem</strong></span> <span class='ocrx_word' id='word_1_274' title='bbox 2791 601 2874 648; x_wconf 90' lang='lat' dir='ltr'><strong>est</strong></span> <span class='ocrx_word' id='word_1_275' title='bbox 2901 595 3198 667; x_wconf 85' lang='lat' dir='ltr'><strong>mundique</strong></span> <span class='ocrx_word' id='word_1_276' title='bbox 3239 609 3508 657; x_wconf 86' lang='lat' dir='ltr'><strong>centrum.</strong></span> 
     </span>
    </p>
   </div>
   <div class='ocr_carea' id='block_1_36' title="bbox 1957 674 3508 758">
    <p class='ocr_par' dir='ltr' id='par_1_36' title="bbox 1957 674 3508 758">
     <span class='ocr_line' id='line_1_36' title="bbox 1957 674 3508 758; baseline 0.012 -30"><span class='ocrx_word' id='word_1_277' title='bbox 1957 674 2169 732; x_wconf 84' lang='lat' dir='ltr'><strong>Rursus</strong></span> <span class='ocrx_word' id='word_1_278' title='bbox 2214 678 2305 733; x_wconf 90' lang='lat' dir='ltr'><strong>ille</strong></span> <span class='ocrx_word' id='word_1_279' title='bbox 2334 680 2426 749; x_wconf 94' lang='lat' dir='ltr'><strong>qui</strong></span> <span class='ocrx_word' id='word_1_280' title='bbox 2461 697 2557 751; x_wconf 89' lang='lat' dir='ltr'><strong>per</strong></span> <span class='ocrx_word' id='word_1_281' title='bbox 2585 683 2763 739; x_wconf 84' lang='lat' dir='ltr'><strong>media</strong></span> <span class='ocrx_word' id='word_1_282' title='bbox 2804 687 3076 742; x_wconf 86' lang='lat' dir='ltr'><strong>transiens</strong></span> <span class='ocrx_word' id='word_1_283' title='bbox 3106 689 3258 758; x_wconf 83' lang='lat' dir='ltr'><strong>signa</strong></span> <span class='ocrx_word' id='word_1_284' title='bbox 3288 691 3508 758; x_wconf 82' lang='lat' dir='ltr'><strong>dicitur,</strong></span> 
     </span>
    </p>
   </div>
   <div class='ocr_carea' id='block_1_37' title="bbox 1958 769 3510 852">
    <p class='ocr_par' dir='ltr' id='par_1_37' title="bbox 1958 769 3510 852">
     <span class='ocr_line' id='line_1_37' title="bbox 1958 769 3510 852; baseline 0.01 -29"><span class='ocrx_word' id='word_1_285' title='bbox 1958 769 2012 823; x_wconf 93' lang='lat' dir='ltr'><strong>in</strong></span> <span class='ocrx_word' id='word_1_286' title='bbox 2047 769 2271 824; x_wconf 87' lang='lat' dir='ltr'><strong>zodiaco</strong></span> <span class='ocrx_word' id='word_1_287' title='bbox 2313 771 2490 826; x_wconf 89' lang='lat' dir='ltr'><strong>medio</strong></span> <span class='ocrx_word' id='word_1_288' title='bbox 2545 775 2788 843; x_wconf 91' lang='lat' dir='ltr'><strong>positus,</strong></span> <span class='ocrx_word' id='word_1_289' title='bbox 2835 775 3094 845; x_wconf 77' lang='lat' dir='ltr'><strong>heliacus,</strong></span> <span class='ocrx_word' id='word_1_290' title='bbox 3143 791 3196 834; x_wconf 74' lang='lat' dir='ltr'><strong>et</strong></span> <span class='ocrx_word' id='word_1_291' title='bbox 3243 783 3510 852; x_wconf 74' lang='lat' dir='ltr'><strong>eclipticua</strong></span> 
     </span>
    </p>
   </div>
   <div class='ocr_carea' id='block_1_38' title="bbox 1957 863 3510 939">
    <p class='ocr_par' dir='ltr' id='par_1_38' title="bbox 1957 863 3510 939">
     <span class='ocr_line' id='line_1_38' title="bbox 1957 863 3510 939; baseline 0.012 -24"><span class='ocrx_word' id='word_1_292' title='bbox 1957 863 2293 931; x_wconf 82' lang='lat' dir='ltr'><strong>appellatur;</strong></span> <span class='ocrx_word' id='word_1_293' title='bbox 2340 864 2604 931; x_wconf 76' lang='lat' dir='ltr'><strong>heliucus,</strong></span> <span class='ocrx_word' id='word_1_294' title='bbox 2654 868 2798 938; x_wconf 85' lang='lat' dir='ltr'><strong>quod</strong></span> <span class='ocrx_word' id='word_1_295' title='bbox 2840 870 3015 939; x_wconf 82' lang='lat' dir='ltr'><strong>ipsum</strong></span> <span class='ocrx_word' id='word_1_296' title='bbox 3061 873 3142 926; x_wconf 90' lang='lat' dir='ltr'><strong>sol</strong></span> <span class='ocrx_word' id='word_1_297' title='bbox 3187 874 3376 931; x_wconf 82' lang='lat' dir='ltr'><strong>itinere</strong></span> <span class='ocrx_word' id='word_1_298' title='bbox 3409 894 3510 933; x_wconf 90' lang='lat' dir='ltr'><strong>suo</strong></span> 
     </span>
    </p>
   </div>
   <div class='ocr_carea' id='block_1_39' title="bbox 1956 956 3510 1027">
    <p class='ocr_par' dir='ltr' id='par_1_39' title="bbox 1956 956 3510 1027">
     <span class='ocr_line' id='line_1_39' title="bbox 1956 956 3510 1027; baseline 0.011 -22"><span class='ocrx_word' id='word_1_299' title='bbox 1956 960 2233 1022; x_wconf 75' lang='lat' dir='ltr'><strong>peragrat,</strong></span> <span class='ocrx_word' id='word_1_300' title='bbox 2299 956 2570 1023; x_wconf 76' lang='lat' dir='ltr'><strong>eclipticus</strong></span> <span class='ocrx_word' id='word_1_301' title='bbox 2647 959 2789 1027; x_wconf 93' lang='lat' dir='ltr'><strong>quod</strong></span> <span class='ocrx_word' id='word_1_302' title='bbox 2864 960 2916 1014; x_wconf 89' lang='lat' dir='ltr'><strong>in</strong></span> <span class='ocrx_word' id='word_1_303' title='bbox 2978 977 3044 1016; x_wconf 93' lang='lat' dir='ltr'><strong>eo</strong></span> <span class='ocrx_word' id='word_1_304' title='bbox 3096 965 3178 1017; x_wconf 89' lang='lat' dir='ltr'><strong>sol</strong></span> <span class='ocrx_word' id='word_1_305' title='bbox 3251 981 3314 1021; x_wconf 88' lang='lat' dir='ltr'><strong>ac</strong></span> <span class='ocrx_word' id='word_1_306' title='bbox 3384 969 3510 1022; x_wconf 87' lang='lat' dir='ltr'><strong>luna</strong></span> 
     </span>
    </p>
   </div>
   <div class='ocr_carea' id='block_1_40' title="bbox 1955 1040 3508 1120">
    <p class='ocr_par' dir='ltr' id='par_1_40' title="bbox 1955 1040 3508 1120">
     <span class='ocr_line' id='line_1_40' title="bbox 1955 1040 3508 1120; baseline 0.012 -26"><span class='ocrx_word' id='word_1_307' title='bbox 1955 1040 2200 1096; x_wconf 83' lang='lat' dir='ltr'><strong>defectus</strong></span> <span class='ocrx_word' id='word_1_308' title='bbox 2231 1042 2529 1112; x_wconf 74' lang='lat' dir='ltr'><strong>patiuntur.</strong></span> <span class='ocrx_word' id='word_1_309' title='bbox 2553 1045 2630 1099; x_wconf 86' lang='lat' dir='ltr'><strong>Ad</strong></span> <span class='ocrx_word' id='word_1_310' title='bbox 2655 1046 2767 1102; x_wconf 64' lang='lat' dir='ltr'><strong>hazc</strong></span> <span class='ocrx_word' id='word_1_311' title='bbox 2793 1047 2932 1103; x_wconf 89' lang='lat' dir='ltr'><strong>inter</strong></span> <span class='ocrx_word' id='word_1_312' title='bbox 2958 1053 3242 1120; x_wconf 81' lang='lat' dir='ltr'><strong>parallelos</strong></span> <span class='ocrx_word' id='word_1_313' title='bbox 3273 1057 3508 1112; x_wconf 87' lang='lat' dir='ltr'><strong>arcticus</strong></span> 
     </span>
    </p>
   </div>
   <div class='ocr_carea' id='block_1_41' title="bbox 1957 1131 3509 1217">
    <p class='ocr_par' dir='ltr' id='par_1_41' title="bbox 1957 1131 3509 1217">
     <span class='ocr_line' id='line_1_41' title="bbox 1957 1131 3509 1217; baseline 0.012 -32"><span class='ocrx_word' id='word_1_314' title='bbox 1957 1131 2032 1185; x_wconf 87' lang='lat' dir='ltr'><strong>ita</strong></span> <span class='ocrx_word' id='word_1_315' title='bbox 2067 1133 2380 1189; x_wconf 89' lang='lat' dir='ltr'><strong>nominatus</strong></span> <span class='ocrx_word' id='word_1_316' title='bbox 2418 1143 2524 1201; x_wconf 91' lang='lat' dir='ltr'><strong>est,</strong></span> <span class='ocrx_word' id='word_1_317' title='bbox 2559 1137 2705 1206; x_wconf 90' lang='lat' dir='ltr'><strong>quod</strong></span> <span class='ocrx_word' id='word_1_318' title='bbox 2740 1139 2807 1192; x_wconf 85' lang='lat' dir='ltr'><strong>ad</strong></span> <span class='ocrx_word' id='word_1_319' title='bbox 2837 1148 3050 1197; x_wconf 87' lang='lat' dir='ltr'><strong>arctoas</strong></span> <span class='ocrx_word' id='word_1_320' title='bbox 3095 1145 3279 1200; x_wconf 86' lang='lat' dir='ltr'><strong>mundi</strong></span> <span class='ocrx_word' id='word_1_321' title='bbox 3329 1158 3509 1217; x_wconf 76' lang='lat' dir='ltr'><strong>partes</strong></span> 
     </span>
    </p>
   </div>
   <div class='ocr_carea' id='block_1_42' title="bbox 1955 1224 3508 1300">
    <p class='ocr_par' dir='ltr' id='par_1_42' title="bbox 1955 1224 3508 1300">
     <span class='ocr_line' id='line_1_42' title="bbox 1955 1224 3508 1300; baseline 0.013 -24"><span class='ocrx_word' id='word_1_322' title='bbox 1955 1224 2206 1291; x_wconf 87' lang='lat' dir='ltr'><strong>accedat;</strong></span> <span class='ocrx_word' id='word_1_323' title='bbox 2246 1227 2469 1283; x_wconf 75' lang='lat' dir='ltr'><strong>:estivus</strong></span> <span class='ocrx_word' id='word_1_324' title='bbox 2496 1230 2758 1299; x_wconf 89' lang='lat' dir='ltr'><strong>tropicus,</strong></span> <span class='ocrx_word' id='word_1_325' title='bbox 2788 1233 3041 1300; x_wconf 88' lang='lat' dir='ltr'><strong>quoniam</strong></span> <span class='ocrx_word' id='word_1_326' title='bbox 3072 1250 3196 1290; x_wconf 90' lang='lat' dir='ltr'><strong>cum</strong></span> <span class='ocrx_word' id='word_1_327' title='bbox 3239 1239 3319 1292; x_wconf 90' lang='lat' dir='ltr'><strong>sol</strong></span> <span class='ocrx_word' id='word_1_328' title='bbox 3360 1240 3413 1294; x_wconf 92' lang='lat' dir='ltr'><strong>in</strong></span> <span class='ocrx_word' id='word_1_329' title='bbox 3444 1258 3508 1296; x_wconf 85' lang='lat' dir='ltr'><strong>co</strong></span> 
     </span>
    </p>
   </div>
   <div class='ocr_carea' id='block_1_43' title="bbox 1952 1318 3509 1399">
    <p class='ocr_par' dir='ltr' id='par_1_43' title="bbox 1952 1318 3509 1399">
     <span class='ocr_line' id='line_1_43' title="bbox 1952 1318 3509 1399; baseline 0.01 -28"><span class='ocrx_word' id='word_1_330' title='bbox 1952 1326 2224 1382; x_wconf 81' lang='lat' dir='ltr'><strong>versatur,</strong></span> <span class='ocrx_word' id='word_1_331' title='bbox 2253 1318 2410 1373; x_wconf 91' lang='lat' dir='ltr'><strong>initio</strong></span> <span class='ocrx_word' id='word_1_332' title='bbox 2433 1319 2650 1385; x_wconf 91' lang='lat' dir='ltr'><strong>Cancri,</strong></span> <span class='ocrx_word' id='word_1_333' title='bbox 2675 1325 2893 1392; x_wconf 91' lang='lat' dir='ltr'><strong>quando</strong></span> <span class='ocrx_word' id='word_1_334' title='bbox 2913 1327 3101 1380; x_wconf 85' lang='lat' dir='ltr'><strong>vertici</strong></span> <span class='ocrx_word' id='word_1_335' title='bbox 3129 1337 3316 1382; x_wconf 85' lang='lat' dir='ltr'><strong>nostro</strong></span> <span class='ocrx_word' id='word_1_336' title='bbox 3339 1332 3509 1399; x_wconf 82' lang='lat' dir='ltr'><strong>potis-</strong></span> 
     </span>
    </p>
   </div>
   <div class='ocr_carea' id='block_1_44' title="bbox 1954 1408 3510 1490">
    <p class='ocr_par' dir='ltr' id='par_1_44' title="bbox 1954 1408 3510 1490">
     <span class='ocr_line' id='line_1_44' title="bbox 1954 1408 3510 1490; baseline 0.009 -29"><span class='ocrx_word' id='word_1_337' title='bbox 1954 1408 2150 1462; x_wconf 88' lang='lat' dir='ltr'><strong>simum</strong></span> <span class='ocrx_word' id='word_1_338' title='bbox 2182 1409 2447 1476; x_wconf 89' lang='lat' dir='ltr'><strong>imminet,</strong></span> <span class='ocrx_word' id='word_1_339' title='bbox 2469 1411 2684 1467; x_wconf 67' lang='lat' dir='ltr'><strong>aestivas</strong></span> <span class='ocrx_word' id='word_1_340' title='bbox 2711 1414 3089 1471; x_wconf 80' lang='lat' dir='ltr'><strong>conversiones</strong></span> <span class='ocrx_word' id='word_1_341' title='bbox 3109 1416 3286 1472; x_wconf 81' lang='lat' dir='ltr'><strong>ellieit.</strong></span> <span class='ocrx_word' id='word_1_342' title='bbox 3322 1419 3510 1490; x_wconf 64' lang='grc' dir='ltr'><strong>Λὶψιὶ-</strong></span> 
     </span>
    </p>
   </div>
   <div class='ocr_carea' id='block_1_45' title="bbox 1952 1499 3505 1582">
    <p class='ocr_par' dir='ltr' id='par_1_45' title="bbox 1952 1499 3505 1582">
     <span class='ocr_line' id='line_1_45' title="bbox 1952 1499 3505 1582; baseline 0.009 -29"><span class='ocrx_word' id='word_1_343' title='bbox 1952 1499 2206 1555; x_wconf 87' lang='lat' dir='ltr'><strong>noctialis</strong></span> <span class='ocrx_word' id='word_1_344' title='bbox 2240 1501 2360 1556; x_wconf 91' lang='lat' dir='ltr'><strong>ideo</strong></span> <span class='ocrx_word' id='word_1_345' title='bbox 2391 1510 2641 1568; x_wconf 80' lang='lat' dir='ltr'><strong>vocatur,</strong></span> <span class='ocrx_word' id='word_1_346' title='bbox 2671 1505 2800 1574; x_wconf 83' lang='lat' dir='ltr'><strong>quia</strong></span> <span class='ocrx_word' id='word_1_347' title='bbox 2832 1507 2913 1561; x_wconf 91' lang='lat' dir='ltr'><strong>sol</strong></span> <span class='ocrx_word' id='word_1_348' title='bbox 2941 1506 2993 1560; x_wconf 92' lang='lat' dir='ltr'><strong>in</strong></span> <span class='ocrx_word' id='word_1_349' title='bbox 3026 1508 3144 1578; x_wconf 89' lang='lat' dir='ltr'><strong>ipso</strong></span> <span class='ocrx_word' id='word_1_350' title='bbox 3171 1509 3302 1564; x_wconf 84' lang='lat' dir='ltr'><strong>facit</strong></span> <span class='ocrx_word' id='word_1_351' title='bbox 3333 1514 3505 1582; x_wconf 58' lang='lat' dir='ltr'><strong>xqui-</strong></span> 
     </span>
    </p>
   </div>
   <div class='ocr_carea' id='block_1_46' title="bbox 1952 1591 3505 1668">
    <p class='ocr_par' dir='ltr' id='par_1_46' title="bbox 1952 1591 3505 1668">
     <span class='ocr_line' id='line_1_46' title="bbox 1952 1591 3505 1668; baseline 0.006 -20"><span class='ocrx_word' id='word_1_352' title='bbox 1952 1593 2134 1648; x_wconf 89' lang='lat' dir='ltr'><strong>noctia</strong></span> <span class='ocrx_word' id='word_1_353' title='bbox 2163 1591 2302 1648; x_wconf 91' lang='lat' dir='ltr'><strong>duo:</strong></span> <span class='ocrx_word' id='word_1_354' title='bbox 2337 1609 2583 1662; x_wconf 89' lang='lat' dir='ltr'><strong>vernum,</strong></span> <span class='ocrx_word' id='word_1_355' title='bbox 2616 1596 2761 1651; x_wconf 89' lang='lat' dir='ltr'><strong>circa</strong></span> <span class='ocrx_word' id='word_1_356' title='bbox 2788 1596 2985 1653; x_wconf 75' lang='lat' dir='ltr'><strong>Arietis</strong></span> <span class='ocrx_word' id='word_1_357' title='bbox 3018 1599 3262 1668; x_wconf 91' lang='lat' dir='ltr'><strong>initium;</strong></span> <span class='ocrx_word' id='word_1_358' title='bbox 3292 1614 3505 1656; x_wconf 79' lang='lat' dir='ltr'><strong>autum-</strong></span> 
     </span>
    </p>
   </div>
   <div class='ocr_carea' id='block_1_47' title="bbox 1953 1683 3510 1762">
    <p class='ocr_par' dir='ltr' id='par_1_47' title="bbox 1953 1683 3510 1762">
     <span class='ocr_line' id='line_1_47' title="bbox 1953 1683 3510 1762; baseline 0.008 -26"><span class='ocrx_word' id='word_1_359' title='bbox 1953 1683 2102 1748; x_wconf 87' lang='lat' dir='ltr'><strong>nale,</strong></span> <span class='ocrx_word' id='word_1_360' title='bbox 2158 1684 2300 1738; x_wconf 87' lang='lat' dir='ltr'><strong>circa</strong></span> <span class='ocrx_word' id='word_1_361' title='bbox 2347 1684 2636 1740; x_wconf 86' lang='lat' dir='ltr'><strong>Chelarum</strong></span> <span class='ocrx_word' id='word_1_362' title='bbox 2676 1687 2908 1742; x_wconf 89' lang='lat' dir='ltr'><strong>initium.</strong></span> <span class='ocrx_word' id='word_1_363' title='bbox 2953 1688 3221 1747; x_wconf 80' lang='lat' dir='ltr'><strong>liibernus</strong></span> <span class='ocrx_word' id='word_1_364' title='bbox 3262 1695 3510 1762; x_wconf 83' lang='lat' dir='ltr'><strong>tropicus</strong></span> 
     </span>
    </p>
   </div>
   <div class='ocr_carea' id='block_1_48' title="bbox 1950 1777 3504 1850">
    <p class='ocr_par' dir='ltr' id='par_1_48' title="bbox 1950 1777 3504 1850">
     <span class='ocr_line' id='line_1_48' title="bbox 1950 1777 3504 1850; baseline 0.008 -21"><span class='ocrx_word' id='word_1_365' title='bbox 1950 1784 2054 1840; x_wconf 91' lang='lat' dir='ltr'><strong>est,</strong></span> <span class='ocrx_word' id='word_1_366' title='bbox 2105 1777 2161 1830; x_wconf 90' lang='lat' dir='ltr'><strong>in</strong></span> <span class='ocrx_word' id='word_1_367' title='bbox 2197 1793 2325 1848; x_wconf 90' lang='lat' dir='ltr'><strong>quo,</strong></span> <span class='ocrx_word' id='word_1_368' title='bbox 2359 1778 2506 1832; x_wconf 86' lang='lat' dir='ltr'><strong>circa</strong></span> <span class='ocrx_word' id='word_1_369' title='bbox 2537 1779 2751 1832; x_wconf 89' lang='lat' dir='ltr'><strong>initium</strong></span> <span class='ocrx_word' id='word_1_370' title='bbox 2783 1780 3123 1850; x_wconf 87' lang='lat' dir='ltr'><strong>Capricorni,</strong></span> <span class='ocrx_word' id='word_1_371' title='bbox 3159 1784 3240 1838; x_wconf 90' lang='lat' dir='ltr'><strong>sol</strong></span> <span class='ocrx_word' id='word_1_372' title='bbox 3286 1785 3354 1839; x_wconf 90' lang='lat' dir='ltr'><strong>ab</strong></span> <span class='ocrx_word' id='word_1_373' title='bbox 3382 1802 3504 1841; x_wconf 84' lang='lat' dir='ltr'><strong>ver-</strong></span> 
     </span>
    </p>
   </div>
   <div class='ocr_carea' id='block_1_49' title="bbox 1950 1865 3506 1940">
    <p class='ocr_par' dir='ltr' id='par_1_49' title="bbox 1950 1865 3506 1940">
     <span class='ocr_line' id='line_1_49' title="bbox 1950 1865 3506 1940; baseline 0.006 -22"><span class='ocrx_word' id='word_1_374' title='bbox 1950 1865 2056 1920; x_wconf 90' lang='lat' dir='ltr'><strong>tice</strong></span> <span class='ocrx_word' id='word_1_375' title='bbox 2109 1875 2299 1922; x_wconf 88' lang='lat' dir='ltr'><strong>nostro</strong></span> <span class='ocrx_word' id='word_1_376' title='bbox 2363 1867 2578 1934; x_wconf 83' lang='lat' dir='ltr'><strong>longius</strong></span> <span class='ocrx_word' id='word_1_377' title='bbox 2627 1868 2925 1925; x_wconf 85' lang='lat' dir='ltr'><strong>abscedens</strong></span> <span class='ocrx_word' id='word_1_378' title='bbox 2955 1871 3229 1940; x_wconf 56' lang='lat' dir='ltr'><strong>{hibernas</strong></span> <span class='ocrx_word' id='word_1_379' title='bbox 3280 1888 3506 1930; x_wconf 90' lang='lat' dir='ltr'><strong>conver-</strong></span> 
     </span>
    </p>
   </div>
   <div class='ocr_carea' id='block_1_50' title="bbox 1951 1957 3504 2032">
    <p class='ocr_par' dir='ltr' id='par_1_50' title="bbox 1951 1957 3504 2032">
     <span class='ocr_line' id='line_1_50' title="bbox 1951 1957 3504 2032; baseline 0.006 -20"><span class='ocrx_word' id='word_1_380' title='bbox 1951 1957 2132 2012; x_wconf 88' lang='lat' dir='ltr'><strong>siones</strong></span> <span class='ocrx_word' id='word_1_381' title='bbox 2171 1959 2346 2014; x_wconf 81' lang='lat' dir='ltr'><strong>facit:</strong></span> <span class='ocrx_word' id='word_1_382' title='bbox 2392 1960 2723 2015; x_wconf 88' lang='lat' dir='ltr'><strong>antarcticus</strong></span> <span class='ocrx_word' id='word_1_383' title='bbox 2768 1963 2990 2032; x_wconf 71' lang='lat' dir='ltr'><strong>mqualis</strong></span> <span class='ocrx_word' id='word_1_384' title='bbox 3031 1965 3234 2019; x_wconf 89' lang='lat' dir='ltr'><strong>arctico</strong></span> <span class='ocrx_word' id='word_1_385' title='bbox 3280 1966 3347 2018; x_wconf 90' lang='lat' dir='ltr'><strong>ad</strong></span> <span class='ocrx_word' id='word_1_386' title='bbox 3404 1981 3504 2021; x_wconf 87' lang='lat' dir='ltr'><strong>au-</strong></span> 
     </span>
    </p>
   </div>
   <div class='ocr_carea' id='block_1_51' title="bbox 1950 2048 3506 2126">
    <p class='ocr_par' dir='ltr' id='par_1_51' title="bbox 1950 2048 3506 2126">
     <span class='ocr_line' id='line_1_51' title="bbox 1950 2048 3506 2126; baseline 0.006 -25"><span class='ocrx_word' id='word_1_387' title='bbox 1950 2048 2167 2102; x_wconf 84' lang='lat' dir='ltr'><strong>stralem</strong></span> <span class='ocrx_word' id='word_1_388' title='bbox 2190 2051 2373 2117; x_wconf 90' lang='lat' dir='ltr'><strong>polum</strong></span> <span class='ocrx_word' id='word_1_389' title='bbox 2401 2050 2726 2116; x_wconf 90' lang='lat' dir='ltr'><strong>collocatur;</strong></span> <span class='ocrx_word' id='word_1_390' title='bbox 2751 2051 2842 2121; x_wconf 88' lang='lat' dir='ltr'><strong>qui</strong></span> <span class='ocrx_word' id='word_1_391' title='bbox 2867 2060 3043 2107; x_wconf 92' lang='lat' dir='ltr'><strong>autem</strong></span> <span class='ocrx_word' id='word_1_392' title='bbox 3071 2070 3167 2124; x_wconf 90' lang='lat' dir='ltr'><strong>per</strong></span> <span class='ocrx_word' id='word_1_393' title='bbox 3193 2057 3342 2126; x_wconf 91' lang='lat' dir='ltr'><strong>polos</strong></span> <span class='ocrx_word' id='word_1_394' title='bbox 3357 2056 3506 2111; x_wconf 83' lang='lat' dir='ltr'><strong>ducti</strong></span> 
     </span>
    </p>
   </div>
   <div class='ocr_carea' id='block_1_52' title="bbox 1949 2139 3502 2216">
    <p class='ocr_par' dir='ltr' id='par_1_52' title="bbox 1949 2139 3502 2216">
     <span class='ocr_line' id='line_1_52' title="bbox 1949 2139 3502 2216; baseline 0.006 -23"><span class='ocrx_word' id='word_1_395' title='bbox 1949 2139 2034 2194; x_wconf 87' lang='lat' dir='ltr'><strong>vel</strong></span> <span class='ocrx_word' id='word_1_396' title='bbox 2075 2139 2279 2208; x_wconf 87' lang='lat' dir='ltr'><strong>obliqui</strong></span> <span class='ocrx_word' id='word_1_397' title='bbox 2319 2139 2597 2206; x_wconf 92' lang='lat' dir='ltr'><strong>dicuntur,</strong></span> <span class='ocrx_word' id='word_1_398' title='bbox 2658 2143 2726 2196; x_wconf 88' lang='lat' dir='ltr'><strong>ab</strong></span> <span class='ocrx_word' id='word_1_399' title='bbox 2768 2144 2875 2196; x_wconf 91' lang='lat' dir='ltr'><strong>situ</strong></span> <span class='ocrx_word' id='word_1_400' title='bbox 2923 2159 3118 2199; x_wconf 92' lang='lat' dir='ltr'><strong>nomen</strong></span> <span class='ocrx_word' id='word_1_401' title='bbox 3157 2155 3502 2216; x_wconf 90' lang='lat' dir='ltr'><strong>acceperunt.</strong></span> 
     </span>
    </p>
   </div>
   <div class='ocr_carea' id='block_1_53' title="bbox 1952 2229 3502 2304">
    <p class='ocr_par' dir='ltr' id='par_1_53' title="bbox 1952 2229 3502 2304">
     <span class='ocr_line' id='line_1_53' title="bbox 1952 2229 3502 2304; baseline 0.006 -21"><span class='ocrx_word' id='word_1_402' title='bbox 1952 2229 2225 2286; x_wconf 87' lang='lat' dir='ltr'><strong>Zodiacus</strong></span> <span class='ocrx_word' id='word_1_403' title='bbox 2252 2230 2373 2287; x_wconf 90' lang='lat' dir='ltr'><strong>ideo</strong></span> <span class='ocrx_word' id='word_1_404' title='bbox 2394 2242 2640 2297; x_wconf 84' lang='lat' dir='ltr'><strong>vocatur,</strong></span> <span class='ocrx_word' id='word_1_405' title='bbox 2671 2234 2816 2304; x_wconf 92' lang='lat' dir='ltr'><strong>quod</strong></span> <span class='ocrx_word' id='word_1_406' title='bbox 2844 2232 2897 2288; x_wconf 92' lang='lat' dir='ltr'><strong>in</strong></span> <span class='ocrx_word' id='word_1_407' title='bbox 2923 2251 2987 2290; x_wconf 90' lang='lat' dir='ltr'><strong>eo</strong></span> <span class='ocrx_word' id='word_1_408' title='bbox 3016 2235 3298 2291; x_wconf 88' lang='lat' dir='ltr'><strong>duodecim</strong></span> <span class='ocrx_word' id='word_1_409' title='bbox 3329 2239 3502 2303; x_wconf 84' lang='lat' dir='ltr'><strong>zodia,</strong></span> 
     </span>
    </p>
   </div>
   <div class='ocr_carea' id='block_1_54' title="bbox 1947 2320 3502 2395">
    <p class='ocr_par' dir='ltr' id='par_1_54' title="bbox 1947 2320 3502 2395">
     <span class='ocr_line' id='line_1_54' title="bbox 1947 2320 3502 2395; baseline 0.006 -20"><span class='ocrx_word' id='word_1_410' title='bbox 1947 2320 2052 2376; x_wconf 89' lang='lat' dir='ltr'><strong>hoc</strong></span> <span class='ocrx_word' id='word_1_411' title='bbox 2095 2329 2180 2376; x_wconf 90' lang='lat' dir='ltr'><strong>est</strong></span> <span class='ocrx_word' id='word_1_412' title='bbox 2218 2321 2660 2378; x_wconf 88' lang='lat' dir='ltr'><strong>constellationes</strong></span> <span class='ocrx_word' id='word_1_413' title='bbox 2698 2323 3032 2387; x_wconf 89' lang='lat' dir='ltr'><strong>animalium,</strong></span> <span class='ocrx_word' id='word_1_414' title='bbox 3063 2323 3304 2395; x_wconf 69' lang='lat' dir='ltr'><strong>efﬁgiatae</strong></span> <span class='ocrx_word' id='word_1_415' title='bbox 3329 2335 3456 2381; x_wconf 87' lang='lat' dir='ltr'><strong>sunt</strong></span> <span class='ocrx_word' id='word_1_416' title='bbox 3486 2346 3502 2384; x_wconf 89' lang='lat'><strong>:</strong></span> 
     </span>
    </p>
   </div>
   <div class='ocr_carea' id='block_1_55' title="bbox 1948 2411 3506 2488">
    <p class='ocr_par' dir='ltr' id='par_1_55' title="bbox 1948 2411 3506 2488">
     <span class='ocr_line' id='line_1_55' title="bbox 1948 2411 3506 2488; baseline 0.004 -22"><span class='ocrx_word' id='word_1_417' title='bbox 1948 2411 2184 2482; x_wconf 89' lang='lat' dir='ltr'><strong>cujusin</strong></span> <span class='ocrx_word' id='word_1_418' title='bbox 2213 2413 2392 2466; x_wconf 90' lang='lat' dir='ltr'><strong>medio</strong></span> <span class='ocrx_word' id='word_1_419' title='bbox 2422 2413 2515 2483; x_wconf 93' lang='lat' dir='ltr'><strong>qui</strong></span> <span class='ocrx_word' id='word_1_420' title='bbox 2539 2415 2836 2469; x_wconf 89' lang='lat' dir='ltr'><strong>collocatus</strong></span> <span class='ocrx_word' id='word_1_421' title='bbox 2869 2421 2950 2468; x_wconf 92' lang='lat' dir='ltr'><strong>est</strong></span> <span class='ocrx_word' id='word_1_422' title='bbox 2989 2415 3228 2471; x_wconf 90' lang='lat' dir='ltr'><strong>circulus</strong></span> <span class='ocrx_word' id='word_1_423' title='bbox 3268 2419 3506 2488; x_wconf 88' lang='lat' dir='ltr'><strong>tr0picos</strong></span> 
     </span>
    </p>
   </div>
   <div class='ocr_carea' id='block_1_56' title="bbox 1947 2501 3507 2576">
    <p class='ocr_par' dir='ltr' id='par_1_56' title="bbox 1947 2501 3507 2576">
     <span class='ocr_line' id='line_1_56' title="bbox 1947 2501 3507 2576; baseline 0.004 -22"><span class='ocrx_word' id='word_1_424' title='bbox 1947 2501 2003 2555; x_wconf 91' lang='lat' dir='ltr'><strong>in</strong></span> <span class='ocrx_word' id='word_1_425' title='bbox 2048 2515 2158 2555; x_wconf 92' lang='lat' dir='ltr'><strong>uno</strong></span> <span class='ocrx_word' id='word_1_426' title='bbox 2206 2508 2412 2570; x_wconf 91' lang='lat' dir='ltr'><strong>puncto</strong></span> <span class='ocrx_word' id='word_1_427' title='bbox 2462 2503 2750 2572; x_wconf 78' lang='lat' dir='ltr'><strong>contingit.</strong></span> <span class='ocrx_word' id='word_1_428' title='bbox 2792 2502 2924 2556; x_wconf 82' lang='lat' dir='ltr'><strong>Nam</strong></span> <span class='ocrx_word' id='word_1_429' title='bbox 2980 2505 3034 2558; x_wconf 90' lang='lat' dir='ltr'><strong>in</strong></span> <span class='ocrx_word' id='word_1_430' title='bbox 3077 2506 3266 2562; x_wconf 64' lang='lat' dir='ltr'><strong>aestivo</strong></span> <span class='ocrx_word' id='word_1_431' title='bbox 3297 2509 3507 2576; x_wconf 88' lang='lat' dir='ltr'><strong>tr0pico</strong></span> 
     </span>
    </p>
   </div>
   <div class='ocr_carea' id='block_1_57' title="bbox 1945 2592 3572 2663">
    <p class='ocr_par' dir='ltr' id='par_1_57' title="bbox 1945 2592 3572 2663">
     <span class='ocr_line' id='line_1_57' title="bbox 1945 2592 3572 2663; baseline 0.004 -17"><span class='ocrx_word' id='word_1_432' title='bbox 1945 2592 2142 2646; x_wconf 87' lang='lat' dir='ltr'><strong>Cancri</strong></span> <span class='ocrx_word' id='word_1_433' title='bbox 2164 2600 2248 2647; x_wconf 89' lang='lat' dir='ltr'><strong>est</strong></span> <span class='ocrx_word' id='word_1_434' title='bbox 2273 2593 2508 2659; x_wconf 89' lang='lat' dir='ltr'><strong>initium,</strong></span> <span class='ocrx_word' id='word_1_435' title='bbox 2555 2593 2609 2646; x_wconf 89' lang='lat' dir='ltr'><strong>in</strong></span> <span class='ocrx_word' id='word_1_436' title='bbox 2632 2593 2880 2657; x_wconf 88' lang='lat' dir='ltr'><strong>hiberno,</strong></span> <span class='ocrx_word' id='word_1_437' title='bbox 2906 2592 3246 2663; x_wconf 89' lang='lat' dir='ltr'><strong>Capricorni.</strong></span> <span class='ocrx_word' id='word_1_438' title='bbox 3275 2596 3506 2652; x_wconf 87' lang='lat' dir='ltr'><strong>Lacteus</strong></span> <span class='ocrx_word' id='word_1_439' title='bbox 3569 2639 3572 2643; x_wconf 84' lang='lat'><strong>.</strong></span> 
     </span>
    </p>
   </div>
   <div class='ocr_carea' id='block_1_58' title="bbox 1946 2682 3508 2757">
    <p class='ocr_par' dir='ltr' id='par_1_58' title="bbox 1946 2682 3508 2757">
     <span class='ocr_line' id='line_1_58' title="bbox 1946 2682 3508 2757; baseline 0.001 -19"><span class='ocrx_word' id='word_1_440' title='bbox 1946 2683 2187 2738; x_wconf 89' lang='lat' dir='ltr'><strong>circulus</strong></span> <span class='ocrx_word' id='word_1_441' title='bbox 2239 2698 2268 2735; x_wconf 88' lang='lat' dir='ltr'><strong>a</strong></span> <span class='ocrx_word' id='word_1_442' title='bbox 2300 2683 2482 2737; x_wconf 91' lang='lat' dir='ltr'><strong>colore</strong></span> <span class='ocrx_word' id='word_1_443' title='bbox 2515 2683 2594 2737; x_wconf 89' lang='lat' dir='ltr'><strong>sic</strong></span> <span class='ocrx_word' id='word_1_444' title='bbox 2624 2682 2823 2736; x_wconf 90' lang='lat' dir='ltr'><strong>dicitur</strong></span> <span class='ocrx_word' id='word_1_445' title='bbox 2850 2701 2863 2737; x_wconf 92' lang='lat'><strong>:</strong></span> <span class='ocrx_word' id='word_1_446' title='bbox 2895 2685 3094 2754; x_wconf 89' lang='lat' dir='ltr'><strong>quippe</strong></span> <span class='ocrx_word' id='word_1_447' title='bbox 3124 2686 3390 2741; x_wconf 86' lang='lat' dir='ltr'><strong>candidus</strong></span> <span class='ocrx_word' id='word_1_448' title='bbox 3411 2703 3508 2757; x_wconf 86' lang='lat' dir='ltr'><strong>ap-</strong></span> 
     </span>
    </p>
   </div>
   <div class='ocr_carea' id='block_1_59' title="bbox 1947 2775 3508 2844">
    <p class='ocr_par' dir='ltr' id='par_1_59' title="bbox 1947 2775 3508 2844">
     <span class='ocr_line' id='line_1_59' title="bbox 1947 2775 3508 2844; baseline 0.003 -17"><span class='ocrx_word' id='word_1_449' title='bbox 1947 2782 2120 2843; x_wconf 88' lang='lat' dir='ltr'><strong>paret,</strong></span> <span class='ocrx_word' id='word_1_450' title='bbox 2146 2788 2210 2828; x_wconf 90' lang='lat' dir='ltr'><strong>ac</strong></span> <span class='ocrx_word' id='word_1_451' title='bbox 2244 2789 2343 2844; x_wconf 87' lang='lat' dir='ltr'><strong>per</strong></span> <span class='ocrx_word' id='word_1_452' title='bbox 2369 2775 2608 2844; x_wconf 89' lang='lat' dir='ltr'><strong>tropicos</strong></span> <span class='ocrx_word' id='word_1_453' title='bbox 2635 2775 2858 2844; x_wconf 90' lang='lat' dir='ltr'><strong>obliquo</strong></span> <span class='ocrx_word' id='word_1_454' title='bbox 2893 2783 2946 2829; x_wconf 91' lang='lat' dir='ltr'><strong>et</strong></span> <span class='ocrx_word' id='word_1_455' title='bbox 2989 2775 3104 2844; x_wconf 90' lang='lat' dir='ltr'><strong>ipse</strong></span> <span class='ocrx_word' id='word_1_456' title='bbox 3137 2784 3315 2830; x_wconf 87' lang='lat' dir='ltr'><strong>tractu</strong></span> <span class='ocrx_word' id='word_1_457' title='bbox 3352 2778 3508 2832; x_wconf 86' lang='lat' dir='ltr'><strong>duci-</strong></span> 
     </span>
    </p>
   </div>
   <div class='ocr_carea' id='block_1_60' title="bbox 1944 2867 3506 2936">
    <p class='ocr_par' dir='ltr' id='par_1_60' title="bbox 1944 2867 3506 2936">
     <span class='ocr_line' id='line_1_60' title="bbox 1944 2867 3506 2936; baseline 0.004 -16"><span class='ocrx_word' id='word_1_458' title='bbox 1944 2873 2056 2932; x_wconf 90' lang='lat' dir='ltr'><strong>tur,</strong></span> <span class='ocrx_word' id='word_1_459' title='bbox 2078 2867 2330 2936; x_wconf 89' lang='lat' dir='ltr'><strong>quamvis</strong></span> <span class='ocrx_word' id='word_1_460' title='bbox 2356 2867 2635 2936; x_wconf 89' lang='lat' dir='ltr'><strong>paululum</strong></span> <span class='ocrx_word' id='word_1_461' title='bbox 2678 2867 2821 2921; x_wconf 90' lang='lat' dir='ltr'><strong>citra</strong></span> <span class='ocrx_word' id='word_1_462' title='bbox 2871 2867 3134 2922; x_wconf 84' lang='lat' dir='ltr'><strong>ﬂectitur.</strong></span> <span class='ocrx_word' id='word_1_463' title='bbox 3177 2868 3506 2926; x_wconf 74' lang='lat' dir='ltr'><strong>Meridianus</strong></span> 
     </span>
    </p>
   </div>
   <div class='ocr_carea' id='block_1_61' title="bbox 1947 2957 3506 3030">
    <p class='ocr_par' dir='ltr' id='par_1_61' title="bbox 1947 2957 3506 3030">
     <span class='ocr_line' id='line_1_61' title="bbox 1947 2957 3506 3030; baseline 0.001 -16"><span class='ocrx_word' id='word_1_464' title='bbox 1947 2968 2049 3024; x_wconf 91' lang='lat' dir='ltr'><strong>est,</strong></span> <span class='ocrx_word' id='word_1_465' title='bbox 2077 2959 2131 3013; x_wconf 91' lang='lat' dir='ltr'><strong>in</strong></span> <span class='ocrx_word' id='word_1_466' title='bbox 2165 2975 2272 3030; x_wconf 88' lang='lat' dir='ltr'><strong>quo</strong></span> <span class='ocrx_word' id='word_1_467' title='bbox 2302 2959 2568 3013; x_wconf 81' lang='lat' dir='ltr'><strong>ﬁnitorem</strong></span> <span class='ocrx_word' id='word_1_468' title='bbox 2598 2957 2664 3012; x_wconf 90' lang='lat' dir='ltr'><strong>ad</strong></span> <span class='ocrx_word' id='word_1_469' title='bbox 2704 2959 2860 3029; x_wconf 91' lang='lat' dir='ltr'><strong>polos</strong></span> <span class='ocrx_word' id='word_1_470' title='bbox 2904 2968 3143 3024; x_wconf 90' lang='lat' dir='ltr'><strong>secante,</strong></span> <span class='ocrx_word' id='word_1_471' title='bbox 3179 2967 3235 3015; x_wconf 93' lang='lat' dir='ltr'><strong>et</strong></span> <span class='ocrx_word' id='word_1_472' title='bbox 3281 2960 3336 3014; x_wconf 92' lang='lat' dir='ltr'><strong>in</strong></span> <span class='ocrx_word' id='word_1_473' title='bbox 3367 2961 3506 3016; x_wconf 87' lang='lat' dir='ltr'><strong>duos</strong></span> 
     </span>
    </p>
   </div>
   <div class='ocr_carea' id='block_1_62' title="bbox 278 3044 1849 3152">
    <p class='ocr_par' dir='ltr' id='par_1_62' title="bbox 278 3044 1844 3124">
     <span class='ocr_line' id='line_1_62' title="bbox 278 3044 1844 3124; baseline 0.001 -19"><span class='ocrx_word' id='word_1_474' title='bbox 278 3051 579 3124; x_wconf 77' lang='grc' dir='ltr'>ἡμικύκλια</span> <span class='ocrx_word' id='word_1_475' title='bbox 610 3052 942 3124; x_wconf 81' lang='grc' dir='ltr'>διαιροῦντος</span> <span class='ocrx_word' id='word_1_476' title='bbox 961 3091 976 3116; x_wconf 88' lang='lat'><strong>,</strong></span> <span class='ocrx_word' id='word_1_477' title='bbox 1008 3044 1082 3105; x_wconf 81' lang='grc' dir='ltr'><strong>ὧν</strong></span> <span class='ocrx_word' id='word_1_478' title='bbox 1105 3053 1166 3105; x_wconf 88' lang='grc' dir='ltr'><strong>τὸ</strong></span> <span class='ocrx_word' id='word_1_479' title='bbox 1201 3052 1299 3122; x_wconf 80' lang='grc' dir='ltr'>μὲν</span> <span class='ocrx_word' id='word_1_480' title='bbox 1334 3053 1692 3108; x_wconf 74' lang='grc' dir='ltr'>ἀνατολικὸν</span> <span class='ocrx_word' id='word_1_481' title='bbox 1711 3095 1725 3119; x_wconf 90' lang='grc'><strong>,</strong></span> <span class='ocrx_word' id='word_1_482' title='bbox 1784 3055 1844 3107; x_wconf 89' lang='grc' dir='ltr'><strong>τὸ</strong></span> 
     </span>
    </p>
   </div>
   <div class='ocr_carea' id='block_1_63' title="bbox 1948 3044 3504 3152">
    <p class='ocr_par' dir='ltr' id='par_1_63' title="bbox 1948 3046 3504 3118">
     <span class='ocr_line' id='line_1_63' title="bbox 1948 3046 3504 3118; baseline 0.003 -17"><span class='ocrx_word' id='word_1_483' title='bbox 1948 3047 2326 3102; x_wconf 88' lang='lat' dir='ltr'><strong>semicirculos</strong></span> <span class='ocrx_word' id='word_1_484' title='bbox 2404 3046 2713 3116; x_wconf 82' lang='lat' dir='ltr'><strong>dividente;</strong></span> <span class='ocrx_word' id='word_1_485' title='bbox 2779 3063 3012 3118; x_wconf 89' lang='lat' dir='ltr'><strong>quorum</strong></span> <span class='ocrx_word' id='word_1_486' title='bbox 3083 3066 3224 3106; x_wconf 91' lang='lat' dir='ltr'><strong>unus</strong></span> <span class='ocrx_word' id='word_1_487' title='bbox 3273 3053 3504 3117; x_wconf 74' lang='lat' dir='ltr'><strong>artium,</strong></span> 
     </span>
    </p>
   </div>
   <div class='ocr_carea' id='block_1_64' title="bbox 276 3143 1846 3217">
    <p class='ocr_par' dir='ltr' id='par_1_64' title="bbox 276 3143 1846 3217">
     <span class='ocr_line' id='line_1_64' title="bbox 276 3143 1846 3217; baseline 0.001 -21"><span class='ocrx_word' id='word_1_488' title='bbox 276 3144 335 3196; x_wconf 82' lang='grc' dir='ltr'><strong>δὲ</strong></span> <span class='ocrx_word' id='word_1_489' title='bbox 368 3143 612 3198; x_wconf 77' lang='grc' dir='ltr'>δυτικόν</span> <span class='ocrx_word' id='word_1_490' title='bbox 647 3144 996 3214; x_wconf 79' lang='grc' dir='ltr'>ὀνομάζεται,</span> <span class='ocrx_word' id='word_1_491' title='bbox 1049 3144 1333 3215; x_wconf 70' lang='grc' dir='ltr'>συμϐαίνει</span> <span class='ocrx_word' id='word_1_492' title='bbox 1391 3145 1490 3208; x_wconf 83' lang='grc' dir='ltr'>τὰς</span> <span class='ocrx_word' id='word_1_493' title='bbox 1541 3145 1846 3217; x_wconf 81' lang='grc' dir='ltr'>μεσημϐρι-</span> 
     </span>
    </p>
   </div>
   <div class='ocr_carea' id='block_1_65' title="bbox 237 3221 1845 3309">
    <p class='ocr_par' dir='ltr' id='par_1_65' title="bbox 237 3221 1845 3309">
     <span class='ocr_line' id='line_1_65' title="bbox 237 3221 1845 3309; baseline -0.001 -18"><span class='ocrx_word' id='word_1_494' title='bbox 237 3221 245 3228; x_wconf 86' lang='grc'><em>’</em></span> <span class='ocrx_word' id='word_1_495' title='bbox 277 3237 376 3298; x_wconf 77' lang='grc' dir='ltr'><strong>νὰς</strong></span> <span class='ocrx_word' id='word_1_496' title='bbox 419 3237 814 3292; x_wconf 80' lang='grc' dir='ltr'>ἀποτελεῖσθαι.</span> <span class='ocrx_word' id='word_1_497' title='bbox 849 3239 1001 3308; x_wconf 86' lang='grc' dir='ltr'>Ἔχει</span> <span class='ocrx_word' id='word_1_498' title='bbox 1035 3237 1094 3290; x_wconf 84' lang='grc' dir='ltr'><strong>δὲ</strong></span> <span class='ocrx_word' id='word_1_499' title='bbox 1124 3237 1184 3290; x_wconf 89' lang='grc' dir='ltr'><strong>τὸ</strong></span> <span class='ocrx_word' id='word_1_500' title='bbox 1217 3238 1313 3307; x_wconf 86' lang='grc' dir='ltr'>μὲν</span> <span class='ocrx_word' id='word_1_501' title='bbox 1337 3237 1508 3306; x_wconf 76' lang='grc' dir='ltr'>ἥμισυ</span> <span class='ocrx_word' id='word_1_502' title='bbox 1551 3237 1691 3309; x_wconf 83' lang='grc' dir='ltr'>ὑπὲρ</span> <span class='ocrx_word' id='word_1_503' title='bbox 1723 3239 1845 3309; x_wconf 83' lang='grc' dir='ltr'>γῆν,</span> 
     </span>
    </p>
   </div>
   <div class='ocr_carea' id='block_1_66' title="bbox 275 3329 1848 3403">
    <p class='ocr_par' dir='ltr' id='par_1_66' title="bbox 275 3329 1848 3403">
     <span class='ocr_line' id='line_1_66' title="bbox 275 3329 1848 3403; baseline 0.001 -19"><span class='ocrx_word' id='word_1_504' title='bbox 275 3331 340 3384; x_wconf 91' lang='grc' dir='ltr'><strong>τὸ</strong></span> <span class='ocrx_word' id='word_1_505' title='bbox 379 3332 437 3385; x_wconf 79' lang='grc' dir='ltr'><strong>δὲ</strong></span> <span class='ocrx_word' id='word_1_506' title='bbox 467 3332 652 3403; x_wconf 75' lang='grc' dir='ltr'>ἕτερον</span> <span class='ocrx_word' id='word_1_507' title='bbox 685 3331 858 3402; x_wconf 77' lang='grc' dir='ltr'>ἥμισυ</span> <span class='ocrx_word' id='word_1_508' title='bbox 888 3330 994 3383; x_wconf 86' lang='grc' dir='ltr'><strong>ὑπὸ</strong></span> <span class='ocrx_word' id='word_1_509' title='bbox 1025 3331 1149 3401; x_wconf 85' lang='grc' dir='ltr'>γῆν,</span> <span class='ocrx_word' id='word_1_510' title='bbox 1181 3330 1275 3382; x_wconf 78' lang='grc' dir='ltr'><strong>καὶ</strong></span> <span class='ocrx_word' id='word_1_511' title='bbox 1310 3329 1469 3393; x_wconf 86' lang='grc' dir='ltr'>αὑτὸς</span> <span class='ocrx_word' id='word_1_512' title='bbox 1499 3329 1585 3382; x_wconf 81' lang='grc' dir='ltr'><strong>διὰ</strong></span> <span class='ocrx_word' id='word_1_513' title='bbox 1613 3331 1722 3384; x_wconf 90' lang='grc' dir='ltr'><strong>τῶν</strong></span> <span class='ocrx_word' id='word_1_514' title='bbox 1753 3331 1848 3385; x_wconf 84' lang='grc' dir='ltr'><strong>πό-</strong></span> 
     </span>
    </p>
   </div>
   <div class='ocr_carea' id='block_1_67' title="bbox 276 3420 1847 3494">
    <p class='ocr_par' dir='ltr' id='par_1_67' title="bbox 276 3420 1847 3494">
     <span class='ocr_line' id='line_1_67' title="bbox 276 3420 1847 3494; baseline 0 -20"><span class='ocrx_word' id='word_1_515' title='bbox 276 3423 385 3476; x_wconf 91' lang='grc' dir='ltr'><strong>λων</strong></span> <span class='ocrx_word' id='word_1_516' title='bbox 416 3424 860 3494; x_wconf 83' lang='grc' dir='ltr'>άντιτεμνόμενος</span> <span class='ocrx_word' id='word_1_517' title='bbox 879 3421 1001 3492; x_wconf 87' lang='grc' dir='ltr'>δίχα</span> <span class='ocrx_word' id='word_1_518' title='bbox 1037 3422 1139 3474; x_wconf 88' lang='grc' dir='ltr'><strong>ὑπὸ</strong></span> <span class='ocrx_word' id='word_1_519' title='bbox 1167 3421 1258 3474; x_wconf 90' lang='lat'><strong>106</strong></span> <span class='ocrx_word' id='word_1_520' title='bbox 1291 3420 1581 3492; x_wconf 77' lang='grc' dir='ltr'>ὁρίζοντος.</span> <span class='ocrx_word' id='word_1_521' title='bbox 1622 3421 1847 3492; x_wconf 80' lang='grc' dir='ltr'>ὐρίζων</span> 
     </span>
    </p>
   </div>
   <div class='ocr_carea' id='block_1_68' title="bbox 276 3510 1847 3583">
    <p class='ocr_par' dir='ltr' id='par_1_68' title="bbox 276 3510 1847 3583">
     <span class='ocr_line' id='line_1_68' title="bbox 276 3510 1847 3583; baseline 0 -19"><span class='ocrx_word' id='word_1_522' title='bbox 276 3512 355 3579; x_wconf 80' lang='grc' dir='ltr'>δὲ,</span> <span class='ocrx_word' id='word_1_523' title='bbox 385 3511 524 3566; x_wconf 70' lang='grc' dir='ltr'>καθὰ</span> <span class='ocrx_word' id='word_1_524' title='bbox 567 3511 901 3583; x_wconf 86' lang='grc' dir='ltr'>προείρηται,</span> <span class='ocrx_word' id='word_1_525' title='bbox 927 3511 1018 3563; x_wconf 73' lang='grc' dir='ltr'><strong>ἐπὶ</strong></span> <span class='ocrx_word' id='word_1_526' title='bbox 1041 3512 1082 3542; x_wconf 75' lang='grc'>⁸⁸</span> <span class='ocrx_word' id='word_1_527' title='bbox 1108 3510 1216 3562; x_wconf 89' lang='grc' dir='ltr'><strong>τῶν</strong></span> <span class='ocrx_word' id='word_1_528' title='bbox 1245 3510 1620 3580; x_wconf 82' lang='grc' dir='ltr'>παραλλήλων.</span> <span class='ocrx_word' id='word_1_529' title='bbox 1661 3511 1716 3564; x_wconf 87' lang='grc' dir='ltr'>Ὀ</span> <span class='ocrx_word' id='word_1_530' title='bbox 1751 3511 1847 3580; x_wconf 84' lang='grc' dir='ltr'>μὲν</span> 
     </span>
    </p>
   </div>
   <div class='ocr_carea' id='block_1_69' title="bbox 277 3600 1845 3674">
    <p class='ocr_par' dir='ltr' id='par_1_69' title="bbox 277 3600 1845 3674">
     <span class='ocr_line' id='line_1_69' title="bbox 277 3600 1845 3674; baseline 0 -18"><span class='ocrx_word' id='word_1_531' title='bbox 277 3603 388 3672; x_wconf 78' lang='grc' dir='ltr'>γὰρ</span> <span class='ocrx_word' id='word_1_532' title='bbox 421 3605 696 3674; x_wconf 86' lang='grc' dir='ltr'>ἀρκτικὸς,</span> <span class='ocrx_word' id='word_1_533' title='bbox 721 3603 999 3672; x_wconf 72' lang='grc' dir='ltr'>ἐλάχιστος</span> <span class='ocrx_word' id='word_1_534' title='bbox 1025 3600 1121 3665; x_wconf 82' lang='grc' dir='ltr'><strong>ῶν,</strong></span> <span class='ocrx_word' id='word_1_535' title='bbox 1153 3602 1269 3665; x_wconf 84' lang='grc' dir='ltr'>ὅλος</span> <span class='ocrx_word' id='word_1_536' title='bbox 1304 3602 1443 3673; x_wconf 87' lang='grc' dir='ltr'>ὑπὲρ</span> <span class='ocrx_word' id='word_1_537' title='bbox 1470 3603 1573 3672; x_wconf 84' lang='grc' dir='ltr'><strong>γῆν</strong></span> <span class='ocrx_word' id='word_1_538' title='bbox 1603 3604 1744 3656; x_wconf 80' lang='grc' dir='ltr'>ἐστι.</span> <span class='ocrx_word' id='word_1_539' title='bbox 1763 3643 1777 3656; x_wconf 93' lang='grc'><strong>.</strong></span> <span class='ocrx_word' id='word_1_540' title='bbox 1797 3645 1809 3656; x_wconf 91' lang='grc'><strong>.</strong></span> <span class='ocrx_word' id='word_1_541' title='bbox 1827 3643 1845 3671; x_wconf 89' lang='grc'><strong>,</strong></span> 
     </span>
    </p>
   </div>
   <div class='ocr_carea' id='block_1_70' title="bbox 277 3691 1845 3765">
    <p class='ocr_par' dir='ltr' id='par_1_70' title="bbox 277 3691 1845 3765">
     <span class='ocr_line' id='line_1_70' title="bbox 277 3691 1845 3765; baseline -0.001 -17"><span class='ocrx_word' id='word_1_542' title='bbox 277 3694 371 3748; x_wconf 85' lang='grc' dir='ltr'><strong>διὰ</strong></span> <span class='ocrx_word' id='word_1_543' title='bbox 395 3695 494 3765; x_wconf 80' lang='grc' dir='ltr'>τὴν</span> <span class='ocrx_word' id='word_1_544' title='bbox 521 3695 595 3758; x_wconf 86' lang='grc' dir='ltr'>ὼς</span> <span class='ocrx_word' id='word_1_545' title='bbox 636 3691 771 3762; x_wconf 88' lang='grc' dir='ltr'>πρὸς</span> <span class='ocrx_word' id='word_1_546' title='bbox 801 3694 862 3746; x_wconf 85' lang='grc' dir='ltr'><strong>τὸ</strong></span> <span class='ocrx_word' id='word_1_547' title='bbox 900 3694 997 3764; x_wconf 84' lang='grc' dir='ltr'><strong>τῆς</strong></span> <span class='ocrx_word' id='word_1_548' title='bbox 1038 3693 1283 3756; x_wconf 81' lang='grc' dir='ltr'>Ἐλλάδος</span> <span class='ocrx_word' id='word_1_549' title='bbox 1318 3693 1483 3764; x_wconf 82' lang='grc' dir='ltr'>κλίμα</span> <span class='ocrx_word' id='word_1_550' title='bbox 1509 3693 1604 3746; x_wconf 87' lang='lat'><strong>106</strong></span> <span class='ocrx_word' id='word_1_551' title='bbox 1641 3694 1845 3764; x_wconf 85' lang='grc' dir='ltr'>κόσμου</span> 
     </span>
    </p>
   </div>
   <div class='ocr_carea' id='block_1_71' title="bbox 279 3785 1844 3857">
    <p class='ocr_par' dir='ltr' id='par_1_71' title="bbox 279 3785 1844 3857">
     <span class='ocr_line' id='line_1_71' title="bbox 279 3785 1844 3857; baseline -0.001 -17"><span class='ocrx_word' id='word_1_552' title='bbox 279 3787 540 3855; x_wconf 79' lang='grc' dir='ltr'>ἔγκλισιν,</span> <span class='ocrx_word' id='word_1_553' title='bbox 571 3787 880 3857; x_wconf 76' lang='grc' dir='ltr'>ἁπτομένης</span> <span class='ocrx_word' id='word_1_554' title='bbox 910 3786 1073 3840; x_wconf 77' lang='grc' dir='ltr'>αὑτοῦ</span> <span class='ocrx_word' id='word_1_555' title='bbox 1101 3785 1202 3856; x_wconf 80' lang='grc' dir='ltr'>τῆς</span> <span class='ocrx_word' id='word_1_556' title='bbox 1233 3788 1383 3840; x_wconf 89' lang='grc' dir='ltr'>κάτω</span> <span class='ocrx_word' id='word_1_557' title='bbox 1415 3785 1764 3857; x_wconf 79' lang='grc' dir='ltr'>περιφερείας</span> 
     </span>
    </p>
   </div>
   <div class='ocr_carea' id='block_1_72' title="bbox 277 3879 1361 3951">
    <p class='ocr_par' dir='ltr' id='par_1_72' title="bbox 277 3879 1361 3951">
     <span class='ocr_line' id='line_1_72' title="bbox 277 3879 1361 3951; baseline -0.001 -17"><span class='ocrx_word' id='word_1_558' title='bbox 277 3881 374 3934; x_wconf 88' lang='lat'><strong>106</strong></span> <span class='ocrx_word' id='word_1_559' title='bbox 406 3880 668 3934; x_wconf 84' lang='grc' dir='ltr'>ἀνάπαλιν</span> <span class='ocrx_word' id='word_1_560' title='bbox 691 3879 795 3932; x_wconf 82' lang='grc' dir='ltr'><strong>ὑπὸ</strong></span> <span class='ocrx_word' id='word_1_561' title='bbox 833 3879 936 3948; x_wconf 76' lang='grc' dir='ltr'><strong>γῆν</strong></span> <span class='ocrx_word' id='word_1_562' title='bbox 962 3879 1081 3941; x_wconf 80' lang='grc' dir='ltr'>ὅλος</span> <span class='ocrx_word' id='word_1_563' title='bbox 1111 3879 1361 3951; x_wconf 81' lang='grc' dir='ltr'>ὑπάρχει.</span> 
     </span>
    </p>
   </div>
   <div class='ocr_carea' id='block_1_73' title="bbox 363 3967 1845 4041">
    <p class='ocr_par' dir='ltr' id='par_1_73' title="bbox 363 3967 1845 4041">
     <span class='ocr_line' id='line_1_73' title="bbox 363 3967 1845 4041; baseline -0.002 -18"><span class='ocrx_word' id='word_1_564' title='bbox 363 3971 421 4023; x_wconf 88' lang='lat'><strong>&#39;0</strong></span> <span class='ocrx_word' id='word_1_565' title='bbox 452 3969 507 4023; x_wconf 86' lang='grc' dir='ltr'><strong>δὲ</strong></span> <span class='ocrx_word' id='word_1_566' title='bbox 539 3968 866 4041; x_wconf 86' lang='grc' dir='ltr'>ἰσημερινὸς,</span> <span class='ocrx_word' id='word_1_567' title='bbox 903 3969 1159 4039; x_wconf 84' lang='grc' dir='ltr'>μέγιστος</span> <span class='ocrx_word' id='word_1_568' title='bbox 1185 3969 1279 4033; x_wconf 84' lang='grc' dir='ltr'>ὣν,</span> <span class='ocrx_word' id='word_1_569' title='bbox 1321 3969 1480 4040; x_wconf 85' lang='grc' dir='ltr'>μέσος</span> <span class='ocrx_word' id='word_1_570' title='bbox 1507 3967 1612 4021; x_wconf 87' lang='grc' dir='ltr'><strong>τῶν</strong></span> <span class='ocrx_word' id='word_1_571' title='bbox 1637 3968 1845 4039; x_wconf 85' lang='grc' dir='ltr'>παραλ-</span> 
     </span>
    </p>
   </div>
   <div class='ocr_carea' id='block_1_74' title="bbox 276 4059 1845 4132">
    <p class='ocr_par' dir='ltr' id='par_1_74' title="bbox 276 4059 1845 4132">
     <span class='ocr_line' id='line_1_74' title="bbox 276 4059 1845 4132; baseline -0.002 -18"><span class='ocrx_word' id='word_1_572' title='bbox 276 4061 476 4132; x_wconf 87' lang='grc' dir='ltr'>λήλων,</span> <span class='ocrx_word' id='word_1_573' title='bbox 513 4061 574 4115; x_wconf 90' lang='grc' dir='ltr'><strong>τὸ</strong></span> <span class='ocrx_word' id='word_1_574' title='bbox 615 4060 712 4132; x_wconf 81' lang='grc' dir='ltr'>μὲν</span> <span class='ocrx_word' id='word_1_575' title='bbox 753 4061 922 4131; x_wconf 76' lang='grc' dir='ltr'>ἥμισυ</span> <span class='ocrx_word' id='word_1_576' title='bbox 967 4059 1078 4130; x_wconf 76' lang='grc' dir='ltr'>ἔχει</span> <span class='ocrx_word' id='word_1_577' title='bbox 1120 4060 1258 4130; x_wconf 78' lang='grc' dir='ltr'>ὑπὲρ</span> <span class='ocrx_word' id='word_1_578' title='bbox 1309 4061 1410 4130; x_wconf 76' lang='grc' dir='ltr'><strong>γῆν</strong></span> <span class='ocrx_word' id='word_1_579' title='bbox 1453 4059 1777 4130; x_wconf 82' lang='grc' dir='ltr'>τεμνόμενον</span> <span class='ocrx_word' id='word_1_580' title='bbox 1801 4061 1845 4090; x_wconf 73' lang='grc'><strong>³⁸</strong></span> 
     </span>
    </p>
   </div>
   <div class='ocr_carea' id='block_1_75' title="bbox 281 4135 1842 4223">
    <p class='ocr_par' dir='ltr' id='par_1_75' title="bbox 281 4135 1842 4223">
     <span class='ocr_line' id='line_1_75' title="bbox 281 4135 1842 4223; baseline -0.003 -14"><span class='ocrx_word' id='word_1_581' title='bbox 281 4153 388 4209; x_wconf 88' lang='grc' dir='ltr'><strong>ὑπὸ</strong></span> <span class='ocrx_word' id='word_1_582' title='bbox 418 4153 509 4206; x_wconf 87' lang='lat'><strong>106</strong></span> <span class='ocrx_word' id='word_1_583' title='bbox 537 4135 809 4223; x_wconf 80' lang='grc' dir='ltr'>ὁρίζοντος</span> <span class='ocrx_word' id='word_1_584' title='bbox 838 4151 958 4221; x_wconf 86' lang='grc' dir='ltr'>δίχα</span> <span class='ocrx_word' id='word_1_585' title='bbox 976 4167 990 4182; x_wconf 77' lang='grc'><strong><em>⁸</em></strong></span> <span class='ocrx_word' id='word_1_586' title='bbox 1017 4151 1077 4204; x_wconf 91' lang='grc' dir='ltr'><strong>τὸ</strong></span> <span class='ocrx_word' id='word_1_587' title='bbox 1096 4152 1152 4204; x_wconf 82' lang='grc' dir='ltr'><strong>δὲ</strong></span> <span class='ocrx_word' id='word_1_588' title='bbox 1180 4151 1358 4204; x_wconf 83' lang='grc' dir='ltr'>λοιπὸν</span> <span class='ocrx_word' id='word_1_589' title='bbox 1390 4152 1558 4222; x_wconf 78' lang='grc' dir='ltr'>ἥμισυ</span> <span class='ocrx_word' id='word_1_590' title='bbox 1592 4151 1694 4204; x_wconf 85' lang='grc' dir='ltr'><strong>ὑπὸ</strong></span> <span class='ocrx_word' id='word_1_591' title='bbox 1721 4152 1842 4219; x_wconf 83' lang='grc' dir='ltr'>γῆν.</span> 
     </span>
    </p>
   </div>
   <div class='ocr_carea' id='block_1_76' title="bbox 279 4226 1846 4314">
    <p class='ocr_par' dir='ltr' id='par_1_76' title="bbox 279 4226 1846 4314">
     <span class='ocr_line' id='line_1_76' title="bbox 279 4226 1846 4314; baseline 0 -18"><span class='ocrx_word' id='word_1_592' title='bbox 279 4226 622 4313; x_wconf 63' lang='grc' dir='ltr'><strong>Τέμεθετα8²³</strong></span> <span class='ocrx_word' id='word_1_593' title='bbox 664 4242 752 4295; x_wconf 79' lang='grc' dir='ltr'>διὰ</span> <span class='ocrx_word' id='word_1_594' title='bbox 802 4243 978 4313; x_wconf 78' lang='grc' dir='ltr'>μέσων</span> <span class='ocrx_word' id='word_1_595' title='bbox 1021 4242 1141 4311; x_wconf 86' lang='grc' dir='ltr'>δίχα</span> <span class='ocrx_word' id='word_1_596' title='bbox 1192 4241 1334 4296; x_wconf 83' lang='grc' dir='ltr'>κατὰ</span> <span class='ocrx_word' id='word_1_597' title='bbox 1379 4243 1470 4296; x_wconf 85' lang='grc' dir='ltr'><strong>δύο</strong></span> <span class='ocrx_word' id='word_1_598' title='bbox 1505 4245 1738 4314; x_wconf 83' lang='grc' dir='ltr'>σημεῖα·</span> <span class='ocrx_word' id='word_1_599' title='bbox 1771 4236 1846 4296; x_wconf 83' lang='grc' dir='ltr'><strong>ὧν</strong></span> 
     </span>
    </p>
   </div>
   <div class='ocr_carea' id='block_1_77' title="bbox 279 4334 1844 4406">
    <p class='ocr_par' dir='ltr' id='par_1_77' title="bbox 279 4334 1844 4406">
     <span class='ocr_line' id='line_1_77' title="bbox 279 4334 1844 4406; baseline -0.001 -17"><span class='ocrx_word' id='word_1_600' title='bbox 279 4335 424 4389; x_wconf 77' lang='grc' dir='ltr'>κατὰ</span> <span class='ocrx_word' id='word_1_601' title='bbox 457 4336 554 4404; x_wconf 90' lang='grc' dir='ltr'>μὲν</span> <span class='ocrx_word' id='word_1_602' title='bbox 581 4335 642 4388; x_wconf 91' lang='grc' dir='ltr'><strong>τὸ</strong></span> <span class='ocrx_word' id='word_1_603' title='bbox 680 4334 736 4387; x_wconf 81' lang='grc' dir='ltr'>ἓν</span> <span class='ocrx_word' id='word_1_604' title='bbox 764 4334 912 4405; x_wconf 79' lang='grc' dir='ltr'>ἢτοῦ</span> <span class='ocrx_word' id='word_1_605' title='bbox 951 4334 1121 4405; x_wconf 80' lang='grc' dir='ltr'>Κριοῦ</span> <span class='ocrx_word' id='word_1_606' title='bbox 1156 4337 1301 4387; x_wconf 78' lang='grc' dir='ltr'>ἐστιν</span> <span class='ocrx_word' id='word_1_607' title='bbox 1338 4334 1496 4406; x_wconf 82' lang='grc' dir='ltr'>ἁρχὴ,</span> <span class='ocrx_word' id='word_1_608' title='bbox 1525 4335 1664 4388; x_wconf 83' lang='grc' dir='ltr'>κατὰ</span> <span class='ocrx_word' id='word_1_609' title='bbox 1693 4334 1747 4388; x_wconf 86' lang='grc' dir='ltr'><strong>δὲ</strong></span> <span class='ocrx_word' id='word_1_610' title='bbox 1785 4335 1844 4388; x_wconf 89' lang='grc' dir='ltr'><strong>τὸ</strong></span> 
     </span>
    </p>
   </div>
   <div class='ocr_carea' id='block_1_78' title="bbox 280 4426 1844 4500">
    <p class='ocr_par' dir='ltr' id='par_1_78' title="bbox 280 4426 1844 4500">
     <span class='ocr_line' id='line_1_78' title="bbox 280 4426 1844 4500; baseline -0.001 -18"><span class='ocrx_word' id='word_1_611' title='bbox 280 4429 522 4500; x_wconf 79' lang='grc' dir='ltr'>ἓτερονή</span> <span class='ocrx_word' id='word_1_612' title='bbox 555 4429 661 4482; x_wconf 85' lang='grc' dir='ltr'><strong>τῶν</strong></span> <span class='ocrx_word' id='word_1_613' title='bbox 705 4429 921 4498; x_wconf 84' lang='grc' dir='ltr'>Χηλῶν.</span> <span class='ocrx_word' id='word_1_614' title='bbox 965 4426 1070 4480; x_wconf 88' lang='lat' dir='ltr'>T06</span> <span class='ocrx_word' id='word_1_615' title='bbox 1117 4426 1298 4497; x_wconf 83' lang='grc' dir='ltr'>μέντοι</span> <span class='ocrx_word' id='word_1_616' title='bbox 1336 4426 1545 4498; x_wconf 84' lang='grc' dir='ltr'>Θερινοῦ</span> <span class='ocrx_word' id='word_1_617' title='bbox 1585 4427 1844 4498; x_wconf 88' lang='grc' dir='ltr'>τροπικοῦ</span> 
     </span>
    </p>
   </div>
   <div class='ocr_carea' id='block_1_79' title="bbox 279 4519 1846 4593">
    <p class='ocr_par' dir='ltr' id='par_1_79' title="bbox 279 4519 1846 4593">
     <span class='ocr_line' id='line_1_79' title="bbox 279 4519 1846 4593; baseline -0.002 -17"><span class='ocrx_word' id='word_1_618' title='bbox 279 4523 440 4576; x_wconf 76' lang='grc' dir='ltr'>πλέον</span> <span class='ocrx_word' id='word_1_619' title='bbox 464 4523 496 4592; x_wconf 87' lang='grc' dir='ltr'>ἢ</span> <span class='ocrx_word' id='word_1_620' title='bbox 524 4523 583 4574; x_wconf 86' lang='grc' dir='ltr'><strong>τὸ</strong></span> <span class='ocrx_word' id='word_1_621' title='bbox 609 4523 778 4593; x_wconf 73' lang='grc' dir='ltr'>ἥμισυ</span> <span class='ocrx_word' id='word_1_622' title='bbox 809 4521 948 4591; x_wconf 71' lang='grc' dir='ltr'>ὑπὲρ</span> <span class='ocrx_word' id='word_1_623' title='bbox 979 4521 1082 4588; x_wconf 81' lang='grc' dir='ltr'>γῆν</span> <span class='ocrx_word' id='word_1_624' title='bbox 1108 4520 1212 4572; x_wconf 85' lang='grc' dir='ltr'><strong>ὑπὸ</strong></span> <span class='ocrx_word' id='word_1_625' title='bbox 1239 4519 1330 4572; x_wconf 85' lang='lat'>106</span> <span class='ocrx_word' id='word_1_626' title='bbox 1351 4521 1620 4590; x_wconf 81' lang='grc' dir='ltr'>ὁρίζοντος</span> <span class='ocrx_word' id='word_1_627' title='bbox 1651 4521 1846 4591; x_wconf 86' lang='grc' dir='ltr'>τέμνε-</span> 
     </span>
    </p>
   </div>
   <div class='ocr_carea' id='block_1_80' title="bbox 277 4610 1847 4681">
    <p class='ocr_par' dir='ltr' id='par_1_80' title="bbox 277 4610 1847 4681">
     <span class='ocr_line' id='line_1_80' title="bbox 277 4610 1847 4681; baseline -0.001 -16"><span class='ocrx_word' id='word_1_628' title='bbox 277 4629 400 4665; x_wconf 75' lang='grc' dir='ltr'>ταιο</span> <span class='ocrx_word' id='word_1_629' title='bbox 433 4612 495 4665; x_wconf 90' lang='grc' dir='ltr'><strong>τὸ</strong></span> <span class='ocrx_word' id='word_1_630' title='bbox 524 4613 579 4666; x_wconf 81' lang='grc' dir='ltr'><strong>δὲ</strong></span> <span class='ocrx_word' id='word_1_631' title='bbox 611 4611 794 4665; x_wconf 88' lang='grc' dir='ltr'>λοιπὸν</span> <span class='ocrx_word' id='word_1_632' title='bbox 823 4612 992 4680; x_wconf 75' lang='grc' dir='ltr'>ἥμισυ</span> <span class='ocrx_word' id='word_1_633' title='bbox 1027 4610 1131 4662; x_wconf 85' lang='grc' dir='ltr'><strong>ὑπὸ</strong></span> <span class='ocrx_word' id='word_1_634' title='bbox 1162 4611 1262 4678; x_wconf 80' lang='grc' dir='ltr'><strong>γῆν</strong></span> <span class='ocrx_word' id='word_1_635' title='bbox 1287 4611 1424 4662; x_wconf 77' lang='grc' dir='ltr'>ἐστι.</span> <span class='ocrx_word' id='word_1_636' title='bbox 1462 4613 1570 4663; x_wconf 75' lang='grc' dir='ltr'><strong>Καὶ</strong></span> <span class='ocrx_word' id='word_1_637' title='bbox 1608 4611 1698 4663; x_wconf 82' lang='grc' dir='ltr'>τοῦ</span> <span class='ocrx_word' id='word_1_638' title='bbox 1738 4629 1847 4681; x_wconf 88' lang='grc' dir='ltr'>χει-</span> 
     </span>
    </p>
   </div>
   <div class='ocr_carea' id='block_1_81' title="bbox 281 4701 1845 4777">
    <p class='ocr_par' dir='ltr' id='par_1_81' title="bbox 281 4701 1845 4777">
     <span class='ocr_line' id='line_1_81' title="bbox 281 4701 1845 4777; baseline 0.001 -21"><span class='ocrx_word' id='word_1_639' title='bbox 281 4721 347 4776; x_wconf 86' lang='grc' dir='ltr'><strong>με</strong></span> <span class='ocrx_word' id='word_1_640' title='bbox 359 4703 503 4775; x_wconf 78' lang='grc' dir='ltr'><strong>ρινοῦ</strong></span> <span class='ocrx_word' id='word_1_641' title='bbox 533 4704 588 4756; x_wconf 79' lang='grc' dir='ltr'><strong>δὲ</strong></span> <span class='ocrx_word' id='word_1_642' title='bbox 610 4702 864 4774; x_wconf 78' lang='grc' dir='ltr'>τροπικοῦ</span> <span class='ocrx_word' id='word_1_643' title='bbox 896 4701 1177 4777; x_wconf 66' lang='grc' dir='ltr'>ἀνάπαλιν.</span> <span class='ocrx_word' id='word_1_644' title='bbox 1211 4703 1330 4754; x_wconf 74' lang='grc' dir='ltr'>Εἰσί</span> <span class='ocrx_word' id='word_1_645' title='bbox 1359 4719 1415 4754; x_wconf 88' lang='grc' dir='ltr'><strong>τε</strong></span> <span class='ocrx_word' id='word_1_646' title='bbox 1440 4703 1724 4766; x_wconf 77' lang='grc' dir='ltr'>ἐλάσσονες</span> <span class='ocrx_word' id='word_1_647' title='bbox 1748 4705 1845 4774; x_wconf 81' lang='grc' dir='ltr'>μὲν</span> 
     </span>
    </p>
   </div>
   <div class='ocr_carea' id='block_1_82' title="bbox 277 4795 1844 4868">
    <p class='ocr_par' dir='ltr' id='par_1_82' title="bbox 277 4795 1844 4868">
     <span class='ocr_line' id='line_1_82' title="bbox 277 4795 1844 4868; baseline 0 -19"><span class='ocrx_word' id='word_1_648' title='bbox 277 4797 389 4849; x_wconf 84' lang='grc' dir='ltr'><strong>τῶν</strong></span> <span class='ocrx_word' id='word_1_649' title='bbox 436 4797 703 4868; x_wconf 84' lang='grc' dir='ltr'>μεγίστων</span> <span class='ocrx_word' id='word_1_650' title='bbox 724 4812 738 4826; x_wconf 83' lang='lat'><strong><em>°</em></strong></span> <span class='ocrx_word' id='word_1_651' title='bbox 773 4797 1015 4867; x_wconf 78' lang='grc' dir='ltr'>μείζονες</span> <span class='ocrx_word' id='word_1_652' title='bbox 1044 4795 1099 4846; x_wconf 82' lang='grc' dir='ltr'><strong>δὲ</strong></span> <span class='ocrx_word' id='word_1_653' title='bbox 1125 4795 1232 4847; x_wconf 86' lang='grc' dir='ltr'><strong>τῶν</strong></span> <span class='ocrx_word' id='word_1_654' title='bbox 1266 4795 1579 4864; x_wconf 82' lang='grc' dir='ltr'>ἐλαχίστων.</span> <span class='ocrx_word' id='word_1_655' title='bbox 1617 4796 1677 4847; x_wconf 76' lang='lat' dir='ltr'><strong>Oi</strong></span> <span class='ocrx_word' id='word_1_656' title='bbox 1717 4796 1762 4827; x_wconf 63' lang='grc'><strong>’⁵</strong></span> <span class='ocrx_word' id='word_1_657' title='bbox 1789 4796 1844 4849; x_wconf 80' lang='grc' dir='ltr'><strong>δὲ</strong></span> 
     </span>
    </p>
   </div>
   <div class='ocr_carea' id='block_1_83' title="bbox 277 4885 1845 4961">
    <p class='ocr_par' dir='ltr' id='par_1_83' title="bbox 277 4885 1845 4961">
     <span class='ocr_line' id='line_1_83' title="bbox 277 4885 1845 4961; baseline -0.003 -18"><span class='ocrx_word' id='word_1_658' title='bbox 277 4889 522 4961; x_wconf 77' lang='grc' dir='ltr'>ἀλλήλοις</span> <span class='ocrx_word' id='word_1_659' title='bbox 555 4889 689 4959; x_wconf 78' lang='grc' dir='ltr'>μετὰ</span> <span class='ocrx_word' id='word_1_660' title='bbox 722 4891 844 4948; x_wconf 77' lang='grc' dir='ltr'>τοὺς</span> <span class='ocrx_word' id='word_1_661' title='bbox 871 4889 1173 4959; x_wconf 83' lang='grc' dir='ltr'>μεγίστους,</span> <span class='ocrx_word' id='word_1_662' title='bbox 1192 4888 1290 4938; x_wconf 76' lang='grc' dir='ltr'><strong>ὅτε</strong></span> <span class='ocrx_word' id='word_1_663' title='bbox 1321 4885 1528 4956; x_wconf 85' lang='grc' dir='ltr'>θερινὸς</span> <span class='ocrx_word' id='word_1_664' title='bbox 1556 4885 1631 4956; x_wconf 81' lang='grc' dir='ltr'><strong>τῷ</strong></span> <span class='ocrx_word' id='word_1_665' title='bbox 1659 4904 1845 4957; x_wconf 86' lang='grc' dir='ltr'>χειμε-</span> 
     </span>
    </p>
   </div>
   <div class='ocr_carea' id='block_1_84' title="bbox 279 4974 1840 5049">
    <p class='ocr_par' dir='ltr' id='par_1_84' title="bbox 279 4974 1840 5049">
     <span class='ocr_line' id='line_1_84' title="bbox 279 4974 1840 5049; baseline -0.001 -19"><span class='ocrx_word' id='word_1_666' title='bbox 279 4978 433 5049; x_wconf 81' lang='grc' dir='ltr'>ρινῷ,</span> <span class='ocrx_word' id='word_1_667' title='bbox 463 4979 555 5031; x_wconf 70' lang='grc' dir='ltr'>καὶ</span> <span class='ocrx_word' id='word_1_668' title='bbox 585 4980 612 5030; x_wconf 90' lang='lat'><strong>6</strong></span> <span class='ocrx_word' id='word_1_669' title='bbox 640 4978 894 5047; x_wconf 84' lang='grc' dir='ltr'>ἀρκτικὸς</span> <span class='ocrx_word' id='word_1_670' title='bbox 933 4976 1010 5047; x_wconf 83' lang='grc' dir='ltr'>τῷ</span> <span class='ocrx_word' id='word_1_671' title='bbox 1049 4974 1410 5046; x_wconf 81' lang='grc' dir='ltr'>ἀνταρκτικῷ.</span> <span class='ocrx_word' id='word_1_672' title='bbox 1455 4976 1584 5028; x_wconf 83' lang='grc' dir='ltr'>Ἀπὸ</span> <span class='ocrx_word' id='word_1_673' title='bbox 1609 4976 1715 5046; x_wconf 84' lang='grc' dir='ltr'>γὰρ</span> <span class='ocrx_word' id='word_1_674' title='bbox 1747 4976 1840 5028; x_wconf 78' lang='grc' dir='ltr'><strong>τοῦ</strong></span> 
     </span>
    </p>
   </div>
   <div class='ocr_carea' id='block_1_85' title="bbox 284 5067 1841 5141">
    <p class='ocr_par' dir='ltr' id='par_1_85' title="bbox 284 5067 1841 5141">
     <span class='ocr_line' id='line_1_85' title="bbox 284 5067 1841 5141; baseline -0.002 -18"><span class='ocrx_word' id='word_1_675' title='bbox 284 5069 597 5141; x_wconf 79' lang='grc' dir='ltr'>ἰσημερινοῦ</span> <span class='ocrx_word' id='word_1_676' title='bbox 624 5069 737 5122; x_wconf 75' lang='grc' dir='ltr'>ἴσον</span> <span class='ocrx_word' id='word_1_677' title='bbox 761 5069 1070 5139; x_wconf 78' lang='grc' dir='ltr'>ἀπέχουσιν,</span> <span class='ocrx_word' id='word_1_678' title='bbox 1104 5068 1161 5130; x_wconf 90' lang='grc' dir='ltr'>ὃς</span> <span class='ocrx_word' id='word_1_679' title='bbox 1188 5067 1274 5120; x_wconf 82' lang='grc' dir='ltr'>διὰ</span> <span class='ocrx_word' id='word_1_680' title='bbox 1309 5067 1401 5120; x_wconf 85' lang='lat'><strong>106</strong></span> <span class='ocrx_word' id='word_1_681' title='bbox 1436 5069 1661 5138; x_wconf 83' lang='grc' dir='ltr'>κέντρου</span> <span class='ocrx_word' id='word_1_682' title='bbox 1697 5069 1841 5120; x_wconf 72' lang='grc' dir='ltr'>ἐστὶν</span> 
     </span>
    </p>
   </div>
   <div class='ocr_carea' id='block_1_86' title="bbox 281 5158 1840 5230">
    <p class='ocr_par' dir='ltr' id='par_1_86' title="bbox 281 5158 1840 5230">
     <span class='ocr_line' id='line_1_86' title="bbox 281 5158 1840 5230; baseline -0.003 -15"><span class='ocrx_word' id='word_1_683' title='bbox 281 5201 298 5215; x_wconf 92' lang='grc'><strong>.</strong></span> <span class='ocrx_word' id='word_1_684' title='bbox 320 5200 336 5215; x_wconf 92' lang='grc'><strong>.</strong></span> <span class='ocrx_word' id='word_1_685' title='bbox 361 5199 376 5213; x_wconf 94' lang='grc'><strong>.</strong></span> <span class='ocrx_word' id='word_1_686' title='bbox 399 5200 412 5212; x_wconf 93' lang='grc'><strong>.</strong></span> <span class='ocrx_word' id='word_1_687' title='bbox 436 5203 450 5216; x_wconf 93' lang='grc'><strong>.</strong></span> <span class='ocrx_word' id='word_1_688' title='bbox 469 5163 524 5213; x_wconf 80' lang='grc' dir='ltr'>ὲν</span> <span class='ocrx_word' id='word_1_689' title='bbox 552 5161 834 5229; x_wconf 78' lang='grc' dir='ltr'>διαφοραῖς</span> <span class='ocrx_word' id='word_1_690' title='bbox 877 5159 988 5211; x_wconf 80' lang='grc' dir='ltr'>ἴσον</span> <span class='ocrx_word' id='word_1_691' title='bbox 1014 5159 1306 5228; x_wconf 77' lang='grc' dir='ltr'>ἀπέχοντος</span> <span class='ocrx_word' id='word_1_692' title='bbox 1346 5158 1450 5211; x_wconf 83' lang='grc' dir='ltr'>ἀπὸ</span> <span class='ocrx_word' id='word_1_693' title='bbox 1477 5159 1568 5211; x_wconf 84' lang='lat'><strong>106</strong></span> <span class='ocrx_word' id='word_1_694' title='bbox 1619 5159 1840 5230; x_wconf 79' lang='grc' dir='ltr'>κέντρου</span> 
     </span>
    </p>
   </div>
   <div class='ocr_carea' id='block_1_87' title="bbox 280 5250 1840 5323">
    <p class='ocr_par' dir='ltr' id='par_1_87' title="bbox 280 5250 1840 5323">
     <span class='ocr_line' id='line_1_87' title="bbox 280 5250 1840 5323; baseline -0.001 -17"><span class='ocrx_word' id='word_1_695' title='bbox 280 5253 388 5306; x_wconf 77' lang='grc' dir='ltr'>ἴσοι</span> <span class='ocrx_word' id='word_1_696' title='bbox 420 5252 545 5306; x_wconf 80' lang='grc' dir='ltr'>εἰσί.</span> <span class='ocrx_word' id='word_1_697' title='bbox 575 5252 917 5322; x_wconf 82' lang='grc' dir='ltr'>Τεμνομένου</span> <span class='ocrx_word' id='word_1_698' title='bbox 958 5251 1063 5320; x_wconf 81' lang='grc' dir='ltr'>γὰρ</span> <span class='ocrx_word' id='word_1_699' title='bbox 1096 5250 1187 5303; x_wconf 82' lang='grc' dir='ltr'>τοῦ</span> <span class='ocrx_word' id='word_1_700' title='bbox 1233 5251 1604 5323; x_wconf 83' lang='grc' dir='ltr'>μεσημϐρινοῦ</span> <span class='ocrx_word' id='word_1_701' title='bbox 1644 5253 1840 5306; x_wconf 82' lang='grc' dir='ltr'>κύκλου</span> 
     </span>
    </p>
   </div>
   <div class='ocr_carea' id='block_1_88' title="bbox 278 5340 1840 5413">
    <p class='ocr_par' dir='ltr' id='par_1_88' title="bbox 278 5340 1840 5413">
     <span class='ocr_line' id='line_1_88' title="bbox 278 5340 1840 5413; baseline 0.001 -19"><span class='ocrx_word' id='word_1_702' title='bbox 278 5343 360 5405; x_wconf 80' lang='grc' dir='ltr'>εἰς</span> <span class='ocrx_word' id='word_1_703' title='bbox 389 5343 464 5408; x_wconf 83' lang='grc' dir='ltr'><strong>τξ⁹</strong></span> <span class='ocrx_word' id='word_1_704' title='bbox 498 5343 711 5413; x_wconf 88' lang='grc' dir='ltr'>μοίρας,</span> <span class='ocrx_word' id='word_1_705' title='bbox 755 5341 860 5395; x_wconf 83' lang='grc' dir='ltr'>ἀπὸ</span> <span class='ocrx_word' id='word_1_706' title='bbox 890 5342 933 5372; x_wconf 80' lang='grc'><strong><em>’⁵</em></strong></span> <span class='ocrx_word' id='word_1_707' title='bbox 977 5340 1345 5412; x_wconf 82' lang='grc' dir='ltr'>μεσημϐρινοῦ</span> <span class='ocrx_word' id='word_1_708' title='bbox 1378 5341 1577 5396; x_wconf 80' lang='grc' dir='ltr'>κύκλου</span> <span class='ocrx_word' id='word_1_709' title='bbox 1612 5343 1704 5398; x_wconf 74' lang='grc' dir='ltr'><strong>ἐπὶ</strong></span> <span class='ocrx_word' id='word_1_710' title='bbox 1751 5344 1840 5396; x_wconf 85' lang='grc' dir='ltr'><strong>τὸν</strong></span> 
     </span>
    </p>
   </div>
   <div class='ocr_carea' id='block_1_89' title="bbox 278 5429 1840 5506">
    <p class='ocr_par' dir='ltr' id='par_1_89' title="bbox 278 5429 1840 5506">
     <span class='ocr_line' id='line_1_89' title="bbox 278 5429 1840 5506; baseline 0.001 -19"><span class='ocrx_word' id='word_1_711' title='bbox 278 5435 536 5506; x_wconf 87' lang='grc' dir='ltr'>ἀρκτικὸν</span> <span class='ocrx_word' id='word_1_712' title='bbox 561 5434 756 5488; x_wconf 87' lang='grc' dir='ltr'>κύκλον</span> <span class='ocrx_word' id='word_1_713' title='bbox 789 5433 992 5505; x_wconf 85' lang='grc' dir='ltr'>μοιρῶν</span> <span class='ocrx_word' id='word_1_714' title='bbox 1031 5429 1117 5496; x_wconf 81' lang='grc' dir='ltr'>τς⁹</span> <span class='ocrx_word' id='word_1_715' title='bbox 1145 5433 1222 5463; x_wconf 70' lang='grc' dir='ltr'><strong>’δ’</strong></span> <span class='ocrx_word' id='word_1_716' title='bbox 1258 5433 1363 5486; x_wconf 85' lang='grc' dir='ltr'>ἀπὸ</span> <span class='ocrx_word' id='word_1_717' title='bbox 1397 5434 1453 5487; x_wconf 87' lang='grc' dir='ltr'><strong>δὲ</strong></span> <span class='ocrx_word' id='word_1_718' title='bbox 1492 5434 1584 5487; x_wconf 90' lang='lat'><strong>106</strong></span> <span class='ocrx_word' id='word_1_719' title='bbox 1631 5437 1723 5489; x_wconf 76' lang='grc' dir='ltr'><strong>ἐπὶ</strong></span> <span class='ocrx_word' id='word_1_720' title='bbox 1750 5437 1840 5490; x_wconf 85' lang='grc' dir='ltr'><strong>τὸν</strong></span> 
     </span>
    </p>
   </div>
   <div class='ocr_carea' id='block_1_90' title="bbox 1952 3139 3507 3205">
    <p class='ocr_par' dir='ltr' id='par_1_90' title="bbox 1952 3139 3507 3205">
     <span class='ocr_line' id='line_1_90' title="bbox 1952 3139 3507 3205; baseline 0.004 -13"><span class='ocrx_word' id='word_1_721' title='bbox 1952 3140 2089 3194; x_wconf 89' lang='lat' dir='ltr'><strong>alter</strong></span> <span class='ocrx_word' id='word_1_722' title='bbox 2141 3139 2386 3194; x_wconf 79' lang='lat' dir='ltr'><strong>occiduus</strong></span> <span class='ocrx_word' id='word_1_723' title='bbox 2419 3139 2659 3205; x_wconf 90' lang='lat' dir='ltr'><strong>dicitur,</strong></span> <span class='ocrx_word' id='word_1_724' title='bbox 2710 3141 3012 3196; x_wconf 86' lang='lat' dir='ltr'><strong>meridiana</strong></span> <span class='ocrx_word' id='word_1_725' title='bbox 3068 3151 3339 3197; x_wconf 89' lang='lat' dir='ltr'><strong>momenta</strong></span> <span class='ocrx_word' id='word_1_726' title='bbox 3376 3158 3507 3198; x_wconf 87' lang='lat' dir='ltr'><strong>con-</strong></span> 
     </span>
    </p>
   </div>
   <div class='ocr_carea' id='block_1_91' title="bbox 1949 3229 3503 3303">
    <p class='ocr_par' dir='ltr' id='par_1_91' title="bbox 1949 3229 3503 3303">
     <span class='ocr_line' id='line_1_91' title="bbox 1949 3229 3503 3303; baseline 0.005 -22"><span class='ocrx_word' id='word_1_727' title='bbox 1949 3229 2188 3298; x_wconf 81' lang='lat' dir='ltr'><strong>tingunt.</strong></span> <span class='ocrx_word' id='word_1_728' title='bbox 2248 3229 2422 3299; x_wconf 79' lang='lat' dir='ltr'><strong>Hujus</strong></span> <span class='ocrx_word' id='word_1_729' title='bbox 2463 3246 2589 3300; x_wconf 90' lang='lat' dir='ltr'><strong>pars</strong></span> <span class='ocrx_word' id='word_1_730' title='bbox 2647 3229 2870 3284; x_wconf 88' lang='lat' dir='ltr'><strong>dimidia</strong></span> <span class='ocrx_word' id='word_1_731' title='bbox 2926 3247 3091 3302; x_wconf 88' lang='lat' dir='ltr'><strong>supra</strong></span> <span class='ocrx_word' id='word_1_732' title='bbox 3135 3242 3331 3287; x_wconf 83' lang='lat' dir='ltr'><strong>terram</strong></span> <span class='ocrx_word' id='word_1_733' title='bbox 3387 3241 3503 3303; x_wconf 88' lang='lat' dir='ltr'><strong>est;</strong></span> 
     </span>
    </p>
   </div>
   <div class='ocr_carea' id='block_1_92' title="bbox 1951 3320 3507 3394">
    <p class='ocr_par' dir='ltr' id='par_1_92' title="bbox 1951 3320 3507 3394">
     <span class='ocr_line' id='line_1_92' title="bbox 1951 3320 3507 3394; baseline 0.004 -20"><span class='ocrx_word' id='word_1_734' title='bbox 1951 3320 2055 3374; x_wconf 88' lang='lat' dir='ltr'><strong>sub</strong></span> <span class='ocrx_word' id='word_1_735' title='bbox 2099 3328 2245 3376; x_wconf 89' lang='lat' dir='ltr'><strong>terra</strong></span> <span class='ocrx_word' id='word_1_736' title='bbox 2294 3321 2518 3376; x_wconf 88' lang='lat' dir='ltr'><strong>dimidia</strong></span> <span class='ocrx_word' id='word_1_737' title='bbox 2564 3336 2692 3392; x_wconf 89' lang='lat' dir='ltr'><strong>pars</strong></span> <span class='ocrx_word' id='word_1_738' title='bbox 2741 3323 2930 3376; x_wconf 87' lang='lat' dir='ltr'><strong>altera.</strong></span> <span class='ocrx_word' id='word_1_739' title='bbox 2961 3321 3106 3377; x_wconf 87' lang='lat' dir='ltr'><strong>Idem</strong></span> <span class='ocrx_word' id='word_1_740' title='bbox 3136 3331 3188 3379; x_wconf 92' lang='lat' dir='ltr'><strong>et</strong></span> <span class='ocrx_word' id='word_1_741' title='bbox 3229 3340 3324 3394; x_wconf 89' lang='lat' dir='ltr'><strong>per</strong></span> <span class='ocrx_word' id='word_1_742' title='bbox 3352 3325 3507 3394; x_wconf 83' lang='lat' dir='ltr'><strong>polos</strong></span> 
     </span>
    </p>
   </div>
   <div class='ocr_carea' id='block_1_93' title="bbox 1949 3409 3505 3484">
    <p class='ocr_par' dir='ltr' id='par_1_93' title="bbox 1949 3409 3505 3484">
     <span class='ocr_line' id='line_1_93' title="bbox 1949 3409 3505 3484; baseline 0.005 -21"><span class='ocrx_word' id='word_1_743' title='bbox 1949 3409 2200 3464; x_wconf 77' lang='lat' dir='ltr'><strong>bifariam</strong></span> <span class='ocrx_word' id='word_1_744' title='bbox 2233 3412 2301 3465; x_wconf 92' lang='lat' dir='ltr'><strong>ab</strong></span> <span class='ocrx_word' id='word_1_745' title='bbox 2335 3412 2615 3467; x_wconf 86' lang='lat' dir='ltr'><strong>horizonte</strong></span> <span class='ocrx_word' id='word_1_746' title='bbox 2645 3412 2944 3468; x_wconf 89' lang='lat' dir='ltr'><strong>dividitur:</strong></span> <span class='ocrx_word' id='word_1_747' title='bbox 2974 3414 3432 3484; x_wconf 88' lang='lat' dir='ltr'><strong>quemadmodum</strong></span> <span class='ocrx_word' id='word_1_748' title='bbox 3473 3431 3505 3472; x_wconf 87' lang='lat' dir='ltr'><strong>a</strong></span> 
     </span>
    </p>
   </div>
   <div class='ocr_carea' id='block_1_94' title="bbox 1947 3503 3505 3574">
    <p class='ocr_par' dir='ltr' id='par_1_94' title="bbox 1947 3503 3505 3574">
     <span class='ocr_line' id='line_1_94' title="bbox 1947 3503 3505 3574; baseline 0.006 -20"><span class='ocrx_word' id='word_1_749' title='bbox 1947 3503 2223 3571; x_wconf 84' lang='lat' dir='ltr'><strong>parallelis</strong></span> <span class='ocrx_word' id='word_1_750' title='bbox 2264 3503 2605 3559; x_wconf 89' lang='lat' dir='ltr'><strong>horizontem</strong></span> <span class='ocrx_word' id='word_1_751' title='bbox 2650 3505 2828 3574; x_wconf 90' lang='lat' dir='ltr'><strong>ipsum</strong></span> <span class='ocrx_word' id='word_1_752' title='bbox 2869 3507 3040 3560; x_wconf 89' lang='lat' dir='ltr'><strong>secari</strong></span> <span class='ocrx_word' id='word_1_753' title='bbox 3073 3507 3505 3564; x_wconf 77' lang='lat' dir='ltr'><strong>diximusznam</strong></span> 
     </span>
    </p>
   </div>
   <div class='ocr_carea' id='block_1_95' title="bbox 1948 3597 3502 3671">
    <p class='ocr_par' dir='ltr' id='par_1_95' title="bbox 1948 3597 3502 3671">
     <span class='ocr_line' id='line_1_95' title="bbox 1948 3597 3502 3671; baseline 0.005 -23"><span class='ocrx_word' id='word_1_754' title='bbox 1948 3597 2220 3663; x_wconf 90' lang='lat' dir='ltr'><strong>arcticus,</strong></span> <span class='ocrx_word' id='word_1_755' title='bbox 2279 3597 2537 3653; x_wconf 87' lang='lat' dir='ltr'><strong>minimus</strong></span> <span class='ocrx_word' id='word_1_756' title='bbox 2584 3613 2705 3652; x_wconf 91' lang='lat' dir='ltr'><strong>cum</strong></span> <span class='ocrx_word' id='word_1_757' title='bbox 2763 3599 2854 3662; x_wconf 86' lang='lat' dir='ltr'><strong>sit,</strong></span> <span class='ocrx_word' id='word_1_758' title='bbox 2903 3606 3049 3654; x_wconf 88' lang='lat' dir='ltr'><strong>totus</strong></span> <span class='ocrx_word' id='word_1_759' title='bbox 3095 3617 3258 3671; x_wconf 90' lang='lat' dir='ltr'><strong>supra</strong></span> <span class='ocrx_word' id='word_1_760' title='bbox 3302 3609 3502 3656; x_wconf 87' lang='lat' dir='ltr'><strong>terram</strong></span> 
     </span>
    </p>
   </div>
   <div class='ocr_carea' id='block_1_96' title="bbox 1948 3687 3501 3748">
    <p class='ocr_par' dir='ltr' id='par_1_96' title="bbox 1948 3687 3501 3748">
     <span class='ocr_line' id='line_1_96' title="bbox 1948 3687 3501 3748; baseline 0.005 -7"><span class='ocrx_word' id='word_1_761' title='bbox 1948 3687 2148 3742; x_wconf 87' lang='lat' dir='ltr'><strong>eminet</strong></span> <span class='ocrx_word' id='word_1_762' title='bbox 2181 3728 2194 3743; x_wconf 95' lang='lat'><strong>.</strong></span> <span class='ocrx_word' id='word_1_763' title='bbox 2226 3727 2239 3740; x_wconf 94' lang='lat'><strong>.</strong></span> <span class='ocrx_word' id='word_1_764' title='bbox 2270 3727 2283 3740; x_wconf 92' lang='lat'><strong>.</strong></span> <span class='ocrx_word' id='word_1_765' title='bbox 2313 3729 2326 3743; x_wconf 97' lang='lat'><strong>.</strong></span> <span class='ocrx_word' id='word_1_766' title='bbox 2355 3727 2367 3739; x_wconf 95' lang='lat'><strong>.</strong></span> <span class='ocrx_word' id='word_1_767' title='bbox 2403 3688 2473 3742; x_wconf 91' lang='lat' dir='ltr'><strong>ob</strong></span> <span class='ocrx_word' id='word_1_768' title='bbox 2522 3689 2928 3744; x_wconf 86' lang='lat' dir='ltr'><strong>inclinationem</strong></span> <span class='ocrx_word' id='word_1_769' title='bbox 2979 3691 3166 3745; x_wconf 92' lang='lat' dir='ltr'><strong>mundi</strong></span> <span class='ocrx_word' id='word_1_770' title='bbox 3199 3694 3501 3748; x_wconf 89' lang='lat' dir='ltr'><strong>secundum</strong></span> 
     </span>
    </p>
   </div>
   <div class='ocr_carea' id='block_1_97' title="bbox 1947 3776 3501 3851">
    <p class='ocr_par' dir='ltr' id='par_1_97' title="bbox 1947 3776 3501 3851">
     <span class='ocr_line' id='line_1_97' title="bbox 1947 3776 3501 3851; baseline 0.005 -19"><span class='ocrx_word' id='word_1_771' title='bbox 1947 3776 2167 3833; x_wconf 68' lang='lat' dir='ltr'><strong>Graeciae</strong></span> <span class='ocrx_word' id='word_1_772' title='bbox 2197 3780 2379 3842; x_wconf 88' lang='lat' dir='ltr'><strong>clima,</strong></span> <span class='ocrx_word' id='word_1_773' title='bbox 2404 3781 2699 3851; x_wconf 80' lang='lat' dir='ltr'><strong>attingente</strong></span> <span class='ocrx_word' id='word_1_774' title='bbox 2730 3782 2903 3850; x_wconf 89' lang='lat' dir='ltr'><strong>ipsum</strong></span> <span class='ocrx_word' id='word_1_775' title='bbox 2941 3781 3195 3839; x_wconf 83' lang='lat' dir='ltr'><strong>inferiore</strong></span> <span class='ocrx_word' id='word_1_776' title='bbox 3222 3785 3451 3840; x_wconf 90' lang='lat' dir='ltr'><strong>ambitu.</strong></span> <span class='ocrx_word' id='word_1_777' title='bbox 3483 3819 3501 3845; x_wconf 89' lang='lat'><strong>.</strong></span> 
     </span>
    </p>
   </div>
   <div class='ocr_carea' id='block_1_98' title="bbox 2000 3872 3186 3930">
    <p class='ocr_par' dir='ltr' id='par_1_98' title="bbox 2000 3872 3186 3930">
     <span class='ocr_line' id='line_1_98' title="bbox 2000 3872 3186 3930; baseline 0.003 -5"><span class='ocrx_word' id='word_1_778' title='bbox 2000 3911 2014 3925; x_wconf 94' lang='lat'><strong>.</strong></span> <span class='ocrx_word' id='word_1_779' title='bbox 2048 3912 2060 3924; x_wconf 96' lang='lat'><strong>.</strong></span> <span class='ocrx_word' id='word_1_780' title='bbox 2099 3872 2216 3925; x_wconf 86' lang='lat' dir='ltr'><strong>vice</strong></span> <span class='ocrx_word' id='word_1_781' title='bbox 2242 3887 2395 3926; x_wconf 88' lang='lat' dir='ltr'><strong>versa</strong></span> <span class='ocrx_word' id='word_1_782' title='bbox 2419 3880 2564 3927; x_wconf 88' lang='lat' dir='ltr'><strong>totus</strong></span> <span class='ocrx_word' id='word_1_783' title='bbox 2597 3872 2699 3926; x_wconf 91' lang='lat' dir='ltr'><strong>sub</strong></span> <span class='ocrx_word' id='word_1_784' title='bbox 2722 3880 2865 3927; x_wconf 88' lang='lat' dir='ltr'><strong>terra</strong></span> <span class='ocrx_word' id='word_1_785' title='bbox 2895 3873 3186 3930; x_wconf 85' lang='lat' dir='ltr'><strong>delitescit.</strong></span> 
     </span>
    </p>
   </div>
   <div class='ocr_carea' id='block_1_99' title="bbox 2017 3963 3506 4038">
    <p class='ocr_par' dir='ltr' id='par_1_99' title="bbox 2017 3963 3506 4038">
     <span class='ocr_line' id='line_1_99' title="bbox 2017 3963 3506 4038; baseline 0.003 -20"><span class='ocrx_word' id='word_1_786' title='bbox 2017 3963 2433 4034; x_wconf 64' lang='lat' dir='ltr'><strong>Equinoctialis</strong></span> <span class='ocrx_word' id='word_1_787' title='bbox 2467 3965 2708 4021; x_wconf 87' lang='lat' dir='ltr'><strong>circulus</strong></span> <span class='ocrx_word' id='word_1_788' title='bbox 2756 3967 3051 4030; x_wconf 77' lang='lat' dir='ltr'><strong>maximus,</strong></span> <span class='ocrx_word' id='word_1_789' title='bbox 3100 3983 3164 4022; x_wconf 90' lang='lat' dir='ltr'><strong>ac</strong></span> <span class='ocrx_word' id='word_1_790' title='bbox 3218 3967 3506 4038; x_wconf 86' lang='lat' dir='ltr'><strong>parallelo-</strong></span> 
     </span>
    </p>
   </div>
   <div class='ocr_carea' id='block_1_100' title="bbox 1945 4054 3504 4127">
    <p class='ocr_par' dir='ltr' id='par_1_100' title="bbox 1945 4054 3504 4127">
     <span class='ocr_line' id='line_1_100' title="bbox 1945 4054 3504 4127; baseline 0.003 -19"><span class='ocrx_word' id='word_1_791' title='bbox 1945 4070 2066 4108; x_wconf 92' lang='lat' dir='ltr'><strong>rum</strong></span> <span class='ocrx_word' id='word_1_792' title='bbox 2097 4055 2328 4118; x_wconf 85' lang='lat' dir='ltr'><strong>medius,</strong></span> <span class='ocrx_word' id='word_1_793' title='bbox 2354 4054 2580 4108; x_wconf 89' lang='lat' dir='ltr'><strong>dimidia</strong></span> <span class='ocrx_word' id='word_1_794' title='bbox 2612 4055 2697 4109; x_wconf 90' lang='lat' dir='ltr'><strong>sui</strong></span> <span class='ocrx_word' id='word_1_795' title='bbox 2726 4064 2878 4127; x_wconf 90' lang='lat' dir='ltr'><strong>parte</strong></span> <span class='ocrx_word' id='word_1_796' title='bbox 2905 4073 3069 4127; x_wconf 90' lang='lat' dir='ltr'><strong>supra</strong></span> <span class='ocrx_word' id='word_1_797' title='bbox 3100 4064 3303 4112; x_wconf 88' lang='lat' dir='ltr'><strong>terram</strong></span> <span class='ocrx_word' id='word_1_798' title='bbox 3341 4059 3473 4113; x_wconf 92' lang='lat' dir='ltr'><strong>attol</strong></span> <span class='ocrx_word' id='word_1_799' title='bbox 3499 4096 3504 4100; x_wconf 67' lang='grc' dir='ltr'><em>ς</em></span> 
     </span>
    </p>
   </div>
   <div class='ocr_carea' id='block_1_101' title="bbox 1947 4147 3503 4214">
    <p class='ocr_par' dir='ltr' id='par_1_101' title="bbox 1947 4147 3503 4214">
     <span class='ocr_line' id='line_1_101' title="bbox 1947 4147 3503 4214; baseline 0.003 -13"><span class='ocrx_word' id='word_1_800' title='bbox 1947 4148 2095 4214; x_wconf 91' lang='lat' dir='ltr'><strong>litur,</strong></span> <span class='ocrx_word' id='word_1_801' title='bbox 2125 4147 2377 4202; x_wconf 82' lang='lat' dir='ltr'><strong>bifariam</strong></span> <span class='ocrx_word' id='word_1_802' title='bbox 2411 4149 2480 4202; x_wconf 85' lang='lat' dir='ltr'><strong>ab</strong></span> <span class='ocrx_word' id='word_1_803' title='bbox 2509 4149 2790 4204; x_wconf 89' lang='lat' dir='ltr'><strong>horizonte</strong></span> <span class='ocrx_word' id='word_1_804' title='bbox 2819 4149 3050 4214; x_wconf 90' lang='lat' dir='ltr'><strong>divisus,</strong></span> <span class='ocrx_word' id='word_1_805' title='bbox 3083 4151 3250 4206; x_wconf 89' lang='lat' dir='ltr'><strong>altera</strong></span> <span class='ocrx_word' id='word_1_806' title='bbox 3279 4151 3503 4206; x_wconf 86' lang='lat' dir='ltr'><strong>dimidia</strong></span> 
     </span>
    </p>
   </div>
   <div class='ocr_carea' id='block_1_102' title="bbox 1945 4243 3505 4318">
    <p class='ocr_par' dir='ltr' id='par_1_102' title="bbox 1945 4243 3505 4318">
     <span class='ocr_line' id='line_1_102' title="bbox 1945 4243 3505 4318; baseline 0.005 -24"><span class='ocrx_word' id='word_1_807' title='bbox 1945 4249 2100 4311; x_wconf 88' lang='lat' dir='ltr'><strong>parte</strong></span> <span class='ocrx_word' id='word_1_808' title='bbox 2133 4243 2236 4296; x_wconf 89' lang='lat' dir='ltr'><strong>sub</strong></span> <span class='ocrx_word' id='word_1_809' title='bbox 2268 4250 2413 4298; x_wconf 89' lang='lat' dir='ltr'><strong>terra</strong></span> <span class='ocrx_word' id='word_1_810' title='bbox 2462 4243 2809 4313; x_wconf 83' lang='lat' dir='ltr'><strong>deprimitur.</strong></span> <span class='ocrx_word' id='word_1_811' title='bbox 2863 4245 2923 4298; x_wconf 88' lang='lat' dir='ltr'><strong>In</strong></span> <span class='ocrx_word' id='word_1_812' title='bbox 2977 4244 3078 4300; x_wconf 92' lang='lat' dir='ltr'><strong>bas</strong></span> <span class='ocrx_word' id='word_1_813' title='bbox 3133 4259 3264 4299; x_wconf 91' lang='lat' dir='ltr'><strong>vero</strong></span> <span class='ocrx_word' id='word_1_814' title='bbox 3318 4254 3505 4318; x_wconf 76' lang='lat' dir='ltr'><strong>partes</strong></span> 
     </span>
    </p>
   </div>
   <div class='ocr_carea' id='block_1_103' title="bbox 1945 4333 3504 4405">
    <p class='ocr_par' dir='ltr' id='par_1_103' title="bbox 1945 4333 3504 4405">
     <span class='ocr_line' id='line_1_103' title="bbox 1945 4333 3504 4405; baseline 0.001 -17"><span class='ocrx_word' id='word_1_815' title='bbox 1945 4333 2082 4389; x_wconf 90' lang='lat' dir='ltr'><strong>duas</strong></span> <span class='ocrx_word' id='word_1_816' title='bbox 2110 4333 2320 4390; x_wconf 90' lang='lat' dir='ltr'><strong>duobus</strong></span> <span class='ocrx_word' id='word_1_817' title='bbox 2352 4334 2405 4388; x_wconf 93' lang='lat' dir='ltr'><strong>in</strong></span> <span class='ocrx_word' id='word_1_818' title='bbox 2464 4335 2682 4404; x_wconf 91' lang='lat' dir='ltr'><strong>punctis</strong></span> <span class='ocrx_word' id='word_1_819' title='bbox 2716 4343 2968 4390; x_wconf 87' lang='lat' dir='ltr'><strong>secatur:</strong></span> <span class='ocrx_word' id='word_1_820' title='bbox 3009 4338 3260 4405; x_wconf 89' lang='lat' dir='ltr'><strong>quorum&#39;</strong></span> <span class='ocrx_word' id='word_1_821' title='bbox 3285 4335 3338 4388; x_wconf 87' lang='lat' dir='ltr'><strong>in</strong></span> <span class='ocrx_word' id='word_1_822' title='bbox 3395 4351 3504 4390; x_wconf 92' lang='lat' dir='ltr'><strong>uno</strong></span> 
     </span>
    </p>
   </div>
   <div class='ocr_carea' id='block_1_104' title="bbox 1879 4426 3502 4513">
    <p class='ocr_par' dir='ltr' id='par_1_104' title="bbox 1879 4426 3502 4513">
     <span class='ocr_line' id='line_1_104' title="bbox 1879 4426 3502 4513; baseline 0.001 -32"><span class='ocrx_word' id='word_1_823' title='bbox 1879 4427 2148 4513; x_wconf 77' lang='lat' dir='ltr'><strong>DArietis</strong></span> <span class='ocrx_word' id='word_1_824' title='bbox 2199 4437 2282 4482; x_wconf 87' lang='lat' dir='ltr'><strong>est</strong></span> <span class='ocrx_word' id='word_1_825' title='bbox 2322 4428 2553 4491; x_wconf 88' lang='lat' dir='ltr'><strong>initium,</strong></span> <span class='ocrx_word' id='word_1_826' title='bbox 2583 4427 2636 4482; x_wconf 93' lang='lat' dir='ltr'><strong>in</strong></span> <span class='ocrx_word' id='word_1_827' title='bbox 2689 4428 2881 4494; x_wconf 89' lang='lat' dir='ltr'><strong>altero,</strong></span> <span class='ocrx_word' id='word_1_828' title='bbox 2934 4428 3242 4483; x_wconf 88' lang='lat' dir='ltr'><strong>Chelarum.</strong></span> <span class='ocrx_word' id='word_1_829' title='bbox 3289 4426 3502 4498; x_wconf 78' lang='lat' dir='ltr'><strong>Trapici</strong></span> 
     </span>
    </p>
   </div>
   <div class='ocr_carea' id='block_1_105' title="bbox 1946 4521 3503 4591">
    <p class='ocr_par' dir='ltr' id='par_1_105' title="bbox 1946 4521 3503 4591">
     <span class='ocr_line' id='line_1_105' title="bbox 1946 4521 3503 4591; baseline 0 -16"><span class='ocrx_word' id='word_1_830' title='bbox 1946 4521 2119 4576; x_wconf 78' lang='lat' dir='ltr'><strong>aestivi</strong></span> <span class='ocrx_word' id='word_1_831' title='bbox 2172 4521 2403 4591; x_wconf 89' lang='lat' dir='ltr'><strong>amplius</strong></span> <span class='ocrx_word' id='word_1_832' title='bbox 2449 4521 2674 4575; x_wconf 90' lang='lat' dir='ltr'><strong>dimidio</strong></span> <span class='ocrx_word' id='word_1_833' title='bbox 2729 4522 2801 4577; x_wconf 87' lang='lat' dir='ltr'><strong>ab</strong></span> <span class='ocrx_word' id='word_1_834' title='bbox 2853 4521 3136 4576; x_wconf 87' lang='lat' dir='ltr'><strong>borizonte</strong></span> <span class='ocrx_word' id='word_1_835' title='bbox 3189 4521 3503 4576; x_wconf 86' lang='lat' dir='ltr'><strong>intercisum</strong></span> 
     </span>
    </p>
   </div>
   <div class='ocr_carea' id='block_1_106' title="bbox 1949 4613 3504 4684">
    <p class='ocr_par' dir='ltr' id='par_1_106' title="bbox 1949 4613 3504 4684">
     <span class='ocr_line' id='line_1_106' title="bbox 1949 4613 3504 4684; baseline 0 -16"><span class='ocrx_word' id='word_1_836' title='bbox 1949 4629 2116 4682; x_wconf 89' lang='lat' dir='ltr'><strong>supra</strong></span> <span class='ocrx_word' id='word_1_837' title='bbox 2167 4619 2367 4668; x_wconf 90' lang='lat' dir='ltr'><strong>terram</strong></span> <span class='ocrx_word' id='word_1_838' title='bbox 2406 4615 2663 4684; x_wconf 79' lang='lat' dir='ltr'><strong>assurgit,</strong></span> <span class='ocrx_word' id='word_1_839' title='bbox 2692 4615 2958 4684; x_wconf 84' lang='lat' dir='ltr'><strong>reliquum</strong></span> <span class='ocrx_word' id='word_1_840' title='bbox 3013 4613 3114 4669; x_wconf 90' lang='lat' dir='ltr'><strong>sub</strong></span> <span class='ocrx_word' id='word_1_841' title='bbox 3146 4622 3346 4669; x_wconf 90' lang='lat' dir='ltr'><strong>terram</strong></span> <span class='ocrx_word' id='word_1_842' title='bbox 3380 4613 3504 4668; x_wconf 85' lang='lat' dir='ltr'><strong>abs-</strong></span> 
     </span>
    </p>
   </div>
   <div class='ocr_carea' id='block_1_107' title="bbox 1946 4706 3500 4776">
    <p class='ocr_par' dir='ltr' id='par_1_107' title="bbox 1946 4706 3500 4776">
     <span class='ocr_line' id='line_1_107' title="bbox 1946 4706 3500 4776; baseline 0 -16"><span class='ocrx_word' id='word_1_843' title='bbox 1946 4706 2221 4762; x_wconf 90' lang='lat' dir='ltr'><strong>conditur.</strong></span> <span class='ocrx_word' id='word_1_844' title='bbox 2285 4707 2490 4760; x_wconf 79' lang='lat' dir='ltr'><strong>Contra</strong></span> <span class='ocrx_word' id='word_1_845' title='bbox 2554 4723 2612 4762; x_wconf 91' lang='lat' dir='ltr'><strong>se</strong></span> <span class='ocrx_word' id='word_1_846' title='bbox 2683 4707 2844 4760; x_wconf 86' lang='lat' dir='ltr'><strong>habet</strong></span> <span class='ocrx_word' id='word_1_847' title='bbox 2914 4707 3177 4761; x_wconf 89' lang='lat' dir='ltr'><strong>hibernus</strong></span> <span class='ocrx_word' id='word_1_848' title='bbox 3237 4708 3500 4776; x_wconf 89' lang='lat' dir='ltr'><strong>tropicus.</strong></span> 
     </span>
    </p>
   </div>
   <div class='ocr_carea' id='block_1_108' title="bbox 1945 4797 3503 4863">
    <p class='ocr_par' dir='ltr' id='par_1_108' title="bbox 1945 4797 3503 4863">
     <span class='ocr_line' id='line_1_108' title="bbox 1945 4797 3503 4863; baseline 0.001 -13"><span class='ocrx_word' id='word_1_849' title='bbox 1945 4797 2120 4851; x_wconf 83' lang='lat' dir='ltr'><strong>Ambo</strong></span> <span class='ocrx_word' id='word_1_850' title='bbox 2168 4799 2256 4852; x_wconf 91' lang='lat' dir='ltr'><strong>isti</strong></span> <span class='ocrx_word' id='word_1_851' title='bbox 2297 4807 2355 4853; x_wconf 92' lang='lat' dir='ltr'><strong>ut</strong></span> <span class='ocrx_word' id='word_1_852' title='bbox 2397 4799 2637 4854; x_wconf 90' lang='lat' dir='ltr'><strong>minores</strong></span> <span class='ocrx_word' id='word_1_853' title='bbox 2681 4799 2932 4853; x_wconf 79' lang='lat' dir='ltr'><strong>maximis</strong></span> <span class='ocrx_word' id='word_1_854' title='bbox 2964 4807 3112 4863; x_wconf 89' lang='lat' dir='ltr'><strong>sunt,</strong></span> <span class='ocrx_word' id='word_1_855' title='bbox 3139 4798 3234 4854; x_wconf 84' lang='lat' dir='ltr'><strong>&#39;sic</strong></span> <span class='ocrx_word' id='word_1_856' title='bbox 3267 4798 3503 4852; x_wconf 91' lang='lat' dir='ltr'><strong>minimis</strong></span> 
     </span>
    </p>
   </div>
   <div class='ocr_carea' id='block_1_109' title="bbox 1948 4889 3500 4959">
    <p class='ocr_par' dir='ltr' id='par_1_109' title="bbox 1948 4889 3500 4959">
     <span class='ocr_line' id='line_1_109' title="bbox 1948 4889 3500 4959; baseline -0.001 -15"><span class='ocrx_word' id='word_1_857' title='bbox 1948 4890 2207 4959; x_wconf 88' lang='lat' dir='ltr'><strong>majores.</strong></span> <span class='ocrx_word' id='word_1_858' title='bbox 2260 4889 2390 4946; x_wconf 88' lang='lat' dir='ltr'><strong>Post</strong></span> <span class='ocrx_word' id='word_1_859' title='bbox 2445 4892 2710 4945; x_wconf 77' lang='lat' dir='ltr'><strong>maximos</strong></span> <span class='ocrx_word' id='word_1_860' title='bbox 2773 4891 3008 4958; x_wconf 66' lang='lat' dir='ltr'><strong>wquales</strong></span> <span class='ocrx_word' id='word_1_861' title='bbox 3064 4897 3190 4943; x_wconf 87' lang='lat' dir='ltr'><strong>sunt</strong></span> <span class='ocrx_word' id='word_1_862' title='bbox 3249 4890 3500 4950; x_wconf 90' lang='lat' dir='ltr'><strong>invicem,</strong></span> 
     </span>
    </p>
   </div>
   <div class='ocr_carea' id='block_1_110' title="bbox 1946 4977 3499 5050">
    <p class='ocr_par' dir='ltr' id='par_1_110' title="bbox 1946 4977 3499 5050">
     <span class='ocr_line' id='line_1_110' title="bbox 1946 4977 3499 5050; baseline -0.003 -16"><span class='ocrx_word' id='word_1_863' title='bbox 1946 4983 2189 5050; x_wconf 85' lang='lat' dir='ltr'><strong>tropicus</strong></span> <span class='ocrx_word' id='word_1_864' title='bbox 2241 4983 2463 5037; x_wconf 72' lang='lat' dir='ltr'><strong>:estivus</strong></span> <span class='ocrx_word' id='word_1_865' title='bbox 2507 4981 2756 5046; x_wconf 88' lang='lat' dir='ltr'><strong>hiberno,</strong></span> <span class='ocrx_word' id='word_1_866' title='bbox 2807 4987 2859 5034; x_wconf 87' lang='lat' dir='ltr'><strong>et</strong></span> <span class='ocrx_word' id='word_1_867' title='bbox 2894 4979 3129 5033; x_wconf 90' lang='lat' dir='ltr'><strong>arcticus</strong></span> <span class='ocrx_word' id='word_1_868' title='bbox 3160 4977 3499 5031; x_wconf 84' lang='lat' dir='ltr'><strong>antarctico:</strong></span> 
     </span>
    </p>
   </div>
   <div class='ocr_carea' id='block_1_111' title="bbox 1947 5065 3504 5143">
    <p class='ocr_par' dir='ltr' id='par_1_111' title="bbox 1947 5065 3504 5143">
     <span class='ocr_line' id='line_1_111' title="bbox 1947 5065 3504 5143; baseline -0.006 -17"><span class='ocrx_word' id='word_1_869' title='bbox 1947 5073 2148 5143; x_wconf 86' lang='lat' dir='ltr'><strong>quippe</strong></span> <span class='ocrx_word' id='word_1_870' title='bbox 2181 5072 2249 5125; x_wconf 88' lang='lat' dir='ltr'><strong>ab</strong></span> <span class='ocrx_word' id='word_1_871' title='bbox 2281 5071 2646 5141; x_wconf 61' lang='lat' dir='ltr'><strong>aequinoctiali</strong></span> <span class='ocrx_word' id='word_1_872' title='bbox 2672 5071 2873 5124; x_wconf 85' lang='lat' dir='ltr'><strong>distant</strong></span> <span class='ocrx_word' id='word_1_873' title='bbox 2897 5068 3178 5138; x_wconf 84' lang='lat' dir='ltr'><strong>aequaliter</strong></span> <span class='ocrx_word' id='word_1_874' title='bbox 3207 5085 3220 5121; x_wconf 90' lang='lat'><strong>:</strong></span> <span class='ocrx_word' id='word_1_875' title='bbox 3253 5065 3347 5135; x_wconf 84' lang='lat' dir='ltr'><strong>qui</strong></span> <span class='ocrx_word' id='word_1_876' title='bbox 3375 5080 3504 5119; x_wconf 87' lang='lat' dir='ltr'><strong>cen-</strong></span> 
     </span>
    </p>
   </div>
   <div class='ocr_carea' id='block_1_112' title="bbox 1947 5155 3500 5228">
    <p class='ocr_par' dir='ltr' id='par_1_112' title="bbox 1947 5155 3500 5228">
     <span class='ocr_line' id='line_1_112' title="bbox 1947 5155 3500 5228; baseline -0.006 -10"><span class='ocrx_word' id='word_1_877' title='bbox 1947 5172 2089 5218; x_wconf 87' lang='lat' dir='ltr'><strong>trum</strong></span> <span class='ocrx_word' id='word_1_878' title='bbox 2121 5163 2422 5218; x_wconf 89' lang='lat' dir='ltr'><strong>continent.</strong></span> <span class='ocrx_word' id='word_1_879' title='bbox 2459 5164 2559 5228; x_wconf 89' lang='lat' dir='ltr'><strong>Qui</strong></span> <span class='ocrx_word' id='word_1_880' title='bbox 2595 5173 2771 5216; x_wconf 87' lang='lat' dir='ltr'><strong>autem</strong></span> <span class='ocrx_word' id='word_1_881' title='bbox 2803 5162 2993 5216; x_wconf 89' lang='lat' dir='ltr'><strong>circuli</strong></span> <span class='ocrx_word' id='word_1_882' title='bbox 3029 5177 3096 5214; x_wconf 84' lang='lat' dir='ltr'><strong>ex</strong></span> <span class='ocrx_word' id='word_1_883' title='bbox 3130 5175 3285 5228; x_wconf 85' lang='lat' dir='ltr'><strong>aequo</strong></span> <span class='ocrx_word' id='word_1_884' title='bbox 3310 5155 3500 5212; x_wconf 89' lang='lat' dir='ltr'><strong>remoti</strong></span> 
     </span>
    </p>
   </div>
   <div class='ocr_carea' id='block_1_113' title="bbox 1949 5245 3499 5321">
    <p class='ocr_par' dir='ltr' id='par_1_113' title="bbox 1949 5245 3499 5321">
     <span class='ocr_line' id='line_1_113' title="bbox 1949 5245 3499 5321; baseline -0.006 -13"><span class='ocrx_word' id='word_1_885' title='bbox 1949 5263 2078 5308; x_wconf 91' lang='lat' dir='ltr'><strong>sunt</strong></span> <span class='ocrx_word' id='word_1_886' title='bbox 2130 5268 2160 5306; x_wconf 90' lang='lat' dir='ltr'><strong>a</strong></span> <span class='ocrx_word' id='word_1_887' title='bbox 2205 5261 2414 5315; x_wconf 85' lang='lat' dir='ltr'><strong>centro,</strong></span> <span class='ocrx_word' id='word_1_888' title='bbox 2462 5262 2587 5308; x_wconf 88' lang='lat' dir='ltr'><strong>sunt</strong></span> <span class='ocrx_word' id='word_1_889' title='bbox 2633 5253 2870 5321; x_wconf 65' lang='lat' dir='ltr'><strong>aequales</strong></span> <span class='ocrx_word' id='word_1_890' title='bbox 2912 5252 3164 5306; x_wconf 85' lang='lat' dir='ltr'><strong>invicem.</strong></span> <span class='ocrx_word' id='word_1_891' title='bbox 3197 5248 3408 5302; x_wconf 86' lang='lat' dir='ltr'><strong>Etenim</strong></span> <span class='ocrx_word' id='word_1_892' title='bbox 3452 5245 3499 5300; x_wconf 90' lang='lat' dir='ltr'><strong>si</strong></span> 
     </span>
    </p>
   </div>
   <div class='ocr_carea' id='block_1_114' title="bbox 1947 5341 3498 5414">
    <p class='ocr_par' dir='ltr' id='par_1_114' title="bbox 1947 5341 3498 5414">
     <span class='ocr_line' id='line_1_114' title="bbox 1947 5341 3498 5414; baseline -0.005 -14"><span class='ocrx_word' id='word_1_893' title='bbox 1947 5347 2307 5401; x_wconf 89' lang='lat' dir='ltr'><strong>meridianum</strong></span> <span class='ocrx_word' id='word_1_894' title='bbox 2358 5347 2622 5400; x_wconf 87' lang='lat' dir='ltr'><strong>circulum</strong></span> <span class='ocrx_word' id='word_1_895' title='bbox 2675 5349 2726 5398; x_wconf 91' lang='lat' dir='ltr'><strong>in</strong></span> <span class='ocrx_word' id='word_1_896' title='bbox 2783 5344 2886 5399; x_wconf 76' lang='lat'><strong>360</strong></span> <span class='ocrx_word' id='word_1_897' title='bbox 2948 5351 3130 5414; x_wconf 90' lang='lat' dir='ltr'><strong>partes</strong></span> <span class='ocrx_word' id='word_1_898' title='bbox 3179 5341 3498 5403; x_wconf 84' lang='lat' dir='ltr'><strong>distribuas,</strong></span> 
     </span>
    </p>
   </div>
   <div class='ocr_carea' id='block_1_115' title="bbox 1947 5433 3501 5508">
    <p class='ocr_par' dir='ltr' id='par_1_115' title="bbox 1947 5433 3501 5508">
     <span class='ocr_line' id='line_1_115' title="bbox 1947 5433 3501 5508; baseline -0.005 -16"><span class='ocrx_word' id='word_1_899' title='bbox 1947 5445 2112 5492; x_wconf 88' lang='lat' dir='ltr'><strong>erunt</strong></span> <span class='ocrx_word' id='word_1_900' title='bbox 2153 5453 2182 5492; x_wconf 91' lang='lat' dir='ltr'><strong>a</strong></span> <span class='ocrx_word' id='word_1_901' title='bbox 2215 5438 2338 5508; x_wconf 88' lang='lat' dir='ltr'><strong>polo</strong></span> <span class='ocrx_word' id='word_1_902' title='bbox 2368 5437 2556 5491; x_wconf 88' lang='lat' dir='ltr'><strong>mundi</strong></span> <span class='ocrx_word' id='word_1_903' title='bbox 2590 5435 2654 5489; x_wconf 87' lang='lat' dir='ltr'><strong>ad</strong></span> <span class='ocrx_word' id='word_1_904' title='bbox 2691 5436 2952 5491; x_wconf 86' lang='lat' dir='ltr'><strong>arcticum</strong></span> <span class='ocrx_word' id='word_1_905' title='bbox 2998 5433 3286 5497; x_wconf 87' lang='lat' dir='ltr'><strong>circulum,</strong></span> <span class='ocrx_word' id='word_1_906' title='bbox 3317 5438 3501 5502; x_wconf 77' lang='lat' dir='ltr'><strong>partes</strong></span> 
     </span>
    </p>
   </div>
   <div class='ocr_carea' id='block_1_116' title="bbox 356 5593 1849 5694">
    <p class='ocr_par' dir='ltr' id='par_1_116' title="bbox 356 5593 1846 5694">
     <span class='ocr_line' id='line_1_116' title="bbox 356 5593 1846 5694; baseline 0.018 -45"><span class='ocrx_word' id='word_1_907' title='bbox 356 5618 394 5649; x_wconf 80' lang='grc' dir='ltr'><strong><em>η</em></strong></span> <span class='ocrx_word' id='word_1_908' title='bbox 420 5617 460 5686; x_wconf 52' lang='grc' dir='ltr'>ί,</span> <span class='ocrx_word' id='word_1_909' title='bbox 494 5616 684 5694; x_wconf 50' lang='grc' dir='ltr'>ρητερς,</span> <span class='ocrx_word' id='word_1_910' title='bbox 743 5593 873 5694; x_wconf 45' lang='lat'><strong>&#39;30].</strong></span> <span class='ocrx_word' id='word_1_911' title='bbox 893 5615 1002 5694; x_wconf 58' lang='grc' dir='ltr'>ξιά.</span> <span class='ocrx_word' id='word_1_912' title='bbox 1049 5617 1130 5694; x_wconf 30' lang='grc'>⁸³³·</span> <span class='ocrx_word' id='word_1_913' title='bbox 1342 5619 1399 5694; x_wconf 81' lang='lat'>_“</span> <span class='ocrx_word' id='word_1_914' title='bbox 1431 5617 1471 5685; x_wconf 80' lang='lat' dir='ltr'><strong>f.</strong></span> <span class='ocrx_word' id='word_1_915' title='bbox 1502 5619 1846 5691; x_wconf 67' lang='grc' dir='ltr'>τεμνόμενος.</span> 
     </span>
    </p>
   </div>
   <div class='ocr_carea' id='block_1_117' title="bbox 1948 5593 3498 5694">
    <p class='ocr_par' dir='ltr' id='par_1_117' title="bbox 1948 5615 3498 5694">
     <span class='ocr_line' id='line_1_117' title="bbox 1948 5615 3498 5694; baseline -0.005 -17"><span class='ocrx_word' id='word_1_916' title='bbox 1948 5621 1968 5652; x_wconf 91' lang='grc'>³</span> <span class='ocrx_word' id='word_1_917' title='bbox 1992 5621 2033 5691; x_wconf 83' lang='lat' dir='ltr'><strong>f.</strong></span> <span class='ocrx_word' id='word_1_918' title='bbox 2058 5622 2309 5694; x_wconf 82' lang='grc' dir='ltr'>τέμνεται</span> <span class='ocrx_word' id='word_1_919' title='bbox 2334 5622 2410 5678; x_wconf 83' lang='grc' dir='ltr'><strong>δέ.</strong></span> <span class='ocrx_word' id='word_1_920' title='bbox 2487 5623 2533 5656; x_wconf 67' lang='grc'><strong>’⁸</strong></span> <span class='ocrx_word' id='word_1_921' title='bbox 2555 5623 2595 5692; x_wconf 83' lang='grc' dir='ltr'>Ῑ.</span> <span class='ocrx_word' id='word_1_922' title='bbox 2631 5623 2754 5678; x_wconf 81' lang='grc' dir='ltr'>τσοι.</span> <span class='ocrx_word' id='word_1_923' title='bbox 2828 5621 2872 5653; x_wconf 80' lang='grc'><strong>’⁸</strong></span> <span class='ocrx_word' id='word_1_924' title='bbox 2905 5619 3120 5676; x_wconf 81' lang='lat' dir='ltr'><strong>Videtur</strong></span> <span class='ocrx_word' id='word_1_925' title='bbox 3145 5615 3310 5672; x_wconf 81' lang='grc' dir='ltr'>πόλου</span> <span class='ocrx_word' id='word_1_926' title='bbox 3324 5615 3498 5688; x_wconf 51' lang='lat' dir='ltr'><strong>legens</strong></span> 
     </span>
    </p>
   </div>
   <div class='ocr_carea' id='block_1_118' title="bbox 281 5685 1475 5758">
    <p class='ocr_par' dir='ltr' id='par_1_118' title="bbox 281 5685 1475 5758">
     <span class='ocr_line' id='line_1_118' title="bbox 281 5685 1475 5758; baseline 0.002 -18"><span class='ocrx_word' id='word_1_927' title='bbox 281 5685 428 5744; x_wconf 70' lang='lat' dir='ltr'><strong>dum.</strong></span> <span class='ocrx_word' id='word_1_928' title='bbox 505 5689 550 5720; x_wconf 82' lang='lat'>“</span> <span class='ocrx_word' id='word_1_929' title='bbox 583 5686 706 5758; x_wconf 82' lang='lat' dir='ltr'><strong>Leg.</strong></span> <span class='ocrx_word' id='word_1_930' title='bbox 747 5685 852 5752; x_wconf 85' lang='grc' dir='ltr'>λς’.</span> <span class='ocrx_word' id='word_1_931' title='bbox 884 5685 1011 5740; x_wconf 72' lang='lat' dir='ltr'><strong>Mox</strong></span> <span class='ocrx_word' id='word_1_932' title='bbox 1038 5685 1143 5741; x_wconf 84' lang='grc' dir='ltr'>ἀπὸ</span> <span class='ocrx_word' id='word_1_933' title='bbox 1174 5685 1230 5740; x_wconf 77' lang='grc' dir='ltr'><strong>δὲ</strong></span> <span class='ocrx_word' id='word_1_934' title='bbox 1267 5685 1475 5742; x_wconf 89' lang='grc' dir='ltr'>τούτου.</span> 
     </span>
    </p>
   </div>
  </div>
