4044 6220
578 290 718 346 1155

1587 290 1928 348 APPENDIX
1956 289 2048 348 AD
2083 285 2352 345 EUSEBII
2383 277 2796 346 CHBONICON.

3640 291 3771 348 1156

577 417 632 464 et
660 409 784 466 Sais
810 410 940 472 urbs
961 418 1045 466 est
1067 409 1122 464 in
1152 409 1404 476 Thracia,
1431 411 1503 478 ei,
1533 427 1654 482 qua:
1675 418 1760 466 est
1789 410 1844 464 in
1865 409 2117 481 Egypto,

2224 425 2320 479 μος
2348 410 2405 460 ὲν
2452 408 2728 478 Αἰγύπτῳ.
2776 408 2911 460 Ἀλλ’
2934 407 3040 460 ἀπὸ
3081 407 3178 476 μὲν
3219 407 3317 478 τῆς
3342 407 3402 460 ὲν
3433 409 3700 480 Αἰγύπτῳ
3730 412 3774 464 oi

577 501 934 572 cognominis.
973 500 1078 556 Sed
1102 503 1170 557 ab
1195 501 1466 574 Agyptia,
1501 501 1664 557 Saita:
1697 521 1711 557 :
1743 503 1810 557 ab
1848 501 2125 556 Threcen-

577 593 647 657 si,
681 591 791 647 Saii
818 593 965 647 cives
995 593 1361 656 nominantur,
1393 602 1452 646 ut
1477 601 1706 647 testatur
1725 593 2082 647 Archilochus
2107 611 2120 647 :

577 703 767 774 Clypeo
787 703 994 773 quidem
1018 704 1264 760 Saiorum
1294 706 1486 775 aliquis
1514 707 1824 776 gloriatur;
1859 723 2008 776 quem
2054 705 2123 760 ad

1520 775 1529 776 “
1785 775 2056 845 [frutetum

579 842 728 896 Intus
751 843 1072 912 inculpatum
1100 845 1284 914 reliqui
1307 845 1572 914 ingratiis.

576 955 784 1012 Rursus
826 957 1045 1012 Athena:
1097 957 1214 1011 aliae
1257 965 1384 1012 sunt
1421 957 1474 1011 in
1515 956 1711 1026 Attica,
1750 958 1870 1013 alia:
1922 959 1977 1013 in
2016 958 2124 1013 Eu-

575 1048 723 1115 bma;
744 1064 968 1119 quarum
986 1049 1226 1105 meminit
1242 1049 1297 1102 in
1313 1047 1508 1102 Glauco
1526 1049 2084 1121 maritimoASschylus
2106 1068 2120 1104 :

574 1244 778 1300 Exinde
801 1246 1029 1300 Athenas
1061 1247 1258 1302 Daidas
1282 1263 1309 1301 e
1338 1246 1540 1302 Persis.

573 1355 772 1411 Verum
825 1359 894 1412 ab
947 1359 1174 1414 Athenis
1221 1361 1434 1426 Atticis,
1485 1361 1864 1431 Athenienses,
1899 1363 1966 1418 ab
2013 1363 2122 1417 Eu-

572 1447 884 1503 hceensibus
925 1449 1202 1506 Athenetze
1239 1453 1694 1524 cognominantur
1725 1472 1738 1508 :
1767 1461 1826 1507 ut
1867 1455 1922 1508 in
1952 1455 2125 1524 primo

573 1536 909 1608 Geographia:
933 1541 1071 1595 libro
1095 1549 1284 1597 auctor
1305 1553 1390 1598 est
1415 1542 1822 1600 Eratosthenes.
1845 1543 1934 1599 Sic
1960 1546 2124 1616 igitur

571 1629 638 1682 ab
662 1627 823 1692 Solis,
873 1632 966 1701 qui
997 1643 1122 1686 sunt
1149 1633 1204 1688 in
1231 1635 1442 1700 Cilicia,
1493 1635 1746 1690 Solcnscs
1772 1653 1785 1689 :
1817 1637 1884 1692 ab
1930 1637 1998 1691 iis
2029 1638 2121 1706 qui

571 1729 697 1774 sunt
727 1723 781 1776 in
799 1721 996 1794 Cypro,
1024 1724 1154 1778 Solii
1177 1728 1549 1780 nominantur.
1595 1726 1798 1781 Horum
1823 1727 2025 1783 mentio
2063 1732 2118 1782 [tt

569 1825 600 1863 a
629 1809 824 1868 Solone
853 1814 908 1868 in
953 1813 1172 1885 Elegiis,
1224 1831 1361 1886 quas
1406 1817 1473 1871 ad
1522 1817 1889 1888 Cypranorem
1937 1834 2117 1888 regem

569 1903 790 1972 scripsit
819 1921 834 1957 :
866 1904 961 1973 qui
989 1903 1055 1959 de
1083 1903 1298 1961 Solonis
1332 1907 1560 1962 consilio
1590 1922 1715 1961 cum
1746 1908 1933 1962 urbem
1991 1925 2123 1963 con-

569 1989 820 2055 didisset,
868 2007 987 2046 eam
1035 1993 1090 2046 in
1119 1994 1284 2064 hujus
1318 1997 1545 2066 gratiam
1588 1995 1745 2051 Solos
1788 1998 2119 2066 appellavit:

568 2089 629 2134 nt
659 2097 756 2151 pro
786 2081 912 2137 dato
947 2085 1177 2140 consilio
1201 2085 1255 2139 id
1281 2087 1331 2140 ei
1360 2086 1584 2161 honoris
1613 2087 1892 2142 tribueret.
1952 2086 2123 2144 Verba

570 2168 785 2225 Solonis
813 2171 1081 2241 ejusmodi
1112 2180 1236 2227 sunt
1259 2192 1274 2229 :

569 2281 727 2338 Nunc
756 2301 870 2338 uero
899 2295 954 2339 tu
983 2287 1190 2358 quidem
1213 2288 1352 2358 apud
1380 2289 1553 2353 Soliqs
1593 2289 1684 2344 diu
1714 2291 1834 2345 istic
1874 2307 2118 2362 regnans,

653 2418 803 2474 Hanc
823 2423 999 2478 urbem
1028 2424 1249 2492 incolas,
1281 2417 1556 2496 genusque’
1566 2437 1732 2481 tuum.
1914 2493 1915 2496 η

569 2487 798 2566 ﬂevere
820 2508 935 2544 cum
975 2497 1094 2566 navi
1126 2487 1501 2566 celeri'inclyt'a
1534 2497 1597 2549 ab
1635 2497 1814 2550 insula

637 2557 959 2615 Incolumem
981 2563 1201 2618 deducat
1222 2557 1569 2635 Cypris'viola
1597 2567 1862 2622 redimita.

642 2670 789 2725 Vixit
815 2672 1014 2728 Aratus
1038 2675 1141 2730 sub
1171 2675 1442 2746 Antigono
1483 2675 1810 2732 Macedoniae
1844 2691 1987 2748 rege,
2029 2693 2117 2747 qui

565 2763 804 2820 Gonatas
835 2772 917 2821 est
947 2765 1148 2831 dictus,
1194 2765 1449 2822 Demetrii
1490 2767 1806 2822 Poliorcetae
1843 2769 1971 2831 ﬁlio,
2025 2769 2116 2838 qui

568 2869 789 2909 uxorem
813 2855 1001 2909 habuit
1033 2854 1265 2920 Philam,
1303 2854 1531 2911 Seleuco
1554 2866 1607 2911 et
1635 2855 1942 2910 Stratonica
1971 2858 2120 2926 geni-

563 2956 692 3002 tam.
732 2946 834 3012 Qui
867 2963 989 3002 cum
1030 2947 1332 3000 litterarum
1365 2947 1642 3002 studiosus
1676 2955 1841 3013 esset,
1886 2963 2116 3017 praeser-

563 3040 768 3109 timque
791 3039 1013 3108 poeticae
1034 3037 1270 3102 deditus,
1302 3036 1448 3093 dedit
1471 3053 1711 3108 operam,
1739 3050 1796 3092 ut
1824 3053 1946 3092 cum
1983 3040 2116 3095 alios

2223 497 2435 551 πολῖται
2465 497 2651 550 Σαῗται
2679 497 2984 563 καλοῦνται,
3035 498 3084 549 οἱ
3121 496 3178 548 δὲ
3214 498 3312 567 τῆς
3333 497 3556 570 Θρᾴκης
3592 499 3774 552 Σάῖοι·

2223 585 2299 649 ὡς
2342 588 2434 639 καὶ
2469 586 2772 662 ’ᾼρλίλοχός
2800 603 2960 656 φησιν
2991 603 3003 616 ·

2236 700 2583 770 Ἀσπίδιμὲν
2603 701 2791 754 Σαΐων
2812 718 2901 766 τις
2911 700 3228 768 ἀγάλλεται
3243 714 3260 730 ⁸
3286 698 3365 766 ἣν
3391 702 3551 769 παρὰ
3577 700 3779 771 θάμνῳ

2341 833 2546 901 Ἐντὸς
2576 835 2890 904 ἀμώμητον
2926 832 3240 897 κάλλιπον,
3265 833 3376 886 οὐκ
3400 833 3643 887 ἐθέλων.

2222 949 2330 1002 Καὶ
2365 946 2776 1016 πάλινξἈθῆναι
2824 944 2919 1016 μέν
2959 947 3062 997 εἰσι
3104 944 3203 1013 τῆς
3262 944 3539 1014 Ἀττικῆςο
3575 945 3683 996 sic!
3723 945 3778 997 ἃ

2222 1041 2314 1094 καὶ
2341 1040 2440 1109 τῆς
2471 1039 2697 1102 Εὑὸοίας
2729 1039 2793 1091 ³³.
2835 1036 3126 1107 Ἀθηναίων
3168 1035 3384 1098 Δαῖδαις
3419 1035 3690 1107 μέμνηται
3723 1037 3779 1088 ἐν

2222 1133 2473 1198 Γλαύκῳ
2501 1130 2719 1196 ποντίῳ
2745 1128 3004 1198 Αἰσχύλος

2221 1243 2452 1297 Κᾶπειτ¹
2489 1241 2728 1309 Ἀθήνας
2750 1239 2961 1304 Δάτδας
2995 1240 3127 1308 παρ’
3166 1240 3233 1293 ἐκ
3268 1237 3531 1306 Περσῶν.

2235 1356 2370 1407 Ἀλλ’
2395 1356 2500 1408 ἀπὸ
2538 1354 2646 1407 τῶν
2694 1355 2752 1406 ὲν
2780 1355 2849 1423 τῇ
2899 1353 3111 1422 Ἀττικῇ
3141 1351 3191 1403 οἱ
3225 1350 3433 1402 πολῖται
3483 1348 3775 1420 Ἀθηναῖοι,

2222 1447 2328 1500 ἀπὸ
2355 1447 2409 1499 δὲ
2441 1446 2547 1499 τῶν
2595 1450 2653 1500 ἐν
2690 1444 2890 1514 Εὐϐοίᾳ
2944 1443 3232 1513 Ἀθηνῆται
3269 1443 3542 1509 λέγονται·
3589 1441 3780 1509 ὥσπερ

2236 1537 2620 1610 Ἐρατοσθένης
2660 1537 2823 1607 φησὶν
2860 1537 2918 1587 ὲν
2955 1533 3031 1603 τῷ
3079 1532 3274 1603 πρώτῳ
3322 1530 3782 1601 Γεωγραφουμέ-

2223 1646 2359 1682 νων.
2401 1627 2583 1690 Οὖτως
2631 1622 2723 1680 οὖν
2753 1626 2843 1679 καὶ
2876 1625 2983 1678 ἀπὸ
3014 1624 3120 1676 τῶν
3148 1625 3206 1675 ὲν
3237 1621 3460 1692 Κιλικία
3506 1621 3684 1673 Σόλων
3732 1622 3779 1672 οἱ

2224 1720 2430 1772 πολῖται
2454 1720 2630 1782 Σολεῖς
2647 1735 2661 1748 ο
2685 1718 2789 1770 ἀπὸ
2813 1716 2868 1769 δὲ
2895 1715 3002 1768 τῶν
3025 1719 3080 1769 ὲν
3101 1715 3307 1785 Κύπρῳ
3335 1713 3528 1766 Σόλιοι.
3565 1713 3783 1783 Μέμνη-

2221 1831 2308 1865 ται
2341 1813 2398 1866 δὲ
2439 1812 2637 1866 τούτων
2674 1812 2845 1864 Σόλων
2878 1811 2935 1864 ὲν
2968 1812 3085 1872 ταῖς
3135 1809 3444 1876 Ἐλεγείαις
3485 1809 3606 1869 ταῖς
3647 1805 3779 1874 πρὸς

2221 1905 2549 1975 Κυπράνορα
2603 1903 2692 1956 τὸν
2741 1902 2996 1973 βασιλέαο
3055 1901 3144 1963 ὃς,
3203 1897 3623 1969 συμϐουλευθεὶξ
3678 1896 3780 1949 ὑπὸ

2221 1995 2454 2058 Σόλωνος
2474 1995 2655 2047 κτίσαι
2685 1993 2782 2063 τὴν
2824 1992 2995 2055 πόλιν,
3037 1992 3195 2063 χάριν
3226 1989 3319 2043 τοῦ
3357 1989 3550 2060 ἀνδρὸς
3586 1988 3778 2049 Σόλους

2219 2085 2530 2156 ὠνόμασεν·
2576 2085 2802 2155 ἀμοιϐὴν
2856 2083 3059 2154 ταύτην
3104 2081 3283 2152 νέμων
3321 2081 3421 2151 τῆς
3465 2077 3776 2149 συμϐουλῆς

2189 2154 2198 2178 λ
2221 2154 2386 2246 αὐτῷ.
2422 2177 2582 2245 Λέγει
2609 2154 2663 2228 δὲ
2689 2178 2716 2228 ὁ
2746 2174 2918 2228 Σόλων
2950 2173 3121 2236 οὕτως
3141 2190 3155 2204 ο

2217 2287 2346 2342 Νῦν
2380 2288 2448 2341 δὲ
2482 2288 2564 2342 σὺ
2585 2287 2724 2358 μὲν,
2771 2289 3036 2342 Σολίοισι
3069 2288 3263 2342 πολὺν
3308 2287 3530 2427 made-[2r
3545 2283 3776 2408 disces“

3510 2374 3545 2407 ν
3633 2371 3775 2419 mur,

3510 2371 3775 2419 νασσων,

2292 2427 2476 2495 Τήνδε
2501 2428 2678 2498 πόλιν
2705 2427 2894 2494 ναίοις
2915 2428 3013 2482 καὶ
3037 2427 3206 2498 γένος
3228 2425 3516 2498 ὑμέτερά
3533 2444 3548 2456 ’

2217 2500 2410 2564 Αὐτὰρ
2441 2497 2544 2566 ἐμὲ
2566 2497 2680 2561 ξὺν
2709 2498 2811 2565 νηῒ
2859 2497 2968 2566 θοῇ
2995 2496 3240 2564 κλεινῆς
3263 2497 3384 2550 ἀπὸ
3409 2496 3612 2563 νήσου

2302 2567 2549 2636 Ἁσκηθῆ
2567 2567 2784 2636 πέμποι
2810 2569 3032 2636 Κύπρις
3063 2566 3434 2636 ἰοστέφανος.

2286 2681 2477 2749 Γέγονε
2500 2680 2556 2732 δὲ
2586 2682 2614 2733 ό
2639 2681 2870 2753 Ἀρατος
2903 2680 3040 2734 κατὰ
3098 2679 3394 2747 Ἀντίγονον
3430 2678 3521 2730 τὸν
3543 2679 3641 2748 τῆς
3662 2680 3781 2732 Μα-

2218 2773 2458 2835 κεδονίας
2494 2772 2736 2842 βασιλέα,
2790 2773 2848 2836 ὃς
2912 2771 3224 2825 ἐπεκαλεῖτο
3277 2771 3532 2833 Γονατᾶς.
3578 2766 3686 2824 Ἦν
3722 2771 3780 2823 δὲ

2219 2866 2333 2928 υίὸς
2380 2865 2686 2936 Δημητρίου
2715 2864 2808 2918 τοῦ
2853 2863 3216 2934 Πολιορκητοῦ
3244 2880 3257 2892 ·
3286 2864 3379 2916 καὶ
3407 2865 3644 2930 γυναῖκα
3669 2857 3778 2931 εἶχε

2216 2957 2376 3010 Φίλαν
2401 2958 2498 3040 τὴν
2527 2955 2783 3010 Σελεύκου
2815 2956 2907 3010 καὶ
2937 2955 3298 3027 Στρατονίκης
3342 2955 3640 3025 θυγατέρα.
3676 2951 3781 3007 Ἦν

2216 3048 2272 3100 δὲ
2294 3046 2567 3116 φιλολόγος
2612 3046 2896 3116 γενόμενος
2917 3061 2931 3075 ο
2973 3046 3065 3097 καὶ
3097 3044 3223 3114 περὶ
3259 3043 3547 3112 ποιητικὴν
3587 3045 3782 3094 ὲσπουυ

562 3132 867 3200 complures
898 3129 1039 3200 apud
1063 3145 1122 3184 se
1147 3129 1390 3184 eruditos
1418 3130 1639 3185 haberet
1687 3130 1954 3198 homines,
2002 3140 2115 3185 tum

2217 3111 2411 3202 δακὼς,
2442 3111 2568 3209 περὶ
2585 3111 2774 3190 πολλοί)
2794 3137 3083 3207 ἐποιήσατο
3099 3111 3324 3197 πολλοὺς
3353 3111 3450 3204 μὲν
3467 3135 3562 3186 καὶ
3590 3133 3782 3195 ἄλλους

562 3223 618 3278 in
641 3223 832 3294 primis
857 3224 1100 3277 Aratum.
1136 3220 1234 3277 Hic
1280 3223 1444 3292 igitur
1471 3222 1538 3276 ad
1570 3237 1750 3292 regem
1779 3237 1902 3276 cum
1935 3224 2118 3278 venis-

562 3323 664 3377 set,
697 3321 860 3382 atque
882 3322 934 3367 et
956 3313 1012 3366 in
1043 3313 1148 3366 alio
1185 3328 1380 3384 genere
1407 3312 1686 3378 doctrinae,
1719 3321 1772 3368 et
1806 3313 1861 3367 in
1911 3316 2118 3382 poetica

561 3407 795 3459 maxime
818 3420 938 3460 sese
965 3405 1042 3458 illi
1087 3405 1396 3475 probasset,
1447 3405 1730 3474 ipsiusmet
1759 3406 1978 3460 hortatu
2026 3423 2117 3462 re~

563 3496 646 3565 gis
680 3495 746 3549 ad
779 3497 1064 3552 scribenda
1088 3496 1436 3550 Phcenomena
1453 3497 1691 3550 animum
1721 3497 1920 3567 adjecit
1948 3517 1962 3553 :
1997 3513 2118 3553 cum

563 3587 631 3640 ab
676 3587 863 3642 eodem
916 3587 1126 3642 Eudoxi
1173 3587 1372 3643 librum
1423 3587 1742 3657 accepisset,
1799 3587 1945 3658 quod
1978 3586 2121 3641 Eno-

561 3691 735 3747 ptrum
786 3681 1147 3748 inscribitur,
1203 3687 1428 3750 rogante
1477 3681 1554 3734 uti
1591 3695 1710 3750 quae
1751 3679 1806 3733 in
1866 3695 1931 3736 eo
1982 3678 2118 3734 libro

561 3786 725 3843 prosa
773 3773 1020 3826 oratione
1052 3771 1253 3842 scripta
1282 3781 1487 3838 essent,
1536 3771 1787 3826 versibus
1830 3770 2119 3825 redderen-

559 3871 652 3916 tur
684 3880 699 3916 :
733 3877 797 3915 ac
835 3862 996 3917 simul
1033 3861 1244 3918 dicente
1277 3882 1290 3916 :
1333 3861 1698 3932 Εὑδοξότερον,
1729 3859 1784 3913 id
1835 3868 1917 3916 est
1964 3859 2120 3930 149

560 3953 954 4023 gloriosiorem,
1023 3968 1090 4009 eo
1147 3953 1288 4007 facto
1348 3950 1976 4010 reddideristEudoxum
2007 3989 2022 4016 ,
2070 3951 2117 4005 si

561 4040 630 4093 ab
673 4055 736 4094 eo
783 4040 979 4096 tradita
1023 4041 1358 4097 carminibus
1386 4041 1693 4112 (exprimas.
1750 4037 1894 4094 Vixit
1940 4049 2117 4094 autem

559 4132 861 4203 Antigonus
920 4131 1237 4203 Olympiade
1274 4149 1412 4188 cxxv
1447 4151 1461 4187 :
1493 4147 1600 4204 quo
1640 4140 1880 4201 tempore
1937 4130 2119 4186 ﬂoruit

561 4223 794 4289 Aratus,
846 4233 902 4278 et
948 4224 1251 4280 Alexander
1308 4224 1545 4280 Etolus.
1616 4223 1856 4278 Meminit
1913 4222 2119 4291 Speculi

561 4313 706 4366 illius
737 4312 966 4376 Eudoxi,
1011 4320 1065 4366 et
1107 4314 1362 4383 Antigoni
1406 4321 1570 4383 atque
1619 4313 1911 4388 Alexandri
1946 4313 2114 4366 zEtoli

2216 3229 2323 3282 τῶν
2370 3229 2810 3300 πεπαιδευμένων
2838 3228 2978 3300 ἔχειν
3000 3229 3130 3299 παρ’
3151 3226 3319 3297 αὐτῷ,
3345 3227 3439 3279 καὶ
3467 3225 3536 3297 δὴ
3562 3227 3662 3278 καὶ
3695 3227 3782 3277 τὸν

2220 3323 2451 3393 ’Ἀρατον
2471 3339 2484 3351 ο
2511 3321 2588 3386 ὃς,
2623 3320 2773 3392 παρὰ
2795 3321 2872 3391 τῷ
2897 3319 3102 3390 βασιλεί
3120 3318 3426 3389 γενόμενος,
3456 3317 3554 3370 καὶ
3574 3317 3781 3369 εὐδοκι-

2221 3413 2394 3484 μήσας
2420 3412 2476 3465 ἔν
2498 3430 2558 3464 τε
2577 3416 2642 3483 τῇ
2664 3413 2795 3484 ἄλλῃ
2819 3411 3155 3482 πολυμαθείᾳ
3197 3410 3290 3464 καὶ
3322 3412 3605 3479 ποιητικῇ,
3657 3423 3781 3478 προ-

2218 3505 2425 3573 ετράπη
2448 3505 2537 3555 ὑπ’
2558 3504 2716 3556 αὑτοῦ
2745 3503 2812 3556 τὰ
2828 3503 3153 3571 Φαινόμενα
3165 3500 3368 3572 γράψαι
3385 3499 3476 3553 τοῦ
3496 3499 3778 3569 βασιλέως,

2159 3655 2167 3661 ,
2217 3593 2443 3660 Εὐδόξου
2483 3593 2911 3664 ἐπιγραφόμενον
2963 3591 3159 3662 βιϐλίον
3204 3591 3550 3657 Κατόπτρου
3600 3590 3778 3652 δόντος

2217 3683 2392 3753 αὐτῷ,
2446 3683 2538 3735 καὶ
2596 3681 2920 3745 ἀξιώσαντος
2970 3681 3038 3734 τὰ
3092 3681 3149 3733 ὲν
3205 3680 3350 3750 αὑτῷ
3404 3679 3778 3747 καταλογάδην

2217 3772 2469 3844 λεχθέντα
2514 3774 2639 3840 περὶ
2670 3772 2776 3825 τῶν
2822 3771 3157 3842 φαινομένων
3188 3771 3367 3841 μέτρῳ
3397 3770 3444 3802 ³⁵
3472 3767 3615 3827 εἶναι
3641 3784 3657 3797 ⁸
3687 3771 3776 3822 καὶ

2217 3863 2330 3934 ἅμα
2373 3861 2634 3925 εἰπόντος,
2669 3862 2743 3924 ὡς
2787 3860 3138 3931 Εὑδοξότερον
3183 3863 3353 3924 ποιεῖς
3392 3861 3483 3913 τὸν
3528 3860 3775 3924 Εὔδοξον,

2218 3953 2459 4017 ἐκτείνας
2506 3953 2592 4006 τὼ
2627 3955 2758 4023 παρ’
2781 3951 2930 4022 αὐτῷ
2975 3953 3199 4024 κείμενα
3249 3951 3452 4022 μέτρῳ.
3480 3951 3681 4019 Γέγονε
3723 3951 3778 4003 δὲ

2231 4045 2524 4112 Ἀντίγονος
2554 4043 2692 4097 κατὰ
2709 4043 2804 4114 τὴν
2843 4051 2950 4114 ρκε¹
2988 4043 3322 4114 Ὀλυμπιάδα
3345 4059 3359 4073 ο
3411 4043 3534 4096 καθ’
3573 4043 3634 4094 ὃν
3664 4042 3779 4112 χρό-

2217 4152 2304 4187 νον
2333 4135 2577 4205 ἧκμασεν
2607 4134 2635 4184 ὁ
2678 4134 2929 4204 Ἀρατος,
2963 4135 3054 4186 καὶ
3090 4133 3433 4204 Ἀλέξανδρος
3455 4135 3482 4185 ό
3512 4133 3771 4194 Αἰτωλός.

2217 4224 2507 4294 Μέμνηται
2555 4222 2611 4275 δὲ
2658 4221 2748 4275 τοῦ
2800 4223 3140 4290 Κατόπτρου
3194 4222 3437 4288 Εὐδόξου,
3475 4222 3564 4272 καὶ
3605 4221 3776 4275 Ἀντι-

2215 4315 2371 4383 γόνου
2432 4314 2777 4385 Ἀλεξάνδρου
2809 4315 2852 4346 ⁸³
2881 4313 2972 4367 τοῦ
3021 4313 3278 4379 Αἰτωλοῦ,
3320 4314 3408 4366 καὶ
3449 4312 3520 4374 ὡς
3559 4308 3773 4380 ἠξιώθη

559 4407 615 4460 in
643 4407 886 4476 epistolis
908 4405 1107 4460 Aratus
1131 4423 1147 4472 ;
1199 4413 1365 4475 utque
1399 4421 1492 4460 rex
1527 4406 1592 4459 ad
1621 4406 1966 4460 scribendum
1987 4422 2110 4460 eum

2219 4407 2321 4458 ὑπὸ
2345 4405 2436 4458 τοῦ
2461 4405 2724 4476 βασιλέως
2785 4405 3012 4477 γράψαι,
3051 4408 3111 4458 ὲν
3135 4409 3254 4468 ταῖς
3288 4407 3442 4468 ίδίαις
3467 4404 3775 4465 ἐπιστολαῖς

558 4497 806 4552 hortatus
830 4499 921 4553 sit.
958 4496 1150 4551 Fertur
1182 4505 1233 4551 et
1259 4495 1513 4566 Dionysio
1536 4495 1864 4550 Heracleotae
1892 4511 2113 4566 operam

559 4592 793 4647 dedisse.
849 4591 992 4646 idem
1044 4589 1330 4660 Odysseam
1386 4590 1656 4652 correxit;
1709 4595 1763 4644 et
1811 4589 2114 4643 emendatio

557 4682 803 4751 quaedam
831 4681 975 4735 illius
1003 4681 1248 4749 {nomine
1297 4679 1489 4735 Aratea
1537 4678 1761 4743 dicitur,
1804 4678 1950 4733 velut
1991 4679 2114 4733 Ari-

559 4773 804 4828 starchea
833 4780 885 4828 et
923 4772 1336 4843 Aristophanea.
1368 4771 1632 4827 Asserunt
1665 4771 1833 4842 aliqui
1875 4771 2026 4825 illum
2058 4771 2112 4824 in

560 4865 770 4936 Syriam
804 4864 1103 4934 profectum
1134 4865 1276 4934 apud
1306 4863 1630 4917 Antiochum
1661 4862 1892 4932 degisse,
1935 4862 2001 4916 ab
2023 4877 2114 4916 eo-

557 4973 663 5026 que
691 4965 935 5026 rOgatum
958 4971 1099 5022 esse,
1134 4965 1194 5010 ut
1224 4955 1446 5010 Iliadem
1488 4955 1802 5025 corrigeret,
1849 4953 1993 5024 quod
2022 4956 2113 5010 de-

558 5055 778 5118 pravata
813 5055 957 5103 esset
984 5063 1012 5101 a
1052 5049 1256 5103 multis.
1290 5048 1618 5103 Nicandrum
1672 5059 1801 5102 vero
1843 5046 2113 5118 Colopho-

558 5143 708 5194 nium
743 5155 866 5194 cum
896 5139 1060 5194 Arato
1107 5141 1247 5210 apud
1289 5141 1614 5212 Antigonum
1661 5140 1862 5195 vixisse
1901 5141 1992 5208 qui
2023 5138 2110 5192 di-

557 5238 720 5298 cunt;
748 5237 943 5284 actam
972 5231 1195 5286 Aratum
1234 5247 1412 5286 rerum
1443 5231 1770 5297 ccelestium,
1817 5245 1978 5300 quam
2013 5230 2109 5284 Ni-

557 5323 818 5377 candrum
859 5323 1136 5379 medicinae
1180 5324 1460 5394 imperitos
1523 5323 1691 5378 fuisse
1747 5323 1919 5392 (aiunt
1965 5323 2108 5376 enim

557 5417 878 5489 Antigonum
916 5417 1102 5485 Arato,
1152 5417 1242 5488 qui
1295 5416 1634 5486 professione
1681 5415 1923 5470 medicus
1969 5422 2104 5477 erat,

557 5507 844 5578 mandasse
891 5514 951 5560 ut
996 5506 1347 5576 phaenomena
1389 5505 1788 5570 conscriberet;
1835 5500 2107 5557 Nicandro

2216 4497 2466 4566 Ἀρατος.
2501 4495 2730 4564 Λέγεται
2755 4497 2812 4549 δὲ
2840 4495 3183 4566 ὲσχολακέναι
3228 4498 3485 4565 Διονυσίῳ
3506 4495 3583 4565 τῷ
3611 4496 3779 4566 Ἦρα·
3820 4509 3835 4528 ι

2213 4587 2460 4660 κλειώτῃ.
2521 4590 2631 4641 Καὶ
2675 4589 2775 4658 τὴν
2831 4587 3178 4642 Ὀδύσσειαν
3225 4589 3281 4642 δὲ
3321 4589 3632 4660 διώρθωσεο
3681 4589 3772 4640 καὶ

2213 4680 2453 4733 καλεῖταί
2475 4697 2558 4742 τις
2586 4678 3047 4750 διόρθωσιςοῦτως
3073 4680 3365 4750 Ἀράτειος,
3385 4679 3461 4742 ὡς
3491 4680 3776 4750 Ἀριστάρ-

2213 4788 2372 4842 χειος,
2407 4771 2500 4823 καὶ
2535 4771 2985 4840 Ἀριστοφάνειος.
3012 4771 3168 4834 Τινὲς
3193 4771 3248 4824 δὲ
3271 4771 3432 4824 αὑτὸν
3463 4773 3543 4834 εἰς
3578 4773 3774 4842 Συρίαν

2213 4860 2523 4932 ἐληλυθέναι
2554 4863 2705 4930 φασὶ,
2755 4862 2845 4914 καὶ
2890 4862 3167 4930 γεγονέναι
3200 4863 3326 4932 παρ’
3367 4863 3646 4933 Ἀντιόχῳ,
3685 4864 3774 4915 καὶ

2216 4953 2474 5023 ἠξιῶσθαι
2501 4953 2588 5005 ὑπ’
2620 4953 2782 5005 αὐτοῦ
2808 4953 2946 5005 ὥστε
2972 4952 3067 5023 τὴν
3110 4952 3323 5006 Ἰλιάδα
3358 4951 3772 5022 διορθώσασθαι,

2215 5043 2302 5097 διὰ
2354 5043 2414 5096 τὸ
2458 5043 2560 5096 ὑπὸ
2612 5043 2819 5096 πολλῶν
2844 5043 3194 5114 λελυμάνθαι.
3227 5043 3289 5096 Οί
3325 5042 3381 5096 δὲ
3401 5042 3653 5110 λέγοντες
3675 5043 3772 5094 Νί-

2215 5135 2440 5206 κανδρον
2494 5135 2584 5188 τὸν
2623 5134 2960 5203 Κολοφώνιον
3014 5135 3151 5206 μετὰ
3200 5136 3422 5206 Ἀράτου
3490 5135 3774 5204 Ἀντιγόνῳ

2217 5227 2706 5299 συγκεχρονικέναι,
2749 5227 2842 5279 καὶ
2875 5228 3105 5296 ’Ἄρατον
3153 5223 3393 5298 μὴεῖναι
3437 5227 3771 5296 ἐπιστήμονα

2213 5322 2320 5373 τῶν
2342 5321 2623 5391 οὐρανίων,
2655 5320 2787 5389 μήτε
2805 5319 3099 5390 Νίκανδρον
3115 5319 3222 5372 τῶν
3237 5317 3491 5389 ἰατρικῶν
3537 5317 3772 5385 (λέγουσι

2213 5409 2341 5478 γὰρ,
2371 5410 2446 5472 ὠς
2476 5410 2580 5479 ἄρα
2613 5410 2639 5459 ὁ
2695 5409 2989 5477 Ἀντίγονος
3044 5409 3249 5479 Ἀράτῳ
3303 5407 3399 5476 μὲν
3442 5407 3556 5458 όντι
3609 5405 3771 5475 ἰατρῷ

2213 5499 2438 5565 ἐπέταξε
2466 5500 2534 5554 τὰ
2557 5502 2885 5571 Φαινόμενα
2911 5500 3138 5572 γράψαι,
3171 5499 3454 5570 Νικάνδρῳ
3474 5497 3557 5566 δὲ,
3578 5499 3771 5566 ἀστρο-

619 5660 674 5742 ξ³
691 5660 816 5734 ιφ.
853 5661 1090 5733 Ἀθῆναι,
1122 5656 1196 5720 ὧν
1223 5661 1507 5733 μέμνηται.
1583 5661 1626 5693 ³⁵
1652 5661 1692 5728 Ῑ.
1721 5657 1984 5731 ἔμμετρα.
2062 5655 2105 5688 ³⁸
2142 5653 2301 5726 ι’.-καὶ
2347 5652 2514 5721 Ἀλεξ.
