4044 6220
302 305 441 366 1157

1689 297 1895 355 ARATI
1938 287 2126 354 VITAJ

3362 287 3522 347 ’1138

295 423 442 492 λόγῳ
457 417 771 489 ὑπάρχοντι,
794 416 861 469 τά
893 414 1148 482 Θηριακὰ
1177 412 1268 467 καὶ⁵
1293 410 1854 481 τάἈλεξιφάρμακα·

1972 429 2089 468 vero
2117 411 2409 481 astrologo,
2455 407 2692 464 theriaca
2743 412 2799 463 et
2840 405 3274 477 aiexipharmaca
3305 421 3319 460 :
3354 405 3522 460 ohid-

297 507 422 562 ὅθεν
456 507 548 559 καὶ
581 504 834 574 ἑκάτερον
874 502 1051 554 αὐτῶν
1090 501 1348 568 ἐσφάλθαι
1393 500 1860 557 κατολισθαίνοντα

300 600 394 652 ἐπὶ
419 598 487 651 τὰ
510 597 615 650 ἴδια
644 599 740 665 τῆς
781 594 1008 666 τέχνης)
1034 634 1048 658 ,
1083 593 1387 663 ψεύδονται.
1429 590 1700 660 Ἀγνοοῦσι
1731 591 1860 663 γάρ,

301 693 378 754 ὡς
405 690 465 743 οὐ
516 689 826 758 συνήκμασε
848 686 925 755 τῷ
970 685 1177 754 Ἀράτῳ
1209 683 1503 754 Νίκανδρος
1526 700 1538 712 ·
1567 682 1678 737 ἀλλ’
1718 681 1862 735 ἔστιν

303 781 468 835 αὐτοῦ
502 779 634 832 πολὺ
669 777 946 847 νεώτερος.
994 775 1291 844 Ἀντίγονος
1327 774 1454 846 γὰρ,
1477 768 1520 841 ᾧ
1552 773 1864 842 συνεγένετο

309 875 564 944 Ἄρατος,
593 869 733 924 κατὰ
761 869 850 920 τὸν
877 866 1088 938 πρῶτον
1117 868 1206 920 καὶ
1230 866 1476 936 δεύτερον
1508 865 1692 934 γέγονε
1723 867 1862 918 Πτο-

305 966 559 1035 λεμαίονο
591 961 888 1030 Νίκανδρος
914 959 969 1012 δὲ
1002 959 1142 1012 κατὰ
1172 958 1261 1012 τὸν
1285 958 1552 1028 πέμπτον.
1578 957 1863 1028 Μέμνηται

308 1058 442 1126 γοῦν
461 1053 622 1109 αὑτοῦ
647 1055 738 1108 καὶ
754 1052 1094 1123 Καλλίμαχος
1114 1052 1188 1115 ὡς
1223 1049 1586 1122 πρεσὸυτέρου
1613 1051 1671 1102 οὐ
1709 1049 1863 1119 μόνον

310 1150 370 1202 ὲν
394 1151 505 1210 τοῖς
520 1147 997 1216 Ἐπιγράμμασιν,
1026 1143 1158 1197 ἀλλὰ
1179 1145 1270 1196 καὶ
1297 1145 1353 1196 ὲν
1379 1145 1487 1205 τοῖς
1510 1142 1643 1212 πρὸς
1671 1141 1865 1213 Πραξι-

312 1241 512 1309 φάνην,
562 1237 700 1290 πάνυ
729 1236 962 1289 ἐπαινῶν
991 1236 1166 1301 αὐτὸν,
1195 1234 1269 1297 ὼς
1293 1232 1575 1303 πολυμαθῆ
1618 1233 1712 1286 καὶ⁸
1742 1233 1862 1303 ἄρι-

314 1348 438 1384 στον
454 1330 699 1399 ποιητήν.
723 1328 913 1396 Γέγονε
939 1326 994 1378 δὲ
1018 1329 1046 1379 6
1061 1328 1292 1398 ’Ἄρατος
1322 1324 1563 1396 ζηλωτὴς
1591 1323 1827 1376 Ἡσιόδου
1846 1340 1862 1356 ο

308 1422 388 1485 ὡς
415 1421 508 1475 καὶ
552 1402 1005 1489 Καλλίμαχοςπα
1016 1417 1352 1487 ρεσημήνατο
1377 1413 1533 1468 τοῦτο
1561 1413 1646 1467 διὰ
1665 1412 1755 1466 τοῦ
1786 1415 1863 1477 είς

309 1513 474 1565 αὑτὸν
499 1510 910 1581 ἐπιγράμματος
937 1507 1133 1571 οὕτως·

323 1685 591 1740 Ἠσιόδου
619 1683 668 1736 δ’
691 1685 735 1716 ³⁸
751 1682 984 1752 ἄεισμα,
1012 1682 1112 1752 καί
1127 1685 1159 1736 ό
1183 1683 1414 1749 τρόπος,
1434 1682 1505 1734 οὐ
1532 1681 1636 1734 τόν
1655 1679 1861 1733 ἀοιδὸν

387 1758 699 1822 Ἕσχατον,
737 1750 892 1807 dm“
907 1750 1272 1822 όκαισὼμητο
1293 1753 1722 1820 μελιχρότατον

316 1825 440 1880 Τῶν
460 1818 648 1877 ἐὲὲέων
675 1822 704 1875 ὃ
736 1822 959 1886 Σολεὺς
983 1818 1341 1890 ἀπεμάξατο.
1364 1822 1622 1887 Χαίρετε,
1645 1818 1858 1872 λεπταὶ

395 1894 640 1963 Ῥήσεις,
670 1890 889 1960 ἀρήτου
917 1893 1209 1960 σύγγονος
1237 1891 1279 1922 ³⁷
1308 1890 1654 1958 ἀγρυπνίης.

317 2006 563 2078 Ἔγραψε
595 2007 652 2060 δὲ
679 2006 772 2059 καὶ
802 2004 934 2058 ἄλλα
958 2005 1236 2075 ποιήματα
1263 2004 1388 2074 περί
1419 2021 1478 2057 τε
1514 2005 1748 2075 Ὀμήρου
1776 2004 1868 2057 καὶ

327 2098 602 2164 Ἰλιάδος,
659 2099 718 2150 οὐ
789 2097 943 2167 μόνον
986 2096 1054 2149 τὰ
1107 2097 1454 2165 Φαινόμενα,
1511 2097 1604 2148 καὶ
1653 2095 1868 2147 ὀστολο-

315 2191 474 2259 γᾼίαν,
510 2189 600 2242 καὶ
637 2188 880 2259 ἰατρικὰς
914 2187 1201 2257 δυνάμεις,
1245 2188 1335 2240 καὶ
1372 2188 1451 2250 είς
1488 2188 1639 2240 Πᾶνα
1684 2185 1868 2256 ὕμνον,

314 2255 411 2337 ita".
459 2284 538 2345 είς
577 2255 754 2352 Μύριν
785 2281 875 2332 τὸν
915 2255 1138 2347 ἀδελφὸν
1176 2278 1510 2349 ἐπικήδειον,
1557 2275 1650 2328 καὶ
1693 2255 1873 2346 διοσηο

307 2374 481 2444 ⁸μείας
503 2412 518 2436 ,
552 2373 644 2426 καὶ
677 2370 968 2436 Σκυθικὸν,
1002 2370 1096 2424 καὶ
1127 2369 1267 2424 κατὰ
1297 2369 1488 2423 λεπτὸν
1529 2368 1678 2423 ἄλλα.
1721 2369 1872 2420 Ἐπι-

318 2465 687 2534 τετευγμένως
735 2463 790 2515 δὲ
834 2462 979 2533 αὐτῷ
1023 2463 1232 2533 ἐγράφη
1279 2462 1348 2515 τὰ
1397 2464 1758 2532 Φαινόμενα·
1798 2460 1874 2522 ὡς

321 2550 850 2623 παρευὼκιμηθῆναι
904 2549 1111 2613 πάντας
1165 2551 1256 2602 ὑπ’
1315 2551 1560 2621 Ἀράτου.
1608 2550 1717 2603 Καὶ
1766 2548 1873 2620 γὰρ

317 2642 546 2708 Εὔδοξος
583 2643 610 2693 6
642 2641 852 2704 Κνίδιος
897 2641 1100 2712 ἔγραψε
1129 2641 1434 2711 ξφαινόμενα
1454 2681 1468 2705 ,
1499 2641 1594 2694 καὶ
1640 2641 1816 2704 Λάσος
1845 2642 1874 2693 6

322 2734 586 2802 Μάγνηςσ,
621 2731 740 2801 οὐχὶ
781 2733 809 2784 6
851 2731 1194 2803 Ἑρμιονεὺς,
1237 2730 1352 2784 ἀλλ’
1396 2731 1678 2802 ὁμώνυμος
1718 2730 1873 2795 ἄλλος

322 2825 484 2892 Λάσῳ
503 2821 580 2890 τῷ
611 2819 902 2891 Ἑρμιονεῖο
926 2821 1018 2873 καὶ
1040 2818 1370 2890 Ἕρμιππος,
1402 2822 1493 2874 καὶ
1526 2821 1872 2892 Ἡγησιάναξ,

324 2915 418 2968 καὶ
458 2913 840 2985 Ἀριστοφάνης
865 2916 894 2966 6
921 2910 1233 2976 Βυζάντιος,
1265 2911 1358 2966 καὶ
1381 2911 1526 2965 ἄλλοι
1553 2911 1732 2965 πολλοί
1756 2931 1768 2943 ·
1801 2905 1876 2967 ὧν

323 3007 420 3060 καὶ
465 3005 790 3076 Πτολεμαῖος
836 3005 1104 3076 μέμνηται
1145 3007 1172 3058 6
1221 3003 1468 3074 βασιλεὺς
1495 3005 1786 3074 ἱδιοφυέσιν
1832 3006 1876 3040 ³⁸

322 3097 498 3159 οὕτως
517 3114 530 3127 ·
1322 3132 1324 3135 .

322 3208 506 3262 Πάνθ⁹
547 3206 900 3276 Ἡγησιάναξ
931 3223 996 3261 τε
1031 3207 1128 3260 καὶ
1160 3208 1485 3276 Ἕρμιππος
1517 3210 1642 3262 κατ’
1669 3209 1880 3277 αἴθρην

404 3279 619 3345 Τείρεα,
652 3277 748 3329 καὶ
771 3277 982 3346 πολλοὶ
1013 3277 1193 3346 ταῦτα
1220 3277 1292 3330 τὰ
1318 3280 1645 3346 φαινόμενα

324 3347 566 3412 Bima“;
608 3345 986 3415 ἐγκατέθεπο
1005 3363 1018 3376 ·
1049 3345 1166 3401 ἀπὸ
1194 3345 1428 3400 σκοποῦ
1456 3345 1502 3378 ⁸⁶
1532 3347 1582 3400 δ’
1608 3347 1879 3416 ἀφάμαρ-

409 3486 583 3540 Ἀλλὰ
628 3487 758 3540 τότε
804 3487 846 3520 ⁶¹
891 3487 1260 3555 λεπτολόγου
1311 3485 1586 3555 σκήπτου
1631 3418 1880 3609 ῑξέἐτος

1639 3574 1807 3628 Laxet.

327 3671 438 3723 Καὶ
466 3669 613 3724 ἄλλοι
640 3671 697 3724 δὲ
727 3669 910 3723 πολλοὶ
935 3670 1216 3739 γεγόνασιν
1243 3669 1486 3740 Ἀρατοι,
1516 3666 1704 3738 ἄνδρες
1730 3664 1879 3718 me,

306 3768 500 3832 ’γιμοι,
532 3762 929 3833 ἱστοριογράφοι
949 3778 964 3795 ’
991 3762 1174 3832 ὥσπερ
1207 3763 1235 3814 6
1260 3759 1472 3822 Κνίδιος
1491 3799 1506 3823 ,
1536 3753 1596 3812 οὗ
1627 3758 1880 3829 φέρονται

325 3853 672 3923 Αἰγυπτιακὰ
699 3854 940 3925 ἱστορικά
973 3855 1373 3925 συγγράμματα
1398 3869 1412 3882 ο
1445 3853 1538 3905 καὶ⁹
1567 3851 1746 3923 τρίτος
1771 3853 1882 3904 ἐπι-

328 3945 633 4016 σημότατος
661 3943 978 4008 Σικυώνιος,
1014 3939 1074 3998 οὗ
1119 3946 1264 3996 ἐστιν
1299 3945 1332 4013 ἡ
1377 3941 1694 4004 πολύὸιϐλος
1737 3943 1879 3994 ίστο-

331 4038 446 4108 ρία,
481 4037 618 4107 ὑπὲρ
645 4035 713 4089 τὰ
737 4037 778 4089 λ’
810 4035 988 4106 βιϐλία
1016 4035 1230 4104 ἔχουσα.
1270 4034 1379 4097 Τάς
1417 4033 1473 4087 δὲ
1514 4034 1736 4104 Ἀράτου
1764 4035 1880 4086 ἐπι-

323 4127 542 4192 στολὰς,
559 4122 634 4181 ὧν
655 4128 906 4199 ἀνωτέρω
922 4126 1163 4198 ἐμνήσθη
1172 4144 1288 4197 μεν,
1307 4125 1520 4178 πάντων
1545 4124 1724 4195 σχεδὸν
1747 4141 1808 4177 συ
1816 4141 1881 4194 μ-

321 4219 647 4290 δφωνούντων
681 4221 778 4283 τὰς
803 4222 882 4283 είς
915 4220 1075 4273 αὑτὸν
1108 4217 1512 4289 ἀναφερομένας
1537 4215 1698 4269 αὐτοῦ
1723 4213 1878 4277 εἶναι,

329 4314 423 4366 καὶ
451 4310 844 4382 ὁμολογούντων
873 4312 1096 4380 γνησίας
1138 4312 1335 4377 αὐτάς,
1368 4311 1524 4382 μόνος
1567 4308 1882 4362 Ἀπολλωνί-

317 4404 423 4475 δης
443 4403 700 4473 ὀΚηφεῦς
721 4405 776 4455 ἐν
797 4402 874 4473 τῷ
897 4403 1063 4473 ὀγδόῳ
1080 4403 1214 4471 Περί
1231 4399 1718 4470 κατεψευσμένης
1733 4402 1882 4453 ἱστο-

320 4492 486 4560 ρίας,
515 4493 612 4544 οὐκ
639 4487 773 4544 εῖναι
795 4490 962 4554 αὐτὰς
999 4491 1221 4560 Ἀράτου
1257 4494 1438 4562 φησὶν,
1466 4489 1599 4545 ἀλλὰ
1627 4489 1877 4560 Σαὸιρίου

327 4581 621 4644 Πόλλωνος.
655 4581 759 4634 Τοῦ
802 4582 859 4634 δὲ
902 4581 1063 4634 αὑτοῦ
1105 4581 1290 4635 τούτου
1327 4581 1490 4651 φησὶν
1523 4575 1660 4634 εἶναι
1689 4581 1878 4634 ἐπινε-

324 4672 650 4743 γραμμένας
673 4671 962 4742 Εὐριπίδου
988 4671 1293 4734 ἐπιστολάς.

839 4782 980 4851 Περὶ
1014 4783 1370 4853 ἐξηγήσεως.

397 4896 510 4967 Τὴν
563 4897 619 4948 δὲ
661 4896 767 4950 τῶν
817 4894 1147 4965 φαινομένων
1205 4894 1456 4964 ἐξήγησιν
1514 4893 1727 4964 πρῶτον
1774 4895 1871 4965 μὲν

325 4987 568 5057 ἑστώσης
607 4987 704 5056 τῆς
745 4986 1006 5056 σφαίρας,
1052 4985 1190 5054 μετὰ
1227 4985 1284 5037 δὲ
1318 4984 1486 5038 ταῦτα
1535 4986 1873 5056 κινουμένης,

323 5079 616 5149 ἐποιήσατο
653 5078 900 5147 Ἀρατος.
933 5076 1022 5129 Διὸ
1048 5076 1354 5148 συμϐέϐηκε
1379 5077 1555 5140 πάσας
1591 5077 1688 5140 τὰς
1717 5077 1874 5146 σφαί-

325 5187 429 5241 ρας
483 5171 540 5222 ὲν
597 5171 830 5240 ἁμαρτίᾳ
883 5169 986 5221 ὑπὸ
1033 5169 1142 5222 τῶν
1197 5169 1495 5239 ζωγράφων
1547 5169 1871 5241 γράφεσθαι.

332 5262 572 5315 Ἐστῶτα
607 5263 711 5332 γὰρ
754 5263 846 5314 καὶ
896 5261 1122 5332 ἀκίνητα
1165 5262 1459 5331 γράφοντες
1506 5262 1660 5326 αὐτὰ,
1703 5262 1869 5330 σφάλ-

325 5369 473 5422 ματα
498 5351 663 5404 πολλὰ
692 5353 748 5404 ἐν
777 5355 844 5422 τῇ
867 5355 1073 5421 κινήσει
1095 5353 1153 5404 ὲν
1177 5354 1288 5414 τοῖς
1316 5352 1751 5406 συνανατέλλουσι
1778 5355 1871 5406 καὶ

321 5442 684 5497 ὰντιδύνουσιν
714 5443 929 5515 ἄστροις
956 5445 1018 5497 ⁵³.
1049 5442 1263 5496 Ποιοῦσι
1297 5442 1353 5496 δὲ
1375 5444 1470 5514 τὴν
1502 5445 1672 5516 ἀρχὴν
1703 5444 1870 5498 ἑστώ-

423 5631 528 5700 ?‘f.
571 5633 694 5686 τόδ’.
749 5632 895 5698 Mox,
964 5635 1171 5698 ἀοιδῶν.

320 5700 373 5733 ⁸⁸
403 5699 521 5756 Scr.
543 5703 880 5758 άποσκόπιοι.

1295 5635 1336 5666 ³⁷
1376 5637 1399 5676 Γ
1443 5637 1695 5676 iit/1661mm,
1757 5644 1807 5676 nl
1871 5636 2112 5676 (vivs/num

964 5637 1171 5698 ἀοιδῶν.
1295 5637 1336 5666 ³⁷
1371 5637 1413 5705 Ῑ.
1443 5637 1700 5717 ἀρρήτου,
1757 5644 1811 5692 et
1871 5637 2136 5704 Φγγονοι.
2238 5639 2282 5670 ³³
2309 5639 2391 5691 Λη
2444 5638 2542 5691 ἰδία

955 5707 996 5738 ’⁸³
1023 5705 1137 5761 Scr.
1168 5704 1248 5772 τό,
1312 5715 1361 5760 et
1414 5722 1705 5776 σκηπτρον.
1782 5707 1827 5744 ⁵³
1862 5706 1990 5762 Hac
2018 5708 2254 5763 nonnihil
2278 5708 2542 5766 mendosa.

1967 513 2074 578 que
2107 505 2294 560 ambos
2322 503 2624 562 aberrasse,
2662 499 2729 554 ad
2778 513 2842 554 ea
2884 513 3006 568 quae
3052 503 3207 552 erant
3239 496 3371 550 artis
3410 512 3522 551 suae

1965 597 2203 668 propria,
2235 592 2509 662 delapsos)
2548 610 2560 645 :
2596 591 2710 645 haec
2738 589 2829 660 qui
2883 589 3091 655 dicunt,
3142 586 3254 641 falli
3283 601 3378 641 eos
3428 600 3524 639 ne-

1963 704 2116 744 cesse
2147 694 2249 742 est.
2281 685 2397 738 Non
2426 682 2568 738 enim
2593 683 2771 738 sciunt
2803 695 2925 734 cum
2955 680 3121 732 Arato
3144 693 3251 732 nou
3272 677 3526 732 ﬂoruisse

1963 779 2293 835 Nicandrum
2318 819 2332 842 ,
2365 775 2459 830 sed
2486 789 2551 828 eo
2573 771 3029 840 multojuniorem
3061 769 3334 825 exstitisse
3358 785 3372 834 ;
3398 783 3524 821 nam

1963 872 2289 941 Antigonus,
2315 883 2552 938 quocum
2580 864 2681 919 fuit
2720 863 2940 926 Aratus,
2969 862 3145 930 primo
3187 874 3250 914 ac
3283 857 3525 915 secund‘o

1963 962 2252 1018 Ptolemaao
2305 966 2567 1029 regnante
2626 955 2800 1018 vixit;
2842 952 3111 1006 Nicander
3160 951 3262 1006 sub
3314 951 3522 1019 quinto.

1969 1057 2156 1124 Itaque
2185 1051 2552 1107 Callimachus
2578 1047 2728 1101 Arati
2761 1055 3016 1114 tanquam
3047 1043 3335 1097 anterioris
3373 1056 3527 1095 men-

1965 1146 2164 1198 tionem
2195 1143 2344 1209 facit,
2374 1156 2478 1195 non
2524 1140 2698 1194 solum
2747 1137 2800 1190 iu
2853 1135 3368 1205 Epigrammatibus,
3428 1131 3524 1187 sed

1963 1235 2121 1289 etiam
2149 1234 2203 1287 in
2232 1233 2298 1286 iis
2336 1247 2457 1302 qua:
2484 1231 2552 1285 ad
2597 1228 2992 1296 Praxiphanem
3033 1224 3294 1293 scripsit;
3329 1223 3422 1277 ubi
3471 1230 3526 1277 et

1964 1325 2115 1378 illum
2141 1322 2383 1392 impense
2414 1319 2709 1382 collaudat,
2738 1328 2994 1388 tanquam
3013 1315 3282 1371 eruditum
3302 1322 3360 1368 et
3385 1314 3528 1384 opti-

1963 1429 2113 1468 mum
2169 1423 2402 1484 poetam.
2449 1411 2716 1466 Czrterum
2769 1407 3060 1464 Hesiodum
3108 1406 3392 1460 tumulatus
3444 1414 3529 1460 est

1962 1504 2198 1570 Aratus;
2255 1501 2400 1574 quod
2429 1501 2797 1556 Callimachus
2842 1499 3234 1569 epigrammate
3291 1497 3526 1568 quodam

1970 1597 2028 1652 in
2053 1613 2176 1652 eum
2202 1597 2404 1666 scripto
2433 1602 2660 1650 testatus
2691 1601 2774 1648 est
2798 1591 2884 1646 his
2907 1590 3090 1645 verbis
3123 1607 3136 1642 :

2037 1689 2254 1744 Hesiodi
2283 1690 2376 1742 hoc
2402 1703 2630 1751 carmen,
2653 1696 2702 1741 et
2720 1684 2924 1747 modus,
2945 1700 3048 1736 non
3075 1695 3388 1751 poetarum;

2110 1760 2500 1813 Postremum...
2511 1796 2524 1809 .

2032 1830 2337 1885 Carminum
2365 1826 2596 1882 Solensis
2633 1824 2904 1892 expressit.
2952 1822 3175 1884 Salvete,
3208 1821 3425 1876 subtilia

2107 1899 2283 1963 Dicta,
2306 1896 2689 1966 inexplicabilis
2711 1909 2962 1965 germana
2991 1893 3204 1962 vigilite.

2034 2013 2240 2068 Prteter
2277 2011 2623 2066 Phaenomena
2667 2009 2888 2078 scripsit
2921 2016 2976 2062 et
3001 2008 3109 2061 alia
3139 2012 3413 2078 poemata,
3462 2003 3530 2060 de

1970 2105 2204 2159 Homero
2259 2109 2312 2156 et
2367 2100 2567 2164 Iliade;
2621 2099 2688 2154 de
2739 2099 2979 2163 ossibus,
3032 2113 3096 2152 ac
3160 2097 3390 2151 medicis
3449 2095 3530 2148 ia-

1969 2194 2283 2256 cultatihus,
2312 2192 2569 2263 hymnum
2603 2191 2659 2244 in
2686 2189 2855 2255 Pana,
2886 2189 3189 2259 epicedium
3241 2189 3294 2241 in
3352 2186 3531 2258 Myrin

1972 2286 2217 2350 fratrem,
2260 2284 2326 2339 de
2366 2283 2632 2338 ostentis:
2660 2280 2997 2352 Scythicum,
3041 2287 3095 2334 et
3136 2279 3246 2333 alia
3285 2278 3532 2348 quaedam

1971 2377 2202 2433 minuta.
2252 2374 2310 2428 ln
2360 2373 2724 2429 Phwnamenis
2779 2387 2907 2427 vero
2940 2371 3256 2427 scribendis
3311 2367 3536 2438 potissi-

1972 2484 2118 2522 mum
2143 2465 2416 2530 excelluit,
2465 2465 2598 2518 adeo
2653 2473 2712 2518 ut
2739 2473 2974 2524 caeteros
3021 2465 3179 2534 longe
3227 2468 3531 2532 superaret.

1970 2558 2104 2613 Nam
2132 2555 2385 2612 Eudoxus
2415 2570 2630 2625 quoque
2653 2554 2880 2610 Cnidius
2906 2555 2985 2608 ~de
3013 2553 3382 2623 phaauomenis
3406 2552 3536 2608 scri-

1971 2650 2099 2722 psit,
2135 2657 2190 2702 et
2211 2647 2382 2703 Lasus
2407 2646 2646 2716 Magnes,
2684 2661 2799 2700 non
2835 2643 3264 2706 Hermioneusis,
3340 2643 3435 2697 sed
3480 2642 3529 2696 ei

1973 2740 2068 2812 qui
2094 2739 2499 2794 Hermionensis
2527 2749 2666 2801 erat,
2715 2735 3084 2806 cognominis;
3133 2748 3344 2787 necnon
3397 2732 3535 2786 Her-

1974 2833 2208 2902 mippus,
2243 2829 2599 2900 Hegesianax,
2641 2827 3032 2897 Aristophanes
3074 2824 3386 2895 Byzantius,
3419 2823 3538 2876 alii-

1976 2940 2081 2994 que
2113 2923 2453 2994 complures;
2485 2920 2554 2977 de
2576 2920 2776 2992 quibus
2808 2919 3051 2975 meminit
3082 2916 3427 2984 Ptolemaeus,
3459 2917 3535 2970 ita

1979 3013 2222 3071 scribens
2248 3031 2261 3068 :

2046 3213 2237 3267 Omnia
2273 3212 2622 3282 Hegesianax,
2649 3220 2697 3266 et
2733 3211 3049 3280 Hermippus
3082 3210 3306 3265 mherea

2121 3286 2343 3339 Astraet
2364 3284 2537 3352 plures
2568 3283 3036 3351 Iuvaphamomena

2049 3354 2220 3410 Libris
2249 3349 2617 3407 commiserunt
2640 3369 2660 3416 ;
2686 3349 2774 3406 sed
2805 3369 2837 3405 a
2864 3366 3017 3419 scopo
3041 3349 3372 3404 aberrarunt.

2126 3487 2316 3542 Verum
2372 3484 2581 3539 subtilis
2629 3485 2896 3553 scriptoris
2946 3483 3293 3553 principatum
3338 3482 3534 3538 Aratus

3231 3551 3469 3624 [abtinet.

2046 3673 2248 3729 Praeter
2289 3674 2435 3728 hunc
2491 3671 2815 3728 exstiterunt
2861 3669 2951 3723 alii
3006 3669 3312 3740 complures
3360 3670 3534 3735 Arati,

1979 3765 2225 3821 celebres
2279 3764 2573 3820 historici:
2608 3763 2754 3817 velut
2807 3761 3056 3829 Cnidius,
3105 3762 3263 3831 cujus
3319 3767 3533 3818 exstant

1979 3854 2422 3927 [Egyptiacarum
2456 3855 2805 3911 historiarum
2852 3853 3017 3920 libri;
3047 3855 3242 3909 tertius
3281 3855 3408 3908 item
3437 3866 3536 3906 no-

1977 3949 2142 4004 minis
2171 3947 2412 4018 ejusdem
2445 3944 2753 4015 Sicyonius,
2783 3944 2940 4015 longe
2956 3943 3294 3998 clarissimus
3319 3959 3334 4008 ;
3366 3957 3397 3996 a
3426 3954 3536 4011 quo

1977 4040 2166 4095 multis
2197 4039 2354 4093 libris
2392 4037 2538 4092 edita
2571 4037 2923 4093 esthistoria.
2964 4035 3100 4090 Sunt
3123 4037 3268 4090 enim
3303 4034 3534 4104 amplius

1975 4133 2215 4202 triginta.
2249 4130 2402 4196 Quod
2438 4131 2505 4185 ad
2530 4130 2787 4202 epistolas
2830 4131 2981 4185 Arati
3023 4135 3251 4199 spectat,
3304 4141 3534 4197 quarum

1979 4239 2140 4293 supra
2169 4224 2511 4279 meminimus
2534 4263 2548 4287 ,
2574 4240 2699 4280 cum
2733 4225 2786 4277 in
2812 4223 2914 4277 hoc
2950 4221 3290 4276 consentiant
3321 4233 3531 4283 omnes,

1977 4315 2125 4370 illius
2151 4330 2242 4370 eas
2275 4330 2398 4370 esse
2425 4331 2732 4386 germanas,
2771 4300 2891 4386 quae
2915 4314 3019 4384 ipsi
3049 4313 3398 4367 tribuuntur:
3444 4325 3534 4365 so-

1979 4407 2067 4461 lus
2091 4407 2410 4477 Apollonius
2437 4407 2684 4478 Cepheus
2708 4408 2762 4461 in
2800 4415 2993 4460 octavo
3015 4404 3092 4458 De
3117 4404 3256 4473 falsa
3287 4402 3528 4469 historia,

1981 4507 2142 4568 negat
2167 4513 2259 4554 eas
2279 4499 2428 4553 Arati
2460 4515 2600 4567 esse,
2633 4499 2726 4554 sed
2758 4497 2955 4553 Sabirii
2987 4495 3245 4550 Pollonis.
3267 4494 3313 4546 A
3346 4508 3452 4564 quo
3477 4500 3532 4548 et

1982 4589 2103 4644 illas
2133 4605 2254 4644 esse
2283 4592 2514 4660 scriptas
2541 4591 2802 4660 epistolas
2849 4587 3048 4643 asserit
3092 4600 3212 4656 qua:
3260 4583 3530 4656 Euripidis

1981 4680 2200 4736 nomine
2223 4681 2699 4736 circumferuntur.

2248 4791 2325 4846 De
2351 4794 2679 4847 enarratione
2706 4792 3067 4862 apparentium
3089 4791 3260 4846 Arati.

2046 4905 2438 4976 Apparentium
2488 4907 2753 4961 rationem
2812 4906 2891 4962 sic
2935 4905 3134 4960 Aratus
3163 4901 3429 4974 exposuit,
3471 4911 3530 4957 ut

1981 4998 2258 5051 immotam
2295 4998 2470 5067 primo
2499 4997 2785 5066 sphaeram,
2820 5005 2944 5067 post
2968 4997 3207 5052 eamdem
3234 5009 3351 5051 sese
3396 5008 3527 5050 con-

1983 5095 2275 5143 vertentem
2307 5088 2592 5159 aspiceret.
2631 5087 2768 5144 Hinc
2796 5096 3016 5160 apparet
3054 5088 3298 5158 ‘sphairas
3340 5101 3526 5142 omnes

1980 5193 2009 5230 a
2040 5177 2338 5247 pictoribus
2375 5194 2484 5233 non
2515 5181 2628 5234 sine
2657 5194 2842 5234 errore
2885 5179 3051 5249 pingi.
3093 5177 3227 5232 Cum
3262 5178 3402 5232 enim
3435 5191 3528 5232 eo-

1979 5269 2100 5323 dem
2149 5271 2269 5325 loco
2321 5272 2675 5327 consistentia
2727 5282 2780 5327 et
2830 5271 3124 5326 immobilia
3181 5269 3524 5334 describant,

1979 5359 2162 5428 plures
2191 5377 2257 5416 ex
2287 5376 2352 5416 eo
2389 5377 2611 5417 necesse
2630 5370 2714 5417 est
2749 5361 2804 5415 in
2833 5359 3132 5415 orientibus
3157 5358 3318 5414 simul
3349 5366 3402 5414 et
3433 5373 3528 5413 oc-

1977 5449 2282 5506 cidentibus
2313 5450 2581 5506 sideribus
2610 5465 2824 5506 errores
2855 5448 3109 5505 incidere.
3145 5448 3304 5503 Initio
3343 5448 3526 5519 itaque

2238 5639 2282 5712 f'
2309 5639 2391 5691 Λη
2416 5638 2606 5712 -ίδίως,
2647 5641 2738 5695 καί
2772 5656 2953 5712 φησιν.
3061 5639 3105 5671 ³⁵
3139 5635 3256 5694 Scr.
3286 5636 3352 5694 τά
3378 5635 3518 5690 κατ’.
