4044 6220
586 279 726 338 “59

1605 273 1694 330 AD
1731 271 1994 331 EUSEBll
2029 268 2419 329 CHRONICON
2460 268 2819 326 APPENDIX.

3668 272 3800 327 H60

584 398 655 453 ab
683 394 893 467 sphaera
923 394 1256 452 consistente
1279 393 1446 462 laeto,
1471 391 1538 450 de
1560 409 1683 460 axe,
1719 395 1862 465 polo,
1896 401 1952 451 et
1982 393 2050 448 iis
2069 394 2143 452 si-

2250 409 2344 464 σης
2373 393 2471 465 τῆς
2500 392 2732 464 σφαίρας
2779 390 2908 462 περὶ
2948 387 3128 455 ἄξονος
3180 389 3275 443 καὶ
3319 390 3498 444 πόλων
3516 430 3530 453 ,
3573 392 3671 444 καὶ
3699 393 3801 446 τῶν

586 488 830 551 deribus,
876 501 997 557 quae
1033 487 1221 542 arctici
1277 486 1470 542 circuli
1523 485 1729 540 amhitu
1790 485 2139 551 clauduntur,

588 591 892 634 sermonem
912 576 1181 644 instituit;
1211 575 1516 648 cujusmodi
1548 585 1696 640 sunt,
1741 574 1912 642 Ursae,
1947 575 2140 641 Draco,

586 675 642 723 et
667 683 786 738 quae
817 667 886 722 ab
910 667 1128 738 cingulo
1157 667 1223 722 ad
1252 668 1415 738 pedes
1447 666 1649 737 Cephei
1693 668 1999 737 pertinent;
2027 675 2143 721 tum

588 754 655 811 de
700 755 766 810 iis
806 770 926 826 qua:
972 756 1233 810 arcticum
1275 757 1418 810 inter
1467 762 1522 811 et
1570 753 1850 810 zodiacum
1883 757 2144 811 collocata

586 847 854 903 videntur.
887 846 965 904 Ac
991 847 1058 902 de
1083 847 1151 902 iis
1172 847 1411 917 quidem,
1463 861 1584 917 quae
1627 846 1769 902 inter
1801 847 2059 901 arcticum
2090 852 2144 902 et

588 939 892 1006 zodiacum,
925 948 1086 1008 atque
1115 937 1474 993 antarcticum
1504 938 1610 993 sita
1642 944 1789 1002 sunt,
1808 937 1884 991 ita
1917 937 2138 994 scribit:

589 1053 754 1120 Atque
788 1049 898 1103 alia
927 1049 1132 1118 quidem
1163 1048 1299 1120 inter
1337 1047 1636 1120 aquilonem
1677 1056 1728 1102 et
1755 1049 1853 1120 iter
1887 1047 2012 1120 solis

589 1119 657 1174 In
671 1117 852 1174 ’medio
871 1117 992 1186 [usa
1007 1128 1148 1181 sunt;
1171 1118 1282 1171 alia
1301 1117 1364 1170 ab
1386 1117 1624 1187 inferiori
1636 1129 1785 1187 parte
1800 1119 2077 1187 incipiunt.

589 1232 789 1289 Verum
861 1245 1179 1287 conversam
1229 1240 1417 1302 postea
1455 1231 1850 1301 contemplatus
1900 1230 2144 1286 eamdem

589 1325 874 1396 sphaeram,
905 1323 1063 1394 15o
1087 1330 1327 1388 ortuum,
1349 1337 1413 1378 ac
1440 1322 1604 1379 simul
1648 1323 1936 1378 orientium
1967 1330 2022 1378 et
2051 1337 2144 1377 oc-

588 1415 886 1470 cidentium
937 1414 1339 1470 enarrationem
1386 1414 1509 1470 iniit
1551 1415 1620 1470 ab
1656 1415 1865 1470 oriente
1909 1413 2141 1480 Cancro,

587 1507 920 1580 culminante
945 1505 1144 1571 Ariete,
1174 1513 1229 1561 et
1249 1506 1528 1562 occidente
1574 1504 1928 1575 Capricorno.
1973 1503 2144 1561 Orsus

591 1607 771 1653 autem
801 1598 869 1652 ab
889 1607 1083 1657 exortu
1111 1596 1331 1662 Cancri,
1368 1611 1492 1652 cum
1521 1611 1695 1668 eoque
1732 1596 1893 1654 simul
1913 1597 2144 1652 orientia

589 1696 646 1745 et
675 1687 976 1744 occidentia
1003 1704 1071 1744 ex
1114 1687 1344 1744 adverso
1377 1688 1556 1744 sidera
1598 1695 1937 1758 persecutus,
1956 1688 2142 1758 ldein-

2247 483 2398 547 ἐντὸς
2428 483 2519 538 τοῦ
2549 483 2810 555 ἀρκτικοῦ
2847 481 3042 536 κύκλου
3072 481 3286 552 ἄστρων
3328 481 3420 535 τὸν
3447 481 3607 550 λόγον
3634 488 3804 538 ποιεῖ-

2245 591 2356 628 ται.
2393 575 2550 643 Λέγω
2577 576 2633 628 δὲ
2661 576 2928 644 Ἄρκτων,
2959 573 3052 627 καὶ
3078 573 3398 644 Δράκοντος,
3432 572 3528 626 καὶ
3564 573 3675 627 τῶν
3703 575 3806 628 ἀπὸ

2247 666 2346 738 τῆς
2373 665 2545 738 ζώνης
2581 665 2740 736 μέχρι
2770 664 2944 718 ποδῶν
2967 663 3060 716 τοῦ
3096 663 3331 734 Κηφέως
3353 680 3366 693 ·
3403 661 3521 717 εἶτα
3553 667 3682 736 ’περί¹
3703 667 3807 718 τῶν

2251 761 2454 834 μεταξὺ
2492 757 2587 813 τοῦ
2634 755 2888 828 ἀρκτικοῦ
2919 755 3013 808 καὶ
3039 753 3302 818 ζωδιακοῦ
3346 751 3484 809 εἶναι
3523 757 3807 826 νομιζομέ-

2247 870 2374 908 νων.
2423 849 2586 919 Λέγει
2623 849 2680 902 δὲ
2727 847 2987 917 περὶτῶν
3023 846 3223 914 μεταξὺ
3266 848 3360 899 τοῦ
3401 847 3666 918 ἀρκτικοῦ
3718 849 3806 900 καὶ

2247 942 2532 1011 ζωδιακοῦ,
2564 941 2658 994 καὶ
2685 938 3040 1010 ἀνταρκτικοῦ
3065 936 3235 1002 οὕτως
3261 955 3275 969 ·

2247 1058 2358 1113 Kal
2382 1059 2454 1111 τὰ
2475 1056 2590 1126 μὲν
2613 1051 2726 1126 οὖν
2745 1053 2938 1122 ,ϐορέω
3093 1051 3348 1126 ἁλήσιος
3372 1051 3600 1126 ᾐελίοιο

2245 1121 2573 1197 Μεσσηγὺς
2601 1121 2842 1196 κέχυται
2861 1141 2874 1153 ⁸
2907 1123 2979 1176 τὰ
3009 1123 3075 1176 δὲ
3101 1124 3329 1176 νειόθεν
3357 1122 3598 1190 ἄρχεται
3626 1121 3802 1177 ἄλλα.

2247 1245 2409 1298 Κινου
2417 1243 2580 1314 μένης
2599 1241 2656 1296 δὲ
2677 1241 2776 1312 τῆς
2801 1238 3053 1310 σφαίρας,
3071 1236 3115 1270 ⁸³
3129 1235 3237 1290 τῶν
3260 1236 3550 1301 ἀνατολῶν,
3569 1236 3664 1290 καὶ
3689 1255 3806 1290 συν-

2247 1333 2636 1390 ἀνατελλόντων
2666 1332 2761 1386 καὶ
2784 1329 3164 1384 ἀντιδυνόντων
3193 1328 3482 1398 πεποίηται
3513 1328 3624 1381 ἀπὸ
3660 1330 3806 1400 Καρ·

2248 1427 2397 1482 κίνου
2431 1424 2829 1486 ἀνατέλλοντος,
2868 1421 2964 1476 καὶ
3003 1417 3455 1491 μεσουρανοῦντος
3485 1417 3682 1489 Κριοῦ,
3719 1421 3806 1470 καὶ

2248 1515 2525 1587 Δίγόκερω
2551 1513 2821 1576 δύνοντος.
2866 1509 3194 1581 ’Δρξάμενος
3229 1507 3408 1579 μέντοι
3444 1507 3552 1559 ἀπὸ
3598 1507 3804 1576 Καρκί-

2248 1627 2338 1663 νου
2368 1607 2763 1670 άνατέλλοντος,
2791 1602 2885 1657 καὶ
2911 1603 2955 1633 ⁸⁸
2985 1601 3205 1672 προσέτι
3247 1599 3314 1652 τὰ
3355 1597 3805 1651 συνανατέλλοντα

2255 1699 2401 1772 αύτῷ
2433 1699 2605 1769 ἄστρα
2627 1739 2641 1766 ,
2672 1696 2767 1750 καὶ
2801 1693 3138 1749 ἀντιδύνοντα
3171 1693 3227 1745 ὲν
3258 1693 3368 1753 τοῖς
3402 1689 3530 1759 ἑξῆς
3561 1689 3664 1741 οὐκ
3689 1689 3806 1758 ἐτήο

590 1794 718 1849 ceps
749 1779 996 1835 eumdem
1029 1778 1277 1833 ordinem
1311 1793 1418 1832 non
1446 1779 1748 1840 tenuit.sed
1775 1780 1942 1836 variis
1971 1779 2147 1835 modis

2250 1767 2385 1863 ρησε
2409 1767 2610 1859 ταύτὴν
2652 1786 2749 1859 τὴν
2791 1784 2939 1848 τάξιν
2965 1801 2977 1814 ·
3011 1781 3145 1836 ἀλλά
3183 1779 3487 1851 διαφόρως,
3526 1777 3660 1830 ποτὲ
3714 1779 3804 1848 μὲν

593 1886 725 1927 usus
755 1879 838 1926 est
866 1888 881 1925 :
911 1876 1014 1926 ute
1035 1869 1255 1940 regione
1272 1869 1545 1925 interdum
1568 1870 1870 1925 occidentia
1893 1871 2145 1939 primum,

591 1970 717 2034 post
747 1961 907 2017 simul
937 1961 1166 2017 orientia
1188 1960 1524 2016 describeret
1548 1977 1563 2026 ;
1592 1962 1648 2015 in
1679 1961 1801 2016 aliis
1831 1961 1949 2016 vice
1969 1976 2145 2025 versa,

592 2053 1018 2108 acoorientibus
1061 2051 1344 2122 inciperet,
1394 2053 1570 2122 iisque
1613 2052 1949 2106 contrarium
1989 2066 2148 2106 occa-

591 2160 715 2202 sum
745 2143 996 2199 facientia
1018 2142 1333 2213 subjiceret.

661 2231 768 2286 Sed
822 2233 1090 2301 poeticum
1137 2231 1241 2286 hoc
1290 2245 1428 2300 opus
1475 2229 1717 2301 plerique
1763 2229 2147 2301 depravarunt,

590 2322 853 2394 pictores,
894 2321 1213 2385 astronomi,
1253 2320 1614 2390 grammatici,
1656 2329 1978 2392 geometrae;
2027 2337 2149 2378 cum

592 2408 662 2464 ad
709 2423 864 2466 suam
895 2409 1127 2480 quisque
1160 2418 1396 2464 mentem
1431 2423 1496 2464 ac
1538 2411 1866 2466 voluntatem
1915 2412 2152 2484 privatas

591 2500 836 2571 picturas
861 2505 917 2557 et
948 2499 1422 2569 interpretationes
1458 2499 1721 2571 exigeret.

659 2591 1017 2648 Proferuntur
1064 2605 1096 2645 a
1145 2590 1422 2647 nunnullis
1464 2589 1817 2648 Phwnomena
1869 2591 1990 2648 sine
2041 2591 2153 2649 ullo

592 2685 861 2756 prooemio
890 2683 945 2738 in
973 2682 1119 2738 hunc
1157 2683 1380 2738 modum
1411 2701 1428 2739 :

593 2797 696 2853 Hie
720 2797 926 2869 quidem
948 2796 1282 2851 nihilominus
1317 2796 1520 2863 multat,
1555 2805 1603 2852 ct
1625 2796 1754 2851 alibi
1796 2797 1919 2853 alia:
1946 2799 2153 2869 posita';

591 2908 810 2982 quidam
844 2907 1057 2964 diversa
1085 2907 1349 2979 prooemia
1380 2906 1643 2973 referunt,
1684 2907 1828 2963 velut
1863 2927 1878 2965 :

768 3021 846 3076 De
873 3021 982 3076 sole
1008 3031 1056 3075 et
1087 3020 1279 3090 insigni
1307 3019 1435 3075 luna

765 3093 933 3147 Dicite
957 3091 1101 3154 mihi,
1135 3088 1316 3150 Music.

594 3203 658 3260 la;
687 3203 808 3260 aliis
835 3201 1238 3273 exemplaribus
1262 3219 1279 3258 :

594 3319 812 3378 Anclide
835 3319 1092 3392 hospitum
1127 3332 1337 3392 sacrum
1364 3333 1620 3392 ⁸ρει-ηιεη,
1671 3335 1767 3392 age
1795 3328 1852 3375 tu
1891 3320 2018 3376 mihi

593 3392 863 3448 Caelestem
897 3385 1129 3458 attingas
1151 3385 1220 3440 ad
1246 3385 1522 3453 semitam;

593 3507 720 3572 alia,

769 3643 1044 3713 Antigone,
1072 3643 1334 3714 hospitum
1363 3655 1570 3695 sacrum
1595 3654 1822 3710 germen.

594 3757 792 3816 Verum
837 3758 983 3812 omni
1031 3771 1256 3829 prorsus
1291 3769 1479 3811 carere
1515 3751 1781 3824 prooemio
1813 3765 1951 3823 opus
1981 3751 2148 3817 istud,

592 3849 911 3906 indecorum
938 3854 1060 3916 est;
1096 3861 1161 3902 ac
1201 3860 1324 3902 cum
1357 3843 1525 3914 hujus
1570 3851 1741 3914 poetae
1779 3843 2054 3913 praestanti
2084 3842 2156 3896 fa-

590 3941 811 4009 cultate,
841 3950 953 3994 tum
981 3953 1112 3994 vero
1136 3936 1275 3992 tanti
1307 3935 1612 4007 argumenti
1645 3934 1926 4005 majestate
1971 3935 2153 3992 minus

591 4034 844 4104 dignum,
871 4031 954 4087 sic
991 4029 1136 4086 enim
1165 4027 1304 4083 initii
1349 4041 1415 4083 ac
1439 4027 1586 4082 velut
1613 4025 1808 4096 capitis
1836 4040 2027 4096 expers
2066 4041 2156 4084 es-

591 4133 678 4184 set
697 4126 800 4181 hoc
822 4137 1033 4193 poema.
1057 4121 1140 4176 Ah
1168 4119 1238 4176 iis
1266 4129 1447 4174 autem
1477 4116 1719 4174 exordiis
1755 4117 2020 4182 inchoari,
2046 4117 2156 4171 An-

593 4216 758 4282 clide‘,
799 4221 854 4269 et
892 4211 944 4266 id
980 4226 1152 4282 genus
1187 4208 1432 4272 caeteris,
1481 4221 1590 4261 non
1617 4221 1682 4262 eo
1719 4206 1896 4262 solum
1942 4205 2156 4260 videtur

594 4305 910 4369 absurdum,
933 4302 1074 4373 quod
1098 4309 1316 4371 propter
1356 4299 1684 4354 cacozeliam
1730 4297 1798 4352 ab
1827 4297 1978 4352 Arati
2013 4297 2153 4368 stylo

2182 3105 2228 3169 ο

2244 1880 2314 1934 τὰ
2345 1877 2684 1934 ἀντιδύνοντα
2715 1875 2906 1948 πρῶτα
2934 1874 3083 1938 λέγει
3103 1911 3118 1936 ,
3151 1871 3371 1943 ὕστερον
3397 1871 3452 1923 δὲ
3484 1870 3550 1923 τὰ
3584 1888 3803 1924 συνανα-

2247 1972 2530 2025 τέλλοντα·
2562 1970 2655 2022 ἐπὶ
2704 1968 2761 2021 δέ
2802 1983 2960 2020 τινων
3009 1964 3274 2019 ἀνάπαλιν
3294 1981 3306 1993 ·
3356 1961 3550 2034 πρῶτα
3600 1962 3698 2032 μὲν
3741 1962 3802 2013 τὰ

2249 2061 2720 2125 συνανατέλλοντα,
2755 2060 2976 2131 ὕστερον
3005 2057 3072 2110 τὰ
3091 2055 3450 2111 ἀντιδύνοντα.

2331 2240 2632 2313 Ἐλύμηναν
2677 2238 2734 2292 δὲ
2771 2235 2956 2290 πολλοὶ
2990 2234 3147 2290 τοῦτο
3193 2234 3253 2288 τὸ
3286 2235 3496 2306 ποίημα
3533 2235 3798 2305 ζωγράφοι

2249 2335 2343 2390 καὶ
2371 2331 2690 2405 ἀστρονόμοι
2713 2371 2728 2397 ,
2767 2330 2860 2383 καὶ
2905 2327 3277 2400 γραμματικοὶ
3303 2370 3317 2394 ,
3348 2326 3442 2380 καὶ
3474 2326 3798 2396 γεωμέτραι,

2247 2427 2473 2489 ἕκαστος
2500 2421 2678 2477 αὐτῶν
2708 2419 2843 2492 πρὸς
2871 2418 2933 2472 τὸ
2964 2417 3208 2490 βούλημα
3229 2417 3290 2471 τὸ
3322 2417 3448 2472 ῐδιον
3481 2417 3697 2489 γραφὰς
3718 2417 3800 2469 καὶ

2250 2517 2534 2589 ιξηγήσεις
2567 2513 2699 2577 ἰδίας
2719 2510 3047 2580 ποιούμενοι.

2319 2609 2542 2682 Φέρεται
2575 2606 2641 2678 δὴ
2686 2606 2756 2660 τά
2790 2603 3121 2673 Φαινόμενα
3155 2599 3261 2654 ὑπὸ
3296 2601 3394 2673 μέν
3431 2616 3595 2654 τινων
3647 2601 3803 2671 ἀπρο-

2251 2700 2507 2774 οιμίαστα
2529 2715 2544 2730 ·

2257 2817 2322 2870 Ol
2344 2811 2460 2885 μὲν
2483 2810 2638 2882 ὁμῶς
2661 2811 2871 2877 πολέες
2897 2826 2959 2865 τε
2979 2810 3076 2864 καὶ
3100 2807 3353 2874 ἄλλυδις
3371 2805 3551 2861 ἄλλοι
3574 2807 3770 2872 ἐόντες
3786 2824 3798 2835 ·

2255 2905 2359 2962 ὑπὸ
2382 2905 2442 2960 δέ
2462 2921 2621 2959 τινων
2644 2903 2874 2976 διάφορα
2903 2902 3184 2975 προοίμια,
3212 2902 3386 2972 ἀρχὴν
3409 2899 3605 2970 ἔχοντα
3623 2916 3636 2928 ·

2405 3017 2568 3088 Ἆμφί
2593 3035 2695 3088 μοι
2726 3016 2950 3088 ἠελίοιο
2982 3013 3368 3084 περικλειτοῒό
3391 3029 3453 3066 τε
3472 3010 3674 3080 μήνης

2401 3086 2651 3141 Ἐσπετέ
2672 3103 2795 3157 μοι,
2822 3086 3057 3140 Μοῦσαι

2255 3204 2376 3262 τινὰ
2404 3204 2459 3258 δὲ
2487 3203 2596 3258 τῶν
2627 3201 2974 3272 ἀντιγράφων
2995 3217 3008 3230 ο

2267 3316 2565 3388 Ἇγκλείδη
2592 3314 2805 3378 ξείνων
2828 3312 2990 3388 lepor:
3017 3312 3223 3388 θάλος,
3249 3314 3300 3368 εὶ
3318 3311 3370 3366 δ’
3399 3311 3506 3382 ἆγε
3527 3313 3610 3366 σύ
3631 3330 3732 3381 μοι

2251 3383 2546 3458 Οὐρανίην
2575 3388 2875 3456 ψαύσειας
2898 3383 2995 3438 ἐπὶ
3022 3383 3250 3452 τρίϐον-ο

2253 3503 2370 3557 ἔνια
2399 3500 2458 3554 δέ
2476 3517 2490 3530 ο

2403 3613 2711 3683 Ἀντίγονε,
2739 3609 2949 3676 ξείνων
2978 3607 3137 3677 ἱερὸν
3157 3609 3360 3675 θάλος.

2253 3728 2326 3783 Τὸ
2362 3725 2460 3798 μὲν
2481 3720 2574 3779 οῦν
2609 3722 3029 3796 ἀπροοιμίαστον
3053 3720 3311 3793 φέρεσθαι
3341 3721 3401 3774 τὸ
3431 3721 3649 3793 ποίημα
3683 3740 3808 3777 παν-

2250 3818 2417 3882 τελῶς
2454 3819 2602 3870 ἐστιν
2646 3816 2890 3887 ἀπρεπὲς
2931 3815 3028 3869 καὶ
3063 3801 3294 3878 ἀνάξιον
3317 3812 3418 3884 τῆς
3454 3812 3551 3867 τοῦ
3596 3814 3809 3884 ποιητοῦ

2251 3910 2448 3983 ἀρετῆς
2495 3910 2591 3962 καὶ
2638 3907 2739 3978 τῆς
2799 3906 3126 3979 τηλικαύτης
3189 3903 3496 3967 ὑποθέσεως
3521 3921 3536 3935 ο
3584 3906 3809 3975 ἄναρχον

2251 4004 2359 4076 γὰρ
2402 4002 2498 4057 καλ⁸
2529 4001 2799 4070 ἀκέφαλον
2842 3999 2994 4055 ἔσται
3035 3998 3096 4052 τὸ
3123 3997 3334 4069 ποίημα
3353 4013 3367 4028 ⁸
3397 3997 3458 4051 τὸ
3497 3997 3555 4050 δὲ
3584 3998 3696 4051 ἀπὸ
3724 3997 3808 4050 τοῦ
3853 4029 3862 4037 -

2264 4096 2595 4168 Ἆγκλείδη,
2645 4095 2739 4149 καὶ⁸
2783 4093 2892 4148 τῶν
2942 4093 3070 4164 ἑξῆς
3111 4092 3395 4164 ἄρχεσθαι,
3438 4093 3574 4164 πρὸς
3609 4093 3690 4162 τῷ
3728 4093 3808 4144 διὰ

2252 4189 2579 4262 κακοζηλίαν
2627 4189 2884 4259 ἐκφυγεῖν
2921 4186 3090 4241 ταῦτα
3130 4185 3201 4239 τὰ
3250 4185 3356 4256 ἔπη
3403 4184 3488 4238 τὸν
3531 4185 3806 4254 Ἀράτειον

2249 4281 2592 4354 χαρακτῆρα,
2626 4279 2703 4333 ἔτι
2733 4279 2826 4334 καὶ
2855 4277 3161 4348 ἐναντίωμα
3198 4276 3311 4347 ἔχει
3343 4277 3404 4329 τὸ
3429 4275 3622 4328 οἴεσθαι
3651 4275 3805 4328 ἑϐδο-

595 4401 683 4456 isti
711 4367 905 4455 versus
938 4367 1296 4464 abhorreant;
1331 4392 1427 4447 sed
1465 4392 1609 4446 inest
1643 4391 1696 4445 id
1739 4391 1795 4444 in
1827 4405 1893 4446 eo
1937 4367 2148 4461 quoque

2256 4376 2718 4449 μηκονταετηρὶδα
2763 4369 2923 4440 εἶναι,
2954 4373 3012 4427 ὲν
3061 4367 3094 4444 ᾖ
3140 4370 3567 4425 ἀποκαθίσταται
3596 4369 3624 4422 ὁ
3656 4368 3807 4440 ἥλιος

593 4505 842 4564 pugnans
860 4530 876 4554 ,
907 4486 1052 4558 quod
1079 4461 1237 4540 annis
1259 4459 1597 4554 septuaginta
1632 4479 1699 4536 ad
1714 4481 1870 4564 idem
1891 4459 2148 4551 punctum

2253 4470 2358 4526 ἀπὸ
2391 4467 2617 4540 σημείου
2645 4467 2737 4522 ἐπὶ
2761 4467 3002 4537 σημεῖον.
3037 4466 3189 4537 Ἔχει
3213 4465 3320 4535 γὰρ
3352 4464 3415 4518 τὸ
3438 4461 3808 4534 ητεψευσμὲ-
3839 4507 3855 4537 Ι

592 4563 835 4634 revocari
863 4575 995 4630 solis
1032 4570 1305 4626 curricula
1344 4568 1659 4623 credantur.
1709 4563 1841 4621 Tale
1885 4572 1968 4621 est
2008 4563 2152 4618 enim

595 4665 1024 4725 commentitium
1044 4661 1175 4719 illud
1203 4662 1482 4717 exordium
1502 4678 1514 4714 :

597 4782 797 4851 Septies
825 4797 942 4835 cum
970 4778 1230 4834 decenniis
1251 4774 1510 4831 conversis
1538 4773 1710 4828 annis.

596 4891 730 4948 Cum
754 4899 933 4945 tamen
953 4889 1154 4943 Aratus
1181 4883 1550 4942 novemdecim
1572 4893 1836 4936 annorum
1867 4879 2041 4950 spatio
2070 4892 2157 4933 re-

597 4982 749 5042 stitui
765 4981 931 5038 solem
947 4980 1002 5034 in
1018 4978 1160 5035 idem
1177 4976 1499 5050 principium
1518 4971 1748 5039 noverit,
1768 4972 1844 5025 ita
1871 4970 2118 5028 scribens
2137 4985 2154 5026 :

600 5134 617 5150 .
648 5132 665 5149 .
703 5135 717 5149 .
748 5133 762 5146 .
807 5135 820 5148 .
866 5133 881 5146 .
913 5131 928 5145 .
961 5089 1088 5145 Iam
1115 5091 1254 5145 enim
1283 5086 1528 5150 celebrati
1557 5094 1678 5140 sunt

600 5162 966 5218 Novemdecim
990 5160 1174 5214 circuli
1201 5157 1460 5229 splendidi
1497 5156 1645 5212 solis.

601 5235 734 5289 Tum
765 5241 1085 5302 quotcunque
1112 5229 1176 5302 ab
1209 5223 1414 5299 cingulo
1448 5233 1515 5302 ad
1561 5223 2114 5302 extremttmOrionem

602 5303 726 5358 No.1:
751 5294 952 5367 evolvit,
991 5294 1040 5354 et
1078 5301 1144 5353 ad
1175 5294 1354 5353 canem
1385 5297 1635 5351 audacem
1671 5294 1904 5350 Orionis.

599 5415 754 5474 Unde
797 5416 842 5472 si
883 5412 1205 5487 prommium
1247 5409 1380 5466 illud
1421 5408 1830 5473 admiserimus,
1882 5405 1936 5459 in
1973 5418 2037 5459 eo
2065 5417 2152 5458 se-

601 5510 876 5583 ptuaginla
916 5519 1183 5562 annorum
1232 5505 1419 5559 orbem
1469 5512 1627 5574 poeta
1685 5495 2149 5556 constitueritzin

670 5667 718 5701 “
750 5665 902 5720 Deest
923 5677 1107 5718 nomen
1143 5659 1334 5730 ἀρχήν.
1426 5658 1474 5690 ⁸⁵
1502 5657 1656 5713 Deest
1702 5653 1923 5724 aliquid.

2253 4578 2342 4617 νον
2377 4558 2658 4631 προοίμιον
2685 4556 2856 4621 οὕτως
2884 4574 2897 4586 ·

2259 4761 2522 4829 Ἐπταχα
2546 4758 2666 4812 σὺν
2697 4756 2973 4812 δεκάδεσι
2999 4753 3448 4825 περιπλομένων
3467 4753 3774 4808 ενιαυτῶν.

2259 4871 2365 4927 Τοῦ
2409 4871 2636 4943 Ἀράτου
2675 4867 3273 4940 ὲννεακαιδεκαετηρίδα
3302 4866 3498 4929 εἰδότος
3535 4869 3807 4921 ἀποκατα-

2261 4964 2516 5035 στατικὴν
2542 4962 2634 5016 τοῦ
2661 4961 2809 5033 ἡλίου
2834 4960 2920 5014 διά
2943 4958 3171 5013 τούτων’

2257 5124 2274 5137 .
2319 5119 2333 5131 .
2377 5119 2391 5132 .
2426 5118 2440 5131 .
2479 5117 2493 5130 .
2531 5116 2544 5129 .
2589 5117 2602 5130 .
2635 5115 2648 5128 .
2697 5075 2772 5128 Τὰ
2802 5074 2912 5142 γὰρ
2941 5072 3351 5141 συναγείρεται
3380 5070 3425 5100 ⁸⁸
3456 5068 3574 5137 ἤδη

2269 5145 2715 5203 Ἐννεακαίδεκα
2734 5148 2928 5198 κύκλα
2954 5143 3200 5211 φαεινοῦ
3231 5142 3459 5208 ἠελίοιο
3482 5158 3494 5169 ·

2260 5220 2450 5273 Ὄσσα
2477 5219 2524 5269 τ’
2557 5215 2671 5270 ἀπὸ
2703 5213 2882 5280 ζώνης
2917 5215 3003 5278 είς
3026 5212 3285 5279 ἔσχατον
3315 5211 3556 5278 Ὠρίωνα

2256 5289 2383 5352 Νὺξ
2411 5285 2769 5350 ἐπιδινεῖται,
2805 5285 2970 5337 Κύνα
3001 5299 3064 5336 τε
3100 5281 3330 5349 θρασὺν
3362 5281 3650 5347 Ὠρίωνος.

2259 5403 2420 5454 Ὥστε
2448 5402 2495 5453 εί
2533 5396 2986 5469 προσδεχθείημεν
3014 5393 3076 5447 τὸ
3108 5393 3408 5466 προοίμιον,
3442 5393 3499 5445 ὲν
3535 5392 3684 5462 αύτῷ
3716 5393 3808 5463 μὲν

2256 5489 2848 5564 ἑϐδομηκονταετηρίδα
2878 5487 3026 5542 ἔσται
3072 5487 3246 5555 λέγων
3281 5487 3311 5538 ὁ
3351 5484 3612 5556 ποιητὴς,
3651 5486 3709 5538 ὲν
3756 5483 3806 5536 δὲ

2019 5651 2062 5684 ⁸⁸
2096 5649 2138 5718 Ῑ.
2175 5644 2528 5704 συναείδεται.
