  <div class='ocr_page' id='page_1' title='image "/cluster/home/n/w/nwhite01/storage/ocr_20150623/19/hvd.32044073501199/588.png"; bbox 0 0 4044 6220; ppageno 0'>
   <div class='ocr_carea' id='block_1_1' title="bbox 326 285 457 341">
    <p class='ocr_par' dir='ltr' id='par_1_1' title="bbox 326 285 457 341">
     <span class='ocr_line' id='line_1_1' title="bbox 326 285 457 341; baseline -0.008 -1"><span class='ocrx_word' id='word_1_1' title='bbox 326 285 457 341; x_wconf 76' lang='grc'><strong>1161</strong></span> 
     </span>
    </p>
   </div>
   <div class='ocr_carea' id='block_1_2' title="bbox 1732 269 2157 330">
    <p class='ocr_par' dir='ltr' id='par_1_2' title="bbox 1732 269 2157 330">
     <span class='ocr_line' id='line_1_2' title="bbox 1732 269 2157 330; baseline -0.007 -1"><span class='ocrx_word' id='word_1_2' title='bbox 1732 271 1938 330; x_wconf 73' lang='lat' dir='ltr'><strong>ARATI</strong></span> <span class='ocrx_word' id='word_1_3' title='bbox 1978 269 2157 330; x_wconf 68' lang='lat' dir='ltr'><strong>“TA.</strong></span> 
     </span>
    </p>
   </div>
   <div class='ocr_carea' id='block_1_3' title="bbox 3410 258 3549 317">
    <p class='ocr_par' dir='ltr' id='par_1_3' title="bbox 3410 258 3549 317">
     <span class='ocr_line' id='line_1_3' title="bbox 3410 258 3549 317; baseline -0.029 0"><span class='ocrx_word' id='word_1_4' title='bbox 3410 258 3549 317; x_wconf 66' lang='lat'><strong>“0%</strong></span> 
     </span>
    </p>
   </div>
   <div class='ocr_carea' id='block_1_4' title="bbox 327 379 1905 474">
    <p class='ocr_par' dir='ltr' id='par_1_4' title="bbox 327 391 1885 474">
     <span class='ocr_line' id='line_1_4' title="bbox 327 391 1885 474; baseline -0.008 -15"><span class='ocrx_word' id='word_1_5' title='bbox 327 405 440 469; x_wconf 74' lang='grc' dir='ltr'>τοῖς</span> <span class='ocrx_word' id='word_1_6' title='bbox 495 400 623 474; x_wconf 75' lang='grc' dir='ltr'><strong>ἑξῆς</strong></span> <span class='ocrx_word' id='word_1_7' title='bbox 673 398 1302 471; x_wconf 80' lang='grc' dir='ltr'>ὲννεακαιδεκαετηρίδα·</span> <span class='ocrx_word' id='word_1_8' title='bbox 1363 398 1458 451; x_wconf 68' lang='grc' dir='ltr'><strong>καὶ</strong></span> <span class='ocrx_word' id='word_1_9' title='bbox 1499 394 1659 459; x_wconf 72' lang='grc' dir='ltr'>αὐτὸς</span> <span class='ocrx_word' id='word_1_10' title='bbox 1705 391 1885 464; x_wconf 76' lang='grc' dir='ltr'>ἑαυτῷ</span> 
     </span>
    </p>
   </div>
   <div class='ocr_carea' id='block_1_5' title="bbox 2009 379 3550 474">
    <p class='ocr_par' dir='ltr' id='par_1_5' title="bbox 2009 379 3550 461">
     <span class='ocr_line' id='line_1_5' title="bbox 2009 379 3550 461; baseline -0.006 -16"><span class='ocrx_word' id='word_1_11' title='bbox 2009 385 2359 461; x_wconf 89' lang='lat' dir='ltr'><strong>equentibus,</strong></span> <span class='ocrx_word' id='word_1_12' title='bbox 2388 397 2656 440; x_wconf 85' lang='lat' dir='ltr'><strong>annorum</strong></span> <span class='ocrx_word' id='word_1_13' title='bbox 2692 379 3067 439; x_wconf 77' lang='lat' dir='ltr'><strong>novemdoeim</strong></span> <span class='ocrx_word' id='word_1_14' title='bbox 3100 397 3116 448; x_wconf 89' lang='lat'><strong>;</strong></span> <span class='ocrx_word' id='word_1_15' title='bbox 3150 394 3214 436; x_wconf 88' lang='lat' dir='ltr'><strong>ac</strong></span> <span class='ocrx_word' id='word_1_16' title='bbox 3229 393 3414 435; x_wconf 84' lang='lat' dir='ltr'><strong>secum</strong></span> <span class='ocrx_word' id='word_1_17' title='bbox 3431 379 3550 450; x_wconf 85' lang='lat' dir='ltr'><strong>ipse</strong></span> 
     </span>
    </p>
   </div>
   <div class='ocr_carea' id='block_1_6' title="bbox 327 481 1882 565">
    <p class='ocr_par' dir='ltr' id='par_1_6' title="bbox 327 481 1882 565">
     <span class='ocr_line' id='line_1_6' title="bbox 327 481 1882 565; baseline -0.006 -17"><span class='ocrx_word' id='word_1_18' title='bbox 327 492 762 565; x_wconf 73' lang='grc' dir='ltr'>ἐναντιούμενος·</span> <span class='ocrx_word' id='word_1_19' title='bbox 806 493 940 563; x_wconf 81' lang='grc' dir='ltr'>ὅπερ</span> <span class='ocrx_word' id='word_1_20' title='bbox 999 492 1217 546; x_wconf 78' lang='grc' dir='ltr'>ἄτοπον.</span> <span class='ocrx_word' id='word_1_21' title='bbox 1268 490 1520 560; x_wconf 74' lang='grc' dir='ltr'>Ἄμεινον</span> <span class='ocrx_word' id='word_1_22' title='bbox 1567 481 1658 540; x_wconf 75' lang='grc' dir='ltr'><strong>οὖν</strong></span> <span class='ocrx_word' id='word_1_23' title='bbox 1692 485 1753 539; x_wconf 83' lang='grc' dir='ltr'><strong>τὸ</strong></span> <span class='ocrx_word' id='word_1_24' title='bbox 1795 483 1882 539; x_wconf 81' lang='grc' dir='ltr'><strong>διὰ</strong></span> 
     </span>
    </p>
   </div>
   <div class='ocr_carea' id='block_1_7' title="bbox 326 565 1882 654">
    <p class='ocr_par' dir='ltr' id='par_1_7' title="bbox 326 565 1882 654">
     <span class='ocr_line' id='line_1_7' title="bbox 326 565 1882 654; baseline -0.008 -14"><span class='ocrx_word' id='word_1_25' title='bbox 326 584 434 640; x_wconf 81' lang='grc' dir='ltr'>τῶν</span> <span class='ocrx_word' id='word_1_26' title='bbox 470 583 734 638; x_wconf 80' lang='grc' dir='ltr'><strong>πλείστων</strong></span> <span class='ocrx_word' id='word_1_27' title='bbox 757 582 1100 654; x_wconf 74' lang='grc' dir='ltr'><strong>ἀντιγράφων</strong></span> <span class='ocrx_word' id='word_1_28' title='bbox 1131 579 1424 654; x_wconf 76' lang='grc' dir='ltr'>φερόμενον</span> <span class='ocrx_word' id='word_1_29' title='bbox 1456 576 1790 651; x_wconf 75' lang='grc' dir='ltr'><strong>προσίεσθαι,</strong></span> <span class='ocrx_word' id='word_1_30' title='bbox 1822 565 1882 627; x_wconf 73' lang='grc' dir='ltr'><strong>οὗ</strong></span> 
     </span>
    </p>
   </div>
   <div class='ocr_carea' id='block_1_8' title="bbox 330 675 571 746">
    <p class='ocr_par' dir='ltr' id='par_1_8' title="bbox 330 675 571 746">
     <span class='ocr_line' id='line_1_8' title="bbox 330 675 571 746; baseline -0.004 0"><span class='ocrx_word' id='word_1_31' title='bbox 330 676 360 746; x_wconf 65' lang='grc' dir='ltr'><strong>ιι</strong></span> <span class='ocrx_word' id='word_1_32' title='bbox 386 675 529 746; x_wconf 83' lang='grc' dir='ltr'>ἀρχή</span> <span class='ocrx_word' id='word_1_33' title='bbox 557 691 571 706; x_wconf 61' lang='grc' dir='ltr'>θ</span> 
     </span>
    </p>
   </div>
   <div class='ocr_carea' id='block_1_9' title="bbox 338 777 1885 857">
    <p class='ocr_par' dir='ltr' id='par_1_9' title="bbox 338 777 1885 857">
     <span class='ocr_line' id='line_1_9' title="bbox 338 777 1885 857; baseline -0.003 -19"><span class='ocrx_word' id='word_1_34' title='bbox 338 784 437 840; x_wconf 80' lang='grc' dir='ltr'>Ἐκ</span> <span class='ocrx_word' id='word_1_35' title='bbox 462 785 594 853; x_wconf 83' lang='grc' dir='ltr'>Διὸς</span> <span class='ocrx_word' id='word_1_36' title='bbox 617 787 968 857; x_wconf 61' lang='grc' dir='ltr'><strong>ἀρχώμσθα</strong></span> <span class='ocrx_word' id='word_1_37' title='bbox 987 804 1001 818; x_wconf 89' lang='grc'><strong>·</strong></span> <span class='ocrx_word' id='word_1_38' title='bbox 1024 786 1132 840; x_wconf 79' lang='grc' dir='ltr'>τὸν</span> <span class='ocrx_word' id='word_1_39' title='bbox 1148 784 1416 840; x_wconf 76' lang='grc' dir='ltr'>οὐδέποτ’</span> <span class='ocrx_word' id='word_1_40' title='bbox 1445 780 1658 851; x_wconf 81' lang='grc' dir='ltr'>ἄνδρες</span> <span class='ocrx_word' id='word_1_41' title='bbox 1676 777 1885 848; x_wconf 77' lang='grc' dir='ltr'>ἐῶμεν.</span> 
     </span>
    </p>
   </div>
   <div class='ocr_carea' id='block_1_10' title="bbox 340 893 1893 971">
    <p class='ocr_par' dir='ltr' id='par_1_10' title="bbox 340 893 1893 971">
     <span class='ocr_line' id='line_1_10' title="bbox 340 893 1893 971; baseline -0.004 -20"><span class='ocrx_word' id='word_1_42' title='bbox 340 898 637 971; x_wconf 78' lang='grc' dir='ltr'>’Ᾱρμόττον</span> <span class='ocrx_word' id='word_1_43' title='bbox 660 899 768 971; x_wconf 78' lang='grc' dir='ltr'>γὰρ</span> <span class='ocrx_word' id='word_1_44' title='bbox 800 899 866 953; x_wconf 80' lang='grc' dir='ltr'><strong>ἂν</strong></span> <span class='ocrx_word' id='word_1_45' title='bbox 898 901 983 971; x_wconf 77' lang='grc' dir='ltr'><strong>εἴη</strong></span> <span class='ocrx_word' id='word_1_46' title='bbox 1012 900 1106 953; x_wconf 83' lang='grc' dir='ltr'><strong>ἀπ’</strong></span> <span class='ocrx_word' id='word_1_47' title='bbox 1135 898 1298 954; x_wconf 81' lang='grc' dir='ltr'>αὐτοῦ</span> <span class='ocrx_word' id='word_1_48' title='bbox 1337 897 1434 969; x_wconf 78' lang='grc' dir='ltr'><strong>τὴν</strong></span> <span class='ocrx_word' id='word_1_49' title='bbox 1458 894 1629 968; x_wconf 82' lang='grc' dir='ltr'>ἀρχὴν</span> <span class='ocrx_word' id='word_1_50' title='bbox 1665 893 1893 964; x_wconf 82' lang='grc' dir='ltr'>ποιήσα·</span> 
     </span>
    </p>
   </div>
   <div class='ocr_carea' id='block_1_11' title="bbox 332 983 1890 1064">
    <p class='ocr_par' dir='ltr' id='par_1_11' title="bbox 332 983 1890 1064">
     <span class='ocr_line' id='line_1_11' title="bbox 332 983 1890 1064; baseline -0.004 -20"><span class='ocrx_word' id='word_1_51' title='bbox 332 991 456 1044; x_wconf 84' lang='grc' dir='ltr'>σθαι</span> <span class='ocrx_word' id='word_1_52' title='bbox 487 991 575 1045; x_wconf 77' lang='grc' dir='ltr'><strong>τὸν</strong></span> <span class='ocrx_word' id='word_1_53' title='bbox 602 992 725 1064; x_wconf 60' lang='grc' dir='ltr'><strong>περ)⁸</strong></span> <span class='ocrx_word' id='word_1_54' title='bbox 752 992 859 1046; x_wconf 85' lang='grc' dir='ltr'><strong>τῶν</strong></span> <span class='ocrx_word' id='word_1_55' title='bbox 893 992 1157 1062; x_wconf 76' lang='grc' dir='ltr'>οὐρανίων</span> <span class='ocrx_word' id='word_1_56' title='bbox 1182 988 1558 1063; x_wconf 76' lang='grc' dir='ltr'><strong>ἐξηγούμενον.</strong></span> <span class='ocrx_word' id='word_1_57' title='bbox 1598 986 1803 1058; x_wconf 79' lang='grc' dir='ltr'><strong>Πρέπει</strong></span> <span class='ocrx_word' id='word_1_58' title='bbox 1834 983 1890 1038; x_wconf 72' lang='grc' dir='ltr'>δὲ</span> 
     </span>
    </p>
   </div>
   <div class='ocr_carea' id='block_1_12' title="bbox 331 1077 1891 1156">
    <p class='ocr_par' dir='ltr' id='par_1_12' title="bbox 331 1077 1891 1156">
     <span class='ocr_line' id='line_1_12' title="bbox 331 1077 1891 1156; baseline -0.006 -19"><span class='ocrx_word' id='word_1_59' title='bbox 331 1084 426 1137; x_wconf 74' lang='grc' dir='ltr'><strong>καὶ</strong></span> <span class='ocrx_word' id='word_1_60' title='bbox 453 1086 702 1156; x_wconf 82' lang='grc' dir='ltr'><strong>ποιηταῖς</strong></span> <span class='ocrx_word' id='word_1_61' title='bbox 736 1084 968 1155; x_wconf 85' lang='grc' dir='ltr'>μάλιστα</span> <span class='ocrx_word' id='word_1_62' title='bbox 990 1082 1129 1154; x_wconf 74' lang='grc' dir='ltr'>αὕτη</span> <span class='ocrx_word' id='word_1_63' title='bbox 1155 1086 1189 1154; x_wconf 80' lang='grc' dir='ltr'>ἡ</span> <span class='ocrx_word' id='word_1_64' title='bbox 1223 1083 1364 1155; x_wconf 83' lang='grc' dir='ltr'><strong>ἀρχή</strong></span> <span class='ocrx_word' id='word_1_65' title='bbox 1390 1099 1403 1113; x_wconf 87' lang='grc'><strong>·</strong></span> <span class='ocrx_word' id='word_1_66' title='bbox 1437 1080 1559 1133; x_wconf 76' lang='grc' dir='ltr'>ἐπεὶ</span> <span class='ocrx_word' id='word_1_67' title='bbox 1577 1078 1671 1133; x_wconf 73' lang='grc' dir='ltr'><strong>καὶ</strong></span> <span class='ocrx_word' id='word_1_68' title='bbox 1698 1079 1755 1130; x_wconf 78' lang='grc' dir='ltr'>ὲν</span> <span class='ocrx_word' id='word_1_69' title='bbox 1781 1077 1891 1139; x_wconf 82' lang='grc' dir='ltr'>τοῖς</span> 
     </span>
    </p>
   </div>
   <div class='ocr_carea' id='block_1_13' title="bbox 334 1165 1893 1247">
    <p class='ocr_par' dir='ltr' id='par_1_13' title="bbox 334 1165 1893 1247">
     <span class='ocr_line' id='line_1_13' title="bbox 334 1165 1893 1247; baseline -0.015 -5"><span class='ocrx_word' id='word_1_70' title='bbox 334 1175 653 1245; x_wconf 75' lang='grc' dir='ltr'>συμποσίοις</span> <span class='ocrx_word' id='word_1_71' title='bbox 696 1179 845 1247; x_wconf 80' lang='grc' dir='ltr'>τρεῖς</span> <span class='ocrx_word' id='word_1_72' title='bbox 879 1175 1159 1247; x_wconf 81' lang='grc' dir='ltr'>κρατῆρας</span> <span class='ocrx_word' id='word_1_73' title='bbox 1202 1175 1464 1244; x_wconf 77' lang='grc' dir='ltr'><strong>ἐκίρνων·</strong></span> <span class='ocrx_word' id='word_1_74' title='bbox 1508 1170 1600 1224; x_wconf 74' lang='grc' dir='ltr'><strong>καὶ</strong></span> <span class='ocrx_word' id='word_1_75' title='bbox 1661 1168 1750 1223; x_wconf 81' lang='grc' dir='ltr'><strong>τὸν</strong></span> <span class='ocrx_word' id='word_1_76' title='bbox 1795 1165 1893 1237; x_wconf 87' lang='grc' dir='ltr'><strong>μὲν</strong></span> 
     </span>
    </p>
   </div>
   <div class='ocr_carea' id='block_1_14' title="bbox 335 1260 1894 1340">
    <p class='ocr_par' dir='ltr' id='par_1_14' title="bbox 335 1260 1894 1340">
     <span class='ocr_line' id='line_1_14' title="bbox 335 1260 1894 1340; baseline -0.004 -20"><span class='ocrx_word' id='word_1_77' title='bbox 335 1267 550 1339; x_wconf 84' lang='grc' dir='ltr'>πρῶτον</span> <span class='ocrx_word' id='word_1_78' title='bbox 570 1269 690 1332; x_wconf 80' lang='grc' dir='ltr'>Διὸς</span> <span class='ocrx_word' id='word_1_79' title='bbox 731 1268 1040 1340; x_wconf 76' lang='grc' dir='ltr'>Ὀλυμπίου,</span> <span class='ocrx_word' id='word_1_80' title='bbox 1071 1267 1164 1320; x_wconf 85' lang='grc' dir='ltr'><strong>τὸν</strong></span> <span class='ocrx_word' id='word_1_81' title='bbox 1190 1265 1246 1320; x_wconf 81' lang='grc' dir='ltr'><strong>δὲ</strong></span> <span class='ocrx_word' id='word_1_82' title='bbox 1279 1265 1526 1337; x_wconf 86' lang='grc' dir='ltr'>δεύτερον</span> <span class='ocrx_word' id='word_1_83' title='bbox 1558 1260 1894 1333; x_wconf 72' lang='grc' dir='ltr'>Διοσκούρων</span> 
     </span>
    </p>
   </div>
   <div class='ocr_carea' id='block_1_15' title="bbox 336 1350 1895 1430">
    <p class='ocr_par' dir='ltr' id='par_1_15' title="bbox 336 1350 1895 1430">
     <span class='ocr_line' id='line_1_15' title="bbox 336 1350 1895 1430; baseline -0.006 -18"><span class='ocrx_word' id='word_1_84' title='bbox 336 1359 433 1412; x_wconf 71' lang='grc' dir='ltr'><strong>καὶ</strong></span> <span class='ocrx_word' id='word_1_85' title='bbox 459 1356 674 1428; x_wconf 80' lang='grc' dir='ltr'><strong>ἡρώων,</strong></span> <span class='ocrx_word' id='word_1_86' title='bbox 700 1358 790 1412; x_wconf 82' lang='grc' dir='ltr'><strong>τὸν</strong></span> <span class='ocrx_word' id='word_1_87' title='bbox 827 1358 884 1411; x_wconf 87' lang='grc' dir='ltr'>δὲ</span> <span class='ocrx_word' id='word_1_88' title='bbox 924 1356 1104 1430; x_wconf 86' lang='grc' dir='ltr'>τρίτον</span> <span class='ocrx_word' id='word_1_89' title='bbox 1143 1354 1263 1420; x_wconf 84' lang='grc' dir='ltr'>Διὸς</span> <span class='ocrx_word' id='word_1_90' title='bbox 1309 1355 1572 1426; x_wconf 79' lang='grc' dir='ltr'>σωτῆρος.</span> <span class='ocrx_word' id='word_1_91' title='bbox 1610 1352 1703 1405; x_wconf 82' lang='grc' dir='ltr'><strong>Διὸ</strong></span> <span class='ocrx_word' id='word_1_92' title='bbox 1748 1350 1842 1405; x_wconf 72' lang='grc' dir='ltr'><strong>καὶ</strong></span> <span class='ocrx_word' id='word_1_93' title='bbox 1865 1351 1895 1403; x_wconf 88' lang='grc' dir='ltr'><strong>ὁ</strong></span> 
     </span>
    </p>
   </div>
   <div class='ocr_carea' id='block_1_16' title="bbox 336 1448 656 1522">
    <p class='ocr_par' dir='ltr' id='par_1_16' title="bbox 336 1448 656 1522">
     <span class='ocr_line' id='line_1_16' title="bbox 336 1448 656 1522; baseline 0 -20"><span class='ocrx_word' id='word_1_94' title='bbox 336 1448 625 1522; x_wconf 79' lang='grc' dir='ltr'>Θεόκριτος</span> <span class='ocrx_word' id='word_1_95' title='bbox 643 1466 656 1479; x_wconf 88' lang='grc'><strong>·</strong></span> 
     </span>
    </p>
   </div>
   <div class='ocr_carea' id='block_1_17' title="bbox 348 1536 1895 1682">
    <p class='ocr_par' dir='ltr' id='par_1_17' title="bbox 348 1536 1895 1682">
     <span class='ocr_line' id='line_1_17' title="bbox 348 1536 1895 1682; baseline -0.003 -88"><span class='ocrx_word' id='word_1_96' title='bbox 348 1541 444 1595; x_wconf 77' lang='grc' dir='ltr'>Ἐκ</span> <span class='ocrx_word' id='word_1_97' title='bbox 488 1542 622 1609; x_wconf 84' lang='grc' dir='ltr'><strong>Διὸς</strong></span> <span class='ocrx_word' id='word_1_98' title='bbox 669 1541 1053 1611; x_wconf 78' lang='grc' dir='ltr'>ἀρχώμεσθα,</span> <span class='ocrx_word' id='word_1_99' title='bbox 1082 1543 1247 1613; x_wconf 68' lang='grc' dir='ltr'>φησι,</span> <span class='ocrx_word' id='word_1_100' title='bbox 1293 1540 1389 1595; x_wconf 77' lang='grc' dir='ltr'>καὶ</span> <span class='ocrx_word' id='word_1_101' title='bbox 1435 1542 1501 1607; x_wconf 85' lang='grc' dir='ltr'><strong>ἐς</strong></span> <span class='ocrx_word' id='word_1_102' title='bbox 1662 1536 1895 1662; x_wconf 50' lang='grc' dir='ltr'>ξέέττε,</span> 
     </span>
     <span class='ocr_line' id='line_1_18' title="bbox 1624 1626 1824 1663; baseline -0.015 0"><span class='ocrx_word' id='word_1_103' title='bbox 1624 1627 1695 1663; x_wconf 87' lang='grc' dir='ltr'>ου</span> <span class='ocrx_word' id='word_1_104' title='bbox 1784 1626 1824 1661; x_wconf 93' lang='grc' dir='ltr'><strong>ι.</strong></span> 
     </span>
    </p>
   </div>
   <div class='ocr_carea' id='block_1_18' title="bbox 1624 1626 1824 1663">
    <p class='ocr_par' dir='ltr' id='par_1_18' title="bbox 1624 1626 1824 1663">
     <span class='ocr_line' id='line_1_19' title="bbox 1624 1626 1824 1663; baseline -0.015 0"><span class='ocrx_word' id='word_1_105' title='bbox 1624 1626 1824 1663; x_wconf 85' lang='grc' dir='ltr'>ουσαι.</span> 
     </span>
    </p>
   </div>
   <div class='ocr_carea' id='block_1_19' title="bbox 1985 470 3544 554">
    <p class='ocr_par' dir='ltr' id='par_1_19' title="bbox 1985 470 3544 554">
     <span class='ocr_line' id='line_1_20' title="bbox 1985 470 3544 554; baseline -0.008 -18"><span class='ocrx_word' id='word_1_106' title='bbox 1985 480 2285 554; x_wconf 80' lang='lat' dir='ltr'><strong>pugnabit;</strong></span> <span class='ocrx_word' id='word_1_107' title='bbox 2331 476 2478 549; x_wconf 90' lang='lat' dir='ltr'><strong>quod</strong></span> <span class='ocrx_word' id='word_1_108' title='bbox 2534 484 2621 532; x_wconf 87' lang='lat' dir='ltr'><strong>est</strong></span> <span class='ocrx_word' id='word_1_109' title='bbox 2667 472 2990 530; x_wconf 84' lang='lat' dir='ltr'><strong>absurdum.</strong></span> <span class='ocrx_word' id='word_1_110' title='bbox 3030 470 3215 529; x_wconf 88' lang='lat' dir='ltr'><strong>Satius</strong></span> <span class='ocrx_word' id='word_1_111' title='bbox 3259 476 3345 527; x_wconf 89' lang='lat' dir='ltr'><strong>est</strong></span> <span class='ocrx_word' id='word_1_112' title='bbox 3388 470 3544 540; x_wconf 77' lang='lat' dir='ltr'><strong>igitur</strong></span> 
     </span>
    </p>
   </div>
   <div class='ocr_carea' id='block_1_20' title="bbox 1986 563 3553 639">
    <p class='ocr_par' dir='ltr' id='par_1_20' title="bbox 1986 563 3553 639">
     <span class='ocr_line' id='line_1_21' title="bbox 1986 563 3553 639; baseline -0.006 -11"><span class='ocrx_word' id='word_1_113' title='bbox 1986 572 2200 628; x_wconf 86' lang='lat' dir='ltr'><strong>initium</strong></span> <span class='ocrx_word' id='word_1_114' title='bbox 2228 569 2361 625; x_wconf 91' lang='lat' dir='ltr'><strong>illud</strong></span> <span class='ocrx_word' id='word_1_115' title='bbox 2390 568 2718 631; x_wconf 86' lang='lat' dir='ltr'><strong>adsciscere,</strong></span> <span class='ocrx_word' id='word_1_116' title='bbox 2748 563 2894 639; x_wconf 81' lang='lat' dir='ltr'><strong>quod</strong></span> <span class='ocrx_word' id='word_1_117' title='bbox 2922 564 2979 621; x_wconf 89' lang='lat' dir='ltr'><strong>in</strong></span> <span class='ocrx_word' id='word_1_118' title='bbox 3009 563 3411 637; x_wconf 83' lang='lat' dir='ltr'><strong>exemplaribus</strong></span> <span class='ocrx_word' id='word_1_119' title='bbox 3441 564 3553 635; x_wconf 83' lang='lat' dir='ltr'><strong>ple-</strong></span> 
     </span>
    </p>
   </div>
   <div class='ocr_carea' id='block_1_21' title="bbox 1986 658 2795 750">
    <p class='ocr_par' dir='ltr' id='par_1_21' title="bbox 1986 658 2795 750">
     <span class='ocr_line' id='line_1_22' title="bbox 1986 658 2795 750; baseline -0.002 -32"><span class='ocrx_word' id='word_1_120' title='bbox 1986 663 2171 734; x_wconf 81' lang='lat' dir='ltr'><strong>risque</strong></span> <span class='ocrx_word' id='word_1_121' title='bbox 2195 660 2457 750; x_wconf 66' lang='lat' dir='ltr'><strong>cernitur,</strong></span> <span class='ocrx_word' id='word_1_122' title='bbox 2493 658 2753 723; x_wconf 85' lang='lat' dir='ltr'><strong>nimirum</strong></span> <span class='ocrx_word' id='word_1_123' title='bbox 2780 677 2795 716; x_wconf 85' lang='lat'><strong>:</strong></span> 
     </span>
    </p>
   </div>
   <div class='ocr_carea' id='block_1_22' title="bbox 1987 770 3552 845">
    <p class='ocr_par' dir='ltr' id='par_1_22' title="bbox 1987 770 3552 845">
     <span class='ocr_line' id='line_1_23' title="bbox 1987 770 3552 845; baseline -0.006 -12"><span class='ocrx_word' id='word_1_124' title='bbox 1987 778 2066 833; x_wconf 81' lang='lat' dir='ltr'><strong>Ab</strong></span> <span class='ocrx_word' id='word_1_125' title='bbox 2095 777 2222 832; x_wconf 81' lang='lat' dir='ltr'><strong>Jove</strong></span> <span class='ocrx_word' id='word_1_126' title='bbox 2254 775 2628 845; x_wconf 72' lang='lat' dir='ltr'><strong>auspicantur:</strong></span> <span class='ocrx_word' id='word_1_127' title='bbox 2656 788 2808 844; x_wconf 82' lang='lat' dir='ltr'><strong>quem</strong></span> <span class='ocrx_word' id='word_1_128' title='bbox 2855 786 3123 843; x_wconf 78' lang='lat' dir='ltr'><strong><em>nunquam</em></strong></span> <span class='ocrx_word' id='word_1_129' title='bbox 3169 770 3269 825; x_wconf 79' lang='lat' dir='ltr'><strong>uiri</strong></span> <span class='ocrx_word' id='word_1_130' title='bbox 3310 770 3552 825; x_wconf 86' lang='lat' dir='ltr'><strong>sinimus.</strong></span> 
     </span>
    </p>
   </div>
   <div class='ocr_carea' id='block_1_23' title="bbox 1987 883 3554 955">
    <p class='ocr_par' dir='ltr' id='par_1_23' title="bbox 1987 883 3554 955">
     <span class='ocr_line' id='line_1_24' title="bbox 1987 883 3554 955; baseline -0.006 -8"><span class='ocrx_word' id='word_1_131' title='bbox 1987 891 2085 947; x_wconf 88' lang='lat' dir='ltr'><strong>Est</strong></span> <span class='ocrx_word' id='word_1_132' title='bbox 2124 891 2268 946; x_wconf 90' lang='lat' dir='ltr'><strong>enim</strong></span> <span class='ocrx_word' id='word_1_133' title='bbox 2301 895 2724 945; x_wconf 76' lang='lat' dir='ltr'><strong>consentaneum</strong></span> <span class='ocrx_word' id='word_1_134' title='bbox 2772 885 2897 941; x_wconf 84' lang='lat' dir='ltr'><strong>inde</strong></span> <span class='ocrx_word' id='word_1_135' title='bbox 2931 885 3083 941; x_wconf 89' lang='lat' dir='ltr'><strong>illum</strong></span> <span class='ocrx_word' id='word_1_136' title='bbox 3130 883 3554 955; x_wconf 14' lang='lat' dir='ltr'><strong>auspicari,equi</strong></span> 
     </span>
    </p>
   </div>
   <div class='ocr_carea' id='block_1_24' title="bbox 1990 975 3555 1049">
    <p class='ocr_par' dir='ltr' id='par_1_24' title="bbox 1990 975 3555 1049">
     <span class='ocr_line' id='line_1_25' title="bbox 1990 975 3555 1049; baseline -0.005 -12"><span class='ocrx_word' id='word_1_137' title='bbox 1990 984 2057 1038; x_wconf 91' lang='lat' dir='ltr'><strong>de</strong></span> <span class='ocrx_word' id='word_1_138' title='bbox 2094 981 2413 1038; x_wconf 65' lang='lat' dir='ltr'><strong>caelestibus</strong></span> <span class='ocrx_word' id='word_1_139' title='bbox 2446 981 2611 1037; x_wconf 82' lang='lat' dir='ltr'><strong>rebus</strong></span> <span class='ocrx_word' id='word_1_140' title='bbox 2641 978 2911 1049; x_wconf 79' lang='lat' dir='ltr'><strong>explicare</strong></span> <span class='ocrx_word' id='word_1_141' title='bbox 2949 977 3205 1032; x_wconf 89' lang='lat' dir='ltr'><strong>instituit.</strong></span> <span class='ocrx_word' id='word_1_142' title='bbox 3247 975 3555 1044; x_wconf 85' lang='lat' dir='ltr'><strong>Quinetiam</strong></span> 
     </span>
    </p>
   </div>
   <div class='ocr_carea' id='block_1_25' title="bbox 1940 1068 3557 1157">
    <p class='ocr_par' dir='ltr' id='par_1_25' title="bbox 1940 1068 3557 1157">
     <span class='ocr_line' id='line_1_26' title="bbox 1940 1068 3557 1157; baseline -0.004 -28"><span class='ocrx_word' id='word_1_143' title='bbox 1940 1148 1953 1157; x_wconf 25' lang='grc' dir='ltr'>υ</span> <span class='ocrx_word' id='word_1_144' title='bbox 1992 1075 2166 1147; x_wconf 86' lang='lat' dir='ltr'><strong>poetis</strong></span> <span class='ocrx_word' id='word_1_145' title='bbox 2192 1074 2426 1130; x_wconf 78' lang='lat' dir='ltr'><strong>maxime</strong></span> <span class='ocrx_word' id='word_1_146' title='bbox 2446 1072 2822 1128; x_wconf 85' lang='lat' dir='ltr'><strong>convenithoc</strong></span> <span class='ocrx_word' id='word_1_147' title='bbox 2849 1069 3155 1126; x_wconf 79' lang='lat' dir='ltr'><strong>exordium.</strong></span> <span class='ocrx_word' id='word_1_148' title='bbox 3176 1068 3311 1124; x_wconf 86' lang='lat' dir='ltr'><strong>Nam</strong></span> <span class='ocrx_word' id='word_1_149' title='bbox 3335 1070 3393 1124; x_wconf 91' lang='lat' dir='ltr'><strong>in</strong></span> <span class='ocrx_word' id='word_1_150' title='bbox 3421 1083 3557 1124; x_wconf 86' lang='lat' dir='ltr'><strong>con-</strong></span> 
     </span>
    </p>
   </div>
   <div class='ocr_carea' id='block_1_26' title="bbox 1992 1160 3559 1234">
    <p class='ocr_par' dir='ltr' id='par_1_26' title="bbox 1992 1160 3559 1234">
     <span class='ocr_line' id='line_1_27' title="bbox 1992 1160 3559 1234; baseline -0.005 -10"><span class='ocrx_word' id='word_1_151' title='bbox 1992 1167 2151 1224; x_wconf 79' lang='lat' dir='ltr'><strong>viviis</strong></span> <span class='ocrx_word' id='word_1_152' title='bbox 2178 1175 2289 1222; x_wconf 84' lang='lat' dir='ltr'><strong>tres</strong></span> <span class='ocrx_word' id='word_1_153' title='bbox 2315 1166 2616 1221; x_wconf 79' lang='lat' dir='ltr'><strong>miscebant</strong></span> <span class='ocrx_word' id='word_1_154' title='bbox 2641 1172 2880 1219; x_wconf 81' lang='lat' dir='ltr'><strong>crateras</strong></span> <span class='ocrx_word' id='word_1_155' title='bbox 2899 1162 3160 1234; x_wconf 88' lang='lat' dir='ltr'><strong>:primum</strong></span> <span class='ocrx_word' id='word_1_156' title='bbox 3190 1160 3341 1219; x_wconf 76' lang='lat' dir='ltr'><strong>Iovis</strong></span> <span class='ocrx_word' id='word_1_157' title='bbox 3372 1160 3559 1234; x_wconf 85' lang='lat' dir='ltr'><strong>Olym-</strong></span> 
     </span>
    </p>
   </div>
   <div class='ocr_carea' id='block_1_27' title="bbox 1994 1252 3559 1331">
    <p class='ocr_par' dir='ltr' id='par_1_27' title="bbox 1994 1252 3559 1331">
     <span class='ocr_line' id='line_1_28' title="bbox 1994 1252 3559 1331; baseline -0.003 -18"><span class='ocrx_word' id='word_1_158' title='bbox 1994 1260 2099 1331; x_wconf 88' lang='lat' dir='ltr'><strong>pii,</strong></span> <span class='ocrx_word' id='word_1_159' title='bbox 2150 1258 2451 1315; x_wconf 88' lang='lat' dir='ltr'><strong>secundum</strong></span> <span class='ocrx_word' id='word_1_160' title='bbox 2494 1256 2781 1312; x_wconf 83' lang='lat' dir='ltr'><strong>Castorum</strong></span> <span class='ocrx_word' id='word_1_161' title='bbox 2819 1263 2874 1312; x_wconf 93' lang='lat' dir='ltr'><strong>et</strong></span> <span class='ocrx_word' id='word_1_162' title='bbox 2913 1254 3162 1321; x_wconf 86' lang='lat' dir='ltr'><strong>heroum,</strong></span> <span class='ocrx_word' id='word_1_163' title='bbox 3204 1255 3424 1311; x_wconf 86' lang='lat' dir='ltr'><strong>tertium</strong></span> <span class='ocrx_word' id='word_1_164' title='bbox 3461 1252 3559 1310; x_wconf 80' lang='lat' dir='ltr'><strong>Jo-</strong></span> 
     </span>
    </p>
   </div>
   <div class='ocr_carea' id='block_1_28' title="bbox 1994 1348 3078 1423">
    <p class='ocr_par' dir='ltr' id='par_1_28' title="bbox 1994 1348 3078 1423">
     <span class='ocr_line' id='line_1_29' title="bbox 1994 1348 3078 1423; baseline -0.005 -14"><span class='ocrx_word' id='word_1_165' title='bbox 1994 1357 2079 1409; x_wconf 81' lang='lat' dir='ltr'><strong>vis</strong></span> <span class='ocrx_word' id='word_1_166' title='bbox 2115 1351 2495 1423; x_wconf 87' lang='lat' dir='ltr'><strong>Sospitatoris.</strong></span> <span class='ocrx_word' id='word_1_167' title='bbox 2528 1348 2684 1406; x_wconf 84' lang='lat' dir='ltr'><strong>Unde</strong></span> <span class='ocrx_word' id='word_1_168' title='bbox 2710 1349 3031 1406; x_wconf 83' lang='lat' dir='ltr'><strong>Theocritus</strong></span> <span class='ocrx_word' id='word_1_169' title='bbox 3063 1365 3078 1404; x_wconf 89' lang='lat'><strong>:</strong></span> 
     </span>
    </p>
   </div>
   <div class='ocr_carea' id='block_1_29' title="bbox 1996 1528 3559 1671">
    <p class='ocr_par' dir='ltr' id='par_1_29' title="bbox 1996 1528 3559 1671">
     <span class='ocr_line' id='line_1_30' title="bbox 1996 1528 3559 1671; baseline -0.003 -84"><span class='ocrx_word' id='word_1_170' title='bbox 1996 1530 2077 1586; x_wconf 80' lang='lat' dir='ltr'><strong>Ab</strong></span> <span class='ocrx_word' id='word_1_171' title='bbox 2097 1528 2247 1597; x_wconf 77' lang='lat' dir='ltr'><strong>Jove,</strong></span> <span class='ocrx_word' id='word_1_172' title='bbox 2267 1530 2466 1603; x_wconf 89' lang='lat' dir='ltr'><strong>inquit,</strong></span> <span class='ocrx_word' id='word_1_173' title='bbox 2503 1530 2841 1601; x_wconf 77' lang='lat' dir='ltr'><strong>incipiamus,</strong></span> <span class='ocrx_word' id='word_1_174' title='bbox 2891 1539 2941 1585; x_wconf 88' lang='lat' dir='ltr'><strong>et</strong></span> <span class='ocrx_word' id='word_1_175' title='bbox 2987 1532 3043 1586; x_wconf 90' lang='lat' dir='ltr'><strong>in</strong></span> <span class='ocrx_word' id='word_1_176' title='bbox 3089 1529 3559 1671; x_wconf 51' lang='lat' dir='ltr'><strong>Jocemlflesinite,</strong></span> 
     </span>
     <span class='ocr_line' id='line_1_31' title="bbox 3361 1616 3488 1654; baseline -0.008 0"><span class='ocrx_word' id='word_1_177' title='bbox 3361 1616 3488 1654; x_wconf 69' lang='lat' dir='ltr'><strong>usae.</strong></span> 
     </span>
    </p>
   </div>
   <div class='ocr_carea' id='block_1_30' title="bbox 3361 1616 3488 1654">
    <p class='ocr_par' dir='ltr' id='par_1_30' title="bbox 3361 1616 3488 1654">
     <span class='ocr_line' id='line_1_32' title="bbox 3361 1616 3488 1654; baseline -0.008 0"><span class='ocrx_word' id='word_1_178' title='bbox 3361 1616 3488 1654; x_wconf 67' lang='lat' dir='ltr'><strong>usae.</strong></span> 
     </span>
    </p>
   </div>
   <div class='ocr_carea' id='block_1_31' title="bbox 349 1711 1905 1797">
    <p class='ocr_par' dir='ltr' id='par_1_31' title="bbox 349 1722 1849 1797">
     <span class='ocr_line' id='line_1_33' title="bbox 349 1722 1849 1797; baseline -0.003 -17"><span class='ocrx_word' id='word_1_179' title='bbox 349 1725 408 1780; x_wconf 91' lang='lat'><strong>&#39;0</strong></span> <span class='ocrx_word' id='word_1_180' title='bbox 434 1725 491 1779; x_wconf 79' lang='grc' dir='ltr'>δὲ</span> <span class='ocrx_word' id='word_1_181' title='bbox 533 1726 761 1797; x_wconf 76' lang='grc' dir='ltr'>Ὀρφεὺς</span> <span class='ocrx_word' id='word_1_182' title='bbox 786 1723 962 1778; x_wconf 85' lang='grc' dir='ltr'>πάντα</span> <span class='ocrx_word' id='word_1_183' title='bbox 989 1724 1177 1796; x_wconf 64' lang='grc' dir='ltr'>καιρὸν</span> <span class='ocrx_word' id='word_1_184' title='bbox 1208 1722 1489 1794; x_wconf 78' lang='grc' dir='ltr'>ἀνατίθησι</span> <span class='ocrx_word' id='word_1_185' title='bbox 1512 1723 1616 1789; x_wconf 72' lang='grc' dir='ltr'>Διὶ,</span> <span class='ocrx_word' id='word_1_186' title='bbox 1644 1722 1816 1791; x_wconf 77' lang='grc' dir='ltr'>λέγων</span> <span class='ocrx_word' id='word_1_187' title='bbox 1835 1737 1849 1752; x_wconf 83' lang='grc'><em>’</em></span> 
     </span>
    </p>
   </div>
   <div class='ocr_carea' id='block_1_32' title="bbox 2009 1711 3557 1797">
    <p class='ocr_par' dir='ltr' id='par_1_32' title="bbox 2009 1711 3557 1787">
     <span class='ocr_line' id='line_1_34' title="bbox 2009 1711 3557 1787; baseline -0.003 -18"><span class='ocrx_word' id='word_1_188' title='bbox 2009 1714 2248 1787; x_wconf 72' lang='lat' dir='ltr'><strong>Orpbeus</strong></span> <span class='ocrx_word' id='word_1_189' title='bbox 2274 1730 2402 1771; x_wconf 87' lang='lat' dir='ltr'><strong>vero</strong></span> <span class='ocrx_word' id='word_1_190' title='bbox 2433 1724 2648 1786; x_wconf 85' lang='lat' dir='ltr'><strong>tempus</strong></span> <span class='ocrx_word' id='word_1_191' title='bbox 2674 1727 2836 1770; x_wconf 89' lang='lat' dir='ltr'><strong>omne</strong></span> <span class='ocrx_word' id='word_1_192' title='bbox 2854 1711 2977 1769; x_wconf 86' lang='lat' dir='ltr'><strong>Jovi</strong></span> <span class='ocrx_word' id='word_1_193' title='bbox 3012 1713 3205 1767; x_wconf 89' lang='lat' dir='ltr'><strong>tribuit</strong></span> <span class='ocrx_word' id='word_1_194' title='bbox 3230 1712 3317 1766; x_wconf 86' lang='lat' dir='ltr'><strong>his</strong></span> <span class='ocrx_word' id='word_1_195' title='bbox 3343 1711 3557 1766; x_wconf 78' lang='lat' dir='ltr'><strong>verbis:</strong></span> 
     </span>
    </p>
   </div>
   <div class='ocr_carea' id='block_1_33' title="bbox 342 1836 1897 1980">
    <p class='ocr_par' dir='ltr' id='par_1_33' title="bbox 342 1836 1897 1980">
     <span class='ocr_line' id='line_1_35' title="bbox 342 1836 1897 1980; baseline -0.002 -86"><span class='ocrx_word' id='word_1_196' title='bbox 342 1840 490 1907; x_wconf 86' lang='grc' dir='ltr'>Ζεὺς</span> <span class='ocrx_word' id='word_1_197' title='bbox 516 1838 669 1910; x_wconf 82' lang='grc' dir='ltr'><strong>ἀρχή</strong></span> <span class='ocrx_word' id='word_1_198' title='bbox 690 1857 703 1870; x_wconf 91' lang='grc'><strong>·</strong></span> <span class='ocrx_word' id='word_1_199' title='bbox 741 1839 890 1908; x_wconf 87' lang='grc' dir='ltr'><strong>Ζεὺς</strong></span> <span class='ocrx_word' id='word_1_200' title='bbox 908 1838 1139 1909; x_wconf 83' lang='grc' dir='ltr'><strong>μέσσα·</strong></span> <span class='ocrx_word' id='word_1_201' title='bbox 1171 1839 1300 1906; x_wconf 83' lang='grc' dir='ltr'><strong>Διὸς</strong></span> <span class='ocrx_word' id='word_1_202' title='bbox 1326 1838 1377 1892; x_wconf 88' lang='grc' dir='ltr'><strong>δ’</strong></span> <span class='ocrx_word' id='word_1_203' title='bbox 1399 1840 1467 1893; x_wconf 70' lang='grc' dir='ltr'>ἐκ</span> <span class='ocrx_word' id='word_1_204' title='bbox 1507 1836 1703 1980; x_wconf 57' lang='lat' dir='ltr'><strong>mir-cia</strong></span> <span class='ocrx_word' id='word_1_205' title='bbox 1734 1836 1897 1892; x_wconf 86' lang='grc' dir='ltr'>τέτυ-</span> 
     </span>
     <span class='ocr_line' id='line_1_36' title="bbox 1672 1923 1824 1963; baseline -0.007 0"><span class='ocrx_word' id='word_1_206' title='bbox 1672 1923 1824 1963; x_wconf 85' lang='grc' dir='ltr'>κται.</span> 
     </span>
    </p>
   </div>
   <div class='ocr_carea' id='block_1_34' title="bbox 1672 1923 1824 1963">
    <p class='ocr_par' dir='ltr' id='par_1_34' title="bbox 1672 1923 1824 1963">
     <span class='ocr_line' id='line_1_37' title="bbox 1672 1923 1824 1963; baseline -0.007 0"><span class='ocrx_word' id='word_1_207' title='bbox 1672 1923 1824 1963; x_wconf 85' lang='grc' dir='ltr'>κται.</span> 
     </span>
    </p>
   </div>
   <div class='ocr_carea' id='block_1_35' title="bbox 341 2002 1902 2076">
    <p class='ocr_par' dir='ltr' id='par_1_35' title="bbox 341 2002 1902 2076">
     <span class='ocr_line' id='line_1_38' title="bbox 341 2002 1902 2076; baseline -0.002 -18"><span class='ocrx_word' id='word_1_208' title='bbox 341 2004 504 2058; x_wconf 84' lang='grc' dir='ltr'>Ὅθεν</span> <span class='ocrx_word' id='word_1_209' title='bbox 531 2003 835 2068; x_wconf 76' lang='grc' dir='ltr'>ἀκολούθως</span> <span class='ocrx_word' id='word_1_210' title='bbox 856 2005 949 2058; x_wconf 71' lang='grc' dir='ltr'>καὶ</span> <span class='ocrx_word' id='word_1_211' title='bbox 977 2004 1056 2076; x_wconf 81' lang='grc' dir='ltr'><strong>τῷ</strong></span> <span class='ocrx_word' id='word_1_212' title='bbox 1085 2004 1195 2059; x_wconf 76' lang='grc' dir='ltr'>ἔθει</span> <span class='ocrx_word' id='word_1_213' title='bbox 1221 2003 1298 2075; x_wconf 79' lang='grc' dir='ltr'>τῷ</span> <span class='ocrx_word' id='word_1_214' title='bbox 1314 2002 1524 2073; x_wconf 83' lang='grc' dir='ltr'>παλαιῷ</span> <span class='ocrx_word' id='word_1_215' title='bbox 1556 2002 1650 2057; x_wconf 79' lang='grc' dir='ltr'>καὶ</span> <span class='ocrx_word' id='word_1_216' title='bbox 1675 2004 1741 2073; x_wconf 82' lang='grc' dir='ltr'>τῇ</span> <span class='ocrx_word' id='word_1_217' title='bbox 1773 2003 1902 2056; x_wconf 79' lang='grc' dir='ltr'>ὐπο-</span> 
     </span>
    </p>
   </div>
   <div class='ocr_carea' id='block_1_36' title="bbox 340 2092 1805 2171">
    <p class='ocr_par' dir='ltr' id='par_1_36' title="bbox 340 2092 1805 2171">
     <span class='ocr_line' id='line_1_39' title="bbox 340 2092 1805 2171; baseline -0.003 -20"><span class='ocrx_word' id='word_1_218' title='bbox 340 2098 572 2171; x_wconf 75' lang='grc' dir='ltr'>κειμένῃ</span> <span class='ocrx_word' id='word_1_219' title='bbox 598 2095 849 2151; x_wconf 78' lang='grc' dir='ltr'>ὑποθέσει</span> <span class='ocrx_word' id='word_1_220' title='bbox 876 2097 982 2151; x_wconf 82' lang='grc' dir='ltr'>ἀπὸ</span> <span class='ocrx_word' id='word_1_221' title='bbox 1013 2096 1131 2160; x_wconf 76' lang='grc' dir='ltr'>Διὸς</span> <span class='ocrx_word' id='word_1_222' title='bbox 1164 2095 1453 2167; x_wconf 86' lang='grc' dir='ltr'>πεποίηται</span> <span class='ocrx_word' id='word_1_223' title='bbox 1487 2092 1583 2165; x_wconf 81' lang='grc' dir='ltr'>τὴν</span> <span class='ocrx_word' id='word_1_224' title='bbox 1611 2093 1805 2165; x_wconf 83' lang='grc' dir='ltr'>ἀρχήν.</span> 
     </span>
    </p>
   </div>
   <div class='ocr_carea' id='block_1_37' title="bbox 428 2272 1907 2347">
    <p class='ocr_par' dir='ltr' id='par_1_37' title="bbox 428 2272 1907 2347">
     <span class='ocr_line' id='line_1_40' title="bbox 428 2272 1907 2347; baseline 0.001 -19"><span class='ocrx_word' id='word_1_225' title='bbox 428 2272 773 2328; x_wconf 81' lang='grc' dir='ltr'>Ἐπικαλοῦσι</span> <span class='ocrx_word' id='word_1_226' title='bbox 826 2274 884 2327; x_wconf 84' lang='grc' dir='ltr'>δὲ</span> <span class='ocrx_word' id='word_1_227' title='bbox 919 2273 1068 2345; x_wconf 80' lang='grc' dir='ltr'>αὐτῷ</span> <span class='ocrx_word' id='word_1_228' title='bbox 1104 2272 1203 2345; x_wconf 79' lang='grc' dir='ltr'>τὴν</span> <span class='ocrx_word' id='word_1_229' title='bbox 1245 2292 1264 2324; x_wconf 73' lang='grc' dir='ltr'><strong>ι</strong></span> <span class='ocrx_word' id='word_1_230' title='bbox 1305 2274 1370 2327; x_wconf 81' lang='grc' dir='ltr'>ἐκ</span> <span class='ocrx_word' id='word_1_231' title='bbox 1410 2292 1431 2327; x_wconf 76' lang='lat' dir='ltr'><strong>s</strong></span> <span class='ocrx_word' id='word_1_232' title='bbox 1475 2272 1729 2347; x_wconf 85' lang='grc' dir='ltr'>πρόθεσιν</span> <span class='ocrx_word' id='word_1_233' title='bbox 1785 2275 1907 2329; x_wconf 68' lang='lat' dir='ltr'><strong>am</strong></span> 
     </span>
    </p>
   </div>
   <div class='ocr_carea' id='block_1_38' title="bbox 342 2365 1905 2440">
    <p class='ocr_par' dir='ltr' id='par_1_38' title="bbox 342 2365 1905 2440">
     <span class='ocr_line' id='line_1_41' title="bbox 342 2365 1905 2440; baseline 0.003 -23"><span class='ocrx_word' id='word_1_234' title='bbox 342 2367 444 2438; x_wconf 79' lang='grc' dir='ltr'>τῆς</span> <span class='ocrx_word' id='word_1_235' title='bbox 482 2385 500 2417; x_wconf 83' lang='grc' dir='ltr'><strong>ι</strong></span> <span class='ocrx_word' id='word_1_236' title='bbox 541 2366 645 2419; x_wconf 83' lang='grc' dir='ltr'><strong>ἀπὸ</strong></span> <span class='ocrx_word' id='word_1_237' title='bbox 687 2386 705 2417; x_wconf 77' lang='grc' dir='ltr'><strong>ι</strong></span> <span class='ocrx_word' id='word_1_238' title='bbox 749 2365 1121 2437; x_wconf 82' lang='grc' dir='ltr'>παρειληφότι.</span> <span class='ocrx_word' id='word_1_239' title='bbox 1163 2365 1308 2420; x_wconf 83' lang='grc' dir='ltr'>Ἔδει</span> <span class='ocrx_word' id='word_1_240' title='bbox 1345 2365 1473 2440; x_wconf 84' lang='grc' dir='ltr'><strong>γὰρ,</strong></span> <span class='ocrx_word' id='word_1_241' title='bbox 1505 2365 1688 2437; x_wconf 76' lang='grc' dir='ltr'>φασὶν,</span> <span class='ocrx_word' id='word_1_242' title='bbox 1712 2367 1905 2436; x_wconf 80' lang='grc' dir='ltr'>εἰπεῖν,</span> 
     </span>
    </p>
   </div>
   <div class='ocr_carea' id='block_1_39' title="bbox 351 2458 1907 2532">
    <p class='ocr_par' dir='ltr' id='par_1_39' title="bbox 351 2458 1907 2532">
     <span class='ocr_line' id='line_1_42' title="bbox 351 2458 1907 2532; baseline 0.002 -22"><span class='ocrx_word' id='word_1_243' title='bbox 351 2478 370 2510; x_wconf 78' lang='grc' dir='ltr'><strong>ι</strong></span> <span class='ocrx_word' id='word_1_244' title='bbox 392 2458 502 2513; x_wconf 80' lang='grc' dir='ltr'><strong>ἀπὸ</strong></span> <span class='ocrx_word' id='word_1_245' title='bbox 540 2459 680 2523; x_wconf 84' lang='grc' dir='ltr'>Διός.</span> <span class='ocrx_word' id='word_1_246' title='bbox 708 2478 726 2510; x_wconf 75' lang='grc' dir='ltr'><strong>ι</strong></span> <span class='ocrx_word' id='word_1_247' title='bbox 772 2459 1048 2527; x_wconf 78' lang='grc' dir='ltr'>Ἀγνοοῦσι</span> <span class='ocrx_word' id='word_1_248' title='bbox 1084 2458 1174 2523; x_wconf 78' lang='grc' dir='ltr'>δὲ,</span> <span class='ocrx_word' id='word_1_249' title='bbox 1207 2460 1288 2513; x_wconf 82' lang='grc' dir='ltr'>ὅτι</span> <span class='ocrx_word' id='word_1_250' title='bbox 1319 2460 1412 2514; x_wconf 77' lang='grc' dir='ltr'><strong>καὶ</strong></span> <span class='ocrx_word' id='word_1_251' title='bbox 1461 2459 1720 2532; x_wconf 87' lang='grc' dir='ltr'>Πίνδαρος</span> <span class='ocrx_word' id='word_1_252' title='bbox 1771 2477 1907 2515; x_wconf 78' lang='grc' dir='ltr'>κατ-</span> 
     </span>
    </p>
   </div>
   <div class='ocr_carea' id='block_1_40' title="bbox 343 2550 1911 2623">
    <p class='ocr_par' dir='ltr' id='par_1_40' title="bbox 343 2550 1911 2623">
     <span class='ocr_line' id='line_1_43' title="bbox 343 2550 1911 2623; baseline -0.008 -17"><span class='ocrx_word' id='word_1_253' title='bbox 343 2552 615 2623; x_wconf 66' lang='grc' dir='ltr'>εχρήσατο</span> <span class='ocrx_word' id='word_1_254' title='bbox 638 2550 715 2622; x_wconf 83' lang='grc' dir='ltr'><strong>τῷ</strong></span> <span class='ocrx_word' id='word_1_255' title='bbox 744 2551 852 2605; x_wconf 77' lang='grc' dir='ltr'>ἔθει</span> <span class='ocrx_word' id='word_1_256' title='bbox 872 2551 1065 2623; x_wconf 84' lang='grc' dir='ltr'>τούτῳ,</span> <span class='ocrx_word' id='word_1_257' title='bbox 1089 2551 1260 2622; x_wconf 82' lang='grc' dir='ltr'>λέγων</span> <span class='ocrx_word' id='word_1_258' title='bbox 1283 2571 1295 2583; x_wconf 90' lang='grc'><strong>·</strong></span> <span class='ocrx_word' id='word_1_259' title='bbox 1325 2553 1493 2608; x_wconf 87' lang='grc' dir='ltr'>Ὅθεν</span> <span class='ocrx_word' id='word_1_260' title='bbox 1506 2566 1616 2623; x_wconf 79' lang='grc' dir='ltr'><strong>περ</strong></span> <span class='ocrx_word' id='word_1_261' title='bbox 1636 2554 1731 2608; x_wconf 82' lang='grc' dir='ltr'>καὶ</span> <span class='ocrx_word' id='word_1_262' title='bbox 1748 2553 1911 2621; x_wconf 78' lang='grc' dir='ltr'>Ὀαη-</span> 
     </span>
    </p>
   </div>
   <div class='ocr_carea' id='block_1_41' title="bbox 345 2630 1911 2714">
    <p class='ocr_par' dir='ltr' id='par_1_41' title="bbox 345 2630 1911 2714">
     <span class='ocr_line' id='line_1_44' title="bbox 345 2630 1911 2714; baseline 0.002 -19"><span class='ocrx_word' id='word_1_263' title='bbox 345 2630 525 2711; x_wconf 80' lang='grc' dir='ltr'>ρίδαι,</span> <span class='ocrx_word' id='word_1_264' title='bbox 550 2640 796 2710; x_wconf 74' lang='grc' dir='ltr'>ῥαπτῶν</span> <span class='ocrx_word' id='word_1_265' title='bbox 819 2642 1009 2696; x_wconf 75' lang='grc' dir='ltr'>ἐπέων</span> <span class='ocrx_word' id='word_1_266' title='bbox 1047 2641 1118 2697; x_wconf 78' lang='grc' dir='ltr'>τὰ</span> <span class='ocrx_word' id='word_1_267' title='bbox 1155 2642 1355 2697; x_wconf 63' lang='grc' dir='ltr'>πολλὰ</span> <span class='ocrx_word' id='word_1_268' title='bbox 1391 2642 1597 2708; x_wconf 81' lang='grc' dir='ltr'>ἀοιδοὶ,</span> <span class='ocrx_word' id='word_1_269' title='bbox 1630 2643 1911 2714; x_wconf 79' lang='grc' dir='ltr'>ἄρχονται</span> 
     </span>
    </p>
   </div>
   <div class='ocr_carea' id='block_1_42' title="bbox 347 2728 1913 2807">
    <p class='ocr_par' dir='ltr' id='par_1_42' title="bbox 347 2728 1913 2807">
     <span class='ocr_line' id='line_1_45' title="bbox 347 2728 1913 2807; baseline 0 -18"><span class='ocrx_word' id='word_1_270' title='bbox 347 2735 485 2803; x_wconf 84' lang='grc' dir='ltr'><strong>Διὸς</strong></span> <span class='ocrx_word' id='word_1_271' title='bbox 531 2735 601 2790; x_wconf 78' lang='grc' dir='ltr'>ἐκ</span> <span class='ocrx_word' id='word_1_272' title='bbox 661 2736 1001 2806; x_wconf 76' lang='grc' dir='ltr'>προοιμίου·</span> <span class='ocrx_word' id='word_1_273' title='bbox 1048 2734 1142 2789; x_wconf 78' lang='grc' dir='ltr'><strong>καὶ</strong></span> <span class='ocrx_word' id='word_1_274' title='bbox 1192 2728 1468 2806; x_wconf 67' lang='grc' dir='ltr'>’Ᾰλκμάψ</span> <span class='ocrx_word' id='word_1_275' title='bbox 1522 2734 1660 2807; x_wconf 79' lang='grc' dir='ltr'><strong>Ἐγὼ</strong></span> <span class='ocrx_word' id='word_1_276' title='bbox 1702 2735 1770 2789; x_wconf 86' lang='grc' dir='ltr'>δὲ</span> <span class='ocrx_word' id='word_1_277' title='bbox 1819 2736 1913 2791; x_wconf 84' lang='grc' dir='ltr'><strong>ἀει</strong></span> 
     </span>
    </p>
   </div>
   <div class='ocr_carea' id='block_1_43' title="bbox 348 2825 1911 2901">
    <p class='ocr_par' dir='ltr' id='par_1_43' title="bbox 348 2825 1911 2901">
     <span class='ocr_line' id='line_1_46' title="bbox 348 2825 1911 2901; baseline -0.001 -17"><span class='ocrx_word' id='word_1_278' title='bbox 348 2830 454 2885; x_wconf 76' lang='grc' dir='ltr'>σοι</span> <span class='ocrx_word' id='word_1_279' title='bbox 504 2829 581 2901; x_wconf 91' lang='lat' dir='ltr'><strong>(a)</strong></span> <span class='ocrx_word' id='word_1_280' title='bbox 606 2845 684 2899; x_wconf 81' lang='grc' dir='ltr'>με</span> <span class='ocrx_word' id='word_1_281' title='bbox 720 2828 788 2882; x_wconf 84' lang='grc' dir='ltr'>ἐκ</span> <span class='ocrx_word' id='word_1_282' title='bbox 828 2828 959 2895; x_wconf 81' lang='grc' dir='ltr'>Διὸς</span> <span class='ocrx_word' id='word_1_283' title='bbox 988 2828 1306 2898; x_wconf 82' lang='grc' dir='ltr'>ἀρχόμενα.</span> <span class='ocrx_word' id='word_1_284' title='bbox 1345 2825 1552 2893; x_wconf 80' lang='grc' dir='ltr'>Ἀλλως</span> <span class='ocrx_word' id='word_1_285' title='bbox 1601 2826 1659 2881; x_wconf 80' lang='grc' dir='ltr'>δὲ</span> <span class='ocrx_word' id='word_1_286' title='bbox 1705 2829 1800 2882; x_wconf 76' lang='grc' dir='ltr'><strong>καὶ</strong></span> <span class='ocrx_word' id='word_1_287' title='bbox 1847 2829 1911 2882; x_wconf 83' lang='grc' dir='ltr'><strong>τὸ</strong></span> 
     </span>
    </p>
   </div>
   <div class='ocr_carea' id='block_1_44' title="bbox 353 2913 1909 2991">
    <p class='ocr_par' dir='ltr' id='par_1_44' title="bbox 353 2913 1909 2991">
     <span class='ocr_line' id='line_1_47' title="bbox 353 2913 1909 2991; baseline 0.001 -19"><span class='ocrx_word' id='word_1_288' title='bbox 353 2919 497 2975; x_wconf 80' lang='grc' dir='ltr'><strong>ιάπὺ</strong></span> <span class='ocrx_word' id='word_1_289' title='bbox 531 2937 550 2971; x_wconf 73' lang='grc' dir='ltr'><strong>ι</strong></span> <span class='ocrx_word' id='word_1_290' title='bbox 574 2913 850 2991; x_wconf 75' lang='grc' dir='ltr'>δύσφημόν</span> <span class='ocrx_word' id='word_1_291' title='bbox 885 2920 1029 2972; x_wconf 78' lang='grc' dir='ltr'>ἐστιν</span> <span class='ocrx_word' id='word_1_292' title='bbox 1049 2934 1064 2949; x_wconf 92' lang='grc'><strong>·</strong></span> <span class='ocrx_word' id='word_1_293' title='bbox 1097 2917 1173 2983; x_wconf 84' lang='grc' dir='ltr'>ὡς</span> <span class='ocrx_word' id='word_1_294' title='bbox 1209 2918 1261 2971; x_wconf 80' lang='grc' dir='ltr'><strong>εί</strong></span> <span class='ocrx_word' id='word_1_295' title='bbox 1285 2936 1369 2983; x_wconf 87' lang='grc' dir='ltr'><strong>τις</strong></span> <span class='ocrx_word' id='word_1_296' title='bbox 1392 2919 1560 2991; x_wconf 78' lang='grc' dir='ltr'>λέγοι,</span> <span class='ocrx_word' id='word_1_297' title='bbox 1590 2939 1609 2973; x_wconf 77' lang='grc' dir='ltr'><strong>ι</strong></span> <span class='ocrx_word' id='word_1_298' title='bbox 1642 2920 1859 2978; x_wconf 82' lang='grc' dir='ltr'>ἄποθεν.</span> <span class='ocrx_word' id='word_1_299' title='bbox 1887 2937 1909 2974; x_wconf 78' lang='grc' dir='ltr'><strong>ι</strong></span> 
     </span>
    </p>
   </div>
   <div class='ocr_carea' id='block_1_45' title="bbox 424 3178 1914 3251">
    <p class='ocr_par' dir='ltr' id='par_1_45' title="bbox 424 3178 1914 3251">
     <span class='ocr_line' id='line_1_48' title="bbox 424 3178 1914 3251; baseline 0.001 -18"><span class='ocrx_word' id='word_1_300' title='bbox 424 3180 522 3233; x_wconf 90' lang='grc' dir='ltr'>Δία</span> <span class='ocrx_word' id='word_1_301' title='bbox 550 3180 608 3234; x_wconf 83' lang='grc' dir='ltr'>δὲ</span> <span class='ocrx_word' id='word_1_302' title='bbox 645 3180 696 3232; x_wconf 74' lang='grc' dir='ltr'>οἱ</span> <span class='ocrx_word' id='word_1_303' title='bbox 746 3180 844 3251; x_wconf 81' lang='grc' dir='ltr'><strong>μὲν</strong></span> <span class='ocrx_word' id='word_1_304' title='bbox 887 3179 977 3233; x_wconf 81' lang='grc' dir='ltr'><strong>τὸν</strong></span> <span class='ocrx_word' id='word_1_305' title='bbox 1007 3178 1251 3250; x_wconf 78' lang='grc' dir='ltr'>οὐρανὸν,</span> <span class='ocrx_word' id='word_1_306' title='bbox 1284 3180 1333 3232; x_wconf 73' lang='grc' dir='ltr'>οἱ</span> <span class='ocrx_word' id='word_1_307' title='bbox 1366 3179 1422 3233; x_wconf 80' lang='grc' dir='ltr'>δὲ</span> <span class='ocrx_word' id='word_1_308' title='bbox 1464 3180 1552 3233; x_wconf 85' lang='grc' dir='ltr'><strong>τὸν</strong></span> <span class='ocrx_word' id='word_1_309' title='bbox 1578 3179 1747 3251; x_wconf 75' lang='grc' dir='ltr'>ἥλιον,</span> <span class='ocrx_word' id='word_1_310' title='bbox 1778 3183 1826 3234; x_wconf 84' lang='lat' dir='ltr'><strong>oi</strong></span> <span class='ocrx_word' id='word_1_311' title='bbox 1857 3180 1914 3234; x_wconf 84' lang='grc' dir='ltr'>δὲ</span> 
     </span>
    </p>
   </div>
   <div class='ocr_carea' id='block_1_46' title="bbox 351 3267 1919 3345">
    <p class='ocr_par' dir='ltr' id='par_1_46' title="bbox 351 3267 1919 3345">
     <span class='ocr_line' id='line_1_49' title="bbox 351 3267 1919 3345; baseline 0.002 -20"><span class='ocrx_word' id='word_1_312' title='bbox 351 3272 447 3326; x_wconf 73' lang='grc' dir='ltr'>τὸν</span> <span class='ocrx_word' id='word_1_313' title='bbox 480 3271 706 3345; x_wconf 76' lang='grc' dir='ltr'>μυθικὸν</span> <span class='ocrx_word' id='word_1_314' title='bbox 742 3271 1068 3339; x_wconf 78' lang='grc' dir='ltr'>ἐξεδέξαντο.</span> <span class='ocrx_word' id='word_1_315' title='bbox 1114 3272 1175 3325; x_wconf 85' lang='grc' dir='ltr'>Οί</span> <span class='ocrx_word' id='word_1_316' title='bbox 1213 3272 1309 3343; x_wconf 86' lang='grc' dir='ltr'>μὲν</span> <span class='ocrx_word' id='word_1_317' title='bbox 1340 3267 1431 3326; x_wconf 77' lang='grc' dir='ltr'><strong>οὖν</strong></span> <span class='ocrx_word' id='word_1_318' title='bbox 1460 3273 1551 3327; x_wconf 81' lang='grc' dir='ltr'><strong>τὸν</strong></span> <span class='ocrx_word' id='word_1_319' title='bbox 1580 3273 1805 3345; x_wconf 78' lang='grc' dir='ltr'>οὐρανὸν</span> <span class='ocrx_word' id='word_1_320' title='bbox 1832 3272 1919 3328; x_wconf 83' lang='grc' dir='ltr'><strong>λέ-</strong></span> 
     </span>
    </p>
   </div>
   <div class='ocr_carea' id='block_1_47' title="bbox 353 3360 1636 3435">
    <p class='ocr_par' dir='ltr' id='par_1_47' title="bbox 353 3360 1636 3435">
     <span class='ocr_line' id='line_1_50' title="bbox 353 3360 1636 3435; baseline 0 -18"><span class='ocrx_word' id='word_1_321' title='bbox 353 3380 565 3433; x_wconf 86' lang='grc' dir='ltr'>γοντες,</span> <span class='ocrx_word' id='word_1_322' title='bbox 592 3360 979 3435; x_wconf 86' lang='grc' dir='ltr'>παρατίθενται</span> <span class='ocrx_word' id='word_1_323' title='bbox 1007 3361 1099 3415; x_wconf 83' lang='grc' dir='ltr'><strong>τὸν</strong></span> <span class='ocrx_word' id='word_1_324' title='bbox 1128 3363 1355 3434; x_wconf 80' lang='grc' dir='ltr'>ποιητὴν</span> <span class='ocrx_word' id='word_1_325' title='bbox 1379 3362 1604 3431; x_wconf 77' lang='grc' dir='ltr'>λέγοντα</span> <span class='ocrx_word' id='word_1_326' title='bbox 1623 3380 1636 3394; x_wconf 78' lang='grc'><strong><em>⁸</em></strong></span> 
     </span>
    </p>
   </div>
   <div class='ocr_carea' id='block_1_48' title="bbox 367 3560 1848 3632">
    <p class='ocr_par' dir='ltr' id='par_1_48' title="bbox 367 3560 1848 3632">
     <span class='ocr_line' id='line_1_51' title="bbox 367 3560 1848 3632; baseline -0.001 -15"><span class='ocrx_word' id='word_1_327' title='bbox 367 3561 467 3628; x_wconf 84' lang='grc' dir='ltr'>Ὠς</span> <span class='ocrx_word' id='word_1_328' title='bbox 492 3560 544 3615; x_wconf 89' lang='grc' dir='ltr'><strong>δ’</strong></span> <span class='ocrx_word' id='word_1_329' title='bbox 577 3560 673 3615; x_wconf 82' lang='grc' dir='ltr'>ὅτε</span> <span class='ocrx_word' id='word_1_330' title='bbox 705 3560 968 3632; x_wconf 65' lang='grc' dir='ltr'>ταρφειαὶ</span> <span class='ocrx_word' id='word_1_331' title='bbox 1008 3560 1253 3630; x_wconf 69' lang='grc' dir='ltr'>νιφάδες</span> <span class='ocrx_word' id='word_1_332' title='bbox 1285 3560 1417 3627; x_wconf 85' lang='grc' dir='ltr'>Διὸς</span> <span class='ocrx_word' id='word_1_333' title='bbox 1448 3561 1848 3616; x_wconf 74' lang='grc' dir='ltr'>ἐκποτέονται·</span> 
     </span>
    </p>
   </div>
   <div class='ocr_carea' id='block_1_49' title="bbox 358 3674 1923 3748">
    <p class='ocr_par' dir='ltr' id='par_1_49' title="bbox 358 3674 1923 3748">
     <span class='ocr_line' id='line_1_52' title="bbox 358 3674 1923 3748; baseline 0.001 -19"><span class='ocrx_word' id='word_1_334' title='bbox 358 3674 636 3729; x_wconf 81' lang='grc' dir='ltr'>τουτέστιν</span> <span class='ocrx_word' id='word_1_335' title='bbox 675 3693 693 3726; x_wconf 78' lang='lat' dir='ltr'><strong>t</strong></span> <span class='ocrx_word' id='word_1_336' title='bbox 733 3676 793 3740; x_wconf 79' lang='grc' dir='ltr'><strong>ἐξ</strong></span> <span class='ocrx_word' id='word_1_337' title='bbox 822 3675 1078 3748; x_wconf 84' lang='grc' dir='ltr'>ούρανοῦ·</span> <span class='ocrx_word' id='word_1_338' title='bbox 1108 3696 1126 3728; x_wconf 73' lang='grc' dir='ltr'><strong>ι</strong></span> <span class='ocrx_word' id='word_1_339' title='bbox 1160 3676 1253 3731; x_wconf 79' lang='grc' dir='ltr'><strong>καὶ</strong></span> <span class='ocrx_word' id='word_1_340' title='bbox 1285 3676 1516 3747; x_wconf 81' lang='grc' dir='ltr'>Ἀρατον</span> <span class='ocrx_word' id='word_1_341' title='bbox 1544 3676 1704 3731; x_wconf 74' lang='grc' dir='ltr'>αὑτὸν</span> <span class='ocrx_word' id='word_1_342' title='bbox 1735 3678 1792 3730; x_wconf 80' lang='grc' dir='ltr'>ὲν</span> <span class='ocrx_word' id='word_1_343' title='bbox 1812 3679 1923 3744; x_wconf 87' lang='grc' dir='ltr'>τοῖς</span> 
     </span>
    </p>
   </div>
   <div class='ocr_carea' id='block_1_50' title="bbox 358 3766 1922 3840">
    <p class='ocr_par' dir='ltr' id='par_1_50' title="bbox 358 3766 1922 3840">
     <span class='ocr_line' id='line_1_53' title="bbox 358 3766 1922 3840; baseline 0.002 -19"><span class='ocrx_word' id='word_1_344' title='bbox 358 3766 487 3840; x_wconf 68' lang='grc' dir='ltr'>ἑξῆς</span> <span class='ocrx_word' id='word_1_345' title='bbox 542 3767 765 3836; x_wconf 80' lang='grc' dir='ltr'>λέγοντα</span> <span class='ocrx_word' id='word_1_346' title='bbox 804 3769 932 3839; x_wconf 69' lang='grc' dir='ltr'>περὶ</span> <span class='ocrx_word' id='word_1_347' title='bbox 962 3766 1056 3821; x_wconf 82' lang='grc' dir='ltr'>τοῦ</span> <span class='ocrx_word' id='word_1_348' title='bbox 1092 3768 1289 3822; x_wconf 83' lang='grc' dir='ltr'>Ἵππου</span> <span class='ocrx_word' id='word_1_349' title='bbox 1310 3785 1323 3797; x_wconf 82' lang='grc'><em>’</em></span> <span class='ocrx_word' id='word_1_350' title='bbox 1365 3768 1461 3822; x_wconf 85' lang='grc' dir='ltr'>Ἑν</span> <span class='ocrx_word' id='word_1_351' title='bbox 1489 3768 1620 3836; x_wconf 79' lang='grc' dir='ltr'>Διὸς</span> <span class='ocrx_word' id='word_1_352' title='bbox 1648 3769 1922 3824; x_wconf 73' lang='grc' dir='ltr'>εἱλεῖται·</span> 
     </span>
    </p>
   </div>
   <div class='ocr_carea' id='block_1_51' title="bbox 358 3859 1926 3935">
    <p class='ocr_par' dir='ltr' id='par_1_51' title="bbox 358 3859 1926 3935">
     <span class='ocr_line' id='line_1_54' title="bbox 358 3859 1926 3935; baseline 0.002 -20"><span class='ocrx_word' id='word_1_353' title='bbox 358 3862 390 3915; x_wconf 86' lang='grc' dir='ltr'><strong>ὅ</strong></span> <span class='ocrx_word' id='word_1_354' title='bbox 414 3863 561 3915; x_wconf 80' lang='grc' dir='ltr'>ἐστιν</span> <span class='ocrx_word' id='word_1_355' title='bbox 591 3880 608 3912; x_wconf 77' lang='grc' dir='ltr'><strong>ι</strong></span> <span class='ocrx_word' id='word_1_356' title='bbox 642 3862 698 3914; x_wconf 83' lang='grc' dir='ltr'>ὲν</span> <span class='ocrx_word' id='word_1_357' title='bbox 725 3859 803 3931; x_wconf 82' lang='grc' dir='ltr'>τῷ</span> <span class='ocrx_word' id='word_1_358' title='bbox 832 3859 1062 3932; x_wconf 83' lang='grc' dir='ltr'>οὐρανῷ·</span> <span class='ocrx_word' id='word_1_359' title='bbox 1095 3880 1114 3912; x_wconf 78' lang='grc' dir='ltr'><strong>ι</strong></span> <span class='ocrx_word' id='word_1_360' title='bbox 1140 3863 1189 3915; x_wconf 87' lang='grc' dir='ltr'>οἱ</span> <span class='ocrx_word' id='word_1_361' title='bbox 1214 3861 1272 3914; x_wconf 79' lang='grc' dir='ltr'>δὲ</span> <span class='ocrx_word' id='word_1_362' title='bbox 1295 3860 1391 3919; x_wconf 81' lang='grc' dir='ltr'>Δία</span> <span class='ocrx_word' id='word_1_363' title='bbox 1418 3861 1508 3915; x_wconf 84' lang='grc' dir='ltr'><strong>τὸν</strong></span> <span class='ocrx_word' id='word_1_364' title='bbox 1535 3860 1730 3934; x_wconf 77' lang='grc' dir='ltr'>αἰθέρα</span> <span class='ocrx_word' id='word_1_365' title='bbox 1752 3879 1926 3935; x_wconf 84' lang='grc' dir='ltr'>παρα-</span> 
     </span>
    </p>
   </div>
   <div class='ocr_carea' id='block_1_52' title="bbox 358 3952 1646 4025">
    <p class='ocr_par' dir='ltr' id='par_1_52' title="bbox 358 3952 1646 4025">
     <span class='ocr_line' id='line_1_55' title="bbox 358 3952 1646 4025; baseline 0 -18"><span class='ocrx_word' id='word_1_366' title='bbox 358 3953 613 4019; x_wconf 81' lang='grc' dir='ltr'>λαϐόντες</span> <span class='ocrx_word' id='word_1_367' title='bbox 646 3952 1034 4025; x_wconf 85' lang='grc' dir='ltr'>παρατίθενται</span> <span class='ocrx_word' id='word_1_368' title='bbox 1060 3953 1357 4025; x_wconf 78' lang='grc' dir='ltr'>Εὐριπίδην</span> <span class='ocrx_word' id='word_1_369' title='bbox 1391 3953 1646 4023; x_wconf 85' lang='grc' dir='ltr'>λέγοντα·</span> 
     </span>
    </p>
   </div>
   <div class='ocr_carea' id='block_1_53' title="bbox 372 4042 1668 4117">
    <p class='ocr_par' dir='ltr' id='par_1_53' title="bbox 372 4042 1668 4117">
     <span class='ocr_line' id='line_1_56' title="bbox 372 4042 1668 4117; baseline -0.005 -13"><span class='ocrx_word' id='word_1_370' title='bbox 372 4045 559 4117; x_wconf 17' lang='grc' dir='ltr'><strong>ὀρᾷςί</strong></span> <span class='ocrx_word' id='word_1_371' title='bbox 579 4047 736 4102; x_wconf 92' lang='grc' dir='ltr'>τόνδ’</span> <span class='ocrx_word' id='word_1_372' title='bbox 764 4046 948 4117; x_wconf 67' lang='grc' dir='ltr'><strong>ὑψοῦ,</strong></span> <span class='ocrx_word' id='word_1_373' title='bbox 983 4045 1141 4100; x_wconf 86' lang='grc' dir='ltr'>τόνδ’</span> <span class='ocrx_word' id='word_1_374' title='bbox 1175 4045 1422 4117; x_wconf 60' lang='grc' dir='ltr'>ἄπειρον</span> <span class='ocrx_word' id='word_1_375' title='bbox 1447 4042 1668 4117; x_wconf 74' lang='grc' dir='ltr'>αιθέρα,</span> 
     </span>
    </p>
   </div>
   <div class='ocr_carea' id='block_1_54' title="bbox 362 4114 1692 4188">
    <p class='ocr_par' dir='ltr' id='par_1_54' title="bbox 362 4114 1692 4188">
     <span class='ocr_line' id='line_1_57' title="bbox 362 4114 1692 4188; baseline -0.004 -15"><span class='ocrx_word' id='word_1_376' title='bbox 362 4114 612 4188; x_wconf 24' lang='grc' dir='ltr'><strong>Κὰὶίγῆν</strong></span> <span class='ocrx_word' id='word_1_377' title='bbox 644 4114 1031 4188; x_wconf 58' lang='grc' dir='ltr'>πέριξέχονθ</span> <span class='ocrx_word' id='word_1_378' title='bbox 1059 4115 1355 4188; x_wconf 13' lang='grc' dir='ltr'><strong>ὐγρᾳνῖςίέν</strong></span> <span class='ocrx_word' id='word_1_379' title='bbox 1373 4114 1692 4188; x_wconf 28' lang='grc' dir='ltr'><strong>μὰγκάλαιςν</strong></span> 
     </span>
    </p>
   </div>
   <div class='ocr_carea' id='block_1_55' title="bbox 368 4184 1599 4257">
    <p class='ocr_par' dir='ltr' id='par_1_55' title="bbox 368 4184 1599 4257">
     <span class='ocr_line' id='line_1_58' title="bbox 368 4184 1599 4257; baseline -0.003 -13"><span class='ocrx_word' id='word_1_380' title='bbox 368 4184 588 4244; x_wconf 78' lang='grc' dir='ltr'>Τοῦτον</span> <span class='ocrx_word' id='word_1_381' title='bbox 604 4184 806 4257; x_wconf 68' lang='grc' dir='ltr'>νόμιζε</span> <span class='ocrx_word' id='word_1_382' title='bbox 831 4184 1029 4254; x_wconf 81' lang='grc' dir='ltr'>Ζῆνα,</span> <span class='ocrx_word' id='word_1_383' title='bbox 1062 4186 1219 4239; x_wconf 84' lang='grc' dir='ltr'>τόνδ’</span> <span class='ocrx_word' id='word_1_384' title='bbox 1249 4184 1399 4256; x_wconf 74' lang='grc' dir='ltr'><strong>ἡγοῦ</strong></span> <span class='ocrx_word' id='word_1_385' title='bbox 1434 4188 1599 4240; x_wconf 85' lang='grc' dir='ltr'>Θεόν.</span> 
     </span>
    </p>
   </div>
   <div class='ocr_carea' id='block_1_56' title="bbox 435 4266 1926 4353">
    <p class='ocr_par' dir='ltr' id='par_1_56' title="bbox 435 4266 1926 4353">
     <span class='ocr_line' id='line_1_59' title="bbox 435 4266 1926 4353; baseline -0.001 -18"><span class='ocrx_word' id='word_1_386' title='bbox 435 4281 545 4335; x_wconf 79' lang='grc' dir='ltr'><strong>Καὶ</strong></span> <span class='ocrx_word' id='word_1_387' title='bbox 603 4281 731 4344; x_wconf 72' lang='grc' dir='ltr'>ἴσως</span> <span class='ocrx_word' id='word_1_388' title='bbox 783 4279 932 4351; x_wconf 80' lang='grc' dir='ltr'><strong>Ζῆνά</strong></span> <span class='ocrx_word' id='word_1_389' title='bbox 962 4296 1045 4343; x_wconf 85' lang='grc' dir='ltr'><strong>τις</strong></span> <span class='ocrx_word' id='word_1_390' title='bbox 1072 4266 1232 4333; x_wconf 68' lang='grc' dir='ltr'>αὐτὸν</span> <span class='ocrx_word' id='word_1_391' title='bbox 1259 4277 1470 4351; x_wconf 86' lang='grc' dir='ltr'>καλοίη,</span> <span class='ocrx_word' id='word_1_392' title='bbox 1496 4277 1586 4332; x_wconf 83' lang='grc' dir='ltr'>διὰ</span> <span class='ocrx_word' id='word_1_393' title='bbox 1616 4279 1676 4334; x_wconf 79' lang='grc' dir='ltr'><strong>τὸ</strong></span> <span class='ocrx_word' id='word_1_394' title='bbox 1706 4279 1926 4353; x_wconf 85' lang='grc' dir='ltr'>πυρώδη</span> 
     </span>
    </p>
   </div>
   <div class='ocr_carea' id='block_1_57' title="bbox 366 4368 1923 4444">
    <p class='ocr_par' dir='ltr' id='par_1_57' title="bbox 366 4368 1923 4444">
     <span class='ocr_line' id='line_1_60' title="bbox 366 4368 1923 4444; baseline 0.001 -19"><span class='ocrx_word' id='word_1_395' title='bbox 366 4368 506 4425; x_wconf 69' lang='grc' dir='ltr'>εἶναι</span> <span class='ocrx_word' id='word_1_396' title='bbox 538 4371 629 4424; x_wconf 85' lang='grc' dir='ltr'><strong>τὸν</strong></span> <span class='ocrx_word' id='word_1_397' title='bbox 680 4370 898 4443; x_wconf 80' lang='grc' dir='ltr'>αἰθέρα·</span> <span class='ocrx_word' id='word_1_398' title='bbox 944 4370 1052 4424; x_wconf 84' lang='grc' dir='ltr'>ἀπὸ</span> <span class='ocrx_word' id='word_1_399' title='bbox 1092 4370 1189 4441; x_wconf 85' lang='grc' dir='ltr'>μὲν</span> <span class='ocrx_word' id='word_1_400' title='bbox 1220 4368 1314 4424; x_wconf 82' lang='grc' dir='ltr'>τοῦ</span> <span class='ocrx_word' id='word_1_401' title='bbox 1362 4370 1656 4439; x_wconf 74' lang='grc' dir='ltr'>αἴθεσθαι,</span> <span class='ocrx_word' id='word_1_402' title='bbox 1696 4370 1923 4444; x_wconf 78' lang='grc' dir='ltr'>αἰθέρα·</span> 
     </span>
    </p>
   </div>
   <div class='ocr_carea' id='block_1_58' title="bbox 1998 1831 3566 1976">
    <p class='ocr_par' dir='ltr' id='par_1_58' title="bbox 1998 1831 3566 1976">
     <span class='ocr_line' id='line_1_61' title="bbox 1998 1831 3566 1976; baseline 0.001 -89"><span class='ocrx_word' id='word_1_403' title='bbox 1998 1831 2206 1904; x_wconf 80' lang='lat' dir='ltr'><strong>Jupiter</strong></span> <span class='ocrx_word' id='word_1_404' title='bbox 2232 1834 2478 1898; x_wconf 84' lang='lat' dir='ltr'><strong>initium;</strong></span> <span class='ocrx_word' id='word_1_405' title='bbox 2507 1833 2717 1903; x_wconf 79' lang='lat' dir='ltr'><strong>Jupiter</strong></span> <span class='ocrx_word' id='word_1_406' title='bbox 2744 1832 3009 1900; x_wconf 76' lang='lat' dir='ltr'><strong>medium;</strong></span> <span class='ocrx_word' id='word_1_407' title='bbox 3036 1833 3099 1887; x_wconf 88' lang='lat' dir='ltr'><strong>ab</strong></span> <span class='ocrx_word' id='word_1_408' title='bbox 3124 1832 3252 1976; x_wconf 59' lang='lat' dir='ltr'><strong>Jorle</strong></span> <span class='ocrx_word' id='word_1_409' title='bbox 3289 1834 3465 1889; x_wconf 81' lang='lat' dir='ltr'><strong>omnia</strong></span> <span class='ocrx_word' id='word_1_410' title='bbox 3488 1833 3566 1903; x_wconf 81' lang='lat' dir='ltr'><strong>fa-</strong></span> 
     </span>
     <span class='ocr_line' id='line_1_62' title="bbox 3241 1914 3496 1959; baseline 0 -1"><span class='ocrx_word' id='word_1_411' title='bbox 3241 1914 3325 1958; x_wconf 83' lang='lat' dir='ltr'><strong>cta</strong></span> <span class='ocrx_word' id='word_1_412' title='bbox 3352 1917 3496 1959; x_wconf 89' lang='lat' dir='ltr'><strong>sunt.</strong></span> 
     </span>
    </p>
   </div>
   <div class='ocr_carea' id='block_1_59' title="bbox 3241 1914 3496 1959">
    <p class='ocr_par' dir='ltr' id='par_1_59' title="bbox 3241 1914 3496 1959">
     <span class='ocr_line' id='line_1_63' title="bbox 3241 1914 3496 1959; baseline 0 -1"><span class='ocrx_word' id='word_1_413' title='bbox 3241 1914 3325 1958; x_wconf 71' lang='lat' dir='ltr'><strong>(ill</strong></span> <span class='ocrx_word' id='word_1_414' title='bbox 3352 1917 3496 1959; x_wconf 90' lang='lat' dir='ltr'><strong>sunt.</strong></span> 
     </span>
    </p>
   </div>
   <div class='ocr_carea' id='block_1_60' title="bbox 2000 1997 3566 2065">
    <p class='ocr_par' dir='ltr' id='par_1_60' title="bbox 2000 1997 3566 2065">
     <span class='ocr_line' id='line_1_64' title="bbox 2000 1997 3566 2065; baseline -0.001 -13"><span class='ocrx_word' id='word_1_415' title='bbox 2000 1998 2387 2065; x_wconf 87' lang='lat' dir='ltr'><strong>Quamobrem,</strong></span> <span class='ocrx_word' id='word_1_416' title='bbox 2442 2006 2502 2052; x_wconf 90' lang='lat' dir='ltr'><strong>ut</strong></span> <span class='ocrx_word' id='word_1_417' title='bbox 2552 2006 2606 2054; x_wconf 89' lang='lat' dir='ltr'><strong>et</strong></span> <span class='ocrx_word' id='word_1_418' title='bbox 2646 2006 2799 2055; x_wconf 81' lang='lat' dir='ltr'><strong>vetus</strong></span> <span class='ocrx_word' id='word_1_419' title='bbox 2847 1998 3185 2053; x_wconf 86' lang='lat' dir='ltr'><strong>consuetudo</strong></span> <span class='ocrx_word' id='word_1_420' title='bbox 3223 1997 3463 2060; x_wconf 72' lang='lat' dir='ltr'><strong>ferebat,</strong></span> <span class='ocrx_word' id='word_1_421' title='bbox 3510 2005 3566 2053; x_wconf 87' lang='lat' dir='ltr'><strong>et</strong></span> 
     </span>
    </p>
   </div>
   <div class='ocr_carea' id='block_1_61' title="bbox 2003 2089 3567 2164">
    <p class='ocr_par' dir='ltr' id='par_1_61' title="bbox 2003 2089 3567 2164">
     <span class='ocr_line' id='line_1_65' title="bbox 2003 2089 3567 2164; baseline 0.001 -20"><span class='ocrx_word' id='word_1_422' title='bbox 2003 2092 2287 2161; x_wconf 90' lang='lat' dir='ltr'><strong>proposito</strong></span> <span class='ocrx_word' id='word_1_423' title='bbox 2340 2099 2658 2163; x_wconf 76' lang='lat' dir='ltr'><strong>argumento</strong></span> <span class='ocrx_word' id='word_1_424' title='bbox 2725 2091 3076 2164; x_wconf 78' lang='lat' dir='ltr'><strong>congruebat,</strong></span> <span class='ocrx_word' id='word_1_425' title='bbox 3120 2091 3189 2146; x_wconf 85' lang='lat' dir='ltr'><strong>ab</strong></span> <span class='ocrx_word' id='word_1_426' title='bbox 3230 2089 3362 2147; x_wconf 71' lang='lat' dir='ltr'><strong>Jove</strong></span> <span class='ocrx_word' id='word_1_427' title='bbox 3402 2093 3567 2161; x_wconf 74' lang='lat' dir='ltr'><strong>cmpit</strong></span> 
     </span>
    </p>
   </div>
   <div class='ocr_carea' id='block_1_62' title="bbox 2004 2181 2312 2238">
    <p class='ocr_par' dir='ltr' id='par_1_62' title="bbox 2004 2181 2312 2238">
     <span class='ocr_line' id='line_1_66' title="bbox 2004 2181 2312 2238; baseline 0 0"><span class='ocrx_word' id='word_1_428' title='bbox 2004 2181 2312 2238; x_wconf 79' lang='lat' dir='ltr'><strong>exordium.</strong></span> 
     </span>
    </p>
   </div>
   <div class='ocr_carea' id='block_1_63' title="bbox 2079 2274 3573 2348">
    <p class='ocr_par' dir='ltr' id='par_1_63' title="bbox 2079 2274 3573 2348">
     <span class='ocr_line' id='line_1_67' title="bbox 2079 2274 3573 2348; baseline -0.002 -16"><span class='ocrx_word' id='word_1_429' title='bbox 2079 2274 2219 2334; x_wconf 90' lang='lat' dir='ltr'><strong>Sunt</strong></span> <span class='ocrx_word' id='word_1_430' title='bbox 2238 2276 2330 2347; x_wconf 91' lang='lat' dir='ltr'><strong>qui</strong></span> <span class='ocrx_word' id='word_1_431' title='bbox 2356 2276 2755 2347; x_wconf 86' lang='lat' dir='ltr'><strong>reprehendant</strong></span> <span class='ocrx_word' id='word_1_432' title='bbox 2792 2283 3029 2348; x_wconf 88' lang='lat' dir='ltr'><strong>poetam,</strong></span> <span class='ocrx_word' id='word_1_433' title='bbox 3052 2276 3198 2348; x_wconf 89' lang='lat' dir='ltr'><strong>quod</strong></span> <span class='ocrx_word' id='word_1_434' title='bbox 3237 2278 3573 2348; x_wconf 65' lang='lat' dir='ltr'><strong>praepositio.</strong></span> 
     </span>
    </p>
   </div>
   <div class='ocr_carea' id='block_1_64' title="bbox 2009 2367 3574 2442">
    <p class='ocr_par' dir='ltr' id='par_1_64' title="bbox 2009 2367 3574 2442">
     <span class='ocr_line' id='line_1_68' title="bbox 2009 2367 3574 2442; baseline -0.001 -18"><span class='ocrx_word' id='word_1_435' title='bbox 2009 2384 2130 2424; x_wconf 89' lang='lat' dir='ltr'><strong>nem</strong></span> <span class='ocrx_word' id='word_1_436' title='bbox 2194 2384 2302 2425; x_wconf 73' lang='lat' dir='ltr'><strong>rex</strong></span> <span class='ocrx_word' id='word_1_437' title='bbox 2340 2387 2361 2421; x_wconf 75' lang='grc' dir='ltr'><strong>ι</strong></span> <span class='ocrx_word' id='word_1_438' title='bbox 2396 2369 2600 2439; x_wconf 87' lang='lat' dir='ltr'><strong>potius,</strong></span> <span class='ocrx_word' id='word_1_439' title='bbox 2653 2384 2817 2442; x_wconf 89' lang='lat' dir='ltr'><strong>quam</strong></span> <span class='ocrx_word' id='word_1_440' title='bbox 2865 2388 2884 2421; x_wconf 79' lang='grc' dir='ltr'><strong>ι</strong></span> <span class='ocrx_word' id='word_1_441' title='bbox 2913 2370 2982 2425; x_wconf 90' lang='lat' dir='ltr'><strong>ab</strong></span> <span class='ocrx_word' id='word_1_442' title='bbox 3008 2387 3028 2422; x_wconf 73' lang='grc' dir='ltr'><strong>ι</strong></span> <span class='ocrx_word' id='word_1_443' title='bbox 3075 2368 3441 2440; x_wconf 75' lang='lat' dir='ltr'><strong>usurpaverit.</strong></span> <span class='ocrx_word' id='word_1_444' title='bbox 3483 2367 3574 2422; x_wconf 85' lang='lat' dir='ltr'><strong>Di-</strong></span> 
     </span>
    </p>
   </div>
   <div class='ocr_carea' id='block_1_65' title="bbox 2010 2458 3574 2531">
    <p class='ocr_par' dir='ltr' id='par_1_65' title="bbox 2010 2458 3574 2531">
     <span class='ocr_line' id='line_1_69' title="bbox 2010 2458 3574 2531; baseline 0 -16"><span class='ocrx_word' id='word_1_445' title='bbox 2010 2459 2239 2515; x_wconf 89' lang='lat' dir='ltr'><strong>cendum</strong></span> <span class='ocrx_word' id='word_1_446' title='bbox 2302 2458 2448 2516; x_wconf 88' lang='lat' dir='ltr'><strong>enim</strong></span> <span class='ocrx_word' id='word_1_447' title='bbox 2490 2459 2686 2524; x_wconf 77' lang='lat' dir='ltr'><strong>fuerat,</strong></span> <span class='ocrx_word' id='word_1_448' title='bbox 2732 2460 3005 2531; x_wconf 89' lang='lat' dir='ltr'><strong>inquiunt,</strong></span> <span class='ocrx_word' id='word_1_449' title='bbox 3068 2460 3178 2516; x_wconf 69' lang='lat' dir='ltr'><strong>«ab</strong></span> <span class='ocrx_word' id='word_1_450' title='bbox 3212 2458 3411 2526; x_wconf 64' lang='lat' dir='ltr'><strong>Jove,»</strong></span> <span class='ocrx_word' id='word_1_451' title='bbox 3463 2476 3574 2515; x_wconf 89' lang='lat' dir='ltr'><strong>non</strong></span> 
     </span>
    </p>
   </div>
   <div class='ocr_carea' id='block_1_66' title="bbox 2017 2549 3578 2629">
    <p class='ocr_par' dir='ltr' id='par_1_66' title="bbox 2017 2549 3578 2629">
     <span class='ocr_line' id='line_1_70' title="bbox 2017 2549 3578 2629; baseline 0.002 -24"><span class='ocrx_word' id='word_1_452' title='bbox 2017 2571 2035 2605; x_wconf 80' lang='grc' dir='ltr'><strong>ι</strong></span> <span class='ocrx_word' id='word_1_453' title='bbox 2065 2566 2129 2608; x_wconf 81' lang='lat' dir='ltr'><strong>ex</strong></span> <span class='ocrx_word' id='word_1_454' title='bbox 2166 2549 2319 2608; x_wconf 76' lang='lat' dir='ltr'><strong>Jove.</strong></span> <span class='ocrx_word' id='word_1_455' title='bbox 2344 2570 2364 2604; x_wconf 73' lang='grc' dir='ltr'><strong>ι</strong></span> <span class='ocrx_word' id='word_1_456' title='bbox 2430 2549 2533 2607; x_wconf 86' lang='lat' dir='ltr'><strong>Sed</strong></span> <span class='ocrx_word' id='word_1_457' title='bbox 2590 2552 2842 2629; x_wconf 75' lang='lat' dir='ltr'><strong>nesciunt</strong></span> <span class='ocrx_word' id='word_1_458' title='bbox 2887 2551 3145 2617; x_wconf 81' lang='lat' dir='ltr'><strong>nimirum</strong></span> <span class='ocrx_word' id='word_1_459' title='bbox 3185 2551 3375 2608; x_wconf 90' lang='lat' dir='ltr'><strong>eodem</strong></span> <span class='ocrx_word' id='word_1_460' title='bbox 3425 2568 3578 2608; x_wconf 85' lang='lat' dir='ltr'><strong>more</strong></span> 
     </span>
    </p>
   </div>
   <div class='ocr_carea' id='block_1_67' title="bbox 2014 2640 3577 2713">
    <p class='ocr_par' dir='ltr' id='par_1_67' title="bbox 2014 2640 3577 2713">
     <span class='ocr_line' id='line_1_71' title="bbox 2014 2640 3577 2713; baseline -0.001 -16"><span class='ocrx_word' id='word_1_461' title='bbox 2014 2641 2267 2713; x_wconf 89' lang='lat' dir='ltr'><strong>loquendi</strong></span> <span class='ocrx_word' id='word_1_462' title='bbox 2300 2657 2458 2697; x_wconf 88' lang='lat' dir='ltr'><strong>usum</strong></span> <span class='ocrx_word' id='word_1_463' title='bbox 2488 2656 2611 2698; x_wconf 89' lang='lat' dir='ltr'><strong>esse</strong></span> <span class='ocrx_word' id='word_1_464' title='bbox 2643 2641 3023 2697; x_wconf 84' lang='lat' dir='ltr'><strong>Pindarumita</strong></span> <span class='ocrx_word' id='word_1_465' title='bbox 3041 2642 3366 2698; x_wconf 88' lang='lat' dir='ltr'><strong>scribentem</strong></span> <span class='ocrx_word' id='word_1_466' title='bbox 3390 2661 3403 2696; x_wconf 89' lang='lat'>:</span> <span class='ocrx_word' id='word_1_467' title='bbox 3427 2640 3577 2697; x_wconf 80' lang='lat' dir='ltr'><strong>Unde</strong></span> 
     </span>
    </p>
   </div>
   <div class='ocr_carea' id='block_1_68' title="bbox 2015 2733 3575 2803">
    <p class='ocr_par' dir='ltr' id='par_1_68' title="bbox 2015 2733 3575 2803">
     <span class='ocr_line' id='line_1_72' title="bbox 2015 2733 3575 2803; baseline -0.001 -13"><span class='ocrx_word' id='word_1_468' title='bbox 2015 2743 2064 2790; x_wconf 82' lang='lat' dir='ltr'><strong>et</strong></span> <span class='ocrx_word' id='word_1_469' title='bbox 2105 2733 2429 2800; x_wconf 78' lang='lat' dir='ltr'><strong>Homeridrc,</strong></span> <span class='ocrx_word' id='word_1_470' title='bbox 2473 2743 2806 2790; x_wconf 87' lang='lat' dir='ltr'><strong>consutorum</strong></span> <span class='ocrx_word' id='word_1_471' title='bbox 2832 2733 3127 2789; x_wconf 77' lang='lat' dir='ltr'><strong>carminum</strong></span> <span class='ocrx_word' id='word_1_472' title='bbox 3155 2742 3342 2803; x_wconf 71' lang='lat' dir='ltr'><strong>poene,</strong></span> <span class='ocrx_word' id='word_1_473' title='bbox 3382 2733 3575 2802; x_wconf 71' lang='lat' dir='ltr'><strong>saepius</strong></span> 
     </span>
    </p>
   </div>
   <div class='ocr_carea' id='block_1_69' title="bbox 2015 2823 3576 2898">
    <p class='ocr_par' dir='ltr' id='par_1_69' title="bbox 2015 2823 3576 2898">
     <span class='ocr_line' id='line_1_73' title="bbox 2015 2823 3576 2898; baseline -0.001 -17"><span class='ocrx_word' id='word_1_474' title='bbox 2015 2828 2271 2897; x_wconf 85' lang='lat' dir='ltr'><strong>incipiunt</strong></span> <span class='ocrx_word' id='word_1_475' title='bbox 2306 2825 2454 2882; x_wconf 80' lang='lat' dir='ltr'><strong>lovis</strong></span> <span class='ocrx_word' id='word_1_476' title='bbox 2490 2841 2555 2881; x_wconf 80' lang='lat' dir='ltr'><strong>ea:</strong></span> <span class='ocrx_word' id='word_1_477' title='bbox 2603 2827 2872 2898; x_wconf 75' lang='lat' dir='ltr'><strong>prooemio.</strong></span> <span class='ocrx_word' id='word_1_478' title='bbox 2902 2845 2920 2880; x_wconf 76' lang='grc' dir='ltr'><strong>ι</strong></span> <span class='ocrx_word' id='word_1_479' title='bbox 2950 2824 3080 2882; x_wconf 83' lang='lat' dir='ltr'><strong>Item</strong></span> <span class='ocrx_word' id='word_1_480' title='bbox 3125 2826 3385 2882; x_wconf 70' lang='lat' dir='ltr'><strong>Alcman:</strong></span> <span class='ocrx_word' id='word_1_481' title='bbox 3416 2843 3435 2878; x_wconf 87' lang='grc'><strong>‹</strong></span> <span class='ocrx_word' id='word_1_482' title='bbox 3462 2823 3576 2896; x_wconf 85' lang='lat' dir='ltr'><strong>Ego</strong></span> 
     </span>
    </p>
   </div>
   <div class='ocr_carea' id='block_1_70' title="bbox 2017 2915 3576 2989">
    <p class='ocr_par' dir='ltr' id='par_1_70' title="bbox 2017 2915 3576 2989">
     <span class='ocr_line' id='line_1_74' title="bbox 2017 2915 3576 2989; baseline -0.003 -14"><span class='ocrx_word' id='word_1_483' title='bbox 2017 2937 2131 2976; x_wconf 79' lang='lat' dir='ltr'><strong>vero</strong></span> <span class='ocrx_word' id='word_1_484' title='bbox 2174 2935 2377 2989; x_wconf 83' lang='lat' dir='ltr'><strong>semper</strong></span> <span class='ocrx_word' id='word_1_485' title='bbox 2429 2918 2525 2973; x_wconf 82' lang='lat' dir='ltr'><strong>tibi</strong></span> <span class='ocrx_word' id='word_1_486' title='bbox 2556 2935 2636 2973; x_wconf 90' lang='lat' dir='ltr'><strong>me</strong></span> <span class='ocrx_word' id='word_1_487' title='bbox 2694 2933 2759 2972; x_wconf 71' lang='lat' dir='ltr'><strong>ex</strong></span> <span class='ocrx_word' id='word_1_488' title='bbox 2800 2915 2928 2973; x_wconf 70' lang='lat' dir='ltr'><strong>Jove</strong></span> <span class='ocrx_word' id='word_1_489' title='bbox 2982 2917 3258 2988; x_wconf 79' lang='lat' dir='ltr'><strong>incipiens.</strong></span> <span class='ocrx_word' id='word_1_490' title='bbox 3311 2917 3390 2972; x_wconf 83' lang='lat' dir='ltr'><strong>Ac</strong></span> <span class='ocrx_word' id='word_1_491' title='bbox 3423 2916 3576 2973; x_wconf 73' lang='lat' dir='ltr'><strong>vide-</strong></span> 
     </span>
    </p>
   </div>
   <div class='ocr_carea' id='block_1_71' title="bbox 2015 3008 3579 3085">
    <p class='ocr_par' dir='ltr' id='par_1_71' title="bbox 2015 3008 3579 3085">
     <span class='ocr_line' id='line_1_75' title="bbox 2015 3008 3579 3085; baseline -0.005 -17"><span class='ocrx_word' id='word_1_492' title='bbox 2015 3020 2107 3068; x_wconf 90' lang='lat' dir='ltr'><strong>tur</strong></span> <span class='ocrx_word' id='word_1_493' title='bbox 2135 3021 2392 3085; x_wconf 77' lang='lat' dir='ltr'><strong>praeterea</strong></span> <span class='ocrx_word' id='word_1_494' title='bbox 2438 3012 2527 3066; x_wconf 87' lang='lat' dir='ltr'><strong>illa</strong></span> <span class='ocrx_word' id='word_1_495' title='bbox 2566 3025 2667 3067; x_wconf 77' lang='lat' dir='ltr'><strong>vox</strong></span> <span class='ocrx_word' id='word_1_496' title='bbox 2707 3027 2726 3061; x_wconf 74' lang='grc' dir='ltr'><strong>ι</strong></span> <span class='ocrx_word' id='word_1_497' title='bbox 2749 3010 2817 3064; x_wconf 85' lang='lat' dir='ltr'><strong>ab</strong></span> <span class='ocrx_word' id='word_1_498' title='bbox 2842 3029 2860 3061; x_wconf 80' lang='grc' dir='ltr'><strong>ι</strong></span> <span class='ocrx_word' id='word_1_499' title='bbox 2897 3010 3081 3065; x_wconf 87' lang='lat' dir='ltr'><strong>nescio</strong></span> <span class='ocrx_word' id='word_1_500' title='bbox 3108 3010 3236 3081; x_wconf 90' lang='lat' dir='ltr'><strong>quid</strong></span> <span class='ocrx_word' id='word_1_501' title='bbox 3275 3010 3415 3067; x_wconf 89' lang='lat' dir='ltr'><strong>male</strong></span> <span class='ocrx_word' id='word_1_502' title='bbox 3441 3008 3579 3063; x_wconf 86' lang='lat' dir='ltr'><strong>omi-</strong></span> 
     </span>
    </p>
   </div>
   <div class='ocr_carea' id='block_1_72' title="bbox 2015 3102 3319 3176">
    <p class='ocr_par' dir='ltr' id='par_1_72' title="bbox 2015 3102 3319 3176">
     <span class='ocr_line' id='line_1_76' title="bbox 2015 3102 3319 3176; baseline -0.007 -12"><span class='ocrx_word' id='word_1_503' title='bbox 2015 3115 2203 3164; x_wconf 89' lang='lat' dir='ltr'><strong>natum</strong></span> <span class='ocrx_word' id='word_1_504' title='bbox 2224 3105 2425 3161; x_wconf 84' lang='lat' dir='ltr'><strong>habere</strong></span> <span class='ocrx_word' id='word_1_505' title='bbox 2451 3125 2464 3160; x_wconf 87' lang='lat'><strong>:</strong></span> <span class='ocrx_word' id='word_1_506' title='bbox 2492 3107 2646 3176; x_wconf 89' lang='lat' dir='ltr'><strong>quasi</strong></span> <span class='ocrx_word' id='word_1_507' title='bbox 2673 3104 2824 3160; x_wconf 89' lang='lat' dir='ltr'><strong>dicas</strong></span> <span class='ocrx_word' id='word_1_508' title='bbox 2857 3122 2874 3159; x_wconf 84' lang='lat'><strong>:</strong></span> <span class='ocrx_word' id='word_1_509' title='bbox 2908 3122 2927 3154; x_wconf 74' lang='grc' dir='ltr'><strong>ι</strong></span> <span class='ocrx_word' id='word_1_510' title='bbox 2955 3104 3146 3172; x_wconf 90' lang='lat' dir='ltr'><strong>procul</strong></span> <span class='ocrx_word' id='word_1_511' title='bbox 3187 3102 3274 3159; x_wconf 86' lang='lat' dir='ltr'><strong>ab.</strong></span> <span class='ocrx_word' id='word_1_512' title='bbox 3300 3122 3319 3155; x_wconf 75' lang='grc' dir='ltr'><strong>ι</strong></span> 
     </span>
    </p>
   </div>
   <div class='ocr_carea' id='block_1_73' title="bbox 2085 3194 3573 3265">
    <p class='ocr_par' dir='ltr' id='par_1_73' title="bbox 2085 3194 3573 3265">
     <span class='ocr_line' id='line_1_77' title="bbox 2085 3194 3573 3265; baseline -0.004 -12"><span class='ocrx_word' id='word_1_513' title='bbox 2085 3198 2352 3254; x_wconf 74' lang='lat' dir='ltr'><strong>Caeterum</strong></span> <span class='ocrx_word' id='word_1_514' title='bbox 2387 3195 2573 3253; x_wconf 78' lang='lat' dir='ltr'><strong>Jovem</strong></span> <span class='ocrx_word' id='word_1_515' title='bbox 2630 3197 2718 3251; x_wconf 88' lang='lat' dir='ltr'><strong>alii</strong></span> <span class='ocrx_word' id='word_1_516' title='bbox 2756 3196 2953 3251; x_wconf 66' lang='lat' dir='ltr'><strong>caelum</strong></span> <span class='ocrx_word' id='word_1_517' title='bbox 2993 3196 3437 3265; x_wconf 84' lang='lat' dir='ltr'><strong>interpretantur,</strong></span> <span class='ocrx_word' id='word_1_518' title='bbox 3485 3194 3573 3248; x_wconf 85' lang='lat' dir='ltr'><strong>alii</strong></span> 
     </span>
    </p>
   </div>
   <div class='ocr_carea' id='block_1_74' title="bbox 2015 3284 3579 3353">
    <p class='ocr_par' dir='ltr' id='par_1_74' title="bbox 2015 3284 3579 3353">
     <span class='ocr_line' id='line_1_78' title="bbox 2015 3284 3579 3353; baseline -0.001 -9"><span class='ocrx_word' id='word_1_519' title='bbox 2015 3289 2239 3353; x_wconf 65' lang='lat' dir='ltr'><strong>aethera,</strong></span> <span class='ocrx_word' id='word_1_520' title='bbox 2271 3289 2364 3344; x_wconf 87' lang='lat' dir='ltr'><strong>alii</strong></span> <span class='ocrx_word' id='word_1_521' title='bbox 2387 3288 2577 3352; x_wconf 92' lang='lat' dir='ltr'><strong>solem,</strong></span> <span class='ocrx_word' id='word_1_522' title='bbox 2604 3289 2695 3345; x_wconf 90' lang='lat' dir='ltr'><strong>alii</strong></span> <span class='ocrx_word' id='word_1_523' title='bbox 2741 3288 2808 3342; x_wconf 84' lang='lat' dir='ltr'><strong>ad</strong></span> <span class='ocrx_word' id='word_1_524' title='bbox 2849 3286 3154 3342; x_wconf 78' lang='lat' dir='ltr'><strong>fabulosum</strong></span> <span class='ocrx_word' id='word_1_525' title='bbox 3209 3287 3360 3341; x_wconf 92' lang='lat' dir='ltr'><strong>illum</strong></span> <span class='ocrx_word' id='word_1_526' title='bbox 3391 3284 3579 3342; x_wconf 77' lang='lat' dir='ltr'><strong>Jovem</strong></span> 
     </span>
    </p>
   </div>
   <div class='ocr_carea' id='block_1_75' title="bbox 2018 3381 3580 3455">
    <p class='ocr_par' dir='ltr' id='par_1_75' title="bbox 2018 3381 3580 3455">
     <span class='ocr_line' id='line_1_79' title="bbox 2018 3381 3580 3455; baseline -0.003 -17"><span class='ocrx_word' id='word_1_527' title='bbox 2018 3382 2284 3439; x_wconf 84' lang='lat' dir='ltr'><strong>referunt.</strong></span> <span class='ocrx_word' id='word_1_528' title='bbox 2308 3383 2411 3450; x_wconf 86' lang='lat' dir='ltr'><strong>Qui</strong></span> <span class='ocrx_word' id='word_1_529' title='bbox 2437 3383 2633 3438; x_wconf 85' lang='lat' dir='ltr'><strong>coelum</strong></span> <span class='ocrx_word' id='word_1_530' title='bbox 2669 3397 2790 3439; x_wconf 88' lang='lat' dir='ltr'><strong>esse</strong></span> <span class='ocrx_word' id='word_1_531' title='bbox 2814 3381 3127 3449; x_wconf 84' lang='lat' dir='ltr'><strong>defendunt,</strong></span> <span class='ocrx_word' id='word_1_532' title='bbox 3162 3397 3260 3453; x_wconf 87' lang='lat' dir='ltr'><strong>pro</strong></span> <span class='ocrx_word' id='word_1_533' title='bbox 3282 3396 3339 3437; x_wconf 90' lang='lat' dir='ltr'><strong>se</strong></span> <span class='ocrx_word' id='word_1_534' title='bbox 3368 3388 3580 3455; x_wconf 81' lang='lat' dir='ltr'><strong>poetam</strong></span> 
     </span>
    </p>
   </div>
   <div class='ocr_carea' id='block_1_76' title="bbox 2018 3475 2677 3547">
    <p class='ocr_par' dir='ltr' id='par_1_76' title="bbox 2018 3475 2677 3547">
     <span class='ocr_line' id='line_1_80' title="bbox 2018 3475 2677 3547; baseline 0.002 -17"><span class='ocrx_word' id='word_1_535' title='bbox 2018 3476 2190 3530; x_wconf 89' lang='lat' dir='ltr'><strong>citant</strong></span> <span class='ocrx_word' id='word_1_536' title='bbox 2217 3475 2293 3530; x_wconf 86' lang='lat' dir='ltr'><strong>ita</strong></span> <span class='ocrx_word' id='word_1_537' title='bbox 2321 3476 2629 3547; x_wconf 89' lang='lat' dir='ltr'><strong>loquentem</strong></span> <span class='ocrx_word' id='word_1_538' title='bbox 2663 3494 2677 3531; x_wconf 85' lang='lat'><strong>:</strong></span> 
     </span>
    </p>
   </div>
   <div class='ocr_carea' id='block_1_77' title="bbox 2024 3565 3582 3638">
    <p class='ocr_par' dir='ltr' id='par_1_77' title="bbox 2024 3565 3582 3638">
     <span class='ocr_line' id='line_1_81' title="bbox 2024 3565 3582 3638; baseline -0.003 -16"><span class='ocrx_word' id='word_1_539' title='bbox 2024 3565 2178 3638; x_wconf 77' lang='lat'><strong>151</strong></span> <span class='ocrx_word' id='word_1_540' title='bbox 2218 3567 2295 3622; x_wconf 83' lang='lat' dir='ltr'><strong>Ac</strong></span> <span class='ocrx_word' id='word_1_541' title='bbox 2329 3568 2490 3623; x_wconf 76' lang='lat' dir='ltr'><strong>veluti</strong></span> <span class='ocrx_word' id='word_1_542' title='bbox 2518 3584 2636 3622; x_wconf 85' lang='lat' dir='ltr'><strong>eum</strong></span> <span class='ocrx_word' id='word_1_543' title='bbox 2674 3568 2868 3622; x_wconf 65' lang='lat' dir='ltr'><strong>crebre</strong></span> <span class='ocrx_word' id='word_1_544' title='bbox 2897 3567 3035 3621; x_wconf 79' lang='lat' dir='ltr'><strong>nites</strong></span> <span class='ocrx_word' id='word_1_545' title='bbox 3075 3565 3138 3620; x_wconf 91' lang='lat' dir='ltr'><strong>ab</strong></span> <span class='ocrx_word' id='word_1_546' title='bbox 3168 3565 3296 3622; x_wconf 76' lang='lat' dir='ltr'><strong>Jove</strong></span> <span class='ocrx_word' id='word_1_547' title='bbox 3331 3566 3582 3627; x_wconf 83' lang='lat' dir='ltr'><strong>volitant:</strong></span> 
     </span>
    </p>
   </div>
   <div class='ocr_carea' id='block_1_78' title="bbox 2021 3678 3578 3750">
    <p class='ocr_par' dir='ltr' id='par_1_78' title="bbox 2021 3678 3578 3750">
     <span class='ocr_line' id='line_1_82' title="bbox 2021 3678 3578 3750; baseline 0.002 -19"><span class='ocrx_word' id='word_1_548' title='bbox 2021 3678 2075 3733; x_wconf 87' lang='lat' dir='ltr'><strong>id</strong></span> <span class='ocrx_word' id='word_1_549' title='bbox 2114 3687 2235 3744; x_wconf 86' lang='lat' dir='ltr'><strong>est,</strong></span> <span class='ocrx_word' id='word_1_550' title='bbox 2282 3698 2302 3732; x_wconf 78' lang='grc' dir='ltr'><strong>ι</strong></span> <span class='ocrx_word' id='word_1_551' title='bbox 2338 3695 2370 3736; x_wconf 91' lang='lat' dir='ltr'><strong>e</strong></span> <span class='ocrx_word' id='word_1_552' title='bbox 2428 3681 2589 3737; x_wconf 69' lang='lat' dir='ltr'><strong>caelo.</strong></span> <span class='ocrx_word' id='word_1_553' title='bbox 2644 3699 2663 3733; x_wconf 76' lang='grc' dir='ltr'><strong>ι</strong></span> <span class='ocrx_word' id='word_1_554' title='bbox 2708 3679 2928 3736; x_wconf 85' lang='lat' dir='ltr'><strong>Necnon</strong></span> <span class='ocrx_word' id='word_1_555' title='bbox 2986 3680 3276 3750; x_wconf 90' lang='lat' dir='ltr'><strong>ipsummet</strong></span> <span class='ocrx_word' id='word_1_556' title='bbox 3323 3682 3578 3741; x_wconf 81' lang='lat' dir='ltr'><strong>Aratum.</strong></span> 
     </span>
    </p>
   </div>
   <div class='ocr_carea' id='block_1_79' title="bbox 2021 3771 3583 3844">
    <p class='ocr_par' dir='ltr' id='par_1_79' title="bbox 2021 3771 3583 3844">
     <span class='ocr_line' id='line_1_83' title="bbox 2021 3771 3583 3844; baseline -0.001 -19"><span class='ocrx_word' id='word_1_557' title='bbox 2021 3771 2113 3841; x_wconf 89' lang='lat' dir='ltr'><strong>qui</strong></span> <span class='ocrx_word' id='word_1_558' title='bbox 2159 3772 2216 3826; x_wconf 89' lang='lat' dir='ltr'><strong>in</strong></span> <span class='ocrx_word' id='word_1_559' title='bbox 2271 3772 2622 3844; x_wconf 86' lang='lat' dir='ltr'><strong>sequentibus</strong></span> <span class='ocrx_word' id='word_1_560' title='bbox 2670 3773 2736 3828; x_wconf 88' lang='lat' dir='ltr'><strong>de</strong></span> <span class='ocrx_word' id='word_1_561' title='bbox 2789 3772 2938 3843; x_wconf 85' lang='lat' dir='ltr'><strong>Equo</strong></span> <span class='ocrx_word' id='word_1_562' title='bbox 2982 3773 3063 3827; x_wconf 88' lang='lat' dir='ltr'><strong>sic</strong></span> <span class='ocrx_word' id='word_1_563' title='bbox 3110 3773 3322 3837; x_wconf 85' lang='lat' dir='ltr'><strong>scribit,</strong></span> <span class='ocrx_word' id='word_1_564' title='bbox 3355 3771 3420 3828; x_wconf 78' lang='lat' dir='ltr'><strong>In</strong></span> <span class='ocrx_word' id='word_1_565' title='bbox 3453 3771 3583 3826; x_wconf 76' lang='lat' dir='ltr'><strong>lore</strong></span> 
     </span>
    </p>
   </div>
   <div class='ocr_carea' id='block_1_80' title="bbox 2021 3863 3577 3937">
    <p class='ocr_par' dir='ltr' id='par_1_80' title="bbox 2021 3863 3577 3937">
     <span class='ocr_line' id='line_1_84' title="bbox 2021 3863 3577 3937; baseline 0.003 -21"><span class='ocrx_word' id='word_1_566' title='bbox 2021 3863 2278 3931; x_wconf 75' lang='lat' dir='ltr'><strong>volvitur;</strong></span> <span class='ocrx_word' id='word_1_567' title='bbox 2304 3864 2400 3921; x_wconf 87' lang='lat' dir='ltr'><strong>sed</strong></span> <span class='ocrx_word' id='word_1_568' title='bbox 2422 3865 2513 3936; x_wconf 90' lang='lat' dir='ltr'><strong>qui</strong></span> <span class='ocrx_word' id='word_1_569' title='bbox 2538 3864 2606 3920; x_wconf 91' lang='lat' dir='ltr'><strong>dc</strong></span> <span class='ocrx_word' id='word_1_570' title='bbox 2631 3865 2830 3922; x_wconf 82' lang='lat' dir='ltr'><strong>aethere</strong></span> <span class='ocrx_word' id='word_1_571' title='bbox 2846 3865 3044 3922; x_wconf 75' lang='lat' dir='ltr'><strong>Jovem&#39;</strong></span> <span class='ocrx_word' id='word_1_572' title='bbox 3060 3867 3354 3937; x_wconf 84' lang='lat' dir='ltr'><strong>accipiunt,</strong></span> <span class='ocrx_word' id='word_1_573' title='bbox 3389 3873 3577 3922; x_wconf 86' lang='lat' dir='ltr'><strong>testem</strong></span> 
     </span>
    </p>
   </div>
   <div class='ocr_carea' id='block_1_81' title="bbox 2024 3955 3407 4027">
    <p class='ocr_par' dir='ltr' id='par_1_81' title="bbox 2024 3955 3407 4027">
     <span class='ocr_line' id='line_1_85' title="bbox 2024 3955 3407 4027; baseline 0.001 -18"><span class='ocrx_word' id='word_1_574' title='bbox 2024 3955 2335 4027; x_wconf 88' lang='lat' dir='ltr'><strong>Euripidem</strong></span> <span class='ocrx_word' id='word_1_575' title='bbox 2366 3957 2676 4023; x_wconf 87' lang='lat' dir='ltr'><strong>adducunt,</strong></span> <span class='ocrx_word' id='word_1_576' title='bbox 2712 3958 2871 4027; x_wconf 88' lang='lat' dir='ltr'><strong>cujus</strong></span> <span class='ocrx_word' id='word_1_577' title='bbox 2898 3960 3011 4014; x_wconf 65' lang='lat' dir='ltr'><strong>haec</strong></span> <span class='ocrx_word' id='word_1_578' title='bbox 3040 3956 3205 4014; x_wconf 83' lang='lat' dir='ltr'><strong>verba</strong></span> <span class='ocrx_word' id='word_1_579' title='bbox 3234 3963 3362 4014; x_wconf 86' lang='lat' dir='ltr'><strong>sunt</strong></span> <span class='ocrx_word' id='word_1_580' title='bbox 3392 3975 3407 4011; x_wconf 85' lang='lat'><strong>:</strong></span> 
     </span>
    </p>
   </div>
   <div class='ocr_carea' id='block_1_82' title="bbox 2035 4048 3252 4113">
    <p class='ocr_par' dir='ltr' id='par_1_82' title="bbox 2035 4048 3252 4113">
     <span class='ocr_line' id='line_1_86' title="bbox 2035 4048 3252 4113; baseline 0.002 -11"><span class='ocrx_word' id='word_1_581' title='bbox 2035 4048 2186 4104; x_wconf 80' lang='lat' dir='ltr'><strong>Vides</strong></span> <span class='ocrx_word' id='word_1_582' title='bbox 2214 4049 2347 4104; x_wconf 85' lang='lat' dir='ltr'><strong>hunc</strong></span> <span class='ocrx_word' id='word_1_583' title='bbox 2374 4050 2427 4104; x_wconf 88' lang='lat' dir='ltr'><strong>in</strong></span> <span class='ocrx_word' id='word_1_584' title='bbox 2448 4049 2661 4106; x_wconf 80' lang='lat' dir='ltr'><strong>sublimi</strong></span> <span class='ocrx_word' id='word_1_585' title='bbox 2685 4052 2992 4106; x_wconf 84' lang='lat' dir='ltr'><strong>immensum</strong></span> <span class='ocrx_word' id='word_1_586' title='bbox 3021 4051 3252 4113; x_wconf 73' lang='lat' dir='ltr'><strong>(ethera;</strong></span> 
     </span>
    </p>
   </div>
   <div class='ocr_carea' id='block_1_83' title="bbox 2027 4118 3375 4185">
    <p class='ocr_par' dir='ltr' id='par_1_83' title="bbox 2027 4118 3375 4185">
     <span class='ocr_line' id='line_1_87' title="bbox 2027 4118 3375 4185; baseline 0.001 -13"><span class='ocrx_word' id='word_1_587' title='bbox 2027 4118 2132 4185; x_wconf 82' lang='lat' dir='ltr'><strong>Qui</strong></span> <span class='ocrx_word' id='word_1_588' title='bbox 2156 4129 2345 4174; x_wconf 89' lang='lat' dir='ltr'><strong>terram</strong></span> <span class='ocrx_word' id='word_1_589' title='bbox 2375 4122 2571 4174; x_wconf 82' lang='lat' dir='ltr'><strong>circum</strong></span> <span class='ocrx_word' id='word_1_590' title='bbox 2596 4124 2823 4176; x_wconf 81' lang='lat' dir='ltr'><strong>continet</strong></span> <span class='ocrx_word' id='word_1_591' title='bbox 2852 4121 3080 4176; x_wconf 80' lang='lat' dir='ltr'><strong>humidis</strong></span> <span class='ocrx_word' id='word_1_592' title='bbox 3111 4123 3163 4176; x_wconf 86' lang='lat' dir='ltr'><strong>in</strong></span> <span class='ocrx_word' id='word_1_593' title='bbox 3184 4122 3326 4175; x_wconf 86' lang='lat' dir='ltr'><strong>ulnis</strong></span> <span class='ocrx_word' id='word_1_594' title='bbox 3355 4135 3375 4174; x_wconf 69' lang='grc' dir='ltr'><strong>ε</strong></span> 
     </span>
    </p>
   </div>
   <div class='ocr_carea' id='block_1_84' title="bbox 2029 4187 3337 4259">
    <p class='ocr_par' dir='ltr' id='par_1_84' title="bbox 2029 4187 3337 4259">
     <span class='ocr_line' id='line_1_88' title="bbox 2029 4187 3337 4259; baseline 0.003 -17"><span class='ocrx_word' id='word_1_595' title='bbox 2029 4187 2183 4244; x_wconf 80' lang='lat' dir='ltr'><strong>Hunc</strong></span> <span class='ocrx_word' id='word_1_596' title='bbox 2215 4198 2269 4243; x_wconf 87' lang='lat' dir='ltr'><strong>tu</strong></span> <span class='ocrx_word' id='word_1_597' title='bbox 2295 4199 2423 4259; x_wconf 85' lang='lat' dir='ltr'><strong>puta</strong></span> <span class='ocrx_word' id='word_1_598' title='bbox 2446 4189 2627 4247; x_wconf 83' lang='lat' dir='ltr'><strong>Jovem</strong></span> <span class='ocrx_word' id='word_1_599' title='bbox 2654 4208 2673 4246; x_wconf 91' lang='lat'><strong><em>:</em></strong></span> <span class='ocrx_word' id='word_1_600' title='bbox 2704 4191 2837 4247; x_wconf 82' lang='lat' dir='ltr'><strong>hunc</strong></span> <span class='ocrx_word' id='word_1_601' title='bbox 2865 4192 3126 4247; x_wconf 75' lang='lat' dir='ltr'><strong>arbitrare</strong></span> <span class='ocrx_word' id='word_1_602' title='bbox 3152 4190 3337 4246; x_wconf 85' lang='lat' dir='ltr'><strong>Deum.</strong></span> 
     </span>
    </p>
   </div>
   <div class='ocr_carea' id='block_1_85' title="bbox 2096 4282 3582 4357">
    <p class='ocr_par' dir='ltr' id='par_1_85' title="bbox 2096 4282 3582 4357">
     <span class='ocr_line' id='line_1_89' title="bbox 2096 4282 3582 4357; baseline 0.003 -22"><span class='ocrx_word' id='word_1_603' title='bbox 2096 4283 2173 4337; x_wconf 79' lang='lat' dir='ltr'><strong>Ac</strong></span> <span class='ocrx_word' id='word_1_604' title='bbox 2226 4282 2412 4339; x_wconf 87' lang='lat' dir='ltr'><strong>nescio</strong></span> <span class='ocrx_word' id='word_1_605' title='bbox 2471 4297 2653 4338; x_wconf 89' lang='lat' dir='ltr'><strong>annon</strong></span> <span class='ocrx_word' id='word_1_606' title='bbox 2709 4285 2852 4357; x_wconf 86' lang='grc' dir='ltr'>Ζῆνα</span> <span class='ocrx_word' id='word_1_607' title='bbox 2908 4293 3191 4356; x_wconf 85' lang='lat' dir='ltr'><strong>propterea</strong></span> <span class='ocrx_word' id='word_1_608' title='bbox 3251 4284 3375 4355; x_wconf 82' lang='lat' dir='ltr'><strong>quis</strong></span> <span class='ocrx_word' id='word_1_609' title='bbox 3432 4284 3582 4341; x_wconf 89' lang='lat' dir='ltr'><strong>illum</strong></span> 
     </span>
    </p>
   </div>
   <div class='ocr_carea' id='block_1_86' title="bbox 2030 4373 3583 4446">
    <p class='ocr_par' dir='ltr' id='par_1_86' title="bbox 2030 4373 3583 4446">
     <span class='ocr_line' id='line_1_90' title="bbox 2030 4373 3583 4446; baseline 0.001 -17"><span class='ocrx_word' id='word_1_610' title='bbox 2030 4373 2249 4438; x_wconf 76' lang='lat' dir='ltr'><strong>dixerit,</strong></span> <span class='ocrx_word' id='word_1_611' title='bbox 2277 4373 2423 4444; x_wconf 91' lang='lat' dir='ltr'><strong>quod</strong></span> <span class='ocrx_word' id='word_1_612' title='bbox 2466 4374 2657 4445; x_wconf 86' lang='lat' dir='ltr'><strong>igneus</strong></span> <span class='ocrx_word' id='word_1_613' title='bbox 2690 4375 2761 4430; x_wconf 88' lang='lat' dir='ltr'><strong>sit</strong></span> <span class='ocrx_word' id='word_1_614' title='bbox 2791 4375 2980 4432; x_wconf 68' lang='lat' dir='ltr'><strong>aether.</strong></span> <span class='ocrx_word' id='word_1_615' title='bbox 3012 4375 3217 4445; x_wconf 90' lang='lat' dir='ltr'><strong>Quippe</strong></span> <span class='ocrx_word' id='word_1_616' title='bbox 3245 4374 3315 4430; x_wconf 88' lang='lat' dir='ltr'><strong>ab</strong></span> <span class='ocrx_word' id='word_1_617' title='bbox 3344 4390 3409 4431; x_wconf 87' lang='lat' dir='ltr'><strong>eo</strong></span> <span class='ocrx_word' id='word_1_618' title='bbox 3438 4376 3583 4446; x_wconf 90' lang='lat' dir='ltr'><strong>quod</strong></span> 
     </span>
    </p>
   </div>
   <div class='ocr_carea' id='block_1_87' title="bbox 366 4461 1905 4536">
    <p class='ocr_par' dir='ltr' id='par_1_87' title="bbox 366 4461 1904 4536">
     <span class='ocr_line' id='line_1_91' title="bbox 366 4461 1904 4536; baseline 0.002 -20"><span class='ocrx_word' id='word_1_619' title='bbox 366 4463 476 4517; x_wconf 78' lang='grc' dir='ltr'>ἀπὸ</span> <span class='ocrx_word' id='word_1_620' title='bbox 505 4462 561 4517; x_wconf 84' lang='grc' dir='ltr'><strong>δὲ</strong></span> <span class='ocrx_word' id='word_1_621' title='bbox 591 4462 684 4516; x_wconf 81' lang='grc' dir='ltr'>τοῦ</span> <span class='ocrx_word' id='word_1_622' title='bbox 711 4461 820 4532; x_wconf 76' lang='grc' dir='ltr'><strong>ζῇν</strong></span> <span class='ocrx_word' id='word_1_623' title='bbox 846 4462 891 4495; x_wconf 73' lang='grc'>⁸⁸</span> <span class='ocrx_word' id='word_1_624' title='bbox 915 4463 1009 4517; x_wconf 72' lang='grc' dir='ltr'><strong>καὶ</strong></span> <span class='ocrx_word' id='word_1_625' title='bbox 1036 4462 1189 4533; x_wconf 80' lang='grc' dir='ltr'><strong>παρὰ</strong></span> <span class='ocrx_word' id='word_1_626' title='bbox 1226 4463 1325 4536; x_wconf 77' lang='grc' dir='ltr'><strong>τὴν</strong></span> <span class='ocrx_word' id='word_1_627' title='bbox 1354 4461 1620 4532; x_wconf 77' lang='grc' dir='ltr'>ζήτησιν,</span> <span class='ocrx_word' id='word_1_628' title='bbox 1653 4464 1798 4535; x_wconf 88' lang='grc' dir='ltr'>Ζῆνα</span> <span class='ocrx_word' id='word_1_629' title='bbox 1821 4482 1834 4496; x_wconf 77' lang='grc' dir='ltr'><strong>ο</strong></span> <span class='ocrx_word' id='word_1_630' title='bbox 1876 4482 1904 4519; x_wconf 93' lang='grc' dir='ltr'><strong>ο</strong></span> 
     </span>
    </p>
   </div>
   <div class='ocr_carea' id='block_1_88' title="bbox 2009 4461 3583 4536">
    <p class='ocr_par' dir='ltr' id='par_1_88' title="bbox 2030 4464 3583 4532">
     <span class='ocr_line' id='line_1_92' title="bbox 2030 4464 3583 4532; baseline 0 -12"><span class='ocrx_word' id='word_1_631' title='bbox 2030 4472 2115 4520; x_wconf 88' lang='lat' dir='ltr'><strong>est</strong></span> <span class='ocrx_word' id='word_1_632' title='bbox 2144 4464 2412 4529; x_wconf 75' lang='grc' dir='ltr'>αἴθεσθαι,</span> <span class='ocrx_word' id='word_1_633' title='bbox 2450 4464 2501 4520; x_wconf 89' lang='lat' dir='ltr'><strong>id</strong></span> <span class='ocrx_word' id='word_1_634' title='bbox 2530 4474 2614 4522; x_wconf 82' lang='lat' dir='ltr'><strong>est</strong></span> <span class='ocrx_word' id='word_1_635' title='bbox 2656 4466 2868 4532; x_wconf 84' lang='lat' dir='ltr'><strong>ardere,</strong></span> <span class='ocrx_word' id='word_1_636' title='bbox 2916 4467 3226 4522; x_wconf 90' lang='lat' dir='ltr'><strong>nominatus</strong></span> <span class='ocrx_word' id='word_1_637' title='bbox 3259 4473 3345 4523; x_wconf 91' lang='lat' dir='ltr'><strong>est</strong></span> <span class='ocrx_word' id='word_1_638' title='bbox 3380 4466 3583 4521; x_wconf 69' lang='lat' dir='ltr'><strong>mlier:</strong></span> 
     </span>
    </p>
   </div>
   <div class='ocr_carea' id='block_1_89' title="bbox 366 4554 1926 4628">
    <p class='ocr_par' dir='ltr' id='par_1_89' title="bbox 366 4554 1926 4628">
     <span class='ocr_line' id='line_1_93' title="bbox 366 4554 1926 4628; baseline 0.003 -21"><span class='ocrx_word' id='word_1_639' title='bbox 366 4554 422 4607; x_wconf 81' lang='grc' dir='ltr'>δὲ</span> <span class='ocrx_word' id='word_1_640' title='bbox 448 4554 547 4609; x_wconf 85' lang='grc' dir='ltr'>Δία</span> <span class='ocrx_word' id='word_1_641' title='bbox 573 4554 662 4607; x_wconf 76' lang='grc' dir='ltr'><strong>τὸν</strong></span> <span class='ocrx_word' id='word_1_642' title='bbox 687 4554 839 4625; x_wconf 72' lang='grc' dir='ltr'>ἥλιον</span> <span class='ocrx_word' id='word_1_643' title='bbox 871 4555 1162 4627; x_wconf 80' lang='grc' dir='ltr'>νοήσαντες</span> <span class='ocrx_word' id='word_1_644' title='bbox 1202 4554 1472 4623; x_wconf 83' lang='grc' dir='ltr'>λέγουσιν,</span> <span class='ocrx_word' id='word_1_645' title='bbox 1508 4557 1590 4610; x_wconf 84' lang='grc' dir='ltr'>ὅτι</span> <span class='ocrx_word' id='word_1_646' title='bbox 1635 4557 1728 4612; x_wconf 79' lang='grc' dir='ltr'>καὶ</span> <span class='ocrx_word' id='word_1_647' title='bbox 1760 4558 1926 4628; x_wconf 81' lang='grc' dir='ltr'>Σοφο-</span> 
     </span>
    </p>
   </div>
   <div class='ocr_carea' id='block_1_90' title="bbox 367 4646 1341 4719">
    <p class='ocr_par' dir='ltr' id='par_1_90' title="bbox 367 4646 1341 4719">
     <span class='ocr_line' id='line_1_94' title="bbox 367 4646 1341 4719; baseline 0.002 -19"><span class='ocrx_word' id='word_1_648' title='bbox 367 4646 502 4717; x_wconf 85' lang='grc' dir='ltr'>κλῆς</span> <span class='ocrx_word' id='word_1_649' title='bbox 534 4647 632 4701; x_wconf 89' lang='grc' dir='ltr'>Δία</span> <span class='ocrx_word' id='word_1_650' title='bbox 655 4647 745 4701; x_wconf 83' lang='grc' dir='ltr'>τὸν</span> <span class='ocrx_word' id='word_1_651' title='bbox 775 4646 925 4719; x_wconf 76' lang='grc' dir='ltr'>ἥλιον</span> <span class='ocrx_word' id='word_1_652' title='bbox 958 4646 1112 4701; x_wconf 83' lang='grc' dir='ltr'>καλεῖ</span> <span class='ocrx_word' id='word_1_653' title='bbox 1136 4646 1308 4716; x_wconf 75' lang='grc' dir='ltr'>λέγων</span> <span class='ocrx_word' id='word_1_654' title='bbox 1325 4663 1341 4680; x_wconf 85' lang='grc'><strong>·</strong></span> 
     </span>
    </p>
   </div>
   <div class='ocr_carea' id='block_1_91' title="bbox 376 4931 1291 5002">
    <p class='ocr_par' dir='ltr' id='par_1_91' title="bbox 376 4931 1291 5002">
     <span class='ocr_line' id='line_1_95' title="bbox 376 4931 1291 5002; baseline 0.001 -17"><span class='ocrx_word' id='word_1_655' title='bbox 376 4972 391 4985; x_wconf 94' lang='grc'><strong>.</strong></span> <span class='ocrx_word' id='word_1_656' title='bbox 423 4970 436 4983; x_wconf 92' lang='grc'><strong>.</strong></span> <span class='ocrx_word' id='word_1_657' title='bbox 476 4969 489 4984; x_wconf 92' lang='grc'><strong>.</strong></span> <span class='ocrx_word' id='word_1_658' title='bbox 518 4970 531 4984; x_wconf 93' lang='grc'><strong>.</strong></span> <span class='ocrx_word' id='word_1_659' title='bbox 565 4968 579 4985; x_wconf 95' lang='grc'><strong>.</strong></span> <span class='ocrx_word' id='word_1_660' title='bbox 622 4932 869 4987; x_wconf 76' lang='grc' dir='ltr'>Ἠελίοιο</span> <span class='ocrx_word' id='word_1_661' title='bbox 898 4933 1143 5001; x_wconf 69' lang='lat' dir='ltr'><strong>acts/pete</strong></span> <span class='ocrx_word' id='word_1_662' title='bbox 1168 4931 1291 5002; x_wconf 84' lang='grc' dir='ltr'><strong>ἐμέ·</strong></span> 
     </span>
    </p>
   </div>
   <div class='ocr_carea' id='block_1_92' title="bbox 365 5000 1505 5073">
    <p class='ocr_par' dir='ltr' id='par_1_92' title="bbox 365 5000 1505 5073">
     <span class='ocr_line' id='line_1_96' title="bbox 365 5000 1505 5073; baseline 0.003 -19"><span class='ocrx_word' id='word_1_663' title='bbox 365 5004 433 5054; x_wconf 78' lang='lat' dir='ltr'><em>Ol</em></span> <span class='ocrx_word' id='word_1_664' title='bbox 460 5002 637 5073; x_wconf 70' lang='grc' dir='ltr'>σοφοί</span> <span class='ocrx_word' id='word_1_665' title='bbox 655 5004 698 5034; x_wconf 72' lang='grc'><strong>⁵⁷</strong></span> <span class='ocrx_word' id='word_1_666' title='bbox 718 5005 985 5073; x_wconf 63' lang='grc' dir='ltr'>λέγουσι</span> <span class='ocrx_word' id='word_1_667' title='bbox 1013 5000 1309 5073; x_wconf 68' lang='grc' dir='ltr'>γεννητὴν</span> <span class='ocrx_word' id='word_1_668' title='bbox 1342 5000 1505 5067; x_wconf 79' lang='grc' dir='ltr'>θεῶν,</span> 
     </span>
    </p>
   </div>
   <div class='ocr_carea' id='block_1_93' title="bbox 370 5071 905 5140">
    <p class='ocr_par' dir='ltr' id='par_1_93' title="bbox 370 5071 905 5140">
     <span class='ocr_line' id='line_1_97' title="bbox 370 5071 905 5140; baseline 0.004 -15"><span class='ocrx_word' id='word_1_669' title='bbox 370 5071 604 5140; x_wconf 81' lang='grc' dir='ltr'>Πατέρα</span> <span class='ocrx_word' id='word_1_670' title='bbox 647 5071 905 5127; x_wconf 73' lang='grc' dir='ltr'>πάντων.</span> 
     </span>
    </p>
   </div>
   <div class='ocr_carea' id='block_1_94' title="bbox 371 5148 1925 5238">
    <p class='ocr_par' dir='ltr' id='par_1_94' title="bbox 371 5148 1925 5238">
     <span class='ocr_line' id='line_1_98' title="bbox 371 5148 1925 5238; baseline 0.003 -24"><span class='ocrx_word' id='word_1_671' title='bbox 371 5162 485 5216; x_wconf 78' lang='grc' dir='ltr'>Καὶ</span> <span class='ocrx_word' id='word_1_672' title='bbox 509 5163 714 5233; x_wconf 77' lang='grc' dir='ltr'>ἔννοιαν</span> <span class='ocrx_word' id='word_1_673' title='bbox 751 5165 849 5236; x_wconf 84' lang='grc' dir='ltr'>τῆς</span> <span class='ocrx_word' id='word_1_674' title='bbox 875 5164 1029 5235; x_wconf 77' lang='grc' dir='ltr'>δόξης</span> <span class='ocrx_word' id='word_1_675' title='bbox 1061 5148 1264 5236; x_wconf 74' lang='grc' dir='ltr'>ταύτης</span> <span class='ocrx_word' id='word_1_676' title='bbox 1296 5165 1456 5237; x_wconf 78' lang='grc' dir='ltr'>φασὶν</span> <span class='ocrx_word' id='word_1_677' title='bbox 1478 5165 1621 5238; x_wconf 78' lang='grc' dir='ltr'>ἔχειν</span> <span class='ocrx_word' id='word_1_678' title='bbox 1651 5162 1741 5218; x_wconf 82' lang='grc' dir='ltr'>τὸν</span> <span class='ocrx_word' id='word_1_679' title='bbox 1764 5181 1925 5237; x_wconf 81' lang='grc' dir='ltr'>ποιη-</span> 
     </span>
    </p>
   </div>
   <div class='ocr_carea' id='block_1_95' title="bbox 370 5255 836 5331">
    <p class='ocr_par' dir='ltr' id='par_1_95' title="bbox 370 5255 836 5331">
     <span class='ocr_line' id='line_1_99' title="bbox 370 5255 836 5331; baseline 0.004 -23"><span class='ocrx_word' id='word_1_680' title='bbox 370 5255 494 5326; x_wconf 82' lang='grc' dir='ltr'>τὴν,</span> <span class='ocrx_word' id='word_1_681' title='bbox 520 5255 645 5310; x_wconf 78' lang='grc' dir='ltr'>ὅταν</span> <span class='ocrx_word' id='word_1_682' title='bbox 671 5257 806 5331; x_wconf 78' lang='grc' dir='ltr'><strong>λέγῃ</strong></span> <span class='ocrx_word' id='word_1_683' title='bbox 824 5274 836 5287; x_wconf 83' lang='lat'><strong>&#39;</strong></span> 
     </span>
    </p>
   </div>
   <div class='ocr_carea' id='block_1_96' title="bbox 385 5346 1928 5420">
    <p class='ocr_par' dir='ltr' id='par_1_96' title="bbox 385 5346 1928 5420">
     <span class='ocr_line' id='line_1_100' title="bbox 385 5346 1928 5420; baseline -0.001 -15"><span class='ocrx_word' id='word_1_684' title='bbox 385 5346 528 5418; x_wconf 79' lang='grc' dir='ltr'><strong>Ἠχὴ</strong></span> <span class='ocrx_word' id='word_1_685' title='bbox 559 5348 610 5402; x_wconf 91' lang='grc' dir='ltr'><strong>δ’</strong></span> <span class='ocrx_word' id='word_1_686' title='bbox 643 5349 988 5420; x_wconf 67' lang='grc' dir='ltr'>ἀμφοτέρων</span> <span class='ocrx_word' id='word_1_687' title='bbox 1015 5349 1158 5403; x_wconf 79' lang='grc' dir='ltr'>ἵκετ’</span> <span class='ocrx_word' id='word_1_688' title='bbox 1190 5349 1390 5418; x_wconf 74' lang='grc' dir='ltr'>αἰθέρα</span> <span class='ocrx_word' id='word_1_689' title='bbox 1418 5349 1517 5407; x_wconf 77' lang='grc' dir='ltr'><strong>καί</strong></span> <span class='ocrx_word' id='word_1_690' title='bbox 1543 5346 1674 5419; x_wconf 83' lang='grc' dir='ltr'>Διὸς</span> <span class='ocrx_word' id='word_1_691' title='bbox 1704 5347 1892 5418; x_wconf 84' lang='grc' dir='ltr'>αὐγάς</span> <span class='ocrx_word' id='word_1_692' title='bbox 1911 5363 1928 5382; x_wconf 81' lang='grc'><strong><em>⁸</em></strong></span> 
     </span>
    </p>
   </div>
   <div class='ocr_carea' id='block_1_97' title="bbox 374 5500 589 5565">
    <p class='ocr_par' dir='ltr' id='par_1_97' title="bbox 374 5500 589 5565">
     <span class='ocr_line' id='line_1_101' title="bbox 374 5500 589 5565; baseline 0 -11"><span class='ocrx_word' id='word_1_693' title='bbox 374 5500 471 5555; x_wconf 74' lang='grc' dir='ltr'>καὶ</span> <span class='ocrx_word' id='word_1_694' title='bbox 509 5500 589 5565; x_wconf 84' lang='grc' dir='ltr'><strong>τὸ,</strong></span> 
     </span>
    </p>
   </div>
   <div class='ocr_carea' id='block_1_98' title="bbox 2033 4560 3581 4632">
    <p class='ocr_par' dir='ltr' id='par_1_98' title="bbox 2033 4560 3581 4632">
     <span class='ocr_line' id='line_1_102' title="bbox 2033 4560 3581 4632; baseline 0 -17"><span class='ocrx_word' id='word_1_695' title='bbox 2033 4560 2102 4615; x_wconf 86' lang='lat' dir='ltr'><strong>ab</strong></span> <span class='ocrx_word' id='word_1_696' title='bbox 2152 4575 2217 4615; x_wconf 91' lang='lat' dir='ltr'><strong>eo</strong></span> <span class='ocrx_word' id='word_1_697' title='bbox 2256 4575 2402 4626; x_wconf 81' lang='lat' dir='ltr'><strong>vero,</strong></span> <span class='ocrx_word' id='word_1_698' title='bbox 2443 4561 2585 4631; x_wconf 87' lang='lat' dir='ltr'><strong>quod</strong></span> <span class='ocrx_word' id='word_1_699' title='bbox 2635 4570 2720 4618; x_wconf 86' lang='lat' dir='ltr'><strong>est</strong></span> <span class='ocrx_word' id='word_1_700' title='bbox 2770 4560 2901 4630; x_wconf 78' lang='grc' dir='ltr'>ζεῖν,</span> <span class='ocrx_word' id='word_1_701' title='bbox 2941 4576 3005 4618; x_wconf 89' lang='lat' dir='ltr'><strong>ac</strong></span> <span class='ocrx_word' id='word_1_702' title='bbox 3045 4568 3267 4632; x_wconf 83' lang='lat' dir='ltr'><strong>prOpter</strong></span> <span class='ocrx_word' id='word_1_703' title='bbox 3293 4560 3581 4625; x_wconf 79' lang='lat' dir='ltr'><strong>fervorem,</strong></span> 
     </span>
    </p>
   </div>
   <div class='ocr_carea' id='block_1_99' title="bbox 2036 4652 3583 4726">
    <p class='ocr_par' dir='ltr' id='par_1_99' title="bbox 2036 4652 3583 4726">
     <span class='ocr_line' id='line_1_103' title="bbox 2036 4652 3583 4726; baseline 0 -19"><span class='ocrx_word' id='word_1_704' title='bbox 2036 4654 2182 4725; x_wconf 81' lang='grc' dir='ltr'>Ζῆνα</span> <span class='ocrx_word' id='word_1_705' title='bbox 2208 4654 2482 4710; x_wconf 81' lang='lat' dir='ltr'><strong>dixerunt.</strong></span> <span class='ocrx_word' id='word_1_706' title='bbox 2513 4653 2629 4709; x_wconf 83' lang='lat' dir='ltr'><strong>Jam</strong></span> <span class='ocrx_word' id='word_1_707' title='bbox 2659 4655 2752 4726; x_wconf 89' lang='lat' dir='ltr'><strong>qui</strong></span> <span class='ocrx_word' id='word_1_708' title='bbox 2785 4652 2970 4711; x_wconf 79' lang='lat' dir='ltr'><strong>Jovem</strong></span> <span class='ocrx_word' id='word_1_709' title='bbox 3005 4655 3211 4711; x_wconf 87' lang='lat' dir='ltr'><strong>malunt</strong></span> <span class='ocrx_word' id='word_1_710' title='bbox 3239 4669 3361 4711; x_wconf 87' lang='lat' dir='ltr'><strong>esse</strong></span> <span class='ocrx_word' id='word_1_711' title='bbox 3393 4653 3583 4718; x_wconf 86' lang='lat' dir='ltr'><strong>solem,</strong></span> 
     </span>
    </p>
   </div>
   <div class='ocr_carea' id='block_1_100' title="bbox 2036 4727 3582 4820">
    <p class='ocr_par' dir='ltr' id='par_1_100' title="bbox 2036 4727 3582 4820">
     <span class='ocr_line' id='line_1_104' title="bbox 2036 4727 3582 4820; baseline 0.002 -22"><span class='ocrx_word' id='word_1_712' title='bbox 2036 4743 2189 4800; x_wconf 89' lang='lat' dir='ltr'><strong>aiunt</strong></span> <span class='ocrx_word' id='word_1_713' title='bbox 2214 4742 2533 4815; x_wconf 87' lang='lat' dir='ltr'><strong>Sophoclem</strong></span> <span class='ocrx_word' id='word_1_714' title='bbox 2560 4745 2748 4802; x_wconf 85' lang='lat' dir='ltr'><strong>eodem</strong></span> <span class='ocrx_word' id='word_1_715' title='bbox 2776 4744 3038 4803; x_wconf 86' lang='lat' dir='ltr'><strong>vocabulo</strong></span> <span class='ocrx_word' id='word_1_716' title='bbox 3066 4744 3232 4802; x_wconf 88' lang='lat' dir='ltr'><strong>solem</strong></span> <span class='ocrx_word' id='word_1_717' title='bbox 3264 4727 3582 4820; x_wconf 65' lang='lat' dir='ltr'><strong>appellasse.</strong></span> 
     </span>
    </p>
   </div>
   <div class='ocr_carea' id='block_1_101' title="bbox 2035 4837 2456 4907">
    <p class='ocr_par' dir='ltr' id='par_1_101' title="bbox 2035 4837 2456 4907">
     <span class='ocr_line' id='line_1_105' title="bbox 2035 4837 2456 4907; baseline 0.002 -16"><span class='ocrx_word' id='word_1_718' title='bbox 2035 4851 2154 4891; x_wconf 91' lang='lat' dir='ltr'><strong>cum</strong></span> <span class='ocrx_word' id='word_1_719' title='bbox 2185 4837 2406 4907; x_wconf 83' lang='lat' dir='ltr'><strong>scripsit</strong></span> <span class='ocrx_word' id='word_1_720' title='bbox 2441 4855 2456 4892; x_wconf 90' lang='lat'><strong>:</strong></span> 
     </span>
    </p>
   </div>
   <div class='ocr_carea' id='block_1_102' title="bbox 2036 4926 2785 4992">
    <p class='ocr_par' dir='ltr' id='par_1_102' title="bbox 2036 4926 2785 4992">
     <span class='ocr_line' id='line_1_106' title="bbox 2036 4926 2785 4992; baseline 0 -10"><span class='ocrx_word' id='word_1_721' title='bbox 2036 4970 2051 4985; x_wconf 90' lang='lat'><strong>.</strong></span> <span class='ocrx_word' id='word_1_722' title='bbox 2093 4968 2107 4983; x_wconf 95' lang='lat'><strong>.</strong></span> <span class='ocrx_word' id='word_1_723' title='bbox 2145 4968 2159 4982; x_wconf 93' lang='lat'><strong>.</strong></span> <span class='ocrx_word' id='word_1_724' title='bbox 2201 4927 2296 4983; x_wconf 81' lang='lat' dir='ltr'><strong>Sol</strong></span> <span class='ocrx_word' id='word_1_725' title='bbox 2325 4928 2624 4983; x_wconf 86' lang='lat' dir='ltr'><strong>miserescat</strong></span> <span class='ocrx_word' id='word_1_726' title='bbox 2656 4926 2785 4992; x_wconf 84' lang='lat' dir='ltr'><strong>mei:</strong></span> 
     </span>
    </p>
   </div>
   <div class='ocr_carea' id='block_1_103' title="bbox 2036 4978 3180 5070">
    <p class='ocr_par' dir='ltr' id='par_1_103' title="bbox 2036 4978 3180 5070">
     <span class='ocr_line' id='line_1_107' title="bbox 2036 4978 3180 5070; baseline 0 -17"><span class='ocrx_word' id='word_1_727' title='bbox 2036 4978 2980 5070; x_wconf 41' lang='lat' dir='ltr'><strong>gementia;armatum...</strong></span> <span class='ocrx_word' id='word_1_728' title='bbox 3006 4978 3180 5065; x_wconf 70' lang='lat' dir='ltr'><strong>deum,</strong></span> 
     </span>
    </p>
   </div>
   <div class='ocr_carea' id='block_1_104' title="bbox 2036 5067 2629 5139">
    <p class='ocr_par' dir='ltr' id='par_1_104' title="bbox 2036 5067 2629 5139">
     <span class='ocr_line' id='line_1_108' title="bbox 2036 5067 2629 5139; baseline 0.007 -18"><span class='ocrx_word' id='word_1_729' title='bbox 2036 5067 2350 5139; x_wconf 80' lang='lat' dir='ltr'><strong>Patremque</strong></span> <span class='ocrx_word' id='word_1_730' title='bbox 2379 5071 2629 5133; x_wconf 86' lang='lat' dir='ltr'><strong>omnium.</strong></span> 
     </span>
    </p>
   </div>
   <div class='ocr_carea' id='block_1_105' title="bbox 2035 5159 3583 5233">
    <p class='ocr_par' dir='ltr' id='par_1_105' title="bbox 2035 5159 3583 5233">
     <span class='ocr_line' id='line_1_109' title="bbox 2035 5159 3583 5233; baseline 0.001 -19"><span class='ocrx_word' id='word_1_731' title='bbox 2035 5159 2203 5233; x_wconf 78' lang='lat' dir='ltr'><strong>Cujus</strong></span> <span class='ocrx_word' id='word_1_732' title='bbox 2239 5159 2513 5232; x_wconf 88' lang='lat' dir='ltr'><strong>opinionis</strong></span> <span class='ocrx_word' id='word_1_733' title='bbox 2558 5162 2613 5217; x_wconf 90' lang='lat' dir='ltr'><strong>in</strong></span> <span class='ocrx_word' id='word_1_734' title='bbox 2648 5168 2881 5218; x_wconf 88' lang='lat' dir='ltr'><strong>mentem</strong></span> <span class='ocrx_word' id='word_1_735' title='bbox 2923 5163 3136 5220; x_wconf 83' lang='lat' dir='ltr'><strong>venisse</strong></span> <span class='ocrx_word' id='word_1_736' title='bbox 3161 5169 3332 5233; x_wconf 72' lang='lat' dir='ltr'><strong>poetae</strong></span> <span class='ocrx_word' id='word_1_737' title='bbox 3360 5160 3583 5228; x_wconf 84' lang='lat' dir='ltr'><strong>volunt;</strong></span> 
     </span>
    </p>
   </div>
   <div class='ocr_carea' id='block_1_106' title="bbox 2036 5251 2561 5323">
    <p class='ocr_par' dir='ltr' id='par_1_106' title="bbox 2036 5251 2561 5323">
     <span class='ocr_line' id='line_1_110' title="bbox 2036 5251 2561 5323; baseline -0.002 -16"><span class='ocrx_word' id='word_1_738' title='bbox 2036 5267 2160 5308; x_wconf 91' lang='lat' dir='ltr'><strong>cum</strong></span> <span class='ocrx_word' id='word_1_739' title='bbox 2188 5252 2263 5307; x_wconf 87' lang='lat' dir='ltr'><strong>ita</strong></span> <span class='ocrx_word' id='word_1_740' title='bbox 2285 5251 2561 5323; x_wconf 86' lang='lat' dir='ltr'><strong>loquitur:</strong></span> 
     </span>
    </p>
   </div>
   <div class='ocr_carea' id='block_1_107' title="bbox 2036 5340 3589 5484">
    <p class='ocr_par' dir='ltr' id='par_1_107' title="bbox 2036 5340 3589 5484">
     <span class='ocr_line' id='line_1_111' title="bbox 2036 5340 3589 5484; baseline -0.001 -85"><span class='ocrx_word' id='word_1_741' title='bbox 2036 5342 2207 5399; x_wconf 86' lang='lat' dir='ltr'><strong>Sanus</strong></span> <span class='ocrx_word' id='word_1_742' title='bbox 2245 5343 2515 5398; x_wconf 76' lang='lat' dir='ltr'><strong>amborum</strong></span> <span class='ocrx_word' id='word_1_743' title='bbox 2555 5345 2779 5412; x_wconf 81' lang='lat' dir='ltr'><strong>pervenit</strong></span> <span class='ocrx_word' id='word_1_744' title='bbox 2815 5344 2867 5397; x_wconf 88' lang='lat' dir='ltr'><strong>in</strong></span> <span class='ocrx_word' id='word_1_745' title='bbox 2900 5343 3115 5411; x_wconf 70' lang='lat' dir='ltr'><strong>(ethera,</strong></span> <span class='ocrx_word' id='word_1_746' title='bbox 3142 5340 3387 5484; x_wconf 49' lang='lat' dir='ltr'><strong>Jouisﬁte</strong></span> <span class='ocrx_word' id='word_1_747' title='bbox 3419 5344 3589 5410; x_wconf 60' lang='lat' dir='ltr'><strong>splen.</strong></span> 
     </span>
     <span class='ocr_line' id='line_1_112' title="bbox 3337 5427 3517 5478; baseline 0 -12"><span class='ocrx_word' id='word_1_748' title='bbox 3337 5429 3477 5467; x_wconf 86' lang='lat' dir='ltr'><strong>orem</strong></span> <span class='ocrx_word' id='word_1_749' title='bbox 3494 5427 3517 5478; x_wconf 70' lang='grc' dir='ltr'><strong>ς</strong></span> 
     </span>
    </p>
   </div>
   <div class='ocr_carea' id='block_1_108' title="bbox 3337 5427 3517 5478">
    <p class='ocr_par' dir='ltr' id='par_1_108' title="bbox 3337 5427 3517 5478">
     <span class='ocr_line' id='line_1_113' title="bbox 3337 5427 3517 5478; baseline 0 -12"><span class='ocrx_word' id='word_1_750' title='bbox 3337 5429 3477 5467; x_wconf 86' lang='lat' dir='ltr'><strong>orem</strong></span> <span class='ocrx_word' id='word_1_751' title='bbox 3494 5427 3517 5478; x_wconf 82' lang='lat'><strong>,°</strong></span> 
     </span>
    </p>
   </div>
   <div class='ocr_carea' id='block_1_109' title="bbox 2040 5503 2202 5559">
    <p class='ocr_par' dir='ltr' id='par_1_109' title="bbox 2040 5503 2202 5559">
     <span class='ocr_line' id='line_1_114' title="bbox 2040 5503 2202 5559; baseline -0.006 0"><span class='ocrx_word' id='word_1_752' title='bbox 2040 5503 2165 5559; x_wconf 90' lang='lat' dir='ltr'><strong>item</strong></span> <span class='ocrx_word' id='word_1_753' title='bbox 2190 5524 2202 5558; x_wconf 91' lang='lat'>:</span> 
     </span>
    </p>
   </div>
   <div class='ocr_carea' id='block_1_110' title="bbox 446 5615 3068 5698">
    <p class='ocr_par' dir='ltr' id='par_1_110' title="bbox 446 5615 3068 5698">
     <span class='ocr_line' id='line_1_115' title="bbox 446 5615 3068 5698; baseline -0.003 -15"><span class='ocrx_word' id='word_1_754' title='bbox 446 5616 493 5648; x_wconf 76' lang='lat'><strong>“</strong></span> <span class='ocrx_word' id='word_1_755' title='bbox 517 5616 559 5686; x_wconf 78' lang='lat' dir='ltr'><strong>f-</strong></span> <span class='ocrx_word' id='word_1_756' title='bbox 590 5615 721 5683; x_wconf 71' lang='grc' dir='ltr'>ξεῖν,</span> <span class='ocrx_word' id='word_1_757' title='bbox 748 5627 799 5672; x_wconf 69' lang='grc' dir='ltr'>εἰ</span> <span class='ocrx_word' id='word_1_758' title='bbox 832 5636 952 5674; x_wconf 68' lang='lat' dir='ltr'><strong>mox</strong></span> <span class='ocrx_word' id='word_1_759' title='bbox 981 5620 1147 5684; x_wconf 69' lang='grc' dir='ltr'>ζέσιν.</span> <span class='ocrx_word' id='word_1_760' title='bbox 1236 5620 1279 5653; x_wconf 72' lang='grc'><strong>⁸⁷</strong></span> <span class='ocrx_word' id='word_1_761' title='bbox 1309 5621 1349 5689; x_wconf 82' lang='grc' dir='ltr'>Ῑ.</span> <span class='ocrx_word' id='word_1_762' title='bbox 1377 5621 1551 5691; x_wconf 73' lang='grc' dir='ltr'>ἠέλιος</span> <span class='ocrx_word' id='word_1_763' title='bbox 1583 5623 1868 5697; x_wconf 75' lang='grc' dir='ltr'>οίκτείρτιέ</span> <span class='ocrx_word' id='word_1_764' title='bbox 1900 5642 1987 5698; x_wconf 76' lang='grc' dir='ltr'>με·</span> <span class='ocrx_word' id='word_1_765' title='bbox 2028 5624 2087 5679; x_wconf 79' lang='grc' dir='ltr'>ὃν</span> <span class='ocrx_word' id='word_1_766' title='bbox 2118 5624 2170 5678; x_wconf 75' lang='grc' dir='ltr'>οἱ</span> <span class='ocrx_word' id='word_1_767' title='bbox 2197 5622 2370 5693; x_wconf 85' lang='grc' dir='ltr'>σοφοί,</span> <span class='ocrx_word' id='word_1_768' title='bbox 2408 5631 2506 5677; x_wconf 82' lang='lat' dir='ltr'><strong>etc.</strong></span> <span class='ocrx_word' id='word_1_769' title='bbox 2530 5618 2682 5690; x_wconf 70' lang='lat' dir='ltr'><strong>Hos,</strong></span> <span class='ocrx_word' id='word_1_770' title='bbox 2717 5620 2812 5677; x_wconf 83' lang='grc' dir='ltr'>καὶ</span> <span class='ocrx_word' id='word_1_771' title='bbox 2839 5620 3068 5696; x_wconf 74' lang='grc' dir='ltr'>πατέρα.</span> 
     </span>
    </p>
   </div>
   <div class='ocr_carea' id='block_1_111' title="bbox 449 5709 1623 5784">
    <p class='ocr_par' dir='ltr' id='par_1_111' title="bbox 449 5709 1623 5784">
     <span class='ocr_line' id='line_1_116' title="bbox 449 5709 1623 5784; baseline 0.01 -24"><span class='ocrx_word' id='word_1_772' title='bbox 449 5710 525 5780; x_wconf 74' lang='lat' dir='ltr'><strong>(a)</strong></span> <span class='ocrx_word' id='word_1_773' title='bbox 579 5709 692 5764; x_wconf 79' lang='grc' dir='ltr'>Ἀεί</span> <span class='ocrx_word' id='word_1_774' title='bbox 726 5711 828 5763; x_wconf 85' lang='grc' dir='ltr'><strong>σοί</strong></span> <span class='ocrx_word' id='word_1_775' title='bbox 856 5729 950 5781; x_wconf 81' lang='grc' dir='ltr'>με.</span> <span class='ocrx_word' id='word_1_776' title='bbox 987 5713 1145 5768; x_wconf 87' lang='lat' dir='ltr'><strong>Forte</strong></span> <span class='ocrx_word' id='word_1_777' title='bbox 1176 5712 1451 5784; x_wconf 80' lang='grc' dir='ltr'>ἀείσομαι.</span> <span class='ocrx_word' id='word_1_778' title='bbox 1490 5714 1623 5772; x_wconf 72' lang='lat' dir='ltr'><strong>Eutr</strong></span> 
     </span>
    </p>
   </div>
   <div class='ocr_carea' id='block_1_112' title="bbox 702 5804 1323 5868">
    <p class='ocr_par' dir='ltr' id='par_1_112' title="bbox 702 5804 1323 5868">
     <span class='ocr_line' id='line_1_117' title="bbox 702 5804 1323 5868; baseline 0.003 -2"><span class='ocrx_word' id='word_1_779' title='bbox 702 5806 967 5866; x_wconf 69' lang='lat' dir='ltr'><strong>Pnaoa.</strong></span> <span class='ocrx_word' id='word_1_780' title='bbox 1000 5804 1117 5867; x_wconf 80' lang='lat' dir='ltr'><strong>Gn.</strong></span> <span class='ocrx_word' id='word_1_781' title='bbox 1156 5806 1323 5868; x_wconf 83' lang='lat' dir='ltr'><strong>XIX.</strong></span> 
     </span>
    </p>
   </div>
  </div>
