  <div class='ocr_page' id='page_1' title='image "/cluster/home/n/w/nwhite01/storage/ocr_20150623/19/hvd.32044073501199/590.png"; bbox 0 0 4044 6220; ppageno 0'>
   <div class='ocr_carea' id='block_1_1' title="bbox 395 307 531 363">
    <p class='ocr_par' dir='ltr' id='par_1_1' title="bbox 395 307 531 363">
     <span class='ocr_line' id='line_1_1' title="bbox 395 307 531 363; baseline 0 -1"><span class='ocrx_word' id='word_1_1' title='bbox 395 307 531 363; x_wconf 73' lang='grc'><strong>1165</strong></span> 
     </span>
    </p>
   </div>
   <div class='ocr_carea' id='block_1_2' title="bbox 1811 307 2242 378">
    <p class='ocr_par' dir='ltr' id='par_1_2' title="bbox 1811 307 2242 378">
     <span class='ocr_line' id='line_1_2' title="bbox 1811 307 2242 378; baseline 0 -16"><span class='ocrx_word' id='word_1_2' title='bbox 1811 307 2020 378; x_wconf 69' lang='grc' dir='ltr'><em>ΑιιΑτι</em></span> <span class='ocrx_word' id='word_1_3' title='bbox 2063 307 2242 364; x_wconf 76' lang='lat' dir='ltr'><strong>vm.</strong></span> 
     </span>
    </p>
   </div>
   <div class='ocr_carea' id='block_1_3' title="bbox 3469 301 3605 355">
    <p class='ocr_par' dir='ltr' id='par_1_3' title="bbox 3469 301 3605 355">
     <span class='ocr_line' id='line_1_3' title="bbox 3469 301 3605 355; baseline -0.015 0"><span class='ocrx_word' id='word_1_4' title='bbox 3469 301 3605 355; x_wconf 68' lang='lat' dir='ltr'><strong>“(iis</strong></span> 
     </span>
    </p>
   </div>
   <div class='ocr_carea' id='block_1_4' title="bbox 390 418 1943 496">
    <p class='ocr_par' dir='ltr' id='par_1_4' title="bbox 390 422 1943 496">
     <span class='ocr_line' id='line_1_4' title="bbox 390 422 1943 496; baseline 0.003 -20"><span class='ocrx_word' id='word_1_5' title='bbox 390 424 484 476; x_wconf 76' lang='grc' dir='ltr'><strong>καὶ</strong></span> <span class='ocrx_word' id='word_1_6' title='bbox 542 422 832 489; x_wconf 76' lang='grc' dir='ltr'><em>Βουλαῖος</em></span> <span class='ocrx_word' id='word_1_7' title='bbox 872 424 1025 489; x_wconf 81' lang='grc' dir='ltr'><em>Ζεὺς,</em></span> <span class='ocrx_word' id='word_1_8' title='bbox 1074 425 1149 487; x_wconf 79' lang='grc' dir='ltr'><strong>ὡς</strong></span> <span class='ocrx_word' id='word_1_9' title='bbox 1201 425 1436 492; x_wconf 78' lang='grc' dir='ltr'><strong>Ξένιος·</strong></span> <span class='ocrx_word' id='word_1_10' title='bbox 1485 427 1575 479; x_wconf 70' lang='grc' dir='ltr'><strong>καὶ</strong></span> <span class='ocrx_word' id='word_1_11' title='bbox 1627 425 1943 496; x_wconf 55' lang='grc' dir='ltr'><strong>Ἑταιρεῖος1</strong></span> 
     </span>
    </p>
   </div>
   <div class='ocr_carea' id='block_1_5' title="bbox 2043 418 3602 496">
    <p class='ocr_par' dir='ltr' id='par_1_5' title="bbox 2056 418 3602 494">
     <span class='ocr_line' id='line_1_5' title="bbox 2056 418 3602 494; baseline -0.006 -14"><span class='ocrx_word' id='word_1_12' title='bbox 2056 435 2137 482; x_wconf 87' lang='lat' dir='ltr'><strong>est</strong></span> <span class='ocrx_word' id='word_1_13' title='bbox 2157 423 2530 487; x_wconf 80' lang='lat' dir='ltr'><strong>Consiliarius,</strong></span> <span class='ocrx_word' id='word_1_14' title='bbox 2552 422 2853 494; x_wconf 78' lang='lat' dir='ltr'><strong>appellatur</strong></span> <span class='ocrx_word' id='word_1_15' title='bbox 2867 420 3096 494; x_wconf 79' lang='lat' dir='ltr'><strong>Jupiter;</strong></span> <span class='ocrx_word' id='word_1_16' title='bbox 3127 421 3267 474; x_wconf 89' lang='lat' dir='ltr'><strong>sicut</strong></span> <span class='ocrx_word' id='word_1_17' title='bbox 3289 418 3602 487; x_wconf 75' lang='lat' dir='ltr'><strong>Hospitatu.</strong></span> 
     </span>
    </p>
   </div>
   <div class='ocr_carea' id='block_1_6' title="bbox 389 514 1397 586">
    <p class='ocr_par' dir='ltr' id='par_1_6' title="bbox 389 514 1397 586">
     <span class='ocr_line' id='line_1_6' title="bbox 389 514 1397 586; baseline 0.004 -20"><span class='ocrx_word' id='word_1_18' title='bbox 389 515 589 579; x_wconf 76' lang='grc' dir='ltr'><em>Φίλος,</em></span> <span class='ocrx_word' id='word_1_19' title='bbox 615 514 964 581; x_wconf 73' lang='grc' dir='ltr'><em>Φυτὰλιμος,</em></span> <span class='ocrx_word' id='word_1_20' title='bbox 1008 517 1397 586; x_wconf 79' lang='grc' dir='ltr'><strong>Ἐπικάρπιος.</strong></span> 
     </span>
    </p>
   </div>
   <div class='ocr_carea' id='block_1_7' title="bbox 455 604 1948 680">
    <p class='ocr_par' dir='ltr' id='par_1_7' title="bbox 455 604 1948 680">
     <span class='ocr_line' id='line_1_7' title="bbox 455 604 1948 680; baseline 0.004 -22"><span class='ocrx_word' id='word_1_21' title='bbox 455 604 662 673; x_wconf 82' lang='grc' dir='ltr'><em>Μεστὴ</em></span> <span class='ocrx_word' id='word_1_22' title='bbox 696 605 763 658; x_wconf 86' lang='grc' dir='ltr'><strong>δὲ</strong></span> <span class='ocrx_word' id='word_1_23' title='bbox 795 605 1092 672; x_wconf 77' lang='grc' dir='ltr'><em>θάλασσα,</em></span> <span class='ocrx_word' id='word_1_24' title='bbox 1118 609 1213 662; x_wconf 77' lang='grc' dir='ltr'><strong>καὶ</strong></span> <span class='ocrx_word' id='word_1_25' title='bbox 1235 611 1494 678; x_wconf 79' lang='grc' dir='ltr'><em>λιμένες.</em></span> <span class='ocrx_word' id='word_1_26' title='bbox 1533 611 1865 680; x_wconf 75' lang='grc' dir='ltr'><em>Ἐπιπόριος</em></span> <span class='ocrx_word' id='word_1_27' title='bbox 1883 611 1948 674; x_wconf 68' lang='grc' dir='ltr'><strong>δ’,</strong></span> 
     </span>
    </p>
   </div>
   <div class='ocr_carea' id='block_1_8' title="bbox 387 696 1950 773">
    <p class='ocr_par' dir='ltr' id='par_1_8' title="bbox 387 696 1950 773">
     <span class='ocr_line' id='line_1_8' title="bbox 387 696 1950 773; baseline 0.004 -23"><span class='ocrx_word' id='word_1_28' title='bbox 387 696 484 750; x_wconf 77' lang='grc' dir='ltr'><strong>καὶ</strong></span> <span class='ocrx_word' id='word_1_29' title='bbox 525 696 816 765; x_wconf 78' lang='grc' dir='ltr'><em>Λιμένιος,</em></span> <span class='ocrx_word' id='word_1_30' title='bbox 864 700 958 752; x_wconf 76' lang='grc' dir='ltr'><strong>καὶ</strong></span> <span class='ocrx_word' id='word_1_31' title='bbox 1008 700 1274 768; x_wconf 84' lang='grc' dir='ltr'><em>Κερδῷος</em></span> <span class='ocrx_word' id='word_1_32' title='bbox 1325 705 1434 764; x_wconf 85' lang='grc' dir='ltr'><em>τοῖς</em></span> <span class='ocrx_word' id='word_1_33' title='bbox 1481 702 1760 773; x_wconf 79' lang='grc' dir='ltr'><em>ἐμπόροις.</em></span> <span class='ocrx_word' id='word_1_34' title='bbox 1803 703 1854 755; x_wconf 89' lang='grc' dir='ltr'><em>Ὀ</em></span> <span class='ocrx_word' id='word_1_35' title='bbox 1898 702 1950 756; x_wconf 84' lang='grc' dir='ltr'><em>δ’</em></span> 
     </span>
    </p>
   </div>
   <div class='ocr_carea' id='block_1_9' title="bbox 385 786 1950 862">
    <p class='ocr_par' dir='ltr' id='par_1_9' title="bbox 385 786 1950 862">
     <span class='ocr_line' id='line_1_9' title="bbox 385 786 1950 862; baseline 0.004 -21"><span class='ocrx_word' id='word_1_36' title='bbox 385 786 566 857; x_wconf 74' lang='grc' dir='ltr'><em>ἤπιος</em></span> <span class='ocrx_word' id='word_1_37' title='bbox 601 788 1018 857; x_wconf 80' lang='grc' dir='ltr'><em>ἀνθρώποισιν·</em></span> <span class='ocrx_word' id='word_1_38' title='bbox 1060 792 1180 844; x_wconf 78' lang='grc' dir='ltr'><em>ἐπεὶ</em></span> <span class='ocrx_word' id='word_1_39' title='bbox 1211 792 1404 861; x_wconf 78' lang='grc' dir='ltr'><em>πατὴρ</em></span> <span class='ocrx_word' id='word_1_40' title='bbox 1435 793 1668 862; x_wconf 74' lang='grc' dir='ltr'><em>ἀνδρῶν</em></span> <span class='ocrx_word' id='word_1_41' title='bbox 1708 811 1770 848; x_wconf 84' lang='grc' dir='ltr'><strong>τε</strong></span> <span class='ocrx_word' id='word_1_42' title='bbox 1803 794 1950 850; x_wconf 84' lang='grc' dir='ltr'><em>θεῶν</em></span> 
     </span>
    </p>
   </div>
   <div class='ocr_carea' id='block_1_10' title="bbox 387 880 1180 951">
    <p class='ocr_par' dir='ltr' id='par_1_10' title="bbox 387 880 1180 951">
     <span class='ocr_line' id='line_1_10' title="bbox 387 880 1180 951; baseline 0.003 -17"><span class='ocrx_word' id='word_1_43' title='bbox 387 898 469 934; x_wconf 87' lang='grc' dir='ltr'><strong>τε.</strong></span> <span class='ocrx_word' id='word_1_44' title='bbox 501 880 599 933; x_wconf 79' lang='grc' dir='ltr'><strong>Διὰ</strong></span> <span class='ocrx_word' id='word_1_45' title='bbox 646 881 802 934; x_wconf 81' lang='grc' dir='ltr'><em>τοῦτο</em></span> <span class='ocrx_word' id='word_1_46' title='bbox 837 883 928 934; x_wconf 81' lang='grc' dir='ltr'><strong>καὶ</strong></span> <span class='ocrx_word' id='word_1_47' title='bbox 962 881 1136 951; x_wconf 80' lang='grc' dir='ltr'><em>ἤπιος</em></span> <span class='ocrx_word' id='word_1_48' title='bbox 1167 901 1180 914; x_wconf 85' lang='grc'><em>’</em></span> 
     </span>
    </p>
   </div>
   <div class='ocr_carea' id='block_1_11' title="bbox 453 992 1545 1066">
    <p class='ocr_par' dir='ltr' id='par_1_11' title="bbox 453 992 1545 1066">
     <span class='ocr_line' id='line_1_11' title="bbox 453 992 1545 1066; baseline -0.003 -15"><span class='ocrx_word' id='word_1_49' title='bbox 453 1037 468 1051; x_wconf 93' lang='grc'><strong>.</strong></span> <span class='ocrx_word' id='word_1_50' title='bbox 508 1034 522 1048; x_wconf 91' lang='grc'><strong>.</strong></span> <span class='ocrx_word' id='word_1_51' title='bbox 561 1034 574 1048; x_wconf 92' lang='grc'><strong>.</strong></span> <span class='ocrx_word' id='word_1_52' title='bbox 613 1034 627 1047; x_wconf 93' lang='grc'><strong>.</strong></span> <span class='ocrx_word' id='word_1_53' title='bbox 659 1033 676 1046; x_wconf 91' lang='grc'><strong>.</strong></span> <span class='ocrx_word' id='word_1_54' title='bbox 716 1035 731 1049; x_wconf 95' lang='grc'><strong>.</strong></span> <span class='ocrx_word' id='word_1_55' title='bbox 769 996 969 1063; x_wconf 79' lang='grc' dir='ltr'><em>Πατὴρ</em></span> <span class='ocrx_word' id='word_1_56' title='bbox 1001 995 1050 1048; x_wconf 82' lang='grc' dir='ltr'><strong>δ’</strong></span> <span class='ocrx_word' id='word_1_57' title='bbox 1088 997 1168 1062; x_wconf 83' lang='grc' dir='ltr'><strong>ὡς</strong></span> <span class='ocrx_word' id='word_1_58' title='bbox 1207 995 1381 1064; x_wconf 76' lang='grc' dir='ltr'><em>ἤπιος</em></span> <span class='ocrx_word' id='word_1_59' title='bbox 1419 992 1545 1066; x_wconf 83' lang='grc' dir='ltr'><em>ἦεν.</em></span> 
     </span>
    </p>
   </div>
   <div class='ocr_carea' id='block_1_12' title="bbox 456 1109 1948 1182">
    <p class='ocr_par' dir='ltr' id='par_1_12' title="bbox 456 1109 1948 1182">
     <span class='ocr_line' id='line_1_12' title="bbox 456 1109 1948 1182; baseline 0.001 -19"><span class='ocrx_word' id='word_1_60' title='bbox 456 1109 624 1179; x_wconf 74' lang='grc' dir='ltr'><em>Λέγει</em></span> <span class='ocrx_word' id='word_1_61' title='bbox 667 1109 720 1162; x_wconf 76' lang='grc' dir='ltr'><strong>δ’</strong></span> <span class='ocrx_word' id='word_1_62' title='bbox 755 1110 852 1164; x_wconf 83' lang='grc' dir='ltr'><em>ὅτε</em></span> <span class='ocrx_word' id='word_1_63' title='bbox 877 1109 1079 1176; x_wconf 78' lang='grc' dir='ltr'><em>,ϐῶλος</em></span> <span class='ocrx_word' id='word_1_64' title='bbox 1109 1112 1344 1179; x_wconf 81' lang='grc' dir='ltr'><strong>ἀρίστη.</strong></span> <span class='ocrx_word' id='word_1_65' title='bbox 1374 1111 1644 1182; x_wconf 79' lang='grc' dir='ltr'><em>Γράφεται</em></span> <span class='ocrx_word' id='word_1_66' title='bbox 1677 1112 1770 1164; x_wconf 74' lang='grc' dir='ltr'><strong>καὶ</strong></span> <span class='ocrx_word' id='word_1_67' title='bbox 1813 1113 1948 1181; x_wconf 82' lang='grc' dir='ltr'><em>ἀρο-</em></span> 
     </span>
    </p>
   </div>
   <div class='ocr_carea' id='block_1_13' title="bbox 381 1200 1945 1274">
    <p class='ocr_par' dir='ltr' id='par_1_13' title="bbox 381 1200 1945 1274">
     <span class='ocr_line' id='line_1_13' title="bbox 381 1200 1945 1274; baseline 0.001 -22"><span class='ocrx_word' id='word_1_68' title='bbox 381 1200 500 1267; x_wconf 86' lang='grc' dir='ltr'><em>στὴ</em></span> <span class='ocrx_word' id='word_1_69' title='bbox 523 1203 555 1271; x_wconf 79' lang='grc' dir='ltr'>ὴ</span> <span class='ocrx_word' id='word_1_70' title='bbox 583 1201 868 1271; x_wconf 78' lang='grc' dir='ltr'><strong>ιάροσίμη·</strong></span> <span class='ocrx_word' id='word_1_71' title='bbox 885 1221 903 1252; x_wconf 73' lang='grc' dir='ltr'><strong>ι</strong></span> <span class='ocrx_word' id='word_1_72' title='bbox 924 1202 969 1232; x_wconf 83' lang='grc'><strong>⁸⁰</strong></span> <span class='ocrx_word' id='word_1_73' title='bbox 990 1201 1109 1272; x_wconf 75' lang='grc' dir='ltr'>[οὐχ</span> <span class='ocrx_word' id='word_1_74' title='bbox 1131 1203 1388 1273; x_wconf 83' lang='grc' dir='ltr'><strong>ἁρμόττει</strong></span> <span class='ocrx_word' id='word_1_75' title='bbox 1414 1202 1526 1274; x_wconf 86' lang='grc' dir='ltr'><em>δέ</em></span> <span class='ocrx_word' id='word_1_76' title='bbox 1557 1202 1796 1271; x_wconf 74' lang='grc' dir='ltr'><strong>ἐπιλέγει</strong></span> <span class='ocrx_word' id='word_1_77' title='bbox 1816 1205 1945 1274; x_wconf 79' lang='grc' dir='ltr'><em>γὰρ,</em></span> 
     </span>
    </p>
   </div>
   <div class='ocr_carea' id='block_1_14' title="bbox 375 1291 1946 1366">
    <p class='ocr_par' dir='ltr' id='par_1_14' title="bbox 375 1291 1946 1366">
     <span class='ocr_line' id='line_1_14' title="bbox 375 1291 1946 1366; baseline 0.002 -22"><span class='ocrx_word' id='word_1_78' title='bbox 375 1291 567 1354; x_wconf 83' lang='grc' dir='ltr'><em>,βουσί</em></span> <span class='ocrx_word' id='word_1_79' title='bbox 612 1309 674 1345; x_wconf 91' lang='grc' dir='ltr'><strong>τε</strong></span> <span class='ocrx_word' id='word_1_80' title='bbox 721 1291 818 1345; x_wconf 83' lang='grc' dir='ltr'><strong>καὶ</strong></span> <span class='ocrx_word' id='word_1_81' title='bbox 853 1293 1174 1361; x_wconf 74' lang='grc' dir='ltr'><em>μακέλῃσι.</em></span> <span class='ocrx_word' id='word_1_82' title='bbox 1211 1293 1485 1357; x_wconf 82' lang='grc' dir='ltr'><em>Μακέλαις</em></span> <span class='ocrx_word' id='word_1_83' title='bbox 1516 1293 1571 1346; x_wconf 86' lang='grc' dir='ltr'><strong>δὲ</strong></span> <span class='ocrx_word' id='word_1_84' title='bbox 1597 1295 1696 1346; x_wconf 80' lang='grc' dir='ltr'><strong>οὑκ</strong></span> <span class='ocrx_word' id='word_1_85' title='bbox 1721 1293 1946 1366; x_wconf 75' lang='grc' dir='ltr'><strong>ἀροῦται</strong></span> 
     </span>
    </p>
   </div>
   <div class='ocr_carea' id='block_1_15' title="bbox 381 1380 1947 1457">
    <p class='ocr_par' dir='ltr' id='par_1_15' title="bbox 381 1380 1947 1457">
     <span class='ocr_line' id='line_1_15' title="bbox 381 1380 1947 1457; baseline 0.004 -27"><span class='ocrx_word' id='word_1_86' title='bbox 381 1395 484 1442; x_wconf 81' lang='grc' dir='ltr'><em>τις.</em></span> <span class='ocrx_word' id='word_1_87' title='bbox 548 1380 855 1447; x_wconf 86' lang='grc' dir='ltr'><em>Γυρῶσαι,</em></span> <span class='ocrx_word' id='word_1_88' title='bbox 927 1381 1108 1451; x_wconf 83' lang='grc' dir='ltr'><strong>κύκλῳ</strong></span> <span class='ocrx_word' id='word_1_89' title='bbox 1166 1383 1520 1453; x_wconf 71' lang='grc' dir='ltr'><em>περισκάψαι.</em></span> <span class='ocrx_word' id='word_1_90' title='bbox 1571 1385 1684 1437; x_wconf 84' lang='grc' dir='ltr'><strong>Πᾶν</strong></span> <span class='ocrx_word' id='word_1_91' title='bbox 1728 1385 1833 1457; x_wconf 83' lang='grc' dir='ltr'><em>γὰρ</em></span> <span class='ocrx_word' id='word_1_92' title='bbox 1889 1384 1947 1437; x_wconf 82' lang='grc' dir='ltr'><em>τὸ</em></span> 
     </span>
    </p>
   </div>
   <div class='ocr_carea' id='block_1_16' title="bbox 383 1469 1967 1546">
    <p class='ocr_par' dir='ltr' id='par_1_16' title="bbox 383 1469 1967 1546">
     <span class='ocr_line' id='line_1_16' title="bbox 383 1469 1967 1546; baseline 0.003 -22"><span class='ocrx_word' id='word_1_93' title='bbox 383 1469 705 1542; x_wconf 82' lang='grc' dir='ltr'><em>κυκλοτερὲς</em></span> <span class='ocrx_word' id='word_1_94' title='bbox 748 1472 937 1542; x_wconf 83' lang='grc' dir='ltr'><strong>γυρόν’</strong></span> <span class='ocrx_word' id='word_1_95' title='bbox 973 1472 1164 1539; x_wconf 82' lang='grc' dir='ltr'><em>Γυρὸς</em></span> <span class='ocrx_word' id='word_1_96' title='bbox 1196 1475 1265 1527; x_wconf 78' lang='grc' dir='ltr'><strong>ἐν</strong></span> <span class='ocrx_word' id='word_1_97' title='bbox 1291 1473 1558 1543; x_wconf 76' lang='grc' dir='ltr'><em>ὤμοισιν.</em></span> <span class='ocrx_word' id='word_1_98' title='bbox 1602 1476 1796 1542; x_wconf 82' lang='grc' dir='ltr'><em>Αὐτὸς</em></span> <span class='ocrx_word' id='word_1_99' title='bbox 1835 1477 1967 1546; x_wconf 74' lang='grc' dir='ltr'><em>γὰρ·</em></span> 
     </span>
    </p>
   </div>
   <div class='ocr_carea' id='block_1_17' title="bbox 381 1558 1945 1637">
    <p class='ocr_par' dir='ltr' id='par_1_17' title="bbox 381 1558 1945 1637">
     <span class='ocr_line' id='line_1_17' title="bbox 381 1558 1945 1637; baseline 0.004 -24"><span class='ocrx_word' id='word_1_100' title='bbox 381 1558 521 1615; x_wconf 71' lang='grc' dir='ltr'><em>τάδε</em></span> <span class='ocrx_word' id='word_1_101' title='bbox 570 1561 783 1629; x_wconf 77' lang='grc' dir='ltr'><em>σήματ’</em></span> <span class='ocrx_word' id='word_1_102' title='bbox 826 1562 895 1614; x_wconf 79' lang='grc' dir='ltr'><strong>ἐν</strong></span> <span class='ocrx_word' id='word_1_103' title='bbox 925 1562 1153 1630; x_wconf 66' lang='grc' dir='ltr'><strong>οἰιρανῷ</strong></span> <span class='ocrx_word' id='word_1_104' title='bbox 1195 1563 1504 1632; x_wconf 79' lang='grc' dir='ltr'><strong>ἐστήριξε,</strong></span> <span class='ocrx_word' id='word_1_105' title='bbox 1558 1566 1683 1629; x_wconf 83' lang='grc' dir='ltr'><em>τοὺς</em></span> <span class='ocrx_word' id='word_1_106' title='bbox 1714 1566 1945 1637; x_wconf 81' lang='grc' dir='ltr'><strong>ἀστέρας</strong></span> 
     </span>
    </p>
   </div>
   <div class='ocr_carea' id='block_1_18' title="bbox 382 1651 1942 1729">
    <p class='ocr_par' dir='ltr' id='par_1_18' title="bbox 382 1651 1942 1729">
     <span class='ocr_line' id='line_1_18' title="bbox 382 1651 1942 1729; baseline 0.004 -24"><span class='ocrx_word' id='word_1_107' title='bbox 382 1651 476 1705; x_wconf 72' lang='grc' dir='ltr'><strong>καὶ</strong></span> <span class='ocrx_word' id='word_1_108' title='bbox 511 1652 582 1705; x_wconf 86' lang='grc' dir='ltr'><em>τὰ</em></span> <span class='ocrx_word' id='word_1_109' title='bbox 627 1653 836 1706; x_wconf 75' lang='grc' dir='ltr'><em>εἴδωλα.</em></span> <span class='ocrx_word' id='word_1_110' title='bbox 867 1653 1024 1724; x_wconf 77' lang='grc' dir='ltr'>Παρὰ</span> <span class='ocrx_word' id='word_1_111' title='bbox 1047 1654 1103 1706; x_wconf 84' lang='grc' dir='ltr'>δὲ</span> <span class='ocrx_word' id='word_1_112' title='bbox 1135 1654 1194 1708; x_wconf 87' lang='grc' dir='ltr'><em>τὸ</em></span> <span class='ocrx_word' id='word_1_113' title='bbox 1222 1656 1539 1727; x_wconf 79' lang='grc' dir='ltr'><strong>ὲστηρίχθαι</strong></span> <span class='ocrx_word' id='word_1_114' title='bbox 1571 1658 1942 1729; x_wconf 76' lang='grc' dir='ltr'><em>ήτυμολόγησε</em></span> 
     </span>
    </p>
   </div>
   <div class='ocr_carea' id='block_1_19' title="bbox 377 1742 1937 1821">
    <p class='ocr_par' dir='ltr' id='par_1_19' title="bbox 377 1742 1937 1821">
     <span class='ocr_line' id='line_1_19' title="bbox 377 1742 1937 1821; baseline 0.006 -27"><span class='ocrx_word' id='word_1_115' title='bbox 377 1742 487 1795; x_wconf 82' lang='grc' dir='ltr'><em>τῶν</em></span> <span class='ocrx_word' id='word_1_116' title='bbox 502 1744 744 1815; x_wconf 85' lang='grc' dir='ltr'><strong>ἀστέρων</strong></span> <span class='ocrx_word' id='word_1_117' title='bbox 767 1745 827 1798; x_wconf 76' lang='grc' dir='ltr'><em>τὸ</em></span> <span class='ocrx_word' id='word_1_118' title='bbox 849 1745 1034 1816; x_wconf 79' lang='grc' dir='ltr'><em>ὄνομα.</em></span> <span class='ocrx_word' id='word_1_119' title='bbox 1058 1745 1238 1800; x_wconf 83' lang='grc' dir='ltr'><em>Ἀλλοι</em></span> <span class='ocrx_word' id='word_1_120' title='bbox 1259 1747 1316 1800; x_wconf 88' lang='grc' dir='ltr'><em>δέ</em></span> <span class='ocrx_word' id='word_1_121' title='bbox 1334 1765 1495 1817; x_wconf 79' lang='grc' dir='ltr'><em>φασιν</em></span> <span class='ocrx_word' id='word_1_122' title='bbox 1513 1749 1620 1802; x_wconf 85' lang='grc' dir='ltr'><strong>ἀπὸ</strong></span> <span class='ocrx_word' id='word_1_123' title='bbox 1634 1749 1937 1821; x_wconf 81' lang='grc' dir='ltr'><strong>Ἀστραίου.</strong></span> 
     </span>
    </p>
   </div>
   <div class='ocr_carea' id='block_1_20' title="bbox 381 1835 1944 1912">
    <p class='ocr_par' dir='ltr' id='par_1_20' title="bbox 381 1835 1944 1912">
     <span class='ocr_line' id='line_1_20' title="bbox 381 1835 1944 1912; baseline 0.006 -25"><span class='ocrx_word' id='word_1_124' title='bbox 381 1835 480 1887; x_wconf 80' lang='grc' dir='ltr'><strong>Διὰ</strong></span> <span class='ocrx_word' id='word_1_125' title='bbox 537 1835 593 1888; x_wconf 81' lang='grc' dir='ltr'>δὲ</span> <span class='ocrx_word' id='word_1_126' title='bbox 637 1837 718 1899; x_wconf 86' lang='grc' dir='ltr'><em>τὸ,</em></span> <span class='ocrx_word' id='word_1_127' title='bbox 764 1837 1094 1905; x_wconf 78' lang='grc' dir='ltr'><em>Ἐστήριξε,</em></span> <span class='ocrx_word' id='word_1_128' title='bbox 1137 1839 1197 1892; x_wconf 80' lang='grc' dir='ltr'><em>τὸ</em></span> <span class='ocrx_word' id='word_1_129' title='bbox 1239 1840 1492 1912; x_wconf 75' lang='grc' dir='ltr'><strong>ἀκίνητον</strong></span> <span class='ocrx_word' id='word_1_130' title='bbox 1538 1841 1647 1895; x_wconf 84' lang='grc' dir='ltr'><em>τῶν</em></span> <span class='ocrx_word' id='word_1_131' title='bbox 1692 1843 1944 1897; x_wconf 83' lang='grc' dir='ltr'><strong>ἀπλανῶν</strong></span> 
     </span>
    </p>
   </div>
   <div class='ocr_carea' id='block_1_21' title="bbox 379 1927 1944 2004">
    <p class='ocr_par' dir='ltr' id='par_1_21' title="bbox 379 1927 1944 2004">
     <span class='ocr_line' id='line_1_21' title="bbox 379 1927 1944 2004; baseline 0.006 -24"><span class='ocrx_word' id='word_1_132' title='bbox 379 1927 650 1999; x_wconf 80' lang='grc' dir='ltr'><strong>ἐδήλωσε·</strong></span> <span class='ocrx_word' id='word_1_133' title='bbox 716 1931 1072 1999; x_wconf 76' lang='grc' dir='ltr'><strong>τετυγμένα,</strong></span> <span class='ocrx_word' id='word_1_134' title='bbox 1126 1933 1526 2002; x_wconf 81' lang='grc' dir='ltr'><strong>παρῳχημένου</strong></span> <span class='ocrx_word' id='word_1_135' title='bbox 1578 1933 1766 2004; x_wconf 85' lang='grc' dir='ltr'>χρόνου</span> <span class='ocrx_word' id='word_1_136' title='bbox 1823 1936 1944 1989; x_wconf 74' lang='grc' dir='ltr'><em>ἀντὶ</em></span> 
     </span>
    </p>
   </div>
   <div class='ocr_carea' id='block_1_22' title="bbox 383 2013 1379 2094">
    <p class='ocr_par' dir='ltr' id='par_1_22' title="bbox 383 2013 1379 2094">
     <span class='ocr_line' id='line_1_22' title="bbox 383 2013 1379 2094; baseline 0.003 -22"><span class='ocrx_word' id='word_1_137' title='bbox 383 2013 700 2089; x_wconf 63' lang='grc' dir='ltr'><em>μέλλοντος⁴</em></span> <span class='ocrx_word' id='word_1_138' title='bbox 738 2021 812 2084; x_wconf 84' lang='grc' dir='ltr'><strong>ὼς</strong></span> <span class='ocrx_word' id='word_1_139' title='bbox 843 2021 997 2092; x_wconf 84' lang='grc' dir='ltr'><strong>παρὰ</strong></span> <span class='ocrx_word' id='word_1_140' title='bbox 1027 2021 1106 2092; x_wconf 85' lang='grc' dir='ltr'><em>τῷ</em></span> <span class='ocrx_word' id='word_1_141' title='bbox 1145 2027 1379 2094; x_wconf 76' lang='grc' dir='ltr'><em>ποιητῇ·</em></span> 
     </span>
    </p>
   </div>
   <div class='ocr_carea' id='block_1_23' title="bbox 379 2131 1940 2204">
    <p class='ocr_par' dir='ltr' id='par_1_23' title="bbox 379 2131 1940 2204">
     <span class='ocr_line' id='line_1_23' title="bbox 379 2131 1940 2204; baseline 0.004 -18"><span class='ocrx_word' id='word_1_142' title='bbox 379 2135 452 2186; x_wconf 84' lang='lat' dir='ltr'><strong>El</strong></span> <span class='ocrx_word' id='word_1_143' title='bbox 464 2131 713 2200; x_wconf 81' lang='grc' dir='ltr'><em>δύναμαι</em></span> <span class='ocrx_word' id='word_1_144' title='bbox 735 2133 971 2186; x_wconf 74' lang='grc' dir='ltr'><em>τελέσαι</em></span> <span class='ocrx_word' id='word_1_145' title='bbox 995 2151 1080 2202; x_wconf 82' lang='grc' dir='ltr'><strong>γε,</strong></span> <span class='ocrx_word' id='word_1_146' title='bbox 1101 2133 1198 2187; x_wconf 77' lang='grc' dir='ltr'><strong>καὶ</strong></span> <span class='ocrx_word' id='word_1_147' title='bbox 1218 2136 1268 2187; x_wconf 82' lang='grc' dir='ltr'><strong>ει</strong></span> <span class='ocrx_word' id='word_1_148' title='bbox 1288 2136 1714 2204; x_wconf 77' lang='grc' dir='ltr'><strong>τετελεσμένον</strong></span> <span class='ocrx_word' id='word_1_149' title='bbox 1739 2138 1910 2192; x_wconf 81' lang='grc' dir='ltr'><em>ἐστίν</em></span> <span class='ocrx_word' id='word_1_150' title='bbox 1926 2155 1940 2168; x_wconf 92' lang='grc'><strong>·</strong></span> 
     </span>
    </p>
   </div>
   <div class='ocr_carea' id='block_1_24' title="bbox 377 2245 1945 2317">
    <p class='ocr_par' dir='ltr' id='par_1_24' title="bbox 377 2245 1945 2317">
     <span class='ocr_line' id='line_1_24' title="bbox 377 2245 1945 2317; baseline 0.003 -15"><span class='ocrx_word' id='word_1_151' title='bbox 377 2247 499 2302; x_wconf 80' lang='grc' dir='ltr'><strong>ἀντὶ</strong></span> <span class='ocrx_word' id='word_1_152' title='bbox 530 2245 621 2298; x_wconf 73' lang='grc' dir='ltr'><em>τοῦ</em></span> <span class='ocrx_word' id='word_1_153' title='bbox 653 2263 669 2298; x_wconf 88' lang='grc' dir='ltr'><strong>ι</strong></span> <span class='ocrx_word' id='word_1_154' title='bbox 696 2245 1169 2316; x_wconf 78' lang='grc' dir='ltr'><em>τελεσοησόμενον.</em></span> <span class='ocrx_word' id='word_1_155' title='bbox 1217 2267 1234 2298; x_wconf 75' lang='grc' dir='ltr'><strong>ι</strong></span> <span class='ocrx_word' id='word_1_156' title='bbox 1288 2249 1446 2317; x_wconf 64' lang='lat' dir='ltr'><strong>&#39;ng’</strong></span> <span class='ocrx_word' id='word_1_157' title='bbox 1485 2250 1709 2317; x_wconf 72' lang='grc' dir='ltr'><em>ἔμπεδα</em></span> <span class='ocrx_word' id='word_1_158' title='bbox 1752 2252 1945 2306; x_wconf 81' lang='grc' dir='ltr'><em>πάντα</em></span> 
     </span>
    </p>
   </div>
   <div class='ocr_carea' id='block_1_25' title="bbox 373 2338 1944 2426">
    <p class='ocr_par' dir='ltr' id='par_1_25' title="bbox 373 2338 1944 2426">
     <span class='ocr_line' id='line_1_25' title="bbox 373 2338 1944 2426; baseline 0.005 -36"><span class='ocrx_word' id='word_1_159' title='bbox 373 2338 950 2406; x_wconf 61' lang='grc' dir='ltr'><em>φύωνταιμάσφαλῶς</em></span> <span class='ocrx_word' id='word_1_160' title='bbox 977 2339 1297 2406; x_wconf 76' lang='grc' dir='ltr'><em>φυτεύσωσι,</em></span> <span class='ocrx_word' id='word_1_161' title='bbox 1319 2341 1632 2414; x_wconf 78' lang='grc' dir='ltr'><strong>»παθητικῷ</strong></span> <span class='ocrx_word' id='word_1_162' title='bbox 1662 2343 1780 2405; x_wconf 73' lang='grc' dir='ltr'><em>ἀντὶ</em></span> <span class='ocrx_word' id='word_1_163' title='bbox 1797 2347 1878 2404; x_wconf 79' lang='grc' dir='ltr'><strong>ὲνε</strong></span> <span class='ocrx_word' id='word_1_164' title='bbox 1888 2363 1944 2426; x_wconf 91' lang='grc' dir='ltr'><strong>ρ-</strong></span> 
     </span>
    </p>
   </div>
   <div class='ocr_carea' id='block_1_26' title="bbox 376 2427 1938 2501">
    <p class='ocr_par' dir='ltr' id='par_1_26' title="bbox 376 2427 1938 2501">
     <span class='ocr_line' id='line_1_26' title="bbox 376 2427 1938 2501; baseline 0.006 -22"><span class='ocrx_word' id='word_1_165' title='bbox 376 2427 635 2498; x_wconf 80' lang='grc' dir='ltr'><em>γητικοῦ,</em></span> <span class='ocrx_word' id='word_1_166' title='bbox 683 2428 714 2495; x_wconf 81' lang='grc' dir='ltr'>ἢ</span> <span class='ocrx_word' id='word_1_167' title='bbox 769 2429 856 2480; x_wconf 75' lang='grc' dir='ltr'><strong>ἵνα</strong></span> <span class='ocrx_word' id='word_1_168' title='bbox 884 2428 1156 2501; x_wconf 82' lang='grc' dir='ltr'><em>φαίνηται,</em></span> <span class='ocrx_word' id='word_1_169' title='bbox 1186 2431 1260 2493; x_wconf 83' lang='grc' dir='ltr'><strong>ὡς</strong></span> <span class='ocrx_word' id='word_1_170' title='bbox 1300 2451 1316 2482; x_wconf 83' lang='grc' dir='ltr'><strong>ι</strong></span> <span class='ocrx_word' id='word_1_171' title='bbox 1347 2431 1584 2500; x_wconf 85' lang='grc' dir='ltr'><em>σπάρτα</em></span> <span class='ocrx_word' id='word_1_172' title='bbox 1635 2433 1938 2491; x_wconf 72' lang='grc' dir='ltr'><em>λέλυνται.</em></span> 
     </span>
    </p>
   </div>
   <div class='ocr_carea' id='block_1_27' title="bbox 390 2517 1939 2596">
    <p class='ocr_par' dir='ltr' id='par_1_27' title="bbox 390 2517 1939 2596">
     <span class='ocr_line' id='line_1_27' title="bbox 390 2517 1939 2596; baseline 0.004 -24"><span class='ocrx_word' id='word_1_173' title='bbox 390 2517 707 2586; x_wconf 79' lang='grc' dir='ltr'><em>Ἂνδράσιν</em></span> <span class='ocrx_word' id='word_1_174' title='bbox 724 2518 948 2587; x_wconf 57' lang='grc' dir='ltr'><strong>ὡράων</strong></span> <span class='ocrx_word' id='word_1_175' title='bbox 985 2521 1104 2573; x_wconf 77' lang='grc' dir='ltr'><em>ἀντὶ</em></span> <span class='ocrx_word' id='word_1_176' title='bbox 1125 2521 1216 2575; x_wconf 81' lang='grc' dir='ltr'><em>τοῦ</em></span> <span class='ocrx_word' id='word_1_177' title='bbox 1239 2541 1257 2574; x_wconf 80' lang='grc' dir='ltr'><strong>ι</strong></span> <span class='ocrx_word' id='word_1_178' title='bbox 1280 2521 1456 2594; x_wconf 84' lang='grc' dir='ltr'><em>ὡρῶν.</em></span> <span class='ocrx_word' id='word_1_179' title='bbox 1483 2541 1501 2574; x_wconf 74' lang='grc' dir='ltr'><strong>ι</strong></span> <span class='ocrx_word' id='word_1_180' title='bbox 1524 2522 1719 2593; x_wconf 73' lang='grc' dir='ltr'><em>Χαῖρε,</em></span> <span class='ocrx_word' id='word_1_181' title='bbox 1738 2525 1939 2596; x_wconf 75' lang='grc' dir='ltr'><em>πάτερ,</em></span> 
     </span>
    </p>
   </div>
   <div class='ocr_carea' id='block_1_28' title="bbox 373 2606 1939 2684">
    <p class='ocr_par' dir='ltr' id='par_1_28' title="bbox 373 2606 1939 2684">
     <span class='ocr_line' id='line_1_28' title="bbox 373 2606 1939 2684; baseline 0.005 -24"><span class='ocrx_word' id='word_1_182' title='bbox 373 2606 528 2678; x_wconf 74' lang='grc' dir='ltr'><em>μέγα</em></span> <span class='ocrx_word' id='word_1_183' title='bbox 577 2607 791 2678; x_wconf 85' lang='grc' dir='ltr'><em>θαῦμα,</em></span> <span class='ocrx_word' id='word_1_184' title='bbox 813 2607 942 2680; x_wconf 77' lang='grc' dir='ltr'><em>μέγ’</em></span> <span class='ocrx_word' id='word_1_185' title='bbox 971 2610 1370 2679; x_wconf 77' lang='grc' dir='ltr'><em>ἀνθρώποισιν</em></span> <span class='ocrx_word' id='word_1_186' title='bbox 1408 2611 1620 2684; x_wconf 81' lang='grc' dir='ltr'><em>ὄνειαρ.</em></span> <span class='ocrx_word' id='word_1_187' title='bbox 1651 2615 1724 2669; x_wconf 81' lang='grc' dir='ltr'><strong>Οὐ</strong></span> <span class='ocrx_word' id='word_1_188' title='bbox 1773 2613 1939 2684; x_wconf 97' lang='grc' dir='ltr'><em>λέγει,</em></span> 
     </span>
    </p>
   </div>
   <div class='ocr_carea' id='block_1_29' title="bbox 385 2700 1944 2775">
    <p class='ocr_par' dir='ltr' id='par_1_29' title="bbox 385 2700 1944 2775">
     <span class='ocr_line' id='line_1_29' title="bbox 385 2700 1944 2775; baseline 0.003 -20"><span class='ocrx_word' id='word_1_189' title='bbox 385 2721 402 2755; x_wconf 74' lang='grc' dir='ltr'><strong>ι</strong></span> <span class='ocrx_word' id='word_1_190' title='bbox 427 2701 522 2754; x_wconf 77' lang='grc' dir='ltr'><strong>καί</strong></span> <span class='ocrx_word' id='word_1_191' title='bbox 562 2700 757 2770; x_wconf 73' lang='grc' dir='ltr'><em>μέγα.)</em></span> <span class='ocrx_word' id='word_1_192' title='bbox 793 2700 968 2769; x_wconf 61' lang='lat' dir='ltr'><strong>Xut&#39;pe</strong></span> <span class='ocrx_word' id='word_1_193' title='bbox 1002 2701 1202 2768; x_wconf 84' lang='grc' dir='ltr'><em>αὐτὸς,</em></span> <span class='ocrx_word' id='word_1_194' title='bbox 1235 2702 1331 2756; x_wconf 75' lang='grc' dir='ltr'><strong>καὶ</strong></span> <span class='ocrx_word' id='word_1_195' title='bbox 1358 2703 1609 2772; x_wconf 80' lang='grc' dir='ltr'><strong>προτέρη</strong></span> <span class='ocrx_word' id='word_1_196' title='bbox 1648 2706 1841 2775; x_wconf 75' lang='grc' dir='ltr'><em>γενεή.</em></span> <span class='ocrx_word' id='word_1_197' title='bbox 1875 2702 1944 2760; x_wconf 85' lang='grc' dir='ltr'><strong><em>Ὦ</em></strong></span> 
     </span>
    </p>
   </div>
   <div class='ocr_carea' id='block_1_30' title="bbox 378 2791 1942 2864">
    <p class='ocr_par' dir='ltr' id='par_1_30' title="bbox 378 2791 1942 2864">
     <span class='ocr_line' id='line_1_30' title="bbox 378 2791 1942 2864; baseline 0.008 -23"><span class='ocrx_word' id='word_1_198' title='bbox 378 2791 506 2856; x_wconf 66' lang='grc' dir='ltr'><em>Ζεῦ,</em></span> <span class='ocrx_word' id='word_1_199' title='bbox 543 2793 605 2845; x_wconf 82' lang='grc' dir='ltr'><em>σὺ</em></span> <span class='ocrx_word' id='word_1_200' title='bbox 638 2794 729 2854; x_wconf 79' lang='grc' dir='ltr'><strong>καὶ</strong></span> <span class='ocrx_word' id='word_1_201' title='bbox 760 2795 792 2863; x_wconf 82' lang='grc' dir='ltr'>ἡ</span> <span class='ocrx_word' id='word_1_202' title='bbox 822 2793 885 2864; x_wconf 83' lang='grc' dir='ltr'><em>σὴ</em></span> <span class='ocrx_word' id='word_1_203' title='bbox 923 2794 1112 2861; x_wconf 81' lang='grc' dir='ltr'><em>γενεά·</em></span> <span class='ocrx_word' id='word_1_204' title='bbox 1148 2794 1266 2863; x_wconf 77' lang='grc' dir='ltr'><em>ἦτοι</em></span> <span class='ocrx_word' id='word_1_205' title='bbox 1296 2793 1344 2845; x_wconf 89' lang='grc' dir='ltr'>οἱ</span> <span class='ocrx_word' id='word_1_206' title='bbox 1375 2792 1620 2860; x_wconf 81' lang='grc' dir='ltr'><em>Τιτᾶνες.</em></span> <span class='ocrx_word' id='word_1_207' title='bbox 1662 2798 1819 2862; x_wconf 82' lang='grc' dir='ltr'><strong>Ἴσως</strong></span> <span class='ocrx_word' id='word_1_208' title='bbox 1849 2802 1942 2853; x_wconf 75' lang='grc' dir='ltr'><strong>καὶ</strong></span> 
     </span>
    </p>
   </div>
   <div class='ocr_carea' id='block_1_31' title="bbox 378 2885 893 2957">
    <p class='ocr_par' dir='ltr' id='par_1_31' title="bbox 378 2885 893 2957">
     <span class='ocr_line' id='line_1_31' title="bbox 378 2885 893 2957; baseline 0.004 -20"><span class='ocrx_word' id='word_1_209' title='bbox 378 2885 530 2957; x_wconf 76' lang='grc' dir='ltr'>παρὰ</span> <span class='ocrx_word' id='word_1_210' title='bbox 567 2886 893 2956; x_wconf 81' lang='grc' dir='ltr'><strong>Ἀντιμάχῳ’</strong></span> 
     </span>
    </p>
   </div>
   <div class='ocr_carea' id='block_1_32' title="bbox 377 2999 1938 3074">
    <p class='ocr_par' dir='ltr' id='par_1_32' title="bbox 377 2999 1938 3074">
     <span class='ocr_line' id='line_1_32' title="bbox 377 2999 1938 3074; baseline 0.003 -21"><span class='ocrx_word' id='word_1_211' title='bbox 377 2999 679 3069; x_wconf 75' lang='grc' dir='ltr'><em>Γηγενέας</em></span> <span class='ocrx_word' id='word_1_212' title='bbox 713 3016 777 3053; x_wconf 90' lang='grc' dir='ltr'><strong>τε</strong></span> <span class='ocrx_word' id='word_1_213' title='bbox 821 2999 1014 3066; x_wconf 86' lang='grc' dir='ltr'><em>θεοὺς,</em></span> <span class='ocrx_word' id='word_1_214' title='bbox 1059 3002 1524 3074; x_wconf 76' lang='grc' dir='ltr'><em>προτερηγενέας</em></span> <span class='ocrx_word' id='word_1_215' title='bbox 1563 3019 1629 3057; x_wconf 88' lang='grc' dir='ltr'><strong>τε</strong></span> <span class='ocrx_word' id='word_1_216' title='bbox 1673 3002 1938 3071; x_wconf 79' lang='grc' dir='ltr'><strong>Τιτῆνας.</strong></span> 
     </span>
    </p>
   </div>
   <div class='ocr_carea' id='block_1_33' title="bbox 379 3109 798 3183">
    <p class='ocr_par' dir='ltr' id='par_1_33' title="bbox 379 3109 798 3183">
     <span class='ocr_line' id='line_1_33' title="bbox 379 3109 798 3183; baseline 0.005 -21"><span class='ocrx_word' id='word_1_217' title='bbox 379 3109 490 3163; x_wconf 80' lang='grc' dir='ltr'><strong>Καὶ</strong></span> <span class='ocrx_word' id='word_1_218' title='bbox 518 3112 765 3183; x_wconf 87' lang='grc' dir='ltr'>Ὅμηρος</span> <span class='ocrx_word' id='word_1_219' title='bbox 785 3127 798 3140; x_wconf 88' lang='grc'><strong>·</strong></span> 
     </span>
    </p>
   </div>
   <div class='ocr_carea' id='block_1_34' title="bbox 389 3221 1869 3293">
    <p class='ocr_par' dir='ltr' id='par_1_34' title="bbox 389 3221 1869 3293">
     <span class='ocr_line' id='line_1_34' title="bbox 389 3221 1869 3293; baseline 0.003 -16"><span class='ocrx_word' id='word_1_220' title='bbox 389 3223 672 3277; x_wconf 77' lang='grc' dir='ltr'><em>Ὠκεανόν</em></span> <span class='ocrx_word' id='word_1_221' title='bbox 698 3237 761 3274; x_wconf 90' lang='grc' dir='ltr'><strong>τε</strong></span> <span class='ocrx_word' id='word_1_222' title='bbox 797 3221 946 3276; x_wconf 81' lang='grc' dir='ltr'><em>θεῶν</em></span> <span class='ocrx_word' id='word_1_223' title='bbox 981 3221 1240 3291; x_wconf 73' lang='grc' dir='ltr'><em>γένεσιν,</em></span> <span class='ocrx_word' id='word_1_224' title='bbox 1271 3223 1368 3276; x_wconf 79' lang='grc' dir='ltr'><strong>καὶ</strong></span> <span class='ocrx_word' id='word_1_225' title='bbox 1398 3224 1624 3293; x_wconf 87' lang='grc' dir='ltr'><em>μητέρα</em></span> <span class='ocrx_word' id='word_1_226' title='bbox 1658 3226 1869 3292; x_wconf 82' lang='grc' dir='ltr'><em>Τηθύν.</em></span> 
     </span>
    </p>
   </div>
   <div class='ocr_carea' id='block_1_35' title="bbox 450 3327 1941 3404">
    <p class='ocr_par' dir='ltr' id='par_1_35' title="bbox 450 3327 1941 3404">
     <span class='ocr_line' id='line_1_35' title="bbox 450 3327 1941 3404; baseline 0.001 -24"><span class='ocrx_word' id='word_1_227' title='bbox 450 3327 583 3380; x_wconf 74' lang='grc' dir='ltr'><strong>Εἰδὲ</strong></span> <span class='ocrx_word' id='word_1_228' title='bbox 606 3327 680 3390; x_wconf 85' lang='grc' dir='ltr'><strong>ὡς</strong></span> <span class='ocrx_word' id='word_1_229' title='bbox 703 3327 838 3398; x_wconf 75' lang='grc' dir='ltr'><em>πρὸς</em></span> <span class='ocrx_word' id='word_1_230' title='bbox 870 3327 1188 3398; x_wconf 82' lang='grc' dir='ltr'><strong>ἀνθρώπους</strong></span> <span class='ocrx_word' id='word_1_231' title='bbox 1216 3328 1470 3397; x_wconf 86' lang='grc' dir='ltr'><em>προτέρα</em></span> <span class='ocrx_word' id='word_1_232' title='bbox 1488 3331 1770 3400; x_wconf 84' lang='grc' dir='ltr'><em>νοήσομεν,</em></span> <span class='ocrx_word' id='word_1_233' title='bbox 1795 3330 1941 3404; x_wconf 81' lang='grc' dir='ltr'><em>λέγοι</em></span> 
     </span>
    </p>
   </div>
   <div class='ocr_carea' id='block_1_36' title="bbox 381 3417 1942 3492">
    <p class='ocr_par' dir='ltr' id='par_1_36' title="bbox 381 3417 1942 3492">
     <span class='ocr_line' id='line_1_36' title="bbox 381 3417 1942 3492; baseline 0.003 -21"><span class='ocrx_word' id='word_1_234' title='bbox 381 3417 448 3471; x_wconf 77' lang='grc' dir='ltr'><strong>ἂν</strong></span> <span class='ocrx_word' id='word_1_235' title='bbox 496 3419 594 3489; x_wconf 76' lang='grc' dir='ltr'><em>τὴν</em></span> <span class='ocrx_word' id='word_1_236' title='bbox 649 3418 915 3489; x_wconf 82' lang='grc' dir='ltr'><em>τετάρτην</em></span> <span class='ocrx_word' id='word_1_237' title='bbox 969 3420 1076 3472; x_wconf 82' lang='grc' dir='ltr'><strong>ἀπὸ</strong></span> <span class='ocrx_word' id='word_1_238' title='bbox 1124 3419 1218 3472; x_wconf 82' lang='grc' dir='ltr'><strong>τοῦ</strong></span> <span class='ocrx_word' id='word_1_239' title='bbox 1261 3420 1461 3492; x_wconf 77' lang='grc' dir='ltr'>χρυσοῦ</span> <span class='ocrx_word' id='word_1_240' title='bbox 1501 3421 1684 3490; x_wconf 81' lang='grc' dir='ltr'>γένους</span> <span class='ocrx_word' id='word_1_241' title='bbox 1715 3422 1942 3480; x_wconf 74' lang='grc' dir='ltr'><em>τὴντῶν</em></span> 
     </span>
    </p>
   </div>
   <div class='ocr_carea' id='block_1_37' title="bbox 375 3511 1943 3586">
    <p class='ocr_par' dir='ltr' id='par_1_37' title="bbox 375 3511 1943 3586">
     <span class='ocr_line' id='line_1_37' title="bbox 375 3511 1943 3586; baseline 0.004 -22"><span class='ocrx_word' id='word_1_242' title='bbox 375 3511 640 3586; x_wconf 72' lang='grc' dir='ltr'><em>ἡμιθέων.</em></span> <span class='ocrx_word' id='word_1_243' title='bbox 676 3513 864 3582; x_wconf 81' lang='grc' dir='ltr'><strong>Ἡμεῖς</strong></span> <span class='ocrx_word' id='word_1_244' title='bbox 904 3514 1013 3586; x_wconf 76' lang='grc' dir='ltr'><em>γὰρ</em></span> <span class='ocrx_word' id='word_1_245' title='bbox 1047 3514 1142 3585; x_wconf 81' lang='grc' dir='ltr'><strong>οῆς</strong></span> <span class='ocrx_word' id='word_1_246' title='bbox 1179 3514 1434 3585; x_wconf 84' lang='grc' dir='ltr'><strong>πέμπτης</strong></span> <span class='ocrx_word' id='word_1_247' title='bbox 1463 3517 1673 3585; x_wconf 77' lang='grc' dir='ltr'><em>γενεᾶς.</em></span> <span class='ocrx_word' id='word_1_248' title='bbox 1712 3515 1943 3585; x_wconf 80' lang='grc' dir='ltr'><strong>Τιτῆνας</strong></span> 
     </span>
    </p>
   </div>
   <div class='ocr_carea' id='block_1_38' title="bbox 377 3603 1944 3680">
    <p class='ocr_par' dir='ltr' id='par_1_38' title="bbox 377 3603 1944 3680">
     <span class='ocr_line' id='line_1_38' title="bbox 377 3603 1944 3680; baseline 0.004 -23"><span class='ocrx_word' id='word_1_249' title='bbox 377 3603 436 3657; x_wconf 83' lang='grc' dir='ltr'><strong>δὲ</strong></span> <span class='ocrx_word' id='word_1_250' title='bbox 470 3603 557 3656; x_wconf 80' lang='grc' dir='ltr'><strong>διὰ</strong></span> <span class='ocrx_word' id='word_1_251' title='bbox 593 3603 749 3656; x_wconf 78' lang='grc' dir='ltr'><em>τοῦτο</em></span> <span class='ocrx_word' id='word_1_252' title='bbox 794 3604 937 3672; x_wconf 87' lang='grc' dir='ltr'><em>λέγει</em></span> <span class='ocrx_word' id='word_1_253' title='bbox 989 3606 1227 3680; x_wconf 80' lang='grc' dir='ltr'><strong>χαίρειν,</strong></span> <span class='ocrx_word' id='word_1_254' title='bbox 1263 3607 1446 3680; x_wconf 74' lang='grc' dir='ltr'><em>ἐπειδὴ</em></span> <span class='ocrx_word' id='word_1_255' title='bbox 1476 3609 1570 3662; x_wconf 80' lang='grc' dir='ltr'><strong>καὶ</strong></span> <span class='ocrx_word' id='word_1_256' title='bbox 1599 3609 1656 3661; x_wconf 86' lang='grc' dir='ltr'><strong>ὲν</strong></span> <span class='ocrx_word' id='word_1_257' title='bbox 1683 3611 1792 3671; x_wconf 84' lang='grc' dir='ltr'><em>τοῖς</em></span> <span class='ocrx_word' id='word_1_258' title='bbox 1818 3608 1944 3680; x_wconf 76' lang='grc' dir='ltr'><strong>ἑξῆς</strong></span> 
     </span>
    </p>
   </div>
   <div class='ocr_carea' id='block_1_39' title="bbox 393 3694 1833 3771">
    <p class='ocr_par' dir='ltr' id='par_1_39' title="bbox 393 3694 1833 3771">
     <span class='ocr_line' id='line_1_39' title="bbox 393 3694 1833 3771; baseline 0.004 -24"><span class='ocrx_word' id='word_1_259' title='bbox 393 3694 693 3769; x_wconf 67' lang='grc' dir='ltr'><em>Ἀσκραῖον,</em></span> <span class='ocrx_word' id='word_1_260' title='bbox 724 3695 817 3748; x_wconf 74' lang='grc' dir='ltr'><strong>ἕνα</strong></span> <span class='ocrx_word' id='word_1_261' title='bbox 844 3696 948 3750; x_wconf 80' lang='grc' dir='ltr'><em>τῶν</em></span> <span class='ocrx_word' id='word_1_262' title='bbox 978 3698 1216 3752; x_wconf 80' lang='grc' dir='ltr'><strong>Τιτάνων</strong></span> <span class='ocrx_word' id='word_1_263' title='bbox 1250 3700 1394 3766; x_wconf 76' lang='grc' dir='ltr'><em>ὄντα,</em></span> <span class='ocrx_word' id='word_1_264' title='bbox 1424 3702 1601 3771; x_wconf 77' lang='grc' dir='ltr'><em>ὑμνεῖ,</em></span> <span class='ocrx_word' id='word_1_265' title='bbox 1630 3699 1833 3768; x_wconf 85' lang='grc' dir='ltr'><em>λέγων·</em></span> 
     </span>
    </p>
   </div>
   <div class='ocr_carea' id='block_1_40' title="bbox 375 3871 1944 3971">
    <p class='ocr_par' dir='ltr' id='par_1_40' title="bbox 375 3871 1944 3971">
     <span class='ocr_line' id='line_1_40' title="bbox 375 3871 1944 3971; baseline 0.004 -24"><span class='ocrx_word' id='word_1_266' title='bbox 375 3896 498 3971; x_wconf 56' lang='grc' dir='ltr'><strong>Εἶτ’</strong></span> <span class='ocrx_word' id='word_1_267' title='bbox 526 3871 638 3950; x_wconf 55' lang='grc' dir='ltr'><strong>οὗ)</strong></span> <span class='ocrx_word' id='word_1_268' title='bbox 671 3895 982 3971; x_wconf 28' lang='grc' dir='ltr'><strong>’ᾼστρῌαίου</strong></span> <span class='ocrx_word' id='word_1_269' title='bbox 1018 3899 1217 3971; x_wconf 51' lang='grc' dir='ltr'><em>κεινῇσι)</em></span> <span class='ocrx_word' id='word_1_270' title='bbox 1249 3895 1439 3968; x_wconf 73' lang='grc' dir='ltr'><em>γένος’</em></span> <span class='ocrx_word' id='word_1_271' title='bbox 1458 3898 1529 3952; x_wconf 83' lang='grc' dir='ltr'><strong>ὅν</strong></span> <span class='ocrx_word' id='word_1_272' title='bbox 1555 3899 1634 3967; x_wconf 82' lang='grc' dir='ltr'><strong>ῥά</strong></span> <span class='ocrx_word' id='word_1_273' title='bbox 1664 3898 1726 3952; x_wconf 89' lang='grc' dir='ltr'><strong>τέ</strong></span> <span class='ocrx_word' id='word_1_274' title='bbox 1756 3915 1944 3971; x_wconf 69' lang='grc' dir='ltr'><em>φασιν</em></span> 
     </span>
    </p>
   </div>
   <div class='ocr_carea' id='block_1_41' title="bbox 384 3965 1674 4038">
    <p class='ocr_par' dir='ltr' id='par_1_41' title="bbox 384 3965 1674 4038">
     <span class='ocr_line' id='line_1_41' title="bbox 384 3965 1674 4038; baseline -0.001 -18"><span class='ocrx_word' id='word_1_275' title='bbox 384 3967 655 4034; x_wconf 81' lang='grc' dir='ltr'><em>’Δστρων</em></span> <span class='ocrx_word' id='word_1_276' title='bbox 675 3965 928 4034; x_wconf 64' lang='grc' dir='ltr'><strong>ἀρχαῖον</strong></span> <span class='ocrx_word' id='word_1_277' title='bbox 949 3967 1147 4036; x_wconf 83' lang='grc' dir='ltr'><em>πατέρ’</em></span> <span class='ocrx_word' id='word_1_278' title='bbox 1175 3965 1438 4038; x_wconf 74' lang='grc' dir='ltr'><em>ἔμμεναι.</em></span> <span class='ocrx_word' id='word_1_279' title='bbox 1472 4010 1486 4023; x_wconf 91' lang='grc'><strong>.</strong></span> <span class='ocrx_word' id='word_1_280' title='bbox 1519 4008 1532 4022; x_wconf 94' lang='grc'><strong>.</strong></span> <span class='ocrx_word' id='word_1_281' title='bbox 1557 3965 1578 4022; x_wconf 44' lang='grc'><em>⁷.</em></span> <span class='ocrx_word' id='word_1_282' title='bbox 1611 4011 1624 4024; x_wconf 94' lang='grc'><strong>.</strong></span> <span class='ocrx_word' id='word_1_283' title='bbox 1660 4008 1674 4019; x_wconf 93' lang='grc'><strong>.</strong></span> 
     </span>
    </p>
   </div>
   <div class='ocr_carea' id='block_1_42' title="bbox 452 4077 1944 4154">
    <p class='ocr_par' dir='ltr' id='par_1_42' title="bbox 452 4077 1944 4154">
     <span class='ocr_line' id='line_1_42' title="bbox 452 4077 1944 4154; baseline 0.003 -24"><span class='ocrx_word' id='word_1_284' title='bbox 452 4077 684 4132; x_wconf 81' lang='grc' dir='ltr'><em>Δύναται</em></span> <span class='ocrx_word' id='word_1_285' title='bbox 732 4078 788 4130; x_wconf 78' lang='grc' dir='ltr'><strong>δὲ</strong></span> <span class='ocrx_word' id='word_1_286' title='bbox 845 4077 904 4132; x_wconf 85' lang='grc' dir='ltr'><em>τὺ</em></span> <span class='ocrx_word' id='word_1_287' title='bbox 949 4080 1080 4132; x_wconf 79' lang='grc' dir='ltr'><strong>αὐτὸ</strong></span> <span class='ocrx_word' id='word_1_288' title='bbox 1120 4081 1354 4145; x_wconf 74' lang='grc' dir='ltr'><strong>καὶτοῖς</strong></span> <span class='ocrx_word' id='word_1_289' title='bbox 1382 4083 1818 4154; x_wconf 80' lang='grc' dir='ltr'><strong>προειρημένοις,</strong></span> <span class='ocrx_word' id='word_1_290' title='bbox 1851 4081 1944 4135; x_wconf 82' lang='grc' dir='ltr'><strong>καὶ</strong></span> 
     </span>
    </p>
   </div>
   <div class='ocr_carea' id='block_1_43' title="bbox 382 4167 1944 4243">
    <p class='ocr_par' dir='ltr' id='par_1_43' title="bbox 382 4167 1944 4243">
     <span class='ocr_line' id='line_1_43' title="bbox 382 4167 1944 4243; baseline 0.003 -22"><span class='ocrx_word' id='word_1_291' title='bbox 382 4170 496 4232; x_wconf 81' lang='grc' dir='ltr'><em>τοῖς</em></span> <span class='ocrx_word' id='word_1_292' title='bbox 523 4167 929 4239; x_wconf 74' lang='grc' dir='ltr'><em>ἐπιφερομένοις</em></span> <span class='ocrx_word' id='word_1_293' title='bbox 954 4169 1334 4225; x_wconf 76' lang='grc' dir='ltr'><strong>συνάπτεσθαι·</strong></span> <span class='ocrx_word' id='word_1_294' title='bbox 1366 4168 1551 4243; x_wconf 83' lang='grc' dir='ltr'><em>ὥσπερ</em></span> <span class='ocrx_word' id='word_1_295' title='bbox 1572 4171 1685 4236; x_wconf 78' lang='grc' dir='ltr'>καὶ,</span> <span class='ocrx_word' id='word_1_296' title='bbox 1704 4171 1944 4240; x_wconf 85' lang='grc' dir='ltr'><em>Χαίρετε</em></span> 
     </span>
    </p>
   </div>
   <div class='ocr_carea' id='block_1_44' title="bbox 379 4254 1939 4331">
    <p class='ocr_par' dir='ltr' id='par_1_44' title="bbox 379 4254 1939 4331">
     <span class='ocr_line' id='line_1_44' title="bbox 379 4254 1939 4331; baseline 0.003 -22"><span class='ocrx_word' id='word_1_297' title='bbox 379 4257 468 4322; x_wconf 82' lang='grc' dir='ltr'><strong>δὲ,</strong></span> <span class='ocrx_word' id='word_1_298' title='bbox 492 4257 744 4323; x_wconf 85' lang='grc' dir='ltr'><em>Μοῦσαι,</em></span> <span class='ocrx_word' id='word_1_299' title='bbox 769 4256 889 4311; x_wconf 85' lang='grc' dir='ltr'>καθ’</span> <span class='ocrx_word' id='word_1_300' title='bbox 918 4259 1104 4316; x_wconf 76' lang='grc' dir='ltr'><strong>ἑαυτόο</strong></span> <span class='ocrx_word' id='word_1_301' title='bbox 1133 4254 1269 4326; x_wconf 81' lang='grc' dir='ltr'><em>εἶτα,</em></span> <span class='ocrx_word' id='word_1_302' title='bbox 1296 4259 1462 4328; x_wconf 78' lang='grc' dir='ltr'><em>μάλα</em></span> <span class='ocrx_word' id='word_1_303' title='bbox 1499 4256 1713 4326; x_wconf 79' lang='grc' dir='ltr'><strong>πᾶσαι,¹</strong></span> <span class='ocrx_word' id='word_1_304' title='bbox 1738 4262 1824 4331; x_wconf 78' lang='grc' dir='ltr'><strong>ὑφ’</strong></span> <span class='ocrx_word' id='word_1_305' title='bbox 1862 4262 1939 4315; x_wconf 72' lang='grc' dir='ltr'><strong>’ἐν’</strong></span> 
     </span>
    </p>
   </div>
   <div class='ocr_carea' id='block_1_45' title="bbox 388 4463 1443 4536">
    <p class='ocr_par' dir='ltr' id='par_1_45' title="bbox 388 4463 1443 4536">
     <span class='ocr_line' id='line_1_45' title="bbox 388 4463 1443 4536; baseline 0.004 -22"><span class='ocrx_word' id='word_1_306' title='bbox 388 4497 456 4536; x_wconf 77' lang='lat'><strong>.__.</strong></span> <span class='ocrx_word' id='word_1_307' title='bbox 490 4501 506 4515; x_wconf 94' lang='lat'><strong>.</strong></span> <span class='ocrx_word' id='word_1_308' title='bbox 541 4501 555 4536; x_wconf 54' lang='grc' dir='ltr'><strong><em>τ</em></strong></span> <span class='ocrx_word' id='word_1_309' title='bbox 589 4500 606 4514; x_wconf 93' lang='grc'><strong>.</strong></span> <span class='ocrx_word' id='word_1_310' title='bbox 635 4502 649 4516; x_wconf 92' lang='grc'><strong>.</strong></span> <span class='ocrx_word' id='word_1_311' title='bbox 700 4463 856 4533; x_wconf 83' lang='grc' dir='ltr'><em>Ἐμοί</em></span> <span class='ocrx_word' id='word_1_312' title='bbox 884 4482 949 4536; x_wconf 82' lang='grc' dir='ltr'><em>τε</em></span> <span class='ocrx_word' id='word_1_313' title='bbox 971 4465 1227 4536; x_wconf 79' lang='grc' dir='ltr'><em>ἀστέρας</em></span> <span class='ocrx_word' id='word_1_314' title='bbox 1253 4466 1443 4520; x_wconf 76' lang='grc' dir='ltr'><em>εἰπεῖν</em></span> 
     </span>
    </p>
   </div>
   <div class='ocr_carea' id='block_1_46' title="bbox 386 4527 1867 4610">
    <p class='ocr_par' dir='ltr' id='par_1_46' title="bbox 386 4527 1867 4610">
     <span class='ocr_line' id='line_1_46' title="bbox 386 4527 1867 4610; baseline 0.006 -26"><span class='ocrx_word' id='word_1_315' title='bbox 386 4527 460 4584; x_wconf 83' lang='grc' dir='ltr'><em>Ει</em></span> <span class='ocrx_word' id='word_1_316' title='bbox 489 4531 671 4600; x_wconf 87' lang='grc' dir='ltr'><em>θέμις,</em></span> <span class='ocrx_word' id='word_1_317' title='bbox 717 4527 1018 4605; x_wconf 73' lang='grc' dir='ltr'><em>εὖχομένῳ</em></span> <span class='ocrx_word' id='word_1_318' title='bbox 1045 4527 1367 4610; x_wconf 65' lang='grc' dir='ltr'><em>τεὶιμῆρατε</em></span> <span class='ocrx_word' id='word_1_319' title='bbox 1401 4535 1605 4592; x_wconf 83' lang='grc' dir='ltr'><em>πᾶσαν</em></span> <span class='ocrx_word' id='word_1_320' title='bbox 1635 4538 1867 4608; x_wconf 78' lang='grc' dir='ltr'><em>ἀοιδήν.</em></span> 
     </span>
    </p>
   </div>
   <div class='ocr_carea' id='block_1_47' title="bbox 379 4643 1942 4722">
    <p class='ocr_par' dir='ltr' id='par_1_47' title="bbox 379 4643 1942 4722">
     <span class='ocr_line' id='line_1_47' title="bbox 379 4643 1942 4722; baseline 0.004 -25"><span class='ocrx_word' id='word_1_321' title='bbox 379 4643 474 4707; x_wconf 85' lang='grc' dir='ltr'><strong>Τὸ,</strong></span> <span class='ocrx_word' id='word_1_322' title='bbox 510 4643 690 4713; x_wconf 81' lang='grc' dir='ltr'><em>θέμις,</em></span> <span class='ocrx_word' id='word_1_323' title='bbox 729 4646 1045 4714; x_wconf 77' lang='grc' dir='ltr'><em>ἀμφίϐολον.</em></span> <span class='ocrx_word' id='word_1_324' title='bbox 1091 4649 1245 4701; x_wconf 85' lang='grc' dir='ltr'><em>Ἤτοι</em></span> <span class='ocrx_word' id='word_1_325' title='bbox 1284 4648 1390 4720; x_wconf 76' lang='grc' dir='ltr'><em>γὰρ</em></span> <span class='ocrx_word' id='word_1_326' title='bbox 1421 4648 1499 4722; x_wconf 61' lang='grc' dir='ltr'><em>τῷ</em></span> <span class='ocrx_word' id='word_1_327' title='bbox 1533 4650 1780 4721; x_wconf 84' lang='grc' dir='ltr'><em>προτέρῳ</em></span> <span class='ocrx_word' id='word_1_328' title='bbox 1820 4667 1942 4704; x_wconf 89' lang='grc' dir='ltr'><em>συν-</em></span> 
     </span>
    </p>
   </div>
   <div class='ocr_carea' id='block_1_48' title="bbox 378 4735 1942 4812">
    <p class='ocr_par' dir='ltr' id='par_1_48' title="bbox 378 4735 1942 4812">
     <span class='ocr_line' id='line_1_48' title="bbox 378 4735 1942 4812; baseline 0.005 -24"><span class='ocrx_word' id='word_1_329' title='bbox 378 4735 600 4800; x_wconf 84' lang='grc' dir='ltr'><em>απτέον,</em></span> <span class='ocrx_word' id='word_1_330' title='bbox 635 4735 668 4807; x_wconf 74' lang='grc' dir='ltr'>ἢ</span> <span class='ocrx_word' id='word_1_331' title='bbox 692 4737 769 4805; x_wconf 84' lang='grc' dir='ltr'><em>τῷ</em></span> <span class='ocrx_word' id='word_1_332' title='bbox 795 4737 940 4808; x_wconf 78' lang='grc' dir='ltr'><strong>ἑξῆς·</strong></span> <span class='ocrx_word' id='word_1_333' title='bbox 979 4739 1116 4812; x_wconf 68' lang='grc' dir='ltr'><em>ἦτοι,</em></span> <span class='ocrx_word' id='word_1_334' title='bbox 1135 4738 1390 4808; x_wconf 84' lang='grc' dir='ltr'><em>ἀστέρας</em></span> <span class='ocrx_word' id='word_1_335' title='bbox 1423 4741 1631 4805; x_wconf 72' lang='grc' dir='ltr'><em>εἰπεῖν,</em></span> <span class='ocrx_word' id='word_1_336' title='bbox 1650 4742 1730 4808; x_wconf 86' lang='grc' dir='ltr'><strong>ὼς</strong></span> <span class='ocrx_word' id='word_1_337' title='bbox 1759 4758 1942 4811; x_wconf 81' lang='grc' dir='ltr'><em>προσ-</em></span> 
     </span>
    </p>
   </div>
   <div class='ocr_carea' id='block_1_49' title="bbox 378 4827 1944 4903">
    <p class='ocr_par' dir='ltr' id='par_1_49' title="bbox 378 4827 1944 4903">
     <span class='ocr_line' id='line_1_49' title="bbox 378 4827 1944 4903; baseline 0.003 -21"><span class='ocrx_word' id='word_1_338' title='bbox 378 4827 552 4896; x_wconf 82' lang='grc' dir='ltr'><em>ῆκον,</em></span> <span class='ocrx_word' id='word_1_339' title='bbox 595 4828 946 4897; x_wconf 76' lang='grc' dir='ltr'><em>τεκμήρατε·</em></span> <span class='ocrx_word' id='word_1_340' title='bbox 994 4831 1050 4903; x_wconf 82' lang='grc' dir='ltr'><em>ἢ,</em></span> <span class='ocrx_word' id='word_1_341' title='bbox 1100 4829 1402 4900; x_wconf 79' lang='grc' dir='ltr'><em>εὐχομένῳ</em></span> <span class='ocrx_word' id='word_1_342' title='bbox 1434 4831 1512 4898; x_wconf 88' lang='grc' dir='ltr'><strong>ὡς</strong></span> <span class='ocrx_word' id='word_1_343' title='bbox 1554 4833 1944 4902; x_wconf 81' lang='grc' dir='ltr'><em>,προσήκοντα</em></span> 
     </span>
    </p>
   </div>
   <div class='ocr_carea' id='block_1_50' title="bbox 379 4916 1941 5004">
    <p class='ocr_par' dir='ltr' id='par_1_50' title="bbox 379 4916 1941 5004">
     <span class='ocr_line' id='line_1_50' title="bbox 379 4916 1941 5004; baseline 0.003 -34"><span class='ocrx_word' id='word_1_344' title='bbox 379 4918 717 4988; x_wconf 77' lang='grc' dir='ltr'><em>παράσχετε</em></span> <span class='ocrx_word' id='word_1_345' title='bbox 739 4919 927 4972; x_wconf 72' lang='grc' dir='ltr'><em>εἰπεῖν</em></span> <span class='ocrx_word' id='word_1_346' title='bbox 947 4959 962 4985; x_wconf 96' lang='grc'><strong>,</strong></span> <span class='ocrx_word' id='word_1_347' title='bbox 989 4916 1037 4974; x_wconf 90' lang='grc' dir='ltr'><strong>ὦ</strong></span> <span class='ocrx_word' id='word_1_348' title='bbox 1061 4921 1315 4977; x_wconf 87' lang='grc' dir='ltr'><em>Μοῦσαι.</em></span> <span class='ocrx_word' id='word_1_349' title='bbox 1345 4921 1700 4991; x_wconf 81' lang='grc' dir='ltr'><em>Τεκμήρατε,</em></span> <span class='ocrx_word' id='word_1_350' title='bbox 1737 4942 1753 4974; x_wconf 82' lang='grc' dir='ltr'><strong>ι</strong></span> <span class='ocrx_word' id='word_1_351' title='bbox 1782 4922 1941 5004; x_wconf 83' lang='grc' dir='ltr'><em>μέχρι</em></span> 
     </span>
    </p>
   </div>
   <div class='ocr_carea' id='block_1_51' title="bbox 378 5008 1609 5084">
    <p class='ocr_par' dir='ltr' id='par_1_51' title="bbox 378 5008 1609 5084">
     <span class='ocr_line' id='line_1_51' title="bbox 378 5008 1609 5084; baseline 0.003 -23"><span class='ocrx_word' id='word_1_352' title='bbox 378 5009 562 5073; x_wconf 82' lang='grc' dir='ltr'><em>τέλους</em></span> <span class='ocrx_word' id='word_1_353' title='bbox 583 5008 771 5063; x_wconf 85' lang='grc' dir='ltr'><em>εἴπατε</em></span> <span class='ocrx_word' id='word_1_354' title='bbox 787 5027 800 5039; x_wconf 73' lang='grc' dir='ltr'><em>ο</em></span> <span class='ocrx_word' id='word_1_355' title='bbox 827 5029 846 5062; x_wconf 72' lang='grc' dir='ltr'><strong>ι</strong></span> <span class='ocrx_word' id='word_1_356' title='bbox 875 5010 1098 5081; x_wconf 80' lang='grc' dir='ltr'><em>τέκμωρ</em></span> <span class='ocrx_word' id='word_1_357' title='bbox 1117 5011 1224 5084; x_wconf 79' lang='grc' dir='ltr'><em>γὰρ</em></span> <span class='ocrx_word' id='word_1_358' title='bbox 1251 5012 1310 5065; x_wconf 78' lang='grc' dir='ltr'><em>τὸ</em></span> <span class='ocrx_word' id='word_1_359' title='bbox 1344 5031 1361 5064; x_wconf 84' lang='grc' dir='ltr'><strong>ι</strong></span> <span class='ocrx_word' id='word_1_360' title='bbox 1387 5013 1559 5078; x_wconf 83' lang='grc' dir='ltr'><em>τέλος.</em></span> <span class='ocrx_word' id='word_1_361' title='bbox 1591 5033 1609 5065; x_wconf 70' lang='grc' dir='ltr'><strong>ι</strong></span> 
     </span>
    </p>
   </div>
   <div class='ocr_carea' id='block_1_52' title="bbox 1973 4474 2439 4543">
    <p class='ocr_par' dir='ltr' id='par_1_52' title="bbox 1973 4474 2439 4543">
     <span class='ocr_line' id='line_1_52' title="bbox 1973 4474 2439 4543; baseline -0.011 -8"><span class='ocrx_word' id='word_1_362' title='bbox 1973 4474 2439 4543; x_wconf 80' lang='lat' dir='ltr'><strong>D.....Mihi</strong></span> 
     </span>
    </p>
   </div>
   <div class='ocr_carea' id='block_1_53' title="bbox 2050 511 3087 582">
    <p class='ocr_par' dir='ltr' id='par_1_53' title="bbox 2050 511 3087 582">
     <span class='ocr_line' id='line_1_53' title="bbox 2050 511 3087 582; baseline -0.006 -10"><span class='ocrx_word' id='word_1_363' title='bbox 2050 515 2299 581; x_wconf 84' lang='lat' dir='ltr'><strong>Socialis,</strong></span> <span class='ocrx_word' id='word_1_364' title='bbox 2326 516 2562 579; x_wconf 81' lang='lat' dir='ltr'><strong>Amicus,</strong></span> <span class='ocrx_word' id='word_1_365' title='bbox 2592 513 2793 576; x_wconf 83' lang='lat' dir='ltr'><strong>Serius,</strong></span> <span class='ocrx_word' id='word_1_366' title='bbox 2822 511 3087 582; x_wconf 76' lang='lat' dir='ltr'><strong>Frugifer.</strong></span> 
     </span>
    </p>
   </div>
   <div class='ocr_carea' id='block_1_54' title="bbox 2121 600 3601 670">
    <p class='ocr_par' dir='ltr' id='par_1_54' title="bbox 2121 600 3601 670">
     <span class='ocr_line' id='line_1_54' title="bbox 2121 600 3601 670; baseline -0.009 -6"><span class='ocrx_word' id='word_1_367' title='bbox 2121 609 2343 664; x_wconf 84' lang='lat' dir='ltr'><strong>Plenum</strong></span> <span class='ocrx_word' id='word_1_368' title='bbox 2373 617 2451 662; x_wconf 85' lang='lat' dir='ltr'><strong>est</strong></span> <span class='ocrx_word' id='word_1_369' title='bbox 2472 624 2636 670; x_wconf 88' lang='lat' dir='ltr'><strong>mare,</strong></span> <span class='ocrx_word' id='word_1_370' title='bbox 2667 618 2714 660; x_wconf 88' lang='lat' dir='ltr'><strong>et</strong></span> <span class='ocrx_word' id='word_1_371' title='bbox 2744 615 2943 669; x_wconf 84' lang='lat' dir='ltr'><strong>portus.</strong></span> <span class='ocrx_word' id='word_1_372' title='bbox 2988 603 3195 658; x_wconf 86' lang='lat' dir='ltr'><strong>Dicitur</strong></span> <span class='ocrx_word' id='word_1_373' title='bbox 3237 601 3380 657; x_wconf 87' lang='lat' dir='ltr'><strong>enim</strong></span> <span class='ocrx_word' id='word_1_374' title='bbox 3415 600 3601 654; x_wconf 83' lang='lat' dir='ltr'><strong>Portu-</strong></span> 
     </span>
    </p>
   </div>
   <div class='ocr_carea' id='block_1_55' title="bbox 2050 692 3607 768">
    <p class='ocr_par' dir='ltr' id='par_1_55' title="bbox 2050 692 3607 768">
     <span class='ocr_line' id='line_1_55' title="bbox 2050 692 3607 768; baseline -0.006 -16"><span class='ocrx_word' id='word_1_375' title='bbox 2050 715 2201 754; x_wconf 88' lang='lat' dir='ltr'><strong>mnus</strong></span> <span class='ocrx_word' id='word_1_376' title='bbox 2222 707 2274 754; x_wconf 90' lang='lat' dir='ltr'><strong>et</strong></span> <span class='ocrx_word' id='word_1_377' title='bbox 2302 698 2491 752; x_wconf 85' lang='lat' dir='ltr'><strong>Lucrio</strong></span> <span class='ocrx_word' id='word_1_378' title='bbox 2518 696 2965 768; x_wconf 73' lang='lat' dir='ltr'><strong>negotiatoribus.</strong></span> <span class='ocrx_word' id='word_1_379' title='bbox 2995 694 3094 747; x_wconf 79' lang='lat' dir='ltr'><strong>llic</strong></span> <span class='ocrx_word' id='word_1_380' title='bbox 3128 709 3242 746; x_wconf 76' lang='lat' dir='ltr'><strong>vero</strong></span> <span class='ocrx_word' id='word_1_381' title='bbox 3269 692 3410 746; x_wconf 85' lang='lat' dir='ltr'><strong>mitis</strong></span> <span class='ocrx_word' id='word_1_382' title='bbox 3437 692 3607 745; x_wconf 78' lang='lat' dir='ltr'><strong>hann-</strong></span> 
     </span>
    </p>
   </div>
   <div class='ocr_carea' id='block_1_56' title="bbox 2049 781 3605 859">
    <p class='ocr_par' dir='ltr' id='par_1_56' title="bbox 2049 781 3605 859">
     <span class='ocr_line' id='line_1_56' title="bbox 2049 781 3605 859; baseline -0.006 -15"><span class='ocrx_word' id='word_1_383' title='bbox 2049 791 2223 854; x_wconf 87' lang='lat' dir='ltr'><strong>nibus,</strong></span> <span class='ocrx_word' id='word_1_384' title='bbox 2273 789 2529 859; x_wconf 86' lang='lat' dir='ltr'><strong>quoniam</strong></span> <span class='ocrx_word' id='word_1_385' title='bbox 2574 798 2723 856; x_wconf 88' lang='lat' dir='ltr'><strong>pater</strong></span> <span class='ocrx_word' id='word_1_386' title='bbox 2758 796 2834 840; x_wconf 85' lang='lat' dir='ltr'><strong>est</strong></span> <span class='ocrx_word' id='word_1_387' title='bbox 2896 787 3161 854; x_wconf 80' lang='lat' dir='ltr'><strong>uirumque</strong></span> <span class='ocrx_word' id='word_1_388' title='bbox 3206 783 3477 853; x_wconf 86' lang='lat' dir='ltr'><strong>deumque.</strong></span> <span class='ocrx_word' id='word_1_389' title='bbox 3525 781 3605 836; x_wconf 92' lang='lat' dir='ltr'><strong>Ob</strong></span> 
     </span>
    </p>
   </div>
   <div class='ocr_carea' id='block_1_57' title="bbox 2046 875 2614 938">
    <p class='ocr_par' dir='ltr' id='par_1_57' title="bbox 2046 875 2614 938">
     <span class='ocr_line' id='line_1_57' title="bbox 2046 875 2614 938; baseline -0.009 0"><span class='ocrx_word' id='word_1_390' title='bbox 2046 875 2102 938; x_wconf 90' lang='lat' dir='ltr'><strong>id</strong></span> <span class='ocrx_word' id='word_1_391' title='bbox 2134 893 2187 938; x_wconf 88' lang='lat' dir='ltr'><strong>et</strong></span> <span class='ocrx_word' id='word_1_392' title='bbox 2221 884 2362 936; x_wconf 86' lang='lat' dir='ltr'><strong>mitis</strong></span> <span class='ocrx_word' id='word_1_393' title='bbox 2393 882 2614 937; x_wconf 90' lang='lat' dir='ltr'><strong>dicitur.</strong></span> 
     </span>
    </p>
   </div>
   <div class='ocr_carea' id='block_1_58' title="bbox 2051 992 2978 1052">
    <p class='ocr_par' dir='ltr' id='par_1_58' title="bbox 2051 992 2978 1052">
     <span class='ocr_line' id='line_1_58' title="bbox 2051 992 2978 1052; baseline -0.011 0"><span class='ocrx_word' id='word_1_394' title='bbox 2051 1037 2066 1052; x_wconf 92' lang='lat'><strong>.</strong></span> <span class='ocrx_word' id='word_1_395' title='bbox 2110 1035 2125 1051; x_wconf 94' lang='lat'><strong>.</strong></span> <span class='ocrx_word' id='word_1_396' title='bbox 2169 1035 2182 1050; x_wconf 92' lang='lat'><strong>.</strong></span> <span class='ocrx_word' id='word_1_397' title='bbox 2225 995 2386 1049; x_wconf 85' lang='lat' dir='ltr'><strong>Pater</strong></span> <span class='ocrx_word' id='word_1_398' title='bbox 2415 1010 2531 1047; x_wconf 82' lang='lat' dir='ltr'><strong>vero</strong></span> <span class='ocrx_word' id='word_1_399' title='bbox 2557 1009 2647 1045; x_wconf 89' lang='lat' dir='ltr'><strong>ceu</strong></span> <span class='ocrx_word' id='word_1_400' title='bbox 2673 992 2813 1044; x_wconf 87' lang='lat' dir='ltr'><strong>mitis</strong></span> <span class='ocrx_word' id='word_1_401' title='bbox 2845 999 2978 1044; x_wconf 86' lang='lat' dir='ltr'><strong>erat.</strong></span> 
     </span>
    </p>
   </div>
   <div class='ocr_carea' id='block_1_59' title="bbox 2118 1102 3604 1178">
    <p class='ocr_par' dir='ltr' id='par_1_59' title="bbox 2118 1102 3604 1178">
     <span class='ocr_line' id='line_1_59' title="bbox 2118 1102 3604 1178; baseline -0.005 -12"><span class='ocrx_word' id='word_1_402' title='bbox 2118 1111 2371 1166; x_wconf 81' lang='lat' dir='ltr'><strong>Admonet</strong></span> <span class='ocrx_word' id='word_1_403' title='bbox 2398 1119 2573 1163; x_wconf 88' lang='lat' dir='ltr'><strong>autem</strong></span> <span class='ocrx_word' id='word_1_404' title='bbox 2596 1106 2930 1178; x_wconf 88' lang='lat' dir='ltr'><strong>quandonam</strong></span> <span class='ocrx_word' id='word_1_405' title='bbox 2952 1104 3099 1175; x_wconf 87' lang='lat' dir='ltr'><strong>gleba</strong></span> <span class='ocrx_word' id='word_1_406' title='bbox 3122 1103 3317 1176; x_wconf 86' lang='lat' dir='ltr'><strong>optima</strong></span> <span class='ocrx_word' id='word_1_407' title='bbox 3336 1113 3430 1157; x_wconf 85' lang='lat' dir='ltr'><strong>est.</strong></span> <span class='ocrx_word' id='word_1_408' title='bbox 3453 1102 3604 1158; x_wconf 86' lang='lat' dir='ltr'><strong>Alias</strong></span> 
     </span>
    </p>
   </div>
   <div class='ocr_carea' id='block_1_60' title="bbox 2047 1194 3604 1273">
    <p class='ocr_par' dir='ltr' id='par_1_60' title="bbox 2047 1194 3604 1273">
     <span class='ocr_line' id='line_1_60' title="bbox 2047 1194 3604 1273; baseline -0.003 -19"><span class='ocrx_word' id='word_1_409' title='bbox 2047 1202 2268 1273; x_wconf 88' lang='grc' dir='ltr'><em>ἀροστή,</em></span> <span class='ocrx_word' id='word_1_410' title='bbox 2301 1201 2353 1254; x_wconf 90' lang='lat' dir='ltr'><strong>id</strong></span> <span class='ocrx_word' id='word_1_411' title='bbox 2391 1209 2475 1254; x_wconf 89' lang='lat' dir='ltr'><strong>est</strong></span> <span class='ocrx_word' id='word_1_412' title='bbox 2510 1218 2528 1250; x_wconf 85' lang='grc' dir='ltr'><strong>ι</strong></span> <span class='ocrx_word' id='word_1_413' title='bbox 2553 1199 2792 1253; x_wconf 89' lang='lat' dir='ltr'><strong>arabilis.</strong></span> <span class='ocrx_word' id='word_1_414' title='bbox 2822 1218 2840 1249; x_wconf 76' lang='grc' dir='ltr'><strong>ι</strong></span> <span class='ocrx_word' id='word_1_415' title='bbox 2881 1198 2982 1252; x_wconf 84' lang='lat' dir='ltr'><strong>Sed</strong></span> <span class='ocrx_word' id='word_1_416' title='bbox 3012 1214 3119 1251; x_wconf 81' lang='lat' dir='ltr'><strong>non</strong></span> <span class='ocrx_word' id='word_1_417' title='bbox 3152 1198 3420 1267; x_wconf 81' lang='lat' dir='ltr'><strong>congruit.</strong></span> <span class='ocrx_word' id='word_1_418' title='bbox 3470 1194 3604 1250; x_wconf 86' lang='lat' dir='ltr'><strong>Nam</strong></span> 
     </span>
    </p>
   </div>
   <div class='ocr_carea' id='block_1_61' title="bbox 2047 1288 3606 1360">
    <p class='ocr_par' dir='ltr' id='par_1_61' title="bbox 2047 1288 3606 1360">
     <span class='ocr_line' id='line_1_61' title="bbox 2047 1288 3606 1360; baseline -0.002 -15"><span class='ocrx_word' id='word_1_419' title='bbox 2047 1291 2270 1359; x_wconf 84' lang='lat' dir='ltr'><strong>subjieit</strong></span> <span class='ocrx_word' id='word_1_420' title='bbox 2306 1309 2318 1344; x_wconf 94' lang='lat'>:</span> <span class='ocrx_word' id='word_1_421' title='bbox 2355 1289 2515 1345; x_wconf 82' lang='lat' dir='ltr'><strong>bobus</strong></span> <span class='ocrx_word' id='word_1_422' title='bbox 2565 1300 2610 1343; x_wconf 88' lang='lat' dir='ltr'><strong>et</strong></span> <span class='ocrx_word' id='word_1_423' title='bbox 2647 1288 2923 1360; x_wconf 78' lang='lat' dir='ltr'><strong>ligonibus.</strong></span> <span class='ocrx_word' id='word_1_424' title='bbox 2958 1288 3025 1342; x_wconf 88' lang='lat' dir='ltr'><strong>At</strong></span> <span class='ocrx_word' id='word_1_425' title='bbox 3063 1289 3332 1359; x_wconf 78' lang='lat' dir='ltr'><strong>ligonibus</strong></span> <span class='ocrx_word' id='word_1_426' title='bbox 3366 1296 3483 1340; x_wconf 87' lang='lat' dir='ltr'><strong>arat</strong></span> <span class='ocrx_word' id='word_1_427' title='bbox 3511 1303 3606 1342; x_wconf 88' lang='lat' dir='ltr'><strong>ne-</strong></span> 
     </span>
    </p>
   </div>
   <div class='ocr_carea' id='block_1_62' title="bbox 2045 1379 3603 1456">
    <p class='ocr_par' dir='ltr' id='par_1_62' title="bbox 2045 1379 3603 1456">
     <span class='ocr_line' id='line_1_62' title="bbox 2045 1379 3603 1456; baseline -0.001 -20"><span class='ocrx_word' id='word_1_428' title='bbox 2045 1381 2572 1436; x_wconf 76' lang='lat' dir='ltr'><strong>m0.Circumt&#39;allare</strong></span> <span class='ocrx_word' id='word_1_429' title='bbox 2587 1390 2670 1438; x_wconf 91' lang='lat' dir='ltr'><strong>est</strong></span> <span class='ocrx_word' id='word_1_430' title='bbox 2692 1380 3131 1456; x_wconf 61' lang='lat' dir='ltr'><strong>tcircumfodere.</strong></span> <span class='ocrx_word' id='word_1_431' title='bbox 3149 1400 3167 1432; x_wconf 73' lang='grc' dir='ltr'><strong>ι</strong></span> <span class='ocrx_word' id='word_1_432' title='bbox 3188 1379 3394 1450; x_wconf 84' lang='lat' dir='ltr'><strong>Quippe</strong></span> <span class='ocrx_word' id='word_1_433' title='bbox 3411 1381 3603 1434; x_wconf 80' lang='lat' dir='ltr'><strong>rotun-</strong></span> 
     </span>
    </p>
   </div>
   <div class='ocr_carea' id='block_1_63' title="bbox 2044 1465 3604 1545">
    <p class='ocr_par' dir='ltr' id='par_1_63' title="bbox 2044 1465 3604 1545">
     <span class='ocr_line' id='line_1_63' title="bbox 2044 1465 3604 1545; baseline -0.001 -19"><span class='ocrx_word' id='word_1_434' title='bbox 2044 1465 2172 1526; x_wconf 85' lang='lat' dir='ltr'><strong>dum</strong></span> <span class='ocrx_word' id='word_1_435' title='bbox 2203 1489 2362 1528; x_wconf 90' lang='lat' dir='ltr'><strong>omne</strong></span> <span class='ocrx_word' id='word_1_436' title='bbox 2389 1474 2553 1545; x_wconf 86' lang='grc' dir='ltr'><em>γυρόν</em></span> <span class='ocrx_word' id='word_1_437' title='bbox 2581 1473 2903 1544; x_wconf 76' lang='lat' dir='ltr'><strong>appellatur,</strong></span> <span class='ocrx_word' id='word_1_438' title='bbox 2931 1479 3010 1538; x_wconf 91' lang='lat' dir='ltr'><strong>ut,</strong></span> <span class='ocrx_word' id='word_1_439' title='bbox 3042 1471 3294 1525; x_wconf 85' lang='lat' dir='ltr'><strong>rotundus</strong></span> <span class='ocrx_word' id='word_1_440' title='bbox 3330 1471 3384 1524; x_wconf 91' lang='lat' dir='ltr'><strong>in</strong></span> <span class='ocrx_word' id='word_1_441' title='bbox 3421 1471 3604 1524; x_wconf 86' lang='lat' dir='ltr'><strong>Imme-</strong></span> 
     </span>
    </p>
   </div>
   <div class='ocr_carea' id='block_1_64' title="bbox 2043 1562 3602 1636">
    <p class='ocr_par' dir='ltr' id='par_1_64' title="bbox 2043 1562 3602 1636">
     <span class='ocr_line' id='line_1_64' title="bbox 2043 1562 3602 1636; baseline -0.002 -18"><span class='ocrx_word' id='word_1_442' title='bbox 2043 1567 2138 1620; x_wconf 87' lang='lat' dir='ltr'><strong>ris.</strong></span> <span class='ocrx_word' id='word_1_443' title='bbox 2174 1565 2458 1636; x_wconf 85' lang='lat' dir='ltr'><strong>Sequitur:</strong></span> <span class='ocrx_word' id='word_1_444' title='bbox 2491 1566 2608 1634; x_wconf 77' lang='lat' dir='ltr'><strong>Ipse</strong></span> <span class='ocrx_word' id='word_1_445' title='bbox 2636 1566 2772 1618; x_wconf 82' lang='lat' dir='ltr'><strong>enim</strong></span> <span class='ocrx_word' id='word_1_446' title='bbox 2809 1564 2913 1618; x_wconf 77' lang='lat' dir='ltr'><strong>bwe</strong></span> <span class='ocrx_word' id='word_1_447' title='bbox 2933 1565 3083 1633; x_wconf 86' lang='lat' dir='ltr'><strong>signa</strong></span> <span class='ocrx_word' id='word_1_448' title='bbox 3117 1563 3170 1616; x_wconf 90' lang='lat' dir='ltr'><strong>in</strong></span> <span class='ocrx_word' id='word_1_449' title='bbox 3197 1562 3324 1617; x_wconf 69' lang='lat' dir='ltr'><strong>calo</strong></span> <span class='ocrx_word' id='word_1_450' title='bbox 3351 1564 3602 1631; x_wconf 85' lang='lat' dir='ltr'><strong>ﬁrmavit,</strong></span> 
     </span>
    </p>
   </div>
   <div class='ocr_carea' id='block_1_65' title="bbox 2043 1653 3605 1725">
    <p class='ocr_par' dir='ltr' id='par_1_65' title="bbox 2043 1653 3605 1725">
     <span class='ocr_line' id='line_1_65' title="bbox 2043 1653 3605 1725; baseline -0.001 -17"><span class='ocrx_word' id='word_1_451' title='bbox 2043 1669 2236 1724; x_wconf 83' lang='lat' dir='ltr'><strong>nempe</strong></span> <span class='ocrx_word' id='word_1_452' title='bbox 2267 1655 2454 1709; x_wconf 76' lang='lat' dir='ltr'><strong>stellas</strong></span> <span class='ocrx_word' id='word_1_453' title='bbox 2505 1665 2558 1710; x_wconf 87' lang='lat' dir='ltr'><strong>et</strong></span> <span class='ocrx_word' id='word_1_454' title='bbox 2610 1655 2896 1725; x_wconf 82' lang='lat' dir='ltr'><strong>imagines.</strong></span> <span class='ocrx_word' id='word_1_455' title='bbox 2934 1654 3118 1724; x_wconf 82' lang='lat' dir='ltr'><strong>Itaque</strong></span> <span class='ocrx_word' id='word_1_456' title='bbox 3161 1654 3228 1708; x_wconf 91' lang='lat' dir='ltr'><strong>ab</strong></span> <span class='ocrx_word' id='word_1_457' title='bbox 3253 1669 3320 1707; x_wconf 84' lang='lat' dir='ltr'><strong>eo</strong></span> <span class='ocrx_word' id='word_1_458' title='bbox 3347 1653 3492 1724; x_wconf 93' lang='lat' dir='ltr'><strong>quod</strong></span> <span class='ocrx_word' id='word_1_459' title='bbox 3521 1662 3605 1708; x_wconf 87' lang='lat' dir='ltr'><strong>est</strong></span> 
     </span>
    </p>
   </div>
   <div class='ocr_carea' id='block_1_66' title="bbox 2043 1743 3603 1815">
    <p class='ocr_par' dir='ltr' id='par_1_66' title="bbox 2043 1743 3603 1815">
     <span class='ocr_line' id='line_1_66' title="bbox 2043 1743 3603 1815; baseline -0.001 -17"><span class='ocrx_word' id='word_1_460' title='bbox 2043 1743 2378 1815; x_wconf 79' lang='grc' dir='ltr'><em>ἐστηρίχθαι,</em></span> <span class='ocrx_word' id='word_1_461' title='bbox 2410 1743 2663 1815; x_wconf 84' lang='grc' dir='ltr'><em>ἀστέρας,</em></span> <span class='ocrx_word' id='word_1_462' title='bbox 2691 1744 2745 1798; x_wconf 87' lang='lat' dir='ltr'><strong>id</strong></span> <span class='ocrx_word' id='word_1_463' title='bbox 2773 1751 2858 1798; x_wconf 87' lang='lat' dir='ltr'><strong>est</strong></span> <span class='ocrx_word' id='word_1_464' title='bbox 2894 1743 3101 1809; x_wconf 84' lang='lat' dir='ltr'><strong>stellas,</strong></span> <span class='ocrx_word' id='word_1_465' title='bbox 3138 1746 3367 1800; x_wconf 84' lang='lat' dir='ltr'><strong>vocavit.</strong></span> <span class='ocrx_word' id='word_1_466' title='bbox 3392 1745 3496 1798; x_wconf 85' lang='lat' dir='ltr'><strong>Alii</strong></span> <span class='ocrx_word' id='word_1_467' title='bbox 3534 1746 3603 1798; x_wconf 86' lang='lat' dir='ltr'><strong>ab</strong></span> 
     </span>
    </p>
   </div>
   <div class='ocr_carea' id='block_1_67' title="bbox 2043 1833 3599 1904">
    <p class='ocr_par' dir='ltr' id='par_1_67' title="bbox 2043 1833 3599 1904">
     <span class='ocr_line' id='line_1_67' title="bbox 2043 1833 3599 1904; baseline 0.003 -18"><span class='ocrx_word' id='word_1_468' title='bbox 2043 1834 2254 1888; x_wconf 68' lang='lat' dir='ltr'><strong>Astraeo</strong></span> <span class='ocrx_word' id='word_1_469' title='bbox 2301 1835 2482 1890; x_wconf 88' lang='lat' dir='ltr'><strong>dictas</strong></span> <span class='ocrx_word' id='word_1_470' title='bbox 2534 1835 2744 1890; x_wconf 79' lang='lat' dir='ltr'><strong>volunt.</strong></span> <span class='ocrx_word' id='word_1_471' title='bbox 2789 1833 2964 1903; x_wconf 85' lang='lat' dir='ltr'><strong>Atque</strong></span> <span class='ocrx_word' id='word_1_472' title='bbox 2995 1833 3097 1888; x_wconf 88' lang='lat' dir='ltr'><strong>hoc</strong></span> <span class='ocrx_word' id='word_1_473' title='bbox 3127 1834 3376 1904; x_wconf 84' lang='lat' dir='ltr'><strong>ﬁrmandi</strong></span> <span class='ocrx_word' id='word_1_474' title='bbox 3415 1835 3599 1899; x_wconf 80' lang='lat' dir='ltr'><strong>verbo,</strong></span> 
     </span>
    </p>
   </div>
   <div class='ocr_carea' id='block_1_68' title="bbox 2044 1925 3601 1998">
    <p class='ocr_par' dir='ltr' id='par_1_68' title="bbox 2044 1925 3601 1998">
     <span class='ocr_line' id='line_1_68' title="bbox 2044 1925 3601 1998; baseline 0.003 -18"><span class='ocrx_word' id='word_1_475' title='bbox 2044 1925 2110 1980; x_wconf 86' lang='lat' dir='ltr'><strong>ad</strong></span> <span class='ocrx_word' id='word_1_476' title='bbox 2141 1926 2369 1980; x_wconf 79' lang='lat' dir='ltr'><strong>lixarum</strong></span> <span class='ocrx_word' id='word_1_477' title='bbox 2404 1925 2835 1981; x_wconf 88' lang='lat' dir='ltr'><strong>immobilitatem</strong></span> <span class='ocrx_word' id='word_1_478' title='bbox 2868 1926 3084 1992; x_wconf 82' lang='lat' dir='ltr'><strong>allusit;</strong></span> <span class='ocrx_word' id='word_1_479' title='bbox 3125 1927 3296 1994; x_wconf 80' lang='lat' dir='ltr'><strong>facta,</strong></span> <span class='ocrx_word' id='word_1_480' title='bbox 3329 1930 3601 1998; x_wconf 67' lang='lat' dir='ltr'><strong>praeterito</strong></span> 
     </span>
    </p>
   </div>
   <div class='ocr_carea' id='block_1_69' title="bbox 2045 2018 3193 2090">
    <p class='ocr_par' dir='ltr' id='par_1_69' title="bbox 2045 2018 3193 2090">
     <span class='ocr_line' id='line_1_69' title="bbox 2045 2018 3193 2090; baseline 0.001 -17"><span class='ocrx_word' id='word_1_481' title='bbox 2045 2035 2178 2074; x_wconf 87' lang='lat' dir='ltr'><strong>usus</strong></span> <span class='ocrx_word' id='word_1_482' title='bbox 2203 2029 2285 2072; x_wconf 88' lang='lat' dir='ltr'><strong>est</strong></span> <span class='ocrx_word' id='word_1_483' title='bbox 2311 2034 2409 2088; x_wconf 91' lang='lat' dir='ltr'><strong>pro</strong></span> <span class='ocrx_word' id='word_1_484' title='bbox 2435 2018 2620 2074; x_wconf 77' lang='lat' dir='ltr'><strong>futuro</strong></span> <span class='ocrx_word' id='word_1_485' title='bbox 2643 2037 2658 2087; x_wconf 89' lang='lat'><strong>;</strong></span> <span class='ocrx_word' id='word_1_486' title='bbox 2690 2027 2750 2073; x_wconf 92' lang='lat' dir='ltr'><strong>ut</strong></span> <span class='ocrx_word' id='word_1_487' title='bbox 2779 2020 2918 2090; x_wconf 85' lang='lat' dir='ltr'><strong>apud</strong></span> <span class='ocrx_word' id='word_1_488' title='bbox 2944 2028 3154 2089; x_wconf 89' lang='lat' dir='ltr'><strong>poetam</strong></span> <span class='ocrx_word' id='word_1_489' title='bbox 3180 2039 3193 2074; x_wconf 92' lang='lat'><strong>:</strong></span> 
     </span>
    </p>
   </div>
   <div class='ocr_carea' id='block_1_70' title="bbox 2045 2125 3458 2200">
    <p class='ocr_par' dir='ltr' id='par_1_70' title="bbox 2045 2125 3458 2200">
     <span class='ocr_line' id='line_1_70' title="bbox 2045 2125 3458 2200; baseline 0.001 -17"><span class='ocrx_word' id='word_1_490' title='bbox 2045 2125 2105 2183; x_wconf 84' lang='lat' dir='ltr'><strong>Si</strong></span> <span class='ocrx_word' id='word_1_491' title='bbox 2133 2127 2336 2199; x_wconf 80' lang='lat' dir='ltr'><strong>quidem</strong></span> <span class='ocrx_word' id='word_1_492' title='bbox 2369 2144 2578 2197; x_wconf 86' lang='lat' dir='ltr'><strong>possum</strong></span> <span class='ocrx_word' id='word_1_493' title='bbox 2607 2132 2871 2199; x_wconf 84' lang='lat' dir='ltr'><strong>perﬁcere,</strong></span> <span class='ocrx_word' id='word_1_494' title='bbox 2901 2141 2947 2184; x_wconf 88' lang='lat' dir='ltr'><strong>et</strong></span> <span class='ocrx_word' id='word_1_495' title='bbox 2977 2133 3024 2184; x_wconf 83' lang='lat' dir='ltr'><strong>si</strong></span> <span class='ocrx_word' id='word_1_496' title='bbox 3049 2142 3329 2200; x_wconf 62' lang='lat' dir='ltr'><strong>perlectum</strong></span> <span class='ocrx_word' id='word_1_497' title='bbox 3363 2142 3458 2186; x_wconf 86' lang='lat' dir='ltr'><strong>est.</strong></span> 
     </span>
    </p>
   </div>
   <div class='ocr_carea' id='block_1_71' title="bbox 2112 2237 3604 2312">
    <p class='ocr_par' dir='ltr' id='par_1_71' title="bbox 2112 2237 3604 2312">
     <span class='ocr_line' id='line_1_71' title="bbox 2112 2237 3604 2312; baseline 0.006 -22"><span class='ocrx_word' id='word_1_498' title='bbox 2112 2237 2225 2292; x_wconf 81' lang='lat' dir='ltr'><strong>Hoc</strong></span> <span class='ocrx_word' id='word_1_499' title='bbox 2245 2248 2347 2303; x_wconf 88' lang='lat' dir='ltr'><strong>est,</strong></span> <span class='ocrx_word' id='word_1_500' title='bbox 2381 2241 2454 2295; x_wconf 72' lang='lat' dir='ltr'><strong>«si</strong></span> <span class='ocrx_word' id='word_1_501' title='bbox 2491 2249 2666 2310; x_wconf 88' lang='lat' dir='ltr'><strong>potest</strong></span> <span class='ocrx_word' id='word_1_502' title='bbox 2691 2242 2896 2311; x_wconf 87' lang='lat' dir='ltr'><strong>perlici.</strong></span> <span class='ocrx_word' id='word_1_503' title='bbox 2937 2240 3150 2312; x_wconf 81' lang='lat' dir='ltr'><strong>Pergit:</strong></span> <span class='ocrx_word' id='word_1_504' title='bbox 3182 2243 3248 2296; x_wconf 88' lang='lat' dir='ltr'><strong>Ut</strong></span> <span class='ocrx_word' id='word_1_505' title='bbox 3269 2253 3409 2298; x_wconf 83' lang='lat' dir='ltr'><strong>stata</strong></span> <span class='ocrx_word' id='word_1_506' title='bbox 3427 2247 3604 2299; x_wconf 90' lang='lat' dir='ltr'><strong>omnia</strong></span> 
     </span>
    </p>
   </div>
   <div class='ocr_carea' id='block_1_72' title="bbox 2044 2331 3603 2408">
    <p class='ocr_par' dir='ltr' id='par_1_72' title="bbox 2044 2331 3603 2408">
     <span class='ocr_line' id='line_1_72' title="bbox 2044 2331 3603 2408; baseline 0.004 -25"><span class='ocrx_word' id='word_1_507' title='bbox 2044 2339 2363 2397; x_wconf 85' lang='lat' dir='ltr'><strong>nascantur;</strong></span> <span class='ocrx_word' id='word_1_508' title='bbox 2405 2331 2509 2387; x_wconf 81' lang='lat' dir='ltr'><strong>hoc</strong></span> <span class='ocrx_word' id='word_1_509' title='bbox 2535 2341 2638 2400; x_wconf 90' lang='lat' dir='ltr'><strong>est,</strong></span> <span class='ocrx_word' id='word_1_510' title='bbox 2665 2353 2680 2384; x_wconf 82' lang='grc' dir='ltr'><strong>ι</strong></span> <span class='ocrx_word' id='word_1_511' title='bbox 2715 2342 2772 2388; x_wconf 84' lang='grc' dir='ltr'><strong>ιιι</strong></span> <span class='ocrx_word' id='word_1_512' title='bbox 2803 2342 2920 2388; x_wconf 82' lang='grc' dir='ltr'><em>ιιιιο</em></span> <span class='ocrx_word' id='word_1_513' title='bbox 2948 2344 3254 2399; x_wconf 85' lang='lat' dir='ltr'><strong>eonserant,</strong></span> <span class='ocrx_word' id='word_1_514' title='bbox 3276 2355 3294 2386; x_wconf 72' lang='grc' dir='ltr'><strong>ι</strong></span> <span class='ocrx_word' id='word_1_515' title='bbox 3327 2337 3603 2408; x_wconf 68' lang='lat' dir='ltr'><strong>passivum</strong></span> 
     </span>
    </p>
   </div>
   <div class='ocr_carea' id='block_1_73' title="bbox 2044 2422 3604 2496">
    <p class='ocr_par' dir='ltr' id='par_1_73' title="bbox 2044 2422 3604 2496">
     <span class='ocr_line' id='line_1_73' title="bbox 2044 2422 3604 2496; baseline 0.005 -23"><span class='ocrx_word' id='word_1_516' title='bbox 2044 2436 2143 2491; x_wconf 88' lang='lat' dir='ltr'><strong>pro</strong></span> <span class='ocrx_word' id='word_1_517' title='bbox 2170 2422 2379 2488; x_wconf 87' lang='lat' dir='ltr'><strong>activo;</strong></span> <span class='ocrx_word' id='word_1_518' title='bbox 2411 2432 2505 2476; x_wconf 90' lang='lat' dir='ltr'><strong>aut</strong></span> <span class='ocrx_word' id='word_1_519' title='bbox 2527 2433 2585 2477; x_wconf 93' lang='lat' dir='ltr'><strong>ut</strong></span> <span class='ocrx_word' id='word_1_520' title='bbox 2611 2424 2883 2490; x_wconf 87' lang='lat' dir='ltr'><strong>videatur,</strong></span> <span class='ocrx_word' id='word_1_521' title='bbox 2911 2435 3157 2496; x_wconf 81' lang='lat' dir='ltr'><strong>tanquam</strong></span> <span class='ocrx_word' id='word_1_522' title='bbox 3181 2427 3330 2496; x_wconf 71' lang='lat' dir='ltr'><strong>funes</strong></span> <span class='ocrx_word' id='word_1_523' title='bbox 3359 2428 3604 2492; x_wconf 72' lang='lat' dir='ltr'><strong>dissoluti</strong></span> 
     </span>
    </p>
   </div>
   <div class='ocr_carea' id='block_1_74' title="bbox 2043 2503 3600 2596">
    <p class='ocr_par' dir='ltr' id='par_1_74' title="bbox 2043 2503 3600 2596">
     <span class='ocr_line' id='line_1_74' title="bbox 2043 2503 3600 2596; baseline 0.007 -33"><span class='ocrx_word' id='word_1_524' title='bbox 2043 2523 2183 2564; x_wconf 87' lang='lat' dir='ltr'><strong>sunt.</strong></span> <span class='ocrx_word' id='word_1_525' title='bbox 2245 2503 2398 2566; x_wconf 38' lang='lat' dir='ltr'><strong>Viris.</strong></span> <span class='ocrx_word' id='word_1_526' title='bbox 2433 2522 2795 2583; x_wconf 77' lang='lat' dir='ltr'><strong>tempestatum</strong></span> <span class='ocrx_word' id='word_1_527' title='bbox 2817 2555 2832 2578; x_wconf 92' lang='lat'><strong>,</strong></span> <span class='ocrx_word' id='word_1_528' title='bbox 2869 2531 2968 2585; x_wconf 90' lang='lat' dir='ltr'><strong>pro</strong></span> <span class='ocrx_word' id='word_1_529' title='bbox 3013 2516 3186 2596; x_wconf 85' lang='grc' dir='ltr'><em>ὡρῶν.</em></span> <span class='ocrx_word' id='word_1_530' title='bbox 3228 2517 3400 2588; x_wconf 84' lang='lat' dir='ltr'><strong>Salve,</strong></span> <span class='ocrx_word' id='word_1_531' title='bbox 3431 2531 3600 2591; x_wconf 86' lang='lat' dir='ltr'><strong>pater,</strong></span> 
     </span>
    </p>
   </div>
   <div class='ocr_carea' id='block_1_75' title="bbox 2043 2606 3601 2678">
    <p class='ocr_par' dir='ltr' id='par_1_75' title="bbox 2043 2606 3601 2678">
     <span class='ocr_line' id='line_1_75' title="bbox 2043 2606 3601 2678; baseline 0.006 -22"><span class='ocrx_word' id='word_1_532' title='bbox 2043 2619 2286 2674; x_wconf 89' lang='lat' dir='ltr'><strong>magnum</strong></span> <span class='ocrx_word' id='word_1_533' title='bbox 2316 2606 2662 2671; x_wconf 87' lang='lat' dir='ltr'><strong>miraculum,</strong></span> <span class='ocrx_word' id='word_1_534' title='bbox 2696 2623 2884 2678; x_wconf 85' lang='lat' dir='ltr'><strong>magna</strong></span> <span class='ocrx_word' id='word_1_535' title='bbox 2908 2608 3202 2662; x_wconf 78' lang='lat' dir='ltr'><strong>hominibus</strong></span> <span class='ocrx_word' id='word_1_536' title='bbox 3226 2612 3453 2668; x_wconf 80' lang='lat' dir='ltr'><strong>utilitas.</strong></span> <span class='ocrx_word' id='word_1_537' title='bbox 3483 2613 3601 2670; x_wconf 80' lang='lat' dir='ltr'><strong>Non</strong></span> 
     </span>
    </p>
   </div>
   <div class='ocr_carea' id='block_1_76' title="bbox 2043 2694 3626 2774">
    <p class='ocr_par' dir='ltr' id='par_1_76' title="bbox 2043 2694 3626 2774">
     <span class='ocr_line' id='line_1_76' title="bbox 2043 2694 3626 2774; baseline 0.006 -25"><span class='ocrx_word' id='word_1_538' title='bbox 2043 2694 2195 2758; x_wconf 90' lang='lat' dir='ltr'><strong>dicit,</strong></span> <span class='ocrx_word' id='word_1_539' title='bbox 2237 2715 2258 2746; x_wconf 77' lang='grc' dir='ltr'><strong>ι</strong></span> <span class='ocrx_word' id='word_1_540' title='bbox 2282 2705 2564 2769; x_wconf 87' lang='lat' dir='ltr'><strong>etmagna.</strong></span> <span class='ocrx_word' id='word_1_541' title='bbox 2592 2717 2609 2748; x_wconf 77' lang='grc' dir='ltr'><strong>ι</strong></span> <span class='ocrx_word' id='word_1_542' title='bbox 2641 2696 2794 2752; x_wconf 82' lang='lat' dir='ltr'><strong>Salve</strong></span> <span class='ocrx_word' id='word_1_543' title='bbox 2819 2707 2873 2750; x_wconf 91' lang='lat' dir='ltr'><strong>tu</strong></span> <span class='ocrx_word' id='word_1_544' title='bbox 2898 2699 3025 2774; x_wconf 83' lang='lat' dir='ltr'><strong>ipse,</strong></span> <span class='ocrx_word' id='word_1_545' title='bbox 3059 2709 3108 2753; x_wconf 89' lang='lat' dir='ltr'><strong>et</strong></span> <span class='ocrx_word' id='word_1_546' title='bbox 3147 2703 3293 2768; x_wconf 87' lang='lat' dir='ltr'><strong>prior</strong></span> <span class='ocrx_word' id='word_1_547' title='bbox 3315 2706 3626 2773; x_wconf 84' lang='lat' dir='ltr'><strong>generatio.‘</strong></span> 
     </span>
    </p>
   </div>
   <div class='ocr_carea' id='block_1_77' title="bbox 2043 2786 3596 2866">
    <p class='ocr_par' dir='ltr' id='par_1_77' title="bbox 2043 2786 3596 2866">
     <span class='ocr_line' id='line_1_77' title="bbox 2043 2786 3596 2866; baseline 0.005 -24"><span class='ocrx_word' id='word_1_548' title='bbox 2043 2786 2087 2842; x_wconf 92' lang='lat'><strong>0</strong></span> <span class='ocrx_word' id='word_1_549' title='bbox 2123 2787 2360 2858; x_wconf 81' lang='lat' dir='ltr'><strong>Jupiter,</strong></span> <span class='ocrx_word' id='word_1_550' title='bbox 2391 2796 2448 2843; x_wconf 88' lang='lat' dir='ltr'><strong>tu</strong></span> <span class='ocrx_word' id='word_1_551' title='bbox 2505 2797 2559 2844; x_wconf 86' lang='lat' dir='ltr'><strong>et</strong></span> <span class='ocrx_word' id='word_1_552' title='bbox 2611 2789 2896 2860; x_wconf 77' lang='lat' dir='ltr'><strong>progenies</strong></span> <span class='ocrx_word' id='word_1_553' title='bbox 2951 2797 3042 2844; x_wconf 91' lang='lat' dir='ltr'><strong>tua</strong></span> <span class='ocrx_word' id='word_1_554' title='bbox 3075 2810 3088 2846; x_wconf 87' lang='lat'>:</span> <span class='ocrx_word' id='word_1_555' title='bbox 3118 2807 3312 2866; x_wconf 81' lang='lat' dir='ltr'><strong>nempe</strong></span> <span class='ocrx_word' id='word_1_556' title='bbox 3357 2793 3596 2850; x_wconf 80' lang='lat' dir='ltr'><strong>Titanes.</strong></span> 
     </span>
    </p>
   </div>
   <div class='ocr_carea' id='block_1_78' title="bbox 2043 2878 2832 2952">
    <p class='ocr_par' dir='ltr' id='par_1_78' title="bbox 2043 2878 2832 2952">
     <span class='ocr_line' id='line_1_78' title="bbox 2043 2878 2832 2952; baseline 0.004 -19"><span class='ocrx_word' id='word_1_557' title='bbox 2043 2880 2201 2937; x_wconf 72' lang='lat' dir='ltr'><strong>Velut</strong></span> <span class='ocrx_word' id='word_1_558' title='bbox 2223 2878 2378 2952; x_wconf 86' lang='lat' dir='ltr'><strong>&#39;apud</strong></span> <span class='ocrx_word' id='word_1_559' title='bbox 2407 2881 2787 2937; x_wconf 84' lang='lat' dir='ltr'><strong>Antimachum</strong></span> <span class='ocrx_word' id='word_1_560' title='bbox 2819 2901 2832 2936; x_wconf 92' lang='lat'>:</span> 
     </span>
    </p>
   </div>
   <div class='ocr_carea' id='block_1_79' title="bbox 2045 2997 3597 3070">
    <p class='ocr_par' dir='ltr' id='par_1_79' title="bbox 2045 2997 3597 3070">
     <span class='ocr_line' id='line_1_79' title="bbox 2045 2997 3597 3070; baseline 0.003 -19"><span class='ocrx_word' id='word_1_561' title='bbox 2045 2997 2451 3069; x_wconf 79' lang='lat' dir='ltr'><strong>Terrigenasque</strong></span> <span class='ocrx_word' id='word_1_562' title='bbox 2486 2999 2648 3065; x_wconf 88' lang='lat' dir='ltr'><strong>deos,</strong></span> <span class='ocrx_word' id='word_1_563' title='bbox 2673 2999 3094 3068; x_wconf 82' lang='lat' dir='ltr'><strong>antiquioresque</strong></span> <span class='ocrx_word' id='word_1_564' title='bbox 3129 2999 3326 3070; x_wconf 85' lang='lat' dir='ltr'><strong>origine</strong></span> <span class='ocrx_word' id='word_1_565' title='bbox 3359 2999 3597 3058; x_wconf 85' lang='lat' dir='ltr'><strong>Titanas.</strong></span> 
     </span>
    </p>
   </div>
   <div class='ocr_carea' id='block_1_80' title="bbox 1968 3110 2449 3201">
    <p class='ocr_par' dir='ltr' id='par_1_80' title="bbox 1968 3110 2449 3201">
     <span class='ocr_line' id='line_1_80' title="bbox 1968 3110 2449 3201; baseline 0.004 -35"><span class='ocrx_word' id='word_1_566' title='bbox 1968 3144 2011 3201; x_wconf 66' lang='grc' dir='ltr'><strong>ο</strong></span> <span class='ocrx_word' id='word_1_567' title='bbox 2046 3110 2138 3167; x_wconf 91' lang='lat' dir='ltr'><strong>Sic</strong></span> <span class='ocrx_word' id='word_1_568' title='bbox 2164 3111 2449 3177; x_wconf 82' lang='lat' dir='ltr'><strong>Homerus,</strong></span> 
     </span>
    </p>
   </div>
   <div class='ocr_carea' id='block_1_81' title="bbox 2043 3225 3473 3298">
    <p class='ocr_par' dir='ltr' id='par_1_81' title="bbox 2043 3225 3473 3298">
     <span class='ocr_line' id='line_1_81' title="bbox 2043 3225 3473 3298; baseline 0 -17"><span class='ocrx_word' id='word_1_569' title='bbox 2043 3225 2409 3296; x_wconf 86' lang='lat' dir='ltr'><strong>Oceanumque</strong></span> <span class='ocrx_word' id='word_1_570' title='bbox 2440 3226 2607 3280; x_wconf 87' lang='lat' dir='ltr'><strong>Deum</strong></span> <span class='ocrx_word' id='word_1_571' title='bbox 2635 3225 2908 3296; x_wconf 81' lang='lat' dir='ltr'><strong>originem,</strong></span> <span class='ocrx_word' id='word_1_572' title='bbox 2929 3235 2979 3278; x_wconf 88' lang='lat' dir='ltr'><strong>et</strong></span> <span class='ocrx_word' id='word_1_573' title='bbox 3009 3235 3228 3280; x_wconf 85' lang='lat' dir='ltr'><strong>matrem</strong></span> <span class='ocrx_word' id='word_1_574' title='bbox 3255 3227 3473 3298; x_wconf 81' lang='lat' dir='ltr'><strong>Tethyn.</strong></span> 
     </span>
    </p>
   </div>
   <div class='ocr_carea' id='block_1_82' title="bbox 2109 3337 3598 3406">
    <p class='ocr_par' dir='ltr' id='par_1_82' title="bbox 2109 3337 3598 3406">
     <span class='ocr_line' id='line_1_82' title="bbox 2109 3337 3598 3406; baseline 0.003 -15"><span class='ocrx_word' id='word_1_575' title='bbox 2109 3337 2312 3404; x_wconf 86' lang='lat' dir='ltr'><strong>Quodsi</strong></span> <span class='ocrx_word' id='word_1_576' title='bbox 2357 3338 2423 3398; x_wconf 86' lang='lat' dir='ltr'><strong>ad</strong></span> <span class='ocrx_word' id='word_1_577' title='bbox 2474 3339 2721 3392; x_wconf 89' lang='lat' dir='ltr'><strong>homines</strong></span> <span class='ocrx_word' id='word_1_578' title='bbox 2775 3353 2873 3391; x_wconf 82' lang='lat' dir='ltr'><strong>vox</strong></span> <span class='ocrx_word' id='word_1_579' title='bbox 2923 3337 3012 3391; x_wconf 86' lang='lat' dir='ltr'><strong>illa</strong></span> <span class='ocrx_word' id='word_1_580' title='bbox 3041 3379 3054 3402; x_wconf 95' lang='lat'><strong>,</strong></span> <span class='ocrx_word' id='word_1_581' title='bbox 3088 3339 3268 3406; x_wconf 87' lang='lat' dir='ltr'><strong>prior,</strong></span> <span class='ocrx_word' id='word_1_582' title='bbox 3317 3338 3598 3395; x_wconf 73' lang='lat' dir='ltr'><strong>referenda</strong></span> 
     </span>
    </p>
   </div>
   <div class='ocr_carea' id='block_1_83' title="bbox 2042 3429 3595 3502">
    <p class='ocr_par' dir='ltr' id='par_1_83' title="bbox 2042 3429 3595 3502">
     <span class='ocr_line' id='line_1_83' title="bbox 2042 3429 3595 3502; baseline 0.003 -18"><span class='ocrx_word' id='word_1_583' title='bbox 2042 3429 2147 3494; x_wconf 87' lang='lat' dir='ltr'><strong>sit,</strong></span> <span class='ocrx_word' id='word_1_584' title='bbox 2184 3429 2249 3484; x_wconf 87' lang='lat' dir='ltr'><strong>de</strong></span> <span class='ocrx_word' id='word_1_585' title='bbox 2281 3439 2473 3500; x_wconf 83' lang='lat' dir='ltr'><strong>quarta</strong></span> <span class='ocrx_word' id='word_1_586' title='bbox 2527 3431 2594 3485; x_wconf 90' lang='lat' dir='ltr'><strong>ab</strong></span> <span class='ocrx_word' id='word_1_587' title='bbox 2635 3446 2799 3485; x_wconf 88' lang='lat' dir='ltr'><strong>aureo</strong></span> <span class='ocrx_word' id='word_1_588' title='bbox 2843 3445 3036 3501; x_wconf 79' lang='lat' dir='ltr'><strong>genere</strong></span> <span class='ocrx_word' id='word_1_589' title='bbox 3074 3431 3431 3487; x_wconf 88' lang='lat' dir='ltr'><strong>semideorum</strong></span> <span class='ocrx_word' id='word_1_590' title='bbox 3475 3450 3595 3502; x_wconf 85' lang='lat' dir='ltr'><strong>pro-</strong></span> 
     </span>
    </p>
   </div>
   <div class='ocr_carea' id='block_1_84' title="bbox 2042 3519 3596 3592">
    <p class='ocr_par' dir='ltr' id='par_1_84' title="bbox 2042 3519 3596 3592">
     <span class='ocr_line' id='line_1_84' title="bbox 2042 3519 3596 3592; baseline 0.004 -20"><span class='ocrx_word' id='word_1_591' title='bbox 2042 3520 2197 3589; x_wconf 90' lang='lat' dir='ltr'><strong>genie</strong></span> <span class='ocrx_word' id='word_1_592' title='bbox 2225 3519 2498 3589; x_wconf 89' lang='lat' dir='ltr'><strong>loquetur.</strong></span> <span class='ocrx_word' id='word_1_593' title='bbox 2530 3519 2662 3574; x_wconf 89' lang='lat' dir='ltr'><strong>Nam</strong></span> <span class='ocrx_word' id='word_1_594' title='bbox 2708 3536 2809 3576; x_wconf 89' lang='lat' dir='ltr'><strong>nos</strong></span> <span class='ocrx_word' id='word_1_595' title='bbox 2853 3521 2905 3574; x_wconf 91' lang='lat' dir='ltr'><strong>in</strong></span> <span class='ocrx_word' id='word_1_596' title='bbox 2951 3521 3143 3592; x_wconf 89' lang='lat' dir='ltr'><strong>quinta</strong></span> <span class='ocrx_word' id='word_1_597' title='bbox 3186 3523 3440 3592; x_wconf 85' lang='lat' dir='ltr'><strong>progenie</strong></span> <span class='ocrx_word' id='word_1_598' title='bbox 3471 3539 3596 3589; x_wconf 83' lang='lat' dir='ltr'><strong>ceu-</strong></span> 
     </span>
    </p>
   </div>
   <div class='ocr_carea' id='block_1_85' title="bbox 2043 3609 3597 3684">
    <p class='ocr_par' dir='ltr' id='par_1_85' title="bbox 2043 3609 3597 3684">
     <span class='ocr_line' id='line_1_85' title="bbox 2043 3609 3597 3684; baseline 0.001 -18"><span class='ocrx_word' id='word_1_599' title='bbox 2043 3625 2246 3666; x_wconf 90' lang='lat' dir='ltr'><strong>semur.</strong></span> <span class='ocrx_word' id='word_1_600' title='bbox 2280 3610 2358 3664; x_wconf 86' lang='lat' dir='ltr'><strong>Ac</strong></span> <span class='ocrx_word' id='word_1_601' title='bbox 2403 3617 2688 3680; x_wconf 79' lang='lat' dir='ltr'><strong>prepterea</strong></span> <span class='ocrx_word' id='word_1_602' title='bbox 2737 3609 2961 3666; x_wconf 85' lang='lat' dir='ltr'><strong>Titanas</strong></span> <span class='ocrx_word' id='word_1_603' title='bbox 3005 3612 3215 3666; x_wconf 84' lang='lat' dir='ltr'><strong>salvere</strong></span> <span class='ocrx_word' id='word_1_604' title='bbox 3256 3611 3430 3684; x_wconf 86' lang='lat' dir='ltr'><strong>jubet,</strong></span> <span class='ocrx_word' id='word_1_605' title='bbox 3465 3629 3597 3684; x_wconf 76' lang='lat' dir='ltr'><strong>quo~</strong></span> 
     </span>
    </p>
   </div>
   <div class='ocr_carea' id='block_1_86' title="bbox 1995 3699 3595 3778">
    <p class='ocr_par' dir='ltr' id='par_1_86' title="bbox 1995 3699 3595 3778">
     <span class='ocr_line' id='line_1_86' title="bbox 1995 3699 3595 3778; baseline 0.004 -25"><span class='ocrx_word' id='word_1_606' title='bbox 1995 3727 1998 3730; x_wconf 61' lang='grc' dir='ltr'><em>ο</em></span> <span class='ocrx_word' id='word_1_607' title='bbox 2042 3699 2185 3753; x_wconf 82' lang='lat' dir='ltr'><strong>niam</strong></span> <span class='ocrx_word' id='word_1_608' title='bbox 2214 3699 2267 3752; x_wconf 92' lang='lat' dir='ltr'><strong>in</strong></span> <span class='ocrx_word' id='word_1_609' title='bbox 2297 3700 2648 3768; x_wconf 89' lang='lat' dir='ltr'><strong>sequentibus</strong></span> <span class='ocrx_word' id='word_1_610' title='bbox 2681 3699 2970 3768; x_wconf 55' lang='lat' dir='ltr'><strong>Astraeum,</strong></span> <span class='ocrx_word' id='word_1_611' title='bbox 3009 3718 3176 3756; x_wconf 91' lang='lat' dir='ltr'><strong>unum</strong></span> <span class='ocrx_word' id='word_1_612' title='bbox 3199 3702 3264 3759; x_wconf 85' lang='lat' dir='ltr'><strong>de</strong></span> <span class='ocrx_word' id='word_1_613' title='bbox 3293 3701 3595 3778; x_wconf 80' lang='lat' dir='ltr'><strong>Titanibus,</strong></span> 
     </span>
    </p>
   </div>
   <div class='ocr_carea' id='block_1_87' title="bbox 2042 3791 2655 3861">
    <p class='ocr_par' dir='ltr' id='par_1_87' title="bbox 2042 3791 2655 3861">
     <span class='ocr_line' id='line_1_87' title="bbox 2042 3791 2655 3861; baseline 0.007 -19"><span class='ocrx_word' id='word_1_614' title='bbox 2042 3791 2298 3861; x_wconf 63' lang='lat' dir='ltr'><strong>praedicat</strong></span> <span class='ocrx_word' id='word_1_615' title='bbox 2323 3791 2408 3845; x_wconf 85' lang='lat' dir='ltr'><strong>bis</strong></span> <span class='ocrx_word' id='word_1_616' title='bbox 2439 3793 2620 3846; x_wconf 86' lang='lat' dir='ltr'><strong>verbis</strong></span> <span class='ocrx_word' id='word_1_617' title='bbox 2642 3811 2655 3846; x_wconf 75' lang='grc' dir='ltr'>ε</span> 
     </span>
    </p>
   </div>
   <div class='ocr_carea' id='block_1_88' title="bbox 2043 3904 3356 3978">
    <p class='ocr_par' dir='ltr' id='par_1_88' title="bbox 2043 3904 3356 3978">
     <span class='ocr_line' id='line_1_88' title="bbox 2043 3904 3356 3978; baseline 0.005 -20"><span class='ocrx_word' id='word_1_618' title='bbox 2043 3904 2163 3978; x_wconf 74' lang='lat' dir='ltr'><strong>Sive</strong></span> <span class='ocrx_word' id='word_1_619' title='bbox 2187 3905 2347 3973; x_wconf 86' lang='lat' dir='ltr'><strong>igitur</strong></span> <span class='ocrx_word' id='word_1_620' title='bbox 2380 3906 2572 3978; x_wconf 72' lang='lat' dir='ltr'><strong>Astrazi</strong></span> <span class='ocrx_word' id='word_1_621' title='bbox 2597 3906 2739 3960; x_wconf 84' lang='lat' dir='ltr'><strong>illius</strong></span> <span class='ocrx_word' id='word_1_622' title='bbox 2762 3907 2932 3976; x_wconf 85' lang='lat' dir='ltr'><strong>proles</strong></span> <span class='ocrx_word' id='word_1_623' title='bbox 2968 3925 2984 3964; x_wconf 87' lang='lat'><strong>:</strong></span> <span class='ocrx_word' id='word_1_624' title='bbox 3023 3925 3171 3978; x_wconf 76' lang='lat' dir='ltr'><strong>quem</strong></span> <span class='ocrx_word' id='word_1_625' title='bbox 3209 3909 3356 3970; x_wconf 85' lang='lat' dir='ltr'><strong>aiunt</strong></span> 
     </span>
    </p>
   </div>
   <div class='ocr_carea' id='block_1_89' title="bbox 2041 3975 3005 4044">
    <p class='ocr_par' dir='ltr' id='par_1_89' title="bbox 2041 3975 3005 4044">
     <span class='ocr_line' id='line_1_89' title="bbox 2041 3975 3005 4044; baseline 0.004 -16"><span class='ocrx_word' id='word_1_626' title='bbox 2041 3975 2319 4029; x_wconf 84' lang='lat' dir='ltr'><strong>Astrorum</strong></span> <span class='ocrx_word' id='word_1_627' title='bbox 2349 3976 2618 4044; x_wconf 85' lang='lat' dir='ltr'><strong>antiquum</strong></span> <span class='ocrx_word' id='word_1_628' title='bbox 2646 3975 2846 4044; x_wconf 79' lang='lat' dir='ltr'><strong>patrem</strong></span> <span class='ocrx_word' id='word_1_629' title='bbox 2875 3995 3005 4032; x_wconf 88' lang='lat' dir='ltr'><strong>esse.</strong></span> 
     </span>
    </p>
   </div>
   <div class='ocr_carea' id='block_1_90' title="bbox 2113 4087 3594 4165">
    <p class='ocr_par' dir='ltr' id='par_1_90' title="bbox 2113 4087 3594 4165">
     <span class='ocr_line' id='line_1_90' title="bbox 2113 4087 3594 4165; baseline 0.006 -24"><span class='ocrx_word' id='word_1_630' title='bbox 2113 4087 2228 4143; x_wconf 85' lang='lat' dir='ltr'><strong>Hoc</strong></span> <span class='ocrx_word' id='word_1_631' title='bbox 2272 4088 2448 4158; x_wconf 91' lang='lat' dir='ltr'><strong>ipsum</strong></span> <span class='ocrx_word' id='word_1_632' title='bbox 2479 4104 2606 4143; x_wconf 85' lang='lat' dir='ltr'><strong>vero</strong></span> <span class='ocrx_word' id='word_1_633' title='bbox 2646 4099 2753 4144; x_wconf 89' lang='lat' dir='ltr'><strong>tam</strong></span> <span class='ocrx_word' id='word_1_634' title='bbox 2796 4106 2919 4148; x_wconf 89' lang='lat' dir='ltr'><strong>cum</strong></span> <span class='ocrx_word' id='word_1_635' title='bbox 2957 4092 3402 4162; x_wconf 66' lang='lat' dir='ltr'><strong>praecedentibus,</strong></span> <span class='ocrx_word' id='word_1_636' title='bbox 3433 4111 3594 4165; x_wconf 82' lang='lat' dir='ltr'><strong>quam</strong></span> 
     </span>
    </p>
   </div>
   <div class='ocr_carea' id='block_1_91' title="bbox 2043 4179 3594 4255">
    <p class='ocr_par' dir='ltr' id='par_1_91' title="bbox 2043 4179 3594 4255">
     <span class='ocr_line' id='line_1_91' title="bbox 2043 4179 3594 4255; baseline 0.003 -20"><span class='ocrx_word' id='word_1_637' title='bbox 2043 4195 2166 4235; x_wconf 91' lang='lat' dir='ltr'><strong>cum</strong></span> <span class='ocrx_word' id='word_1_638' title='bbox 2217 4179 2572 4249; x_wconf 88' lang='lat' dir='ltr'><strong>sequentibus</strong></span> <span class='ocrx_word' id='word_1_639' title='bbox 2623 4182 2866 4250; x_wconf 83' lang='lat' dir='ltr'><strong>copulari</strong></span> <span class='ocrx_word' id='word_1_640' title='bbox 2911 4190 3110 4255; x_wconf 84' lang='lat' dir='ltr'><strong>potest,</strong></span> <span class='ocrx_word' id='word_1_641' title='bbox 3147 4185 3594 4254; x_wconf 84' lang='lat' dir='ltr'><strong>quemadmodum</strong></span> 
     </span>
    </p>
   </div>
   <div class='ocr_carea' id='block_1_92' title="bbox 2045 4269 3584 4346">
    <p class='ocr_par' dir='ltr' id='par_1_92' title="bbox 2045 4269 3584 4346">
     <span class='ocr_line' id='line_1_92' title="bbox 2045 4269 3584 4346; baseline 0.002 -21"><span class='ocrx_word' id='word_1_642' title='bbox 2045 4270 2189 4325; x_wconf 91' lang='lat' dir='ltr'><strong>istud</strong></span> <span class='ocrx_word' id='word_1_643' title='bbox 2221 4289 2235 4324; x_wconf 75' lang='grc' dir='ltr'><strong>ι</strong></span> <span class='ocrx_word' id='word_1_644' title='bbox 2265 4269 2490 4334; x_wconf 86' lang='lat' dir='ltr'><strong>Salvete,</strong></span> <span class='ocrx_word' id='word_1_645' title='bbox 2522 4269 2712 4336; x_wconf 74' lang='lat' dir='ltr'><strong>Musaz,</strong></span> <span class='ocrx_word' id='word_1_646' title='bbox 2743 4287 2838 4346; x_wconf 87' lang='lat' dir='ltr'><strong>per</strong></span> <span class='ocrx_word' id='word_1_647' title='bbox 2862 4275 3099 4346; x_wconf 86' lang='lat' dir='ltr'><strong>seipsum</strong></span> <span class='ocrx_word' id='word_1_648' title='bbox 3132 4293 3146 4329; x_wconf 87' lang='lat'><strong>;</strong></span> <span class='ocrx_word' id='word_1_649' title='bbox 3174 4274 3384 4339; x_wconf 82' lang='lat' dir='ltr'><strong>deinde,</strong></span> <span class='ocrx_word' id='word_1_650' title='bbox 3418 4275 3584 4339; x_wconf 79' lang='lat' dir='ltr'><strong>admo-</strong></span> 
     </span>
    </p>
   </div>
   <div class='ocr_carea' id='block_1_93' title="bbox 2044 4361 2802 4432">
    <p class='ocr_par' dir='ltr' id='par_1_93' title="bbox 2044 4361 2802 4432">
     <span class='ocr_line' id='line_1_93' title="bbox 2044 4361 2802 4432; baseline 0.004 -18"><span class='ocrx_word' id='word_1_651' title='bbox 2044 4361 2168 4415; x_wconf 88' lang='lat' dir='ltr'><strong>dum</strong></span> <span class='ocrx_word' id='word_1_652' title='bbox 2197 4378 2394 4427; x_wconf 82' lang='lat' dir='ltr'><strong>omnes,</strong></span> <span class='ocrx_word' id='word_1_653' title='bbox 2423 4363 2756 4432; x_wconf 73' lang='lat' dir='ltr'><strong>conjunction</strong></span> <span class='ocrx_word' id='word_1_654' title='bbox 2789 4381 2802 4417; x_wconf 88' lang='lat'>:</span> 
     </span>
    </p>
   </div>
   <div class='ocr_carea' id='block_1_94' title="bbox 2465 4473 3249 4545">
    <p class='ocr_par' dir='ltr' id='par_1_94' title="bbox 2465 4473 3249 4545">
     <span class='ocr_line' id='line_1_94' title="bbox 2465 4473 3249 4545; baseline 0.003 -17"><span class='ocrx_word' id='word_1_655' title='bbox 2465 4473 2672 4545; x_wconf 77' lang='lat' dir='ltr'><strong>quidem</strong></span> <span class='ocrx_word' id='word_1_656' title='bbox 2701 4475 2769 4528; x_wconf 81' lang='lat' dir='ltr'><strong>ad</strong></span> <span class='ocrx_word' id='word_1_657' title='bbox 2798 4477 2977 4530; x_wconf 82' lang='lat' dir='ltr'><strong>stellas</strong></span> <span class='ocrx_word' id='word_1_658' title='bbox 3006 4475 3249 4530; x_wconf 83' lang='lat' dir='ltr'><strong>dicendas</strong></span> 
     </span>
    </p>
   </div>
   <div class='ocr_carea' id='block_1_95' title="bbox 2048 4546 3317 4617">
    <p class='ocr_par' dir='ltr' id='par_1_95' title="bbox 2048 4546 3317 4617">
     <span class='ocr_line' id='line_1_95' title="bbox 2048 4546 3317 4617; baseline -0.003 -14"><span class='ocrx_word' id='word_1_659' title='bbox 2048 4547 2108 4604; x_wconf 89' lang='lat' dir='ltr'><strong>Si</strong></span> <span class='ocrx_word' id='word_1_660' title='bbox 2131 4548 2214 4617; x_wconf 80' lang='lat' dir='ltr'><strong>fas</strong></span> <span class='ocrx_word' id='word_1_661' title='bbox 2235 4556 2334 4611; x_wconf 86' lang='lat' dir='ltr'><strong>est,</strong></span> <span class='ocrx_word' id='word_1_662' title='bbox 2363 4546 2596 4616; x_wconf 84' lang='lat' dir='ltr'><strong>precanti</strong></span> <span class='ocrx_word' id='word_1_663' title='bbox 2618 4547 2839 4614; x_wconf 86' lang='lat' dir='ltr'><strong>promite</strong></span> <span class='ocrx_word' id='word_1_664' title='bbox 2865 4563 3062 4600; x_wconf 88' lang='lat' dir='ltr'><strong>omnem</strong></span> <span class='ocrx_word' id='word_1_665' title='bbox 3086 4557 3317 4610; x_wconf 81' lang='lat' dir='ltr'><strong>cantum,</strong></span> 
     </span>
    </p>
   </div>
   <div class='ocr_carea' id='block_1_96' title="bbox 2047 4655 3592 4727">
    <p class='ocr_par' dir='ltr' id='par_1_96' title="bbox 2047 4655 3592 4727">
     <span class='ocr_line' id='line_1_96' title="bbox 2047 4655 3592 4727; baseline -0.001 -13"><span class='ocrx_word' id='word_1_666' title='bbox 2047 4659 2163 4714; x_wconf 84' lang='lat' dir='ltr'><strong>Vox</strong></span> <span class='ocrx_word' id='word_1_667' title='bbox 2192 4659 2302 4723; x_wconf 77' lang='lat' dir='ltr'><strong>illa,</strong></span> <span class='ocrx_word' id='word_1_668' title='bbox 2355 4657 2463 4726; x_wconf 81' lang='lat' dir='ltr'><strong>fas,</strong></span> <span class='ocrx_word' id='word_1_669' title='bbox 2499 4657 2749 4727; x_wconf 84' lang='lat' dir='ltr'><strong>ambigua</strong></span> <span class='ocrx_word' id='word_1_670' title='bbox 2781 4666 2884 4714; x_wconf 86' lang='lat' dir='ltr'><strong>est.</strong></span> <span class='ocrx_word' id='word_1_671' title='bbox 2915 4655 3047 4710; x_wconf 87' lang='lat' dir='ltr'><strong>Nam</strong></span> <span class='ocrx_word' id='word_1_672' title='bbox 3099 4668 3191 4714; x_wconf 82' lang='lat' dir='ltr'><strong>aut</strong></span> <span class='ocrx_word' id='word_1_673' title='bbox 3230 4657 3592 4714; x_wconf 87' lang='lat' dir='ltr'><strong>antecedenti-</strong></span> 
     </span>
    </p>
   </div>
   <div class='ocr_carea' id='block_1_97' title="bbox 2047 4748 3590 4819">
    <p class='ocr_par' dir='ltr' id='par_1_97' title="bbox 2047 4748 3590 4819">
     <span class='ocr_line' id='line_1_97' title="bbox 2047 4748 3590 4819; baseline -0.003 -11"><span class='ocrx_word' id='word_1_674' title='bbox 2047 4753 2170 4817; x_wconf 86' lang='lat' dir='ltr'><strong>bus,</strong></span> <span class='ocrx_word' id='word_1_675' title='bbox 2202 4758 2298 4808; x_wconf 89' lang='lat' dir='ltr'><strong>aut</strong></span> <span class='ocrx_word' id='word_1_676' title='bbox 2345 4749 2697 4819; x_wconf 86' lang='lat' dir='ltr'><strong>sequentibus</strong></span> <span class='ocrx_word' id='word_1_677' title='bbox 2738 4749 3072 4804; x_wconf 87' lang='lat' dir='ltr'><strong>annectenda</strong></span> <span class='ocrx_word' id='word_1_678' title='bbox 3103 4757 3206 4804; x_wconf 91' lang='lat' dir='ltr'><strong>est.</strong></span> <span class='ocrx_word' id='word_1_679' title='bbox 3249 4748 3507 4806; x_wconf 81' lang='lat' dir='ltr'><strong>Videlicet</strong></span> <span class='ocrx_word' id='word_1_680' title='bbox 3539 4762 3590 4804; x_wconf 84' lang='lat' dir='ltr'><strong>ut</strong></span> 
     </span>
    </p>
   </div>
   <div class='ocr_carea' id='block_1_98' title="bbox 2050 4840 3588 4912">
    <p class='ocr_par' dir='ltr' id='par_1_98' title="bbox 2050 4840 3588 4912">
     <span class='ocr_line' id='line_1_98' title="bbox 2050 4840 3588 4912; baseline -0.002 -14"><span class='ocrx_word' id='word_1_681' title='bbox 2050 4845 2124 4904; x_wconf 78' lang='lat' dir='ltr'><strong>ita</strong></span> <span class='ocrx_word' id='word_1_682' title='bbox 2154 4851 2502 4905; x_wconf 86' lang='lat' dir='ltr'><strong>construatur</strong></span> <span class='ocrx_word' id='word_1_683' title='bbox 2539 4860 2554 4896; x_wconf 74' lang='grc' dir='ltr'><strong>ι</strong></span> <span class='ocrx_word' id='word_1_684' title='bbox 2585 4841 2652 4896; x_wconf 89' lang='lat' dir='ltr'><strong>ad</strong></span> <span class='ocrx_word' id='word_1_685' title='bbox 2694 4841 2876 4896; x_wconf 82' lang='lat' dir='ltr'><strong>stellas</strong></span> <span class='ocrx_word' id='word_1_686' title='bbox 2905 4840 3175 4908; x_wconf 84' lang='lat' dir='ltr'><strong>dicendas,</strong></span> <span class='ocrx_word' id='word_1_687' title='bbox 3205 4853 3261 4896; x_wconf 87' lang='lat' dir='ltr'><strong>ut</strong></span> <span class='ocrx_word' id='word_1_688' title='bbox 3281 4842 3446 4906; x_wconf 85' lang='lat' dir='ltr'><strong>decet,</strong></span> <span class='ocrx_word' id='word_1_689' title='bbox 3476 4859 3588 4912; x_wconf 79' lang='lat' dir='ltr'><strong>prv-</strong></span> 
     </span>
    </p>
   </div>
   <div class='ocr_carea' id='block_1_99' title="bbox 2052 4930 3594 5001">
    <p class='ocr_par' dir='ltr' id='par_1_99' title="bbox 2052 4930 3594 5001">
     <span class='ocr_line' id='line_1_99' title="bbox 2052 4930 3594 5001; baseline -0.001 -11"><span class='ocrx_word' id='word_1_690' title='bbox 2052 4934 2204 4999; x_wconf 84' lang='lat' dir='ltr'><strong>mite;</strong></span> <span class='ocrx_word' id='word_1_691' title='bbox 2233 4934 2315 4989; x_wconf 76' lang='grc' dir='ltr'><strong>νει</strong></span> <span class='ocrx_word' id='word_1_692' title='bbox 2349 4952 2364 4988; x_wconf 87' lang='lat'><strong>:</strong></span> <span class='ocrx_word' id='word_1_693' title='bbox 2401 4932 2632 5001; x_wconf 87' lang='lat' dir='ltr'><strong>precanti</strong></span> <span class='ocrx_word' id='word_1_694' title='bbox 2674 4941 2731 4987; x_wconf 84' lang='lat' dir='ltr'><strong>ut</strong></span> <span class='ocrx_word' id='word_1_695' title='bbox 2773 4931 3007 4992; x_wconf 83' lang='lat' dir='ltr'><strong>decentia</strong></span> <span class='ocrx_word' id='word_1_696' title='bbox 3043 4930 3166 4987; x_wconf 85' lang='lat' dir='ltr'><strong>date</strong></span> <span class='ocrx_word' id='word_1_697' title='bbox 3197 4932 3324 4987; x_wconf 84' lang='lat' dir='ltr'><strong>mihi</strong></span> <span class='ocrx_word' id='word_1_698' title='bbox 3345 4933 3532 4996; x_wconf 86' lang='lat' dir='ltr'><strong>dicere,</strong></span> <span class='ocrx_word' id='word_1_699' title='bbox 3567 4951 3594 4988; x_wconf 88' lang='grc' dir='ltr'>ο</span> 
     </span>
    </p>
   </div>
   <div class='ocr_carea' id='block_1_100' title="bbox 2047 5023 3592 5096">
    <p class='ocr_par' dir='ltr' id='par_1_100' title="bbox 2047 5023 3592 5096">
     <span class='ocr_line' id='line_1_100' title="bbox 2047 5023 3592 5096; baseline 0 -16"><span class='ocrx_word' id='word_1_700' title='bbox 2047 5025 2237 5094; x_wconf 71' lang='lat' dir='ltr'><strong>Husw.</strong></span> <span class='ocrx_word' id='word_1_701' title='bbox 2255 5025 2350 5081; x_wconf 85' lang='lat' dir='ltr'><strong>Est</strong></span> <span class='ocrx_word' id='word_1_702' title='bbox 2361 5033 2538 5086; x_wconf 83' lang='lat' dir='ltr'><strong>autem</strong></span> <span class='ocrx_word' id='word_1_703' title='bbox 2549 5025 2874 5096; x_wconf 84' lang='grc' dir='ltr'><em>τεκμήρατε,</em></span> <span class='ocrx_word' id='word_1_704' title='bbox 2893 5043 2911 5076; x_wconf 75' lang='grc' dir='ltr'><strong>ι</strong></span> <span class='ocrx_word' id='word_1_705' title='bbox 2925 5023 2989 5076; x_wconf 84' lang='lat' dir='ltr'><strong>ad</strong></span> <span class='ocrx_word' id='word_1_706' title='bbox 3009 5023 3166 5080; x_wconf 79' lang='lat' dir='ltr'><strong>tinem</strong></span> <span class='ocrx_word' id='word_1_707' title='bbox 3184 5041 3352 5096; x_wconf 89' lang='lat' dir='ltr'><strong>usque</strong></span> <span class='ocrx_word' id='word_1_708' title='bbox 3366 5025 3528 5082; x_wconf 87' lang='lat' dir='ltr'><strong>dicite</strong></span> <span class='ocrx_word' id='word_1_709' title='bbox 3545 5043 3592 5093; x_wconf 73' lang='grc' dir='ltr'><strong>ςι</strong></span> 
     </span>
    </p>
   </div>
   <div class='ocr_carea' id='block_1_101' title="bbox 2047 5115 3076 5190">
    <p class='ocr_par' dir='ltr' id='par_1_101' title="bbox 2047 5115 3076 5190">
     <span class='ocr_line' id='line_1_101' title="bbox 2047 5115 3076 5190; baseline -0.001 -18"><span class='ocrx_word' id='word_1_710' title='bbox 2047 5118 2268 5190; x_wconf 76' lang='grc' dir='ltr'><em>τέκμωρ</em></span> <span class='ocrx_word' id='word_1_711' title='bbox 2299 5117 2440 5174; x_wconf 90' lang='lat' dir='ltr'><strong>enim</strong></span> <span class='ocrx_word' id='word_1_712' title='bbox 2479 5133 2498 5166; x_wconf 78' lang='grc' dir='ltr'><strong>ι</strong></span> <span class='ocrx_word' id='word_1_713' title='bbox 2532 5115 2692 5172; x_wconf 83' lang='lat' dir='ltr'><strong>linem</strong></span> <span class='ocrx_word' id='word_1_714' title='bbox 2733 5134 2753 5166; x_wconf 70' lang='grc' dir='ltr'><strong>ι</strong></span> <span class='ocrx_word' id='word_1_715' title='bbox 2787 5115 3076 5186; x_wconf 78' lang='lat' dir='ltr'><strong>signiﬁcat.</strong></span> 
     </span>
    </p>
   </div>
   <div class='ocr_carea' id='block_1_102' title="bbox 454 5242 3242 5356">
    <p class='ocr_par' dir='ltr' id='par_1_102' title="bbox 454 5242 3242 5356">
     <span class='ocr_line' id='line_1_102' title="bbox 454 5242 3242 5356; baseline -0.004 -21"><span class='ocrx_word' id='word_1_716' title='bbox 454 5282 500 5314; x_wconf 67' lang='grc' dir='ltr'><strong>δ’</strong></span> <span class='ocrx_word' id='word_1_717' title='bbox 533 5281 576 5354; x_wconf 73' lang='grc' dir='ltr'><em>Ῑ.</em></span> <span class='ocrx_word' id='word_1_718' title='bbox 611 5281 890 5356; x_wconf 79' lang='grc' dir='ltr'><em>ὲμπέριος.</em></span> <span class='ocrx_word' id='word_1_719' title='bbox 963 5279 1007 5310; x_wconf 79' lang='grc'><strong>⁸⁸</strong></span> <span class='ocrx_word' id='word_1_720' title='bbox 1037 5278 1190 5334; x_wconf 85' lang='lat' dir='ltr'><strong>Deest</strong></span> <span class='ocrx_word' id='word_1_721' title='bbox 1227 5275 1447 5348; x_wconf 86' lang='lat' dir='ltr'><strong>aliquid.</strong></span> <span class='ocrx_word' id='word_1_722' title='bbox 1491 5272 1668 5351; x_wconf 80' lang='lat' dir='ltr'><strong>(Quod</strong></span> <span class='ocrx_word' id='word_1_723' title='bbox 1701 5289 1801 5338; x_wconf 82' lang='lat' dir='ltr'><strong>nos</strong></span> <span class='ocrx_word' id='word_1_724' title='bbox 1821 5271 2122 5353; x_wconf 85' lang='lat' dir='ltr'><strong>supplendo</strong></span> <span class='ocrx_word' id='word_1_725' title='bbox 2151 5286 2178 5326; x_wconf 80' lang='grc' dir='ltr'><strong>ε</strong></span> <span class='ocrx_word' id='word_1_726' title='bbox 2212 5268 2479 5338; x_wconf 81' lang='lat' dir='ltr'><strong>versione,</strong></span> <span class='ocrx_word' id='word_1_727' title='bbox 2512 5242 2670 5336; x_wconf 82' lang='lat' dir='ltr'><strong>uncis</strong></span> <span class='ocrx_word' id='word_1_728' title='bbox 2695 5270 3031 5336; x_wconf 83' lang='lat' dir='ltr'><strong>inclusimus.</strong></span> <span class='ocrx_word' id='word_1_729' title='bbox 3063 5268 3242 5340; x_wconf 82' lang='lat' dir='ltr'><strong>Emr.)</strong></span> 
     </span>
    </p>
   </div>
   <div class='ocr_carea' id='block_1_103' title="bbox 1764 5557 2245 5592">
    <p class='ocr_par' dir='ltr' id='par_1_103' title="bbox 1764 5557 2245 5592">
     <span class='ocr_line' id='line_1_103' title="bbox 1764 5557 2245 5592; baseline -0.01 -4"><span class='ocrx_word' id='word_1_730' title='bbox 1764 5557 2245 5592; x_wconf 45' lang='grc' dir='ltr'><strong>ξ--ηο--ι-φ</strong></span> 
     </span>
    </p>
   </div>
  </div>
