4044 6220
521 289 653 343 H67

1514 286 1603 340 AD
1641 283 1908 341 EﬁSEBll
1942 281 2334 342 CHRONICON
2370 284 2724 341 APPENDlX.
3583 280 3709 335 διεδ

1595 616 2672 755 ΘΕΟΔΩΡΟΥ

1772 857 2024 946 ΠΕΡΙ
2061 856 2458 945 ΜΗΝΩΝ

881 1127 1498 1222 ΤΗΕΟΒΟΡιΙ
1589 1132 1912 1223 GAZIE
2050 1135 2060 1219 l

2185 1133 2410 1222 BER
2479 1130 2624 1220 DE
2697 1123 3296 1218 MENSIBUS

1471 1318 1775 1380 JOANNE
1812 1321 2189 1381 PERRELLO
2231 1318 2723 1380 INTERPRETE.

585 1530 740 1603 153
774 1530 814 1588 Ι.
845 1530 1030 1603 Operae
1051 1530 1267 1603 quidem
1305 1530 1536 1602 pretium
1572 1538 1679 1594 est,
1710 1535 1765 1586 et
1796 1531 2060 1588 mensium

2232 1530 2309 1584 A’.
2352 1526 2462 1597 Πρὸ
2496 1525 2655 1597 ἔργου
2703 1521 2801 1594 μὲν
2833 1521 2927 1575 καὶ
2961 1518 3023 1572 τδ
3048 1518 3144 1582 τὰς
3185 1513 3478 1587 ὀνομασίας
3519 1515 3721 1603 ειδέναι

515 1624 902 1695 appellationes
931 1638 1209 1696 pernosse,
1233 1623 1364 1679 etin
1391 1622 1461 1679 iis
1483 1622 1696 1679 utendis
1713 1622 1951 1680 Atticum
1972 1639 2063 1681 or-

513 1717 693 1772 dinem
723 1717 912 1788 sequi:
944 1732 1253 1788 quanquam
1276 1717 1329 1772 id
1356 1716 1572 1787 assequi
1610 1731 1717 1773 non
1757 1724 1844 1775 est
1883 1718 2061 1774 facile.

521 1808 800 1879 Siquidem
849 1809 1091 1864 virorum
1124 1807 1301 1878 prisca
1338 1815 1632 1880 nostraque
1655 1815 1813 1865 aetate
1858 1807 2062 1865 littera-

514 1915 634 1955 rum
661 1898 910 1954 doctrina
946 1900 1269 1971 insignium,
1314 1900 1507 1970 partim
1539 1900 1608 1956 de
1638 1899 1831 1957 ordine
1873 1917 2062 1957 eorum

514 1999 568 2045 et
592 2005 693 2045 usu
728 1990 928 2044 nullam
954 1990 1282 2045 mentionem
1320 1989 1599 2057 fecerunt;
1650 1991 1847 2061 partim
1877 1992 2064 2047 nescio

514 2080 647 2152 quid
691 2079 899 2137 ordinis
931 2079 1312 2136 tradiderunt:
1356 2094 1540 2134 verum
1596 2079 1725 2134 dum
1772 2095 1834 2136 se
1870 2089 2064 2153 putant

515 2179 828 2242 perpetuam
852 2172 1048 2227 seriem
1079 2170 1555 2240 colligere,procul
1578 2185 1607 2223 a
1635 2178 1782 2225 recta
1810 2171 2064 2227 aberrare

515 2261 689 2330 palam
752 2268 1070 2332 arguuntur.
1128 2259 1384 2315 Nonnulli
1450 2276 1577 2316 vero
1641 2260 2063 2333 interpretantes

516 2353 763 2422 quisnam
787 2352 857 2408 sit
884 2353 1084 2408 mensis
1107 2352 1540 2421 Hecatombmon,
1559 2354 1749 2424 quisve
1770 2352 2062 2420 Posideon,

514 2455 569 2498 et
598 2458 705 2513 quo
734 2452 890 2513 pacto
926 2444 1258 2515 reliquorum
1286 2445 1482 2514 cuique
1513 2459 1638 2499 cum
1664 2444 1935 2502 mensium
1960 2460 2063 2500 no-

517 2534 755 2590 minibus
783 2534 1072 2590 conveniat
1093 2574 1109 2599 ,
1157 2542 1216 2589 ut
1250 2551 1281 2589 a
1308 2534 1568 2592 Romanis
1598 2545 1837 2607 tempora
1868 2552 2061 2594 nume-

517 2630 732 2689 rantur,
760 2623 896 2678 nihil
920 2632 1179 2679 enarrant
1225 2625 1374 2689 sani,
1420 2641 1597 2696 neque
1642 2633 1789 2681 certe
1821 2641 2062 2683 consona

516 2715 656 2769 inter
683 2728 742 2770 se
767 2722 1227 2784 commemorant;
1259 2717 1354 2773 sed
1381 2717 1468 2772 hic
1492 2716 1737 2773 Martium
1772 2715 2064 2774 Hecatom-

517 2805 757 2861 baaonem
786 2812 962 2870 vocat,
990 2806 1080 2862 ille
1102 2804 1306 2861 Julium
1330 2825 1345 2874 ;
1375 2807 1664 2879 itidemque
1693 2808 1744 2863 in
1768 2809 1892 2864 aliis
1920 2809 2061 2866 inter

2159 1622 2266 1676 τῶν
2292 1618 2496 1693 μηνῶν,
2526 1618 2620 1673 καὶ
2658 1616 2809 1683 τάξει
2849 1611 3081 1684 χρῆσθαι
3123 1609 3199 1673 ὡς
3232 1608 3505 1678 Ἀθηναῖοι
3540 1601 3680 1678 ἦγον
3704 1622 3718 1635 ·

2168 1715 2229 1769 οὐ
2261 1713 2437 1788 ῥᾴδιον
2472 1710 2529 1765 δὲ
2553 1709 2710 1765 τοῦτο
2739 1706 2943 1761 λαϐεῖν.
2970 1702 3090 1757 Τῶν
3116 1718 3174 1756 τε
3202 1700 3309 1772 γὰρ
3333 1699 3597 1772 πρότερον
3624 1698 3723 1751 καὶ

2159 1806 2268 1862 τῶν
2293 1804 2413 1860 καθ’
2445 1804 2593 1875 ἡμᾶς
2630 1800 2694 1873 δὴ
2735 1797 3033 1868 ἐλλογίμων
3071 1795 3119 1848 οῖ
3150 1793 3248 1864 μὲν
3291 1791 3448 1845 οὐθὲν
3476 1789 3604 1862 περὶ
3625 1789 3725 1844 τά·

2165 1895 2295 1962 ξεως
2319 1895 2414 1949 καὶ
2441 1891 2628 1965 χρείας
2649 1891 2852 1960 ἔφασαν
2874 1887 3077 1941 τούτων
3099 1902 3113 1915 ’
3140 1886 3190 1938 oi.
3218 1883 3277 1937 δὲ
3298 1881 3451 1948 τάξιν
3475 1881 3574 1952 μέν
3598 1897 3722 1933 τινα

2161 1986 2558 2051 ἀποδεδώκασι,
2588 1983 2650 2039 τὸ
2670 1982 2866 2054 ἐφεξῆς
2906 1980 3139 2051 οἰόμενοι
3193 1977 3399 2046 λέγειν·
3450 1975 3637 2046 πόρρω
3665 1974 3723 2027 δὲ

2160 2079 2605 2150 ἀποπλανώμενοι
2632 2075 2724 2130 τοῦ
2747 2073 2905 2145 ὀρθοῦ
2930 2072 3238 2142 ἐλέγχονται
3266 2066 3533 2139 φανερῶς.
3552 2067 3617 2119 Ἕ
3633 2081 3726 2119 ,ιιι

2161 2171 2204 2225 δ’
2242 2168 2629 2243 ἑρμηνεύοντες
2653 2207 2667 2232 ,
2697 2167 2843 2228 ὅστις
2876 2163 2973 2234 μὲν
3009 2155 3415 2230 Ἐκατομϐαιὼν
3456 2155 3565 2210 τῶν
3613 2174 3722 2226 μη-

2162 2261 2287 2329 νῶν,
2326 2262 2470 2323 ὅστις
2493 2258 2550 2312 δὲ
2568 2255 2887 2321 Ποσειδεὼν,
2908 2254 3001 2309 καὶ
3019 2252 3126 2305 τῶν
3152 2250 3349 2304 λοιπῶν
3390 2248 3619 2310 ἔκαστος
3644 2245 3723 2309 ὡς

2161 2353 2487 2425 ὲφαρμόττοι
2530 2348 2665 2420 πρὸς
2706 2346 2775 2401 τὰ
2809 2346 3047 2416 ὀνόματα
3077 2342 3186 2396 τῶν
3220 2339 3437 2413 μηνῶν,
3470 2337 3724 2408 καθάπερ

2161 2448 2351 2518 ἄγουσι
2389 2447 2643 2517 Ῥωμαῖοι
2680 2444 2803 2508 τοὺς
2826 2442 3080 2516 χρόνους,
3108 2438 3260 2491 οὐδὲν
3292 2437 3321 2490 ὃ
3358 2453 3408 2489 τι
3438 2435 3533 2488 καὶ
3571 2432 3726 2502 ὑγιὲς

2162 2542 2333 2595 εἰπεῖν
2362 2535 2720 2601 ἀποδιδόασιν,
2748 2534 2869 2587 οὐδὲ
2896 2531 2960 2603 δὴ
3002 2528 3212 2600 συνῳδά
3237 2544 3300 2597 γε
3338 2525 3588 2597 ἀλλήλοις
3622 2542 3726 2593 φα-

2163 2631 2247 2686 σίν
2269 2647 2283 2662 ο
2309 2628 2423 2684 ἀλλ’
2447 2629 2476 2682 ὀ
2506 2627 2604 2700 μὲν
2628 2626 2871 2698 Μάρτιον
2904 2623 3051 2693 λέγει
3074 2621 3165 2676 τὸν
3197 2615 3665 2688 Ἑκατομϐαιῶνα,
3699 2617 3726 2668 ὀ

2157 2720 2218 2775 δὲ
2252 2718 2466 2775 Ἰούλιον
2485 2735 2498 2749 ’
2534 2716 2733 2789 ὁμοίως
2772 2714 2831 2770 δὲ
2857 2713 2994 2767 κάπῒ
3026 2712 3134 2766 τῶν
3160 2707 3333 2764 ἄλλων
3366 2705 3723 2777 διαφωνοῦσιν

2162 2812 2428 2884 ἀλλήλοις,
2451 2810 2565 2881 ἅμα
2591 2808 2684 2863 καὶ
2703 2805 3160 2877 διαμαρτάνοντες
3187 2801 3407 2855 ἕκαστοι
3432 2793 3665 2869 τάληθοῦ
3677 2813 3720 2858 ς.

516 2911 575 2951 se
605 2896 947 2963 discordant;
978 2911 1275 2968 omnesque
1305 2896 1465 2953 simul
1504 2914 1535 2953 a
1564 2899 1790 2955 veritate
1815 2899 1933 2972 ipsa
1954 2900 2060 2959 dis-

2160 2904 2270 2961 Καὶ
2300 2903 2526 2975 Πλήθων
2547 2901 2590 2955 δ’
2620 2901 2703 2969 ἐφ’
2732 2897 2887 2971 ἡμῶν
2923 2898 3064 2968 ἀνὴρ
3100 2894 3207 2950 τῶν
3235 2890 3531 2961 ἐπιφανῶν,
3565 2887 3723 2961 χαλε-

515 2987 736 3044 cedunt.
798 2988 864 3043 Et
906 3004 1037 3044 vero
1087 2988 1312 3045 Pletlion
1347 2992 1448 3046 hoc
1478 2992 1677 3048 saeculo
1707 2992 1793 3048 vir
1836 2992 2059 3061 clarus,

515 3095 801 3152 operosum
830 3089 1089 3153 reputans
1122 3082 1361 3138 invenire
1389 3097 1493 3153 qua
1531 3085 1741 3140 ratione
1765 3085 1837 3139 “lii
1871 3091 2062 3141 mutuo

515 3173 915 3244 respondeant,
954 3173 1226 3245 inquirere
1258 3175 1499 3244 destitit;
1533 3175 1590 3231 in
1619 3179 2059 3235 commentariis-

514 3281 621 3332 que
648 3264 718 3320 de
759 3265 934 3337 legum
978 3267 1338 3332 institutione,
1368 3282 1491 3323 cum
1518 3268 1585 3325 de
1615 3268 1824 3335 diebus,
1855 3271 2063 3328 mensi-

516 3353 639 3419 bus.
659 3363 715 3409 et
737 3370 880 3410 anno
907 3358 1214 3428 praecipiat;
1275 3374 1381 3428 qua
1436 3367 1613 3415 tamen
1655 3359 1867 3417 ratione
1894 3361 2061 3418 Athe-

514 3447 733 3504 nienses
770 3462 983 3503 menses
1026 3463 1154 3504 suos
1185 3458 1443 3520 agerent,
1487 3466 1556 3507 ne
1586 3450 1808 3508 verbum
1840 3448 2061 3523 quidem

516 3538 664 3594 facit.
697 3536 934 3595 Tametsi
967 3539 1024 3595 in
1054 3542 1265 3601 ceteris
1290 3542 1472 3608 rebus,
1501 3557 1621 3615 qua:
1644 3545 1708 3599 ad
1732 3560 1915 3601 vocem
1938 3560 2062 3615 spe-

515 3638 686 3699 ctant,
717 3647 811 3688 eos
840 3632 1083 3688 :emulari
1112 3632 1320 3705 magnis
1351 3634 1489 3691 votis
1517 3636 1718 3708 expetit
1743 3674 1759 3702 ,
1803 3637 1857 3692 in
1885 3651 2058 3710 eoque

517 3720 725 3786 sedulo,
751 3729 812 3776 et
838 3723 993 3793 quasi
1032 3722 1278 3781 affectate
1304 3739 1523 3796 Operam
1560 3736 1722 3782 navat
1751 3747 1766 3783 :
1796 3729 1890 3785 sed
1916 3730 2060 3801 quod

515 3812 679 3868 faciat
710 3814 888 3885 quivis
918 3830 949 3871 e
980 3817 1140 3888 vulgo
1165 3856 1182 3882 ,
1220 3816 1536 3887 simpliciter
1575 3818 1662 3874 hic
1684 3834 1752 3877 ex
1782 3822 2062 3881 accidente

515 3903 778 3970 nominat,
806 3903 1036 3974 primum
1068 3904 1233 3970 hunc,
1269 3906 1418 3962 illum
1450 3909 1790 3980 secundum;
1832 3914 2060 3983 pariter-

514 4007 618 4064 que
650 3993 820 4062 alios,
868 4003 927 4050 ut
955 3996 1219 4069 cujusque
1260 4001 1327 4051 ad
1360 4000 1592 4069 primum
1622 4002 1757 4056 ordo
1789 4018 1911 4060 sese
1959 4003 2060 4060 ba-

515 4075 643 4139 bet':
677 4099 782 4139 non
814 4101 973 4143 secus
1002 4103 1065 4142 ac
1104 4093 1152 4144 si
1177 4089 1300 4161 quis
1336 4105 1533 4146 manus
1570 4091 1771 4164 digitos
1809 4095 2059 4152 nomina-

517 4182 691 4239 turus,
745 4175 887 4231 hunc
924 4177 1170 4246 pollicem
1203 4193 1309 4234 non
1349 4187 1533 4243 vocet,
1582 4180 1732 4237 illum
1784 4184 2017 4241 indicem
2040 4228 2057 4254 ,

517 4264 681 4318 alium
719 4266 973 4329 medium,
1000 4274 1053 4323 et
1080 4268 1315 4340 reliquos
1363 4268 1612 4326 similiter
1643 4289 1658 4326 :
1692 4281 1747 4327 at
1783 4287 1895 4346 pre
1927 4288 2063 4332 con-

517 4357 829 4413 stitutorum
858 4360 1084 4432 singulis
1112 4362 1387 4417 nominum
1412 4366 1657 4435 penuria,
1681 4367 1940 4437 primum,
1975 4383 2061 4425 se—

514 4449 774 4515 cundum,
795 4459 846 4505 et
872 4453 1091 4508 tertium
1107 4452 1272 4508 dicat.
1298 4451 1484 4525 Neque
1515 4471 1644 4512 vero
1672 4458 1740 4513 iis
1767 4458 1858 4528 qui
1885 4462 2062 4515 multo

514 4550 643 4595 ante
688 4540 1020 4611 floruerunt,
1080 4544 1260 4603 minus
1317 4546 1530 4604 didicile
1603 4548 1771 4608 fuisse
1824 4551 2052 4611 vident:

510 4634 946 4705 quandoquidem
998 4639 1185 4694 Pollux
1224 4640 1425 4712 scripto
1466 4641 1543 4696 De
1581 4659 1754 4698 rerum
1786 4645 2056 4703 uocabulis
2100 4660 2103 4661 '

513 4725 654 4782 libro
677 4728 744 4783 ad
757 4726 1109 4786 Commodum
1137 4730 1424 4801 Caesarem,
1455 4735 1657 4791 mensis
1682 4736 1901 4807 quidem
1940 4740 2058 4798 dies

514 4827 575 4873 ut
622 4822 938 4877 numerandi
995 4831 1120 4880 sunt
1164 4824 1586 4897 nominandique
1626 4827 1795 4896 dicit;
1861 4832 1964 4887 etsi
2003 4830 2059 4885 id

514 4928 623 4967 non
660 4915 793 4971 satis
832 4924 981 4971 recte
1013 4933 1030 4985 ;
1075 4917 1222 4987 ipsos
1259 4933 1389 4975 vero
1434 4934 1654 4977 menses
1683 4920 1891 4980 Atticos
1923 4938 2059 4995 prae~

511 5006 779 5063 termittit.
814 5006 975 5078 Atqui
1010 5025 1106 5080 par
1129 5022 1244 5067 erat
1274 5027 1394 5067 eum
1428 5015 1748 5083 praesertim,
1774 5017 1866 5086 qui
1895 5014 2060 5075 Com-

517 5093 732 5148 modum
761 5095 949 5151 alienae
982 5099 1176 5169 linguae
1204 5102 1377 5156 virum
1416 5101 1592 5160 Attice
1622 5105 1769 5176 loqui
1799 5106 2054 5171 doceret,

512 5194 857 5240 enumeratos
887 5202 1217 5259 nuncupare,
1251 5199 1304 5247 et
1334 5193 1404 5264 (si
1433 5194 1593 5250 modo
1633 5196 1817 5269 sciret)
1852 5195 1916 5252 ad
1943 5198 2055 5267 ple-

514 5288 643 5328 num
668 5276 957 5347 explicare.
1007 5279 1123 5337 Non
1177 5282 1333 5341 facile
1377 5286 1541 5358 igitur
1585 5287 1794 5344 Atticos
1838 5305 2053 5347 menses

513 5362 773 5423 Romanis
799 5368 1026 5427 reddere
1065 5374 1393 5444 nominibus,
1417 5378 1937 5451 convenientemque
1964 5396 2058 5436 or-

515 5455 694 5512 dinem
714 5460 801 5516 bis
831 5465 1262 5522 accommodare.
1290 5464 1429 5522 Huic
1457 5468 1813 5527 nihilominus
1834 5472 2058 5543 inquisi-

2161 2996 2261 3051 πὸν
2287 2994 2584 3067 ἡγούμενος
2610 2991 2788 3064 εὑρεῖν
2817 2989 2880 3043 τὸ
2911 2987 3172 3056 ἀνάλογον
3203 2983 3411 3047 τούτοις
3432 3022 3447 3046 ,
3475 2980 3565 3034 εἶα
3601 2981 3723 3034 ἑπι-

2161 3088 2373 3160 ζητεῖν·
2404 3087 2506 3140 κάν
2549 3085 2662 3147 τοῖς
2703 3083 2828 3155 περὶ
2871 3080 3187 3153 νομοθεσίας
3230 3076 3294 3149 δὴ
3340 3075 3553 3144 λόγοις,
3599 3074 3723 3151 περὶ

2161 3176 2381 3250 ἡμερῶν
2417 3176 2510 3231 καὶ
2554 3172 2760 3247 μηνῶν,
2794 3173 2884 3229 καὶ
2917 3170 3162 3227 ἐνιαυτοῦ
3195 3165 3596 3239 ὑφηγούμενος,
3624 3164 3723 3216 οὐκ

2160 3268 2412 3340 ὀνομάζει
2438 3267 2513 3331 ὡς
2556 3264 2789 3319 Ἀττικοὶ
2814 3258 2948 3335 ἦγον
2969 3262 3096 3326 τοὺς
3126 3260 3299 3331 μῆνας
3332 3257 3533 3330 (καίτοι
3558 3254 3721 3308 τᾶλλα

2159 3358 2227 3414 τὰ
2260 3357 2389 3431 περὶ
2432 3357 2530 3428 τὴν
2569 3355 2749 3428 φωνὴν
2794 3351 3018 3405 ἕπεσθαι
3063 3345 3507 3421 προθυμούμενος
3542 3346 3719 3398 Ἀττιο

2160 3455 2295 3517 κοῖς,
2329 3450 2423 3506 καὶ
2460 3448 2661 3521 σφόδρα
2690 3446 2817 3519 περὶ
2846 3444 3013 3537 τοῦτὲ
3042 3441 3398 3512 σπουδάζων),
3432 3437 3548 3492 ἀλλ’
3586 3438 3721 3537 ὅπερ

2161 3544 2227 3599 ἂν
2256 3546 2285 3599 ὀ
2313 3540 2491 3614 τυχὼν
2512 3540 2677 3603 εἴποι,
2712 3536 2898 3600 ἁπλῶς
2920 3527 3087 3600 οὕτως
3111 3534 3174 3588 ὲκ
3196 3532 3288 3587 τοῦ
3315 3529 3721 3603 συμϐεϐηκότος

2160 3635 2344 3700 καλεῖ,
2382 3633 2472 3689 τὸν
2508 3633 2605 3705 μὲν
2650 3630 2883 3702 πρῶτον,
2922 3628 3011 3682 τὸν
3055 3626 3112 3683 δὲ
3147 3626 3427 3698 δεύτερον,
3469 3625 3567 3678 καὶ
3598 3624 3719 3686 τοὺς

2159 3728 2347 3790 ἄλλους
2382 3724 2608 3797 ὁμοίως,
2647 3723 2721 3788 ὡς
2774 3723 3001 3786 ἕκαστος
3046 3721 3157 3792 ἔχει
3201 3718 3404 3786 τάξεως
3448 3717 3587 3789 πρὸς
3630 3718 3717 3771 τόν

2160 3819 2373 3894 πρῶτον
2395 3834 2409 3847 ·
2444 3817 2691 3889 καθάπερ
2718 3817 2769 3870 εί
2798 3832 2900 3879 τις,
2934 3816 3055 3879 τοὺς
3085 3814 3182 3884 τῆς
3217 3813 3397 3885 χειρὸς
3421 3812 3719 3876 δακτύλους

2159 3915 2417 3986 ὀνομάσαι
2446 3910 2661 3978 ἐθέλων,
2689 3909 2749 3964 ού
2792 3910 2883 3963 τὸν
2932 3907 3029 3979 μὲν
3066 3906 3218 3962 καλεῖ
3265 3906 3459 3978 μέγαν.
3498 3907 3533 3978 ἢ
3568 3905 3717 3961 ἀντί-

2160 4022 2335 4078 χειρα,
2360 4005 2521 4061 τδνδὲ
2541 4003 2774 4075 λιχανὸν,
2805 4003 2894 4057 τὸν
2921 4001 2979 4055 δὲ
3010 4001 3194 4073 μέσον,
3229 3999 3471 4063 καὶτοὺς
3500 3998 3716 4060 λοιποὺς

2159 4099 2448 4164 ὡσαύτως·
2495 4097 2608 4153 ἀλλ’
2640 4098 2730 4151 ὑπ’
2763 4094 2992 4167 ἀπορίας
3028 4094 3132 4148 τῶν
3160 4094 3408 4156 ἑκάστοις
3450 4091 3714 4161 κειμένων

2162 4208 2226 4262 γε
2251 4192 2524 4263 ὀνομάτων
2557 4187 2787 4261 πρῶτον,
2814 4187 2906 4241 καὶ
2926 4185 3198 4257 δεύτερον,
3231 4184 3328 4241 καὶ
3350 4181 3525 4256 τρίτον
3548 4197 3712 4251 προσ-

2161 4282 2431 4355 αγορεύει.
2461 4281 2643 4336 Ἐοικε
2686 4280 2745 4335 δὲ
2776 4278 2909 4352 μηδὲ
2953 4280 3065 4342 τοῖς
3113 4276 3249 4332 πολὺ
3294 4274 3488 4348 πρόσθε
3527 4272 3708 4345 ῥᾴδιον

2161 4373 2297 4430 εἶναι
2323 4392 2336 4406 ο
2373 4376 2451 4429 ὅτι
2472 4374 2536 4446 δὴ
2561 4374 2655 4428 καὶ
2682 4372 3040 4443 Πολυδεύκης,
3067 4370 3138 4425 τὰ
3162 4365 3541 4441 Ὀνομαστικὰ
3559 4364 3708 4420 Καί-

2163 4482 2285 4538 σαρι
2312 4464 2584 4537 Κομμόδῳ
2630 4461 3045 4536 συγγεγραφὼς,
3075 4463 3174 4526 τὰς
3224 4461 3323 4533 μὲν
3365 4459 3571 4543 ἡμέρας
3612 4455 3713 4512 τοῦ

2163 4557 2326 4630 me;
2355 4558 2499 4621 ὅπως
2538 4556 2866 4629 ἀριθμητέον
2907 4571 2968 4609 τε
3018 4556 3112 4609 καὶ
3152 4552 3480 4625 ὀνομαστέον
3531 4550 3717 4618 λέγει,

2160 4654 2210 4704 εί
2254 4650 2347 4705 καὶ
2379 4650 2455 4722 μὴ
2496 4649 2696 4715 καλῶς,
2730 4649 2856 4713 τοὺς
2892 4652 3065 4722 μῆνας
3094 4648 3139 4700 δ’
3166 4648 3361 4709 αὐτοὺς
3394 4642 3717 4716 παρασιγῶν

2159 4742 2462 4797 ἀπολείπει.
2489 4743 2642 4816 Χρῆν
2672 4741 2729 4797 δὲ
2769 4740 3171 4815 καταριθμῆσαι
3201 4740 3295 4793 καὶ
3333 4737 3556 4801 τούτους
3597 4736 3718 4787 ὀνο-

2162 4836 2399 4908 μάζοντα
2434 4839 2527 4891 καὶ
2548 4835 2927 4906 διασαφοῦντα,
2955 4835 3112 4905 εἴπερ
3141 4832 3253 4906 ᾔδει
3274 4849 3288 4864 ο
3329 4830 3506 4893 ἄλλως
3536 4847 3595 4883 τε
3624 4830 3718 4881 καὶ

2157 4930 2439 5002 Κόμμοδον
2479 4930 2586 4984 τῶν
2634 4926 3039 5001 ἑτερογλώττων
3066 4926 3187 4981 τινά
3228 4924 3552 4989 ’Δττικίζειν
3573 4920 3721 4976 διδά-

2159 5037 2353 5078 σκοντα
2384 5023 2480 5094 τὴν
2505 5024 2707 5094 φωνήν.
2738 5022 2889 5075 Ἔστι
2931 5020 3028 5092 μὲν
3059 5015 3149 5073 οὖν
3175 5019 3234 5072 οὐ
3269 5017 3451 5088 ῥᾴδιον
3488 5013 3716 5071 ἀποδοῦ-

2158 5132 2242 5170 ναι
2274 5118 2385 5179 τοῖς
2420 5116 2699 5186 Ῥωμαίων
2730 5115 2955 5186 ὀνόμασι
2995 5112 3065 5166 τά
3094 5112 3202 5167 τῶν
3245 5110 3545 5180 Ἀθηναίων
3585 5108 3717 5178 περὶ

2156 5206 2280 5269 τοὺς
2313 5206 2504 5276 μῆνας,
2532 5205 2626 5259 καὶ
2665 5206 2763 5277 τὴν
2798 5207 3173 5278 προσήκουσαν
3217 5202 3368 5268 τάξιν
3406 5202 3607 5274 εὑρεῖν.
3635 5200 3714 5253 Οὐ

2159 5296 2265 5369 μὴν
2291 5297 2423 5351 ἀλλὰ
2450 5296 2707 5368 ζητητέον
2748 5300 2843 5353 καὶ
2878 5297 2987 5351 τῶν
3015 5298 3106 5350 ἐπὶ
3148 5296 3553 5368 πραγματείαις
3597 5294 3711 5347 δια⁹

2156 5386 2340 5456 φόροις
2380 5383 2858 5456 μνημονευσάντων
2887 5386 3054 5457 μηνός
3091 5401 3183 5437 του
3211 5384 3278 5436 τὰ
3306 5381 3574 5452 λεγόμενα
3600 5381 3695 5432 ἐπι

2157 5476 2413 5531 σκεπτέον
2430 5494 2443 5508 ·
2471 5476 2566 5533 καὶ
2593 5476 2657 5533 ἑκ
2684 5477 2942 5533 πλειόνων
2962 5477 3331 5548 συλλογιστέον
3356 5474 3713 5547 διορίζοντας,

512 5546 645 5601 tioni
673 5562 831 5619 opera
859 5551 1035 5607 danda
1056 5561 1157 5618 est,
1174 5562 1227 5610 et
1262 5569 1447 5611 eorum
1463 5559 1557 5629 qui
1583 5558 1810 5618 diversis
1827 5560 1882 5617 iii
1896 5561 2058 5620 rebus

2160 5568 2244 5637 ἐφ’
2274 5569 2396 5624 ὅσον
2435 5569 2841 5644 διακριϐοῦσθαι
2877 5574 2969 5627 καὶ
3014 5546 3141 5645 περί
3189 5569 3299 5624 τῶν
3344 5568 3601 5622 τοιούτων
3642 5564 3709 5618 ἃν

511 5637 714 5696 mensis
740 5639 1037 5712 cujuspiam
1063 5646 1453 5713 meminerunt,
1484 5649 1624 5706 dicta
1656 5653 2042 5726 inspectanda;

2147 5657 2261 5728 εἴη’
2291 5658 2435 5730 ὅπως
2465 5662 2533 5717 ἂν
2574 5663 2900 5731 Ἑλληνικοῖς
2944 5665 3170 5738 ὀνόμασι
3203 5664 3331 5720 τῶνι
3355 5663 3538 5736 μηνῶν
3584 5659 3697 5719 ἐγω
