4044 6220
386 349 522 406 H69

1335 344 1676 403 THEODOBI
1716 341 1917 397 (ΞΛῑῶ
1947 341 2145 396 LIBER
2187 343 2272 396 DE
2305 342 2660 399 MENSIBUS.

3459 347 3602 396 N70

387 485 484 538 μεν
538 467 812 538 χρῆσθαι,
863 467 1186 540 Ἑλληνικῶς
1245 465 1541 539 φράζοντες
1570 505 1586 532 ,
1633 463 1768 518 ἀλλὰ
1829 462 1938 534 μὴ,

2053 471 2156 518 tum
2179 478 2245 518 ex
2279 463 2529 532 pluribus
2569 462 2823 518 distincta
2865 461 3221 531 explicatione
3271 462 3596 515 ratiocinan-

382 559 561 613 ὀθνεῖα
598 557 1056 629 παραμιγνύντες,
1087 556 1378 628 ξενίζωμεν
1404 555 1531 626 ’περὶ⁴
1564 554 1660 625 τὴν
1687 554 1942 624 πατρῷαν

1162 629 1249 674 1-..
1274 648 1514 674 _-..~...-..
1561 645 1849 674 mnum..-“
1890 643 1942 674 ex

384 649 589 720 φωνὴν,
619 651 712 703 καὶ
740 651 944 722 ἐκμελῆ
975 651 1064 704 τὸν
1096 645 1250 718 λόγον
1274 648 1538 719 ποιῶμεν.
1561 645 1850 714 Φιλοσόφου
1889 645 1943 697 δὲ

384 742 480 796 καὶ
521 742 581 794 τὸ
627 743 754 814 περὶ
801 742 988 796 τούτου
1028 741 1318 812 ἐσκέφθαιο
1355 739 1454 810 τῆς
1489 737 1657 808 αὐτῆς
1695 735 1804 806 γὰρ
1831 737 1950 788 sm-

388 835 599 905 στὴμης
641 835 785 887 ἐστὶν
808 834 982 905 ὀρθῶς
1010 852 1070 887 τε
1098 837 1208 898 τοῖς
1253 831 1522 902 κειμένοις
1564 827 1794 900 χρῆσθαι
1826 826 1943 879 ὀνό-

389 942 542 996 μασι,
580 927 670 978 καὶ
712 928 874 998 μηδὲν
902 925 1176 989 ἁλλοεθνὲς
1210 921 1558 986 ἐπιπολάζειν
1589 922 1698 983 τοῖς
1728 916 1945 978 οἰκείοις

387 1021 480 1090 ὲᾷν
501 1036 514 1048 ·
547 1017 731 1089 ὥσπερ
761 1020 950 1090 ἀμέλει
978 1019 1071 1073 καὶ
1105 1017 1174 1072 τὰ
1209 1016 1306 1088 μὲν
1344 1016 1418 1086 μὴ
1446 1013 1753 1084 ὑπάρχοντα
1790 1025 1944 1078 νομο-

387 1115 596 1177 θετεῖν,
623 1113 690 1167 τὰ
733 1114 787 1166 δὲ
839 1113 1124 1185 μοχθηρῶς
1169 1109 1530 1181 ὡνομασμένιι
1578 1109 1690 1168 τοῖς
1732 1101 1945 1163 πολλοῖς

383 1204 738 1276 διορθοῦσθαι.
773 1205 927 1259 Οὕτω
969 1206 1076 1276 γὰρ
1114 1203 1179 1258 ἂν
1221 1203 1422 1273 ἑκάστη
1465 1201 1572 1254 τῶν
1607 1192 1942 1265 ἐπιστημῶν,

388 1297 592 1368 βέλτιον
617 1297 676 1350 τὸ
702 1298 869 1367 αύτῆς
903 1297 1059 1369 ἔργον
1097 1294 1452 1357 ἀποτελοῦσα,
1485 1289 1840 1361 συμϐάλλοιτο
1867 1287 1946 1347 εἰς

384 1392 481 1462 τὴν
521 1390 800 1461 πολιτικὴν
847 1390 1163 1444 κοινωνίαν·
1224 1387 1450 1458 μάλιστα
1496 1384 1552 1437 δὲ
1573 1383 1630 1436 αἱ
1666 1380 1793 1449 περὶ
1821 1375 1944 1437 τοὺς

387 1485 596 1552 λόγους.

2044 552 2194 618 dum,
2233 566 2506 625 quatenus
2541 554 2657 611 ﬁeri
2708 554 2906 624 poterit
2958 553 3026 608 de
3064 553 3260 608 talibus
3297 560 3484 608 exacta
3514 554 3598 606 in-

2045 649 2351 720 vestigatio,
2381 656 2443 703 ut
2463 648 2646 705 Graece
2689 647 2932 703 dicentes
2962 645 3168 701 Graecis
3201 647 3465 701 mensium
3499 663 3599 700 no-

2044 741 2280 797 minibus
2311 749 2562 809 utamur;
2595 748 2648 796 et
2674 757 2741 795 ne
2765 748 2988 796 externa
3011 738 3419 810 permiscentes,
3438 747 3600 809 atque

2045 833 2405 895 inculcantes,
2436 833 2488 886 in
2519 839 2770 888 nostrate
2793 832 2974 904 lingua
3004 833 3159 903 quasi
3187 831 3426 902 hospites
3450 846 3603 901 pere-
3657 845 3668 906 ξ

2048 926 2262 995 grinum
2297 925 2554 994 quiddam
2613 940 2890 990 sonemus,
2922 933 2975 980 et
3029 925 3270 996 ineptum
3321 927 3601 980 inconcin-

2050 1030 2286 1084 numque
2314 1031 2622 1072 sermonem
2653 1016 2933 1073 faciamus.
2974 1016 3143 1073 Porro
3177 1017 3476 1088 philosophi
3515 1023 3602 1071 est

2048 1105 2210 1159 etiam
2244 1106 2551 1176 hujusmodi
2599 1112 3027 1163 commentatio:
3079 1124 3200 1163 cum
3247 1108 3461 1179 quidem
3507 1124 3604 1178 po.-

2049 1191 2187 1246 ritizn
2218 1194 2288 1248 sit
2317 1194 2418 1249 rite
2447 1194 2720 1266 impositis
2748 1198 3059 1254 nominibus
3083 1200 3180 1262 uti,
3202 1205 3256 1254 et
3286 1198 3418 1253 nihil
3454 1214 3603 1268 pere-

2050 1285 2260 1355 grinum
2294 1287 2399 1356 pati
2441 1287 2494 1346 in
2532 1289 2770 1360 propriis
2790 1291 3204 1360 vernaculisque
3231 1291 3598 1361 superﬂuere:

2049 1375 2502 1444 quemadmodum
2549 1387 2696 1434 certe
2719 1420 2734 1440 .
2789 1383 3003 1435 nomina
3034 1384 3079 1438 si
3109 1384 3334 1448 desunt,
3382 1391 3435 1439 et
3464 1400 3600 1438 nova

2050 1465 2284 1524 formare
2299 1480 2350 1524 et
2369 1487 2656 1542 perperam
2688 1489 2718 1526 a
2741 1475 2966 1531 rudibus
2998 1475 3164 1530 indita
3188 1479 3476 1546 corrigere.
3511 1476 3602 1531 Sic

389 1578 531 1632 enim
569 1592 904 1647 unaquaeque
943 1574 1228 1646 disciplina
1296 1574 1487 1628 melius
1552 1568 1834 1640 magisque
1899 1574 1999 1617 suo
2056 1575 2277 1619 munere
2332 1565 2559 1638 fungens
2619 1570 2886 1627 universae
2943 1571 3252 1642 reipublicae
3298 1573 3599 1640 conducat;

386 1670 656 1740 imprimis
683 1678 860 1726 autem
890 1686 966 1726 ea:
994 1679 1140 1726 artes
1167 1685 1287 1741 qua:
1329 1667 1637 1725 consistunt
1684 1664 1739 1718 in
1788 1658 1927 1714 recti
1957 1657 2224 1715 sermonis
2249 1662 2476 1718 ratione.

890 1809 1091 1879 Μῆνες
1129 1808 1462 1876 Ἀθηναίων.

463 1922 538 1981 B'.
567 1922 784 1978 Δώδεκα
817 1922 916 1996 μὲν
947 1921 1241 1983 τοίνυνστὺν
1280 1920 1508 1992 ἀριθμὸν
1539 1915 1676 1973 εἶναι
1712 1916 1949 1987 ὀνόματα

391 2015 573 2088 μηνῶν
594 2016 786 2083 ταῦτα,
809 2017 884 2080 ὡς
917 2017 1180 2087 Ἀθηναῖοι
1203 2011 1359 2088 ἦγον,
1384 2013 1584 2076 πάντες
1609 2007 1945 2082 ὁμολογοῦσιο

736 2190 1102 2262 Μουνυχιωνα,

737 2260 1115 2333 θαργηλιῶνα,

742 2331 1175 2403 Σκιροφοριῶνα,

752 2401 1216 2473 Ἑκατομϐαιῶνα,

739 2472 1198 2542 Μεταγειτνιῶνα,

740 2541 1142 2614 Βοηδρομιῶνα,

740 2613 1236 2685 Μαιμακτηριῶνα,

739 2681 1113 2753 Πυανεψιῶνα.

752 2752 1208 2825 ᾎνθεστηριῶνα,

745 2822 1096 2889 Ποσειδεῶνα,

746 2892 1091 2964 Γαμηλιῶνα,

753 2963 1202 3034 Ἐλαφηϐολιῶνα.

465 3053 598 3127 Περὶ
623 3054 678 3109 δὲ
705 3054 907 3122 τάξεως
933 3059 1024 3111 καὶ
1063 3059 1154 3112 τοῦ
1195 3058 1391 3131 ἐφεξῆς
1425 3061 1457 3130 ἡ
1491 3059 1720 3131 διαφορά
1758 3075 1815 3112 τε
1857 3061 1950 3115 καὶ

1978 1799 2025 1853 Β

2299 1867 2324 1890 θ
2402 1798 2559 1872 154
2600 1801 2801 1858 Menses
2844 1805 3251 1862 Atheniensium.

2123 1905 2186 1961 il.
2227 1906 2361 1967 Esse
2385 1909 2551 1983 igitur
2576 1915 2689 1971 haec
2726 1915 3024 1972 Atticorum
3060 1921 3325 1974 mensium
3355 1920 3602 1986 nomina,

2053 1996 2339 2056 duodecim
2384 2020 2631 2072 numero,
2655 2008 2908 2065 omnibus
2939 2009 2993 2065 in
3037 2010 3288 2069 confesso
3325 2022 3426 2069 est.
3465 2012 3604 2069 Sunt

2053 2100 2231 2149 autem
2263 2094 2376 2152 haec
2405 2115 2419 2150 :

2403 2186 2729 2261 Munychion
2753 2229 2770 2254 ,

2296 2253 2317 2273 ‘
2404 2253 2729 2330 Thargelion
2755 2253 2770 2324 ,

2401 2326 2785 2399 Scirophorion

2399 2396 2809 2456 Hecatombaaon
2839 2441 2853 2466 ,

2403 2466 2751 2540 Metagitnion
2775 2513 2788 2537 ,

2394 2536 2755 2595 Boedromion
2773 2536 2786 2604 ,

2400 2606 2795 2675 Μιεῐηεοιετίοιι
2824 2650 2839 2675 ,

2395 2674 2734 2748 Pyanepsion
2751 2721 2766 2741 ,

2397 2747 2780 2806 AntheSterion
2806 2790 2821 2814 ,

2398 2817 2665 2874 Posideon
2683 2862 2698 2887 ,

2400 2887 2677 2945 Gamelion
2704 2930 2720 2950 .

2409 2957 2818 3031 Elaphebolion.

2123 3048 2387 3108 Caeterum
2437 3053 2561 3124 quis
2593 3055 2747 3124 ordo,
2773 3062 2826 3111 et
2853 3072 2974 3128 quae
3011 3073 3198 3123 series,
3231 3065 3390 3131 atque
3441 3061 3601 3116 etiam

392 3147 797 3220 ἀμφισϐήτησίς
841 3151 990 3204 ἐστι’
1023 3153 1160 3224 πρὸς
1189 3152 1244 3205 δὲ
1278 3155 1369 3207 καὶ
1400 3153 1664 3225 περὶτοῦ,
1699 3151 1813 3215 πῶς
1855 3153 1950 3221 δεῖ,

2055 3145 2359 3214 quomodo,
2406 3153 2460 3201 et
2499 3147 2700 3219 quibus
2752 3148 2932 3204 verbis
2987 3150 3040 3204 in
3074 3148 3318 3207 Latinam
3362 3152 3602 3222 linguam

397 3241 798 3312 μεταφέροντας
850 3245 928 3306 εἰς
981 3243 1077 3314 τὴν
1118 3244 1356 3298 Λατίνων
1403 3245 1613 3317 φωνὴν,
1647 3245 1950 3317 ὀνομάζειν.

395 3330 618 3401 Πρῶτον
660 3331 724 3403 δὴ
771 3335 896 3403 περὶ
937 3333 1139 3400 τάξεως
1185 3337 1278 3389 καὶ
1319 3336 1411 3388 τοῦ
1466 3337 1673 3409 ἐφεξῆς
1709 3339 1908 3391 τούτων
1934 3355 1949 3368 ·

397 3421 586 3477 ἔπειτα
629 3425 754 3492 περὶ
782 3425 1073 3496 ἑρμηνείας
1099 3425 1423 3498 θεωρητέον.
1443 3432 1597 3482 Δοκεῖ
1625 3430 1732 3501 γὰρ
1768 3430 1954 3503 ὥσπερ

396 3519 656 3586 στοιχεῖον
709 3518 997 3589 ἑρμηνείας
1039 3515 1171 3572 οὖσα
1219 3518 1422 3574 τούτων
1457 3521 1491 3592 ή
1534 3521 1722 3585 τάξιςσ
1751 3523 1843 3576 καὶ
1887 3523 1957 3578 τά

395 3609 568 3662 πολλὰ
601 3610 729 3675 ἴσως
768 3612 874 3665 τῶν
898 3612 1032 3684 πρὸς
1065 3613 1164 3683 τὴν
1196 3613 1492 3685 ἑρμηνείαν
1531 3609 1811 3670 τεινόντων
1847 3616 1954 3670 δέοι

394 3701 484 3766 ἂν,
517 3699 888 3772 λαμϐάνοντας
913 3705 977 3758 ἐκ
998 3704 1104 3759 τῶν
1126 3705 1224 3775 τῆς
1259 3706 1558 3773 συντάξεως
1584 3707 1816 3772 οἰκείων,
1844 3707 1954 3762 δειε-

394 3795 596 3849 πτνύειν.
633 3795 785 3850 Μετὰ
823 3796 880 3849 δὲ
916 3796 1087 3852 ταῦτα
1132 3799 1260 3871 περὶ
1289 3800 1476 3870 χρείας
1512 3800 1700 3872 ῥητέον
1726 3817 1741 3832 ο
1767 3799 1954 3854 τούτου

394 3887 506 3959 γὰρ
541 3886 702 3941 ἕνεκα
729 3889 822 3941 καὶ
853 3890 952 3960 τὴν
984 3889 1133 3954 τάξιν
1165 3892 1360 3946 είδέναι
1404 3893 1635 3963 μάλιστα
1671 3893 1956 3964 προαιρού-

399 3975 560 4045 μεθα.
592 3979 700 4030 Καὶ
735 3979 869 4050 πρὸς
910 3980 1148 4044 τούτοις,
1176 3982 1230 4034 εἴ
1263 3999 1313 4036 τι
1352 3982 1478 4036 ἄλλο
1514 4001 1628 4048 πως
1663 3985 1858 4037 οίκεῐον
1886 3984 1951 4054 τῇ

401 4065 588 4134 σκέψει
639 4067 764 4138 τῇδέ
792 4069 928 4133 ἐστι,
965 4069 1356 4142 προσληπτέον,
1389 4071 1561 4144 βραχύ
1595 4088 1649 4125 τι
1691 4087 1956 4145 συμπερι-

399 4158 797 4229 λαμϐάνοντας,
825 4161 910 4214 ἵνα
950 4162 1024 4233 μὴ
1054 4160 1143 4214 τοῦ
1182 4161 1343 4234 ἔργου
1379 4163 1562 4234 μεῖζον
1589 4165 1650 4218 τὸ
1685 4165 1954 4239 πάρεργον

400 4249 635 4321 γίνηται.

783 4366 919 4434 Περὶ
953 4366 1174 4434 τάξεως
1207 4366 1323 4421 τῶν
1343 4368 1569 4440 μηνῶν.

2051 3238 2440 3296 transferentes
2468 3242 2738 3311 appellare
2767 3249 3051 3312 oporteat,
3099 3245 3187 3301 hic
3224 3245 3509 3301 discrimen
3531 3256 3604 3302 et

2053 3333 2441 3387 controversia.
2474 3331 2717 3389 Primum
2763 3335 2925 3408 igitur
2969 3336 3036 3391 de
3076 3337 3266 3393 ordine
3311 3347 3366 3393 et
3419 3340 3599 3406 serie;

2052 3432 2174 3498 post
2204 3425 2270 3480 de
2319 3427 2762 3497 interpretatione
2814 3428 3287 3488 considerandum.
3335 3429 3601 3486 Nimirum

2053 3516 2187 3571 ordo
2241 3517 2357 3588 ipse
2414 3519 2562 3576 velut
2612 3520 3075 3593 interpretationis
3125 3525 3449 3579 elementum
3481 3528 3602 3590 est,

2055 3623 2174 3663 cum
2204 3617 2256 3682 et
2281 3611 2449 3664 multa
2478 3610 2615 3666 forte
2643 3627 2828 3668 eorum
2863 3629 2984 3685 qua:
3011 3614 3078 3668 ad
3105 3613 3603 3685 interpretationem

2055 3701 2312 3767 tendunt,
2355 3719 2419 3758 ex
2462 3705 2883 3762 constructionis
2921 3708 3234 3779 ordinisque
3283 3709 3606 3780 proprietate

2053 3792 2354 3849 clicientem
2397 3803 2640 3866 Oporteat
2684 3797 2988 3855 ostendere.
3035 3798 3155 3854 Mox
3185 3799 3252 3856 de
3286 3816 3385 3856 usu
3418 3799 3606 3855 dicen-

2053 3889 2180 3942 dum
2213 3906 2227 3944 :
2262 3890 2419 3960 cuius
2465 3885 2637 3964 gratia
2678 3895 2921 3951 ordinem
2955 3896 3094 3951 scire
3123 3895 3386 3967 imprimis
3415 3893 3606 3950 statui-

2054 3997 2196 4037 mus.
2222 3983 2302 4037 Ad
2321 3983 2454 4049 haec,
2473 3985 2516 4040 si
2539 3986 2668 4056 quid
2698 3986 2841 4042 aliud
2873 3988 2997 4044 huic
3013 3986 3452 4044 commentationi
3478 4002 3606 4057 pro-

2055 4073 2420 4143 prium,nobis
2441 4080 2824 4136 assumendum
2848 4088 2951 4146 est,
2977 4081 3430 4152 compendiariam
3461 4082 3614 4137 viam‘

2054 4167 2508 4238 aniplexantibus,
2539 4180 2598 4246 ut
2621 4189 2688 4229 ne
2714 4175 2894 4244 operis
2915 4174 3290 4230 diverticulum
3322 4173 3412 4230 [lat
3439 4187 3602 4246 opere

2055 4257 2301 4317 instituto
2333 4261 2531 4332 majus.

2532 4379 2607 4433 De
2649 4378 2830 4434 ordine
2857 4382 3132 4438 mensium.

469 4481 542 4534 F'.
581 4478 834 4549 Εἰλήφθω
871 4480 1155 4552 τοιγαροῦν
1185 4482 1289 4553 μὴν
1336 4484 1364 4535 ό
1401 4482 1575 4556 τυχὼν
1619 4485 1832 4557 πρῶτος
1879 4485 1950 4558 τῷ

2127 4481 2214 4540 lll.
2274 4483 2530 4543 Sumatur
2585 4487 2765 4559 itaque
2813 4491 3020 4562 primus
3077 4493 3305 4565 quisque
3379 4493 3604 4560 mensis,

396 4573 542 4644 λόγῳ
566 4591 579 4603 ·
614 4571 751 4625 ἔστω
797 4571 873 4636 δὲ,
904 4574 952 4625 εί
990 4572 1164 4638 δοκεῖ,
1206 4574 1500 4629 Ποσειδεὼν
1523 4593 1537 4606 ο
1581 4576 1716 4646 μετὰ
1763 4578 1952 4631 Ποσει-

396 4665 571 4720 δεῶνα
597 4665 659 4735 δὴ
687 4664 849 4729 εὐθὺς
875 4663 1179 4735 Γαμηλιών.
1207 4667 1502 4740 Μάρτυρες
1521 4669 1580 4723 δὲ
1599 4669 1786 4724 τούτου
1812 4672 1955 4744 ’Δρι-

401 4757 654 4828 στοτέλης
675 4774 735 4813 τε
757 4759 850 4813 καὶ
868 4757 1221 4830 Θεόφραστος,
1246 4757 1434 4830 ἄνδρες
1459 4760 1691 4826 παλαιᾶς
1715 4763 1950 4834 μνήμης,

399 4850 492 4904 καὶ
516 4848 790 4921 ἐμπείρως
817 4848 1027 4919 ἔχοντες
1051 4849 1150 4919 τῆς
1194 4849 1486 4921 Ἀθηναίων
1512 4853 1715 4924 φωνῆς.
1738 4857 1828 4908 Δεῖ
1846 4855 1954 4928 γάρ

403 4941 477 5012 μὴ
503 4940 790 5012 ἀμάρτυρα
817 4940 1063 5009 φάσκειν,
1099 4941 1174 5006 ὡς
1200 4941 1249 4994 οἳ
1285 4943 1482 5013 προτοῦ
1519 4944 1692 5008 Θέσεις
1723 4946 1856 5018 πρὸς
1876 4948 1954 5019 τῷ

397 5032 581 5104 ψευδεῖ
614 5031 707 5085 καὶ
745 5031 1066 5101 ἀδεσπότους
1107 5032 1509 5099 ἀποδεδώκασι,
1540 5034 1783 5104 λέγοντες
1824 5039 1951 5109 ’περῖ⁹

398 5125 601 5180 τούτων
629 5140 643 5153 ο
688 5123 800 5177 ἀλλ’
843 5124 926 5193 ἐφ’
984 5124 1228 5189 ἑκάστοις
1302 5126 1581 5199 μάρτυρας
1625 5129 1950 5201 παρέχεσθαι

399 5220 601 5290 ἄνδρας
626 5219 986 5285 ἀξιοπίστους,
1018 5217 1202 5290 ὥσπερ
1229 5222 1284 5273 ὲν
1322 5217 1669 5293 δικαστηρίῳ.
1702 5223 1815 5277 Πᾶν
1846 5225 1951 5296 γὰρ

399 5314 462 5368 τὸ
501 5315 558 5365 ὲν
586 5313 792 5376 τούτοις
825 5311 1011 5365 πιστὸν
1054 5313 1155 5366 οὑκ
1195 5315 1257 5366 ὲκ
1291 5314 1604 5387 τεκμηρίων
1647 5316 1742 5370 καὶ
1783 5317 1951 5386 λόγων

401 5407 675 5470 τοιούτων,
713 5405 823 5459 ἀλλ’
852 5404 911 5470 ἐξ
942 5397 1016 5458 ὧν
1055 5422 1195 5468 τινες
1224 5406 1331 5461 τῶν
1361 5407 1583 5472 ἐνδόξων
1620 5407 1772 5463 εἶπόν
1812 5412 1949 5466 ἐστι.

402 5497 621 5554 Τούτων
641 5500 705 5570 δὴ
721 5502 749 5553 ὁ
773 5499 868 5570 μὲν
891 5500 947 5550 ὲν
970 5500 1032 5569 τῇ
1055 5499 1178 5568 περὶ
1201 5499 1268 5551 τὰ
1288 5499 1399 5564 ζῶα
1423 5501 1630 5574 ἱστορίᾳ
1651 5497 1752 5557 ὧδε
1772 5503 1916 5574 λέγει
1933 5522 1946 5535 ο

411 5611 428 5642 ι
468 5594 534 5645 Ἥ
576 5594 632 5646 δὲ
679 5590 855 5655 θυννὶς
900 5591 1044 5658 ἅπαξ
1088 5591 1299 5645 τίκτει·
1343 5593 1479 5648 ἀλλὰ
1518 5595 1606 5650 διὰ
1642 5598 1703 5651 τὸ
1740 5598 1808 5652 τὰ
1855 5599 1954 5670 μὲν

405 5682 605 5752 πρὼῖα,
626 5682 695 5736 τὰ
721 5684 776 5736 δὲ
805 5682 930 5753 ὅψια
959 5681 1256 5754 προῖεσθαι,
1287 5683 1368 5748 δὶς
1388 5685 1534 5740 δοκεί
1563 5687 1782 5743 τίκτειν.
1801 5690 1952 5743 Ἔστι

404 5771 462 5826 δὲ
495 5775 523 5826 ό
549 5774 648 5846 μὲν
670 5773 879 5846 πρῶτος
901 5773 1054 5839 τόκος
1089 5775 1212 5849 περί
1239 5774 1328 5829 τὸν
1359 5777 1688 5834 Ποσειδεῶνα
1717 5781 1821 5853 πρὸ
1848 5779 1953 5837 τῶν

2059 4590 2178 4632 sese
2201 4583 2259 4630 ut
2288 4576 2517 4636 dicendo
2545 4579 2833 4648 obtulerit;
2877 4582 3088 4653 sitque,
3139 4584 3184 4638 si
3225 4584 3420 4656 placet,
3453 4584 3606 4642 Posi-

2058 4664 2233 4734 deon;
2291 4677 2413 4738 post
2465 4670 2608 4725 hunc
2651 4673 2908 4728 continuo
2955 4672 3251 4730 Gamelion.
3306 4674 3474 4746 Cujus
3528 4676 3606 4732 rei

2058 4763 2228 4813 testes
2256 4760 2574 4817 Aristoteles
2593 4771 2647 4817 et
2668 4762 3089 4834 Theophrastus,
3121 4764 3313 4836 priscae
3331 4769 3606 4824 memoriae

2060 4848 2180 4915 viri,
2198 4858 2362 4922 atque
2385 4850 2574 4925 Attica-
2598 4853 2791 4927 lingua:
2813 4857 2990 4927 periti.
3019 4857 3202 4928 Neque
3226 4860 3368 4914 enim
3392 4860 3480 4915 hic
3499 4876 3604 4915 non

2057 4940 2335 5010 productis
2366 4945 2689 5002 testimoniis
2732 4961 2890 5016 agere
2930 4947 3088 5016 licet,
3145 4957 3204 5003 ut
3237 4949 3329 5020 qui
3381 4952 3609 5006 antehac

2059 5029 2245 5096 falsas,
2275 5032 2610 5102 testibusque
2630 5040 2850 5104 egentes
2892 5035 3190 5106 positiones
3219 5037 3559 5094 tradiderunt
3587 5079 3602 5103 ,

2058 5123 2198 5178 hanc
2224 5122 2292 5178 de
2321 5125 2598 5180 mensibus
2650 5126 3000 5194 quaestionem
3051 5133 3343 5183 tractantes
3375 5147 3387 5182 :
3419 5144 3605 5184 verum

2057 5217 2112 5270 in
2146 5216 2376 5287 singulis
2403 5223 2571 5272 testes
2593 5217 2862 5282 excitare,
2903 5219 3048 5274 viros
3075 5219 3366 5289 locupletes
3401 5227 3455 5275 et
3503 5218 3607 5274 [ide

2056 5309 2246 5380 dignos
2275 5323 2410 5380 opus
2438 5315 2542 5373 est,
2571 5324 2679 5364 non
2707 5325 2864 5366 secus
2893 5321 3053 5382 atque
3087 5314 3139 5366 in
3159 5312 3386 5382 judicio.
3441 5314 3608 5379 Quid-

2057 5401 2187 5471 quid
2211 5403 2353 5456 enim
2396 5403 2452 5455 in
2478 5401 2563 5457 his
2597 5403 2893 5472 probabile,
2925 5420 3031 5458 nou
3065 5422 3126 5458 ex
3158 5405 3325 5476 signis
3354 5420 3606 5461 necessa-

2057 5497 2178 5560 riis,
2210 5496 2630 5567 hujusmodique
2673 5497 2975 5552 rationibus
3013 5501 3163 5568 sequi
3203 5506 3458 5569 oportet:
3511 5500 3608 5556 sed

2055 5603 2122 5644 ex
2158 5588 2224 5645 iis
2255 5604 2496 5653 sumere,
2545 5603 2664 5659 qua:
2693 5588 2876 5644 dixere
2912 5591 3044 5645 clari
3089 5592 3438 5662 celebresque
3477 5590 3601 5647 viri.

2058 5681 2264 5742 Horum
2313 5681 2479 5755 igitur
2523 5682 2662 5738 alter
2692 5682 2745 5736 in
2779 5683 3004 5738 historia
3033 5683 3346 5738 animalium
3377 5685 3457 5742 sic
3485 5683 3605 5737 ait:

2063 5793 2082 5831 ι
2115 5767 2346 5833 Thunna
2396 5775 2554 5832 etiam
2585 5775 2750 5832 semel
2781 5779 2951 5848 parit:
2991 5777 3084 5833 sed
3117 5792 3241 5834 cum
3289 5779 3423 5834 alios
3466 5775 3610 5831 fetus
3652 5800 3661 5810 ~
