4044 6220
420 283 544 342 “7|

1428 291 1515 350 AD
1563 288 1829 352 EUSEBH
1861 288 2252 354 CHROMCON
2295 290 2651 355 APPENDIX.

3498 294 3638 349 H73

353 456 378 488 ,ἢ
410 409 786 476 praematuras,
813 409 949 466 alios
997 413 1268 470 serotinos
1314 415 1575 486 producat
1597 456 1611 479 ,
1644 416 1727 474 bis
1764 419 1973 474 videtur

2079 393 2316 491 τροπῶν,
2350 422 2378 471 ὁ
2400 421 2442 473 δ’
2477 421 2698 492 ὕστερος
2725 417 2818 472 τοῦ
2849 418 3029 489 ἔαρος.
3063 437 3078 468 ι
3113 415 3454 489 Θεόφραστος
3481 417 3536 470 δὲ
3577 419 3639 471 ὲν

411 513 641 566 parere:
678 498 898 570 editque
930 502 1164 570 priorem
1197 513 1407 575 partum
1455 507 1678 563 circiter
1707 507 1968 565 Posideo-

411 605 534 642 nem
577 601 703 646 ante
761 591 1046 657 brumam,
1107 597 1460 664 posteriorem
1519 615 1661 654 vere.
1717 621 1736 653 ι
1798 600 1968 656 Porro

413 681 819 752 Theophrastus
849 684 906 740 in
964 686 1186 742 historia
1240 688 1307 744 de
1361 690 1560 759 plantis
1589 731 1604 754 ,
1639 693 1963 764 principium

411 781 666 831 sementis
695 779 944 832 secundae
971 787 1092 849 post
1130 779 1372 837 brumale
1409 783 1698 838 solstitium
1730 801 1850 841 esse
1883 785 1967 839 di-

411 867 506 929 cit,
530 883 713 924 mense
740 868 1049 927 Gamelione
1075 891 1088 926 :
1141 875 1299 943 cujus
1328 876 1546 946 quidem
1586 879 1824 934 auctoris
1853 879 1966 933 haec

411 965 538 1012 sunt
583 961 743 1015 verba
777 979 791 1016 ι
827 981 846 1012 ι
877 962 950 1016 Ita
993 964 1301 1034 appellant,
1345 985 1364 1017 ι
1391 967 1586 1038 inquit.
1615 985 1634 1018 ι
1677 983 1783 1022 non
1815 977 1966 1025 satus

410 1052 624 1120 quidem
653 1054 912 1110 rationem
944 1056 1222 1118 habentes,
1251 1057 1344 1112 sed
1366 1067 1519 1114 ortus
1541 1067 1595 1113 et
1624 1075 1756 1114 usus
1781 1061 1966 1130 cujus-

409 1158 554 1211 que:
602 1147 1038 1217 quandoquidem
1081 1158 1234 1206 satus
1276 1152 1333 1205 tit
1369 1153 1660 1207 contrariis
1691 1153 1802 1208 fere
1831 1163 1966 1208 tem-

411 1237 653 1304 poribus.
703 1236 1034 1310 Principium
1065 1242 1208 1296 enim
1245 1241 1455 1298 hiberni
1491 1243 1682 1313 (quem
1735 1244 1963 1313 primam

412 1341 701 1384 sementem
731 1332 1036 1403 appellant)
1090 1342 1212 1404 post
1239 1335 1482 1389 aestivum
1513 1335 1803 1390 solstitium
1847 1347 1963 1400 est,

413 1433 600 1474 mense
647 1420 1071 1495 lietagttnione:
1126 1435 1180 1480 at
1212 1442 1426 1483 rursum
1478 1429 1740 1490 secundi.
1784 1444 1968 1483 mense

416 1512 759 1582 Gamelione,
813 1527 934 1586 post
979 1519 1272 1577 solstitium
1326 1521 1632 1575 hibernum.
1678 1539 1698 1572 ι
1739 1520 1794 1573 Si
1837 1535 1968 1590 ergo

418 1607 620 1660 dictum
650 1616 734 1663 est
762 1624 791 1662 a
816 1611 978 1666 claris
1003 1611 1108 1667 illis
1135 1613 1264 1667 viris
1288 1653 1304 1678 ,
1353 1612 1572 1667 circiter
1617 1610 1967 1666 Posideonem

415 1704 542 1752 ante
579 1698 846 1766 brumam,
879 1714 932 1758 et
964 1719 1145 1758 mense
1172 1703 1481 1760 Gamelione
1525 1716 1648 1775 post
1685 1703 1964 1757 brumam:

2071 515 2136 582 τῇ
2170 512 2294 581 περὶ
2322 511 2388 564 τὰ
2415 512 2554 580 φυτὰ
2590 511 2798 583 ἱστορίᾳ
2839 510 3012 582 ἀρχὴν
3045 504 3184 561 εἶναί
3224 526 3354 578 φησι
3383 508 3478 561 τοῦ
3519 509 3639 562 630—

2070 604 2226 674 τέρου
2255 603 2360 656 τῶν
2384 603 2592 674 ἀροτῶν
2625 603 2743 674 μεθ’
2776 603 2923 674 ἡλίου
2950 602 3153 672 τροπὰς
3183 601 3520 673 χειμερινὰς.
3541 601 3641 655 τοῦ

2073 694 2418 764 Γαμηλιῶνος
2452 694 2636 764 μηνός.
2665 695 2814 764 Ἔχει
2836 694 2891 747 δὲ
2920 696 2951 764 ἡ
2986 693 3127 756 λέξις
3151 693 3296 762 αὐτῷ
3323 686 3446 745 ὦδε·
3480 711 3499 742 ι
3524 694 3638 745 Κα-

2073 784 2222 837 λοῦσι
2256 785 2310 837 δὲ
2338 786 2508 848 οὕτως
2538 787 2598 838 οὐ
2630 785 2764 856 πρὸς
2786 786 2882 856 τὴν
2914 784 3121 853 σπορὰν
3161 782 3465 852 βλέποντες,
3499 781 3641 834 ἀλλά

2073 877 2208 945 πρὸς
2252 876 2348 946 τὴν
2388 876 2599 945 γένεσιν
2639 877 2732 929 καὶ
2763 877 2860 946 τὴν
2897 876 3084 946 χρείαν
3122 875 3370 927 ἑκάστου.
3421 874 3570 926 Ἐπεὶ
3599 874 3636 943 ἦ

2071 984 2134 1036 γε
2167 967 2342 1038 σπορά
2384 967 2564 1038 σχεδὸν
2589 967 2647 1019 ὲν
2678 970 2789 1030 τοῖς
2823 965 3084 1028 ἐναντίοις
3111 964 3335 1032 γίνεται.
3372 965 3637 1034 Χειμερι-

2072 1059 2162 1112 νοῦ
2193 1059 2299 1132 γὰρ
2341 1060 2480 1130 ἀρχὴ
2527 1059 2666 1130 μετά
2697 1058 2904 1130 τροπὰς
2941 1057 3157 1128 θερινὰς
3181 1097 3194 1119 ,
3227 1056 3322 1109 τοῦ
3362 1057 3634 1124 Μεταγει-

2074 1149 2296 1213 τνιῶνος
2331 1151 2496 1220 μηνὸς
2534 1148 2776 1220 (καλοῦσι
2813 1149 2869 1202 δὲ
2897 1148 3082 1202 τοῦτον
3116 1148 3329 1220 πρῶτον
3361 1146 3468 1200 τῶν
3509 1148 3638 1218 ἀρο-

2071 1240 2225 1302 τῶν)·
2256 1239 2349 1293 τοῦ
2371 1241 2621 1311 δευτέρου
2654 1239 2813 1293 πάλιν
2849 1238 2964 1309 μεθ’
2992 1239 3139 1310 ἡλίου
3166 1239 3369 1310 τροπάς
3395 1254 3640 1308 χειμερι-

2072 1332 2188 1396 νὰς,
2216 1331 2311 1384 τοῦ
2335 1331 2680 1401 Γαμηλιῶνος
2705 1330 2888 1400 μηνός.
2913 1348 2930 1378 ›
2965 1330 3025 1380 Εἰ
3055 1329 3117 1400 δὴ
3148 1330 3275 1399 περὶ
3301 1327 3638 1381 Ποσειδεῶνα

2077 1422 2182 1494 πρὸ
2202 1421 2310 1473 τῶν
2341 1420 2575 1492 τροπῶν,
2605 1421 2696 1473 καὶ
2719 1420 3067 1490 Γαμηλιῶνος
3099 1419 3235 1489 μετά
3263 1419 3468 1488 τροπάς
3486 1434 3499 1446 ·
3531 1417 3638 1470 Γα-

2077 1512 2320 1584 μηλιῶνα
2351 1512 2488 1582 μετὰ
2530 1511 2861 1564 Ποσειδεῶνα
2899 1505 3036 1564 εἶναι
3070 1511 3302 1580 ἀνάγκη.
3339 1510 3426 1572 Ὠς
3461 1509 3516 1562 δὲ
3544 1511 3641 1562 καὶ

2073 1604 2289 1675 ἑφεξῆς,
2327 1604 2602 1674 συμφανὲς
2629 1606 2692 1656 ὲκ
2715 1602 2808 1655 τοῦ
2841 1603 3221 1674 προκειμένου,
3251 1602 3345 1656 καὶ
3373 1602 3473 1668 τῆς
3499 1603 3641 1672 φράο

2075 1714 2211 1759 σεως
2250 1695 2394 1748 τοῦτ’
2433 1695 2650 1750 ἀκούειν
2678 1694 2872 1766 χρεῶν.
2913 1697 2968 1748 '0
3008 1695 3116 1766 γὰρ
3152 1696 3276 1766 περὶ
3301 1693 3641 1746 Ποσειδεῶνα

413 1790 776 1848 Gamelionem
828 1803 950 1864 post
999 1794 1352 1851 Posideonem
1399 1797 1524 1851 inde
1573 1812 1695 1850 esse
1746 1808 1971 1850 necesse

2076 1778 2175 1860 πρὸ
2196 1788 2303 1840 τῶν
2324 1788 2537 1858 τροπῶν
2563 1785 2733 1854 λέγων
2756 1789 2847 1840 καὶ
2868 1786 3213 1857 Γαμηλιῶνος
3246 1787 3382 1857 μετά
3409 1786 3637 1856 τροπὰς,

410 1891 512 1937 cst.
543 1884 696 1950 Quod
731 1895 907 1942 autem
959 1903 1080 1941 mox
1121 1889 1282 1942 etiam
1327 1896 1606 1958 sequatur,
1636 1886 1857 1942 evidens
1885 1893 1970 1940 est

410 1989 474 2027 ex
500 1976 929 2044 praecedentibus
955 2017 970 2042 ,
1011 1986 1064 2033 et
1110 1993 1175 2034 ex
1211 1979 1517 2034 elocutione
1565 1977 1616 2032 id
1674 1977 1971 2046 intelligere

411 2069 683 2124 convenit.
743 2068 845 2136 Qui
894 2085 1126 2139 namque
1172 2070 1302 2125 dicit
1342 2070 1560 2124 circiter
1615 2068 1968 2123 Posideonem

414 2167 539 2213 ante
582 2160 858 2224 brumam,
903 2169 958 2215 et
1009 2163 1321 2217 Gamelione
1382 2169 1502 2230 post
1557 2161 1840 2226 brumam;
1887 2160 1971 2212 vel

413 2248 557 2300 circa
589 2264 711 2302 eum
745 2264 982 2304 mensem
1029 2252 1208 2321 (quem
1248 2251 1510 2324 nominat)
1565 2250 1619 2305 id
1676 2252 1970 2306 solstitium

410 2353 531 2392 esse
560 2339 694 2401 vult,
717 2340 794 2392 vel
827 2349 972 2394 certe
995 2342 1137 2394 circa
1168 2343 1473 2410 proximum
1509 2342 1813 2398 ostendere.
1837 2340 1970 2395 Nam

409 2429 553 2498 quod
593 2428 852 2485 hibernus
887 2429 960 2484 sit
1005 2429 1294 2495 Posideon,
1324 2447 1389 2486 ex
1423 2432 1490 2486 iis
1523 2432 1576 2486 in
1608 2439 1858 2502 promptu
1887 2438 1971 2486 est

410 2533 532 2589 qua:
567 2518 889 2575 Aristoteles
935 2521 988 2575 in
1018 2521 1207 2576 eadem
1255 2521 1482 2576 historia
1509 2562 1525 2586 ,
1578 2521 1646 2577 de
1679 2521 1970 2592 mugilibus

412 2613 652 2684 piscibus
678 2613 1115 2669 commodissime
1143 2613 1423 2668 discernit.
1472 2613 1606 2668 Cum
1639 2613 1782 2668 enim
1819 2611 1969 2683 prius

410 2706 656 2769 dixisset,
688 2706 862 2760 hieme
886 2705 1137 2776 mugilem
1165 2720 1372 2775 parere,
1397 2714 1579 2775 postea
1611 2705 1794 2761 subdit
1815 2719 1968 2758 men-

411 2812 548 2860 sem,
575 2796 720 2851 circa
751 2811 910 2866 quem
943 2797 1100 2866 parit,
1131 2806 1254 2866 puta
1281 2795 1658 2852 Posideonem.
1693 2795 1816 2849 Haec
1845 2811 1972 2849 vero

412 2899 639 2956 utraque
699 2885 752 2939 in
820 2885 1011 2956 quinto
1083 2885 1319 2940 historia:
1375 2885 1461 2941 his
1502 2886 1680 2941 verbis
1733 2886 1968 2940 scribit:

417 3000 435 3028 ι
473 2977 611 3032 Sunt
643 2985 823 3032 autem
852 2993 971 3048 qua:
995 2977 1076 3032 vel
1103 2993 1199 3048 per
1233 2978 1487 3043 hiemem,
1506 2985 1817 3034 testatetnve
1843 2994 1970 3034 suos

415 3077 604 3139 partus
634 3067 830 3134 edant;
870 3083 966 3137 per
1002 3067 1250 3132 hiemem,
1284 3068 1462 3138 lupus,
1491 3069 1706 3138 mugilis
1728 3111 1743 3136 ,
1787 3086 1917 3124 acus
1953 3091 1967 3126 :

416 3177 513 3229 per
537 3166 778 3215 aestatem
824 3158 970 3213 circa
1005 3157 1529 3222 Hecatomhzeonem,
1569 3162 1810 3216 thumne.
1855 3182 1871 3214 ι
1910 3162 1974 3216 Et

416 3251 576 3321 paulo
598 3259 759 3321 post:
800 3268 818 3301 ι
851 3248 1050 3304 Parere
1098 3265 1224 3304 vero
1255 3249 1521 3319 incipiunt
1555 3266 1620 3304 ex
1649 3251 1974 3322 mugilibus,

419 3343 672 3398 labeones
701 3342 918 3413 quidem
947 3357 1132 3397 mense
1164 3341 1497 3407 Posideone,
1533 3350 1586 3396 et
1615 3358 1896 3405 mucones.
1923 3352 1977 3399 et

417 3437 715 3506 capitones,
744 3446 1042 3506 geruntque
1074 3435 1266 3490 diebus
1313 3435 1556 3490 tricenis.
1614 3454 1633 3487 ι
1670 3433 1783 3489 lloc
1835 3435 1976 3490 idem

417 3541 636 3583 rursum
662 3527 799 3581 libro
819 3529 1046 3597 septimo
1077 3527 1227 3581 dicit.
1274 3525 1448 3581 Simul
1476 3542 1602 3582 vero
1631 3535 1846 3581 constat
1868 3528 1978 3583 sol-

417 3621 669 3678 stitialem
692 3636 813 3675 esse
842 3619 1214 3675 Posideonem.
1245 3618 1379 3673 Nam
1425 3620 1469 3673 si
1517 3628 1642 3674 ante
1685 3619 1975 3674 solstitium

418 3712 565 3766 circa
599 3708 949 3764 Posideonem
975 3750 989 3774 ,
1044 3709 1413 3780 hibernusque
1455 3709 1758 3767 l’osideon:
1805 3711 1978 3764 mani-

419 3805 614 3862 festum
671 3810 756 3858 est
810 3803 1031 3880 .circiter
1087 3800 1436 3857 Posideonem
1489 3803 1779 3858 solstitium
1835 3817 1974 3857 esse.

418 3899 575 3952 Circa
605 3898 748 3952 enim
794 3898 1024 3968 primum
1069 3897 1352 3951 hibernum
1401 3912 1638 3951 mensem
1683 3897 1976 3959 solstitium

417 3990 714 4061 peragitur.
746 3987 810 4041 Et
840 3989 926 4042 illa
977 3988 1190 4058 quidem
1228 3987 1448 4052 locutio,
1492 4005 1509 4039 ι
1547 3971 1690 4041 circa
1727 3986 1976 4043 Posideo-

420 4098 543 4136 nem
575 4090 700 4137 ante
735 4080 1001 4143 brumam,
1039 4099 1056 4132 ι
1112 4097 1220 4151 quo
1271 4096 1454 4135 mense
1491 4081 1582 4134 liat
1631 4081 1981 4134 circumscri-

420 4175 532 4239 bit;
569 4183 626 4228 ut
680 4172 894 4228 dicendi
933 4189 1147 4243 quoque
1198 4171 1468 4236 formula,
1521 4188 1626 4240 qua
1682 4171 1811 4242 quid
1860 4179 1982 4241 ppst

419 4269 666 4320 brumam
697 4267 807 4321 ﬂeri
849 4265 1181 4335 perhibetur,
1201 4265 1255 4320 id
1287 4281 1406 4321 esse
1427 4264 1678 4334 designat
1703 4263 1858 4334 155
1876 4265 1982 4316 cir—

417 4360 558 4414 citer
583 4359 830 4414 eumdem
864 4373 1101 4414 mensem
1123 4400 1135 4420 ,
1189 4373 1298 4427 quo
1346 4359 1637 4411 solstitium
1671 4359 1978 4411 confectum

1999 3131 2042 3187 C

2071 1882 2187 1952 ἤτοι
2216 1882 2340 1952 περὶ
2372 1881 2460 1934 τὸν
2491 1877 2886 1950 ὀνομαζόμενον
2934 1880 3076 1950 μῆνα
3119 1881 3215 1943 τὰς
3253 1879 3462 1951 τροπὰς
3500 1875 3639 1932 εἶναι

2073 1972 2338 2042 βούλεται,
2379 1971 2412 2040 ἢ
2462 1971 2588 2044 περὶ
2625 1971 2715 2024 τὸν
2755 1971 3032 2040 ἐγγύτατά
3070 1988 3134 2039 γε
3176 1971 3386 2042 δηλοῦν.
3419 1974 3544 2023 ’Ὁτι
3581 1971 3640 2023 δε

2011 2073 2021 2080 ”
2071 2063 2164 2115 καὶ
2193 2062 2498 2133 χειμερινὸς
2542 2057 2607 2114 αὖ
2653 2061 2681 2112 ὁ
2725 2060 3055 2123 Ποσειδεὼν,
3089 2061 3245 2130 δῆλον
3288 2062 3346 2127 ἐξ
3380 2055 3456 2114 ὧν
3491 2061 3640 2130 ’Δρι-

2073 2155 2324 2224 στοτέλης
2354 2155 2410 2208 ἐν
2442 2157 2507 2224 τῇ
2536 2154 2672 2224 αὺτῇ
2712 2153 2920 2224 ἱστορίᾳ
2952 2153 3248 2224 διευκιρνεῐ
3272 2153 3401 2223 περϊ
3444 2153 3641 2224 ίχθύων
3710 2143 3720 2154 ’

2070 2248 2176 2300 τῶν
2215 2247 2561 2317 καλουμένων
2594 2245 2886 2316 κεστρέων.
2923 2243 3104 2298 Εἰπὼν
3139 2247 3244 2319 γὰρ
3272 2245 3530 2317 πρόσθεν,
3557 2247 3640 2299 ὅτι

2072 2336 2334 2407 χειμῶνος
2379 2339 2407 2388 ὁ
2465 2336 2726 2404 κεστρεὺς
2776 2335 2984 2397 τίκτει,
3021 2335 3158 2406 μετά
3193 2336 3366 2390 ταῦτα
3411 2337 3504 2389 καὶ
3548 2337 3640 2391 τὸν

2076 2429 2241 2500 μῆνα,
2274 2430 2398 2500 περὶ
2426 2428 2483 2481 ὃν
2506 2429 2697 2491 τίκτει,
2723 2426 2977 2498 ὀνομάζει
3011 2429 3201 2498 λέγων,
3233 2430 3312 2483 ὅτι
3343 2429 3640 2483 Ποσειδεῶ-

2072 2538 2178 2584 νος.
2217 2523 2415 2592 Ἄμφω
2461 2520 2517 2572 δὲ
2561 2519 2732 2573 ταῦτα
2763 2522 2820 2572 ὲν
2868 2520 2944 2590 τῷ
2991 2519 3223 2592 πέμπτῳ
3252 2516 3366 2592 τῆς
3400 2522 3640 2594 ἱστορίας

2071 2615 2162 2667 ἐπὶ
2187 2613 2311 2685 τῇδε
2336 2615 2400 2684 τῇ
2437 2611 2578 2676 λέξει
2603 2630 2615 2642 ·
2655 2632 2672 2664 ‹
2705 2611 2887 2664 Τίκτει
2910 2611 2953 2663 δ’
2982 2611 3097 2666 ἔνια
3128 2615 3221 2666 καὶ
3253 2613 3519 2684 χειμῶνος
3546 2615 3641 2678 aut

2072 2707 2261 2777 θέρους
2285 2723 2298 2736 ’
2335 2705 2596 2777 χειμῶνος
2650 2706 2748 2775 μὲν
2797 2706 3040 2778 λάϐραξ,
3071 2707 3330 2776 κεστρεὺς
3355 2747 3369 2770 ,
3419 2704 3634 2775 βελόνη·

2072 2799 2262 2869 θέρους
2292 2797 2348 2850 δὲ
2381 2797 2508 2868 περὶ
2541 2797 2630 2849 τὸν
2663 2798 3108 2869 Ἑκατομϐαιῶνα
3139 2797 3374 2859 θυννίδες
3393 2813 3407 2826 ·
3437 2816 3456 2847 ι
3492 2792 3635 2848 εἶτεν

2077 2909 2094 2940 ι
2125 2891 2412 2961 Ἀρχονται
2439 2888 2494 2941 δὲ
2520 2889 2724 2941 τίκτειν
2750 2889 2858 2943 τῶν
2887 2891 3157 2960 κεστρέων
3185 2892 3231 2943 ot
3290 2889 3387 2960 μὲν
3414 2887 3641 2958 χελῶυες

2071 2982 2165 3035 τοῦ
2190 2980 2567 3045 Ποσειδεῶνος,
2598 2982 2692 3035 καὶ
2723 2984 2752 3035 ὁ
2787 2981 2966 3052 μύξων
2995 2979 3346 3052 καλούμενος,
3377 2981 3472 3032 καὶ
3498 2980 3526 3031 ὀ
3556 2979 3646 3032 2(-

2075 3073 2238 3142 φαλος
2258 3087 2272 3102 ⁹
2304 3073 2492 3126 κυοῦσι
2518 3072 2573 3126 δὲ
2599 3075 2890 3144 τριάκοντα
2917 3073 3156 3144 ἡμέραςι
3183 3092 3201 3124 ι
3239 3071 3409 3124 Τοῦτο
3438 3069 3482 3123 δ’
3513 3068 3648 3122 αὐτὸ

2078 3163 2236 3216 πάλιν
2270 3163 2363 3216 καὶ
2400 3165 2458 3215 ὲν
2496 3163 2573 3234 τῷ
2601 3164 2811 3234 ἑϐδόμῳ
2846 3163 3030 3232 φησίν.
3071 3163 3222 3233 ’Ἅμα
3261 3159 3317 3212 δὲ
3346 3157 3528 3228 δῆλον,
3564 3157 3648 3210 ὅτι

2075 3258 2168 3310 καὶ
2205 3256 2461 3327 τροπικὸς
2500 3258 2528 3309 ὁ
2559 3254 2875 3308 Ποσειδεὼν.
2913 3255 2974 3306 Εἰ
3006 3252 3115 3323 γὰρ
3149 3253 3276 3323 περὶ
3308 3248 3650 3303 Ποσειδειῖινα

2075 3347 2180 3418 πρὸ
2220 3347 2328 3400 τῶν
2359 3347 2574 3419 τροπῶν
2594 3388 2608 3410 ,
2637 3347 2945 3418 χειμερινὸς
2969 3349 3014 3397 δ’
3044 3348 3072 3398 ὀ
3104 3341 3399 3396 Ποσειδεὼν
3425 3359 3439 3371 ο
3480 3357 3647 3410 φανε-

2079 3442 2189 3511 ρὸν,
2217 3441 2298 3493 δτι
2329 3441 2454 3511 περὶ
2486 3440 2819 3492 Ποσειδεῶνα
2852 3439 2908 3490 αἱ
2946 3437 3165 3508 τροπαί.
3199 3435 3331 3506 Περὶ
3355 3433 3466 3505 γὰρ
3497 3432 3649 3504 πρῶ-

2075 3551 2164 3586 τον
2201 3533 2346 3604 μῆνα
2371 3533 2478 3585 τῶν
2502 3531 2822 3603 χειμερινῶν
2853 3531 3088 3598 γίνονται
3119 3531 3172 3581 αἱ
3210 3527 3429 3599 τροπαί.
3471 3527 3583 3580 Καὶ
3613 3526 3647 3594 ὴ

2082 3644 2099 3675 ί
2128 3625 2253 3692 περὶ
2292 3622 2621 3675 Ποσειδεῶνα
2643 3622 2748 3693 πρὸ
2772 3621 2878 3674 τῶν
2917 3621 3128 3691 τροπῶν
3154 3641 3170 3672 ι
3205 3619 3360 3691 ῥῆσις
3385 3657 3401 3682 ,
3439 3617 3549 3688 ἄρα
3591 3618 3650 3669 τὸ

2077 3714 2204 3766 πότε
2222 3713 2312 3766 τοῦ
2338 3714 2499 3783 μηνὸς
2514 3713 2730 3784 διορίζει
2748 3731 2760 3743 ο
2777 3713 2850 3776 ὡς
2874 3714 2965 3764 καὶ
2989 3711 3126 3782 μετά
3139 3711 3339 3782 τροπὰς
3362 3708 3646 3778 γινομένου

2076 3806 2169 3860 τοῦ
2210 3806 2328 3878 περὶ
2357 3805 2447 3858 τὸν
2478 3805 2636 3858 αὑτὸν
2679 3805 2842 3876 μῆνα,
2867 3805 2992 3875 περὶ
3019 3804 3077 3857 ὃν
3100 3806 3152 3856 αί
3176 3801 3391 3872 τροπαί.
3423 3801 3504 3854 Οὐ
3544 3799 3650 3869 μὴν

2079 3899 2212 3952 ἀλλά
2237 3899 2328 3952 καὶ
2353 3897 2460 3950 τῶν
2481 3895 2707 3970 ὀρνίθων
2731 3895 2943 3950 ἀλκυὼν
2969 3897 3137 3950 τίκτει
3167 3895 3262 3966 μὲν
3293 3893 3420 3964 περὶ
3443 3891 3651 3962 τροπὰς

2081 3990 2408 4062 χειμερινάς.
2461 3990 2552 4043 Διὸ
2610 3989 2704 4042 καὶ
2737 3988 3224 4060 καλοῦνται,«ὅταν
3275 3984 3532 4038 εὐδιειναὶ
3564 3982 3632 4049 τέ

2079 4101 2275 4137 νωνται
2309 4085 2363 4137 αἱ
2397 4083 2612 4154 τροπαὶ,
2651 4081 2982 4135 ’Λλκυόνειαι
3003 4079 3226 4150 ἡμέραι,
3256 4077 3397 4130 ἐτττά
3424 4075 3522 4145 μὲν
3542 4073 3647 4143 πρὸ

2081 4171 2316 4244 τροπῶν,
2353 4171 2492 4224 ἑπτὰ
2533 4172 2588 4224 δὲ
2632 4171 2768 4242 μετὰ
2807 4171 3043 4242 τροπάς·
3078 4169 3330 4238 καθάπερ
3373 4167 3464 4218 καὶ
3501 4165 3636 4230 ’Δριυ

2086 4264 2336 4334 στοτέλης
2367 4263 2497 4333 φησί
2519 4280 2530 4292 ·
2562 4262 2807 4316 καλεῖται
2832 4263 2889 4316 δὲ
2921 4261 3268 4322 Ποσειδεωνὶς
3297 4261 3405 4320 τοῖς
3434 4254 3636 4314 πολλοῖς

2083 4357 2115 4424 ἡ
2149 4356 2293 4425 ὅρνις
2321 4393 2334 4417 ,
2379 4350 2528 4423 παρά
2554 4368 2645 4406 του
2689 4351 2797 4404 τῶν
2823 4350 3048 4404 ἀστείων
3071 4389 3084 4411 ,
3108 4349 3182 4412 ὼς
3209 4348 3371 4408 ἔοικε,
3414 4341 3638 4410 τοῦνομα

421 4455 511 4508 sit.
539 4451 844 4518 Quinetiam
893 4451 1096 4520 Alcyon
1155 4451 1270 4504 avis
1323 4450 1469 4502 circa
1530 4451 1774 4502 brumam
1823 4448 1973 4516 parit.

2088 4447 2354 4515 εἰληφόσι,
2385 4446 2531 4515 παρὰ
2560 4445 2619 4497 τὸ
2642 4445 2845 4498 τίκτειν
2887 4441 3239 4503 Ποσειδεῶνος
3277 4437 3469 4510 μηνός·
3505 4435 3645 4486 ὥστε

421 4543 783 4610 Quamobrem
813 4543 1027 4612 quoties
1057 4542 1246 4596 bruma
1266 4555 1456 4594 serena
1473 4549 1574 4604 est,
1601 4540 1717 4594 dies
1741 4538 1982 4609 Alcyonii

423 4635 762 4706 appellantur
805 4643 1006 4704 septem
1063 4641 1187 4688 ante
1242 4633 1524 4696 brumam.
1590 4637 1642 4684 et
1692 4639 1898 4700 septem
1954 4645 1983 4683 a

421 4727 650 4793 bruma;
686 4732 742 4779 ut
763 4726 923 4780 etiam
945 4725 1264 4785 Aristoteles
1294 4723 1390 4784 ait,
1421 4730 1750 4792 vocaturque
1782 4739 1812 4774 a
1845 4723 1984 4775 mul-

421 4821 494 4873 tis
531 4817 644 4887 ipsa
679 4819 794 4871 avis
826 4815 1165 4878 Posideonis,
1213 4814 1265 4868 id
1319 4822 1401 4870 est
1437 4812 1774 4874 Decembria,
1811 4813 1878 4866 ab
1909 4819 1986 4866 ie-

425 4909 548 4977 pido
581 4909 834 4979 quopiam
867 4917 921 4962 et
960 4910 1170 4962 urbano
1218 4913 1472 4968 auctore,
1512 4914 1570 4960 ut
1605 4905 1850 4965 videtur,
1885 4919 1982 4973 ap-

427 4998 770 5066 pellationem
809 4998 1108 5055 mutuatis,
1170 4993 1314 5065 quod
1367 4994 1542 5064 pariat
1593 5009 1779 5048 mense
1831 4992 1986 5046 Posi-

424 5090 597 5144 deone
624 5104 637 5142 :
676 5088 812 5143 adeo
837 5097 894 5140 ttt
920 5089 1048 5141 illud
1085 5087 1298 5141 abunde
1323 5101 1576 5157 magnttm
1603 5095 1982 5154 argumentum

426 5182 516 5241 sit,
561 5180 898 5235 solstitialem
943 5195 1065 5233 esse
1122 5177 1475 5234 Posideonem
1502 5217 1517 5240 ,
1573 5185 1627 5232 et
1675 5178 1982 5231 hiemalium

2088 4543 2308 4610 σημεῖον
2352 4538 2444 4590 καὶ
2486 4537 2628 4590 τοῦτ’
2654 4538 2734 4596 ἂν,
2759 4538 2841 4606 εἴη
2876 4535 3133 4607 τροπικὸν
3172 4529 3310 4586 εἶναι
3341 4530 3430 4583 τὸν
3460 4529 3624 4581 ΙΙοσει

2085 4630 2274 4694 δεῶνα,
2309 4630 2401 4682 καὶ
2439 4628 2546 4682 τῶν
2570 4628 2893 4699 χειμερινῶν
2925 4627 3156 4699 πρῶτον.
3192 4623 3305 4677 Νῦν
3338 4622 3434 4693 μὲν
3462 4615 3555 4672 οὖν
3590 4619 3650 4671 ὲκ

2085 4722 2289 4774 τούτων
2336 4719 2575 4791 εἰλήφθω
2616 4719 2921 4792 χειμερινόν
2958 4735 3017 4770 τε
3070 4718 3161 4770 καὶ
3206 4713 3462 4786 τροπικὸν
3515 4707 3650 4762 εἶναι

2083 4816 2174 4867 τὸν
2208 4813 2540 4868 Ποσειδεῶνα
2563 4830 2575 4842 °
2609 4812 2831 4879 ὕστερον
2876 4811 2930 4863 δὲ
2981 4809 3074 4863 καὶ
3114 4807 3182 4861 δι’
3209 4804 3492 4878 ἀκριϐείας
3527 4802 3636 4872 μᾶλ

2089 4907 2178 4958 λον
2222 4905 2579 4977 δειχθήσεται.
2638 4905 2747 4975 Τὴν
2805 4903 2848 4955 δ’
2882 4901 3163 4973 ἀκρίϐειαν
3213 4899 3312 4970 οὐχ
3354 4895 3554 4967 ὁμοίως
3597 4896 3647 4946 ἐδ.

2093 4997 2292 5051 ἅπασιν
2319 4995 2590 5066 ἐπιζητεῖν
2616 4997 2714 5060 δεῖ,
2745 4995 2858 5049 ἀλλ’
2889 4996 2946 5048 ὲν
2972 4995 3217 5056 ἑκάστοις
3244 4989 3386 5045 κατὰ
3414 4988 3518 5059 τὴν
3532 4988 3638 5040 ὑπο

2090 5089 2350 5159 κειμένην
2381 5088 2531 5159 ὓλην,
2564 5089 2656 5141 καὶ
2694 5086 2786 5139 ἐπὶ
2816 5085 3086 5146 τοσοῦτον,
3119 5083 3200 5152 ἐφ’
3233 5083 3352 5135 ὅσον
3387 5078 3560 5133 οἰκεία
3585 5078 3649 5146 τῇ

2097 5179 2318 5250 μεθόδῳ.

427 5275 693 5329 mensium
723 5274 980 5344 primum.
1011 5272 1164 5327 Nunc
1199 5274 1363 5344 igitur
1389 5287 1453 5326 ex
1490 5272 1576 5326 his
1608 5281 1882 5342 sumptum
1915 5273 2006 5335 sit,
2048 5273 2330 5329 hibernum
2394 5283 2448 5330 et
2490 5272 2830 5330 solstitialem
2875 5287 2996 5327 esse
3039 5270 3434 5327 Posideonem:
3475 5276 3648 5334 quan:

424 5382 587 5440 quam
671 5373 832 5424 etiam
912 5368 1224 5439 diligentius
1300 5365 1525 5435 posthac
1599 5365 2077 5420 demonstrabitur.
2138 5365 2242 5420 Sed
2286 5382 2383 5420 nec
2452 5367 2590 5421 hanc
2644 5366 2842 5436 pariter
2911 5365 2966 5418 in
3016 5363 3270 5418 omnibus
3318 5359 3649 5428 diligentiam

427 5461 704 5532 requirere
753 5470 998 5533 Oportet;
1057 5475 1241 5514 verum
1301 5461 1354 5513 in
1403 5458 1633 5529 singulis
1689 5457 1988 5512 secundum
2021 5459 2318 5529 subiectam
2354 5459 2656 5520 materiam.
2691 5466 2854 5529 atque
2880 5457 3168 5521 hactenus,
3231 5459 3502 5524 quatenus
3560 5464 3633 5518 pe

424 5558 648 5613 cuiiaris
675 5566 757 5612 est
788 5559 1017 5612 docendi
1051 5557 1271 5611 rationi.

495 5648 865 5703 Gamelionem
894 5664 1059 5717 porro
1085 5649 1268 5703 statim
1300 5645 1548 5714 sequitur
1573 5643 1957 5716 Elaphehnlion
1985 5663 1998 5712 ;

439 5743 739 5798 novissimo
766 5741 908 5797 enim
943 5756 1127 5795 mense
1161 5739 1388 5794 brumali
1419 5753 1554 5807 opus
1585 5745 1663 5793 est
1690 5756 1702 5805 ;
1735 5740 1879 5808 atqui
1917 5739 2000 5792 hic

2167 5641 2318 5695 Μετά
2345 5640 2401 5693 δὲ
2435 5639 2758 5710 Γαμηλιῶνα
2797 5639 2952 5701 εὐθὺς
2999 5631 3425 5706 Ἐλαφηϐολιών·
3470 5630 3646 5684 τελευι

2107 5735 2252 5789 τιιίου
2289 5736 2393 5807 γὰρ
2425 5735 2592 5807 μηνὸς
2621 5734 2725 5787 τῶν
2765 5731 3083 5799 χειμερινῶν
3115 5730 3219 5783 δείο
3256 5726 3437 5781 οὑτοσὶ
3469 5723 3526 5779 δὲ
3559 5736 3640 5774 τεο
