  <div class='ocr_page' id='page_1' title='image "/cluster/home/n/w/nwhite01/storage/ocr_20150623/19/hvd.32044073501199/594.png"; bbox 0 0 4044 6220; ppageno 0'>
   <div class='ocr_carea' id='block_1_1' title="bbox 378 357 3582 427">
    <p class='ocr_par' dir='ltr' id='par_1_1' title="bbox 378 357 3582 427">
     <span class='ocr_line' id='line_1_1' title="bbox 378 357 3582 427; baseline 0.001 -9"><span class='ocrx_word' id='word_1_1' title='bbox 378 361 514 418; x_wconf 77' lang='lat' dir='ltr'><strong>H73</strong></span> <span class='ocrx_word' id='word_1_2' title='bbox 1286 359 1632 417; x_wconf 80' lang='lat' dir='ltr'><strong>&#39;ﬂlEODOl‘d</strong></span> <span class='ocrx_word' id='word_1_3' title='bbox 1669 358 1873 416; x_wconf 61' lang='lat' dir='ltr'><strong>GAZE</strong></span> <span class='ocrx_word' id='word_1_4' title='bbox 1915 357 2113 415; x_wconf 78' lang='lat' dir='ltr'><strong>LIBER</strong></span> <span class='ocrx_word' id='word_1_5' title='bbox 2154 361 2241 417; x_wconf 88' lang='lat' dir='ltr'><strong>DE</strong></span> <span class='ocrx_word' id='word_1_6' title='bbox 2272 363 2634 427; x_wconf 79' lang='lat' dir='ltr'><strong>MENSIBUS.</strong></span> <span class='ocrx_word' id='word_1_7' title='bbox 3447 364 3582 422; x_wconf 63' lang='lat' dir='ltr'><strong>H75</strong></span> 
     </span>
    </p>
   </div>
   <div class='ocr_carea' id='block_1_2' title="bbox 374 462 1937 558">
    <p class='ocr_par' dir='ltr' id='par_1_2' title="bbox 374 462 1929 553">
     <span class='ocr_line' id='line_1_2' title="bbox 374 462 1929 553; baseline -0.002 -18"><span class='ocrx_word' id='word_1_8' title='bbox 374 479 633 541; x_wconf 73' lang='grc' dir='ltr'>λευταῖος.</span> <span class='ocrx_word' id='word_1_9' title='bbox 683 478 913 548; x_wconf 79' lang='grc' dir='ltr'>Σημεῐον</span> <span class='ocrx_word' id='word_1_10' title='bbox 961 476 1051 533; x_wconf 81' lang='grc' dir='ltr'>δέ·</span> <span class='ocrx_word' id='word_1_11' title='bbox 1085 476 1411 551; x_wconf 73' lang='grc' dir='ltr'><strong>Θουκυδίδης</strong></span> <span class='ocrx_word' id='word_1_12' title='bbox 1447 479 1554 553; x_wconf 74' lang='grc' dir='ltr'><strong>γὰρ</strong></span> <span class='ocrx_word' id='word_1_13' title='bbox 1598 483 1653 533; x_wconf 82' lang='grc' dir='ltr'><strong>έν</strong></span> <span class='ocrx_word' id='word_1_14' title='bbox 1692 462 1929 551; x_wconf 30' lang='grc' dir='ltr'>’τετάρτῃ</span> 
     </span>
    </p>
   </div>
   <div class='ocr_carea' id='block_1_3' title="bbox 2039 462 3582 558">
    <p class='ocr_par' dir='ltr' id='par_1_3' title="bbox 2039 485 3582 558">
     <span class='ocr_line' id='line_1_3' title="bbox 2039 485 3582 558; baseline 0.003 -24"><span class='ocrx_word' id='word_1_15' title='bbox 2039 492 2177 537; x_wconf 79' lang='lat' dir='ltr'><strong>certe</strong></span> <span class='ocrx_word' id='word_1_16' title='bbox 2206 494 2536 554; x_wconf 86' lang='lat' dir='ltr'><strong>postremus.</strong></span> <span class='ocrx_word' id='word_1_17' title='bbox 2571 486 2741 555; x_wconf 87' lang='lat' dir='ltr'><strong>Cujus</strong></span> <span class='ocrx_word' id='word_1_18' title='bbox 2769 485 2846 541; x_wconf 85' lang='lat' dir='ltr'><strong>rei</strong></span> <span class='ocrx_word' id='word_1_19' title='bbox 2878 486 3092 558; x_wconf 86' lang='lat' dir='ltr'><strong>signum</strong></span> <span class='ocrx_word' id='word_1_20' title='bbox 3119 497 3237 556; x_wconf 88' lang='lat' dir='ltr'><strong>est,</strong></span> <span class='ocrx_word' id='word_1_21' title='bbox 3268 488 3408 557; x_wconf 84' lang='lat' dir='ltr'><strong>quod</strong></span> <span class='ocrx_word' id='word_1_22' title='bbox 3436 489 3582 541; x_wconf 84' lang='lat' dir='ltr'><strong>Tim-</strong></span> 
     </span>
    </p>
   </div>
   <div class='ocr_carea' id='block_1_4' title="bbox 377 568 1937 648">
    <p class='ocr_par' dir='ltr' id='par_1_4' title="bbox 377 568 1929 641">
     <span class='ocr_line' id='line_1_4' title="bbox 377 568 1929 641; baseline -0.003 -15"><span class='ocrx_word' id='word_1_23' title='bbox 377 570 478 626; x_wconf 81' lang='grc' dir='ltr'><strong>τῶν</strong></span> <span class='ocrx_word' id='word_1_24' title='bbox 512 569 761 640; x_wconf 77' lang='grc' dir='ltr'><strong>ἱστοριῶν</strong></span> <span class='ocrx_word' id='word_1_25' title='bbox 807 568 904 641; x_wconf 80' lang='grc' dir='ltr'>τὴν</span> <span class='ocrx_word' id='word_1_26' title='bbox 957 569 1223 625; x_wconf 66' lang='grc' dir='ltr'>ἐνιαύσιον</span> <span class='ocrx_word' id='word_1_27' title='bbox 1255 572 1593 641; x_wconf 76' lang='grc' dir='ltr'><strong>ἐκεχειρίαν,</strong></span> <span class='ocrx_word' id='word_1_28' title='bbox 1633 570 1728 641; x_wconf 82' lang='grc' dir='ltr'>τὴν</span> <span class='ocrx_word' id='word_1_29' title='bbox 1779 586 1929 638; x_wconf 87' lang='grc' dir='ltr'>γενο-</span> 
     </span>
    </p>
   </div>
   <div class='ocr_carea' id='block_1_5' title="bbox 2039 568 3584 648">
    <p class='ocr_par' dir='ltr' id='par_1_5' title="bbox 2039 572 3584 648">
     <span class='ocr_line' id='line_1_5' title="bbox 2039 572 3584 648; baseline 0.003 -21"><span class='ocrx_word' id='word_1_30' title='bbox 2039 572 2259 644; x_wconf 86' lang='lat' dir='ltr'><strong>cydides</strong></span> <span class='ocrx_word' id='word_1_31' title='bbox 2284 576 2524 632; x_wconf 69' lang='lat' dir='ltr'><strong>historia:</strong></span> <span class='ocrx_word' id='word_1_32' title='bbox 2546 577 2681 631; x_wconf 90' lang='lat' dir='ltr'><strong>libro</strong></span> <span class='ocrx_word' id='word_1_33' title='bbox 2701 586 2897 648; x_wconf 86' lang='lat' dir='ltr'><strong>quarto</strong></span> <span class='ocrx_word' id='word_1_34' title='bbox 2923 578 3171 633; x_wconf 91' lang='lat' dir='ltr'><strong>inducias</strong></span> <span class='ocrx_word' id='word_1_35' title='bbox 3200 591 3410 633; x_wconf 83' lang='lat' dir='ltr'><strong>annuas</strong></span> <span class='ocrx_word' id='word_1_36' title='bbox 3443 577 3584 632; x_wconf 76' lang='lat' dir='ltr'><strong>inter</strong></span> 
     </span>
    </p>
   </div>
   <div class='ocr_carea' id='block_1_6' title="bbox 372 659 1932 735">
    <p class='ocr_par' dir='ltr' id='par_1_6' title="bbox 372 659 1932 735">
     <span class='ocr_line' id='line_1_6' title="bbox 372 659 1932 735; baseline -0.001 -21"><span class='ocrx_word' id='word_1_37' title='bbox 372 661 546 735; x_wconf 74' lang='grc' dir='ltr'>μένην</span> <span class='ocrx_word' id='word_1_38' title='bbox 587 659 1030 731; x_wconf 81' lang='grc' dir='ltr'><strong>Λακεδαιμονίοις</strong></span> <span class='ocrx_word' id='word_1_39' title='bbox 1068 662 1166 715; x_wconf 77' lang='grc' dir='ltr'>καὶ</span> <span class='ocrx_word' id='word_1_40' title='bbox 1219 661 1548 733; x_wconf 81' lang='grc' dir='ltr'>Ἀθηναίοις,</span> <span class='ocrx_word' id='word_1_41' title='bbox 1581 661 1932 724; x_wconf 78' lang='grc' dir='ltr'><strong>τελευτῶντος</strong></span> 
     </span>
    </p>
   </div>
   <div class='ocr_carea' id='block_1_7' title="bbox 368 751 1930 824">
    <p class='ocr_par' dir='ltr' id='par_1_7' title="bbox 368 751 1930 824">
     <span class='ocr_line' id='line_1_7' title="bbox 368 751 1930 824; baseline -0.001 -18"><span class='ocrx_word' id='word_1_42' title='bbox 368 751 555 822; x_wconf 78' lang='grc' dir='ltr'>ὀγδόου</span> <span class='ocrx_word' id='word_1_43' title='bbox 582 751 735 816; x_wconf 76' lang='grc' dir='ltr'>ἔτους</span> <span class='ocrx_word' id='word_1_44' title='bbox 764 753 844 823; x_wconf 85' lang='grc' dir='ltr'>τῷ</span> <span class='ocrx_word' id='word_1_45' title='bbox 873 753 1114 823; x_wconf 78' lang='grc' dir='ltr'>πολέμῳ,</span> <span class='ocrx_word' id='word_1_46' title='bbox 1141 754 1356 824; x_wconf 78' lang='grc' dir='ltr'><strong>τετράδι</strong></span> <span class='ocrx_word' id='word_1_47' title='bbox 1387 756 1479 807; x_wconf 74' lang='grc' dir='ltr'><strong>ἐπὶ</strong></span> <span class='ocrx_word' id='word_1_48' title='bbox 1507 752 1637 806; x_wconf 86' lang='grc' dir='ltr'>δέκα</span> <span class='ocrx_word' id='word_1_49' title='bbox 1658 753 1751 805; x_wconf 75' lang='grc' dir='ltr'><strong>τοῦ</strong></span> <span class='ocrx_word' id='word_1_50' title='bbox 1782 752 1930 805; x_wconf 85' lang='grc' dir='ltr'>Ἐλα-</span> 
     </span>
    </p>
   </div>
   <div class='ocr_carea' id='block_1_8' title="bbox 372 844 1930 920">
    <p class='ocr_par' dir='ltr' id='par_1_8' title="bbox 372 844 1930 920">
     <span class='ocr_line' id='line_1_8' title="bbox 372 844 1930 920; baseline -0.003 -20"><span class='ocrx_word' id='word_1_51' title='bbox 372 845 705 920; x_wconf 79' lang='grc' dir='ltr'>φηϐολιῶνος</span> <span class='ocrx_word' id='word_1_52' title='bbox 741 846 905 917; x_wconf 81' lang='grc' dir='ltr'>μηνὸς</span> <span class='ocrx_word' id='word_1_53' title='bbox 938 845 1314 916; x_wconf 78' lang='grc' dir='ltr'>ὁμολογεῖσθαι</span> <span class='ocrx_word' id='word_1_54' title='bbox 1351 861 1517 915; x_wconf 82' lang='grc' dir='ltr'>φησι·</span> <span class='ocrx_word' id='word_1_55' title='bbox 1551 844 1648 916; x_wconf 83' lang='grc' dir='ltr'><strong>τὴν</strong></span> <span class='ocrx_word' id='word_1_56' title='bbox 1683 845 1727 897; x_wconf 83' lang='grc' dir='ltr'>δ’</span> <span class='ocrx_word' id='word_1_57' title='bbox 1760 844 1930 915; x_wconf 79' lang='grc' dir='ltr'>αὐτὴν</span> 
     </span>
    </p>
   </div>
   <div class='ocr_carea' id='block_1_9' title="bbox 372 932 1928 1010">
    <p class='ocr_par' dir='ltr' id='par_1_9' title="bbox 372 932 1928 1010">
     <span class='ocr_line' id='line_1_9' title="bbox 372 932 1928 1010; baseline -0.004 -17"><span class='ocrx_word' id='word_1_58' title='bbox 372 938 680 1010; x_wconf 71' lang='grc' dir='ltr'><strong>ἐκεχειρίαν</strong></span> <span class='ocrx_word' id='word_1_59' title='bbox 709 939 804 992; x_wconf 74' lang='grc' dir='ltr'><strong>καὶ</strong></span> <span class='ocrx_word' id='word_1_60' title='bbox 833 937 1128 997; x_wconf 76' lang='grc' dir='ltr'><strong>διελθόντος</strong></span> <span class='ocrx_word' id='word_1_61' title='bbox 1152 934 1245 991; x_wconf 74' lang='grc' dir='ltr'>τοῦ</span> <span class='ocrx_word' id='word_1_62' title='bbox 1274 936 1539 1007; x_wconf 87' lang='grc' dir='ltr'>χειμῶνος</span> <span class='ocrx_word' id='word_1_63' title='bbox 1569 937 1684 1006; x_wconf 73' lang='grc' dir='ltr'>ἅμα</span> <span class='ocrx_word' id='word_1_64' title='bbox 1711 932 1806 1007; x_wconf 83' lang='grc' dir='ltr'><strong>ἦρι</strong></span> <span class='ocrx_word' id='word_1_65' title='bbox 1833 934 1928 988; x_wconf 80' lang='grc' dir='ltr'><strong>τοῦ</strong></span> 
     </span>
    </p>
   </div>
   <div class='ocr_carea' id='block_1_10' title="bbox 372 1024 1929 1098">
    <p class='ocr_par' dir='ltr' id='par_1_10' title="bbox 372 1024 1929 1098">
     <span class='ocr_line' id='line_1_10' title="bbox 372 1024 1929 1098; baseline -0.003 -16"><span class='ocrx_word' id='word_1_66' title='bbox 372 1028 752 1097; x_wconf 72' lang='grc' dir='ltr'><strong>ἐπιγινομένου</strong></span> <span class='ocrx_word' id='word_1_67' title='bbox 800 1028 990 1098; x_wconf 85' lang='grc' dir='ltr'>θέρους</span> <span class='ocrx_word' id='word_1_68' title='bbox 1043 1026 1342 1095; x_wconf 87' lang='grc' dir='ltr'>γεγονέναι.</span> <span class='ocrx_word' id='word_1_69' title='bbox 1400 1026 1517 1078; x_wconf 79' lang='grc' dir='ltr'><strong>Κάν</strong></span> <span class='ocrx_word' id='word_1_70' title='bbox 1577 1028 1642 1096; x_wconf 78' lang='grc' dir='ltr'>τῇ</span> <span class='ocrx_word' id='word_1_71' title='bbox 1705 1024 1929 1096; x_wconf 78' lang='grc' dir='ltr'><strong>πέμπτῃ</strong></span> 
     </span>
    </p>
   </div>
   <div class='ocr_carea' id='block_1_11' title="bbox 369 1118 1929 1190">
    <p class='ocr_par' dir='ltr' id='par_1_11' title="bbox 369 1118 1929 1190">
     <span class='ocr_line' id='line_1_11' title="bbox 369 1118 1929 1190; baseline -0.004 -12"><span class='ocrx_word' id='word_1_72' title='bbox 369 1123 417 1177; x_wconf 81' lang='grc' dir='ltr'>δ’</span> <span class='ocrx_word' id='word_1_73' title='bbox 441 1120 511 1177; x_wconf 79' lang='grc' dir='ltr'>αὖ</span> <span class='ocrx_word' id='word_1_74' title='bbox 553 1121 657 1175; x_wconf 81' lang='grc' dir='ltr'><strong>τῶν</strong></span> <span class='ocrx_word' id='word_1_75' title='bbox 694 1121 870 1174; x_wconf 81' lang='grc' dir='ltr'>αὐτῶν</span> <span class='ocrx_word' id='word_1_76' title='bbox 914 1119 1162 1190; x_wconf 78' lang='grc' dir='ltr'>ἱστοριῶν</span> <span class='ocrx_word' id='word_1_77' title='bbox 1202 1118 1433 1183; x_wconf 74' lang='grc' dir='ltr'>σπονδὰς</span> <span class='ocrx_word' id='word_1_78' title='bbox 1472 1118 1721 1187; x_wconf 78' lang='grc' dir='ltr'>γενέσθαι</span> <span class='ocrx_word' id='word_1_79' title='bbox 1765 1118 1929 1188; x_wconf 75' lang='grc' dir='ltr'>φησὶν</span> 
     </span>
    </p>
   </div>
   <div class='ocr_carea' id='block_1_12' title="bbox 372 1208 1930 1286">
    <p class='ocr_par' dir='ltr' id='par_1_12' title="bbox 372 1208 1930 1286">
     <span class='ocr_line' id='line_1_12' title="bbox 372 1208 1930 1286; baseline -0.004 -18"><span class='ocrx_word' id='word_1_80' title='bbox 372 1215 466 1268; x_wconf 73' lang='grc' dir='ltr'><strong>ἐπὶ</strong></span> <span class='ocrx_word' id='word_1_81' title='bbox 506 1213 766 1286; x_wconf 76' lang='grc' dir='ltr'>ἄρχοντος</span> <span class='ocrx_word' id='word_1_82' title='bbox 817 1212 1101 1284; x_wconf 76' lang='grc' dir='ltr'>Ἀθήνῃσιν</span> <span class='ocrx_word' id='word_1_83' title='bbox 1143 1210 1388 1264; x_wconf 84' lang='grc' dir='ltr'>Ἀλκαίου</span> <span class='ocrx_word' id='word_1_84' title='bbox 1409 1249 1424 1272; x_wconf 90' lang='grc'><strong>,</strong></span> <span class='ocrx_word' id='word_1_85' title='bbox 1472 1208 1930 1279; x_wconf 76' lang='grc' dir='ltr'>Ἐλαφηϐολιῶνος</span> 
     </span>
    </p>
   </div>
   <div class='ocr_carea' id='block_1_13' title="bbox 377 1299 1930 1376">
    <p class='ocr_par' dir='ltr' id='par_1_13' title="bbox 377 1299 1930 1376">
     <span class='ocr_line' id='line_1_13' title="bbox 377 1299 1930 1376; baseline -0.003 -19"><span class='ocrx_word' id='word_1_86' title='bbox 377 1304 545 1376; x_wconf 82' lang='grc' dir='ltr'>μηνὸς</span> <span class='ocrx_word' id='word_1_87' title='bbox 588 1303 721 1375; x_wconf 66' lang='grc' dir='ltr'>ἕκτῃ</span> <span class='ocrx_word' id='word_1_88' title='bbox 776 1301 1069 1371; x_wconf 85' lang='grc' dir='ltr'>φθίνοντος.</span> <span class='ocrx_word' id='word_1_89' title='bbox 1119 1302 1231 1365; x_wconf 81' lang='grc' dir='ltr'><strong>Τὰς</strong></span> <span class='ocrx_word' id='word_1_90' title='bbox 1263 1301 1310 1354; x_wconf 85' lang='grc' dir='ltr'>δ’</span> <span class='ocrx_word' id='word_1_91' title='bbox 1353 1299 1523 1365; x_wconf 76' lang='grc' dir='ltr'>αὐτὰς</span> <span class='ocrx_word' id='word_1_92' title='bbox 1565 1299 1793 1363; x_wconf 72' lang='grc' dir='ltr'>σπονδὰς</span> <span class='ocrx_word' id='word_1_93' title='bbox 1840 1299 1930 1352; x_wconf 78' lang='grc' dir='ltr'>καὶ</span> 
     </span>
    </p>
   </div>
   <div class='ocr_carea' id='block_1_14' title="bbox 370 1389 1926 1465">
    <p class='ocr_par' dir='ltr' id='par_1_14' title="bbox 370 1389 1926 1465">
     <span class='ocr_line' id='line_1_14' title="bbox 370 1389 1926 1465; baseline -0.003 -16"><span class='ocrx_word' id='word_1_94' title='bbox 370 1394 731 1458; x_wconf 73' lang='grc' dir='ltr'><strong>τελευτῶντος</strong></span> <span class='ocrx_word' id='word_1_95' title='bbox 758 1392 851 1447; x_wconf 81' lang='grc' dir='ltr'>τοῦ</span> <span class='ocrx_word' id='word_1_96' title='bbox 885 1393 1150 1465; x_wconf 86' lang='grc' dir='ltr'>χειμῶνος</span> <span class='ocrx_word' id='word_1_97' title='bbox 1181 1392 1297 1464; x_wconf 73' lang='grc' dir='ltr'>ἃμα</span> <span class='ocrx_word' id='word_1_98' title='bbox 1334 1389 1430 1464; x_wconf 84' lang='grc' dir='ltr'><strong>ἦρι</strong></span> <span class='ocrx_word' id='word_1_99' title='bbox 1461 1392 1710 1462; x_wconf 81' lang='grc' dir='ltr'>γενέσθαι</span> <span class='ocrx_word' id='word_1_100' title='bbox 1744 1391 1926 1462; x_wconf 72' lang='grc' dir='ltr'>φησίν.</span> 
     </span>
    </p>
   </div>
   <div class='ocr_carea' id='block_1_15' title="bbox 379 1484 1932 1559">
    <p class='ocr_par' dir='ltr' id='par_1_15' title="bbox 379 1484 1932 1559">
     <span class='ocr_line' id='line_1_15' title="bbox 379 1484 1932 1559; baseline -0.005 -17"><span class='ocrx_word' id='word_1_101' title='bbox 379 1489 499 1559; x_wconf 87' lang='grc' dir='ltr'><strong>Ἔτι</strong></span> <span class='ocrx_word' id='word_1_102' title='bbox 525 1488 570 1541; x_wconf 78' lang='grc' dir='ltr'>δ’</span> <span class='ocrx_word' id='word_1_103' title='bbox 608 1486 981 1558; x_wconf 83' lang='grc' dir='ltr'>Ἀριστοτέλης</span> <span class='ocrx_word' id='word_1_104' title='bbox 1001 1484 1109 1545; x_wconf 86' lang='grc' dir='ltr'><strong>τῶν</strong></span> <span class='ocrx_word' id='word_1_105' title='bbox 1134 1485 1335 1557; x_wconf 90' lang='grc' dir='ltr'>θηρίων</span> <span class='ocrx_word' id='word_1_106' title='bbox 1362 1484 1461 1556; x_wconf 80' lang='grc' dir='ltr'><strong>τὴν</strong></span> <span class='ocrx_word' id='word_1_107' title='bbox 1497 1486 1697 1556; x_wconf 86' lang='grc' dir='ltr'>ἄρκτον</span> <span class='ocrx_word' id='word_1_108' title='bbox 1728 1484 1932 1554; x_wconf 84' lang='grc' dir='ltr'>ἱστορεῖ</span> 
     </span>
    </p>
   </div>
   <div class='ocr_carea' id='block_1_16' title="bbox 372 1574 1927 1649">
    <p class='ocr_par' dir='ltr' id='par_1_16' title="bbox 372 1574 1927 1649">
     <span class='ocr_line' id='line_1_16' title="bbox 372 1574 1927 1649; baseline -0.003 -18"><span class='ocrx_word' id='word_1_109' title='bbox 372 1580 471 1649; x_wconf 79' lang='grc' dir='ltr'><strong>τὴν</strong></span> <span class='ocrx_word' id='word_1_110' title='bbox 497 1578 678 1649; x_wconf 78' lang='grc' dir='ltr'><strong>ὀχείαν</strong></span> <span class='ocrx_word' id='word_1_111' title='bbox 707 1577 971 1631; x_wconf 79' lang='grc' dir='ltr'>ποιεῖσθαι</span> <span class='ocrx_word' id='word_1_112' title='bbox 997 1576 1090 1630; x_wconf 81' lang='grc' dir='ltr'>τοῦ</span> <span class='ocrx_word' id='word_1_113' title='bbox 1116 1576 1281 1647; x_wconf 78' lang='grc' dir='ltr'>μηνὸς</span> <span class='ocrx_word' id='word_1_114' title='bbox 1301 1575 1397 1629; x_wconf 81' lang='grc' dir='ltr'><strong>τοῦ</strong></span> <span class='ocrx_word' id='word_1_115' title='bbox 1438 1574 1894 1646; x_wconf 71' lang='grc' dir='ltr'>Ἐλαφηϐολιῶνος</span> <span class='ocrx_word' id='word_1_116' title='bbox 1911 1589 1927 1606; x_wconf 75' lang='grc' dir='ltr'><strong>ο</strong></span> 
     </span>
    </p>
   </div>
   <div class='ocr_carea' id='block_1_17' title="bbox 376 1664 1929 1741">
    <p class='ocr_par' dir='ltr' id='par_1_17' title="bbox 376 1664 1929 1741">
     <span class='ocr_line' id='line_1_17' title="bbox 376 1664 1929 1741; baseline -0.005 -16"><span class='ocrx_word' id='word_1_117' title='bbox 376 1671 527 1725; x_wconf 82' lang='grc' dir='ltr'>κύειν</span> <span class='ocrx_word' id='word_1_118' title='bbox 551 1671 609 1724; x_wconf 76' lang='grc' dir='ltr'>δὲ</span> <span class='ocrx_word' id='word_1_119' title='bbox 656 1670 867 1741; x_wconf 80' lang='grc' dir='ltr'>ἡμέρας</span> <span class='ocrx_word' id='word_1_120' title='bbox 916 1664 1241 1740; x_wconf 78' lang='grc' dir='ltr'>τριάκοντα,</span> <span class='ocrx_word' id='word_1_121' title='bbox 1285 1670 1376 1724; x_wconf 77' lang='grc' dir='ltr'>καὶ</span> <span class='ocrx_word' id='word_1_122' title='bbox 1414 1670 1618 1723; x_wconf 81' lang='grc' dir='ltr'>τίκτειν</span> <span class='ocrx_word' id='word_1_123' title='bbox 1665 1668 1792 1738; x_wconf 76' lang='grc' dir='ltr'>περὶ</span> <span class='ocrx_word' id='word_1_124' title='bbox 1838 1666 1929 1719; x_wconf 72' lang='grc' dir='ltr'>τὸν</span> 
     </span>
    </p>
   </div>
   <div class='ocr_carea' id='block_1_18' title="bbox 374 1757 1924 1829">
    <p class='ocr_par' dir='ltr' id='par_1_18' title="bbox 374 1757 1924 1829">
     <span class='ocr_line' id='line_1_18' title="bbox 374 1757 1924 1829; baseline -0.002 -17"><span class='ocrx_word' id='word_1_125' title='bbox 374 1757 599 1829; x_wconf 79' lang='grc' dir='ltr'>καιρὸν,</span> <span class='ocrx_word' id='word_1_126' title='bbox 649 1757 707 1810; x_wconf 90' lang='grc' dir='ltr'><strong>δν</strong></span> <span class='ocrx_word' id='word_1_127' title='bbox 764 1757 961 1826; x_wconf 76' lang='grc' dir='ltr'>φωλείο</span> <span class='ocrx_word' id='word_1_128' title='bbox 1000 1758 1127 1811; x_wconf 83' lang='grc' dir='ltr'>ὅταν</span> <span class='ocrx_word' id='word_1_129' title='bbox 1170 1758 1225 1811; x_wconf 87' lang='grc' dir='ltr'>δὲ</span> <span class='ocrx_word' id='word_1_130' title='bbox 1265 1757 1500 1829; x_wconf 75' lang='grc' dir='ltr'><strong>ἐκθρέψῃ</strong></span> <span class='ocrx_word' id='word_1_131' title='bbox 1549 1758 1718 1829; x_wconf 85' lang='grc' dir='ltr'>τρίτῳ</span> <span class='ocrx_word' id='word_1_132' title='bbox 1765 1757 1924 1828; x_wconf 73' lang='grc' dir='ltr'>μηνὶ,</span> 
     </span>
    </p>
   </div>
   <div class='ocr_carea' id='block_1_19' title="bbox 2035 664 3581 739">
    <p class='ocr_par' dir='ltr' id='par_1_19' title="bbox 2035 664 3581 739">
     <span class='ocr_line' id='line_1_19' title="bbox 2035 664 3581 739; baseline 0.004 -24"><span class='ocrx_word' id='word_1_133' title='bbox 2035 664 2398 722; x_wconf 84' lang='lat' dir='ltr'><strong>Athenienses</strong></span> <span class='ocrx_word' id='word_1_134' title='bbox 2431 666 2976 739; x_wconf 64' lang='lat' dir='ltr'><strong>LacedaemOniosque</strong></span> <span class='ocrx_word' id='word_1_135' title='bbox 3018 668 3223 732; x_wconf 80' lang='lat' dir='ltr'><strong>factas,</strong></span> <span class='ocrx_word' id='word_1_136' title='bbox 3272 681 3417 722; x_wconf 83' lang='lat' dir='ltr'><strong>anno</strong></span> <span class='ocrx_word' id='word_1_137' title='bbox 3457 668 3581 722; x_wconf 74' lang='lat' dir='ltr'><strong>belri</strong></span> 
     </span>
    </p>
   </div>
   <div class='ocr_carea' id='block_1_20' title="bbox 2032 758 3584 831">
    <p class='ocr_par' dir='ltr' id='par_1_20' title="bbox 2032 758 3584 831">
     <span class='ocr_line' id='line_1_20' title="bbox 2032 758 3584 831; baseline 0 -21"><span class='ocrx_word' id='word_1_138' title='bbox 2032 766 2226 812; x_wconf 85' lang='lat' dir='ltr'><strong>octavo</strong></span> <span class='ocrx_word' id='word_1_139' title='bbox 2261 758 2585 825; x_wconf 79' lang='lat' dir='ltr'><strong>excedente,</strong></span> <span class='ocrx_word' id='word_1_140' title='bbox 2630 762 2835 817; x_wconf 88' lang='lat' dir='ltr'><strong>mensis</strong></span> <span class='ocrx_word' id='word_1_141' title='bbox 2876 759 3314 831; x_wconf 81' lang='lat' dir='ltr'><strong>Elaphebolionis</strong></span> <span class='ocrx_word' id='word_1_142' title='bbox 3360 767 3584 828; x_wconf 79' lang='lat' dir='ltr'><strong>quarto-</strong></span> 
     </span>
    </p>
   </div>
   <div class='ocr_carea' id='block_1_21' title="bbox 2033 848 3582 922">
    <p class='ocr_par' dir='ltr' id='par_1_21' title="bbox 2033 848 3582 922">
     <span class='ocr_line' id='line_1_21' title="bbox 2033 848 3582 922; baseline 0.001 -21"><span class='ocrx_word' id='word_1_143' title='bbox 2033 848 2248 902; x_wconf 77' lang='lat' dir='ltr'><strong>decimo</strong></span> <span class='ocrx_word' id='word_1_144' title='bbox 2282 850 2370 905; x_wconf 88' lang='lat' dir='ltr'><strong>die</strong></span> <span class='ocrx_word' id='word_1_145' title='bbox 2412 860 2599 922; x_wconf 85' lang='lat' dir='ltr'><strong>pactas</strong></span> <span class='ocrx_word' id='word_1_146' title='bbox 2644 868 2764 908; x_wconf 88' lang='lat' dir='ltr'><strong>esse</strong></span> <span class='ocrx_word' id='word_1_147' title='bbox 2812 852 2982 917; x_wconf 88' lang='lat' dir='ltr'><strong>dicit,</strong></span> <span class='ocrx_word' id='word_1_148' title='bbox 3025 861 3078 906; x_wconf 89' lang='lat' dir='ltr'><strong>et</strong></span> <span class='ocrx_word' id='word_1_149' title='bbox 3123 851 3339 906; x_wconf 80' lang='lat' dir='ltr'><strong>easdem</strong></span> <span class='ocrx_word' id='word_1_150' title='bbox 3394 857 3582 904; x_wconf 81' lang='lat' dir='ltr'><strong>exacta</strong></span> 
     </span>
    </p>
   </div>
   <div class='ocr_carea' id='block_1_22' title="bbox 2036 940 3583 1010">
    <p class='ocr_par' dir='ltr' id='par_1_22' title="bbox 2036 940 3583 1010">
     <span class='ocr_line' id='line_1_22' title="bbox 2036 940 3583 1010; baseline 0.001 -17"><span class='ocrx_word' id='word_1_151' title='bbox 2036 941 2254 1010; x_wconf 85' lang='lat' dir='ltr'><strong>quidem</strong></span> <span class='ocrx_word' id='word_1_152' title='bbox 2291 943 2501 1008; x_wconf 87' lang='lat' dir='ltr'><strong>hieme,</strong></span> <span class='ocrx_word' id='word_1_153' title='bbox 2535 944 2755 999; x_wconf 89' lang='lat' dir='ltr'><strong>ineunte</strong></span> <span class='ocrx_word' id='word_1_154' title='bbox 2784 944 2946 999; x_wconf 87' lang='lat' dir='ltr'><strong>simul</strong></span> <span class='ocrx_word' id='word_1_155' title='bbox 2978 958 3102 997; x_wconf 84' lang='lat' dir='ltr'><strong>vere</strong></span> <span class='ocrx_word' id='word_1_156' title='bbox 3143 942 3349 997; x_wconf 66' lang='lat' dir='ltr'><strong>aestatis</strong></span> <span class='ocrx_word' id='word_1_157' title='bbox 3388 940 3583 995; x_wconf 82' lang='lat' dir='ltr'><strong>subse-</strong></span> 
     </span>
    </p>
   </div>
   <div class='ocr_carea' id='block_1_23' title="bbox 2032 1032 3585 1105">
    <p class='ocr_par' dir='ltr' id='par_1_23' title="bbox 2032 1032 3585 1105">
     <span class='ocr_line' id='line_1_23' title="bbox 2032 1032 3585 1105; baseline 0 -19"><span class='ocrx_word' id='word_1_158' title='bbox 2032 1034 2249 1102; x_wconf 84' lang='lat' dir='ltr'><strong>quentis</strong></span> <span class='ocrx_word' id='word_1_159' title='bbox 2284 1034 2582 1090; x_wconf 80' lang='lat' dir='ltr'><strong>confectas.</strong></span> <span class='ocrx_word' id='word_1_160' title='bbox 2617 1035 2682 1090; x_wconf 86' lang='lat' dir='ltr'><strong>Et</strong></span> <span class='ocrx_word' id='word_1_161' title='bbox 2714 1036 2873 1090; x_wconf 91' lang='lat' dir='ltr'><strong>etiam</strong></span> <span class='ocrx_word' id='word_1_162' title='bbox 2911 1036 2963 1090; x_wconf 89' lang='lat' dir='ltr'><strong>in</strong></span> <span class='ocrx_word' id='word_1_163' title='bbox 2995 1036 3185 1105; x_wconf 90' lang='lat' dir='ltr'><strong>quinto</strong></span> <span class='ocrx_word' id='word_1_164' title='bbox 3222 1032 3463 1104; x_wconf 84' lang='lat' dir='ltr'><strong>ejusdem</strong></span> <span class='ocrx_word' id='word_1_165' title='bbox 3499 1032 3585 1086; x_wconf 89' lang='lat' dir='ltr'><strong>bi-</strong></span> 
     </span>
    </p>
   </div>
   <div class='ocr_carea' id='block_1_24' title="bbox 2033 1123 3584 1198">
    <p class='ocr_par' dir='ltr' id='par_1_24' title="bbox 2033 1123 3584 1198">
     <span class='ocr_line' id='line_1_24' title="bbox 2033 1123 3584 1198; baseline -0.002 -19"><span class='ocrx_word' id='word_1_166' title='bbox 2033 1125 2250 1189; x_wconf 64' lang='lat' dir='ltr'><strong>storise,</strong></span> <span class='ocrx_word' id='word_1_167' title='bbox 2285 1126 2594 1197; x_wconf 78' lang='lat' dir='ltr'><strong>praefectum</strong></span> <span class='ocrx_word' id='word_1_168' title='bbox 2626 1135 2843 1198; x_wconf 88' lang='lat' dir='ltr'><strong>gerente</strong></span> <span class='ocrx_word' id='word_1_169' title='bbox 2886 1126 3109 1181; x_wconf 82' lang='lat' dir='ltr'><strong>Athenis</strong></span> <span class='ocrx_word' id='word_1_170' title='bbox 3152 1125 3332 1181; x_wconf 65' lang='lat' dir='ltr'><strong>Alcaeo</strong></span> <span class='ocrx_word' id='word_1_171' title='bbox 3381 1123 3584 1179; x_wconf 73' lang='lat' dir='ltr'><strong>fmdera</strong></span> 
     </span>
    </p>
   </div>
   <div class='ocr_carea' id='block_1_25' title="bbox 2032 1217 3586 1288">
    <p class='ocr_par' dir='ltr' id='par_1_25' title="bbox 2032 1217 3586 1288">
     <span class='ocr_line' id='line_1_25' title="bbox 2032 1217 3586 1288; baseline -0.001 -19"><span class='ocrx_word' id='word_1_172' title='bbox 2032 1226 2293 1285; x_wconf 85' lang='lat' dir='ltr'><strong>percussa</strong></span> <span class='ocrx_word' id='word_1_173' title='bbox 2342 1217 2671 1281; x_wconf 83' lang='lat' dir='ltr'><strong>esse‘dicit,</strong></span> <span class='ocrx_word' id='word_1_174' title='bbox 2719 1218 2923 1274; x_wconf 82' lang='lat' dir='ltr'><strong>mensis</strong></span> <span class='ocrx_word' id='word_1_175' title='bbox 2952 1217 3390 1288; x_wconf 80' lang='lat' dir='ltr'><strong>Elaphebolionis</strong></span> <span class='ocrx_word' id='word_1_176' title='bbox 3430 1223 3586 1271; x_wconf 79' lang='lat' dir='ltr'><strong>sexto</strong></span> 
     </span>
    </p>
   </div>
   <div class='ocr_carea' id='block_1_26' title="bbox 2034 1306 3585 1377">
    <p class='ocr_par' dir='ltr' id='par_1_26' title="bbox 2034 1306 3585 1377">
     <span class='ocr_line' id='line_1_26' title="bbox 2034 1306 3585 1377; baseline 0.003 -21"><span class='ocrx_word' id='word_1_177' title='bbox 2034 1313 2158 1360; x_wconf 71' lang='lat' dir='ltr'><strong>ante</strong></span> <span class='ocrx_word' id='word_1_178' title='bbox 2189 1306 2346 1359; x_wconf 80' lang='lat' dir='ltr'><strong>tinem</strong></span> <span class='ocrx_word' id='word_1_179' title='bbox 2377 1307 2494 1374; x_wconf 89' lang='lat' dir='ltr'><strong>die,</strong></span> <span class='ocrx_word' id='word_1_180' title='bbox 2526 1307 2689 1377; x_wconf 88' lang='lat' dir='ltr'><strong>idque</strong></span> <span class='ocrx_word' id='word_1_181' title='bbox 2716 1307 2817 1362; x_wconf 85' lang='lat' dir='ltr'><strong>sub</strong></span> <span class='ocrx_word' id='word_1_182' title='bbox 2851 1308 3045 1362; x_wconf 85' lang='lat' dir='ltr'><strong>hiemis</strong></span> <span class='ocrx_word' id='word_1_183' title='bbox 3072 1314 3376 1362; x_wconf 76' lang='lat' dir='ltr'><strong>extremum</strong></span> <span class='ocrx_word' id='word_1_184' title='bbox 3406 1310 3467 1360; x_wconf 76' lang='lat' dir='ltr'><strong>et&quot;</strong></span> <span class='ocrx_word' id='word_1_185' title='bbox 3489 1319 3585 1360; x_wconf 74' lang='lat' dir='ltr'><strong>ve-</strong></span> 
     </span>
    </p>
   </div>
   <div class='ocr_carea' id='block_1_27' title="bbox 2026 1393 3585 1452">
    <p class='ocr_par' dir='ltr' id='par_1_27' title="bbox 2026 1393 3585 1452">
     <span class='ocr_line' id='line_1_27' title="bbox 2026 1393 3585 1452; baseline 0.002 -6"><span class='ocrx_word' id='word_1_186' title='bbox 2026 1393 2110 1447; x_wconf 80' lang='lat' dir='ltr'><strong>ris</strong></span> <span class='ocrx_word' id='word_1_187' title='bbox 2134 1394 2368 1449; x_wconf 88' lang='lat' dir='ltr'><strong>initium.</strong></span> <span class='ocrx_word' id='word_1_188' title='bbox 2395 1397 2664 1451; x_wconf 67' lang='lat' dir='ltr'><strong>Praeterea</strong></span> <span class='ocrx_word' id='word_1_189' title='bbox 2691 1410 2817 1452; x_wconf 83' lang='lat' dir='ltr'><strong>vero</strong></span> <span class='ocrx_word' id='word_1_190' title='bbox 2842 1396 3034 1451; x_wconf 84' lang='lat' dir='ltr'><strong>scribit</strong></span> <span class='ocrx_word' id='word_1_191' title='bbox 3062 1396 3381 1452; x_wconf 80' lang='lat' dir='ltr'><strong>Aristoteles</strong></span> <span class='ocrx_word' id='word_1_192' title='bbox 3404 1410 3585 1451; x_wconf 85' lang='lat' dir='ltr'><strong>ursam</strong></span> 
     </span>
    </p>
   </div>
   <div class='ocr_carea' id='block_1_28' title="bbox 2035 1485 3587 1558">
    <p class='ocr_par' dir='ltr' id='par_1_28' title="bbox 2035 1485 3587 1558">
     <span class='ocr_line' id='line_1_28' title="bbox 2035 1485 3587 1558; baseline 0.001 -18"><span class='ocrx_word' id='word_1_193' title='bbox 2035 1485 2184 1541; x_wconf 87' lang='lat' dir='ltr'><strong>coire</strong></span> <span class='ocrx_word' id='word_1_194' title='bbox 2220 1502 2405 1544; x_wconf 82' lang='lat' dir='ltr'><strong>mense</strong></span> <span class='ocrx_word' id='word_1_195' title='bbox 2438 1487 2886 1558; x_wconf 84' lang='lat' dir='ltr'><strong>Elaphebolione,</strong></span> <span class='ocrx_word' id='word_1_196' title='bbox 2930 1488 3178 1558; x_wconf 77' lang='lat' dir='ltr'><strong>ferreque</strong></span> <span class='ocrx_word' id='word_1_197' title='bbox 3221 1495 3436 1543; x_wconf 84' lang='lat' dir='ltr'><strong>uterum</strong></span> <span class='ocrx_word' id='word_1_198' title='bbox 3470 1486 3587 1542; x_wconf 79' lang='lat' dir='ltr'><strong>dies</strong></span> 
     </span>
    </p>
   </div>
   <div class='ocr_carea' id='block_1_29' title="bbox 2035 1579 3589 1652">
    <p class='ocr_par' dir='ltr' id='par_1_29' title="bbox 2035 1579 3589 1652">
     <span class='ocr_line' id='line_1_29' title="bbox 2035 1579 3589 1652; baseline 0.001 -20"><span class='ocrx_word' id='word_1_199' title='bbox 2035 1579 2256 1649; x_wconf 75' lang='lat' dir='ltr'><strong>triginta</strong></span> <span class='ocrx_word' id='word_1_200' title='bbox 2278 1619 2293 1643; x_wconf 90' lang='lat'><strong>,</strong></span> <span class='ocrx_word' id='word_1_201' title='bbox 2319 1588 2372 1635; x_wconf 90' lang='lat' dir='ltr'><strong>et</strong></span> <span class='ocrx_word' id='word_1_202' title='bbox 2398 1594 2592 1650; x_wconf 85' lang='lat' dir='ltr'><strong>parere</strong></span> <span class='ocrx_word' id='word_1_203' title='bbox 2619 1595 2685 1636; x_wconf 91' lang='lat' dir='ltr'><strong>eo</strong></span> <span class='ocrx_word' id='word_1_204' title='bbox 2711 1589 2950 1650; x_wconf 84' lang='lat' dir='ltr'><strong>tempore</strong></span> <span class='ocrx_word' id='word_1_205' title='bbox 2977 1595 3086 1652; x_wconf 90' lang='lat' dir='ltr'><strong>quo</strong></span> <span class='ocrx_word' id='word_1_206' title='bbox 3112 1582 3278 1646; x_wconf 83' lang='lat' dir='ltr'><strong>latet;</strong></span> <span class='ocrx_word' id='word_1_207' title='bbox 3312 1595 3434 1634; x_wconf 94' lang='lat' dir='ltr'><strong>cum</strong></span> <span class='ocrx_word' id='word_1_208' title='bbox 3464 1595 3589 1634; x_wconf 79' lang='lat' dir='ltr'><strong>vero</strong></span> 
     </span>
    </p>
   </div>
   <div class='ocr_carea' id='block_1_30' title="bbox 2038 1672 3585 1743">
    <p class='ocr_par' dir='ltr' id='par_1_30' title="bbox 2038 1672 3585 1743">
     <span class='ocr_line' id='line_1_30' title="bbox 2038 1672 3585 1743; baseline 0.002 -19"><span class='ocrx_word' id='word_1_209' title='bbox 2038 1672 2242 1741; x_wconf 88' lang='lat' dir='ltr'><strong>prolem</strong></span> <span class='ocrx_word' id='word_1_210' title='bbox 2294 1672 2613 1739; x_wconf 79' lang='lat' dir='ltr'><strong>enutrierit,</strong></span> <span class='ocrx_word' id='word_1_211' title='bbox 2666 1672 2813 1729; x_wconf 76' lang='lat' dir='ltr'><strong>exire</strong></span> <span class='ocrx_word' id='word_1_212' title='bbox 2862 1689 3050 1728; x_wconf 89' lang='lat' dir='ltr'><strong>mense</strong></span> <span class='ocrx_word' id='word_1_213' title='bbox 3070 1672 3181 1743; x_wconf 85' lang='lat' dir='ltr'><strong>jam</strong></span> <span class='ocrx_word' id='word_1_214' title='bbox 3212 1674 3359 1727; x_wconf 80' lang='lat' dir='ltr'><strong>veris</strong></span> <span class='ocrx_word' id='word_1_215' title='bbox 3401 1672 3585 1727; x_wconf 70' lang='lat' dir='ltr'><strong>tertio.</strong></span> 
     </span>
    </p>
   </div>
   <div class='ocr_carea' id='block_1_31' title="bbox 2037 1760 3585 1834">
    <p class='ocr_par' dir='ltr' id='par_1_31' title="bbox 2037 1760 3585 1834">
     <span class='ocr_line' id='line_1_31' title="bbox 2037 1760 3585 1834; baseline 0.001 -18"><span class='ocrx_word' id='word_1_216' title='bbox 2037 1760 2268 1833; x_wconf 65' lang='lat' dir='ltr'><strong>Haecque</strong></span> <span class='ocrx_word' id='word_1_217' title='bbox 2295 1764 2455 1818; x_wconf 83' lang='lat' dir='ltr'><strong>habet</strong></span> <span class='ocrx_word' id='word_1_218' title='bbox 2476 1764 2531 1817; x_wconf 91' lang='lat' dir='ltr'><strong>in</strong></span> <span class='ocrx_word' id='word_1_219' title='bbox 2553 1765 2804 1833; x_wconf 85' lang='lat' dir='ltr'><strong>septimo.</strong></span> <span class='ocrx_word' id='word_1_220' title='bbox 2821 1762 3056 1819; x_wconf 80' lang='lat' dir='ltr'><strong>Rursum</strong></span> <span class='ocrx_word' id='word_1_221' title='bbox 3078 1765 3131 1817; x_wconf 90' lang='lat' dir='ltr'><strong>in</strong></span> <span class='ocrx_word' id='word_1_222' title='bbox 3157 1771 3349 1819; x_wconf 80' lang='lat' dir='ltr'><strong>octavo</strong></span> <span class='ocrx_word' id='word_1_223' title='bbox 3374 1764 3585 1834; x_wconf 68' lang='lat' dir='ltr'><strong>inquit.</strong></span> 
     </span>
    </p>
   </div>
   <div class='ocr_carea' id='block_1_32' title="bbox 372 1823 1937 1925">
    <p class='ocr_par' dir='ltr' id='par_1_32' title="bbox 372 1823 1928 1921">
     <span class='ocr_line' id='line_1_32' title="bbox 372 1823 1928 1921; baseline -0.001 -17"><span class='ocrx_word' id='word_1_224' title='bbox 372 1823 644 1904; x_wconf 78' lang='grc' dir='ltr'>ἐκϐαίνειν</span> <span class='ocrx_word' id='word_1_225' title='bbox 672 1823 787 1921; x_wconf 66' lang='grc' dir='ltr'><strong>ἤδη⁷</strong></span> <span class='ocrx_word' id='word_1_226' title='bbox 805 1848 899 1902; x_wconf 80' lang='grc' dir='ltr'>τοῦ</span> <span class='ocrx_word' id='word_1_227' title='bbox 933 1848 1109 1920; x_wconf 71' lang='grc' dir='ltr'>ἔαρος.</span> <span class='ocrx_word' id='word_1_228' title='bbox 1142 1849 1327 1904; x_wconf 74' lang='grc' dir='ltr'>Ταῦτα</span> <span class='ocrx_word' id='word_1_229' title='bbox 1351 1823 1397 1903; x_wconf 78' lang='grc' dir='ltr'>δ’</span> <span class='ocrx_word' id='word_1_230' title='bbox 1421 1823 1670 1903; x_wconf 46' lang='grc' dir='ltr'><strong>εἰπὼν-ὲν</strong></span> <span class='ocrx_word' id='word_1_231' title='bbox 1689 1823 1928 1919; x_wconf 67' lang='grc' dir='ltr'><strong>⁷ἑϐδόμῳ,</strong></span> 
     </span>
    </p>
   </div>
   <div class='ocr_carea' id='block_1_33' title="bbox 2039 1823 3584 1925">
    <p class='ocr_par' dir='ltr' id='par_1_33' title="bbox 2039 1854 3584 1925">
     <span class='ocr_line' id='line_1_33' title="bbox 2039 1854 3584 1925; baseline -0.001 -17"><span class='ocrx_word' id='word_1_232' title='bbox 2039 1868 2098 1908; x_wconf 81' lang='lat' dir='ltr'><strong>eo</strong></span> <span class='ocrx_word' id='word_1_233' title='bbox 2132 1861 2374 1924; x_wconf 88' lang='lat' dir='ltr'><strong>tempore</strong></span> <span class='ocrx_word' id='word_1_234' title='bbox 2404 1869 2587 1909; x_wconf 85' lang='lat' dir='ltr'><strong>ursam</strong></span> <span class='ocrx_word' id='word_1_235' title='bbox 2619 1854 2753 1910; x_wconf 87' lang='lat' dir='ltr'><strong>eniti</strong></span> <span class='ocrx_word' id='word_1_236' title='bbox 2776 1894 2791 1919; x_wconf 87' lang='lat'><strong>,</strong></span> <span class='ocrx_word' id='word_1_237' title='bbox 2836 1855 3133 1925; x_wconf 86' lang='lat' dir='ltr'><strong>tandiuque</strong></span> <span class='ocrx_word' id='word_1_238' title='bbox 3176 1855 3370 1918; x_wconf 85' lang='lat' dir='ltr'><strong>latere,</strong></span> <span class='ocrx_word' id='word_1_239' title='bbox 3407 1856 3584 1925; x_wconf 77' lang='lat' dir='ltr'><strong>quoad</strong></span> 
     </span>
    </p>
   </div>
   <div class='ocr_carea' id='block_1_34' title="bbox 374 1942 1931 2014">
    <p class='ocr_par' dir='ltr' id='par_1_34' title="bbox 374 1942 1931 2014">
     <span class='ocr_line' id='line_1_34' title="bbox 374 1942 1931 2014; baseline -0.001 -18"><span class='ocrx_word' id='word_1_240' title='bbox 374 1942 539 1997; x_wconf 88' lang='grc' dir='ltr'>πάλιν</span> <span class='ocrx_word' id='word_1_241' title='bbox 590 1944 648 1995; x_wconf 84' lang='grc' dir='ltr'><strong>ὲν</strong></span> <span class='ocrx_word' id='word_1_242' title='bbox 697 1942 866 2012; x_wconf 78' lang='grc' dir='ltr'>ὀγδόῳ</span> <span class='ocrx_word' id='word_1_243' title='bbox 907 1943 1041 2013; x_wconf 68' lang='grc' dir='ltr'>φησι</span> <span class='ocrx_word' id='word_1_244' title='bbox 1094 1942 1194 2014; x_wconf 78' lang='grc' dir='ltr'>τὴν</span> <span class='ocrx_word' id='word_1_245' title='bbox 1250 1942 1448 2013; x_wconf 79' lang='grc' dir='ltr'>ἄρκτον</span> <span class='ocrx_word' id='word_1_246' title='bbox 1498 1942 1758 1996; x_wconf 69' lang='grc' dir='ltr'>ἐντίκτειν</span> <span class='ocrx_word' id='word_1_247' title='bbox 1804 1942 1931 2013; x_wconf 75' lang='grc' dir='ltr'>περὶ</span> 
     </span>
    </p>
   </div>
   <div class='ocr_carea' id='block_1_35' title="bbox 371 2028 1931 2106">
    <p class='ocr_par' dir='ltr' id='par_1_35' title="bbox 371 2028 1931 2106">
     <span class='ocr_line' id='line_1_35' title="bbox 371 2028 1931 2106; baseline 0 -20"><span class='ocrx_word' id='word_1_248' title='bbox 371 2033 561 2087; x_wconf 79' lang='grc' dir='ltr'>τοῦτον</span> <span class='ocrx_word' id='word_1_249' title='bbox 591 2032 681 2085; x_wconf 82' lang='grc' dir='ltr'>τὸν</span> <span class='ocrx_word' id='word_1_250' title='bbox 714 2032 922 2102; x_wconf 81' lang='grc' dir='ltr'>καιρὸν,</span> <span class='ocrx_word' id='word_1_251' title='bbox 946 2034 1039 2085; x_wconf 75' lang='grc' dir='ltr'><strong>καὶ</strong></span> <span class='ocrx_word' id='word_1_252' title='bbox 1072 2032 1266 2102; x_wconf 78' lang='grc' dir='ltr'>φωλεῖν</span> <span class='ocrx_word' id='word_1_253' title='bbox 1297 2033 1401 2096; x_wconf 77' lang='grc' dir='ltr'><strong>ἓως</strong></span> <span class='ocrx_word' id='word_1_254' title='bbox 1425 2032 1492 2087; x_wconf 84' lang='grc' dir='ltr'>ἂν</span> <span class='ocrx_word' id='word_1_255' title='bbox 1517 2028 1696 2106; x_wconf 81' lang='grc' dir='ltr'>ὦρα’ᾖ</span> <span class='ocrx_word' id='word_1_256' title='bbox 1718 2030 1931 2101; x_wconf 73' lang='grc' dir='ltr'>ἐξάγειν</span> 
     </span>
    </p>
   </div>
   <div class='ocr_carea' id='block_1_36' title="bbox 374 2122 1932 2195">
    <p class='ocr_par' dir='ltr' id='par_1_36' title="bbox 374 2122 1932 2195">
     <span class='ocr_line' id='line_1_36' title="bbox 374 2122 1932 2195; baseline -0.001 -17"><span class='ocrx_word' id='word_1_257' title='bbox 374 2126 502 2187; x_wconf 74' lang='grc' dir='ltr'>τοὺς</span> <span class='ocrx_word' id='word_1_258' title='bbox 522 2124 792 2194; x_wconf 81' lang='grc' dir='ltr'><strong>σκύμνους</strong></span> <span class='ocrx_word' id='word_1_259' title='bbox 811 2139 824 2154; x_wconf 90' lang='grc'><strong>·</strong></span> <span class='ocrx_word' id='word_1_260' title='bbox 851 2122 1006 2177; x_wconf 80' lang='grc' dir='ltr'>τοῦτο</span> <span class='ocrx_word' id='word_1_261' title='bbox 1033 2122 1089 2177; x_wconf 83' lang='grc' dir='ltr'>δὲ</span> <span class='ocrx_word' id='word_1_262' title='bbox 1114 2127 1284 2177; x_wconf 85' lang='grc' dir='ltr'>ποιεῖν</span> <span class='ocrx_word' id='word_1_263' title='bbox 1302 2123 1394 2177; x_wconf 78' lang='grc' dir='ltr'>τοῦ</span> <span class='ocrx_word' id='word_1_264' title='bbox 1418 2123 1574 2195; x_wconf 72' lang='grc' dir='ltr'>ἔαρος</span> <span class='ocrx_word' id='word_1_265' title='bbox 1600 2125 1728 2193; x_wconf 79' lang='grc' dir='ltr'>περὶ</span> <span class='ocrx_word' id='word_1_266' title='bbox 1752 2124 1932 2195; x_wconf 85' lang='grc' dir='ltr'>τρίτον</span> 
     </span>
    </p>
   </div>
   <div class='ocr_carea' id='block_1_37' title="bbox 378 2207 1930 2287">
    <p class='ocr_par' dir='ltr' id='par_1_37' title="bbox 378 2207 1930 2287">
     <span class='ocr_line' id='line_1_37' title="bbox 378 2207 1930 2287; baseline -0.001 -17"><span class='ocrx_word' id='word_1_267' title='bbox 378 2216 524 2287; x_wconf 87' lang='grc' dir='ltr'>μῆνα</span> <span class='ocrx_word' id='word_1_268' title='bbox 544 2214 649 2269; x_wconf 75' lang='grc' dir='ltr'>ἀπὸ</span> <span class='ocrx_word' id='word_1_269' title='bbox 679 2213 787 2268; x_wconf 89' lang='grc' dir='ltr'><strong>τῶν</strong></span> <span class='ocrx_word' id='word_1_270' title='bbox 818 2215 1052 2287; x_wconf 84' lang='grc' dir='ltr'>τροπῶν.</span> <span class='ocrx_word' id='word_1_271' title='bbox 1072 2215 1221 2268; x_wconf 75' lang='grc' dir='ltr'>Ὧστ¹</span> <span class='ocrx_word' id='word_1_272' title='bbox 1243 2216 1409 2269; x_wconf 77' lang='grc' dir='ltr'>ἐάντε</span> <span class='ocrx_word' id='word_1_273' title='bbox 1440 2215 1643 2269; x_wconf 85' lang='grc' dir='ltr'>τίκτειν</span> <span class='ocrx_word' id='word_1_274' title='bbox 1669 2207 1781 2270; x_wconf 65' lang='grc' dir='ltr'><strong>’ἀπὸ</strong></span> <span class='ocrx_word' id='word_1_275' title='bbox 1807 2232 1930 2287; x_wconf 88' lang='grc' dir='ltr'>τρο-</span> 
     </span>
    </p>
   </div>
   <div class='ocr_carea' id='block_1_38' title="bbox 373 2306 1933 2378">
    <p class='ocr_par' dir='ltr' id='par_1_38' title="bbox 373 2306 1933 2378">
     <span class='ocr_line' id='line_1_38' title="bbox 373 2306 1933 2378; baseline -0.001 -17"><span class='ocrx_word' id='word_1_276' title='bbox 373 2306 494 2361; x_wconf 90' lang='grc' dir='ltr'><strong>πῶν</strong></span> <span class='ocrx_word' id='word_1_277' title='bbox 536 2306 863 2377; x_wconf 78' lang='grc' dir='ltr'>χειμερινῶν</span> <span class='ocrx_word' id='word_1_278' title='bbox 892 2306 1019 2378; x_wconf 75' lang='grc' dir='ltr'>περὶ</span> <span class='ocrx_word' id='word_1_279' title='bbox 1051 2307 1236 2378; x_wconf 90' lang='grc' dir='ltr'>τρίτον</span> <span class='ocrx_word' id='word_1_280' title='bbox 1270 2307 1446 2377; x_wconf 89' lang='grc' dir='ltr'>μῆνα,</span> <span class='ocrx_word' id='word_1_281' title='bbox 1481 2307 1575 2360; x_wconf 77' lang='grc' dir='ltr'>ἐάν</span> <span class='ocrx_word' id='word_1_282' title='bbox 1613 2324 1672 2360; x_wconf 87' lang='grc' dir='ltr'>τε</span> <span class='ocrx_word' id='word_1_283' title='bbox 1720 2307 1933 2376; x_wconf 72' lang='grc' dir='ltr'><strong>ἐξάγειν</strong></span> 
     </span>
    </p>
   </div>
   <div class='ocr_carea' id='block_1_39' title="bbox 369 2398 1928 2472">
    <p class='ocr_par' dir='ltr' id='par_1_39' title="bbox 369 2398 1928 2472">
     <span class='ocr_line' id='line_1_39' title="bbox 369 2398 1928 2472; baseline 0.001 -20"><span class='ocrx_word' id='word_1_284' title='bbox 369 2398 482 2452; x_wconf 70' lang='grc' dir='ltr'>ἀπὸ</span> <span class='ocrx_word' id='word_1_285' title='bbox 526 2399 746 2470; x_wconf 75' lang='grc' dir='ltr'>ἐαρινῆς</span> <span class='ocrx_word' id='word_1_286' title='bbox 802 2398 1087 2469; x_wconf 74' lang='grc' dir='ltr'>ἰσημερίας</span> <span class='ocrx_word' id='word_1_287' title='bbox 1140 2399 1267 2470; x_wconf 75' lang='grc' dir='ltr'>περὶ</span> <span class='ocrx_word' id='word_1_288' title='bbox 1313 2398 1494 2469; x_wconf 88' lang='grc' dir='ltr'>τρίτον</span> <span class='ocrx_word' id='word_1_289' title='bbox 1539 2398 1757 2453; x_wconf 81' lang='grc' dir='ltr'><strong>ἀκούειν</strong></span> <span class='ocrx_word' id='word_1_290' title='bbox 1806 2399 1928 2472; x_wconf 81' lang='grc' dir='ltr'><strong>δὲῃ·</strong></span> 
     </span>
    </p>
   </div>
   <div class='ocr_carea' id='block_1_40' title="bbox 371 2488 1933 2567">
    <p class='ocr_par' dir='ltr' id='par_1_40' title="bbox 371 2488 1933 2567">
     <span class='ocr_line' id='line_1_40' title="bbox 371 2488 1933 2567; baseline 0 -23"><span class='ocrx_word' id='word_1_291' title='bbox 371 2492 493 2544; x_wconf 80' lang='grc' dir='ltr'>κατ’</span> <span class='ocrx_word' id='word_1_292' title='bbox 521 2489 686 2560; x_wconf 78' lang='grc' dir='ltr'>ἄμφω</span> <span class='ocrx_word' id='word_1_293' title='bbox 711 2488 774 2542; x_wconf 75' lang='grc' dir='ltr'>δὲ</span> <span class='ocrx_word' id='word_1_294' title='bbox 800 2489 891 2544; x_wconf 82' lang='grc' dir='ltr'><strong>τὸν</strong></span> <span class='ocrx_word' id='word_1_295' title='bbox 925 2489 1355 2560; x_wconf 75' lang='grc' dir='ltr'>Ἐλαφηϐολιῶνα</span> <span class='ocrx_word' id='word_1_296' title='bbox 1375 2506 1438 2558; x_wconf 91' lang='grc' dir='ltr'>γε</span> <span class='ocrx_word' id='word_1_297' title='bbox 1465 2491 1607 2567; x_wconf 85' lang='grc' dir='ltr'>μῆνα</span> <span class='ocrx_word' id='word_1_298' title='bbox 1634 2491 1933 2546; x_wconf 84' lang='grc' dir='ltr'>τελευταῖον</span> 
     </span>
    </p>
   </div>
   <div class='ocr_carea' id='block_1_41' title="bbox 372 2576 1934 2654">
    <p class='ocr_par' dir='ltr' id='par_1_41' title="bbox 372 2576 1934 2654">
     <span class='ocr_line' id='line_1_41' title="bbox 372 2576 1934 2654; baseline -0.001 -19"><span class='ocrx_word' id='word_1_299' title='bbox 372 2576 513 2635; x_wconf 77' lang='grc' dir='ltr'>εἶναι</span> <span class='ocrx_word' id='word_1_300' title='bbox 539 2582 647 2635; x_wconf 90' lang='grc' dir='ltr'><strong>τῶν</strong></span> <span class='ocrx_word' id='word_1_301' title='bbox 680 2582 1001 2653; x_wconf 85' lang='grc' dir='ltr'>χειμερινῶν</span> <span class='ocrx_word' id='word_1_302' title='bbox 1041 2581 1136 2635; x_wconf 80' lang='grc' dir='ltr'><strong>καὶ</strong></span> <span class='ocrx_word' id='word_1_303' title='bbox 1163 2581 1342 2654; x_wconf 88' lang='grc' dir='ltr'>τρίτον</span> <span class='ocrx_word' id='word_1_304' title='bbox 1382 2583 1686 2653; x_wconf 83' lang='grc' dir='ltr'>συμϐαίνει.</span> <span class='ocrx_word' id='word_1_305' title='bbox 1718 2581 1934 2635; x_wconf 86' lang='grc' dir='ltr'>Τίκτειν</span> 
     </span>
    </p>
   </div>
   <div class='ocr_carea' id='block_1_42' title="bbox 372 2673 1933 2745">
    <p class='ocr_par' dir='ltr' id='par_1_42' title="bbox 372 2673 1933 2745">
     <span class='ocr_line' id='line_1_42' title="bbox 372 2673 1933 2745; baseline -0.001 -17"><span class='ocrx_word' id='word_1_306' title='bbox 372 2675 493 2745; x_wconf 87' lang='grc' dir='ltr'>γάρ·</span> <span class='ocrx_word' id='word_1_307' title='bbox 510 2690 642 2744; x_wconf 84' lang='grc' dir='ltr'>φησι</span> <span class='ocrx_word' id='word_1_308' title='bbox 675 2675 803 2745; x_wconf 69' lang='grc' dir='ltr'>περὶ</span> <span class='ocrx_word' id='word_1_309' title='bbox 832 2673 893 2728; x_wconf 76' lang='grc' dir='ltr'><strong>ὃν</strong></span> <span class='ocrx_word' id='word_1_310' title='bbox 928 2674 1116 2745; x_wconf 78' lang='grc' dir='ltr'>καιρὸν</span> <span class='ocrx_word' id='word_1_311' title='bbox 1164 2674 1397 2745; x_wconf 85' lang='grc' dir='ltr'>μάλιστα</span> <span class='ocrx_word' id='word_1_312' title='bbox 1440 2674 1605 2745; x_wconf 70' lang='grc' dir='ltr'>φωλεῖ</span> <span class='ocrx_word' id='word_1_313' title='bbox 1628 2692 1641 2705; x_wconf 90' lang='grc'><strong>·</strong></span> <span class='ocrx_word' id='word_1_314' title='bbox 1678 2673 1845 2744; x_wconf 77' lang='grc' dir='ltr'>φωλετ</span> <span class='ocrx_word' id='word_1_315' title='bbox 1876 2674 1933 2727; x_wconf 85' lang='grc' dir='ltr'>δὲ</span> 
     </span>
    </p>
   </div>
   <div class='ocr_carea' id='block_1_43' title="bbox 372 2763 1933 2840">
    <p class='ocr_par' dir='ltr' id='par_1_43' title="bbox 372 2763 1933 2840">
     <span class='ocr_line' id='line_1_43' title="bbox 372 2763 1933 2840; baseline -0.001 -20"><span class='ocrx_word' id='word_1_316' title='bbox 372 2768 442 2822; x_wconf 77' lang='grc' dir='ltr'><strong>τά</strong></span> <span class='ocrx_word' id='word_1_317' title='bbox 464 2770 694 2840; x_wconf 78' lang='grc' dir='ltr'>χερσαῖα</span> <span class='ocrx_word' id='word_1_318' title='bbox 724 2766 901 2821; x_wconf 89' lang='grc' dir='ltr'>πάντα</span> <span class='ocrx_word' id='word_1_319' title='bbox 946 2767 1039 2820; x_wconf 80' lang='grc' dir='ltr'>τοῦ</span> <span class='ocrx_word' id='word_1_320' title='bbox 1087 2766 1370 2839; x_wconf 90' lang='grc' dir='ltr'>χειμῶνος,</span> <span class='ocrx_word' id='word_1_321' title='bbox 1397 2766 1472 2832; x_wconf 86' lang='grc' dir='ltr'>ὼς</span> <span class='ocrx_word' id='word_1_322' title='bbox 1516 2767 1727 2839; x_wconf 77' lang='grc' dir='ltr'>εἴρηται</span> <span class='ocrx_word' id='word_1_323' title='bbox 1760 2768 1816 2820; x_wconf 82' lang='grc' dir='ltr'>ὲν</span> <span class='ocrx_word' id='word_1_324' title='bbox 1854 2763 1933 2835; x_wconf 83' lang='grc' dir='ltr'><strong>τῷ</strong></span> 
     </span>
    </p>
   </div>
   <div class='ocr_carea' id='block_1_44' title="bbox 373 2854 1934 2930">
    <p class='ocr_par' dir='ltr' id='par_1_44' title="bbox 373 2854 1934 2930">
     <span class='ocr_line' id='line_1_44' title="bbox 373 2854 1934 2930; baseline -0.001 -19"><span class='ocrx_word' id='word_1_325' title='bbox 373 2858 564 2929; x_wconf 77' lang='grc' dir='ltr'>ὀγδόῳ.</span> <span class='ocrx_word' id='word_1_326' title='bbox 621 2858 943 2930; x_wconf 78' lang='grc' dir='ltr'>Χειμερινὸς</span> <span class='ocrx_word' id='word_1_327' title='bbox 985 2857 1092 2930; x_wconf 76' lang='grc' dir='ltr'>ἄρα</span> <span class='ocrx_word' id='word_1_328' title='bbox 1136 2860 1166 2911; x_wconf 83' lang='grc' dir='ltr'><strong>ὁ</strong></span> <span class='ocrx_word' id='word_1_329' title='bbox 1226 2854 1660 2928; x_wconf 83' lang='grc' dir='ltr'>Ἐλαφηϐολιὼν,</span> <span class='ocrx_word' id='word_1_330' title='bbox 1702 2856 1831 2927; x_wconf 75' lang='grc' dir='ltr'>περὶ</span> <span class='ocrx_word' id='word_1_331' title='bbox 1873 2855 1934 2910; x_wconf 83' lang='grc' dir='ltr'>δν</span> 
     </span>
    </p>
   </div>
   <div class='ocr_carea' id='block_1_45' title="bbox 374 2947 1932 3021">
    <p class='ocr_par' dir='ltr' id='par_1_45' title="bbox 374 2947 1932 3021">
     <span class='ocr_line' id='line_1_45' title="bbox 374 2947 1932 3021; baseline -0.003 -17"><span class='ocrx_word' id='word_1_332' title='bbox 374 2949 518 3004; x_wconf 84' lang='grc' dir='ltr'>κύει.</span> <span class='ocrx_word' id='word_1_333' title='bbox 546 2950 619 3003; x_wconf 75' lang='grc' dir='ltr'><strong>Οὐ</strong></span> <span class='ocrx_word' id='word_1_334' title='bbox 645 2948 859 3021; x_wconf 83' lang='grc' dir='ltr'>πρῶτος</span> <span class='ocrx_word' id='word_1_335' title='bbox 885 2949 962 3013; x_wconf 83' lang='grc' dir='ltr'>δὲ,</span> <span class='ocrx_word' id='word_1_336' title='bbox 989 2949 1106 3002; x_wconf 79' lang='grc' dir='ltr'>οὐδὲ</span> <span class='ocrx_word' id='word_1_337' title='bbox 1128 2947 1393 3019; x_wconf 72' lang='grc' dir='ltr'>δεύτεροςο</span> <span class='ocrx_word' id='word_1_338' title='bbox 1418 2948 1596 3019; x_wconf 87' lang='grc' dir='ltr'>τρίτος</span> <span class='ocrx_word' id='word_1_339' title='bbox 1620 2947 1729 3021; x_wconf 82' lang='grc' dir='ltr'>ἄρα</span> <span class='ocrx_word' id='word_1_340' title='bbox 1749 2965 1762 2979; x_wconf 77' lang='grc' dir='ltr'><strong>ο</strong></span> <span class='ocrx_word' id='word_1_341' title='bbox 1793 2947 1847 3001; x_wconf 86' lang='grc' dir='ltr'><strong>εί</strong></span> <span class='ocrx_word' id='word_1_342' title='bbox 1869 2962 1932 3016; x_wconf 90' lang='grc' dir='ltr'>γε</span> 
     </span>
    </p>
   </div>
   <div class='ocr_carea' id='block_1_46' title="bbox 371 3038 1657 3113">
    <p class='ocr_par' dir='ltr' id='par_1_46' title="bbox 371 3038 1657 3113">
     <span class='ocr_line' id='line_1_46' title="bbox 371 3038 1657 3113; baseline -0.002 -18"><span class='ocrx_word' id='word_1_343' title='bbox 371 3044 526 3113; x_wconf 73' lang='grc' dir='ltr'>τρεῖς</span> <span class='ocrx_word' id='word_1_344' title='bbox 555 3040 683 3113; x_wconf 77' lang='grc' dir='ltr'>περὶ</span> <span class='ocrx_word' id='word_1_345' title='bbox 709 3040 946 3110; x_wconf 76' lang='grc' dir='ltr'>ἑκάστην</span> <span class='ocrx_word' id='word_1_346' title='bbox 979 3040 1085 3093; x_wconf 88' lang='grc' dir='ltr'><strong>τῶν</strong></span> <span class='ocrx_word' id='word_1_347' title='bbox 1113 3039 1277 3111; x_wconf 84' lang='grc' dir='ltr'>ὡρῶν</span> <span class='ocrx_word' id='word_1_348' title='bbox 1302 3038 1469 3110; x_wconf 84' lang='grc' dir='ltr'>μῆνές</span> <span class='ocrx_word' id='word_1_349' title='bbox 1500 3038 1657 3092; x_wconf 90' lang='grc' dir='ltr'>είσιν.</span> 
     </span>
    </p>
   </div>
   <div class='ocr_carea' id='block_1_47' title="bbox 2031 1945 3584 2017">
    <p class='ocr_par' dir='ltr' id='par_1_47' title="bbox 2031 1945 3584 2017">
     <span class='ocr_line' id='line_1_47' title="bbox 2031 1945 3584 2017; baseline 0.001 -19"><span class='ocrx_word' id='word_1_350' title='bbox 2031 1953 2246 2013; x_wconf 88' lang='lat' dir='ltr'><strong>tempus</strong></span> <span class='ocrx_word' id='word_1_351' title='bbox 2275 1945 2380 2012; x_wconf 90' lang='lat' dir='ltr'><strong>sit,</strong></span> <span class='ocrx_word' id='word_1_352' title='bbox 2415 1953 2475 1999; x_wconf 90' lang='lat' dir='ltr'><strong>ut</strong></span> <span class='ocrx_word' id='word_1_353' title='bbox 2505 1960 2635 2000; x_wconf 89' lang='lat' dir='ltr'><strong>suos</strong></span> <span class='ocrx_word' id='word_1_354' title='bbox 2669 1947 2878 2001; x_wconf 78' lang='lat' dir='ltr'><strong>catulos</strong></span> <span class='ocrx_word' id='word_1_355' title='bbox 2912 1946 2966 2000; x_wconf 91' lang='lat' dir='ltr'><strong>in</strong></span> <span class='ocrx_word' id='word_1_356' title='bbox 3001 1954 3246 2017; x_wconf 87' lang='lat' dir='ltr'><strong>apertum</strong></span> <span class='ocrx_word' id='word_1_357' title='bbox 3281 1945 3584 2016; x_wconf 75' lang='lat' dir='ltr'><strong>producat;</strong></span> 
     </span>
    </p>
   </div>
   <div class='ocr_carea' id='block_1_48' title="bbox 2034 2033 3585 2104">
    <p class='ocr_par' dir='ltr' id='par_1_48' title="bbox 2034 2033 3585 2104">
     <span class='ocr_line' id='line_1_48' title="bbox 2034 2033 3585 2104; baseline 0 -17"><span class='ocrx_word' id='word_1_358' title='bbox 2034 2033 2196 2103; x_wconf 85' lang='lat' dir='ltr'><strong>idque</strong></span> <span class='ocrx_word' id='word_1_359' title='bbox 2231 2049 2397 2089; x_wconf 82' lang='lat' dir='ltr'><strong>verno</strong></span> <span class='ocrx_word' id='word_1_360' title='bbox 2431 2045 2709 2104; x_wconf 90' lang='lat' dir='ltr'><strong>tempore.</strong></span> <span class='ocrx_word' id='word_1_361' title='bbox 2745 2050 2933 2091; x_wconf 86' lang='lat' dir='ltr'><strong>mense</strong></span> <span class='ocrx_word' id='word_1_362' title='bbox 2961 2050 2990 2089; x_wconf 85' lang='lat' dir='ltr'><strong>a</strong></span> <span class='ocrx_word' id='word_1_363' title='bbox 3024 2036 3217 2091; x_wconf 85' lang='lat' dir='ltr'><strong>bruma</strong></span> <span class='ocrx_word' id='word_1_364' title='bbox 3251 2035 3412 2090; x_wconf 90' lang='lat' dir='ltr'><strong>tertio</strong></span> <span class='ocrx_word' id='word_1_365' title='bbox 3449 2033 3585 2089; x_wconf 82' lang='lat' dir='ltr'><strong>ﬁeri.</strong></span> 
     </span>
    </p>
   </div>
   <div class='ocr_carea' id='block_1_49' title="bbox 2032 2125 3592 2198">
    <p class='ocr_par' dir='ltr' id='par_1_49' title="bbox 2032 2125 3592 2198">
     <span class='ocr_line' id='line_1_49' title="bbox 2032 2125 3592 2198; baseline 0.001 -18"><span class='ocrx_word' id='word_1_366' title='bbox 2032 2125 2301 2192; x_wconf 85' lang='lat' dir='ltr'><strong>Quocirca</strong></span> <span class='ocrx_word' id='word_1_367' title='bbox 2330 2127 2444 2182; x_wconf 84' lang='lat' dir='ltr'><strong>sive</strong></span> <span class='ocrx_word' id='word_1_368' title='bbox 2473 2128 2773 2182; x_wconf 87' lang='lat' dir='ltr'><strong>audiendus</strong></span> <span class='ocrx_word' id='word_1_369' title='bbox 2804 2143 2926 2182; x_wconf 92' lang='lat' dir='ltr'><strong>cum</strong></span> <span class='ocrx_word' id='word_1_370' title='bbox 2957 2128 3115 2191; x_wconf 82' lang='lat' dir='ltr'><strong>dicit,</strong></span> <span class='ocrx_word' id='word_1_371' title='bbox 3148 2142 3339 2198; x_wconf 85' lang='lat' dir='ltr'><strong>parere</strong></span> <span class='ocrx_word' id='word_1_372' title='bbox 3366 2127 3529 2183; x_wconf 83' lang='lat' dir='ltr'><strong>tertio</strong></span> <span class='ocrx_word' id='word_1_373' title='bbox 3559 2140 3592 2182; x_wconf 70' lang='grc' dir='ltr'><strong>α</strong></span> 
     </span>
    </p>
   </div>
   <div class='ocr_carea' id='block_1_50' title="bbox 2031 2215 3594 2288">
    <p class='ocr_par' dir='ltr' id='par_1_50' title="bbox 2031 2215 3594 2288">
     <span class='ocr_line' id='line_1_50' title="bbox 2031 2215 3594 2288; baseline -0.001 -16"><span class='ocrx_word' id='word_1_374' title='bbox 2031 2217 2226 2272; x_wconf 85' lang='lat' dir='ltr'><strong>bruma</strong></span> <span class='ocrx_word' id='word_1_375' title='bbox 2274 2231 2491 2282; x_wconf 84' lang='lat' dir='ltr'><strong>mense,</strong></span> <span class='ocrx_word' id='word_1_376' title='bbox 2527 2216 2641 2273; x_wconf 73' lang='lat' dir='ltr'><strong>sive</strong></span> <span class='ocrx_word' id='word_1_377' title='bbox 2689 2233 2813 2271; x_wconf 89' lang='lat' dir='ltr'><strong>cum</strong></span> <span class='ocrx_word' id='word_1_378' title='bbox 2856 2221 3154 2288; x_wconf 74' lang='lat' dir='ltr'><strong>producere</strong></span> <span class='ocrx_word' id='word_1_379' title='bbox 3186 2232 3314 2272; x_wconf 89' lang='lat' dir='ltr'><strong>suos</strong></span> <span class='ocrx_word' id='word_1_380' title='bbox 3358 2216 3496 2273; x_wconf 77' lang='lat' dir='ltr'><strong>fetus</strong></span> <span class='ocrx_word' id='word_1_381' title='bbox 3523 2215 3594 2271; x_wconf 83' lang='lat' dir='ltr'><strong>ab</strong></span> 
     </span>
    </p>
   </div>
   <div class='ocr_carea' id='block_1_51' title="bbox 2031 2307 3593 2378">
    <p class='ocr_par' dir='ltr' id='par_1_51' title="bbox 2031 2307 3593 2378">
     <span class='ocr_line' id='line_1_51' title="bbox 2031 2307 3593 2378; baseline -0.001 -16"><span class='ocrx_word' id='word_1_382' title='bbox 2031 2307 2360 2378; x_wconf 68' lang='lat' dir='ltr'><strong>aequinoctio</strong></span> <span class='ocrx_word' id='word_1_383' title='bbox 2387 2323 2552 2362; x_wconf 90' lang='lat' dir='ltr'><strong>verno</strong></span> <span class='ocrx_word' id='word_1_384' title='bbox 2584 2308 2746 2363; x_wconf 89' lang='lat' dir='ltr'><strong>tertio</strong></span> <span class='ocrx_word' id='word_1_385' title='bbox 2771 2323 2996 2374; x_wconf 87' lang='lat' dir='ltr'><strong>mense;</strong></span> <span class='ocrx_word' id='word_1_386' title='bbox 3025 2315 3256 2375; x_wconf 88' lang='lat' dir='ltr'><strong>utroque</strong></span> <span class='ocrx_word' id='word_1_387' title='bbox 3278 2322 3407 2362; x_wconf 82' lang='lat' dir='ltr'><strong>sane</strong></span> <span class='ocrx_word' id='word_1_388' title='bbox 3433 2307 3593 2360; x_wconf 73' lang='lat' dir='ltr'><strong>modo</strong></span> 
     </span>
    </p>
   </div>
   <div class='ocr_carea' id='block_1_52' title="bbox 2035 2397 3594 2468">
    <p class='ocr_par' dir='ltr' id='par_1_52' title="bbox 2035 2397 3594 2468">
     <span class='ocr_line' id='line_1_52' title="bbox 2035 2397 3594 2468; baseline 0.001 -17"><span class='ocrx_word' id='word_1_389' title='bbox 2035 2397 2508 2468; x_wconf 83' lang='lat' dir='ltr'><strong>Elaphebolionem</strong></span> <span class='ocrx_word' id='word_1_390' title='bbox 2543 2400 2892 2455; x_wconf 78' lang='lat' dir='ltr'><strong>hibernorum</strong></span> <span class='ocrx_word' id='word_1_391' title='bbox 2922 2400 3191 2456; x_wconf 89' lang='lat' dir='ltr'><strong>mensium</strong></span> <span class='ocrx_word' id='word_1_392' title='bbox 3224 2399 3470 2453; x_wconf 88' lang='lat' dir='ltr'><strong>ultimum</strong></span> <span class='ocrx_word' id='word_1_393' title='bbox 3493 2441 3508 2464; x_wconf 91' lang='lat'><strong>,</strong></span> <span class='ocrx_word' id='word_1_394' title='bbox 3539 2406 3594 2453; x_wconf 88' lang='lat' dir='ltr'><strong>et</strong></span> 
     </span>
    </p>
   </div>
   <div class='ocr_carea' id='block_1_53' title="bbox 2035 2490 3591 2562">
    <p class='ocr_par' dir='ltr' id='par_1_53' title="bbox 2035 2490 3591 2562">
     <span class='ocr_line' id='line_1_53' title="bbox 2035 2490 3591 2562; baseline 0.002 -19"><span class='ocrx_word' id='word_1_395' title='bbox 2035 2490 2255 2545; x_wconf 88' lang='lat' dir='ltr'><strong>tertium</strong></span> <span class='ocrx_word' id='word_1_396' title='bbox 2284 2505 2407 2545; x_wconf 88' lang='lat' dir='ltr'><strong>esse</strong></span> <span class='ocrx_word' id='word_1_397' title='bbox 2433 2491 2716 2562; x_wconf 87' lang='lat' dir='ltr'><strong>contingit.</strong></span> <span class='ocrx_word' id='word_1_398' title='bbox 2748 2490 2945 2546; x_wconf 80' lang='lat' dir='ltr'><strong>Parere</strong></span> <span class='ocrx_word' id='word_1_399' title='bbox 2975 2492 3120 2547; x_wconf 89' lang='lat' dir='ltr'><strong>enim</strong></span> <span class='ocrx_word' id='word_1_400' title='bbox 3149 2492 3223 2545; x_wconf 87' lang='lat' dir='ltr'><strong>ait</strong></span> <span class='ocrx_word' id='word_1_401' title='bbox 3250 2505 3348 2561; x_wconf 91' lang='lat' dir='ltr'><strong>per</strong></span> <span class='ocrx_word' id='word_1_402' title='bbox 3373 2490 3429 2546; x_wconf 89' lang='lat' dir='ltr'><strong>id</strong></span> <span class='ocrx_word' id='word_1_403' title='bbox 3458 2498 3591 2546; x_wconf 81' lang='lat' dir='ltr'><strong>tem-</strong></span> 
     </span>
    </p>
   </div>
   <div class='ocr_carea' id='block_1_54' title="bbox 2033 2582 3592 2652">
    <p class='ocr_par' dir='ltr' id='par_1_54' title="bbox 2033 2582 3592 2652">
     <span class='ocr_line' id='line_1_54' title="bbox 2033 2582 3592 2652; baseline 0.002 -16"><span class='ocrx_word' id='word_1_404' title='bbox 2033 2596 2138 2652; x_wconf 85' lang='lat' dir='ltr'><strong>pus</strong></span> <span class='ocrx_word' id='word_1_405' title='bbox 2164 2596 2273 2651; x_wconf 92' lang='lat' dir='ltr'><strong>quo</strong></span> <span class='ocrx_word' id='word_1_406' title='bbox 2303 2582 2472 2649; x_wconf 88' lang='lat' dir='ltr'><strong>latet;</strong></span> <span class='ocrx_word' id='word_1_407' title='bbox 2506 2582 2677 2637; x_wconf 85' lang='lat' dir='ltr'><strong>latent</strong></span> <span class='ocrx_word' id='word_1_408' title='bbox 2702 2598 2831 2637; x_wconf 87' lang='lat' dir='ltr'><strong>vero</strong></span> <span class='ocrx_word' id='word_1_409' title='bbox 2856 2583 3138 2638; x_wconf 86' lang='lat' dir='ltr'><strong>terrestria</strong></span> <span class='ocrx_word' id='word_1_410' title='bbox 3166 2589 3364 2637; x_wconf 87' lang='lat' dir='ltr'><strong>cuncta</strong></span> <span class='ocrx_word' id='word_1_411' title='bbox 3395 2582 3592 2647; x_wconf 84' lang='lat' dir='ltr'><strong>hieme,</strong></span> 
     </span>
    </p>
   </div>
   <div class='ocr_carea' id='block_1_55' title="bbox 2035 2658 3596 2745">
    <p class='ocr_par' dir='ltr' id='par_1_55' title="bbox 2035 2658 3596 2745">
     <span class='ocr_line' id='line_1_55' title="bbox 2035 2658 3596 2745; baseline 0.001 -19"><span class='ocrx_word' id='word_1_412' title='bbox 2035 2681 2094 2727; x_wconf 92' lang='lat' dir='ltr'><strong>ut</strong></span> <span class='ocrx_word' id='word_1_413' title='bbox 2124 2670 2195 2733; x_wconf 74' lang='lat' dir='ltr'><strong>ab</strong></span> <span class='ocrx_word' id='word_1_414' title='bbox 2222 2686 2287 2726; x_wconf 89' lang='lat' dir='ltr'><strong>eo</strong></span> <span class='ocrx_word' id='word_1_415' title='bbox 2319 2671 2522 2726; x_wconf 90' lang='lat' dir='ltr'><strong>dictum</strong></span> <span class='ocrx_word' id='word_1_416' title='bbox 2553 2658 2637 2727; x_wconf 80' lang='lat' dir='ltr'><strong>est</strong></span> <span class='ocrx_word' id='word_1_417' title='bbox 2672 2672 2726 2725; x_wconf 90' lang='lat' dir='ltr'><strong>in</strong></span> <span class='ocrx_word' id='word_1_418' title='bbox 2753 2678 2966 2726; x_wconf 83' lang='lat' dir='ltr'><strong>octavo.</strong></span> <span class='ocrx_word' id='word_1_419' title='bbox 3007 2672 3281 2727; x_wconf 82' lang='lat' dir='ltr'><strong>Hibernus</strong></span> <span class='ocrx_word' id='word_1_420' title='bbox 3311 2680 3395 2729; x_wconf 88' lang='lat' dir='ltr'><strong>est</strong></span> <span class='ocrx_word' id='word_1_421' title='bbox 3429 2674 3596 2745; x_wconf 89' lang='lat' dir='ltr'><strong>igitur</strong></span> 
     </span>
    </p>
   </div>
   <div class='ocr_carea' id='block_1_56' title="bbox 2034 2763 3591 2834">
    <p class='ocr_par' dir='ltr' id='par_1_56' title="bbox 2034 2763 3591 2834">
     <span class='ocr_line' id='line_1_56' title="bbox 2034 2763 3591 2834; baseline 0.001 -17"><span class='ocrx_word' id='word_1_422' title='bbox 2034 2763 2463 2834; x_wconf 87' lang='lat' dir='ltr'><strong>Elaphebolion,</strong></span> <span class='ocrx_word' id='word_1_423' title='bbox 2519 2779 2627 2834; x_wconf 83' lang='lat' dir='ltr'><strong>quo</strong></span> <span class='ocrx_word' id='word_1_424' title='bbox 2670 2777 2856 2819; x_wconf 86' lang='lat' dir='ltr'><strong>mense</strong></span> <span class='ocrx_word' id='word_1_425' title='bbox 2913 2777 3043 2817; x_wconf 89' lang='lat' dir='ltr'><strong>ursa</strong></span> <span class='ocrx_word' id='word_1_426' title='bbox 3100 2770 3337 2818; x_wconf 74' lang='lat' dir='ltr'><strong>ventrem</strong></span> <span class='ocrx_word' id='word_1_427' title='bbox 3395 2773 3591 2834; x_wconf 83' lang='lat' dir='ltr'><strong>gestat.</strong></span> 
     </span>
    </p>
   </div>
   <div class='ocr_carea' id='block_1_57' title="bbox 2033 2853 3593 2928">
    <p class='ocr_par' dir='ltr' id='par_1_57' title="bbox 2033 2853 3593 2928">
     <span class='ocr_line' id='line_1_57' title="bbox 2033 2853 3593 2928; baseline 0.001 -18"><span class='ocrx_word' id='word_1_428' title='bbox 2033 2857 2196 2928; x_wconf 84' lang='lat' dir='ltr'><strong>Atqui</strong></span> <span class='ocrx_word' id='word_1_429' title='bbox 2243 2872 2350 2912; x_wconf 86' lang='lat' dir='ltr'><strong>non</strong></span> <span class='ocrx_word' id='word_1_430' title='bbox 2405 2857 2647 2927; x_wconf 87' lang='lat' dir='ltr'><strong>primus,</strong></span> <span class='ocrx_word' id='word_1_431' title='bbox 2706 2871 2812 2910; x_wconf 91' lang='lat' dir='ltr'><strong>non</strong></span> <span class='ocrx_word' id='word_1_432' title='bbox 2861 2853 3171 2928; x_wconf 57' lang='lat' dir='ltr'><strong>secludus,</strong></span> <span class='ocrx_word' id='word_1_433' title='bbox 3203 2869 3334 2926; x_wconf 88' lang='lat' dir='ltr'><strong>ergo</strong></span> <span class='ocrx_word' id='word_1_434' title='bbox 3376 2858 3593 2911; x_wconf 82' lang='lat' dir='ltr'><strong>tertius.</strong></span> 
     </span>
    </p>
   </div>
   <div class='ocr_carea' id='block_1_58' title="bbox 2036 2869 3597 3022">
    <p class='ocr_par' dir='ltr' id='par_1_58' title="bbox 2036 2869 3597 3022">
     <span class='ocr_line' id='line_1_58' title="bbox 2036 2869 3593 2928; baseline 0.001 -18"><span class='ocrx_word' id='word_1_435' title='bbox 2036 2869 2196 2928; x_wconf 80' lang='lat' dir='ltr'><strong>Atqui</strong></span> <span class='ocrx_word' id='word_1_436' title='bbox 2243 2872 2350 2912; x_wconf 88' lang='lat' dir='ltr'><strong>non</strong></span> <span class='ocrx_word' id='word_1_437' title='bbox 2405 2869 2647 2927; x_wconf 80' lang='lat' dir='ltr'><strong>primus,</strong></span> <span class='ocrx_word' id='word_1_438' title='bbox 2706 2871 2812 2910; x_wconf 88' lang='lat' dir='ltr'><strong>non</strong></span> <span class='ocrx_word' id='word_1_439' title='bbox 2861 2871 2918 2911; x_wconf 90' lang='lat' dir='ltr'><strong>se</strong></span> <span class='ocrx_word' id='word_1_440' title='bbox 3033 2869 3171 2920; x_wconf 83' lang='lat' dir='ltr'><strong>aus,</strong></span> <span class='ocrx_word' id='word_1_441' title='bbox 3203 2869 3334 2926; x_wconf 89' lang='lat' dir='ltr'><strong>ergo</strong></span> <span class='ocrx_word' id='word_1_442' title='bbox 3376 2869 3593 2911; x_wconf 77' lang='lat' dir='ltr'><strong>tertius.</strong></span> 
     </span>
     <span class='ocr_line' id='line_1_59' title="bbox 2036 2869 3597 3022; baseline 0.001 -20"><span class='ocrx_word' id='word_1_443' title='bbox 2036 2947 2315 3020; x_wconf 83' lang='lat' dir='ltr'><strong>Siquidem</strong></span> <span class='ocrx_word' id='word_1_444' title='bbox 2349 2949 2476 3005; x_wconf 85' lang='lat' dir='ltr'><strong>anni</strong></span> <span class='ocrx_word' id='word_1_445' title='bbox 2511 2869 3112 3022; x_wconf 51' lang='lat' dir='ltr'><strong>tempestatibusccrni</strong></span> <span class='ocrx_word' id='word_1_446' title='bbox 3165 2962 3379 3003; x_wconf 88' lang='lat' dir='ltr'><strong>menses</strong></span> <span class='ocrx_word' id='word_1_447' title='bbox 3425 2949 3597 3004; x_wconf 89' lang='lat' dir='ltr'><strong>ascri-</strong></span> 
     </span>
    </p>
   </div>
   <div class='ocr_carea' id='block_1_59' title="bbox 2032 3043 2252 3098">
    <p class='ocr_par' dir='ltr' id='par_1_59' title="bbox 2032 3043 2252 3098">
     <span class='ocr_line' id='line_1_60' title="bbox 2032 3043 2252 3098; baseline -0.005 0"><span class='ocrx_word' id='word_1_448' title='bbox 2032 3043 2252 3098; x_wconf 86' lang='lat' dir='ltr'><strong>buntur.</strong></span> 
     </span>
    </p>
   </div>
   <div class='ocr_carea' id='block_1_60' title="bbox 460 3127 1937 3214">
    <p class='ocr_par' dir='ltr' id='par_1_60' title="bbox 460 3127 1933 3204">
     <span class='ocr_line' id='line_1_61' title="bbox 460 3127 1933 3204; baseline -0.005 -16"><span class='ocrx_word' id='word_1_449' title='bbox 460 3133 685 3204; x_wconf 79' lang='grc' dir='ltr'>Ἐφεξῆς</span> <span class='ocrx_word' id='word_1_450' title='bbox 730 3130 776 3185; x_wconf 77' lang='grc' dir='ltr'>δ’</span> <span class='ocrx_word' id='word_1_451' title='bbox 827 3129 1248 3200; x_wconf 79' lang='grc' dir='ltr'>Ἑλαφηϐολιῶνι</span> <span class='ocrx_word' id='word_1_452' title='bbox 1290 3127 1604 3199; x_wconf 83' lang='grc' dir='ltr'>Μουνυχιὼν</span> <span class='ocrx_word' id='word_1_453' title='bbox 1622 3146 1635 3159; x_wconf 92' lang='grc'><strong>·</strong></span> <span class='ocrx_word' id='word_1_454' title='bbox 1682 3128 1933 3200; x_wconf 80' lang='grc' dir='ltr'>τέταρτος</span> 
     </span>
    </p>
   </div>
   <div class='ocr_carea' id='block_1_61' title="bbox 2039 3127 3593 3214">
    <p class='ocr_par' dir='ltr' id='par_1_61' title="bbox 2105 3129 3593 3204">
     <span class='ocr_line' id='line_1_62' title="bbox 2105 3129 3593 3204; baseline -0.004 -15"><span class='ocrx_word' id='word_1_455' title='bbox 2105 3132 2407 3189; x_wconf 85' lang='lat' dir='ltr'><strong>Continens</strong></span> <span class='ocrx_word' id='word_1_456' title='bbox 2438 3139 2524 3189; x_wconf 87' lang='lat' dir='ltr'><strong>est</strong></span> <span class='ocrx_word' id='word_1_457' title='bbox 2574 3147 2702 3189; x_wconf 78' lang='lat' dir='ltr'><strong>vero</strong></span> <span class='ocrx_word' id='word_1_458' title='bbox 2752 3132 3164 3204; x_wconf 81' lang='lat' dir='ltr'><strong>Elaphebolioni</strong></span> <span class='ocrx_word' id='word_1_459' title='bbox 3221 3129 3593 3203; x_wconf 78' lang='lat' dir='ltr'><strong>Munychion;</strong></span> 
     </span>
    </p>
   </div>
   <div class='ocr_carea' id='block_1_62' title="bbox 381 3218 1935 3302">
    <p class='ocr_par' dir='ltr' id='par_1_62' title="bbox 381 3218 1935 3302">
     <span class='ocr_line' id='line_1_63' title="bbox 381 3218 1935 3302; baseline -0.006 -20"><span class='ocrx_word' id='word_1_460' title='bbox 381 3229 483 3302; x_wconf 68' lang='grc' dir='ltr'><strong>μὲν</strong></span> <span class='ocrx_word' id='word_1_461' title='bbox 507 3227 615 3300; x_wconf 83' lang='grc' dir='ltr'><strong>γὰρ</strong></span> <span class='ocrx_word' id='word_1_462' title='bbox 647 3226 739 3280; x_wconf 84' lang='grc' dir='ltr'><strong>ἀπ’</strong></span> <span class='ocrx_word' id='word_1_463' title='bbox 778 3222 1234 3294; x_wconf 79' lang='grc' dir='ltr'>Ἐλαφηϐολιῶνος</span> <span class='ocrx_word' id='word_1_464' title='bbox 1259 3219 1646 3292; x_wconf 84' lang='grc' dir='ltr'>Σκιροφοριὼν,</span> <span class='ocrx_word' id='word_1_465' title='bbox 1674 3220 1853 3293; x_wconf 81' lang='grc' dir='ltr'>τρίτος</span> <span class='ocrx_word' id='word_1_466' title='bbox 1879 3218 1935 3273; x_wconf 81' lang='grc' dir='ltr'>δὲ</span> 
     </span>
    </p>
   </div>
   <div class='ocr_carea' id='block_1_63' title="bbox 371 3310 1937 3388">
    <p class='ocr_par' dir='ltr' id='par_1_63' title="bbox 371 3310 1937 3388">
     <span class='ocr_line' id='line_1_64' title="bbox 371 3310 1937 3388; baseline -0.008 -12"><span class='ocrx_word' id='word_1_467' title='bbox 371 3321 491 3377; x_wconf 76' lang='grc' dir='ltr'><strong>ἀπὸ</strong></span> <span class='ocrx_word' id='word_1_468' title='bbox 514 3316 911 3388; x_wconf 86' lang='grc' dir='ltr'>Μουνυχιῶνος.</span> <span class='ocrx_word' id='word_1_469' title='bbox 929 3314 1301 3385; x_wconf 70' lang='grc' dir='ltr'>Ἀριστοτέλης</span> <span class='ocrx_word' id='word_1_470' title='bbox 1328 3315 1385 3366; x_wconf 81' lang='grc' dir='ltr'><strong>ὲν</strong></span> <span class='ocrx_word' id='word_1_471' title='bbox 1402 3316 1469 3384; x_wconf 79' lang='grc' dir='ltr'>τῇ</span> <span class='ocrx_word' id='word_1_472' title='bbox 1486 3313 1624 3384; x_wconf 74' lang='grc' dir='ltr'>αὐτῇ</span> <span class='ocrx_word' id='word_1_473' title='bbox 1640 3329 1709 3365; x_wconf 84' lang='grc' dir='ltr'><strong>πε</strong></span> <span class='ocrx_word' id='word_1_474' title='bbox 1715 3312 1769 3384; x_wconf 67' lang='grc' dir='ltr'><strong>ρ).</strong></span> <span class='ocrx_word' id='word_1_475' title='bbox 1784 3310 1937 3377; x_wconf 78' lang='grc' dir='ltr'><strong>ζώων</strong></span> 
     </span>
    </p>
   </div>
   <div class='ocr_carea' id='block_1_64' title="bbox 379 3404 1937 3485">
    <p class='ocr_par' dir='ltr' id='par_1_64' title="bbox 379 3404 1937 3485">
     <span class='ocr_line' id='line_1_65' title="bbox 379 3404 1937 3485; baseline -0.008 -18"><span class='ocrx_word' id='word_1_476' title='bbox 379 3412 594 3485; x_wconf 74' lang='grc' dir='ltr'>ἱστορίᾳ</span> <span class='ocrx_word' id='word_1_477' title='bbox 639 3404 741 3464; x_wconf 75' lang='grc' dir='ltr'>ὦδε</span> <span class='ocrx_word' id='word_1_478' title='bbox 801 3405 1303 3479; x_wconf 72' lang='grc' dir='ltr'>καταριθμούμενος</span> <span class='ocrx_word' id='word_1_479' title='bbox 1347 3404 1572 3475; x_wconf 77' lang='grc' dir='ltr'>τέταχε’</span> <span class='ocrx_word' id='word_1_480' title='bbox 1629 3423 1646 3455; x_wconf 87' lang='grc' dir='ltr'>ι</span> <span class='ocrx_word' id='word_1_481' title='bbox 1683 3404 1937 3456; x_wconf 86' lang='grc' dir='ltr'>Τίκτουσι</span> 
     </span>
    </p>
   </div>
   <div class='ocr_carea' id='block_1_65' title="bbox 377 3495 1935 3569">
    <p class='ocr_par' dir='ltr' id='par_1_65' title="bbox 377 3495 1935 3569">
     <span class='ocr_line' id='line_1_66' title="bbox 377 3495 1935 3569; baseline -0.006 -11"><span class='ocrx_word' id='word_1_482' title='bbox 377 3506 425 3558; x_wconf 78' lang='grc' dir='ltr'>δ’</span> <span class='ocrx_word' id='word_1_483' title='bbox 450 3505 498 3558; x_wconf 82' lang='lat' dir='ltr'><strong>oi</strong></span> <span class='ocrx_word' id='word_1_484' title='bbox 525 3503 765 3556; x_wconf 84' lang='grc' dir='ltr'>πλεῖστοι</span> <span class='ocrx_word' id='word_1_485' title='bbox 784 3500 895 3554; x_wconf 88' lang='grc' dir='ltr'><strong>τῶν</strong></span> <span class='ocrx_word' id='word_1_486' title='bbox 925 3498 1121 3567; x_wconf 70' lang='grc' dir='ltr'><strong>ἰχθύων</strong></span> <span class='ocrx_word' id='word_1_487' title='bbox 1144 3501 1201 3552; x_wconf 82' lang='grc' dir='ltr'><strong>ὲν</strong></span> <span class='ocrx_word' id='word_1_488' title='bbox 1225 3499 1358 3569; x_wconf 76' lang='grc' dir='ltr'>μησὶ</span> <span class='ocrx_word' id='word_1_489' title='bbox 1380 3498 1545 3569; x_wconf 76' lang='grc' dir='ltr'>τρισὶ,</span> <span class='ocrx_word' id='word_1_490' title='bbox 1578 3495 1935 3568; x_wconf 88' lang='grc' dir='ltr'>Μουνυχιῶνι,</span> 
     </span>
    </p>
   </div>
   <div class='ocr_carea' id='block_1_66' title="bbox 375 3589 1940 3667">
    <p class='ocr_par' dir='ltr' id='par_1_66' title="bbox 375 3589 1940 3667">
     <span class='ocr_line' id='line_1_67' title="bbox 375 3589 1940 3667; baseline -0.003 -18"><span class='ocrx_word' id='word_1_491' title='bbox 375 3596 476 3649; x_wconf 83' lang='grc' dir='ltr'><strong>καὶ</strong></span> <span class='ocrx_word' id='word_1_492' title='bbox 512 3593 877 3667; x_wconf 84' lang='grc' dir='ltr'>Θαργηλιῶνι.</span> <span class='ocrx_word' id='word_1_493' title='bbox 903 3593 997 3646; x_wconf 74' lang='grc' dir='ltr'><strong>καὶ</strong></span> <span class='ocrx_word' id='word_1_494' title='bbox 1027 3589 1438 3662; x_wconf 80' lang='grc' dir='ltr'>Σκιροφοριῶνι.</span> <span class='ocrx_word' id='word_1_495' title='bbox 1468 3609 1486 3642; x_wconf 76' lang='grc' dir='ltr'>ι</span> <span class='ocrx_word' id='word_1_496' title='bbox 1512 3590 1857 3661; x_wconf 80' lang='grc' dir='ltr'>Δημοσθένης</span> <span class='ocrx_word' id='word_1_497' title='bbox 1883 3590 1940 3644; x_wconf 77' lang='grc' dir='ltr'>δὲ</span> 
     </span>
    </p>
   </div>
   <div class='ocr_carea' id='block_1_67' title="bbox 378 3680 1940 3755">
    <p class='ocr_par' dir='ltr' id='par_1_67' title="bbox 378 3680 1940 3755">
     <span class='ocr_line' id='line_1_68' title="bbox 378 3680 1940 3755; baseline -0.004 -17"><span class='ocrx_word' id='word_1_498' title='bbox 378 3688 439 3739; x_wconf 81' lang='grc' dir='ltr'><strong>ὲν</strong></span> <span class='ocrx_word' id='word_1_499' title='bbox 486 3685 564 3755; x_wconf 81' lang='grc' dir='ltr'>τῷ</span> <span class='ocrx_word' id='word_1_500' title='bbox 593 3684 734 3752; x_wconf 77' lang='grc' dir='ltr'>Περὶ</span> <span class='ocrx_word' id='word_1_501' title='bbox 773 3682 1249 3752; x_wconf 79' lang='grc' dir='ltr'>παραπρεσϐείας</span> <span class='ocrx_word' id='word_1_502' title='bbox 1279 3681 1446 3751; x_wconf 82' lang='grc' dir='ltr'>λόγῳ·</span> <span class='ocrx_word' id='word_1_503' title='bbox 1485 3699 1503 3731; x_wconf 81' lang='grc' dir='ltr'>ι</span> <span class='ocrx_word' id='word_1_504' title='bbox 1535 3681 1601 3733; x_wconf 79' lang='grc' dir='ltr'><strong><em>Ἠ</em></strong></span> <span class='ocrx_word' id='word_1_505' title='bbox 1635 3680 1734 3750; x_wconf 82' lang='grc' dir='ltr'><strong>μὲν</strong></span> <span class='ocrx_word' id='word_1_506' title='bbox 1763 3680 1940 3733; x_wconf 86' lang='grc' dir='ltr'>τοίνυν</span> 
     </span>
    </p>
   </div>
   <div class='ocr_carea' id='block_1_68' title="bbox 381 3770 1941 3849">
    <p class='ocr_par' dir='ltr' id='par_1_68' title="bbox 381 3770 1941 3849">
     <span class='ocr_line' id='line_1_69' title="bbox 381 3770 1941 3849; baseline -0.004 -18"><span class='ocrx_word' id='word_1_507' title='bbox 381 3778 597 3849; x_wconf 75' lang='grc' dir='ltr'>εἰρήνη,</span> <span class='ocrx_word' id='word_1_508' title='bbox 635 3796 653 3827; x_wconf 69' lang='grc' dir='ltr'>ι</span> <span class='ocrx_word' id='word_1_509' title='bbox 701 3776 885 3847; x_wconf 76' lang='grc' dir='ltr'>φησὶν,</span> <span class='ocrx_word' id='word_1_510' title='bbox 924 3793 943 3826; x_wconf 76' lang='grc' dir='ltr'>ι</span> <span class='ocrx_word' id='word_1_511' title='bbox 991 3772 1449 3843; x_wconf 74' lang='grc' dir='ltr'>Ἐλαφηϐολιῶνος</span> <span class='ocrx_word' id='word_1_512' title='bbox 1498 3771 1633 3845; x_wconf 74' lang='grc' dir='ltr'>ἕκτῃ</span> <span class='ocrx_word' id='word_1_513' title='bbox 1676 3772 1767 3825; x_wconf 72' lang='grc' dir='ltr'><strong>ἐπὶ</strong></span> <span class='ocrx_word' id='word_1_514' title='bbox 1810 3770 1941 3825; x_wconf 87' lang='grc' dir='ltr'>δέκα</span> 
     </span>
    </p>
   </div>
   <div class='ocr_carea' id='block_1_69' title="bbox 381 3864 1941 3937">
    <p class='ocr_par' dir='ltr' id='par_1_69' title="bbox 381 3864 1941 3937">
     <span class='ocr_line' id='line_1_70' title="bbox 381 3864 1941 3937; baseline -0.004 -16"><span class='ocrx_word' id='word_1_515' title='bbox 381 3867 631 3937; x_wconf 68' lang='grc' dir='ltr'>ἐγένετο*</span> <span class='ocrx_word' id='word_1_516' title='bbox 672 3866 1101 3937; x_wconf 82' lang='grc' dir='ltr'>ἀπεδημήσαμεν</span> <span class='ocrx_word' id='word_1_517' title='bbox 1133 3865 1190 3918; x_wconf 79' lang='grc' dir='ltr'>δὲ</span> <span class='ocrx_word' id='word_1_518' title='bbox 1228 3866 1389 3936; x_wconf 78' lang='grc' dir='ltr'>ἡμεῖς</span> <span class='ocrx_word' id='word_1_519' title='bbox 1441 3864 1534 3917; x_wconf 76' lang='grc' dir='ltr'><strong>ἐπὶ</strong></span> <span class='ocrx_word' id='word_1_520' title='bbox 1577 3864 1702 3926; x_wconf 75' lang='grc' dir='ltr'>τοὺς</span> <span class='ocrx_word' id='word_1_521' title='bbox 1747 3864 1941 3935; x_wconf 84' lang='grc' dir='ltr'>ὅρκους</span> 
     </span>
    </p>
   </div>
   <div class='ocr_carea' id='block_1_70' title="bbox 379 3954 1942 4031">
    <p class='ocr_par' dir='ltr' id='par_1_70' title="bbox 379 3954 1942 4031">
     <span class='ocr_line' id='line_1_71' title="bbox 379 3954 1942 4031; baseline -0.003 -18"><span class='ocrx_word' id='word_1_522' title='bbox 379 3963 533 4031; x_wconf 82' lang='grc' dir='ltr'>τρεῖς</span> <span class='ocrx_word' id='word_1_523' title='bbox 576 3958 730 4022; x_wconf 82' lang='grc' dir='ltr'>ὅλους</span> <span class='ocrx_word' id='word_1_524' title='bbox 760 3957 954 4029; x_wconf 85' lang='grc' dir='ltr'>μῆνας.</span> <span class='ocrx_word' id='word_1_525' title='bbox 993 3957 1102 4011; x_wconf 74' lang='grc' dir='ltr'><strong>Καὶ</strong></span> <span class='ocrx_word' id='word_1_526' title='bbox 1142 3955 1329 4010; x_wconf 78' lang='grc' dir='ltr'>τοῦτον</span> <span class='ocrx_word' id='word_1_527' title='bbox 1367 3956 1582 4009; x_wconf 81' lang='grc' dir='ltr'>ἄπαντα</span> <span class='ocrx_word' id='word_1_528' title='bbox 1634 3954 1724 4009; x_wconf 77' lang='grc' dir='ltr'><strong>τὸν</strong></span> <span class='ocrx_word' id='word_1_529' title='bbox 1755 3954 1942 4026; x_wconf 85' lang='grc' dir='ltr'>χρόνον</span> 
     </span>
    </p>
   </div>
   <div class='ocr_carea' id='block_1_71' title="bbox 382 4046 1943 4122">
    <p class='ocr_par' dir='ltr' id='par_1_71' title="bbox 382 4046 1943 4122">
     <span class='ocr_line' id='line_1_72' title="bbox 382 4046 1943 4122; baseline -0.003 -17"><span class='ocrx_word' id='word_1_530' title='bbox 382 4048 526 4122; x_wconf 77' lang='grc' dir='ltr'>ἦσαν</span> <span class='ocrx_word' id='word_1_531' title='bbox 556 4052 606 4104; x_wconf 84' lang='grc' dir='ltr'>οἱ</span> <span class='ocrx_word' id='word_1_532' title='bbox 636 4051 839 4112; x_wconf 80' lang='grc' dir='ltr'>Φωκεῖς</span> <span class='ocrx_word' id='word_1_533' title='bbox 873 4047 1018 4102; x_wconf 76' lang='grc' dir='ltr'>σῶοι.</span> <span class='ocrx_word' id='word_1_534' title='bbox 1048 4048 1291 4118; x_wconf 85' lang='grc' dir='ltr'>Ἦκομεν</span> <span class='ocrx_word' id='word_1_535' title='bbox 1310 4047 1370 4101; x_wconf 84' lang='grc' dir='ltr'>δὲ</span> <span class='ocrx_word' id='word_1_536' title='bbox 1400 4046 1507 4100; x_wconf 79' lang='grc' dir='ltr'><strong>ἀπὸ</strong></span> <span class='ocrx_word' id='word_1_537' title='bbox 1525 4046 1626 4116; x_wconf 83' lang='grc' dir='ltr'><strong>τῆς</strong></span> <span class='ocrx_word' id='word_1_538' title='bbox 1653 4046 1943 4117; x_wconf 87' lang='grc' dir='ltr'>πρεσϐείας</span> 
     </span>
    </p>
   </div>
   <div class='ocr_carea' id='block_1_72' title="bbox 382 4138 1943 4213">
    <p class='ocr_par' dir='ltr' id='par_1_72' title="bbox 382 4138 1943 4213">
     <span class='ocr_line' id='line_1_73' title="bbox 382 4138 1943 4213; baseline -0.003 -17"><span class='ocrx_word' id='word_1_539' title='bbox 382 4144 486 4213; x_wconf 84' lang='grc' dir='ltr'><strong>τῆς</strong></span> <span class='ocrx_word' id='word_1_540' title='bbox 516 4142 609 4196; x_wconf 77' lang='grc' dir='ltr'><strong>ἐπὶ</strong></span> <span class='ocrx_word' id='word_1_541' title='bbox 656 4142 780 4204; x_wconf 75' lang='grc' dir='ltr'>τοὺς</span> <span class='ocrx_word' id='word_1_542' title='bbox 811 4141 1006 4211; x_wconf 85' lang='grc' dir='ltr'>ὅρκους</span> <span class='ocrx_word' id='word_1_543' title='bbox 1046 4139 1203 4212; x_wconf 82' lang='grc' dir='ltr'>τρίτῃ</span> <span class='ocrx_word' id='word_1_544' title='bbox 1238 4139 1330 4191; x_wconf 75' lang='grc' dir='ltr'><strong>ἐπὶ</strong></span> <span class='ocrx_word' id='word_1_545' title='bbox 1370 4138 1501 4192; x_wconf 83' lang='grc' dir='ltr'>δέκα</span> <span class='ocrx_word' id='word_1_546' title='bbox 1538 4138 1632 4192; x_wconf 80' lang='grc' dir='ltr'>τοῦ</span> <span class='ocrx_word' id='word_1_547' title='bbox 1682 4139 1943 4207; x_wconf 81' lang='grc' dir='ltr'>Σκιροφο-</span> 
     </span>
    </p>
   </div>
   <div class='ocr_carea' id='block_1_73' title="bbox 336 4229 1942 4311">
    <p class='ocr_par' dir='ltr' id='par_1_73' title="bbox 336 4229 1942 4311">
     <span class='ocr_line' id='line_1_74' title="bbox 336 4229 1942 4311; baseline -0.007 -19"><span class='ocrx_word' id='word_1_548' title='bbox 336 4272 343 4279; x_wconf 90' lang='grc'><strong>-</strong></span> <span class='ocrx_word' id='word_1_549' title='bbox 390 4237 602 4311; x_wconf 83' lang='grc' dir='ltr'>ριῶνος.</span> <span class='ocrx_word' id='word_1_550' title='bbox 655 4253 673 4287; x_wconf 78' lang='grc' dir='ltr'>ι</span> <span class='ocrx_word' id='word_1_551' title='bbox 724 4234 835 4288; x_wconf 70' lang='grc' dir='ltr'><strong>Καὶ</strong></span> <span class='ocrx_word' id='word_1_552' title='bbox 888 4231 1144 4302; x_wconf 77' lang='grc' dir='ltr'>Αἰσχίνης</span> <span class='ocrx_word' id='word_1_553' title='bbox 1193 4230 1255 4283; x_wconf 76' lang='grc' dir='ltr'>δὲ</span> <span class='ocrx_word' id='word_1_554' title='bbox 1321 4231 1379 4283; x_wconf 75' lang='grc' dir='ltr'><strong>ὲν</strong></span> <span class='ocrx_word' id='word_1_555' title='bbox 1429 4233 1498 4302; x_wconf 80' lang='grc' dir='ltr'>τῇ</span> <span class='ocrx_word' id='word_1_556' title='bbox 1558 4229 1698 4299; x_wconf 78' lang='grc' dir='ltr'><strong>Περὶ</strong></span> <span class='ocrx_word' id='word_1_557' title='bbox 1757 4244 1942 4298; x_wconf 81' lang='grc' dir='ltr'>παρα-</span> 
     </span>
    </p>
   </div>
   <div class='ocr_carea' id='block_1_74' title="bbox 384 4321 1946 4398">
    <p class='ocr_par' dir='ltr' id='par_1_74' title="bbox 384 4321 1946 4398">
     <span class='ocr_line' id='line_1_75' title="bbox 384 4321 1946 4398; baseline -0.006 -15"><span class='ocrx_word' id='word_1_558' title='bbox 384 4327 707 4398; x_wconf 74' lang='grc' dir='ltr'>πρεσϐείας</span> <span class='ocrx_word' id='word_1_559' title='bbox 747 4323 1061 4391; x_wconf 73' lang='grc' dir='ltr'>ἀπολογία,</span> <span class='ocrx_word' id='word_1_560' title='bbox 1096 4321 1375 4385; x_wconf 61' lang='lat' dir='ltr'><strong>{men-«iw,</strong></span> <span class='ocrx_word' id='word_1_561' title='bbox 1419 4322 1501 4376; x_wconf 82' lang='grc' dir='ltr'>ὅτι</span> <span class='ocrx_word' id='word_1_562' title='bbox 1550 4322 1614 4394; x_wconf 77' lang='grc' dir='ltr'>δὴ</span> <span class='ocrx_word' id='word_1_563' title='bbox 1667 4321 1766 4392; x_wconf 79' lang='grc' dir='ltr'>τὴν</span> <span class='ocrx_word' id='word_1_564' title='bbox 1825 4323 1946 4375; x_wconf 74' lang='grc' dir='ltr'>επι-</span> 
     </span>
    </p>
   </div>
   <div class='ocr_carea' id='block_1_75' title="bbox 389 4413 1944 4492">
    <p class='ocr_par' dir='ltr' id='par_1_75' title="bbox 389 4413 1944 4492">
     <span class='ocr_line' id='line_1_76' title="bbox 389 4413 1944 4492; baseline -0.006 -17"><span class='ocrx_word' id='word_1_565' title='bbox 389 4421 582 4492; x_wconf 82' lang='grc' dir='ltr'>στολὴν</span> <span class='ocrx_word' id='word_1_566' title='bbox 608 4418 838 4491; x_wconf 75' lang='grc' dir='ltr'>γράψειε</span> <span class='ocrx_word' id='word_1_567' title='bbox 879 4418 1069 4489; x_wconf 84' lang='grc' dir='ltr'>Χάρης</span> <span class='ocrx_word' id='word_1_568' title='bbox 1112 4414 1570 4488; x_wconf 76' lang='grc' dir='ltr'>Ὲλαιρηϐολιῶνος</span> <span class='ocrx_word' id='word_1_569' title='bbox 1612 4415 1778 4486; x_wconf 80' lang='grc' dir='ltr'>μηνὸς</span> <span class='ocrx_word' id='word_1_570' title='bbox 1810 4413 1944 4484; x_wconf 69' lang='grc' dir='ltr'>ἕκτῃ</span> 
     </span>
    </p>
   </div>
   <div class='ocr_carea' id='block_1_76' title="bbox 2037 3220 3592 3293">
    <p class='ocr_par' dir='ltr' id='par_1_76' title="bbox 2037 3220 3592 3293">
     <span class='ocr_line' id='line_1_77' title="bbox 2037 3220 3592 3293; baseline -0.002 -17"><span class='ocrx_word' id='word_1_571' title='bbox 2037 3231 2266 3293; x_wconf 83' lang='lat' dir='ltr'><strong>quartus</strong></span> <span class='ocrx_word' id='word_1_572' title='bbox 2298 3223 2443 3277; x_wconf 92' lang='lat' dir='ltr'><strong>enim</strong></span> <span class='ocrx_word' id='word_1_573' title='bbox 2476 3223 2546 3278; x_wconf 86' lang='lat' dir='ltr'><strong>ab</strong></span> <span class='ocrx_word' id='word_1_574' title='bbox 2580 3221 2998 3292; x_wconf 84' lang='lat' dir='ltr'><strong>Elapbebolione</strong></span> <span class='ocrx_word' id='word_1_575' title='bbox 3026 3220 3450 3293; x_wconf 85' lang='lat' dir='ltr'><strong>Scirophorion,</strong></span> <span class='ocrx_word' id='word_1_576' title='bbox 3485 3227 3592 3274; x_wconf 90' lang='lat' dir='ltr'><strong>ter-</strong></span> 
     </span>
    </p>
   </div>
   <div class='ocr_carea' id='block_1_77' title="bbox 2036 3315 3588 3388">
    <p class='ocr_par' dir='ltr' id='par_1_77' title="bbox 2036 3315 3588 3388">
     <span class='ocr_line' id='line_1_78' title="bbox 2036 3315 3588 3388; baseline 0.001 -19"><span class='ocrx_word' id='word_1_577' title='bbox 2036 3316 2146 3372; x_wconf 87' lang='lat' dir='ltr'><strong>tius</strong></span> <span class='ocrx_word' id='word_1_578' title='bbox 2176 3323 2353 3371; x_wconf 87' lang='lat' dir='ltr'><strong>autem</strong></span> <span class='ocrx_word' id='word_1_579' title='bbox 2388 3332 2417 3372; x_wconf 88' lang='lat' dir='ltr'><strong>a</strong></span> <span class='ocrx_word' id='word_1_580' title='bbox 2451 3315 2830 3388; x_wconf 83' lang='lat' dir='ltr'><strong>Munychione.</strong></span> <span class='ocrx_word' id='word_1_581' title='bbox 2854 3316 3172 3373; x_wconf 83' lang='lat' dir='ltr'><strong>Aristoteles</strong></span> <span class='ocrx_word' id='word_1_582' title='bbox 3204 3316 3259 3370; x_wconf 90' lang='lat' dir='ltr'><strong>in</strong></span> <span class='ocrx_word' id='word_1_583' title='bbox 3291 3315 3478 3372; x_wconf 82' lang='lat' dir='ltr'><strong>eadem</strong></span> <span class='ocrx_word' id='word_1_584' title='bbox 3512 3317 3588 3371; x_wconf 89' lang='lat' dir='ltr'><strong>hi-</strong></span> 
     </span>
    </p>
   </div>
   <div class='ocr_carea' id='block_1_78' title="bbox 2040 3409 3593 3466">
    <p class='ocr_par' dir='ltr' id='par_1_78' title="bbox 2040 3409 3593 3466">
     <span class='ocr_line' id='line_1_79' title="bbox 2040 3409 3593 3466; baseline -0.001 0"><span class='ocrx_word' id='word_1_585' title='bbox 2040 3409 2208 3466; x_wconf 86' lang='lat' dir='ltr'><strong>storia</strong></span> <span class='ocrx_word' id='word_1_586' title='bbox 2257 3409 2325 3465; x_wconf 87' lang='lat' dir='ltr'><strong>de</strong></span> <span class='ocrx_word' id='word_1_587' title='bbox 2373 3409 2702 3464; x_wconf 87' lang='lat' dir='ltr'><strong>animalibus</strong></span> <span class='ocrx_word' id='word_1_588' title='bbox 2749 3409 2850 3466; x_wconf 88' lang='lat' dir='ltr'><strong>hos</strong></span> <span class='ocrx_word' id='word_1_589' title='bbox 2892 3410 2972 3466; x_wconf 82' lang='lat' dir='ltr'><strong>sic</strong></span> <span class='ocrx_word' id='word_1_590' title='bbox 3022 3410 3215 3466; x_wconf 87' lang='lat' dir='ltr'><strong>ordine</strong></span> <span class='ocrx_word' id='word_1_591' title='bbox 3266 3416 3548 3466; x_wconf 78' lang='lat' dir='ltr'><strong>enumerat</strong></span> <span class='ocrx_word' id='word_1_592' title='bbox 3577 3432 3593 3465; x_wconf 87' lang='lat'><strong>:</strong></span> 
     </span>
    </p>
   </div>
   <div class='ocr_carea' id='block_1_79' title="bbox 2045 3500 3597 3572">
    <p class='ocr_par' dir='ltr' id='par_1_79' title="bbox 2045 3500 3597 3572">
     <span class='ocr_line' id='line_1_80' title="bbox 2045 3500 3597 3572; baseline 0.005 -20"><span class='ocrx_word' id='word_1_593' title='bbox 2045 3520 2074 3559; x_wconf 18' lang='grc'><strong>«4</strong></span> <span class='ocrx_word' id='word_1_594' title='bbox 2093 3500 2315 3556; x_wconf 87' lang='lat' dir='ltr'><strong>Pariunt</strong></span> <span class='ocrx_word' id='word_1_595' title='bbox 2345 3508 2491 3556; x_wconf 89' lang='lat' dir='ltr'><strong>certe</strong></span> <span class='ocrx_word' id='word_1_596' title='bbox 2514 3501 2692 3572; x_wconf 89' lang='lat' dir='ltr'><strong>pisces</strong></span> <span class='ocrx_word' id='word_1_597' title='bbox 2717 3501 2938 3572; x_wconf 83' lang='lat' dir='ltr'><strong>plurimi</strong></span> <span class='ocrx_word' id='word_1_598' title='bbox 2974 3502 3150 3557; x_wconf 90' lang='lat' dir='ltr'><strong>tribus</strong></span> <span class='ocrx_word' id='word_1_599' title='bbox 3181 3501 3265 3558; x_wconf 92' lang='lat' dir='ltr'><strong>his</strong></span> <span class='ocrx_word' id='word_1_600' title='bbox 3291 3503 3597 3568; x_wconf 86' lang='lat' dir='ltr'><strong>mensibus.</strong></span> 
     </span>
    </p>
   </div>
   <div class='ocr_carea' id='block_1_80' title="bbox 2041 3592 3598 3665">
    <p class='ocr_par' dir='ltr' id='par_1_80' title="bbox 2041 3592 3598 3665">
     <span class='ocr_line' id='line_1_81' title="bbox 2041 3592 3598 3665; baseline 0.001 -17"><span class='ocrx_word' id='word_1_601' title='bbox 2041 3593 2439 3665; x_wconf 78' lang='lat' dir='ltr'><strong>Munychione,</strong></span> <span class='ocrx_word' id='word_1_602' title='bbox 2489 3593 2886 3665; x_wconf 87' lang='lat' dir='ltr'><strong>Thargelione,</strong></span> <span class='ocrx_word' id='word_1_603' title='bbox 2940 3592 3378 3664; x_wconf 87' lang='lat' dir='ltr'><strong>Scirophorione.</strong></span> <span class='ocrx_word' id='word_1_604' title='bbox 3430 3614 3449 3648; x_wconf 77' lang='grc' dir='ltr'>ι</span> <span class='ocrx_word' id='word_1_605' title='bbox 3494 3595 3598 3650; x_wconf 83' lang='lat' dir='ltr'><strong>De-</strong></span> 
     </span>
    </p>
   </div>
   <div class='ocr_carea' id='block_1_81' title="bbox 2041 3684 3611 3754">
    <p class='ocr_par' dir='ltr' id='par_1_81' title="bbox 2041 3684 3611 3754">
     <span class='ocr_line' id='line_1_82' title="bbox 2041 3684 3611 3754; baseline -0.003 -15"><span class='ocrx_word' id='word_1_606' title='bbox 2041 3685 2356 3741; x_wconf 87' lang='lat' dir='ltr'><strong>mosthenes</strong></span> <span class='ocrx_word' id='word_1_607' title='bbox 2402 3700 2531 3740; x_wconf 83' lang='lat' dir='ltr'><strong>vero</strong></span> <span class='ocrx_word' id='word_1_608' title='bbox 2564 3686 2619 3739; x_wconf 90' lang='lat' dir='ltr'><strong>in</strong></span> <span class='ocrx_word' id='word_1_609' title='bbox 2650 3685 2896 3739; x_wconf 90' lang='lat' dir='ltr'><strong>oratione</strong></span> <span class='ocrx_word' id='word_1_610' title='bbox 2930 3684 3004 3738; x_wconf 79' lang='lat' dir='ltr'><strong>De</strong></span> <span class='ocrx_word' id='word_1_611' title='bbox 3030 3687 3273 3739; x_wconf 75' lang='lat' dir='ltr'><strong>ementita</strong></span> <span class='ocrx_word' id='word_1_612' title='bbox 3307 3684 3561 3754; x_wconf 74' lang='lat' dir='ltr'><strong>legatione</strong></span> <span class='ocrx_word' id='word_1_613' title='bbox 3578 3697 3611 3737; x_wconf 90' lang='lat'><strong><em>:.</em></strong></span> 
     </span>
    </p>
   </div>
   <div class='ocr_carea' id='block_1_82' title="bbox 2047 3774 3693 3847">
    <p class='ocr_par' dir='ltr' id='par_1_82' title="bbox 2047 3774 3693 3847">
     <span class='ocr_line' id='line_1_83' title="bbox 2047 3774 3693 3847; baseline 0.005 -19"><span class='ocrx_word' id='word_1_614' title='bbox 2047 3796 2063 3827; x_wconf 78' lang='grc' dir='ltr'><strong><em>ο</em></strong></span> <span class='ocrx_word' id='word_1_615' title='bbox 2084 3774 2899 3847; x_wconf 85' lang='lat' dir='ltr'><strong>.Pax(inquit)Elaphebolionis</strong></span> <span class='ocrx_word' id='word_1_616' title='bbox 2927 3774 3138 3831; x_wconf 91' lang='lat' dir='ltr'><strong>decimo</strong></span> <span class='ocrx_word' id='word_1_617' title='bbox 3152 3786 3304 3831; x_wconf 83' lang='lat' dir='ltr'><strong>sexto</strong></span> <span class='ocrx_word' id='word_1_618' title='bbox 3335 3776 3422 3832; x_wconf 85' lang='lat' dir='ltr'><strong>die</strong></span> <span class='ocrx_word' id='word_1_619' title='bbox 3455 3776 3598 3831; x_wconf 75' lang='lat' dir='ltr'><strong>facta</strong></span> <span class='ocrx_word' id='word_1_620' title='bbox 3688 3830 3693 3836; x_wconf 88' lang='lat'><strong><em>.</em></strong></span> 
     </span>
    </p>
   </div>
   <div class='ocr_carea' id='block_1_83' title="bbox 2041 3866 3598 3938">
    <p class='ocr_par' dir='ltr' id='par_1_83' title="bbox 2041 3866 3598 3938">
     <span class='ocr_line' id='line_1_84' title="bbox 2041 3866 3598 3938; baseline -0.003 -16"><span class='ocrx_word' id='word_1_621' title='bbox 2041 3875 2125 3922; x_wconf 89' lang='lat' dir='ltr'><strong>est</strong></span> <span class='ocrx_word' id='word_1_622' title='bbox 2155 3885 2169 3921; x_wconf 86' lang='lat'><strong>:</strong></span> <span class='ocrx_word' id='word_1_623' title='bbox 2203 3881 2365 3938; x_wconf 88' lang='lat' dir='ltr'><strong>porro</strong></span> <span class='ocrx_word' id='word_1_624' title='bbox 2397 3876 2505 3922; x_wconf 87' lang='lat' dir='ltr'><strong>tres</strong></span> <span class='ocrx_word' id='word_1_625' title='bbox 2551 3866 2792 3938; x_wconf 82' lang='lat' dir='ltr'><strong>integros</strong></span> <span class='ocrx_word' id='word_1_626' title='bbox 2834 3882 3050 3922; x_wconf 88' lang='lat' dir='ltr'><strong>menses</strong></span> <span class='ocrx_word' id='word_1_627' title='bbox 3103 3868 3169 3921; x_wconf 85' lang='lat' dir='ltr'><strong>ad</strong></span> <span class='ocrx_word' id='word_1_628' title='bbox 3212 3866 3598 3938; x_wconf 84' lang='lat' dir='ltr'><strong>jusjurandum</strong></span> 
     </span>
    </p>
   </div>
   <div class='ocr_carea' id='block_1_84' title="bbox 2044 3945 3600 4026">
    <p class='ocr_par' dir='ltr' id='par_1_84' title="bbox 2044 3945 3600 4026">
     <span class='ocr_line' id='line_1_85' title="bbox 2044 3945 3600 4026; baseline -0.003 -16"><span class='ocrx_word' id='word_1_629' title='bbox 2044 3957 2415 4026; x_wconf 87' lang='lat' dir='ltr'><strong>recipiendum</strong></span> <span class='ocrx_word' id='word_1_630' title='bbox 2450 3970 2677 4025; x_wconf 76' lang='lat' dir='ltr'><strong>peregre</strong></span> <span class='ocrx_word' id='word_1_631' title='bbox 2711 3955 3020 4020; x_wconf 80' lang='lat' dir='ltr'><strong>abfuimus,</strong></span> <span class='ocrx_word' id='word_1_632' title='bbox 3058 3955 3219 4024; x_wconf 91' lang='lat' dir='ltr'><strong>idque</strong></span> <span class='ocrx_word' id='word_1_633' title='bbox 3252 3945 3423 4008; x_wconf 79' lang='lat' dir='ltr'><strong>totum</strong></span> <span class='ocrx_word' id='word_1_634' title='bbox 3458 3962 3600 4007; x_wconf 76' lang='lat' dir='ltr'><strong>tem~</strong></span> 
     </span>
    </p>
   </div>
   <div class='ocr_carea' id='block_1_85' title="bbox 2044 4044 3601 4119">
    <p class='ocr_par' dir='ltr' id='par_1_85' title="bbox 2044 4044 3601 4119">
     <span class='ocr_line' id='line_1_86' title="bbox 2044 4044 3601 4119; baseline -0.003 -17"><span class='ocrx_word' id='word_1_635' title='bbox 2044 4064 2146 4119; x_wconf 88' lang='lat' dir='ltr'><strong>pus</strong></span> <span class='ocrx_word' id='word_1_636' title='bbox 2171 4049 2304 4104; x_wconf 83' lang='lat' dir='ltr'><strong>salvi</strong></span> <span class='ocrx_word' id='word_1_637' title='bbox 2336 4046 2486 4102; x_wconf 79' lang='lat' dir='ltr'><strong>fuere</strong></span> <span class='ocrx_word' id='word_1_638' title='bbox 2517 4046 2827 4103; x_wconf 89' lang='lat' dir='ltr'><strong>Phocenses</strong></span> <span class='ocrx_word' id='word_1_639' title='bbox 2854 4063 2868 4112; x_wconf 95' lang='lat'><strong>;</strong></span> <span class='ocrx_word' id='word_1_640' title='bbox 2901 4045 3267 4115; x_wconf 76' lang='lat' dir='ltr'><strong>rediimusque</strong></span> <span class='ocrx_word' id='word_1_641' title='bbox 3288 4045 3356 4100; x_wconf 85' lang='lat' dir='ltr'><strong>ab</strong></span> <span class='ocrx_word' id='word_1_642' title='bbox 3375 4059 3437 4100; x_wconf 79' lang='lat' dir='ltr'><strong>ea</strong></span> <span class='ocrx_word' id='word_1_643' title='bbox 3458 4044 3601 4114; x_wconf 81' lang='lat' dir='ltr'><strong>lega-</strong></span> 
     </span>
    </p>
   </div>
   <div class='ocr_carea' id='block_1_86' title="bbox 2046 4135 3602 4209">
    <p class='ocr_par' dir='ltr' id='par_1_86' title="bbox 2046 4135 3602 4209">
     <span class='ocr_line' id='line_1_87' title="bbox 2046 4135 3602 4209; baseline -0.003 -15"><span class='ocrx_word' id='word_1_644' title='bbox 2046 4141 2190 4194; x_wconf 89' lang='lat' dir='ltr'><strong>tione</strong></span> <span class='ocrx_word' id='word_1_645' title='bbox 2221 4139 2288 4195; x_wconf 86' lang='lat' dir='ltr'><strong>de</strong></span> <span class='ocrx_word' id='word_1_646' title='bbox 2314 4137 2705 4209; x_wconf 61' lang='lat' dir='ltr'><strong>jurejurando;</strong></span> <span class='ocrx_word' id='word_1_647' title='bbox 2737 4137 2949 4193; x_wconf 86' lang='lat' dir='ltr'><strong>decimo</strong></span> <span class='ocrx_word' id='word_1_648' title='bbox 2981 4138 3141 4193; x_wconf 89' lang='lat' dir='ltr'><strong>tertio</strong></span> <span class='ocrx_word' id='word_1_649' title='bbox 3178 4138 3267 4192; x_wconf 86' lang='lat' dir='ltr'><strong>die</strong></span> <span class='ocrx_word' id='word_1_650' title='bbox 3306 4135 3602 4207; x_wconf 85' lang='lat' dir='ltr'><strong>Sciropho-</strong></span> 
     </span>
    </p>
   </div>
   <div class='ocr_carea' id='block_1_87' title="bbox 2044 4226 3603 4297">
    <p class='ocr_par' dir='ltr' id='par_1_87' title="bbox 2044 4226 3603 4297">
     <span class='ocr_line' id='line_1_88' title="bbox 2044 4226 3603 4297; baseline -0.003 -12"><span class='ocrx_word' id='word_1_651' title='bbox 2044 4232 2236 4287; x_wconf 85' lang='lat' dir='ltr'><strong>rionis.</strong></span> <span class='ocrx_word' id='word_1_652' title='bbox 2285 4227 2322 4283; x_wconf 75' lang='grc' dir='ltr'><strong>ι’</strong></span> <span class='ocrx_word' id='word_1_653' title='bbox 2351 4230 2417 4284; x_wconf 88' lang='lat' dir='ltr'><strong>Et</strong></span> <span class='ocrx_word' id='word_1_654' title='bbox 2466 4229 2759 4286; x_wconf 63' lang='lat' dir='ltr'><strong>Eschines</strong></span> <span class='ocrx_word' id='word_1_655' title='bbox 2807 4244 2940 4285; x_wconf 82' lang='lat' dir='ltr'><strong>vero</strong></span> <span class='ocrx_word' id='word_1_656' title='bbox 2993 4229 3048 4284; x_wconf 91' lang='lat' dir='ltr'><strong>in</strong></span> <span class='ocrx_word' id='word_1_657' title='bbox 3100 4228 3406 4297; x_wconf 75' lang='lat' dir='ltr'><strong>Defensione</strong></span> <span class='ocrx_word' id='word_1_658' title='bbox 3453 4226 3603 4296; x_wconf 76' lang='lat' dir='ltr'><strong>falsa:</strong></span> 
     </span>
    </p>
   </div>
   <div class='ocr_carea' id='block_1_88' title="bbox 2047 4313 3601 4390">
    <p class='ocr_par' dir='ltr' id='par_1_88' title="bbox 2047 4313 3601 4390">
     <span class='ocr_line' id='line_1_89' title="bbox 2047 4313 3601 4390; baseline -0.003 -17"><span class='ocrx_word' id='word_1_659' title='bbox 2047 4320 2321 4390; x_wconf 77' lang='lat' dir='ltr'><strong>legationis</strong></span> <span class='ocrx_word' id='word_1_660' title='bbox 2345 4359 2362 4384; x_wconf 86' lang='lat'><strong>,</strong></span> <span class='ocrx_word' id='word_1_661' title='bbox 2411 4334 2535 4375; x_wconf 91' lang='lat' dir='ltr'><strong>cum</strong></span> <span class='ocrx_word' id='word_1_662' title='bbox 2567 4327 2692 4375; x_wconf 86' lang='lat' dir='ltr'><strong>ante</strong></span> <span class='ocrx_word' id='word_1_663' title='bbox 2724 4318 2949 4374; x_wconf 80' lang='lat' dir='ltr'><strong>dixisset</strong></span> <span class='ocrx_word' id='word_1_664' title='bbox 2970 4358 2985 4383; x_wconf 89' lang='lat'><strong>,</strong></span> <span class='ocrx_word' id='word_1_665' title='bbox 3018 4317 3303 4388; x_wconf 86' lang='lat' dir='ltr'><strong>epistolam</strong></span> <span class='ocrx_word' id='word_1_666' title='bbox 3337 4330 3434 4386; x_wconf 89' lang='lat' dir='ltr'><strong>per</strong></span> <span class='ocrx_word' id='word_1_667' title='bbox 3459 4313 3601 4370; x_wconf 83' lang='lat' dir='ltr'><strong>Cha—</strong></span> 
     </span>
    </p>
   </div>
   <div class='ocr_carea' id='block_1_89' title="bbox 2049 4406 3614 4482">
    <p class='ocr_par' dir='ltr' id='par_1_89' title="bbox 2049 4406 3614 4482">
     <span class='ocr_line' id='line_1_90' title="bbox 2049 4406 3614 4482; baseline -0.004 -14"><span class='ocrx_word' id='word_1_668' title='bbox 2049 4422 2214 4468; x_wconf 82' lang='lat' dir='ltr'><strong>retem</strong></span> <span class='ocrx_word' id='word_1_669' title='bbox 2245 4412 2503 4482; x_wconf 84' lang='lat' dir='ltr'><strong>scriptam</strong></span> <span class='ocrx_word' id='word_1_670' title='bbox 2530 4426 2651 4467; x_wconf 89' lang='lat' dir='ltr'><strong>esse</strong></span> <span class='ocrx_word' id='word_1_671' title='bbox 2676 4417 2832 4467; x_wconf 81' lang='lat' dir='ltr'><strong>sexto</strong></span> <span class='ocrx_word' id='word_1_672' title='bbox 2854 4411 2957 4467; x_wconf 89' lang='lat' dir='ltr'><strong>sub</strong></span> <span class='ocrx_word' id='word_1_673' title='bbox 2983 4410 3139 4464; x_wconf 82' lang='lat' dir='ltr'><strong>linem</strong></span> <span class='ocrx_word' id='word_1_674' title='bbox 3166 4406 3614 4478; x_wconf 82' lang='lat' dir='ltr'><strong>Elaphebolionis</strong></span> 
     </span>
    </p>
   </div>
   <div class='ocr_carea' id='block_1_90' title="bbox 322 4498 1937 4582">
    <p class='ocr_par' dir='ltr' id='par_1_90' title="bbox 322 4505 1921 4582">
     <span class='ocr_line' id='line_1_91' title="bbox 322 4505 1921 4582; baseline -0.005 -17"><span class='ocrx_word' id='word_1_675' title='bbox 322 4558 327 4565; x_wconf 93' lang='lat'><em>.</em></span> <span class='ocrx_word' id='word_1_676' title='bbox 385 4510 684 4582; x_wconf 78' lang='grc' dir='ltr'>φθίνοντος,</span> <span class='ocrx_word' id='word_1_677' title='bbox 722 4509 993 4580; x_wconf 80' lang='grc' dir='ltr'>ἐπήνεγκε</span> <span class='ocrx_word' id='word_1_678' title='bbox 1042 4507 1194 4560; x_wconf 70' lang='grc' dir='ltr'>τάδε’</span> <span class='ocrx_word' id='word_1_679' title='bbox 1238 4525 1257 4558; x_wconf 83' lang='grc' dir='ltr'>ι</span> <span class='ocrx_word' id='word_1_680' title='bbox 1299 4506 1582 4567; x_wconf 82' lang='grc' dir='ltr'><strong>Ἀκούετε,</strong></span> <span class='ocrx_word' id='word_1_681' title='bbox 1624 4506 1707 4559; x_wconf 80' lang='grc' dir='ltr'><strong>ὅτι</strong></span> <span class='ocrx_word' id='word_1_682' title='bbox 1738 4505 1921 4559; x_wconf 86' lang='grc' dir='ltr'>Μουνυ</span> 
     </span>
    </p>
   </div>
   <div class='ocr_carea' id='block_1_91' title="bbox 2039 4498 3605 4582">
    <p class='ocr_par' dir='ltr' id='par_1_91' title="bbox 2053 4498 3605 4571">
     <span class='ocr_line' id='line_1_92' title="bbox 2053 4498 3605 4571; baseline -0.005 -13"><span class='ocrx_word' id='word_1_683' title='bbox 2053 4503 2170 4568; x_wconf 89' lang='lat' dir='ltr'><strong>die,</strong></span> <span class='ocrx_word' id='word_1_684' title='bbox 2204 4504 2316 4558; x_wconf 65' lang='lat' dir='ltr'><strong>haec</strong></span> <span class='ocrx_word' id='word_1_685' title='bbox 2345 4504 2577 4559; x_wconf 85' lang='lat' dir='ltr'><strong>subinde</strong></span> <span class='ocrx_word' id='word_1_686' title='bbox 2608 4503 2787 4558; x_wconf 90' lang='lat' dir='ltr'><strong>intulit</strong></span> <span class='ocrx_word' id='word_1_687' title='bbox 2822 4521 2835 4557; x_wconf 91' lang='lat'><strong>:</strong></span> <span class='ocrx_word' id='word_1_688' title='bbox 2870 4521 2889 4555; x_wconf 81' lang='grc' dir='ltr'>ι</span> <span class='ocrx_word' id='word_1_689' title='bbox 2917 4500 3133 4556; x_wconf 79' lang='lat' dir='ltr'><strong>Auditis</strong></span> <span class='ocrx_word' id='word_1_690' title='bbox 3161 4498 3419 4571; x_wconf 89' lang='lat' dir='ltr'><strong>(inquit)</strong></span> <span class='ocrx_word' id='word_1_691' title='bbox 3450 4512 3605 4568; x_wconf 73' lang='lat' dir='ltr'><strong>roga-</strong></span> 
     </span>
    </p>
   </div>
   <div class='ocr_carea' id='block_1_92' title="bbox 384 4596 1945 4674">
    <p class='ocr_par' dir='ltr' id='par_1_92' title="bbox 384 4596 1945 4674">
     <span class='ocr_line' id='line_1_93' title="bbox 384 4596 1945 4674; baseline -0.005 -16"><span class='ocrx_word' id='word_1_692' title='bbox 384 4602 582 4674; x_wconf 80' lang='grc' dir='ltr'>χιῶνος</span> <span class='ocrx_word' id='word_1_693' title='bbox 623 4599 893 4671; x_wconf 72' lang='grc' dir='ltr'>ἐψηφίσθη</span> <span class='ocrx_word' id='word_1_694' title='bbox 929 4599 1085 4670; x_wconf 73' lang='grc' dir='ltr'>τρίτη</span> <span class='ocrx_word' id='word_1_695' title='bbox 1130 4597 1447 4669; x_wconf 77' lang='grc' dir='ltr'>ἱσταμένου·</span> <span class='ocrx_word' id='word_1_696' title='bbox 1488 4599 1516 4650; x_wconf 84' lang='grc' dir='ltr'>ὁ</span> <span class='ocrx_word' id='word_1_697' title='bbox 1554 4596 1610 4649; x_wconf 82' lang='grc' dir='ltr'>δὲ</span> <span class='ocrx_word' id='word_1_698' title='bbox 1644 4596 1945 4668; x_wconf 84' lang='grc' dir='ltr'>Κερσοκλέ-</span> 
     </span>
    </p>
   </div>
   <div class='ocr_carea' id='block_1_93' title="bbox 386 4688 1947 4765">
    <p class='ocr_par' dir='ltr' id='par_1_93' title="bbox 386 4688 1947 4765">
     <span class='ocr_line' id='line_1_94' title="bbox 386 4688 1947 4765; baseline -0.003 -18"><span class='ocrx_word' id='word_1_699' title='bbox 386 4709 533 4765; x_wconf 73' lang='grc' dir='ltr'>ττης</span> <span class='ocrx_word' id='word_1_700' title='bbox 563 4694 755 4757; x_wconf 81' lang='grc' dir='ltr'>πόσαις</span> <span class='ocrx_word' id='word_1_701' title='bbox 786 4692 1049 4763; x_wconf 84' lang='grc' dir='ltr'>πρότερον</span> <span class='ocrx_word' id='word_1_702' title='bbox 1092 4691 1325 4762; x_wconf 80' lang='grc' dir='ltr'>ἡμέραις</span> <span class='ocrx_word' id='word_1_703' title='bbox 1356 4689 1607 4743; x_wconf 78' lang='grc' dir='ltr'>ἀπώλεσε</span> <span class='ocrx_word' id='word_1_704' title='bbox 1656 4690 1756 4762; x_wconf 78' lang='grc' dir='ltr'>τὴν</span> <span class='ocrx_word' id='word_1_705' title='bbox 1803 4688 1947 4761; x_wconf 68' lang='grc' dir='ltr'><strong>Θρᾲυ</strong></span> 
     </span>
    </p>
   </div>
   <div class='ocr_carea' id='block_1_94' title="bbox 387 4769 1945 4858">
    <p class='ocr_par' dir='ltr' id='par_1_94' title="bbox 387 4769 1945 4858">
     <span class='ocr_line' id='line_1_95' title="bbox 387 4769 1945 4858; baseline -0.005 -19"><span class='ocrx_word' id='word_1_706' title='bbox 387 4801 515 4858; x_wconf 80' lang='grc' dir='ltr'>κην,</span> <span class='ocrx_word' id='word_1_707' title='bbox 547 4785 674 4856; x_wconf 70' lang='grc' dir='ltr'>πρὶν</span> <span class='ocrx_word' id='word_1_708' title='bbox 718 4785 817 4855; x_wconf 80' lang='grc' dir='ltr'><strong>ἐμὲ</strong></span> <span class='ocrx_word' id='word_1_709' title='bbox 845 4769 1094 4846; x_wconf 74' lang='grc' dir='ltr'>ἀπιέναις</span> <span class='ocrx_word' id='word_1_710' title='bbox 1125 4780 1201 4844; x_wconf 88' lang='grc' dir='ltr'><strong>ῶς</strong></span> <span class='ocrx_word' id='word_1_711' title='bbox 1246 4796 1378 4851; x_wconf 82' lang='grc' dir='ltr'>φησι</span> <span class='ocrx_word' id='word_1_712' title='bbox 1413 4780 1600 4850; x_wconf 83' lang='grc' dir='ltr'>Χάρης</span> <span class='ocrx_word' id='word_1_713' title='bbox 1628 4780 1945 4851; x_wconf 77' lang='grc' dir='ltr'>στρατηγὸς,</span> 
     </span>
    </p>
   </div>
   <div class='ocr_carea' id='block_1_95' title="bbox 390 4871 1950 4948">
    <p class='ocr_par' dir='ltr' id='par_1_95' title="bbox 390 4871 1950 4948">
     <span class='ocr_line' id='line_1_96' title="bbox 390 4871 1950 4948; baseline -0.012 -15"><span class='ocrx_word' id='word_1_714' title='bbox 390 4880 488 4933; x_wconf 76' lang='grc' dir='ltr'>καὶ</span> <span class='ocrx_word' id='word_1_715' title='bbox 538 4878 826 4948; x_wconf 76' lang='grc' dir='ltr'>ἐπιστολὴ,</span> <span class='ocrx_word' id='word_1_716' title='bbox 851 4874 945 4929; x_wconf 75' lang='grc' dir='ltr'>τοῦ</span> <span class='ocrx_word' id='word_1_717' title='bbox 981 4874 1244 4946; x_wconf 83' lang='grc' dir='ltr'>προτέρου</span> <span class='ocrx_word' id='word_1_718' title='bbox 1282 4872 1479 4943; x_wconf 85' lang='grc' dir='ltr'>μηνός·</span> <span class='ocrx_word' id='word_1_719' title='bbox 1524 4871 1680 4945; x_wconf 76' lang='grc' dir='ltr'>εἴπερ</span> <span class='ocrx_word' id='word_1_720' title='bbox 1722 4872 1950 4945; x_wconf 70' lang='grc' dir='ltr'>Ἐλαφη-</span> 
     </span>
    </p>
   </div>
   <div class='ocr_carea' id='block_1_96' title="bbox 391 4966 1497 5040">
    <p class='ocr_par' dir='ltr' id='par_1_96' title="bbox 391 4966 1497 5040">
     <span class='ocr_line' id='line_1_97' title="bbox 391 4966 1497 5040; baseline -0.009 -13"><span class='ocrx_word' id='word_1_721' title='bbox 391 4971 584 5027; x_wconf 78' lang='grc' dir='ltr'>ϐολιὼν</span> <span class='ocrx_word' id='word_1_722' title='bbox 611 4974 725 5025; x_wconf 77' lang='grc' dir='ltr'>ἐστι</span> <span class='ocrx_word' id='word_1_723' title='bbox 755 4967 1134 5040; x_wconf 86' lang='grc' dir='ltr'>Μουνυχιῶνος</span> <span class='ocrx_word' id='word_1_724' title='bbox 1166 4966 1444 5038; x_wconf 83' lang='grc' dir='ltr'>πρότερος.</span> <span class='ocrx_word' id='word_1_725' title='bbox 1480 4985 1497 5017; x_wconf 74' lang='grc' dir='ltr'>ι</span> 
     </span>
    </p>
   </div>
   <div class='ocr_carea' id='block_1_97' title="bbox 511 5098 1830 5175">
    <p class='ocr_par' dir='ltr' id='par_1_97' title="bbox 511 5098 1830 5175">
     <span class='ocr_line' id='line_1_98' title="bbox 511 5098 1830 5175; baseline -0.005 -15"><span class='ocrx_word' id='word_1_726' title='bbox 511 5110 632 5161; x_wconf 83' lang='grc' dir='ltr'><strong>Ὅτι</strong></span> <span class='ocrx_word' id='word_1_727' title='bbox 659 5106 788 5175; x_wconf 77' lang='grc' dir='ltr'>περὶ</span> <span class='ocrx_word' id='word_1_728' title='bbox 820 5099 1211 5174; x_wconf 76' lang='grc' dir='ltr'>Μουνυχιῶνα</span> <span class='ocrx_word' id='word_1_729' title='bbox 1238 5102 1276 5169; x_wconf 76' lang='grc' dir='ltr'>ἡ</span> <span class='ocrx_word' id='word_1_730' title='bbox 1308 5098 1513 5168; x_wconf 76' lang='grc' dir='ltr'>ἐαρινὴ</span> <span class='ocrx_word' id='word_1_731' title='bbox 1541 5099 1830 5169; x_wconf 75' lang='grc' dir='ltr'>ίσημερία.</span> 
     </span>
    </p>
   </div>
   <div class='ocr_carea' id='block_1_98' title="bbox 463 5239 1954 5319">
    <p class='ocr_par' dir='ltr' id='par_1_98' title="bbox 463 5239 1954 5319">
     <span class='ocr_line' id='line_1_99' title="bbox 463 5239 1954 5319; baseline -0.006 -17"><span class='ocrx_word' id='word_1_732' title='bbox 463 5252 535 5302; x_wconf 90' lang='grc' dir='ltr'><strong>Δ’.</strong></span> <span class='ocrx_word' id='word_1_733' title='bbox 573 5247 738 5319; x_wconf 78' lang='grc' dir='ltr'>Δῆλον</span> <span class='ocrx_word' id='word_1_734' title='bbox 769 5245 825 5300; x_wconf 81' lang='grc' dir='ltr'>δὲ</span> <span class='ocrx_word' id='word_1_735' title='bbox 851 5244 992 5300; x_wconf 73' lang='grc' dir='ltr'>τοῦτ’</span> <span class='ocrx_word' id='word_1_736' title='bbox 1026 5244 1155 5296; x_wconf 74' lang='grc' dir='ltr'>αὐτὸ</span> <span class='ocrx_word' id='word_1_737' title='bbox 1182 5242 1275 5295; x_wconf 73' lang='grc' dir='ltr'><strong>καὶ</strong></span> <span class='ocrx_word' id='word_1_738' title='bbox 1307 5241 1371 5295; x_wconf 76' lang='grc' dir='ltr'><strong>ἐκ</strong></span> <span class='ocrx_word' id='word_1_739' title='bbox 1394 5239 1488 5294; x_wconf 78' lang='grc' dir='ltr'>τοῦ</span> <span class='ocrx_word' id='word_1_740' title='bbox 1515 5240 1624 5294; x_wconf 84' lang='grc' dir='ltr'>δεῖν</span> <span class='ocrx_word' id='word_1_741' title='bbox 1657 5241 1800 5311; x_wconf 85' lang='grc' dir='ltr'>μῆνα</span> <span class='ocrx_word' id='word_1_742' title='bbox 1832 5258 1954 5294; x_wconf 70' lang='grc' dir='ltr'>συν-</span> 
     </span>
    </p>
   </div>
   <div class='ocr_carea' id='block_1_99' title="bbox 392 5332 1953 5413">
    <p class='ocr_par' dir='ltr' id='par_1_99' title="bbox 392 5332 1953 5413">
     <span class='ocr_line' id='line_1_100' title="bbox 392 5332 1953 5413; baseline -0.006 -17"><span class='ocrx_word' id='word_1_743' title='bbox 392 5343 493 5413; x_wconf 85' lang='grc' dir='ltr'><strong>εχῆ</strong></span> <span class='ocrx_word' id='word_1_744' title='bbox 518 5337 676 5400; x_wconf 77' lang='grc' dir='ltr'>εἶναι,</span> <span class='ocrx_word' id='word_1_745' title='bbox 705 5339 831 5410; x_wconf 72' lang='grc' dir='ltr'>περὶ</span> <span class='ocrx_word' id='word_1_746' title='bbox 855 5337 913 5390; x_wconf 83' lang='grc' dir='ltr'><strong>δν</strong></span> <span class='ocrx_word' id='word_1_747' title='bbox 939 5334 1194 5406; x_wconf 83' lang='grc' dir='ltr'>ίσημερία</span> <span class='ocrx_word' id='word_1_748' title='bbox 1217 5334 1425 5406; x_wconf 83' lang='grc' dir='ltr'><strong>ὲαρινή.</strong></span> <span class='ocrx_word' id='word_1_749' title='bbox 1444 5333 1579 5403; x_wconf 73' lang='grc' dir='ltr'>Περὶ</span> <span class='ocrx_word' id='word_1_750' title='bbox 1599 5332 1953 5403; x_wconf 85' lang='grc' dir='ltr'>Μουνυχιῶνα</span> 
     </span>
    </p>
   </div>
   <div class='ocr_carea' id='block_1_100' title="bbox 390 5423 1951 5504">
    <p class='ocr_par' dir='ltr' id='par_1_100' title="bbox 390 5423 1951 5504">
     <span class='ocr_line' id='line_1_101' title="bbox 390 5423 1951 5504; baseline -0.006 -17"><span class='ocrx_word' id='word_1_751' title='bbox 390 5434 451 5488; x_wconf 75' lang='grc' dir='ltr'>δὲ</span> <span class='ocrx_word' id='word_1_752' title='bbox 479 5433 635 5504; x_wconf 72' lang='grc' dir='ltr'>αὕτη.</span> <span class='ocrx_word' id='word_1_753' title='bbox 654 5431 995 5501; x_wconf 73' lang='grc' dir='ltr'>Θεόφραστος</span> <span class='ocrx_word' id='word_1_754' title='bbox 1014 5426 1122 5496; x_wconf 77' lang='grc' dir='ltr'><strong>γὰρ</strong></span> <span class='ocrx_word' id='word_1_755' title='bbox 1154 5428 1211 5478; x_wconf 80' lang='grc' dir='ltr'><strong>ὲν</strong></span> <span class='ocrx_word' id='word_1_756' title='bbox 1240 5427 1353 5488; x_wconf 82' lang='grc' dir='ltr'>τοῖς</span> <span class='ocrx_word' id='word_1_757' title='bbox 1380 5426 1563 5488; x_wconf 86' lang='grc' dir='ltr'>αὐτοῖς</span> <span class='ocrx_word' id='word_1_758' title='bbox 1589 5424 1714 5495; x_wconf 74' lang='grc' dir='ltr'>περὶ</span> <span class='ocrx_word' id='word_1_759' title='bbox 1735 5423 1951 5495; x_wconf 77' lang='grc' dir='ltr'>ἀροτοῦ,</span> 
     </span>
    </p>
   </div>
   <div class='ocr_carea' id='block_1_101' title="bbox 393 5513 1950 5594">
    <p class='ocr_par' dir='ltr' id='par_1_101' title="bbox 393 5513 1950 5594">
     <span class='ocr_line' id='line_1_102' title="bbox 393 5513 1950 5594; baseline -0.006 -14"><span class='ocrx_word' id='word_1_760' title='bbox 393 5525 583 5594; x_wconf 85' lang='grc' dir='ltr'>ῶσπερ</span> <span class='ocrx_word' id='word_1_761' title='bbox 607 5523 714 5577; x_wconf 75' lang='grc' dir='ltr'><strong>άπὸ</strong></span> <span class='ocrx_word' id='word_1_762' title='bbox 735 5518 949 5592; x_wconf 83' lang='grc' dir='ltr'>τροπῶν</span> <span class='ocrx_word' id='word_1_763' title='bbox 981 5513 1116 5572; x_wconf 72' lang='grc' dir='ltr'>εἶναί</span> <span class='ocrx_word' id='word_1_764' title='bbox 1138 5534 1269 5588; x_wconf 77' lang='grc' dir='ltr'>φησι</span> <span class='ocrx_word' id='word_1_765' title='bbox 1287 5517 1384 5588; x_wconf 84' lang='grc' dir='ltr'><strong>τὴν</strong></span> <span class='ocrx_word' id='word_1_766' title='bbox 1409 5517 1583 5588; x_wconf 84' lang='grc' dir='ltr'>ἀρχὴν</span> <span class='ocrx_word' id='word_1_767' title='bbox 1601 5514 1693 5569; x_wconf 74' lang='grc' dir='ltr'>τοῦ</span> <span class='ocrx_word' id='word_1_768' title='bbox 1716 5516 1950 5588; x_wconf 84' lang='grc' dir='ltr'>πρώτου,</span> 
     </span>
    </p>
   </div>
   <div class='ocr_carea' id='block_1_102' title="bbox 395 5606 1955 5685">
    <p class='ocr_par' dir='ltr' id='par_1_102' title="bbox 395 5606 1955 5685">
     <span class='ocr_line' id='line_1_103' title="bbox 395 5606 1955 5685; baseline -0.004 -16"><span class='ocrx_word' id='word_1_769' title='bbox 395 5616 488 5670; x_wconf 72' lang='grc' dir='ltr'><strong>καὶ</strong></span> <span class='ocrx_word' id='word_1_770' title='bbox 514 5614 765 5685; x_wconf 85' lang='grc' dir='ltr'>δευτέρου</span> <span class='ocrx_word' id='word_1_771' title='bbox 798 5611 905 5665; x_wconf 89' lang='grc' dir='ltr'><strong>τῶν</strong></span> <span class='ocrx_word' id='word_1_772' title='bbox 924 5608 1151 5683; x_wconf 79' lang='grc' dir='ltr'>ἀροτῶν,</span> <span class='ocrx_word' id='word_1_773' title='bbox 1174 5608 1247 5672; x_wconf 81' lang='grc' dir='ltr'>ὡς</span> <span class='ocrx_word' id='word_1_774' title='bbox 1275 5606 1367 5660; x_wconf 66' lang='grc' dir='ltr'>καὶ</span> <span class='ocrx_word' id='word_1_775' title='bbox 1390 5608 1488 5680; x_wconf 80' lang='grc' dir='ltr'>τὴν</span> <span class='ocrx_word' id='word_1_776' title='bbox 1515 5607 1610 5662; x_wconf 74' lang='grc' dir='ltr'><strong>τοῦ</strong></span> <span class='ocrx_word' id='word_1_777' title='bbox 1640 5607 1820 5680; x_wconf 84' lang='grc' dir='ltr'>τρίτου</span> <span class='ocrx_word' id='word_1_778' title='bbox 1848 5609 1955 5662; x_wconf 80' lang='grc' dir='ltr'><strong>ἀπὸ</strong></span> 
     </span>
    </p>
   </div>
   <div class='ocr_carea' id='block_1_103' title="bbox 398 5698 1952 5780">
    <p class='ocr_par' dir='ltr' id='par_1_103' title="bbox 398 5698 1952 5780">
     <span class='ocr_line' id='line_1_104' title="bbox 398 5698 1952 5780; baseline -0.007 -17"><span class='ocrx_word' id='word_1_779' title='bbox 398 5707 689 5780; x_wconf 73' lang='grc' dir='ltr'>ἰσημερίας</span> <span class='ocrx_word' id='word_1_780' title='bbox 722 5704 942 5778; x_wconf 81' lang='grc' dir='ltr'>ἐαρινῆς</span> <span class='ocrx_word' id='word_1_781' title='bbox 971 5698 1109 5758; x_wconf 77' lang='grc' dir='ltr'>εἶναι</span> <span class='ocrx_word' id='word_1_782' title='bbox 1145 5699 1548 5769; x_wconf 71' lang='grc' dir='ltr'>ἐνδεικνύμενος</span> <span class='ocrx_word' id='word_1_783' title='bbox 1568 5719 1581 5731; x_wconf 78' lang='lat'><strong>-</strong></span> <span class='ocrx_word' id='word_1_784' title='bbox 1612 5719 1631 5751; x_wconf 80' lang='grc' dir='ltr'>ι</span> <span class='ocrx_word' id='word_1_785' title='bbox 1667 5700 1831 5773; x_wconf 74' lang='grc' dir='ltr'>Ἀρχὴ</span> <span class='ocrx_word' id='word_1_786' title='bbox 1860 5698 1952 5753; x_wconf 66' lang='grc' dir='ltr'>τῢῦ</span> 
     </span>
    </p>
   </div>
   <div class='ocr_carea' id='block_1_104' title="bbox 396 5790 1951 5862">
    <p class='ocr_par' dir='ltr' id='par_1_104' title="bbox 396 5790 1951 5862">
     <span class='ocr_line' id='line_1_105' title="bbox 396 5790 1951 5862; baseline -0.007 -6"><span class='ocrx_word' id='word_1_787' title='bbox 396 5799 602 5859; x_wconf 75' lang='grc' dir='ltr'>τοίτου,</span> <span class='ocrx_word' id='word_1_788' title='bbox 636 5818 653 5850; x_wconf 73' lang='grc' dir='ltr'>ι</span> <span class='ocrx_word' id='word_1_789' title='bbox 688 5799 872 5862; x_wconf 62' lang='grc' dir='ltr'>φησιν,</span> <span class='ocrx_word' id='word_1_790' title='bbox 908 5815 925 5848; x_wconf 84' lang='grc' dir='ltr'>ι</span> <span class='ocrx_word' id='word_1_791' title='bbox 945 5796 1003 5850; x_wconf 82' lang='grc' dir='ltr'><strong>δν</strong></span> <span class='ocrx_word' id='word_1_792' title='bbox 1031 5792 1248 5851; x_wconf 77' lang='grc' dir='ltr'>καλοῦσι</span> <span class='ocrx_word' id='word_1_793' title='bbox 1275 5790 1505 5859; x_wconf 69' lang='grc' dir='ltr'>θερινὸν,</span> <span class='ocrx_word' id='word_1_794' title='bbox 1544 5793 1917 5861; x_wconf 66' lang='grc' dir='ltr'>Μουνυχιῶνος</span> <span class='ocrx_word' id='word_1_795' title='bbox 1939 5809 1951 5823; x_wconf 69' lang='grc' dir='ltr'>σ</span> 
     </span>
    </p>
   </div>
   <div class='ocr_carea' id='block_1_105' title="bbox 2052 4590 3606 4667">
    <p class='ocr_par' dir='ltr' id='par_1_105' title="bbox 2052 4590 3606 4667">
     <span class='ocr_line' id='line_1_106' title="bbox 2052 4590 3606 4667; baseline -0.004 -17"><span class='ocrx_word' id='word_1_796' title='bbox 2052 4597 2252 4652; x_wconf 85' lang='lat' dir='ltr'><strong>tionem</strong></span> <span class='ocrx_word' id='word_1_797' title='bbox 2285 4596 2338 4650; x_wconf 92' lang='lat' dir='ltr'><strong>in</strong></span> <span class='ocrx_word' id='word_1_798' title='bbox 2369 4596 2569 4667; x_wconf 79' lang='lat' dir='ltr'><strong>popuio</strong></span> <span class='ocrx_word' id='word_1_799' title='bbox 2602 4596 2795 4651; x_wconf 79' lang='lat' dir='ltr'><strong>scitam</strong></span> <span class='ocrx_word' id='word_1_800' title='bbox 2829 4593 2999 4649; x_wconf 78' lang='lat' dir='ltr'><strong>fuisse</strong></span> <span class='ocrx_word' id='word_1_801' title='bbox 3028 4592 3189 4648; x_wconf 84' lang='lat' dir='ltr'><strong>tertio</strong></span> <span class='ocrx_word' id='word_1_802' title='bbox 3228 4590 3606 4660; x_wconf 77' lang='lat' dir='ltr'><strong>Munychionis</strong></span> 
     </span>
    </p>
   </div>
   <div class='ocr_carea' id='block_1_106' title="bbox 2050 4679 3608 4758">
    <p class='ocr_par' dir='ltr' id='par_1_106' title="bbox 2050 4679 3608 4758">
     <span class='ocr_line' id='line_1_107' title="bbox 2050 4679 3608 4758; baseline -0.006 -16"><span class='ocrx_word' id='word_1_803' title='bbox 2050 4687 2175 4744; x_wconf 88' lang='lat' dir='ltr'><strong>die:</strong></span> <span class='ocrx_word' id='word_1_804' title='bbox 2207 4704 2393 4744; x_wconf 69' lang='lat' dir='ltr'><strong>verum</strong></span> <span class='ocrx_word' id='word_1_805' title='bbox 2426 4696 2569 4757; x_wconf 76' lang='lat' dir='ltr'><strong>quot</strong></span> <span class='ocrx_word' id='word_1_806' title='bbox 2587 4687 2737 4758; x_wconf 91' lang='lat' dir='ltr'><strong>prius</strong></span> <span class='ocrx_word' id='word_1_807' title='bbox 2776 4686 2970 4742; x_wconf 89' lang='lat' dir='ltr'><strong>diebus</strong></span> <span class='ocrx_word' id='word_1_808' title='bbox 3012 4683 3388 4754; x_wconf 82' lang='lat' dir='ltr'><strong>Cersocleptes</strong></span> <span class='ocrx_word' id='word_1_809' title='bbox 3432 4679 3608 4735; x_wconf 83' lang='lat' dir='ltr'><strong>Thra-</strong></span> 
     </span>
    </p>
   </div>
   <div class='ocr_carea' id='block_1_107' title="bbox 2050 4771 3607 4849">
    <p class='ocr_par' dir='ltr' id='par_1_107' title="bbox 2050 4771 3607 4849">
     <span class='ocr_line' id='line_1_108' title="bbox 2050 4771 3607 4849; baseline -0.005 -14"><span class='ocrx_word' id='word_1_810' title='bbox 2050 4781 2189 4835; x_wconf 90' lang='lat' dir='ltr'><strong>ciam</strong></span> <span class='ocrx_word' id='word_1_811' title='bbox 2223 4780 2433 4845; x_wconf 78' lang='lat' dir='ltr'><strong>amisit,</strong></span> <span class='ocrx_word' id='word_1_812' title='bbox 2464 4793 2625 4849; x_wconf 88' lang='lat' dir='ltr'><strong>quam</strong></span> <span class='ocrx_word' id='word_1_813' title='bbox 2655 4779 2770 4848; x_wconf 85' lang='lat' dir='ltr'><strong>ipse</strong></span> <span class='ocrx_word' id='word_1_814' title='bbox 2794 4778 3031 4841; x_wconf 86' lang='lat' dir='ltr'><strong>abirem,</strong></span> <span class='ocrx_word' id='word_1_815' title='bbox 3056 4782 3117 4830; x_wconf 93' lang='lat' dir='ltr'><strong>ut</strong></span> <span class='ocrx_word' id='word_1_816' title='bbox 3146 4782 3377 4831; x_wconf 86' lang='lat' dir='ltr'><strong>testatur</strong></span> <span class='ocrx_word' id='word_1_817' title='bbox 3401 4771 3607 4828; x_wconf 84' lang='lat' dir='ltr'><strong>Chares</strong></span> 
     </span>
    </p>
   </div>
   <div class='ocr_carea' id='block_1_108' title="bbox 2052 4865 3603 4941">
    <p class='ocr_par' dir='ltr' id='par_1_108' title="bbox 2052 4865 3603 4941">
     <span class='ocr_line' id='line_1_109' title="bbox 2052 4865 3603 4941; baseline -0.005 -16"><span class='ocrx_word' id='word_1_818' title='bbox 2052 4872 2371 4941; x_wconf 85' lang='lat' dir='ltr'><strong>imperator,</strong></span> <span class='ocrx_word' id='word_1_819' title='bbox 2402 4881 2454 4925; x_wconf 91' lang='lat' dir='ltr'><strong>et</strong></span> <span class='ocrx_word' id='word_1_820' title='bbox 2484 4870 2748 4938; x_wconf 86' lang='lat' dir='ltr'><strong>epistola,</strong></span> <span class='ocrx_word' id='word_1_821' title='bbox 2802 4868 3071 4939; x_wconf 84' lang='lat' dir='ltr'><strong>superiori</strong></span> <span class='ocrx_word' id='word_1_822' title='bbox 3124 4881 3309 4922; x_wconf 83' lang='lat' dir='ltr'><strong>mense</strong></span> <span class='ocrx_word' id='word_1_823' title='bbox 3354 4865 3603 4936; x_wconf 80' lang='lat' dir='ltr'><strong>epistola.</strong></span> 
     </span>
    </p>
   </div>
   <div class='ocr_carea' id='block_1_109' title="bbox 2050 4959 3429 5034">
    <p class='ocr_par' dir='ltr' id='par_1_109' title="bbox 2050 4959 3429 5034">
     <span class='ocr_line' id='line_1_110' title="bbox 2050 4959 3429 5034; baseline -0.007 -15"><span class='ocrx_word' id='word_1_824' title='bbox 2050 4963 2187 5019; x_wconf 81' lang='lat' dir='ltr'><strong>Nam</strong></span> <span class='ocrx_word' id='word_1_825' title='bbox 2220 4971 2371 5020; x_wconf 84' lang='lat' dir='ltr'><strong>certe</strong></span> <span class='ocrx_word' id='word_1_826' title='bbox 2397 4962 2788 5034; x_wconf 82' lang='lat' dir='ltr'><strong>Elaphebolion</strong></span> <span class='ocrx_word' id='word_1_827' title='bbox 2816 4960 3179 5033; x_wconf 80' lang='lat' dir='ltr'><strong>Munychione</strong></span> <span class='ocrx_word' id='word_1_828' title='bbox 3209 4959 3375 5030; x_wconf 86' lang='lat' dir='ltr'><strong>prior.</strong></span> <span class='ocrx_word' id='word_1_829' title='bbox 3411 4977 3429 5010; x_wconf 75' lang='grc' dir='ltr'>ι</span> 
     </span>
    </p>
   </div>
   <div class='ocr_carea' id='block_1_110' title="bbox 2029 5096 3608 5171">
    <p class='ocr_par' dir='ltr' id='par_1_110' title="bbox 2029 5096 3608 5171">
     <span class='ocr_line' id='line_1_111' title="bbox 2029 5096 3608 5171; baseline -0.008 -14"><span class='ocrx_word' id='word_1_830' title='bbox 2029 5100 2210 5171; x_wconf 78' lang='grc' dir='ltr'>Ὠιιοά</span> <span class='ocrx_word' id='word_1_831' title='bbox 2250 5102 2393 5156; x_wconf 79' lang='lat' dir='ltr'><strong>circa</strong></span> <span class='ocrx_word' id='word_1_832' title='bbox 2430 5098 2831 5171; x_wconf 81' lang='lat' dir='ltr'><strong>Munychionem</strong></span> <span class='ocrx_word' id='word_1_833' title='bbox 2866 5098 2936 5153; x_wconf 82' lang='lat' dir='ltr'><strong>sit</strong></span> <span class='ocrx_word' id='word_1_834' title='bbox 2976 5113 3185 5152; x_wconf 79' lang='lat' dir='ltr'><strong>vernum</strong></span> <span class='ocrx_word' id='word_1_835' title='bbox 3219 5096 3608 5167; x_wconf 77' lang='lat' dir='ltr'><strong>a&#39;qut&#39;noclium.</strong></span> 
     </span>
    </p>
   </div>
   <div class='ocr_carea' id='block_1_111' title="bbox 2044 5230 3612 5305">
    <p class='ocr_par' dir='ltr' id='par_1_111' title="bbox 2044 5230 3612 5305">
     <span class='ocr_line' id='line_1_112' title="bbox 2044 5230 3612 5305; baseline -0.008 -11"><span class='ocrx_word' id='word_1_836' title='bbox 2044 5238 2047 5245; x_wconf 49' lang='lat'><strong>’</strong></span> <span class='ocrx_word' id='word_1_837' title='bbox 2127 5237 2214 5293; x_wconf 69' lang='lat' dir='ltr'><strong>IV.</strong></span> <span class='ocrx_word' id='word_1_838' title='bbox 2254 5235 2372 5292; x_wconf 80' lang='lat' dir='ltr'><strong>J&#39;am</strong></span> <span class='ocrx_word' id='word_1_839' title='bbox 2408 5251 2538 5291; x_wconf 81' lang='lat' dir='ltr'><strong>vero</strong></span> <span class='ocrx_word' id='word_1_840' title='bbox 2573 5235 2624 5289; x_wconf 82' lang='lat' dir='ltr'><strong>id</strong></span> <span class='ocrx_word' id='word_1_841' title='bbox 2659 5236 2834 5305; x_wconf 88' lang='lat' dir='ltr'><strong>ipsum</strong></span> <span class='ocrx_word' id='word_1_842' title='bbox 2864 5241 3080 5290; x_wconf 82' lang='lat' dir='ltr'><strong>constat</strong></span> <span class='ocrx_word' id='word_1_843' title='bbox 3105 5249 3173 5288; x_wconf 77' lang='lat' dir='ltr'><strong>ex</strong></span> <span class='ocrx_word' id='word_1_844' title='bbox 3198 5248 3264 5287; x_wconf 89' lang='lat' dir='ltr'><strong>eo</strong></span> <span class='ocrx_word' id='word_1_845' title='bbox 3299 5230 3445 5303; x_wconf 89' lang='lat' dir='ltr'><strong>quod</strong></span> <span class='ocrx_word' id='word_1_846' title='bbox 3486 5230 3612 5284; x_wconf 78' lang='lat' dir='ltr'><strong>Ela-</strong></span> 
     </span>
    </p>
   </div>
   <div class='ocr_carea' id='block_1_112' title="bbox 2057 5329 3611 5401">
    <p class='ocr_par' dir='ltr' id='par_1_112' title="bbox 2057 5329 3611 5401">
     <span class='ocr_line' id='line_1_113' title="bbox 2057 5329 3611 5401; baseline -0.006 -16"><span class='ocrx_word' id='word_1_847' title='bbox 2057 5329 2364 5401; x_wconf 85' lang='lat' dir='ltr'><strong>pheboiioni</strong></span> <span class='ocrx_word' id='word_1_848' title='bbox 2399 5343 2520 5383; x_wconf 85' lang='lat' dir='ltr'><strong>eum</strong></span> <span class='ocrx_word' id='word_1_849' title='bbox 2555 5341 2793 5383; x_wconf 88' lang='lat' dir='ltr'><strong>mensem</strong></span> <span class='ocrx_word' id='word_1_850' title='bbox 2823 5330 3146 5381; x_wconf 89' lang='lat' dir='ltr'><strong>continuum</strong></span> <span class='ocrx_word' id='word_1_851' title='bbox 3172 5340 3296 5381; x_wconf 88' lang='lat' dir='ltr'><strong>esse</strong></span> <span class='ocrx_word' id='word_1_852' title='bbox 3327 5331 3611 5395; x_wconf 83' lang='lat' dir='ltr'><strong>oporteat,</strong></span> 
     </span>
    </p>
   </div>
   <div class='ocr_carea' id='block_1_113' title="bbox 2055 5414 3614 5489">
    <p class='ocr_par' dir='ltr' id='par_1_113' title="bbox 2055 5414 3614 5489">
     <span class='ocr_line' id='line_1_114' title="bbox 2055 5414 3614 5489; baseline -0.006 -13"><span class='ocrx_word' id='word_1_853' title='bbox 2055 5423 2201 5476; x_wconf 77' lang='lat' dir='ltr'><strong>circa</strong></span> <span class='ocrx_word' id='word_1_854' title='bbox 2257 5433 2414 5489; x_wconf 83' lang='lat' dir='ltr'><strong>quem</strong></span> <span class='ocrx_word' id='word_1_855' title='bbox 2463 5418 2536 5474; x_wconf 89' lang='lat' dir='ltr'><strong>sit</strong></span> <span class='ocrx_word' id='word_1_856' title='bbox 2584 5417 2966 5489; x_wconf 65' lang='lat' dir='ltr'><strong>aequinoc&#39;i-m‘</strong></span> <span class='ocrx_word' id='word_1_857' title='bbox 3010 5431 3258 5471; x_wconf 81' lang='lat' dir='ltr'><strong>vernum.</strong></span> <span class='ocrx_word' id='word_1_858' title='bbox 3312 5416 3381 5469; x_wconf 81' lang='lat' dir='ltr'><strong>At</strong></span> <span class='ocrx_word' id='word_1_859' title='bbox 3438 5414 3614 5485; x_wconf 84' lang='lat' dir='ltr'><strong>ipsum</strong></span> 
     </span>
    </p>
   </div>
   <div class='ocr_carea' id='block_1_114' title="bbox 2055 5506 3615 5584">
    <p class='ocr_par' dir='ltr' id='par_1_114' title="bbox 2055 5506 3615 5584">
     <span class='ocr_line' id='line_1_115' title="bbox 2055 5506 3615 5584; baseline -0.006 -16"><span class='ocrx_word' id='word_1_860' title='bbox 2055 5515 2201 5569; x_wconf 85' lang='lat' dir='ltr'><strong>circa</strong></span> <span class='ocrx_word' id='word_1_861' title='bbox 2232 5512 2649 5584; x_wconf 78' lang='lat' dir='ltr'><strong>Munychionem</strong></span> <span class='ocrx_word' id='word_1_862' title='bbox 2680 5516 2757 5560; x_wconf 63' lang='grc' dir='ltr'><strong>ον’</strong></span> <span class='ocrx_word' id='word_1_863' title='bbox 3038 5508 3396 5579; x_wconf 60' lang='lat' dir='ltr'><strong>&quot;&#39;opbrastus</strong></span> <span class='ocrx_word' id='word_1_864' title='bbox 3425 5506 3615 5562; x_wconf 89' lang='lat' dir='ltr'><strong>eodem</strong></span> 
     </span>
    </p>
   </div>
   <div class='ocr_carea' id='block_1_115' title="bbox 2055 5603 2654 5677">
    <p class='ocr_par' dir='ltr' id='par_1_115' title="bbox 2055 5603 2654 5677">
     <span class='ocr_line' id='line_1_116' title="bbox 2055 5603 2654 5677; baseline -0.003 -17"><span class='ocrx_word' id='word_1_865' title='bbox 2055 5622 2165 5677; x_wconf 88' lang='lat' dir='ltr'><strong>quo</strong></span> <span class='ocrx_word' id='word_1_866' title='bbox 2194 5619 2358 5676; x_wconf 81' lang='lat' dir='ltr'><strong>supra</strong></span> <span class='ocrx_word' id='word_1_867' title='bbox 2391 5603 2461 5661; x_wconf 88' lang='lat' dir='ltr'><strong>de</strong></span> <span class='ocrx_word' id='word_1_868' title='bbox 2490 5618 2654 5660; x_wconf 67' lang='lat' dir='ltr'><strong>seme&#39;</strong></span> 
     </span>
    </p>
   </div>
   <div class='ocr_carea' id='block_1_116' title="bbox 2054 5695 2598 5771">
    <p class='ocr_par' dir='ltr' id='par_1_116' title="bbox 2054 5695 2598 5771">
     <span class='ocr_line' id='line_1_117' title="bbox 2054 5695 2598 5771; baseline 0 -17"><span class='ocrx_word' id='word_1_869' title='bbox 2054 5699 2255 5771; x_wconf 81' lang='lat' dir='ltr'><strong>cipiunt</strong></span> <span class='ocrx_word' id='word_1_870' title='bbox 2284 5695 2548 5754; x_wconf 77' lang='lat' dir='ltr'><strong>sementis</strong></span> <span class='ocrx_word' id='word_1_871' title='bbox 2570 5711 2598 5767; x_wconf 73' lang='grc' dir='ltr'><strong>ι·</strong></span> 
     </span>
    </p>
   </div>
   <div class='ocr_carea' id='block_1_117' title="bbox 2055 5774 2582 5854">
    <p class='ocr_par' dir='ltr' id='par_1_117' title="bbox 2055 5774 2582 5854">
     <span class='ocr_line' id='line_1_118' title="bbox 2055 5774 2582 5854; baseline -0.011 -8"><span class='ocrx_word' id='word_1_872' title='bbox 2055 5790 2203 5847; x_wconf 87' lang='lat' dir='ltr'><strong>stitio</strong></span> <span class='ocrx_word' id='word_1_873' title='bbox 2233 5801 2352 5846; x_wconf 81' lang='lat' dir='ltr'><strong>esse</strong></span> <span class='ocrx_word' id='word_1_874' title='bbox 2382 5774 2544 5854; x_wconf 55' lang='lat' dir='ltr'><strong>dﬁit,</strong></span> <span class='ocrx_word' id='word_1_875' title='bbox 2577 5786 2582 5792; x_wconf 84' lang='grc'><em>’</em></span> 
     </span>
    </p>
   </div>
   <div class='ocr_carea' id='block_1_118' title="bbox 3197 5689 3618 5761">
    <p class='ocr_par' dir='ltr' id='par_1_118' title="bbox 3197 5689 3618 5761">
     <span class='ocr_line' id='line_1_119' title="bbox 3197 5689 3618 5761; baseline -0.007 -18"><span class='ocrx_word' id='word_1_876' title='bbox 3197 5702 3223 5743; x_wconf 63' lang='lat'><strong>*1</strong></span> <span class='ocrx_word' id='word_1_877' title='bbox 3248 5700 3479 5761; x_wconf 81' lang='lat' dir='ltr'><strong>utroque</strong></span> <span class='ocrx_word' id='word_1_878' title='bbox 3507 5689 3618 5743; x_wconf 87' lang='lat' dir='ltr'><strong>sol-</strong></span> 
     </span>
    </p>
   </div>
   <div class='ocr_carea' id='block_1_119' title="bbox 3173 5598 3690 5669">
    <p class='ocr_par' dir='ltr' id='par_1_119' title="bbox 3173 5598 3690 5669">
     <span class='ocr_line' id='line_1_120' title="bbox 3173 5598 3690 5669; baseline -0.008 -15"><span class='ocrx_word' id='word_1_879' title='bbox 3173 5599 3420 5654; x_wconf 71' lang='lat' dir='ltr'><strong>rlmodum</strong></span> <span class='ocrx_word' id='word_1_880' title='bbox 3465 5598 3582 5669; x_wconf 89' lang='lat' dir='ltr'><strong>prin</strong></span> <span class='ocrx_word' id='word_1_881' title='bbox 3600 5624 3618 5637; x_wconf 73' lang='grc' dir='ltr'><strong><em>ο</em></strong></span> <span class='ocrx_word' id='word_1_882' title='bbox 3687 5618 3690 5622; x_wconf 57' lang='grc' dir='ltr'><strong>λ</strong></span> 
     </span>
    </p>
   </div>
   <div class='ocr_carea' id='block_1_120' title="bbox 3205 5777 3699 5848">
    <p class='ocr_par' dir='ltr' id='par_1_120' title="bbox 3205 5777 3699 5848">
     <span class='ocr_line' id='line_1_121' title="bbox 3205 5777 3699 5848; baseline -0.016 -12"><span class='ocrx_word' id='word_1_883' title='bbox 3205 5796 3341 5836; x_wconf 82' lang='grc' dir='ltr'><strong>ἠυῐη</strong></span> <span class='ocrx_word' id='word_1_884' title='bbox 3372 5777 3584 5847; x_wconf 67' lang='lat' dir='ltr'><strong>mquino</strong></span> <span class='ocrx_word' id='word_1_885' title='bbox 3694 5844 3699 5848; x_wconf 18' lang='grc' dir='ltr'><strong><em>δ</em></strong></span> 
     </span>
    </p>
   </div>
  </div>
