4044 6220
278 357 422 417 H77

1175 352 1525 413 TllEODORl
1560 354 1764 413 GAZAS
1802 354 2004 413 LIBER
2033 353 2121 439 DE
2158 353 2524 413 MENSIBUS.

3359 357 3496 412 H78

274 473 485 547 τροπὰς
510 470 726 544 θερινὰς
753 488 893 538 ειπε,
918 471 1061 526 τοῦτ’
1091 473 1221 527 αὐτὸ
1246 474 1467 545 ὕστερον
1508 476 1639 548 περ)⁴
1677 476 1835 530 Ἑκα-

1950 474 2096 531 iestat
2120 473 2369 530 historia.
2404 491 2422 523 ι
2455 470 2709 538 Quaedam
2732 510 2746 535 ,
2788 470 2994 542 inquit,
3033 460 3250 541 pariun't
3282 471 3458 527 hieme
3479 494 3494 518 ν

275 563 592 636 τομϐαιῶνα
623 563 917 635 ἀρχόμενον
948 563 1121 633 λέγει·
1159 565 1235 630 ὼς
1270 564 1380 637 ἄρα
1411 567 1541 638 περὶ
1575 566 1833 637 Ἑκατομ-

278 655 488 710 ϐαιῶνα
518 653 814 727 ἀρχόμενον
844 655 953 708 τῶν
990 655 1214 727 θερινῶν
1244 658 1539 729 γινομένων
1583 656 1795 729 τροπῶν
1813 675 1825 687 ·

276 745 703 816 ὁμολογούμενον
753 746 811 800 δὲ
869 746 1078 812 τούτοις
1108 749 1202 804 καὶ
1242 751 1302 803 τδ
1353 750 1480 823 περὶ
1524 754 1696 821 τομῆς
1736 750 1831 803 τοῦ

280 835 575 907 αὐλητικοῦ
628 835 870 907 καλάμου
909 838 1233 910 Θεοφράστῳ
1256 838 1473 909 λεχθέν·
1514 858 1532 890 ι
1572 840 1834 911 Τέμνουσι

280 930 394 1000 γὰρ
434 928 498 1001 δὴ
541 926 657 993 νῦν,
691 947 709 979 ι
746 930 900 1000 φησὶ,
938 929 1064 983 ιτοῦ
1100 930 1524 1003 Σκιροφοριῶνος
1548 932 1640 985 καὶ
1683 931 1840 984 Ἐκα-

280 1019 649 1092 τομϐαιῶνος,
684 1019 923 1092 ὡσπερεὶ
972 1021 1077 1092 πρὸ
1120 1021 1337 1092 τροπῶν
1373 1022 1597 1093 μικρὸν,
1648 1022 1681 1092 ἢ
1735 1022 1839 1075 ὑπὸ

280 1112 523 1183 τροπάς·
560 1130 578 1163 ι
619 1112 800 1166 καὶτὸ
846 1113 1106 1183 πρότερον
1132 1112 1196 1183 δὴ
1230 1113 1549 1184 παρατεθὲν,
1577 1114 1657 1166 ὅτι
1702 1130 1840 1184 τρο-

282 1204 392 1267 πὰς
424 1202 661 1274 θερινὰς,
686 1204 778 1257 τοῦ
803 1203 1266 1273 Μεταγειτνιῶνος
1291 1204 1456 1275 μηνός
1476 1222 1489 1235 ο
1522 1206 1574 1257 εἴ
1599 1221 1661 1274 γε
1701 1203 1839 1275 μετά

293 1294 745 1366 Ἑκατομϐαιῶνα
772 1296 1176 1364 Μεταγειτνιὼν
1203 1295 1418 1367 ἐφεξῆς.

1935 567 2040 621 alia
2071 573 2261 621 testate
2286 583 2300 619 :
2332 564 2537 625 hieme,
2573 565 2755 633 lupus,
2781 562 2998 633 mugilis
3023 579 3037 628 ;
3066 572 3254 618 testate
3277 604 3292 627 ,
3334 570 3498 633 atque

1936 659 2072 714 adeo
2119 657 2585 712 Hecatombaeone'
2611 671 2830 719 mense,
2882 656 3104 711 circiter
3158 655 3489 720 solstitium,

1938 750 2183 804 thunnae.
2199 768 2219 802 ι
2240 747 2372 803 Item
2395 767 2408 803 :
2431 767 2450 800 ι
2474 748 2685 804 Coeunt
2708 747 2901 801 thunui
2922 755 2976 801 et
3000 746 3264 811 scombri,
3288 746 3497 817 inquit,

1940 843 2043 897 sub
2087 843 2245 898 linem
2299 840 2779 911 Elaphebolionis,
2834 839 3161 909 pariuntque
3214 836 3501 893 Hecatom-

1939 935 2145 991 beeonis
2178 934 2465 1004 principio.
2497 952 2515 984 ι
2543 930 2698 1000 Quod
2732 946 2967 1000 namque
3001 931 3223 984 circiter
3250 929 3500 985 aestivum

1939 1024 2227 1081 solstitium
2266 1024 2417 1092 prius
2445 1022 2618 1088 dixit,
2663 1021 2716 1075 id
2747 1031 2928 1091 postea
2959 1020 3089 1075 dicit
3130 1020 3286 1074 initio
3327 1018 3501 1074 Περα-

1939 1116 2291 1181 ῑοιηὺτεοηὶε,
2327 1123 2585 1184 tanquam
2620 1113 2830 1168 scilicet
2863 1113 3052 1168 aestivo
3085 1112 3324 1167 solstitio
3356 1112 3502 1166 exsi-

1936 1214 2112 1263 stente
2137 1207 2283 1261 circa
2311 1207 2584 1260 ineuntem
2612 1203 3135 1261 llecatombteonem.
3179 1201 3299 1257 Jam
3330 1202 3399 1258 ab
3432 1202 3504 1259 ii:

1937 1313 2045 1351 non
2070 1297 2337 1360 alienum,
2374 1297 2517 1366 quod
2550 1296 2618 1351 de
2651 1296 3023 1364 amputatione
3068 1294 3273 1349 tibialis
3304 1293 3498 1348 calami

281 1380 692 1453 Theophrastus
725 1386 946 1441 retulit:
975 1405 992 1438 ι
1020 1385 1278 1454 Caedunt,
1310 1387 1521 1457 inquit,
1559 1387 1659 1442 hae
1696 1394 2018 1458 tempestate
2072 1390 2351 1444 mensibus
2416 1388 2537 1453 his,
2571 1386 3035 1457 Scimphorioue,
3095 1393 3151 1442 et
3209 1385 3496 1440 llecatom-

286 1482 505 1532 leone:
566 1478 726 1547 paulo
774 1478 1025 1534 videlicet
1070 1489 1196 1534 ante
1243 1479 1559 1543 solstitium,
1609 1480 1693 1535 vel
1741 1481 1844 1535 sub
1881 1482 2039 1551 ipso;
2070 1501 2087 1533 ι
2110 1497 2209 1536 nec
2238 1498 2345 1537 non
2378 1481 2432 1535 id
2462 1483 2639 1552 ipsum
2662 1520 2677 1544 ,
2707 1479 2851 1550 quod
2901 1489 3027 1535 ante
3051 1496 3118 1535 ex
3148 1479 3337 1536 eodem
3396 1495 3501 1533 au-

283 1583 439 1629 more
466 1572 534 1628 de
562 1568 804 1630 semente
830 1574 1155 1639 eitavimus,
1211 1583 1341 1645 puta
1381 1590 1567 1631 mense
1605 1574 1986 1647 Metagitnione
2034 1587 2156 1647 post
2215 1578 2461 1633 mstivum
2525 1576 2854 1640 solstitium,
2924 1575 3156 1645 primam
3201 1583 3499 1632 sementem

287 1665 448 1731 ﬁeri;
499 1664 763 1735 siquidem
819 1673 942 1736 post
993 1664 1496 1722 Hecatombmonem
1538 1668 1781 1738 proxime
1828 1678 1912 1725 est
1947 1667 2319 1739 Metagitnion.

328 1804 458 1857 Ὅτι
487 1802 642 1872 ἁρχὴ
668 1803 942 1857 ἐνιαυτοῦ
967 1804 1279 1872 Ἀθηναίοις
1305 1807 1338 1858 ό
1365 1803 1807 1874 Ἐκατομϐαιὼν.

2013 1807 2165 1875 Quod
2202 1806 2513 1875 principium
2552 1805 2679 1860 anni
2709 1804 2874 1858 Attici
2903 1805 2973 1857 sit
3008 1800 3429 1859 Hecatombwon.

363 1917 438 1969 E’.
474 1916 581 1969 Καί
625 1913 893 1986 Ἀθηναῖοι
944 1913 1001 1967 δὲ
1032 1914 1129 1989 τοῦ
1179 1914 1422 1969 ἐνιαυτοῦ
1462 1917 1689 1987 ἤρχοντο
1736 1915 1843 1970 ἀπὸ

301 2005 787 2078 Ἑκατομϐαιῶνος,
814 2005 902 2059 διὰ
928 2005 991 2059 τὸ
1033 2006 1130 2070 τὰς
1169 2006 1376 2080 τροπὰς
1423 2006 1666 2075 γίνεσθαι
1714 2007 1843 2078 περὶ

285 2100 472 2155 αὐτόν.
514 2099 645 2153 Ἀπὸ
673 2098 780 2170 γὰρ
803 2097 1027 2171 θερινῶν
1052 2099 1266 2170 τροπῶν
1290 2102 1324 2171 ἡ
1351 2100 1492 2170 ἁρχὴ
1523 2095 1591 2171 ἦν
1622 2100 1842 2163 ἐκείνοις

286 2193 386 2246 τοῦ
414 2190 566 2255 ἔτους
585 2207 598 2220 ·
639 2190 825 2260 ῶσπερ
860 2190 1152 2261 Ῥωμαίοις
1182 2189 1406 2262 ὕστερον
1445 2191 1551 2245 ἀπὸ
1578 2190 1684 2245 τῶν
1725 2208 1841 2261 χει⁶

292 2284 548 2361 μερινῶν.
593 2285 789 2356 ’Δρχὴν
819 2285 914 2355 μὲν
943 2279 1037 2338 οὖν
1060 2281 1196 2337 εἶναι
1232 2283 1326 2337 τοῦ
1369 2283 1520 2347 ἔτους
1552 2283 1644 2337 τὸν
1671 2283 1843 2336 νἙκα-

286 2374 602 2448 τομϐαιῶνα
648 2376 806 2446 δῆλον
852 2375 1197 2447 Δημοσθένης
1246 2378 1389 2429 ποιεῖ
1434 2377 1490 2429 ὲν
1538 2375 1704 2447 τρίτῳ
1735 2374 1843 2428 τῶν

302 2466 728 2533 Ὀλυνθιακῶν,
754 2467 957 2537 λέγων’
991 2486 1009 2519 ι
1036 2468 1187 2523 Μετὰ
1216 2468 1272 2521 δὲ
1317 2468 1514 2531 ταῦτα,
1552 2466 1845 2531 διελθόντος

286 2559 384 2614 τοῦ
430 2558 674 2614 ἐνιαυτοῦ
714 2558 924 2620 τούτου.
960 2559 1397 2632 Ἑκατομϐαιῶν,
1422 2557 1838 2628 Μεταγειτνιὼν,

288 2652 663 2725 Βοηδρομιὼν⁹
697 2652 887 2706 τούτου
927 2652 1020 2705 τοῦ
1062 2653 1227 2723 μηνὸς
1270 2652 1427 2721 μόγις
1461 2650 1596 2721 μετὰ
1641 2649 1841 2721 μυστή-

292 2764 385 2817 ρια
416 2747 548 2800 δέκα
577 2745 704 2809 ναῦς
751 2745 1125 2800 ἀπεστείλατε.
1166 2763 1184 2796 ι
1223 2744 1580 2798 Ἐπιδείκνυσι
1611 2742 1718 2812 γὰρ
1744 2742 1843 2813 τὴν

302 2836 600 2908 Ἀθηναίων
651 2835 909 2907 ἀμέλειαν
947 2837 1039 2890 καὶ⁵
1078 2838 1158 2900 εἰς
1199 2839 1346 2906 τρεῖς
1389 2833 1468 2889 ἔτι
1526 2834 1698 2905 μῆνας
1746 2832 1840 2886 τοῦ

288 2931 534 2995 ἐπιόντος
583 2930 828 2984 ἐνιαυτοῦ
879 2927 1455 3003 προσπαρατετὼθαιο
1498 2928 1574 2991 ὼς
1634 2927 1679 2980 δ’
1736 2926 1843 2980 άπὸ

290 3023 518 3096 θερινῶν
564 3023 777 3096 τροπῶν
824 3018 962 3076 εἶναι
1007 3022 1105 3094 τὴν
1136 3021 1341 3093 ἀρχὴν,
1392 3020 1723 3093 Σιμπλίκιος,
1759 3020 1844 3088 ἐξ·

290 3115 427 3186 ηγού
435 3133 588 3186 μενος
601 3114 996 3211 ᾎριστοτέλους
1015 3115 1114 3185 τῆς
1148 3114 1412 3185 φυσικῆς
1430 3112 1843 3183 ἀκροάσεωςτδ
1871 3147 1918 3211 c

292 3207 566 3278 πέμπτον,
600 3200 701 3260 ὧδε
726 3205 853 3278 περὶ
878 3204 972 3259 τοῦ
1002 3204 1161 3276 φῦσει
1202 3204 1463 3278 προτέρου
1496 3204 1591 3260 καὶ
1617 3204 1845 3276 ὑστέρου

291 3300 469 3369 λέγων
507 3298 812 3353 πιστοῦται·
845 3318 864 3350 ι
898 3299 995 3363 Ἀς
1025 3297 1084 3353 δὲ
1119 3301 1280 3370 ἡμεῖς
1315 3296 1614 3368 ποιούμεθα
1651 3296 1843 3369 ἀρχὰς,

292 3390 540 3445 ἐνιαυτοῦ
574 3392 670 3461 μὲν
694 3389 822 3461 περὶ
853 3389 1067 3460 θερινὰς
1098 3391 1323 3461 τροπάς,
1356 3390 1430 3454 ὡς
1470 3389 1737 3461 Ἀθηναῖοι
1759 3404 1775 3420 ο
1810 3388 1844 3459 ἢ

295 3482 429 3555 περὶ
458 3482 851 3554 μετοπωρινὰς,
889 3481 963 3545 ὡς
1001 3481 1198 3554 οἱπερὶ
1225 3482 1323 3552 τὴν
1367 3480 1462 3535 νῦν
1507 3480 1849 3551 καλουμένην

308 3575 522 3629 Ἀσίαν
552 3576 584 3645 ἢ
614 3576 741 3647 περὶ
785 3573 1130 3645 χειμερινὰς,
1178 3575 1254 3638 ὡς
1306 3574 1594 3645 Ῥωμαῖοι·
1635 3573 1667 3644 ἢ
1723 3571 1850 3642 περὶ

294 3668 536 3741 ἑαρινὰς,
556 3667 632 3731 ὡς
660 3666 894 3738 ’Δραϐες
932 3667 1023 3719 καὶ
1062 3668 1407 3739 Δαμασκηνοί
1428 3685 1440 3697 ·
1482 3665 1647 3739 μηνὸς
1677 3664 1752 3729 δὲ,
1776 3663 1851 3726 ῶς

294 3778 462 3823 τινες.
499 3758 670 3831 ἀρχὴν
695 3760 790 3830 τὴν
820 3757 1152 3829 πανσέληνον
1181 3758 1427 3827 λέγουσιν
1456 3758 1488 3828 ἢ
1536 3758 1634 3828 τὴν
1688 3756 1847 3808 νέαν·

298 3854 512 3906 ἔσονται
552 3852 696 3905 θέσει
738 3846 915 3904 αὗται.
940 3869 958 3903 ι
990 3851 1156 3905 Πάλιν
1178 3853 1225 3904 εἰ
1258 3850 1399 3923 ἀρχὴ
1443 3850 1540 3920 μὲν
1568 3847 1661 3903 τοῦ
1702 3848 1852 3911 ἔτους

296 3947 408 4001 ἀπὸ
430 3945 647 4016 τροπῶν
684 3943 906 4016 θερινῶν
945 3943 1263 4015 Ἀθηναίοις,
1294 3943 1368 4006 ὡς
1416 3940 1731 4013 Σιμπλίκιος
1764 3938 1873 3990 λέο·

298 4054 387 4105 γει
407 4053 421 4067 ·
449 4034 639 4107 θέρους
665 4034 723 4087 δὲ
745 4034 869 4104 περὶ
898 4032 989 4085 τὸν
1024 4030 1466 4102 Ἑκατομϐαιῶνα
1496 4030 1624 4100 περὶ
1649 4026 1853 4099 τροπὰς

298 4128 543 4180 τίκτουσι
572 4123 840 4187 θυννίδες,
886 4122 960 4186 ὡς
1003 4120 1408 4194 Ἀριστοτέλης·
1455 4117 1852 4190 συμπέρασμα,

301 4218 384 4272 ὅτι
435 4214 577 4288 ἀρχὴ
625 4214 719 4269 τοῦ
767 4214 918 4276 ἔτους
950 4216 979 4267 δ
1024 4212 1449 4284 Ἑκατομϐαιὼν,
1496 4212 1753 4285 τροπικὸς
1779 4210 1856 4264 ὢν

304 4310 533 4383 θερινός.
603 4308 764 4362 Ἀλλὰ
825 4307 930 4377 μὴν
996 4308 1089 4360 καὶ⁵
1145 4305 1335 4377 ἑορτὴν
1412 4306 1680 4377 Ἀθηναῖοι
1736 4304 1856 4358 τότε

301 4392 437 4467 ἦγον
464 4395 749 4468 δημοτελῆ,
776 4395 866 4447 καὶ
889 4394 1043 4447 ἔθυον
1090 4394 1516 4467 μεγαλοπρεπῶς
1553 4395 1631 4466 τῷ
1669 4395 1854 4467 Ἡλίῳ,

2021 1920 2081 1975 ν.
2123 1919 2188 1973 Et
2220 1933 2422 1974 annum
2456 1916 2675 1989 quidem
2708 1916 3071 1981 Athenienses
3112 1916 3179 1971 ab
3217 1914 3500 1971 Hecatom-

1946 2011 2131 2068 heeone
2180 2010 2544 2081 incipiebant,
2596 2008 2743 2080 quod
2796 2023 2861 2065 eo
2912 2023 3099 2064 mense
3154 2014 3503 2084 perageretur

1945 2103 2262 2161 solstitium.
2293 2102 2377 2157 Ab
2403 2103 2590 2157 aestivo
2620 2101 2767 2157 enim
2813 2100 3050 2156 solstitio
3096 2100 3165 2157 iis
3208 2109 3328 2157 erat
3374 2102 3502 2157 anni

1945 2194 2273 2265 principium
2294 2234 2309 2257 ,
2345 2192 2801 2264 quemadmodum
2838 2193 3098 2248 Romanis
3131 2192 3403 2263 posterius
3435 2193 3503 2246 ab

1947 2286 2193 2342 hiberno.
2224 2284 2560 2356 Principium
2603 2284 2788 2355 itaque
2835 2286 2962 2338 anni
2989 2300 3110 2339 esse
3135 2282 3505 2338 Heeatombm-

1945 2395 2103 2436 onem
2124 2418 2139 2444 ,
2165 2394 2230 2434 ex
2256 2376 2617 2435 Demosthene
2636 2378 2690 2432 in
2714 2378 2873 2431 tertia
2897 2375 3331 2448 Olynthiasarum
3354 2388 3504 2428 com-

1946 2484 2157 2545 pertum
2178 2472 2439 2528 habemus
2467 2489 2480 2525 :
2508 2490 2526 2522 ι
2556 2470 2760 2526 Deinde
2781 2486 2928 2533 vero,
2944 2490 2961 2521 ι
2988 2470 3214 2539 inquit,¢
3241 2468 3347 2522 hoc
3364 2480 3505 2521 anno

1947 2570 2138 2620 exacto
2163 2561 2361 2617 labitur
2388 2559 2834 2623 llecatombzeon,
2859 2559 3207 2630 Metagitnion
3226 2599 3241 2622 ,
3269 2558 3504 2614 Boedro-
3538 2596 3547 2603 α

1946 2656 2116 2710 mion.
2152 2652 2264 2708 lloc
2295 2667 2479 2707 mense
2505 2652 2592 2706 vix
2631 2650 2847 2705 tandem
2879 2656 3001 2719 post
3035 2648 3292 2719 mysteria
3316 2648 3504 2703 decem

1947 2759 2112 2800 naves
2133 2742 2411 2800 misistis.»
2438 2741 2783 2797 Demonstrat
2803 2739 2946 2794 enim
2972 2736 3386 2792 Atheniensium
3414 2753 3506 2792 so-

1946 2836 2184 2893 cordiam
2211 2836 2264 2890 in
2289 2833 2505 2890 tertium
2527 2847 2699 2902 usque
2726 2846 2963 2886 mensem
2990 2828 3224 2885 ineuntis
3244 2828 3369 2882 anni
3387 2842 3507 2897 pro-

1946 2935 2174 2982 tractam
2201 2926 2392 2991 fuisse;
2416 2940 2541 2979 nam
2561 2924 2705 2995 quod
2728 2923 2798 2978 ab
2817 2923 3004 2978 :estivo
3032 2920 3265 2977 solstitio
3283 2920 3355 2975 sit
3378 2919 3505 2973 anni

1947 3015 2269 3087 principium
2293 3056 2308 3082 ,
2352 3013 2662 3084 Simplicius
2688 3026 2968 3083 exponens
2994 3011 3242 3082 quintum
3272 3008 3506 3080 physicae

1948 3104 2360 3163 auscultationis
2378 3103 2688 3159 Aristotelis
2706 3143 2722 3168 ,
2750 3104 2824 3156 ita
2846 3101 2913 3157 de
2930 3115 3017 3167 eo,
3044 3098 3191 3171 quod
3211 3106 3295 3154 est
3315 3106 3507 3152 natura

1948 3197 2098 3269 prius
2126 3203 2180 3251 et
2199 3195 2471 3267 posterius
2491 3194 2827 3257 edisserens,
2855 3192 2940 3246 his
2962 3191 3141 3247 verbis
3162 3189 3320 3245 ﬁdem
3346 3188 3504 3244 facit:

1951 3310 1970 3345 ι
1993 3289 2142 3357 Quae,
2170 3306 2189 3340 ι
2208 3287 2415 3358 inquit,
2445 3305 2463 3339 ι
2485 3285 2712 3340 facimus
2736 3283 2909 3350 initia,
2932 3282 3060 3336 anui
3076 3281 3315 3352 quidem,
3339 3278 3420 3334 vel
3439 3278 3507 3332 ad

1947 3382 2190 3437 aestivum
2209 3379 2498 3436 solstitium
2515 3419 2531 3445 ,
2551 3384 2610 3431 ut
2625 3376 2787 3431 Attici
2804 3375 2916 3440 ;vel
2933 3374 2998 3429 ad
3014 3372 3321 3428 autumnale
3335 3370 3507 3441 aequi-

1949 3474 2187 3529 noctium
2203 3513 2218 3537 ,
2236 3482 2297 3529 ut
2317 3481 2493 3533 terrae,
2513 3484 2634 3542 quae
2647 3483 2791 3523 nunc
2803 3466 2929 3523 Asia
2947 3465 3165 3529 dicitur,
3186 3462 3375 3518 incola:
3390 3478 3407 3530 ;
3425 3461 3510 3516 vel

1949 3562 2093 3618 circa
2104 3562 2371 3625 brumam,
2389 3566 2448 3615 ut
2464 3557 2688 3614 Romani
2706 3574 2720 3624 ;
2739 3557 2822 3614 vel
2837 3558 2980 3612 circa
2994 3554 3372 3624 aequinoctium
3388 3569 3511 3609 ver-

1951 3671 2103 3721 num,
2134 3662 2192 3711 ut
2221 3653 2428 3708 Arabes
2455 3663 2508 3708 et
2532 3650 2880 3707 Damasceni:
2911 3648 3114 3705 mensis
3138 3661 3286 3711 vero,
3310 3653 3369 3701 ut
3391 3646 3513 3716 qui-

1951 3748 2073 3804 dam
2099 3747 2316 3809 volunt,
2340 3746 2693 3816 plenilunium
2717 3750 2808 3796 aut
2830 3740 3194 3796 novilunium:
3218 3739 3331 3794 haec
3350 3745 3512 3794 erunt

1952 3840 2237 3912 positione.
2252 3838 2515 3895 :Rursum
2534 3839 2578 3892 si
2597 3834 3017 3891 Atheniensibus
3041 3833 3166 3887 anni
3184 3833 3507 3903 principium

1951 3942 2067 3998 est,
2088 3940 2146 3986 ut
2171 3931 2335 3987 refert
2359 3929 2671 3999 Simplicius
2690 3968 2705 3993 ,
2732 3928 2800 3982 ab
2829 3928 3013 3982 aestiva
3044 3925 3174 3980 solis
3205 3924 3510 3993 reciproca-

1952 4024 2134 4085 tione.
2191 4032 2247 4079 et
2292 4030 2479 4078 aestate
2524 4021 2670 4075 circa
2711 4020 2954 4075 eamdem
2999 4018 3217 4071 thunnze
3257 4014 3507 4085 pariunt,

1954 4130 2138 4170 mense
2161 4112 2621 4174 Hecatombmone,
2646 4119 2704 4164 ut
2717 4109 2832 4164 vult
2850 4107 3201 4163 Aristoteles:
3222 4103 3345 4159 inde
3359 4104 3435 4166 lit,
3452 4110 3512 4156 ut

1955 4206 2364 4262 Hecatombaeon
2402 4206 2475 4259 sit
2513 4204 2641 4258 anni
2669 4202 2924 4268 initium;
2955 4199 3176 4256 aastivus
3204 4212 3326 4252 cum
3359 4196 3431 4252 sit
3455 4202 3512 4250 et

1956 4298 2286 4353 solstitialis.
2337 4297 2404 4350 At
2433 4311 2562 4352 vero
2607 4294 2773 4353 ferias
2804 4297 2968 4352 etiam
3000 4304 3113 4350 tum
3141 4291 3370 4363 agebant
3407 4305 3510 4359 pu-

1954 4390 2127 4447 blicas
2153 4388 2510 4445 Athenienses
2530 4428 2543 4452 .
2572 4396 2626 4444 et
2654 4386 2935 4459 splendide
2960 4382 3339 4443 sacriﬁcabant
3363 4379 3517 4434 Soli:

300 4490 379 4553 ὡς
413 4489 538 4561 περὶ
580 4488 783 4558 τροπάς
841 4486 986 4540 δντι·
1020 4486 1143 4541 ὅθεν
1192 4487 1285 4540 καὶ
1336 4486 1570 4559 τοῦνομα
1609 4488 1688 4559 τῷ
1733 4489 1850 4560 μηνῖ

1962 4492 2022 4538 ut
2047 4486 2140 4553 qui
2180 4482 2233 4536 in
2271 4481 2506 4537 solstitio
2537 4489 2719 4538 esset:
2753 4478 2897 4536 unde
2923 4488 2978 4533 et
3017 4475 3190 4531 mensi
3223 4472 3511 4529 Hecatom-

315 4577 724 4649 Ἑκατομϐαιὼν
748 4618 763 4641 ,
808 4576 1022 4650 Κρονίῳ
1052 4578 1348 4649 πρότερον,
1402 4580 1477 4643 ὼς
1522 4580 1862 4653 Πλούταρχός

304 4686 440 4740 φησι
457 4710 472 4732 ,
499 4668 835 4739 καλουμένῳ.

376 4761 549 4824 Κέκος
573 4760 651 4823 δὲ,
682 4760 920 4833 Πρόκλου
958 4759 1248 4831 χλευάζων,
1283 4759 1503 4827 γελοίως
1549 4762 1647 4824 τὰς
1688 4761 1865 4814 Ἡσιό-

305 4854 398 4907 δου
454 4854 725 4924 ἐξηγεῖται
770 4853 999 4924 ἡμέρας,
1041 4852 1224 4922 ἓτερον
1260 4846 1396 4905 εἶναι
1426 4852 1566 4923 μῆνα
1600 4853 1864 4924 Ἑκατομ-

308 4945 536 5009 ϐαιῶνος
561 4945 653 4997 τὸν
684 4945 912 5017 Κρόνιον
952 4943 1365 5014 ὑπολαμϐάνων,
1396 4946 1491 4998 καὶ
1530 4944 1710 5015 τρίτον
1738 4961 1862 4997 συν-

306 5038 517 5091 τάττων
553 5036 660 5090 ἀπὸ
696 5034 1157 5105 Ἑκατομϐαιῶνος
1178 5053 1190 5065 ·
1235 5036 1327 5089 καὶ
1362 5034 1719 5107 Θαργηλιῶνα
1766 5036 1864 5106 μὲν

310 5130 405 5181 καὶ
435 5126 869 5195 Μεταγειτνιῶνα
887 5126 1146 5197 μηδαμῶς
1171 5125 1447 5196 ὀνομάζων
1480 5127 1570 5178 ὑπ’
1604 5125 1861 5196 ἀμαθίας,

310 5216 598 5288 Ληναιῶνα
642 5216 700 5270 δὲ
744 5217 822 5286 (ὃν
856 5218 949 5270 καὶ
987 5217 1147 5282 αὐτὸς
1182 5217 1296 5289 ᾔδει
1350 5217 1667 5289 Ἰανουάριον
1700 5218 1863 5287 ὄντα)

312 5309 622 5378 καταλέγων
660 5312 717 5362 ὲν
763 5312 875 5373 τοῖς
899 5309 1007 5362 τῶν
1045 5309 1337 5380 ’Δθηναίων
1379 5311 1530 5381 μησὶ,
1560 5312 1651 5363 καὶ
1682 5309 1864 5364 δεύτε-

312 5418 406 5472 ρον
429 5400 598 5465 τιθεὶς
629 5400 735 5454 άπδ
765 5399 1249 5471 Ἑκατομϐαιῶνος.
1294 5400 1734 5472 Ἑκατομϐαιῶνα
1770 5403 1865 5472 μὲν

310 5489 403 5549 οὖν
423 5491 560 5549 εἶναι
600 5495 735 5566 μετὰ
766 5492 1164 5566 Σκιροφοριῶνα
1220 5492 1401 5557 εὐθὺς,
1436 5494 1674 5565 καὶπερὶ
1706 5494 1864 5547 Ἑκα-

308 5583 624 5655 τομϐαιῶνα
675 5585 775 5649 τὰς
830 5584 1043 5656 θερινὰς
1104 5580 1244 5637 εἶναι
1290 5584 1515 5656 τροπὰς,
1544 5583 1774 5655 φανερὸν
1801 5583 1865 5655 δὴ

312 5677 524 5734 ἐνθένδε
547 5695 563 5709 ’
591 5680 1026 5748 Μεταγειτνιῶνα
1057 5679 1099 5732 δ’
1146 5678 1272 5748 ἑξῆς
1300 5673 1457 5740 εἶναι,
1493 5675 1610 5732 εἶτα
1636 5679 1864 5751 Βοηδροο

316 5771 517 5841 μιῶνα,
546 5770 773 5846 δήλωσις
818 5773 912 5842 μὲν
958 5772 1052 5827 καὶ
1074 5771 1141 5825 τά
1164 5768 1535 5841 Δημοσθένους
1566 5770 1688 5844 ἄρτι
1720 5772 1866 5842 εἰρη-

1960 4575 2133 4631 bazoni
2166 4574 2321 4645 157
2354 4589 2580 4638 nomen,
2630 4573 2832 4628 Cronio
2866 4570 3047 4641 prius,
3091 4575 3150 4621 ut
3189 4564 3519 4619 Plutarchus-

1961 4669 2138 4739 inquit
2161 4708 2176 4731 ,
2213 4675 2543 4737 nuncupato.

2031 4737 2203 4815 Porro
2228 4758 2406 4815 Cecus
2439 4758 2692 4815 Proclum
2737 4755 2993 4819 irridens,
3028 4753 3147 4808 dies
3182 4748 3403 4827 Hesiodi
3438 4737 3522 4803 ri!

1962 4854 2141 4910 dieule
2176 4854 2592 4925 interpretatur,
2642 4852 2806 4906 alium
2839 4862 3083 4903 mensem
3131 4845 3199 4899 ab
3228 4841 3517 4899 Hecatom-

1962 4946 2151 5001 barone
2178 4942 2419 4998 Cronion
2459 4957 2582 4999 esse
2614 4938 2951 5003 existimans,
2994 4947 3047 4992 et
3074 4935 3293 4991 tertium
3326 4931 3521 4988 abillo

1963 5037 2302 5093 constituens
2337 5054 2350 5089 :
2385 5045 2438 5089 et
2467 5033 2881 5105 Thargelionem
2906 5028 3148 5101 quidem.
3177 5041 3241 5083 ac
3268 5024 3517 5097 Metagit-

1964 5128 2203 5191 nionem,
2257 5140 2369 5197 pra:
2417 5125 2707 5196 imperitia,
2766 5123 2915 5178 nullo
2971 5119 3135 5176 modo
3193 5118 3519 5184 nominans;

1964 5220 2283 5275 Lenteonem
2352 5232 2480 5272 vero
2531 5219 2737 5288 (quem
2800 5215 2941 5270 idem
3013 5211 3329 5268 Januarium
3396 5224 3521 5265 esse

1965 5310 2218 5382 sciebat)
2265 5311 2406 5365 inter
2447 5311 2658 5364 Atticos
2701 5322 2917 5363 menses
2951 5319 3263 5365 recensens,
3296 5309 3351 5357 et
3391 5316 3521 5371 pro—

1966 5405 2166 5474 pinqua
2210 5402 2338 5458 sede
2387 5399 2823 5460 llecatnmbazoni
2874 5398 3169 5453 collocans.
3230 5392 3520 5449 Hecatom-

1965 5496 2205 5551 bzeone'm
2263 5495 2425 5564 igitur
2478 5508 2600 5549 esse
2652 5491 2835 5547 statim
2887 5505 2917 5543 a
2966 5486 3405 5559 ScirOphoriune,
3467 5493 3523 5540 et

1965 5587 2112 5640 circa
2162 5584 2669 5642 Hecatomba‘onem
2695 5583 2940 5637 :estivum
2970 5579 3260 5636 solstitium
3303 5575 3519 5641 conﬁci.

1966 5678 2091 5733 hinc
2115 5683 2327 5733 constar
2348 5676 2603 5734 dilucide.
2633 5674 2900 5731 Caeterum
2928 5669 3364 5742 Metagitnionem
3396 5681 3520 5723 esse

1965 5770 2250 5840 deinceps,
2274 5779 2468 5841 postea
2507 5766 2976 5830 Boedromionem,
2998 5762 3276 5821 declarant
3303 5758 3521 5818 uuidem
