  <div class='ocr_page' id='page_1' title='image "/cluster/home/n/w/nwhite01/storage/ocr_20150623/19/hvd.32044073501199/597.png"; bbox 0 0 4044 6220; ppageno 0'>
   <div class='ocr_carea' id='block_1_1' title="bbox 525 299 661 356">
    <p class='ocr_par' dir='ltr' id='par_1_1' title="bbox 525 299 661 356">
     <span class='ocr_line' id='line_1_1' title="bbox 525 299 661 356; baseline -0.015 0"><span class='ocrx_word' id='word_1_1' title='bbox 525 299 661 356; x_wconf 78' lang='lat' dir='ltr'><strong>H79</strong></span> 
     </span>
    </p>
   </div>
   <div class='ocr_carea' id='block_1_2' title="bbox 1485 294 2710 356">
    <p class='ocr_par' dir='ltr' id='par_1_2' title="bbox 1485 294 2710 356">
     <span class='ocr_line' id='line_1_2' title="bbox 1485 294 2710 356; baseline 0.003 -5"><span class='ocrx_word' id='word_1_2' title='bbox 1485 298 1575 351; x_wconf 92' lang='lat' dir='ltr'><strong>AD</strong></span> <span class='ocrx_word' id='word_1_3' title='bbox 1615 294 1876 353; x_wconf 81' lang='lat' dir='ltr'><strong>EUSEBII</strong></span> <span class='ocrx_word' id='word_1_4' title='bbox 1914 299 2308 356; x_wconf 76' lang='lat' dir='ltr'><strong>CHRONICON</strong></span> <span class='ocrx_word' id='word_1_5' title='bbox 2347 299 2710 355; x_wconf 76' lang='lat' dir='ltr'><strong>APPENDIX.</strong></span> 
     </span>
    </p>
   </div>
   <div class='ocr_carea' id='block_1_3' title="bbox 3611 303 3748 359">
    <p class='ocr_par' dir='ltr' id='par_1_3' title="bbox 3611 303 3748 359">
     <span class='ocr_line' id='line_1_3' title="bbox 3611 303 3748 359; baseline 0.036 -5"><span class='ocrx_word' id='word_1_6' title='bbox 3611 303 3748 359; x_wconf 79' lang='grc' dir='ltr'><strong>ιιεο</strong></span> 
     </span>
    </p>
   </div>
   <div class='ocr_carea' id='block_1_4' title="bbox 523 412 2088 486">
    <p class='ocr_par' dir='ltr' id='par_1_4' title="bbox 523 412 2074 485">
     <span class='ocr_line' id='line_1_4' title="bbox 523 412 2074 485; baseline -0.002 -14"><span class='ocrx_word' id='word_1_7' title='bbox 523 431 584 471; x_wconf 85' lang='lat' dir='ltr'><strong>ea</strong></span> <span class='ocrx_word' id='word_1_8' title='bbox 612 429 731 485; x_wconf 75' lang='lat' dir='ltr'><strong>qua:</strong></span> <span class='ocrx_word' id='word_1_9' title='bbox 761 427 932 483; x_wconf 83' lang='lat' dir='ltr'><strong>nuper</strong></span> <span class='ocrx_word' id='word_1_10' title='bbox 965 428 1027 467; x_wconf 80' lang='lat' dir='ltr'><strong>ex</strong></span> <span class='ocrx_word' id='word_1_11' title='bbox 1061 412 1418 469; x_wconf 74' lang='lat' dir='ltr'><strong>Demosthene</strong></span> <span class='ocrx_word' id='word_1_12' title='bbox 1447 415 1791 483; x_wconf 72' lang='lat' dir='ltr'><strong>protulimus.</strong></span> <span class='ocrx_word' id='word_1_13' title='bbox 1830 415 2074 485; x_wconf 80' lang='lat' dir='ltr'><strong>Metagit-</strong></span> 
     </span>
    </p>
   </div>
   <div class='ocr_carea' id='block_1_5' title="bbox 2191 412 3744 486">
    <p class='ocr_par' dir='ltr' id='par_1_5' title="bbox 2191 413 3744 486">
     <span class='ocr_line' id='line_1_5' title="bbox 2191 413 3744 486; baseline 0 -20"><span class='ocrx_word' id='word_1_14' title='bbox 2191 416 2311 467; x_wconf 77' lang='grc' dir='ltr'><strong>ιὲνα</strong></span> <span class='ocrx_word' id='word_1_15' title='bbox 2331 432 2342 444; x_wconf 77' lang='grc' dir='ltr'><strong>ο</strong></span> <span class='ocrx_word' id='word_1_16' title='bbox 2373 419 2734 486; x_wconf 76' lang='grc' dir='ltr'><strong>ἐπιμαρτυρεῖ</strong></span> <span class='ocrx_word' id='word_1_17' title='bbox 2766 415 2821 468; x_wconf 81' lang='grc' dir='ltr'><strong>δὲ</strong></span> <span class='ocrx_word' id='word_1_18' title='bbox 2851 414 2943 467; x_wconf 78' lang='grc' dir='ltr'><strong>καὶ</strong></span> <span class='ocrx_word' id='word_1_19' title='bbox 2972 413 3033 466; x_wconf 79' lang='grc' dir='ltr'><strong>τὸ</strong></span> <span class='ocrx_word' id='word_1_20' title='bbox 3077 413 3421 483; x_wconf 75' lang='grc' dir='ltr'><strong>Θεοφράστου</strong></span> <span class='ocrx_word' id='word_1_21' title='bbox 3455 415 3586 485; x_wconf 76' lang='grc' dir='ltr'><strong>περὶ</strong></span> <span class='ocrx_word' id='word_1_22' title='bbox 3615 417 3744 483; x_wconf 66' lang='grc' dir='ltr'><strong>ἀριμ-</strong></span> 
     </span>
    </p>
   </div>
   <div class='ocr_carea' id='block_1_6' title="bbox 525 505 2075 574">
    <p class='ocr_par' dir='ltr' id='par_1_6' title="bbox 525 505 2075 574">
     <span class='ocr_line' id='line_1_6' title="bbox 525 505 2075 574; baseline -0.001 -14"><span class='ocrx_word' id='word_1_23' title='bbox 525 506 738 561; x_wconf 91' lang='lat' dir='ltr'><strong>nionem</strong></span> <span class='ocrx_word' id='word_1_24' title='bbox 763 513 942 558; x_wconf 88' lang='lat' dir='ltr'><strong>autem</strong></span> <span class='ocrx_word' id='word_1_25' title='bbox 965 519 1086 559; x_wconf 87' lang='lat' dir='ltr'><strong>esse</strong></span> <span class='ocrx_word' id='word_1_26' title='bbox 1111 506 1411 574; x_wconf 76' lang='lat' dir='ltr'><strong>proximum</strong></span> <span class='ocrx_word' id='word_1_27' title='bbox 1437 505 1886 570; x_wconf 67' lang='lat' dir='ltr'><strong>Hecatombazoni,</strong></span> <span class='ocrx_word' id='word_1_28' title='bbox 1914 508 2075 560; x_wconf 88' lang='lat' dir='ltr'><strong>etiam</strong></span> 
     </span>
    </p>
   </div>
   <div class='ocr_carea' id='block_1_7' title="bbox 525 593 2075 667">
    <p class='ocr_par' dir='ltr' id='par_1_7' title="bbox 525 593 2075 667">
     <span class='ocr_line' id='line_1_7' title="bbox 525 593 2075 667; baseline 0.001 -17"><span class='ocrx_word' id='word_1_29' title='bbox 525 595 659 650; x_wconf 92' lang='lat' dir='ltr'><strong>illud</strong></span> <span class='ocrx_word' id='word_1_30' title='bbox 691 593 1050 664; x_wconf 82' lang='lat' dir='ltr'><strong>TbeOphrasti</strong></span> <span class='ocrx_word' id='word_1_31' title='bbox 1095 596 1162 650; x_wconf 89' lang='lat' dir='ltr'><strong>de</strong></span> <span class='ocrx_word' id='word_1_32' title='bbox 1205 603 1326 650; x_wconf 86' lang='lat' dir='ltr'><strong>satu</strong></span> <span class='ocrx_word' id='word_1_33' title='bbox 1360 596 1693 650; x_wconf 83' lang='lat' dir='ltr'><strong>antedictum</strong></span> <span class='ocrx_word' id='word_1_34' title='bbox 1727 596 2075 667; x_wconf 79' lang='lat' dir='ltr'><strong>sull&#39;ragatur.</strong></span> 
     </span>
    </p>
   </div>
   <div class='ocr_carea' id='block_1_8' title="bbox 526 686 2076 758">
    <p class='ocr_par' dir='ltr' id='par_1_8' title="bbox 526 686 2076 758">
     <span class='ocr_line' id='line_1_8' title="bbox 526 686 2076 758; baseline 0.004 -20"><span class='ocrx_word' id='word_1_35' title='bbox 526 686 747 742; x_wconf 88' lang='lat' dir='ltr'><strong>lliberni</strong></span> <span class='ocrx_word' id='word_1_36' title='bbox 775 688 918 741; x_wconf 89' lang='lat' dir='ltr'><strong>enim</strong></span> <span class='ocrx_word' id='word_1_37' title='bbox 951 695 1102 741; x_wconf 88' lang='lat' dir='ltr'><strong>satus</strong></span> <span class='ocrx_word' id='word_1_38' title='bbox 1132 687 1344 740; x_wconf 89' lang='lat' dir='ltr'><strong>initium</strong></span> <span class='ocrx_word' id='word_1_39' title='bbox 1369 703 1489 743; x_wconf 91' lang='lat' dir='ltr'><strong>esse</strong></span> <span class='ocrx_word' id='word_1_40' title='bbox 1511 689 1664 750; x_wconf 87' lang='lat' dir='ltr'><strong>dicit.</strong></span> <span class='ocrx_word' id='word_1_41' title='bbox 1691 699 1813 758; x_wconf 90' lang='lat' dir='ltr'><strong>post</strong></span> <span class='ocrx_word' id='word_1_42' title='bbox 1833 692 2076 746; x_wconf 72' lang='lat' dir='ltr'><strong>aestivum</strong></span> 
     </span>
    </p>
   </div>
   <div class='ocr_carea' id='block_1_9' title="bbox 527 777 2079 847">
    <p class='ocr_par' dir='ltr' id='par_1_9' title="bbox 527 777 2079 847">
     <span class='ocr_line' id='line_1_9' title="bbox 527 777 2079 847; baseline 0.001 -13"><span class='ocrx_word' id='word_1_43' title='bbox 527 778 842 841; x_wconf 74' lang='lat' dir='ltr'><strong>solstitium,</strong></span> <span class='ocrx_word' id='word_1_44' title='bbox 903 793 1086 832; x_wconf 85' lang='lat' dir='ltr'><strong>mense</strong></span> <span class='ocrx_word' id='word_1_45' title='bbox 1143 777 1564 847; x_wconf 81' lang='lat' dir='ltr'><strong>Metagitnione;</strong></span> <span class='ocrx_word' id='word_1_46' title='bbox 1607 781 1901 834; x_wconf 84' lang='lat' dir='ltr'><strong>solstitium</strong></span> <span class='ocrx_word' id='word_1_47' title='bbox 1952 796 2079 835; x_wconf 85' lang='lat' dir='ltr'><strong>vero</strong></span> 
     </span>
    </p>
   </div>
   <div class='ocr_carea' id='block_1_10' title="bbox 525 866 2080 941">
    <p class='ocr_par' dir='ltr' id='par_1_10' title="bbox 525 866 2080 941">
     <span class='ocr_line' id='line_1_10' title="bbox 525 866 2080 941; baseline 0.001 -17"><span class='ocrx_word' id='word_1_48' title='bbox 525 870 771 926; x_wconf 65' lang='lat' dir='ltr'><strong>aestivum</strong></span> <span class='ocrx_word' id='word_1_49' title='bbox 803 877 918 923; x_wconf 90' lang='lat' dir='ltr'><strong>erat</strong></span> <span class='ocrx_word' id='word_1_50' title='bbox 957 871 1100 921; x_wconf 89' lang='lat' dir='ltr'><strong>circa</strong></span> <span class='ocrx_word' id='word_1_51' title='bbox 1130 866 1666 935; x_wconf 68' lang='lat' dir='ltr'><strong>llecatombaeonem;</strong></span> <span class='ocrx_word' id='word_1_52' title='bbox 1701 880 1754 926; x_wconf 92' lang='lat' dir='ltr'><strong>et</strong></span> <span class='ocrx_word' id='word_1_53' title='bbox 1787 871 1915 926; x_wconf 91' lang='lat' dir='ltr'><strong>illud</strong></span> <span class='ocrx_word' id='word_1_54' title='bbox 1945 887 2080 941; x_wconf 58' lang='lat' dir='ltr'><strong>quo.</strong></span> 
     </span>
    </p>
   </div>
   <div class='ocr_carea' id='block_1_11' title="bbox 525 957 2082 1033">
    <p class='ocr_par' dir='ltr' id='par_1_11' title="bbox 525 957 2082 1033">
     <span class='ocr_line' id='line_1_11' title="bbox 525 957 2082 1033; baseline 0.003 -21"><span class='ocrx_word' id='word_1_55' title='bbox 525 974 632 1030; x_wconf 90' lang='lat' dir='ltr'><strong>que</strong></span> <span class='ocrx_word' id='word_1_56' title='bbox 660 957 968 1013; x_wconf 87' lang='lat' dir='ltr'><strong>Aristotelis</strong></span> <span class='ocrx_word' id='word_1_57' title='bbox 989 957 1054 1011; x_wconf 91' lang='lat' dir='ltr'><strong>de</strong></span> <span class='ocrx_word' id='word_1_58' title='bbox 1074 958 1405 1014; x_wconf 84' lang='lat' dir='ltr'><strong>locustarum</strong></span> <span class='ocrx_word' id='word_1_59' title='bbox 1428 961 1767 1029; x_wconf 73' lang='lat' dir='ltr'><strong>graviditate.</strong></span> <span class='ocrx_word' id='word_1_60' title='bbox 1797 961 1930 1016; x_wconf 81' lang='lat' dir='ltr'><strong>Nam</strong></span> <span class='ocrx_word' id='word_1_61' title='bbox 1959 971 2082 1033; x_wconf 86' lang='lat' dir='ltr'><strong>post</strong></span> 
     </span>
    </p>
   </div>
   <div class='ocr_carea' id='block_1_12' title="bbox 528 1049 2078 1122">
    <p class='ocr_par' dir='ltr' id='par_1_12' title="bbox 528 1049 2078 1122">
     <span class='ocr_line' id='line_1_12' title="bbox 528 1049 2078 1122; baseline 0.006 -19"><span class='ocrx_word' id='word_1_62' title='bbox 528 1049 1028 1105; x_wconf 73' lang='lat' dir='ltr'><strong>Hecatombaeouem</strong></span> <span class='ocrx_word' id='word_1_63' title='bbox 1089 1052 1270 1106; x_wconf 85' lang='lat' dir='ltr'><strong>statim</strong></span> <span class='ocrx_word' id='word_1_64' title='bbox 1318 1050 1752 1122; x_wconf 81' lang='lat' dir='ltr'><strong>Metagituionem</strong></span> <span class='ocrx_word' id='word_1_65' title='bbox 1807 1063 2078 1112; x_wconf 81' lang='lat' dir='ltr'><strong>numerat.</strong></span> 
     </span>
    </p>
   </div>
   <div class='ocr_carea' id='block_1_13' title="bbox 528 1141 2081 1215">
    <p class='ocr_par' dir='ltr' id='par_1_13' title="bbox 528 1141 2081 1215">
     <span class='ocr_line' id='line_1_13' title="bbox 528 1141 2081 1215; baseline 0.003 -19"><span class='ocrx_word' id='word_1_66' title='bbox 528 1141 970 1198; x_wconf 90' lang='lat' dir='ltr'><strong>Boedromionem</strong></span> <span class='ocrx_word' id='word_1_67' title='bbox 1005 1152 1184 1198; x_wconf 90' lang='lat' dir='ltr'><strong>autem</strong></span> <span class='ocrx_word' id='word_1_68' title='bbox 1215 1159 1336 1198; x_wconf 91' lang='lat' dir='ltr'><strong>esse</strong></span> <span class='ocrx_word' id='word_1_69' title='bbox 1373 1152 1494 1214; x_wconf 90' lang='lat' dir='ltr'><strong>post</strong></span> <span class='ocrx_word' id='word_1_70' title='bbox 1523 1144 1982 1215; x_wconf 77' lang='lat' dir='ltr'><strong>Metagitnionem,</strong></span> <span class='ocrx_word' id='word_1_71' title='bbox 2015 1163 2081 1201; x_wconf 80' lang='lat' dir='ltr'><strong>ex</strong></span> 
     </span>
    </p>
   </div>
   <div class='ocr_carea' id='block_1_14' title="bbox 527 1232 2079 1303">
    <p class='ocr_par' dir='ltr' id='par_1_14' title="bbox 527 1232 2079 1303">
     <span class='ocr_line' id='line_1_14' title="bbox 527 1232 2079 1303; baseline -0.001 -15"><span class='ocrx_word' id='word_1_72' title='bbox 527 1247 594 1288; x_wconf 91' lang='lat' dir='ltr'><strong>eo</strong></span> <span class='ocrx_word' id='word_1_73' title='bbox 617 1232 761 1301; x_wconf 87' lang='lat' dir='ltr'><strong>quod</strong></span> <span class='ocrx_word' id='word_1_74' title='bbox 820 1232 957 1286; x_wconf 80' lang='lat' dir='ltr'><strong>dixit</strong></span> <span class='ocrx_word' id='word_1_75' title='bbox 1014 1232 1330 1288; x_wconf 88' lang='lat' dir='ltr'><strong>Aristoteles</strong></span> <span class='ocrx_word' id='word_1_76' title='bbox 1386 1232 1452 1287; x_wconf 91' lang='lat' dir='ltr'><strong>de</strong></span> <span class='ocrx_word' id='word_1_77' title='bbox 1510 1235 1839 1288; x_wconf 86' lang='lat' dir='ltr'><strong>locustarum</strong></span> <span class='ocrx_word' id='word_1_78' title='bbox 1899 1243 2079 1303; x_wconf 89' lang='lat' dir='ltr'><strong>partu,</strong></span> 
     </span>
    </p>
   </div>
   <div class='ocr_carea' id='block_1_15' title="bbox 529 1321 2083 1392">
    <p class='ocr_par' dir='ltr' id='par_1_15' title="bbox 529 1321 2083 1392">
     <span class='ocr_line' id='line_1_15' title="bbox 529 1321 2083 1392; baseline 0.001 -15"><span class='ocrx_word' id='word_1_79' title='bbox 529 1323 782 1392; x_wconf 80' lang='lat' dir='ltr'><strong>colligere</strong></span> <span class='ocrx_word' id='word_1_80' title='bbox 813 1331 918 1378; x_wconf 88' lang='lat' dir='ltr'><strong>est.</strong></span> <span class='ocrx_word' id='word_1_81' title='bbox 973 1321 1085 1376; x_wconf 86' lang='lat' dir='ltr'><strong>Sub</strong></span> <span class='ocrx_word' id='word_1_82' title='bbox 1115 1332 1390 1377; x_wconf 83' lang='lat' dir='ltr'><strong>arcturum</strong></span> <span class='ocrx_word' id='word_1_83' title='bbox 1420 1325 1563 1379; x_wconf 90' lang='lat' dir='ltr'><strong>enim</strong></span> <span class='ocrx_word' id='word_1_84' title='bbox 1597 1327 1672 1378; x_wconf 91' lang='lat' dir='ltr'><strong>ait</strong></span> <span class='ocrx_word' id='word_1_85' title='bbox 1716 1327 1956 1381; x_wconf 91' lang='lat' dir='ltr'><strong>locustas</strong></span> <span class='ocrx_word' id='word_1_86' title='bbox 1980 1343 2083 1380; x_wconf 77' lang='lat' dir='ltr'><strong>ex-</strong></span> 
     </span>
    </p>
   </div>
   <div class='ocr_carea' id='block_1_16' title="bbox 529 1413 2084 1485">
    <p class='ocr_par' dir='ltr' id='par_1_16' title="bbox 529 1413 2084 1485">
     <span class='ocr_line' id='line_1_16' title="bbox 529 1413 2084 1485; baseline 0.001 -17"><span class='ocrx_word' id='word_1_87' title='bbox 529 1413 786 1480; x_wconf 85' lang='lat' dir='ltr'><strong>cludere;</strong></span> <span class='ocrx_word' id='word_1_88' title='bbox 837 1415 1009 1469; x_wconf 92' lang='lat' dir='ltr'><strong>tribus</strong></span> <span class='ocrx_word' id='word_1_89' title='bbox 1047 1430 1173 1469; x_wconf 83' lang='lat' dir='ltr'><strong>vero</strong></span> <span class='ocrx_word' id='word_1_90' title='bbox 1211 1414 1516 1476; x_wconf 81' lang='lat' dir='ltr'><strong>mensibus,</strong></span> <span class='ocrx_word' id='word_1_91' title='bbox 1554 1430 1674 1484; x_wconf 70' lang='lat' dir='ltr'><strong>quae</strong></span> <span class='ocrx_word' id='word_1_92' title='bbox 1713 1423 2084 1485; x_wconf 77' lang='lat' dir='ltr'><strong>conceperant</strong></span> 
     </span>
    </p>
   </div>
   <div class='ocr_carea' id='block_1_17' title="bbox 529 1505 2082 1575">
    <p class='ocr_par' dir='ltr' id='par_1_17' title="bbox 529 1505 2082 1575">
     <span class='ocr_line' id='line_1_17' title="bbox 529 1505 2082 1575; baseline 0.001 -15"><span class='ocrx_word' id='word_1_93' title='bbox 529 1520 650 1567; x_wconf 89' lang='lat' dir='ltr'><strong>ova,</strong></span> <span class='ocrx_word' id='word_1_94' title='bbox 685 1506 736 1559; x_wconf 93' lang='lat' dir='ltr'><strong>in</strong></span> <span class='ocrx_word' id='word_1_95' title='bbox 758 1516 911 1560; x_wconf 84' lang='lat' dir='ltr'><strong>utero</strong></span> <span class='ocrx_word' id='word_1_96' title='bbox 946 1505 1109 1571; x_wconf 83' lang='lat' dir='ltr'><strong>ferre,</strong></span> <span class='ocrx_word' id='word_1_97' title='bbox 1145 1506 1585 1575; x_wconf 80' lang='lat' dir='ltr'><strong>Sciropborioue,</strong></span> <span class='ocrx_word' id='word_1_98' title='bbox 1615 1506 2082 1571; x_wconf 74' lang='lat' dir='ltr'><strong>llecatombzeone,</strong></span> 
     </span>
    </p>
   </div>
   <div class='ocr_carea' id='block_1_18' title="bbox 529 1594 2082 1667">
    <p class='ocr_par' dir='ltr' id='par_1_18' title="bbox 529 1594 2082 1667">
     <span class='ocr_line' id='line_1_18' title="bbox 529 1594 2082 1667; baseline 0.003 -19"><span class='ocrx_word' id='word_1_99' title='bbox 529 1594 930 1666; x_wconf 81' lang='lat' dir='ltr'><strong>Metagituiouo.</strong></span> <span class='ocrx_word' id='word_1_100' title='bbox 999 1598 1370 1667; x_wconf 84' lang='lat' dir='ltr'><strong>Arcturusque</strong></span> <span class='ocrx_word' id='word_1_101' title='bbox 1428 1602 1574 1652; x_wconf 85' lang='lat' dir='ltr'><strong>circa</strong></span> <span class='ocrx_word' id='word_1_102' title='bbox 1637 1598 2082 1653; x_wconf 88' lang='lat' dir='ltr'><strong>Boedromionem</strong></span> 
     </span>
    </p>
   </div>
   <div class='ocr_carea' id='block_1_19' title="bbox 529 1685 2086 1752">
    <p class='ocr_par' dir='ltr' id='par_1_19' title="bbox 529 1685 2086 1752">
     <span class='ocr_line' id='line_1_19' title="bbox 529 1685 2086 1752; baseline 0.001 -12"><span class='ocrx_word' id='word_1_103' title='bbox 529 1686 724 1741; x_wconf 92' lang='lat' dir='ltr'><strong>oritur.</strong></span> <span class='ocrx_word' id='word_1_104' title='bbox 753 1685 884 1740; x_wconf 72' lang='lat' dir='ltr'><strong>Nam</strong></span> <span class='ocrx_word' id='word_1_105' title='bbox 909 1703 1097 1741; x_wconf 89' lang='lat' dir='ltr'><strong>cervas</strong></span> <span class='ocrx_word' id='word_1_106' title='bbox 1118 1687 1266 1742; x_wconf 89' lang='lat' dir='ltr'><strong>saliri</strong></span> <span class='ocrx_word' id='word_1_107' title='bbox 1286 1689 1352 1742; x_wconf 90' lang='lat' dir='ltr'><strong>ab</strong></span> <span class='ocrx_word' id='word_1_108' title='bbox 1373 1691 1626 1752; x_wconf 75' lang='lat' dir='ltr'><strong>Arcturo,</strong></span> <span class='ocrx_word' id='word_1_109' title='bbox 1649 1706 1832 1744; x_wconf 88' lang='lat' dir='ltr'><strong>mense</strong></span> <span class='ocrx_word' id='word_1_110' title='bbox 1855 1689 2086 1745; x_wconf 85' lang='lat' dir='ltr'><strong>Boedro-</strong></span> 
     </span>
    </p>
   </div>
   <div class='ocr_carea' id='block_1_20' title="bbox 2178 501 3746 576">
    <p class='ocr_par' dir='ltr' id='par_1_20' title="bbox 2178 501 3746 576">
     <span class='ocr_line' id='line_1_20' title="bbox 2178 501 3746 576; baseline 0.001 -18"><span class='ocrx_word' id='word_1_111' title='bbox 2178 506 2269 558; x_wconf 83' lang='grc' dir='ltr'><strong>τοῦ</strong></span> <span class='ocrx_word' id='word_1_112' title='bbox 2326 506 2510 576; x_wconf 81' lang='grc' dir='ltr'><strong>λεχθὲν</strong></span> <span class='ocrx_word' id='word_1_113' title='bbox 2560 507 2840 576; x_wconf 83' lang='grc' dir='ltr'><strong>πρότερον,</strong></span> <span class='ocrx_word' id='word_1_114' title='bbox 2889 505 3324 572; x_wconf 82' lang='grc' dir='ltr'><strong>Μεταγειτνιῶνα</strong></span> <span class='ocrx_word' id='word_1_115' title='bbox 3358 504 3556 574; x_wconf 63' lang='grc' dir='ltr'><strong>ἐφεξῆς</strong></span> <span class='ocrx_word' id='word_1_116' title='bbox 3606 501 3746 560; x_wconf 71' lang='grc' dir='ltr'><strong>εἶναι</strong></span> 
     </span>
    </p>
   </div>
   <div class='ocr_carea' id='block_1_21' title="bbox 2191 594 3747 667">
    <p class='ocr_par' dir='ltr' id='par_1_21' title="bbox 2191 594 3747 667">
     <span class='ocr_line' id='line_1_21' title="bbox 2191 594 3747 667; baseline -0.001 -18"><span class='ocrx_word' id='word_1_117' title='bbox 2191 596 2633 667; x_wconf 82' lang='grc' dir='ltr'><strong>Ἑκατομϐαιῶνι.</strong></span> <span class='ocrx_word' id='word_1_118' title='bbox 2659 597 2762 649; x_wconf 91' lang='grc' dir='ltr'><strong>Τοῦ</strong></span> <span class='ocrx_word' id='word_1_119' title='bbox 2792 596 2899 666; x_wconf 80' lang='grc' dir='ltr'><strong>γάρ</strong></span> <span class='ocrx_word' id='word_1_120' title='bbox 2920 594 3228 666; x_wconf 76' lang='grc' dir='ltr'><strong>χειμερινοῦ</strong></span> <span class='ocrx_word' id='word_1_121' title='bbox 3249 597 3422 666; x_wconf 80' lang='grc' dir='ltr'><strong>ἀρχὴν</strong></span> <span class='ocrx_word' id='word_1_122' title='bbox 3457 601 3599 664; x_wconf 79' lang='grc' dir='ltr'><strong>μετά</strong></span> <span class='ocrx_word' id='word_1_123' title='bbox 3624 612 3747 666; x_wconf 66' lang='grc' dir='ltr'><strong>τρο.</strong></span> 
     </span>
    </p>
   </div>
   <div class='ocr_carea' id='block_1_22' title="bbox 2180 681 3742 758">
    <p class='ocr_par' dir='ltr' id='par_1_22' title="bbox 2180 681 3742 758">
     <span class='ocr_line' id='line_1_22' title="bbox 2180 681 3742 758; baseline -0.002 -18"><span class='ocrx_word' id='word_1_124' title='bbox 2180 689 2286 751; x_wconf 84' lang='grc' dir='ltr'><strong>πάς</strong></span> <span class='ocrx_word' id='word_1_125' title='bbox 2320 689 2532 758; x_wconf 88' lang='grc' dir='ltr'><strong>Θερινάς</strong></span> <span class='ocrx_word' id='word_1_126' title='bbox 2559 689 2651 741; x_wconf 88' lang='grc' dir='ltr'><strong>τοῦ</strong></span> <span class='ocrx_word' id='word_1_127' title='bbox 2685 687 3140 756; x_wconf 79' lang='grc' dir='ltr'><strong>Μεταγειτνιῶνος</strong></span> <span class='ocrx_word' id='word_1_128' title='bbox 3174 685 3338 756; x_wconf 75' lang='grc' dir='ltr'><strong>μηνὸς</strong></span> <span class='ocrx_word' id='word_1_129' title='bbox 3375 681 3514 738; x_wconf 82' lang='grc' dir='ltr'><strong>εἷναί</strong></span> <span class='ocrx_word' id='word_1_130' title='bbox 3545 703 3742 755; x_wconf 73' lang='grc' dir='ltr'><strong>φησιν·</strong></span> 
     </span>
    </p>
   </div>
   <div class='ocr_carea' id='block_1_23' title="bbox 2178 771 3744 850">
    <p class='ocr_par' dir='ltr' id='par_1_23' title="bbox 2178 771 3744 850">
     <span class='ocr_line' id='line_1_23' title="bbox 2178 771 3744 850; baseline -0.001 -17"><span class='ocrx_word' id='word_1_131' title='bbox 2178 783 2234 834; x_wconf 76' lang='grc' dir='ltr'><strong>αἱ</strong></span> <span class='ocrx_word' id='word_1_132' title='bbox 2256 779 2312 832; x_wconf 79' lang='grc' dir='ltr'><strong>δὲ</strong></span> <span class='ocrx_word' id='word_1_133' title='bbox 2345 779 2552 850; x_wconf 76' lang='grc' dir='ltr'><strong>θεριναὶ</strong></span> <span class='ocrx_word' id='word_1_134' title='bbox 2572 781 2765 850; x_wconf 48' lang='grc' dir='ltr'><strong>τροπαὶ⁸</strong></span> <span class='ocrx_word' id='word_1_135' title='bbox 2790 779 2914 848; x_wconf 58' lang='grc' dir='ltr'><strong>τπρὶ</strong></span> <span class='ocrx_word' id='word_1_136' title='bbox 2955 777 3396 846; x_wconf 78' lang='grc' dir='ltr'><strong>Ἑκατομϐαιῶνα</strong></span> <span class='ocrx_word' id='word_1_137' title='bbox 3430 771 3574 848; x_wconf 79' lang='grc' dir='ltr'><strong>ἦσαν</strong></span> <span class='ocrx_word' id='word_1_138' title='bbox 3601 793 3620 807; x_wconf 86' lang='grc'><strong>·</strong></span> <span class='ocrx_word' id='word_1_139' title='bbox 3654 782 3744 831; x_wconf 68' lang='grc' dir='ltr'><strong>καὶ</strong></span> 
     </span>
    </p>
   </div>
   <div class='ocr_carea' id='block_1_24' title="bbox 2178 868 3741 941">
    <p class='ocr_par' dir='ltr' id='par_1_24' title="bbox 2178 868 3741 941">
     <span class='ocr_line' id='line_1_24' title="bbox 2178 868 3741 941; baseline -0.001 -18"><span class='ocrx_word' id='word_1_140' title='bbox 2178 870 2257 923; x_wconf 77' lang='grc' dir='ltr'><strong>ἑτι</strong></span> <span class='ocrx_word' id='word_1_141' title='bbox 2285 871 2346 923; x_wconf 90' lang='grc' dir='ltr'><strong>τό</strong></span> <span class='ocrx_word' id='word_1_142' title='bbox 2404 871 2797 941; x_wconf 78' lang='grc' dir='ltr'><strong>Ἀριστοτέλους</strong></span> <span class='ocrx_word' id='word_1_143' title='bbox 2837 871 2963 938; x_wconf 81' lang='grc' dir='ltr'><strong>περὶ</strong></span> <span class='ocrx_word' id='word_1_144' title='bbox 3017 869 3260 938; x_wconf 81' lang='grc' dir='ltr'><strong>κυήσεως</strong></span> <span class='ocrx_word' id='word_1_145' title='bbox 3302 869 3409 920; x_wconf 88' lang='grc' dir='ltr'><strong>τῶν</strong></span> <span class='ocrx_word' id='word_1_146' title='bbox 3460 868 3741 939; x_wconf 81' lang='grc' dir='ltr'><strong>καράϐων.</strong></span> 
     </span>
    </p>
   </div>
   <div class='ocr_carea' id='block_1_25' title="bbox 2180 961 3742 1033">
    <p class='ocr_par' dir='ltr' id='par_1_25' title="bbox 2180 961 3742 1033">
     <span class='ocr_line' id='line_1_25' title="bbox 2180 961 3742 1033; baseline -0.003 -15"><span class='ocrx_word' id='word_1_147' title='bbox 2180 966 2334 1020; x_wconf 70' lang='grc' dir='ltr'><strong>Μετὰ</strong></span> <span class='ocrx_word' id='word_1_148' title='bbox 2394 966 2501 1033; x_wconf 83' lang='grc' dir='ltr'><strong>γάρ</strong></span> <span class='ocrx_word' id='word_1_149' title='bbox 2575 962 3010 1032; x_wconf 83' lang='grc' dir='ltr'><strong>Ἑκατομϐαιῶνα</strong></span> <span class='ocrx_word' id='word_1_150' title='bbox 3078 961 3520 1028; x_wconf 75' lang='grc' dir='ltr'><strong>Μεταγειτνιῶνα</strong></span> <span class='ocrx_word' id='word_1_151' title='bbox 3613 978 3742 1014; x_wconf 85' lang='grc' dir='ltr'><strong>κατ-</strong></span> 
     </span>
    </p>
   </div>
   <div class='ocr_carea' id='block_1_26' title="bbox 2180 1050 3742 1126">
    <p class='ocr_par' dir='ltr' id='par_1_26' title="bbox 2180 1050 3742 1126">
     <span class='ocr_line' id='line_1_26' title="bbox 2180 1050 3742 1126; baseline -0.004 -17"><span class='ocrx_word' id='word_1_152' title='bbox 2180 1055 2404 1126; x_wconf 82' lang='grc' dir='ltr'><strong>αριθμεῖ</strong></span> <span class='ocrx_word' id='word_1_153' title='bbox 2436 1055 2647 1126; x_wconf 79' lang='grc' dir='ltr'><strong>ἐφεξῆς.</strong></span> <span class='ocrx_word' id='word_1_154' title='bbox 2687 1051 3061 1123; x_wconf 76' lang='grc' dir='ltr'><strong>Βοηδρομιῶνα</strong></span> <span class='ocrx_word' id='word_1_155' title='bbox 3092 1051 3147 1103; x_wconf 78' lang='grc' dir='ltr'><strong>δέ</strong></span> <span class='ocrx_word' id='word_1_156' title='bbox 3187 1052 3278 1102; x_wconf 76' lang='grc' dir='ltr'><strong>ἐπὶ</strong></span> <span class='ocrx_word' id='word_1_157' title='bbox 3316 1050 3742 1116; x_wconf 65' lang='grc' dir='ltr'><strong>Μεταγειτνιῶνι</strong></span> 
     </span>
    </p>
   </div>
   <div class='ocr_carea' id='block_1_27' title="bbox 2181 1141 3746 1216">
    <p class='ocr_par' dir='ltr' id='par_1_27' title="bbox 2181 1141 3746 1216">
     <span class='ocr_line' id='line_1_27' title="bbox 2181 1141 3746 1216; baseline -0.006 -16"><span class='ocrx_word' id='word_1_158' title='bbox 2181 1144 2318 1200; x_wconf 78' lang='grc' dir='ltr'><strong>εἶναι</strong></span> <span class='ocrx_word' id='word_1_159' title='bbox 2353 1145 2763 1216; x_wconf 73' lang='grc' dir='ltr'><strong>συλλογίσασθαι</strong></span> <span class='ocrx_word' id='word_1_160' title='bbox 2793 1145 2892 1206; x_wconf 80' lang='grc' dir='ltr'><strong>δεῖ,</strong></span> <span class='ocrx_word' id='word_1_161' title='bbox 2917 1144 3007 1196; x_wconf 82' lang='grc' dir='ltr'><strong>καὶ</strong></span> <span class='ocrx_word' id='word_1_162' title='bbox 3037 1144 3099 1194; x_wconf 90' lang='grc' dir='ltr'><strong>ἐκ</strong></span> <span class='ocrx_word' id='word_1_163' title='bbox 3121 1141 3214 1194; x_wconf 80' lang='grc' dir='ltr'><strong>τοῦ</strong></span> <span class='ocrx_word' id='word_1_164' title='bbox 3239 1141 3492 1212; x_wconf 76' lang='grc' dir='ltr'><strong>ῥηθέντος</strong></span> <span class='ocrx_word' id='word_1_165' title='bbox 3507 1141 3746 1211; x_wconf 77' lang='grc' dir='ltr'><strong>Ἀριστο-</strong></span> 
     </span>
    </p>
   </div>
   <div class='ocr_carea' id='block_1_28' title="bbox 2181 1233 3744 1309">
    <p class='ocr_par' dir='ltr' id='par_1_28' title="bbox 2181 1233 3744 1309">
     <span class='ocr_line' id='line_1_28' title="bbox 2181 1233 3744 1309; baseline -0.004 -18"><span class='ocrx_word' id='word_1_166' title='bbox 2181 1239 2323 1291; x_wconf 88' lang='grc' dir='ltr'><strong>τέλει</strong></span> <span class='ocrx_word' id='word_1_167' title='bbox 2374 1239 2499 1309; x_wconf 73' lang='grc' dir='ltr'><strong>περὶ</strong></span> <span class='ocrx_word' id='word_1_168' title='bbox 2531 1237 2686 1290; x_wconf 88' lang='grc' dir='ltr'><strong>τόκου</strong></span> <span class='ocrx_word' id='word_1_169' title='bbox 2713 1238 2820 1288; x_wconf 89' lang='grc' dir='ltr'><strong>τῶν</strong></span> <span class='ocrx_word' id='word_1_170' title='bbox 2864 1235 3112 1307; x_wconf 89' lang='grc' dir='ltr'><strong>καράϐων</strong></span> <span class='ocrx_word' id='word_1_171' title='bbox 3146 1233 3280 1286; x_wconf 83' lang='grc' dir='ltr'><strong>ἐστί.</strong></span> <span class='ocrx_word' id='word_1_172' title='bbox 3327 1233 3441 1304; x_wconf 80' lang='grc' dir='ltr'><strong>Πρὸ</strong></span> <span class='ocrx_word' id='word_1_173' title='bbox 3487 1233 3744 1301; x_wconf 74' lang='grc' dir='ltr'><strong>’Ᾱρκτούο</strong></span> 
     </span>
    </p>
   </div>
   <div class='ocr_carea' id='block_1_29' title="bbox 2183 1323 3746 1404">
    <p class='ocr_par' dir='ltr' id='par_1_29' title="bbox 2183 1323 3746 1404">
     <span class='ocr_line' id='line_1_29' title="bbox 2183 1323 3746 1404; baseline -0.006 -19"><span class='ocrx_word' id='word_1_174' title='bbox 2183 1350 2276 1404; x_wconf 87' lang='grc' dir='ltr'><strong>ρου</strong></span> <span class='ocrx_word' id='word_1_175' title='bbox 2330 1333 2438 1402; x_wconf 85' lang='grc' dir='ltr'><strong>γάρ</strong></span> <span class='ocrx_word' id='word_1_176' title='bbox 2477 1347 2609 1401; x_wconf 66' lang='grc' dir='ltr'><strong>φησι</strong></span> <span class='ocrx_word' id='word_1_177' title='bbox 2653 1331 2777 1391; x_wconf 70' lang='grc' dir='ltr'><strong>τοὺς</strong></span> <span class='ocrx_word' id='word_1_178' title='bbox 2807 1327 3080 1398; x_wconf 85' lang='grc' dir='ltr'><strong>καράϐους</strong></span> <span class='ocrx_word' id='word_1_179' title='bbox 3104 1326 3368 1380; x_wconf 83' lang='grc' dir='ltr'><strong>ἐκτίκτειν</strong></span> <span class='ocrx_word' id='word_1_180' title='bbox 3393 1343 3406 1356; x_wconf 88' lang='grc'><strong>·</strong></span> <span class='ocrx_word' id='word_1_181' title='bbox 3446 1325 3643 1378; x_wconf 84' lang='grc' dir='ltr'><strong>κυοῦσι</strong></span> <span class='ocrx_word' id='word_1_182' title='bbox 3690 1323 3746 1376; x_wconf 70' lang='grc' dir='ltr'>ἶέ</span> 
     </span>
    </p>
   </div>
   <div class='ocr_carea' id='block_1_30' title="bbox 2185 1418 3744 1507">
    <p class='ocr_par' dir='ltr' id='par_1_30' title="bbox 2185 1418 3744 1507">
     <span class='ocr_line' id='line_1_30' title="bbox 2185 1418 3744 1507; baseline -0.004 -30"><span class='ocrx_word' id='word_1_183' title='bbox 2185 1426 2308 1496; x_wconf 77' lang='grc' dir='ltr'><strong>περὶ</strong></span> <span class='ocrx_word' id='word_1_184' title='bbox 2359 1425 2530 1494; x_wconf 82' lang='grc' dir='ltr'><strong>μῆνας</strong></span> <span class='ocrx_word' id='word_1_185' title='bbox 2574 1425 2741 1492; x_wconf 85' lang='grc' dir='ltr'><strong>τρεῖς,</strong></span> <span class='ocrx_word' id='word_1_186' title='bbox 2805 1419 3225 1490; x_wconf 79' lang='grc' dir='ltr'><strong>Σκιροφοριῶνα,</strong></span> <span class='ocrx_word' id='word_1_187' title='bbox 3272 1418 3744 1507; x_wconf 69' lang='grc' dir='ltr'><strong>Ἑκατομϐαιῶνα,</strong></span> 
     </span>
    </p>
   </div>
   <div class='ocr_carea' id='block_1_31' title="bbox 2183 1508 3750 1581">
    <p class='ocr_par' dir='ltr' id='par_1_31' title="bbox 2183 1508 3750 1581">
     <span class='ocr_line' id='line_1_31' title="bbox 2183 1508 3750 1581; baseline -0.004 -16"><span class='ocrx_word' id='word_1_188' title='bbox 2183 1511 2617 1580; x_wconf 80' lang='grc' dir='ltr'><strong>Μεταγειτνιῶνα</strong></span> <span class='ocrx_word' id='word_1_189' title='bbox 2641 1528 2654 1542; x_wconf 78' lang='grc' dir='ltr'><strong>ο</strong></span> <span class='ocrx_word' id='word_1_190' title='bbox 2713 1508 3032 1581; x_wconf 81' lang='grc' dir='ltr'><strong>’Δρκτοῦρός</strong></span> <span class='ocrx_word' id='word_1_191' title='bbox 3088 1525 3147 1561; x_wconf 88' lang='grc' dir='ltr'><strong>τε</strong></span> <span class='ocrx_word' id='word_1_192' title='bbox 3199 1509 3325 1578; x_wconf 70' lang='grc' dir='ltr'><strong>περ).</strong></span> <span class='ocrx_word' id='word_1_193' title='bbox 3364 1508 3750 1578; x_wconf 65' lang='grc' dir='ltr'><strong>Βοηδρομιῶνι</strong></span> 
     </span>
    </p>
   </div>
   <div class='ocr_carea' id='block_1_32' title="bbox 2185 1597 3750 1668">
    <p class='ocr_par' dir='ltr' id='par_1_32' title="bbox 2185 1597 3750 1668">
     <span class='ocr_line' id='line_1_32' title="bbox 2185 1597 3750 1668; baseline -0.003 -16"><span class='ocrx_word' id='word_1_194' title='bbox 2185 1599 2470 1653; x_wconf 77' lang='grc' dir='ltr'><strong>ἐπιτέλλει.</strong></span> <span class='ocrx_word' id='word_1_195' title='bbox 2527 1597 2833 1667; x_wconf 83' lang='grc' dir='ltr'><strong>Ὀχεύεσθαι</strong></span> <span class='ocrx_word' id='word_1_196' title='bbox 2893 1597 3002 1668; x_wconf 85' lang='grc' dir='ltr'><strong>γάρ</strong></span> <span class='ocrx_word' id='word_1_197' title='bbox 3049 1597 3147 1660; x_wconf 80' lang='grc' dir='ltr'><strong>τάς</strong></span> <span class='ocrx_word' id='word_1_198' title='bbox 3189 1597 3417 1664; x_wconf 70' lang='grc' dir='ltr'><strong>ἐλάφους</strong></span> <span class='ocrx_word' id='word_1_199' title='bbox 3460 1598 3599 1665; x_wconf 68' lang='grc' dir='ltr'><strong>φησι</strong></span> <span class='ocrx_word' id='word_1_200' title='bbox 3638 1600 3750 1666; x_wconf 84' lang='grc' dir='ltr'><strong>μετ’</strong></span> 
     </span>
    </p>
   </div>
   <div class='ocr_carea' id='block_1_33' title="bbox 2199 1686 3752 1760">
    <p class='ocr_par' dir='ltr' id='par_1_33' title="bbox 2199 1686 3752 1760">
     <span class='ocr_line' id='line_1_33' title="bbox 2199 1686 3752 1760; baseline -0.004 -17"><span class='ocrx_word' id='word_1_201' title='bbox 2199 1689 2520 1760; x_wconf 77' lang='grc' dir='ltr'><strong>Ἀρκτοῦρον</strong></span> <span class='ocrx_word' id='word_1_202' title='bbox 2586 1692 2711 1760; x_wconf 74' lang='grc' dir='ltr'><strong>περὶ</strong></span> <span class='ocrx_word' id='word_1_203' title='bbox 2781 1688 3178 1760; x_wconf 82' lang='grc' dir='ltr'><strong>Βοηδρομιῶνα.</strong></span> <span class='ocrx_word' id='word_1_204' title='bbox 3247 1688 3354 1740; x_wconf 69' lang='grc' dir='ltr'><strong>Καὶ</strong></span> <span class='ocrx_word' id='word_1_205' title='bbox 3410 1686 3752 1757; x_wconf 60' lang='grc' dir='ltr'><strong>Θεόφρασττς</strong></span> 
     </span>
    </p>
   </div>
   <div class='ocr_carea' id='block_1_34' title="bbox 531 1769 2088 1854">
    <p class='ocr_par' dir='ltr' id='par_1_34' title="bbox 531 1775 2079 1849">
     <span class='ocr_line' id='line_1_34' title="bbox 531 1775 2079 1849; baseline 0.005 -20"><span class='ocrx_word' id='word_1_206' title='bbox 531 1776 711 1830; x_wconf 87' lang='lat' dir='ltr'><strong>mione</strong></span> <span class='ocrx_word' id='word_1_207' title='bbox 762 1778 948 1833; x_wconf 79' lang='lat' dir='ltr'><strong>refert.</strong></span> <span class='ocrx_word' id='word_1_208' title='bbox 990 1777 1052 1830; x_wconf 83' lang='lat' dir='ltr'><strong>Et</strong></span> <span class='ocrx_word' id='word_1_209' title='bbox 1080 1775 1486 1848; x_wconf 72' lang='lat' dir='ltr'><strong>TheOpliras‘tus</strong></span> <span class='ocrx_word' id='word_1_210' title='bbox 1532 1782 1904 1849; x_wconf 82' lang='lat' dir='ltr'><strong>tempestivam</strong></span> <span class='ocrx_word' id='word_1_211' title='bbox 1957 1795 2079 1835; x_wconf 90' lang='lat' dir='ltr'><strong>esse</strong></span> 
     </span>
    </p>
   </div>
   <div class='ocr_carea' id='block_1_35' title="bbox 2191 1769 3750 1854">
    <p class='ocr_par' dir='ltr' id='par_1_35' title="bbox 2191 1779 3750 1854">
     <span class='ocr_line' id='line_1_35' title="bbox 2191 1779 3750 1854; baseline 0.004 -20"><span class='ocrx_word' id='word_1_212' title='bbox 2191 1783 2387 1854; x_wconf 76' lang='grc' dir='ltr'><strong>ὡραίαν</strong></span> <span class='ocrx_word' id='word_1_213' title='bbox 2411 1779 2656 1852; x_wconf 75' lang='grc' dir='ltr'><strong>εἶναιτὴν</strong></span> <span class='ocrx_word' id='word_1_214' title='bbox 2679 1779 2769 1834; x_wconf 86' lang='grc' dir='ltr'><strong>τοῦ</strong></span> <span class='ocrx_word' id='word_1_215' title='bbox 2805 1780 3047 1850; x_wconf 79' lang='grc' dir='ltr'><strong>καλάμου</strong></span> <span class='ocrx_word' id='word_1_216' title='bbox 3076 1779 3242 1849; x_wconf 76' lang='grc' dir='ltr'><strong>τομὴν</strong></span> <span class='ocrx_word' id='word_1_217' title='bbox 3281 1781 3370 1831; x_wconf 77' lang='grc' dir='ltr'><strong>ὑπ’</strong></span> <span class='ocrx_word' id='word_1_218' title='bbox 3409 1779 3464 1830; x_wconf 80' lang='grc' dir='ltr'>Ἀ</span> <span class='ocrx_word' id='word_1_219' title='bbox 3477 1779 3750 1848; x_wconf 69' lang='grc' dir='ltr'><strong>ρκτοῦρψ.</strong></span> 
     </span>
    </p>
   </div>
   <div class='ocr_carea' id='block_1_36' title="bbox 531 1867 2085 1927">
    <p class='ocr_par' dir='ltr' id='par_1_36' title="bbox 531 1867 2085 1927">
     <span class='ocr_line' id='line_1_36' title="bbox 531 1867 2085 1927; baseline 0.005 -7"><span class='ocrx_word' id='word_1_220' title='bbox 531 1867 724 1920; x_wconf 87' lang='lat' dir='ltr'><strong>calami</strong></span> <span class='ocrx_word' id='word_1_221' title='bbox 777 1883 1035 1922; x_wconf 73' lang='lat' dir='ltr'><strong>cmsuram</strong></span> <span class='ocrx_word' id='word_1_222' title='bbox 1090 1870 1192 1924; x_wconf 87' lang='lat' dir='ltr'><strong>sub</strong></span> <span class='ocrx_word' id='word_1_223' title='bbox 1245 1880 1483 1923; x_wconf 89' lang='lat' dir='ltr'><strong>arcturo.</strong></span> <span class='ocrx_word' id='word_1_224' title='bbox 1532 1869 1704 1925; x_wconf 85' lang='lat' dir='ltr'><strong>Porro</strong></span> <span class='ocrx_word' id='word_1_225' title='bbox 1749 1871 1946 1926; x_wconf 87' lang='lat' dir='ltr'><strong>Suidas</strong></span> <span class='ocrx_word' id='word_1_226' title='bbox 1995 1872 2085 1927; x_wconf 88' lang='lat' dir='ltr'><strong>ille</strong></span> 
     </span>
    </p>
   </div>
   <div class='ocr_carea' id='block_1_37' title="bbox 533 1960 2083 2036">
    <p class='ocr_par' dir='ltr' id='par_1_37' title="bbox 533 1960 2083 2036">
     <span class='ocr_line' id='line_1_37' title="bbox 533 1960 2083 2036; baseline 0.006 -22"><span class='ocrx_word' id='word_1_227' title='bbox 533 1960 838 2015; x_wconf 90' lang='lat' dir='ltr'><strong>dictionarii</strong></span> <span class='ocrx_word' id='word_1_228' title='bbox 884 1965 1140 2033; x_wconf 90' lang='lat' dir='ltr'><strong>scriptor,</strong></span> <span class='ocrx_word' id='word_1_229' title='bbox 1178 1974 1322 2021; x_wconf 87' lang='lat' dir='ltr'><strong>recte</strong></span> <span class='ocrx_word' id='word_1_230' title='bbox 1362 1967 1461 2020; x_wconf 92' lang='lat' dir='ltr'><strong>hoc</strong></span> <span class='ocrx_word' id='word_1_231' title='bbox 1491 1968 1704 2036; x_wconf 86' lang='lat' dir='ltr'><strong>quidem</strong></span> <span class='ocrx_word' id='word_1_232' title='bbox 1733 1969 1892 2032; x_wconf 81' lang='lat' dir='ltr'><strong>dixit,</strong></span> <span class='ocrx_word' id='word_1_233' title='bbox 1922 1969 2083 2024; x_wconf 84' lang='lat' dir='ltr'><strong>Meta-</strong></span> 
     </span>
    </p>
   </div>
   <div class='ocr_carea' id='block_1_38' title="bbox 531 2053 2081 2121">
    <p class='ocr_par' dir='ltr' id='par_1_38' title="bbox 531 2053 2081 2121">
     <span class='ocr_line' id='line_1_38' title="bbox 531 2053 2081 2121; baseline 0.008 -16"><span class='ocrx_word' id='word_1_234' title='bbox 531 2053 823 2121; x_wconf 83' lang='lat' dir='ltr'><strong>gitnionem</strong></span> <span class='ocrx_word' id='word_1_235' title='bbox 869 2057 1167 2110; x_wconf 88' lang='lat' dir='ltr'><strong>secundum</strong></span> <span class='ocrx_word' id='word_1_236' title='bbox 1211 2074 1332 2112; x_wconf 88' lang='lat' dir='ltr'><strong>esse</strong></span> <span class='ocrx_word' id='word_1_237' title='bbox 1366 2075 1605 2113; x_wconf 89' lang='lat' dir='ltr'><strong>mensem</strong></span> <span class='ocrx_word' id='word_1_238' title='bbox 1637 2060 2081 2117; x_wconf 79' lang='lat' dir='ltr'><strong>Atheniensibus.</strong></span> 
     </span>
    </p>
   </div>
   <div class='ocr_carea' id='block_1_39' title="bbox 530 2140 2081 2217">
    <p class='ocr_par' dir='ltr' id='par_1_39' title="bbox 530 2140 2081 2217">
     <span class='ocr_line' id='line_1_39' title="bbox 530 2140 2081 2217; baseline 0.01 -23"><span class='ocrx_word' id='word_1_239' title='bbox 530 2140 598 2194; x_wconf 80' lang='lat' dir='ltr'><strong>At</strong></span> <span class='ocrx_word' id='word_1_240' title='bbox 629 2153 750 2212; x_wconf 91' lang='lat' dir='ltr'><strong>post</strong></span> <span class='ocrx_word' id='word_1_241' title='bbox 778 2143 1218 2201; x_wconf 83' lang='lat' dir='ltr'><strong>Boedromionem</strong></span> <span class='ocrx_word' id='word_1_242' title='bbox 1259 2147 1512 2217; x_wconf 85' lang='lat' dir='ltr'><strong>deinceps</strong></span> <span class='ocrx_word' id='word_1_243' title='bbox 1533 2156 1616 2204; x_wconf 88' lang='lat' dir='ltr'><strong>est</strong></span> <span class='ocrx_word' id='word_1_244' title='bbox 1641 2149 2035 2206; x_wconf 71' lang='lat' dir='ltr'><strong>Mazmacterion</strong></span> <span class='ocrx_word' id='word_1_245' title='bbox 2068 2173 2081 2210; x_wconf 91' lang='lat'><strong>:</strong></span> 
     </span>
    </p>
   </div>
   <div class='ocr_carea' id='block_1_40' title="bbox 532 2233 2086 2313">
    <p class='ocr_par' dir='ltr' id='par_1_40' title="bbox 532 2233 2086 2313">
     <span class='ocr_line' id='line_1_40' title="bbox 532 2233 2086 2313; baseline 0.007 -25"><span class='ocrx_word' id='word_1_246' title='bbox 532 2233 694 2302; x_wconf 84' lang='lat' dir='ltr'><strong>idque</strong></span> <span class='ocrx_word' id='word_1_247' title='bbox 724 2235 774 2287; x_wconf 93' lang='lat' dir='ltr'><strong>in</strong></span> <span class='ocrx_word' id='word_1_248' title='bbox 807 2246 1054 2303; x_wconf 90' lang='lat' dir='ltr'><strong>promptu</strong></span> <span class='ocrx_word' id='word_1_249' title='bbox 1085 2247 1187 2291; x_wconf 91' lang='lat' dir='ltr'><strong>est.</strong></span> <span class='ocrx_word' id='word_1_250' title='bbox 1231 2236 1364 2292; x_wconf 84' lang='lat' dir='ltr'><strong>Nam</strong></span> <span class='ocrx_word' id='word_1_251' title='bbox 1400 2241 1716 2297; x_wconf 78' lang='lat' dir='ltr'><strong>Aristoteles</strong></span> <span class='ocrx_word' id='word_1_252' title='bbox 1747 2243 1932 2298; x_wconf 90' lang='lat' dir='ltr'><strong>eodem</strong></span> <span class='ocrx_word' id='word_1_253' title='bbox 1977 2260 2086 2313; x_wconf 85' lang='lat' dir='ltr'><strong>quo</strong></span> 
     </span>
    </p>
   </div>
   <div class='ocr_carea' id='block_1_41' title="bbox 531 2323 2087 2397">
    <p class='ocr_par' dir='ltr' id='par_1_41' title="bbox 531 2323 2087 2397">
     <span class='ocr_line' id='line_1_41' title="bbox 531 2323 2087 2397; baseline 0.006 -20"><span class='ocrx_word' id='word_1_254' title='bbox 531 2323 598 2378; x_wconf 91' lang='lat' dir='ltr'><strong>de</strong></span> <span class='ocrx_word' id='word_1_255' title='bbox 627 2325 802 2378; x_wconf 84' lang='lat' dir='ltr'><strong>cervis</strong></span> <span class='ocrx_word' id='word_1_256' title='bbox 839 2325 978 2386; x_wconf 91' lang='lat' dir='ltr'><strong>loco,</strong></span> <span class='ocrx_word' id='word_1_257' title='bbox 1010 2327 1152 2381; x_wconf 86' lang='lat' dir='ltr'><strong>hunc</strong></span> <span class='ocrx_word' id='word_1_258' title='bbox 1192 2329 1496 2397; x_wconf 81' lang='lat' dir='ltr'><strong>proximum</strong></span> <span class='ocrx_word' id='word_1_259' title='bbox 1539 2331 1615 2384; x_wconf 89' lang='lat' dir='ltr'><strong>illi</strong></span> <span class='ocrx_word' id='word_1_260' title='bbox 1648 2330 1840 2386; x_wconf 90' lang='lat' dir='ltr'><strong>ordine</strong></span> <span class='ocrx_word' id='word_1_261' title='bbox 1881 2334 2087 2387; x_wconf 80' lang='lat' dir='ltr'><strong>consti-</strong></span> 
     </span>
    </p>
   </div>
   <div class='ocr_carea' id='block_1_42' title="bbox 533 2414 2083 2492">
    <p class='ocr_par' dir='ltr' id='par_1_42' title="bbox 533 2414 2083 2492">
     <span class='ocr_line' id='line_1_42' title="bbox 533 2414 2083 2492; baseline 0.006 -24"><span class='ocrx_word' id='word_1_262' title='bbox 533 2414 655 2476; x_wconf 87' lang='lat' dir='ltr'><strong>tuit,</strong></span> <span class='ocrx_word' id='word_1_263' title='bbox 684 2429 807 2468; x_wconf 93' lang='lat' dir='ltr'><strong>cum</strong></span> <span class='ocrx_word' id='word_1_264' title='bbox 853 2415 1022 2470; x_wconf 71' lang='lat' dir='ltr'><strong>dixit:</strong></span> <span class='ocrx_word' id='word_1_265' title='bbox 1059 2437 1077 2468; x_wconf 85' lang='grc' dir='ltr'><strong>ι</strong></span> <span class='ocrx_word' id='word_1_266' title='bbox 1121 2418 1310 2474; x_wconf 85' lang='lat' dir='ltr'><strong>Cuitus</strong></span> <span class='ocrx_word' id='word_1_267' title='bbox 1353 2437 1481 2475; x_wconf 88' lang='lat' dir='ltr'><strong>vero</strong></span> <span class='ocrx_word' id='word_1_268' title='bbox 1513 2421 1570 2475; x_wconf 84' lang='lat' dir='ltr'><strong>lit</strong></span> <span class='ocrx_word' id='word_1_269' title='bbox 1620 2431 1741 2492; x_wconf 86' lang='lat' dir='ltr'><strong>post</strong></span> <span class='ocrx_word' id='word_1_270' title='bbox 1770 2423 2083 2490; x_wconf 82' lang='lat' dir='ltr'><strong>Arcturum,</strong></span> 
     </span>
    </p>
   </div>
   <div class='ocr_carea' id='block_1_43' title="bbox 533 2504 2088 2570">
    <p class='ocr_par' dir='ltr' id='par_1_43' title="bbox 533 2504 2088 2570">
     <span class='ocr_line' id='line_1_43' title="bbox 533 2504 2088 2570; baseline 0.008 -13"><span class='ocrx_word' id='word_1_271' title='bbox 533 2505 680 2558; x_wconf 88' lang='lat' dir='ltr'><strong>circa</strong></span> <span class='ocrx_word' id='word_1_272' title='bbox 735 2504 1181 2562; x_wconf 83' lang='lat' dir='ltr'><strong>Boedromionem</strong></span> <span class='ocrx_word' id='word_1_273' title='bbox 1230 2520 1284 2564; x_wconf 87' lang='lat' dir='ltr'><strong>et</strong></span> <span class='ocrx_word' id='word_1_274' title='bbox 1330 2510 1838 2570; x_wconf 66' lang='lat' dir='ltr'><strong>Maemacterionem.</strong></span> <span class='ocrx_word' id='word_1_275' title='bbox 1879 2535 1897 2567; x_wconf 72' lang='grc' dir='ltr'><strong>ι</strong></span> <span class='ocrx_word' id='word_1_276' title='bbox 1954 2515 2088 2570; x_wconf 83' lang='lat' dir='ltr'><strong>Ani-</strong></span> 
     </span>
    </p>
   </div>
   <div class='ocr_carea' id='block_1_44' title="bbox 533 2598 2089 2677">
    <p class='ocr_par' dir='ltr' id='par_1_44' title="bbox 533 2598 2089 2677">
     <span class='ocr_line' id='line_1_44' title="bbox 533 2598 2089 2677; baseline 0.006 -26"><span class='ocrx_word' id='word_1_277' title='bbox 533 2598 693 2652; x_wconf 88' lang='lat' dir='ltr'><strong>malia</strong></span> <span class='ocrx_word' id='word_1_278' title='bbox 717 2614 936 2668; x_wconf 87' lang='lat' dir='ltr'><strong>quoque</strong></span> <span class='ocrx_word' id='word_1_279' title='bbox 966 2600 1321 2657; x_wconf 83' lang='lat' dir='ltr'><strong>imbecilliora</strong></span> <span class='ocrx_word' id='word_1_280' title='bbox 1355 2605 1506 2673; x_wconf 90' lang='lat' dir='ltr'><strong>prius</strong></span> <span class='ocrx_word' id='word_1_281' title='bbox 1537 2606 1766 2674; x_wconf 86' lang='lat' dir='ltr'><strong>migrare</strong></span> <span class='ocrx_word' id='word_1_282' title='bbox 1791 2606 1857 2660; x_wconf 89' lang='lat' dir='ltr'><strong>ad</strong></span> <span class='ocrx_word' id='word_1_283' title='bbox 1888 2615 2089 2677; x_wconf 81' lang='lat' dir='ltr'><strong>tempo-</strong></span> 
     </span>
    </p>
   </div>
   <div class='ocr_carea' id='block_1_45' title="bbox 532 2690 2086 2764">
    <p class='ocr_par' dir='ltr' id='par_1_45' title="bbox 532 2690 2086 2764">
     <span class='ocr_line' id='line_1_45' title="bbox 532 2690 2086 2764; baseline 0.008 -23"><span class='ocrx_word' id='word_1_284' title='bbox 532 2703 648 2741; x_wconf 89' lang='lat' dir='ltr'><strong>rum</strong></span> <span class='ocrx_word' id='word_1_285' title='bbox 679 2690 1008 2745; x_wconf 87' lang='lat' dir='ltr'><strong>mutationes</strong></span> <span class='ocrx_word' id='word_1_286' title='bbox 1049 2691 1230 2752; x_wconf 90' lang='lat' dir='ltr'><strong>docet.</strong></span> <span class='ocrx_word' id='word_1_287' title='bbox 1271 2695 1582 2750; x_wconf 77' lang='lat' dir='ltr'><strong>coturnices</strong></span> <span class='ocrx_word' id='word_1_288' title='bbox 1605 2695 1820 2764; x_wconf 81' lang='lat' dir='ltr'><strong>quidem</strong></span> <span class='ocrx_word' id='word_1_289' title='bbox 1853 2696 2086 2752; x_wconf 83' lang='lat' dir='ltr'><strong>Boedro-</strong></span> 
     </span>
    </p>
   </div>
   <div class='ocr_carea' id='block_1_46' title="bbox 534 2778 2088 2855">
    <p class='ocr_par' dir='ltr' id='par_1_46' title="bbox 534 2778 2088 2855">
     <span class='ocr_line' id='line_1_46' title="bbox 534 2778 2088 2855; baseline 0.007 -24"><span class='ocrx_word' id='word_1_290' title='bbox 534 2778 734 2844; x_wconf 89' lang='lat' dir='ltr'><strong>mione,</strong></span> <span class='ocrx_word' id='word_1_291' title='bbox 769 2795 934 2850; x_wconf 89' lang='lat' dir='ltr'><strong>grues</strong></span> <span class='ocrx_word' id='word_1_292' title='bbox 1001 2793 1179 2855; x_wconf 87' lang='lat' dir='ltr'><strong>autem</strong></span> <span class='ocrx_word' id='word_1_293' title='bbox 1235 2783 1683 2850; x_wconf 69' lang='lat' dir='ltr'><strong>Mmmacterione,</strong></span> <span class='ocrx_word' id='word_1_294' title='bbox 1753 2796 1809 2840; x_wconf 92' lang='lat' dir='ltr'><strong>ut</strong></span> <span class='ocrx_word' id='word_1_295' title='bbox 1879 2788 2088 2842; x_wconf 79' lang='lat' dir='ltr'><strong>scilicrt</strong></span> 
     </span>
    </p>
   </div>
   <div class='ocr_carea' id='block_1_47' title="bbox 533 2871 2086 2945">
    <p class='ocr_par' dir='ltr' id='par_1_47' title="bbox 533 2871 2086 2945">
     <span class='ocr_line' id='line_1_47' title="bbox 533 2871 2086 2945; baseline 0.008 -23"><span class='ocrx_word' id='word_1_296' title='bbox 533 2871 776 2926; x_wconf 85' lang='lat' dir='ltr'><strong>videmus</strong></span> <span class='ocrx_word' id='word_1_297' title='bbox 824 2888 987 2942; x_wconf 89' lang='lat' dir='ltr'><strong>grues</strong></span> <span class='ocrx_word' id='word_1_298' title='bbox 1021 2885 1282 2943; x_wconf 86' lang='lat' dir='ltr'><strong>sequente</strong></span> <span class='ocrx_word' id='word_1_299' title='bbox 1310 2891 1494 2930; x_wconf 88' lang='lat' dir='ltr'><strong>mense</strong></span> <span class='ocrx_word' id='word_1_300' title='bbox 1537 2884 1655 2945; x_wconf 88' lang='lat' dir='ltr'><strong>post</strong></span> <span class='ocrx_word' id='word_1_301' title='bbox 1685 2879 1991 2934; x_wconf 87' lang='lat' dir='ltr'><strong>coturnices</strong></span> <span class='ocrx_word' id='word_1_302' title='bbox 2021 2896 2086 2934; x_wconf 82' lang='lat' dir='ltr'><strong>ex</strong></span> 
     </span>
    </p>
   </div>
   <div class='ocr_carea' id='block_1_48' title="bbox 532 2961 2087 3036">
    <p class='ocr_par' dir='ltr' id='par_1_48' title="bbox 532 2961 2087 3036">
     <span class='ocr_line' id='line_1_48' title="bbox 532 2961 2087 3036; baseline 0.007 -22"><span class='ocrx_word' id='word_1_303' title='bbox 532 2961 743 3031; x_wconf 75' lang='lat' dir='ltr'><strong>frigidis</strong></span> <span class='ocrx_word' id='word_1_304' title='bbox 769 2965 901 3018; x_wconf 82' lang='lat' dir='ltr'><strong>locis</strong></span> <span class='ocrx_word' id='word_1_305' title='bbox 924 2965 988 3018; x_wconf 89' lang='lat' dir='ltr'><strong>ad</strong></span> <span class='ocrx_word' id='word_1_306' title='bbox 1017 2967 1231 3034; x_wconf 81' lang='lat' dir='ltr'><strong>apricos</strong></span> <span class='ocrx_word' id='word_1_307' title='bbox 1283 2975 1337 3022; x_wconf 90' lang='lat' dir='ltr'><strong>et</strong></span> <span class='ocrx_word' id='word_1_308' title='bbox 1361 2968 1571 3036; x_wconf 86' lang='lat' dir='ltr'><strong>tepidos</strong></span> <span class='ocrx_word' id='word_1_309' title='bbox 1592 2969 1892 3025; x_wconf 87' lang='lat' dir='ltr'><strong>discedere.</strong></span> <span class='ocrx_word' id='word_1_310' title='bbox 1915 2969 2087 3025; x_wconf 90' lang='lat' dir='ltr'><strong>Simul</strong></span> 
     </span>
    </p>
   </div>
   <div class='ocr_carea' id='block_1_49' title="bbox 533 3055 2086 3131">
    <p class='ocr_par' dir='ltr' id='par_1_49' title="bbox 533 3055 2086 3131">
     <span class='ocr_line' id='line_1_49' title="bbox 533 3055 2086 3131; baseline 0.008 -26"><span class='ocrx_word' id='word_1_311' title='bbox 533 3061 712 3108; x_wconf 88' lang='lat' dir='ltr'><strong>autem</strong></span> <span class='ocrx_word' id='word_1_312' title='bbox 753 3055 880 3110; x_wconf 82' lang='lat' dir='ltr'><strong>hinc</strong></span> <span class='ocrx_word' id='word_1_313' title='bbox 922 3071 1137 3126; x_wconf 82' lang='lat' dir='ltr'><strong>quoque</strong></span> <span class='ocrx_word' id='word_1_314' title='bbox 1186 3066 1520 3128; x_wconf 81' lang='lat' dir='ltr'><strong>compertum</strong></span> <span class='ocrx_word' id='word_1_315' title='bbox 1569 3068 1689 3122; x_wconf 88' lang='lat' dir='ltr'><strong>est,</strong></span> <span class='ocrx_word' id='word_1_316' title='bbox 1723 3061 1867 3130; x_wconf 92' lang='lat' dir='ltr'><strong>quod</strong></span> <span class='ocrx_word' id='word_1_317' title='bbox 1907 3077 2086 3131; x_wconf 75' lang='lat' dir='ltr'><strong>Opera:</strong></span> 
     </span>
    </p>
   </div>
   <div class='ocr_carea' id='block_1_50' title="bbox 535 3145 2081 3219">
    <p class='ocr_par' dir='ltr' id='par_1_50' title="bbox 535 3145 2081 3219">
     <span class='ocr_line' id='line_1_50' title="bbox 535 3145 2081 3219; baseline 0.007 -22"><span class='ocrx_word' id='word_1_318' title='bbox 535 3145 763 3214; x_wconf 88' lang='lat' dir='ltr'><strong>pretium</strong></span> <span class='ocrx_word' id='word_1_319' title='bbox 806 3148 876 3201; x_wconf 89' lang='lat' dir='ltr'><strong>sit</strong></span> <span class='ocrx_word' id='word_1_320' title='bbox 923 3156 1163 3204; x_wconf 85' lang='lat' dir='ltr'><strong>statuere</strong></span> <span class='ocrx_word' id='word_1_321' title='bbox 1207 3165 1465 3214; x_wconf 90' lang='lat' dir='ltr'><strong>mensem,</strong></span> <span class='ocrx_word' id='word_1_322' title='bbox 1499 3151 1550 3204; x_wconf 91' lang='lat' dir='ltr'><strong>in</strong></span> <span class='ocrx_word' id='word_1_323' title='bbox 1593 3167 1700 3219; x_wconf 91' lang='lat' dir='ltr'><strong>quo</strong></span> <span class='ocrx_word' id='word_1_324' title='bbox 1731 3152 1801 3207; x_wconf 90' lang='lat' dir='ltr'><strong>sit</strong></span> <span class='ocrx_word' id='word_1_325' title='bbox 1833 3156 2081 3208; x_wconf 83' lang='lat' dir='ltr'><strong>autumni</strong></span> 
     </span>
    </p>
   </div>
   <div class='ocr_carea' id='block_1_51' title="bbox 533 3237 2086 3312">
    <p class='ocr_par' dir='ltr' id='par_1_51' title="bbox 533 3237 2086 3312">
     <span class='ocr_line' id='line_1_51' title="bbox 533 3237 2086 3312; baseline 0.008 -23"><span class='ocrx_word' id='word_1_326' title='bbox 533 3237 940 3305; x_wconf 64' lang='lat' dir='ltr'><strong>mquinoctium,</strong></span> <span class='ocrx_word' id='word_1_327' title='bbox 976 3250 1227 3308; x_wconf 89' lang='lat' dir='ltr'><strong>quartum</strong></span> <span class='ocrx_word' id='word_1_328' title='bbox 1257 3240 1473 3310; x_wconf 89' lang='lat' dir='ltr'><strong>quidem</strong></span> <span class='ocrx_word' id='word_1_329' title='bbox 1507 3243 1575 3296; x_wconf 86' lang='lat' dir='ltr'><strong>ab</strong></span> <span class='ocrx_word' id='word_1_330' title='bbox 1606 3242 2054 3302; x_wconf 73' lang='lat' dir='ltr'><strong>llecatombzeone</strong></span> <span class='ocrx_word' id='word_1_331' title='bbox 2074 3288 2086 3312; x_wconf 91' lang='lat'><strong>,</strong></span> 
     </span>
    </p>
   </div>
   <div class='ocr_carea' id='block_1_52' title="bbox 534 3327 2091 3404">
    <p class='ocr_par' dir='ltr' id='par_1_52' title="bbox 534 3327 2091 3404">
     <span class='ocr_line' id='line_1_52' title="bbox 534 3327 2091 3404; baseline 0.006 -21"><span class='ocrx_word' id='word_1_332' title='bbox 534 3327 686 3383; x_wconf 86' lang='lat' dir='ltr'><strong>circa</strong></span> <span class='ocrx_word' id='word_1_333' title='bbox 734 3345 891 3398; x_wconf 90' lang='lat' dir='ltr'><strong>quem</strong></span> <span class='ocrx_word' id='word_1_334' title='bbox 937 3331 1183 3384; x_wconf 68' lang='lat' dir='ltr'><strong>testivum</strong></span> <span class='ocrx_word' id='word_1_335' title='bbox 1223 3332 1511 3386; x_wconf 89' lang='lat' dir='ltr'><strong>solstitium</strong></span> <span class='ocrx_word' id='word_1_336' title='bbox 1559 3334 1835 3404; x_wconf 77' lang='lat' dir='ltr'><strong>agebatur.</strong></span> <span class='ocrx_word' id='word_1_337' title='bbox 1876 3337 2091 3392; x_wconf 64' lang='lat' dir='ltr'><strong>Maema-</strong></span> 
     </span>
    </p>
   </div>
   <div class='ocr_carea' id='block_1_53' title="bbox 533 3420 2090 3494">
    <p class='ocr_par' dir='ltr' id='par_1_53' title="bbox 533 3420 2090 3494">
     <span class='ocr_line' id='line_1_53' title="bbox 533 3420 2090 3494; baseline 0.007 -20"><span class='ocrx_word' id='word_1_338' title='bbox 533 3420 742 3475; x_wconf 85' lang='lat' dir='ltr'><strong>cterion</strong></span> <span class='ocrx_word' id='word_1_339' title='bbox 770 3437 897 3476; x_wconf 75' lang='lat' dir='ltr'><strong>vero</strong></span> <span class='ocrx_word' id='word_1_340' title='bbox 922 3430 1026 3482; x_wconf 90' lang='lat' dir='ltr'><strong>est.</strong></span> <span class='ocrx_word' id='word_1_341' title='bbox 1047 3423 1098 3476; x_wconf 94' lang='lat' dir='ltr'><strong>in</strong></span> <span class='ocrx_word' id='word_1_342' title='bbox 1125 3438 1232 3492; x_wconf 89' lang='lat' dir='ltr'><strong>quo</strong></span> <span class='ocrx_word' id='word_1_343' title='bbox 1264 3424 1317 3476; x_wconf 84' lang='lat' dir='ltr'><strong>lit</strong></span> <span class='ocrx_word' id='word_1_344' title='bbox 1348 3425 1752 3494; x_wconf 81' lang='lat' dir='ltr'><strong>:equinoctium.</strong></span> <span class='ocrx_word' id='word_1_345' title='bbox 1779 3426 1914 3482; x_wconf 87' lang='lat' dir='ltr'><strong>Nam</strong></span> <span class='ocrx_word' id='word_1_346' title='bbox 1944 3431 2090 3485; x_wconf 76' lang='lat' dir='ltr'><strong>circa</strong></span> 
     </span>
    </p>
   </div>
   <div class='ocr_carea' id='block_1_54' title="bbox 538 3506 2092 3586">
    <p class='ocr_par' dir='ltr' id='par_1_54' title="bbox 538 3506 2092 3586">
     <span class='ocr_line' id='line_1_54' title="bbox 538 3506 2092 3586; baseline 0.009 -22"><span class='ocrx_word' id='word_1_347' title='bbox 538 3513 830 3566; x_wconf 83' lang='lat' dir='ltr'><strong>Arcturum</strong></span> <span class='ocrx_word' id='word_1_348' title='bbox 865 3516 1250 3583; x_wconf 72' lang='lat' dir='ltr'><strong>aequinoctium</strong></span> <span class='ocrx_word' id='word_1_349' title='bbox 1277 3506 1411 3580; x_wconf 58' lang='lat' dir='ltr'><strong>&#39;est;</strong></span> <span class='ocrx_word' id='word_1_350' title='bbox 1450 3532 1611 3586; x_wconf 90' lang='lat' dir='ltr'><strong>porro</strong></span> <span class='ocrx_word' id='word_1_351' title='bbox 1659 3518 2092 3579; x_wconf 70' lang='lat' dir='ltr'><strong>Mazmacterione</strong></span> 
     </span>
    </p>
   </div>
   <div class='ocr_carea' id='block_1_55' title="bbox 535 3605 2090 3682">
    <p class='ocr_par' dir='ltr' id='par_1_55' title="bbox 535 3605 2090 3682">
     <span class='ocr_line' id='line_1_55' title="bbox 535 3605 2090 3682; baseline 0.008 -26"><span class='ocrx_word' id='word_1_352' title='bbox 535 3611 620 3656; x_wconf 84' lang='lat' dir='ltr'><strong>est</strong></span> <span class='ocrx_word' id='word_1_353' title='bbox 651 3606 865 3657; x_wconf 78' lang='lat' dir='ltr'><strong>Arcturi</strong></span> <span class='ocrx_word' id='word_1_354' title='bbox 894 3605 1290 3662; x_wconf 85' lang='lat' dir='ltr'><strong>ortus.llarum</strong></span> <span class='ocrx_word' id='word_1_355' title='bbox 1322 3615 1500 3662; x_wconf 90' lang='lat' dir='ltr'><strong>autem</strong></span> <span class='ocrx_word' id='word_1_356' title='bbox 1531 3610 1860 3677; x_wconf 87' lang='lat' dir='ltr'><strong>positionum</strong></span> <span class='ocrx_word' id='word_1_357' title='bbox 1893 3613 2090 3682; x_wconf 83' lang='lat' dir='ltr'><strong>partim</strong></span> 
     </span>
    </p>
   </div>
   <div class='ocr_carea' id='block_1_56' title="bbox 535 3695 2091 3772">
    <p class='ocr_par' dir='ltr' id='par_1_56' title="bbox 535 3695 2091 3772">
     <span class='ocr_line' id='line_1_56' title="bbox 535 3695 2091 3772; baseline 0.008 -26"><span class='ocrx_word' id='word_1_358' title='bbox 535 3701 727 3748; x_wconf 84' lang='lat' dir='ltr'><strong>auctor</strong></span> <span class='ocrx_word' id='word_1_359' title='bbox 777 3695 1203 3766; x_wconf 81' lang='lat' dir='ltr'><strong>Theophrastus.</strong></span> <span class='ocrx_word' id='word_1_360' title='bbox 1257 3698 1450 3754; x_wconf 85' lang='lat' dir='ltr'><strong>ﬂorere</strong></span> <span class='ocrx_word' id='word_1_361' title='bbox 1511 3701 1764 3772; x_wconf 83' lang='lat' dir='ltr'><strong>siliquam</strong></span> <span class='ocrx_word' id='word_1_362' title='bbox 1821 3704 2091 3758; x_wconf 73' lang='lat' dir='ltr'><strong>cenoniam</strong></span> 
     </span>
    </p>
   </div>
   <div class='ocr_carea' id='block_1_57' title="bbox 535 3785 2089 3863">
    <p class='ocr_par' dir='ltr' id='par_1_57' title="bbox 535 3785 2089 3863">
     <span class='ocr_line' id='line_1_57' title="bbox 535 3785 2089 3863; baseline 0.007 -24"><span class='ocrx_word' id='word_1_363' title='bbox 535 3785 681 3840; x_wconf 88' lang='lat' dir='ltr'><strong>circa</strong></span> <span class='ocrx_word' id='word_1_364' title='bbox 711 3788 1810 3861; x_wconf 71' lang='lat' dir='ltr'><strong>Arcturum.a-quinoctiumquememoria:</strong></span> <span class='ocrx_word' id='word_1_365' title='bbox 1833 3795 2089 3863; x_wconf 82' lang='lat' dir='ltr'><strong>prodens;</strong></span> 
     </span>
    </p>
   </div>
   <div class='ocr_carea' id='block_1_58' title="bbox 533 3879 2096 3948">
    <p class='ocr_par' dir='ltr' id='par_1_58' title="bbox 533 3879 2096 3948">
     <span class='ocr_line' id='line_1_58' title="bbox 533 3879 2096 3948; baseline 0.007 -16"><span class='ocrx_word' id='word_1_366' title='bbox 533 3885 587 3932; x_wconf 92' lang='lat' dir='ltr'><strong>et</strong></span> <span class='ocrx_word' id='word_1_367' title='bbox 611 3888 868 3948; x_wconf 65' lang='lat' dir='ltr'><strong>praeterea</strong></span> <span class='ocrx_word' id='word_1_368' title='bbox 907 3879 1144 3943; x_wconf 85' lang='lat' dir='ltr'><strong>Galenus</strong></span> <span class='ocrx_word' id='word_1_369' title='bbox 1190 3883 1432 3939; x_wconf 91' lang='lat' dir='ltr'><strong>medicus</strong></span> <span class='ocrx_word' id='word_1_370' title='bbox 1471 3885 1543 3938; x_wconf 91' lang='lat' dir='ltr'><strong>ita</strong></span> <span class='ocrx_word' id='word_1_371' title='bbox 1576 3886 1824 3941; x_wconf 89' lang='lat' dir='ltr'><strong>scribens</strong></span> <span class='ocrx_word' id='word_1_372' title='bbox 1859 3888 1912 3940; x_wconf 90' lang='lat' dir='ltr'><strong>in</strong></span> <span class='ocrx_word' id='word_1_373' title='bbox 1943 3887 2096 3944; x_wconf 83' lang='lat' dir='ltr'><strong>libris</strong></span> 
     </span>
    </p>
   </div>
   <div class='ocr_carea' id='block_1_59' title="bbox 533 3967 2095 4046">
    <p class='ocr_par' dir='ltr' id='par_1_59' title="bbox 533 3967 2095 4046">
     <span class='ocr_line' id='line_1_59' title="bbox 533 3967 2095 4046; baseline 0.006 -24"><span class='ocrx_word' id='word_1_374' title='bbox 533 3967 602 4023; x_wconf 87' lang='lat' dir='ltr'><strong>de</strong></span> <span class='ocrx_word' id='word_1_375' title='bbox 630 3968 975 4026; x_wconf 85' lang='lat' dir='ltr'><strong>salubribus:</strong></span> <span class='ocrx_word' id='word_1_376' title='bbox 1012 3990 1028 4022; x_wconf 84' lang='grc' dir='ltr'><strong>ι</strong></span> <span class='ocrx_word' id='word_1_377' title='bbox 1059 3971 1150 4028; x_wconf 84' lang='lat' dir='ltr'><strong>Est</strong></span> <span class='ocrx_word' id='word_1_378' title='bbox 1172 3974 1548 4028; x_wconf 88' lang='lat' dir='ltr'><strong>maturrimum</strong></span> <span class='ocrx_word' id='word_1_379' title='bbox 1572 4015 1586 4038; x_wconf 92' lang='lat'><strong>,</strong></span> <span class='ocrx_word' id='word_1_380' title='bbox 1612 3994 1628 4025; x_wconf 76' lang='grc' dir='ltr'><strong>ι</strong></span> <span class='ocrx_word' id='word_1_381' title='bbox 1649 3975 1823 4046; x_wconf 82' lang='lat' dir='ltr'><strong>inquit</strong></span> <span class='ocrx_word' id='word_1_382' title='bbox 1847 3995 1864 4026; x_wconf 82' lang='grc' dir='ltr'><strong>ι</strong></span> <span class='ocrx_word' id='word_1_383' title='bbox 1892 3984 2095 4046; x_wconf 85' lang='lat' dir='ltr'><strong>tempe-</strong></span> 
     </span>
    </p>
   </div>
   <div class='ocr_carea' id='block_1_60' title="bbox 537 4057 2092 4132">
    <p class='ocr_par' dir='ltr' id='par_1_60' title="bbox 537 4057 2092 4132">
     <span class='ocr_line' id='line_1_60' title="bbox 537 4057 2092 4132; baseline 0.005 -19"><span class='ocrx_word' id='word_1_384' title='bbox 537 4057 998 4130; x_wconf 82' lang='lat' dir='ltr'><strong>stivissimumque</strong></span> <span class='ocrx_word' id='word_1_385' title='bbox 1013 4061 1202 4116; x_wconf 92' lang='lat' dir='ltr'><strong>abietis</strong></span> <span class='ocrx_word' id='word_1_386' title='bbox 1225 4078 1407 4116; x_wconf 90' lang='lat' dir='ltr'><strong>semen</strong></span> <span class='ocrx_word' id='word_1_387' title='bbox 1423 4063 1642 4118; x_wconf 84' lang='lat' dir='ltr'><strong>circiter</strong></span> <span class='ocrx_word' id='word_1_388' title='bbox 1658 4065 1697 4116; x_wconf 84' lang='lat' dir='ltr'><strong>A</strong></span> <span class='ocrx_word' id='word_1_389' title='bbox 1709 4068 1871 4120; x_wconf 86' lang='lat' dir='ltr'><strong>returi</strong></span> <span class='ocrx_word' id='word_1_390' title='bbox 1894 4077 2092 4132; x_wconf 90' lang='lat' dir='ltr'><strong>ortum,</strong></span> 
     </span>
    </p>
   </div>
   <div class='ocr_carea' id='block_1_61' title="bbox 537 4150 2095 4228">
    <p class='ocr_par' dir='ltr' id='par_1_61' title="bbox 537 4150 2095 4228">
     <span class='ocr_line' id='line_1_61' title="bbox 537 4150 2095 4228; baseline 0.006 -25"><span class='ocrx_word' id='word_1_391' title='bbox 537 4150 680 4220; x_wconf 89' lang='lat' dir='ltr'><strong>quod</strong></span> <span class='ocrx_word' id='word_1_392' title='bbox 723 4161 934 4219; x_wconf 90' lang='lat' dir='ltr'><strong>tempus</strong></span> <span class='ocrx_word' id='word_1_393' title='bbox 967 4151 1148 4206; x_wconf 55' lang='lat' dir='ltr'><strong>Romae</strong></span> <span class='ocrx_word' id='word_1_394' title='bbox 1183 4154 1550 4223; x_wconf 87' lang='lat' dir='ltr'><strong>Septembrem</strong></span> <span class='ocrx_word' id='word_1_395' title='bbox 1591 4169 1813 4222; x_wconf 83' lang='lat' dir='ltr'><strong>vocant;</strong></span> <span class='ocrx_word' id='word_1_396' title='bbox 1846 4178 1864 4210; x_wconf 72' lang='grc' dir='ltr'><strong>ι</strong></span> <span class='ocrx_word' id='word_1_397' title='bbox 1902 4159 2095 4228; x_wconf 84' lang='lat' dir='ltr'><strong>partim</strong></span> 
     </span>
    </p>
   </div>
   <div class='ocr_carea' id='block_1_62' title="bbox 537 4241 2091 4313">
    <p class='ocr_par' dir='ltr' id='par_1_62' title="bbox 537 4241 2091 4313">
     <span class='ocr_line' id='line_1_62' title="bbox 537 4241 2091 4313; baseline 0.005 -19"><span class='ocrx_word' id='word_1_398' title='bbox 537 4241 698 4294; x_wconf 83' lang='lat' dir='ltr'><strong>etiam</strong></span> <span class='ocrx_word' id='word_1_399' title='bbox 751 4249 938 4293; x_wconf 80' lang='lat' dir='ltr'><strong>auctor</strong></span> <span class='ocrx_word' id='word_1_400' title='bbox 988 4251 1069 4296; x_wconf 90' lang='lat' dir='ltr'><strong>est</strong></span> <span class='ocrx_word' id='word_1_401' title='bbox 1104 4243 1422 4300; x_wconf 84' lang='lat' dir='ltr'><strong>Aristoteles</strong></span> <span class='ocrx_word' id='word_1_402' title='bbox 1459 4265 1472 4301; x_wconf 89' lang='lat'><strong>:</strong></span> <span class='ocrx_word' id='word_1_403' title='bbox 1514 4266 1532 4298; x_wconf 84' lang='grc' dir='ltr'><strong>ι</strong></span> <span class='ocrx_word' id='word_1_404' title='bbox 1565 4245 1694 4302; x_wconf 84' lang='lat' dir='ltr'><strong>Post</strong></span> <span class='ocrx_word' id='word_1_405' title='bbox 1727 4249 2040 4313; x_wconf 87' lang='lat' dir='ltr'><strong>Arcturum,</strong></span> <span class='ocrx_word' id='word_1_406' title='bbox 2073 4269 2091 4301; x_wconf 71' lang='grc' dir='ltr'><strong>ι</strong></span> 
     </span>
    </p>
   </div>
   <div class='ocr_carea' id='block_1_63' title="bbox 538 4329 2098 4399">
    <p class='ocr_par' dir='ltr' id='par_1_63' title="bbox 538 4329 2098 4399">
     <span class='ocr_line' id='line_1_63' title="bbox 538 4329 2098 4399; baseline 0.007 -17"><span class='ocrx_word' id='word_1_407' title='bbox 538 4329 734 4399; x_wconf 87' lang='lat' dir='ltr'><strong>inquit,</strong></span> <span class='ocrx_word' id='word_1_408' title='bbox 774 4349 792 4380; x_wconf 77' lang='grc' dir='ltr'><strong>ι</strong></span> <span class='ocrx_word' id='word_1_409' title='bbox 820 4329 1229 4395; x_wconf 86' lang='lat' dir='ltr'><strong>Boedromioue,</strong></span> <span class='ocrx_word' id='word_1_410' title='bbox 1258 4343 1311 4388; x_wconf 91' lang='lat' dir='ltr'><strong>et</strong></span> <span class='ocrx_word' id='word_1_411' title='bbox 1331 4334 1783 4397; x_wconf 69' lang='lat' dir='ltr'><strong>Maunacterioue.</strong></span> <span class='ocrx_word' id='word_1_412' title='bbox 1819 4359 1837 4390; x_wconf 71' lang='grc' dir='ltr'><strong>ι</strong></span> <span class='ocrx_word' id='word_1_413' title='bbox 1877 4347 1935 4392; x_wconf 87' lang='lat' dir='ltr'><strong>ut</strong></span> <span class='ocrx_word' id='word_1_414' title='bbox 1973 4350 2098 4394; x_wconf 86' lang='lat' dir='ltr'><strong>ante</strong></span> 
     </span>
    </p>
   </div>
   <div class='ocr_carea' id='block_1_64' title="bbox 2186 1868 3753 1943">
    <p class='ocr_par' dir='ltr' id='par_1_64' title="bbox 2186 1868 3753 1943">
     <span class='ocr_line' id='line_1_64' title="bbox 2186 1868 3753 1943; baseline -0.004 -18"><span class='ocrx_word' id='word_1_415' title='bbox 2186 1871 2608 1943; x_wconf 87' lang='grc' dir='ltr'><strong>Βοηδρομιῶνος.</strong></span> <span class='ocrx_word' id='word_1_416' title='bbox 2665 1873 2774 1924; x_wconf 76' lang='grc' dir='ltr'><strong>Καὶ</strong></span> <span class='ocrx_word' id='word_1_417' title='bbox 2816 1869 3034 1932; x_wconf 78' lang='grc' dir='ltr'><strong>Σουῒδας</strong></span> <span class='ocrx_word' id='word_1_418' title='bbox 3077 1869 3133 1922; x_wconf 84' lang='grc' dir='ltr'><strong>δὲ</strong></span> <span class='ocrx_word' id='word_1_419' title='bbox 3173 1869 3234 1939; x_wconf 87' lang='grc' dir='ltr'><strong>δὴ</strong></span> <span class='ocrx_word' id='word_1_420' title='bbox 3271 1871 3298 1921; x_wconf 85' lang='grc' dir='ltr'><strong>ό</strong></span> <span class='ocrx_word' id='word_1_421' title='bbox 3327 1868 3542 1934; x_wconf 71' lang='grc' dir='ltr'><strong>λεξικδς</strong></span> <span class='ocrx_word' id='word_1_422' title='bbox 3608 1870 3753 1935; x_wconf 78' lang='grc' dir='ltr'><strong>ὑγιὲς</strong></span> 
     </span>
    </p>
   </div>
   <div class='ocr_carea' id='block_1_65' title="bbox 2185 1954 3756 2032">
    <p class='ocr_par' dir='ltr' id='par_1_65' title="bbox 2185 1954 3756 2032">
     <span class='ocr_line' id='line_1_65' title="bbox 2185 1954 3756 2032; baseline -0.002 -18"><span class='ocrx_word' id='word_1_423' title='bbox 2185 1962 2374 2032; x_wconf 76' lang='grc' dir='ltr'><strong>εἴρηκε</strong></span> <span class='ocrx_word' id='word_1_424' title='bbox 2405 1961 2560 2014; x_wconf 85' lang='grc' dir='ltr'><strong>τοῦτό</strong></span> <span class='ocrx_word' id='word_1_425' title='bbox 2586 1978 2668 2029; x_wconf 88' lang='grc' dir='ltr'><strong>γε,</strong></span> <span class='ocrx_word' id='word_1_426' title='bbox 2699 1959 2946 2030; x_wconf 85' lang='grc' dir='ltr'><strong>δεύτερον</strong></span> <span class='ocrx_word' id='word_1_427' title='bbox 2973 1954 3107 2012; x_wconf 83' lang='grc' dir='ltr'><strong>εἶναι</strong></span> <span class='ocrx_word' id='word_1_428' title='bbox 3149 1959 3447 2027; x_wconf 73' lang='grc' dir='ltr'><strong>Ἀθηναίοις</strong></span> <span class='ocrx_word' id='word_1_429' title='bbox 3489 1960 3636 2028; x_wconf 70' lang='grc' dir='ltr'><strong>μῆνα</strong></span> <span class='ocrx_word' id='word_1_430' title='bbox 3668 1960 3756 2012; x_wconf 80' lang='grc' dir='ltr'><strong>τὸν</strong></span> 
     </span>
    </p>
   </div>
   <div class='ocr_carea' id='block_1_66' title="bbox 2185 2048 3752 2121">
    <p class='ocr_par' dir='ltr' id='par_1_66' title="bbox 2185 2048 3752 2121">
     <span class='ocr_line' id='line_1_66' title="bbox 2185 2048 3752 2121; baseline -0.004 -15"><span class='ocrx_word' id='word_1_431' title='bbox 2185 2053 2627 2121; x_wconf 80' lang='grc' dir='ltr'><strong>Μεταγειτνιῶνα</strong></span> <span class='ocrx_word' id='word_1_432' title='bbox 2673 2050 2838 2103; x_wconf 74' lang='grc' dir='ltr'><strong>εἰπών</strong></span> <span class='ocrx_word' id='word_1_433' title='bbox 2865 2064 2880 2078; x_wconf 81' lang='lat'><strong><em>°</em></strong></span> <span class='ocrx_word' id='word_1_434' title='bbox 2918 2049 3055 2118; x_wconf 78' lang='grc' dir='ltr'><strong>μετά</strong></span> <span class='ocrx_word' id='word_1_435' title='bbox 3123 2048 3180 2100; x_wconf 79' lang='grc' dir='ltr'><strong>δὲ</strong></span> <span class='ocrx_word' id='word_1_436' title='bbox 3218 2048 3607 2119; x_wconf 80' lang='grc' dir='ltr'><strong>Βοηδρομιῶνα</strong></span> <span class='ocrx_word' id='word_1_437' title='bbox 3663 2051 3752 2118; x_wconf 52' lang='grc' dir='ltr'><strong>ἐς·</strong></span> 
     </span>
    </p>
   </div>
   <div class='ocr_carea' id='block_1_67' title="bbox 2185 2135 3756 2211">
    <p class='ocr_par' dir='ltr' id='par_1_67' title="bbox 2185 2135 3756 2211">
     <span class='ocr_line' id='line_1_67' title="bbox 2185 2135 3756 2211; baseline -0.004 -17"><span class='ocrx_word' id='word_1_438' title='bbox 2185 2142 2310 2210; x_wconf 82' lang='grc' dir='ltr'><strong>εξῆς</strong></span> <span class='ocrx_word' id='word_1_439' title='bbox 2344 2139 2792 2211; x_wconf 83' lang='grc' dir='ltr'><strong>Μαιμακτηριὼν.</strong></span> <span class='ocrx_word' id='word_1_440' title='bbox 2824 2137 2988 2207; x_wconf 76' lang='grc' dir='ltr'><strong>Δῆλον</strong></span> <span class='ocrx_word' id='word_1_441' title='bbox 3028 2137 3106 2189; x_wconf 76' lang='grc' dir='ltr'><strong>δέ’</strong></span> <span class='ocrx_word' id='word_1_442' title='bbox 3155 2136 3531 2206; x_wconf 69' lang='grc' dir='ltr'><strong>Ἀριστοτέλης</strong></span> <span class='ocrx_word' id='word_1_443' title='bbox 3558 2135 3668 2207; x_wconf 75' lang='grc' dir='ltr'><strong>γάρ</strong></span> <span class='ocrx_word' id='word_1_444' title='bbox 3697 2137 3756 2188; x_wconf 70' lang='grc' dir='ltr'><strong>ἐν</strong></span> 
     </span>
    </p>
   </div>
   <div class='ocr_carea' id='block_1_68' title="bbox 2185 2229 3754 2301">
    <p class='ocr_par' dir='ltr' id='par_1_68' title="bbox 2185 2229 3754 2301">
     <span class='ocr_line' id='line_1_68' title="bbox 2185 2229 3754 2301; baseline -0.003 -15"><span class='ocrx_word' id='word_1_445' title='bbox 2185 2235 2294 2295; x_wconf 84' lang='grc' dir='ltr'><strong>τοῖς</strong></span> <span class='ocrx_word' id='word_1_446' title='bbox 2321 2234 2501 2294; x_wconf 76' lang='grc' dir='ltr'><strong>αὐτοῖς</strong></span> <span class='ocrx_word' id='word_1_447' title='bbox 2533 2232 2658 2301; x_wconf 63' lang='grc' dir='ltr'><strong>περ)⁵</strong></span> <span class='ocrx_word' id='word_1_448' title='bbox 2691 2231 2923 2299; x_wconf 69' lang='grc' dir='ltr'><strong>ἐλάφων,</strong></span> <span class='ocrx_word' id='word_1_449' title='bbox 2959 2229 3144 2282; x_wconf 82' lang='grc' dir='ltr'><strong>τοῦτον</strong></span> <span class='ocrx_word' id='word_1_450' title='bbox 3170 2229 3292 2300; x_wconf 78' lang='grc' dir='ltr'><strong>ἑξῆς</strong></span> <span class='ocrx_word' id='word_1_451' title='bbox 3319 2230 3547 2300; x_wconf 81' lang='grc' dir='ltr'><strong>τέταχεν</strong></span> <span class='ocrx_word' id='word_1_452' title='bbox 3565 2229 3754 2282; x_wconf 55' lang='grc' dir='ltr'><strong>εἰπών-⁷</strong></span> 
     </span>
    </p>
   </div>
   <div class='ocr_carea' id='block_1_69' title="bbox 2191 2318 3750 2392">
    <p class='ocr_par' dir='ltr' id='par_1_69' title="bbox 2191 2318 3750 2392">
     <span class='ocr_line' id='line_1_69' title="bbox 2191 2318 3750 2392; baseline 0.001 -20"><span class='ocrx_word' id='word_1_453' title='bbox 2191 2342 2209 2372; x_wconf 77' lang='grc' dir='ltr'><strong>ι</strong></span> <span class='ocrx_word' id='word_1_454' title='bbox 2252 2323 2314 2375; x_wconf 81' lang='grc' dir='ltr'>Ἠ</span> <span class='ocrx_word' id='word_1_455' title='bbox 2337 2323 2378 2374; x_wconf 80' lang='grc' dir='ltr'><strong>δ’</strong></span> <span class='ocrx_word' id='word_1_456' title='bbox 2404 2323 2553 2392; x_wconf 80' lang='grc' dir='ltr'><strong>ὀχεία</strong></span> <span class='ocrx_word' id='word_1_457' title='bbox 2575 2322 2780 2391; x_wconf 80' lang='grc' dir='ltr'><strong>γίνεται</strong></span> <span class='ocrx_word' id='word_1_458' title='bbox 2805 2323 2919 2392; x_wconf 80' lang='grc' dir='ltr'><strong>μετ’</strong></span> <span class='ocrx_word' id='word_1_459' title='bbox 2957 2318 3301 2390; x_wconf 77' lang='grc' dir='ltr'><strong>Ἀρκτοῦρον,</strong></span> <span class='ocrx_word' id='word_1_460' title='bbox 3345 2321 3473 2392; x_wconf 74' lang='grc' dir='ltr'><strong>περὶ</strong></span> <span class='ocrx_word' id='word_1_461' title='bbox 3500 2324 3592 2373; x_wconf 76' lang='grc' dir='ltr'><strong>τὸν</strong></span> <span class='ocrx_word' id='word_1_462' title='bbox 3618 2321 3750 2390; x_wconf 66' lang='lat' dir='ltr'><strong>Bm;-</strong></span> 
     </span>
    </p>
   </div>
   <div class='ocr_carea' id='block_1_70' title="bbox 2184 2410 3751 2486">
    <p class='ocr_par' dir='ltr' id='par_1_70' title="bbox 2184 2410 3751 2486">
     <span class='ocr_line' id='line_1_70' title="bbox 2184 2410 3751 2486; baseline 0 -19"><span class='ocrx_word' id='word_1_463' title='bbox 2184 2414 2456 2486; x_wconf 87' lang='grc' dir='ltr'><strong>δρομιῶνα</strong></span> <span class='ocrx_word' id='word_1_464' title='bbox 2510 2415 2604 2466; x_wconf 76' lang='grc' dir='ltr'><strong>καὶ</strong></span> <span class='ocrx_word' id='word_1_465' title='bbox 2648 2410 3138 2483; x_wconf 82' lang='grc' dir='ltr'><strong>Μαιμακτηριῶνα.</strong></span> <span class='ocrx_word' id='word_1_466' title='bbox 3172 2431 3188 2461; x_wconf 74' lang='grc' dir='ltr'><strong>ι</strong></span> <span class='ocrx_word' id='word_1_467' title='bbox 3217 2411 3326 2464; x_wconf 74' lang='grc' dir='ltr'><strong>Καὶ</strong></span> <span class='ocrx_word' id='word_1_468' title='bbox 3367 2412 3478 2465; x_wconf 88' lang='grc' dir='ltr'><strong>τῶν</strong></span> <span class='ocrx_word' id='word_1_469' title='bbox 3515 2411 3667 2476; x_wconf 75' lang='grc' dir='ltr'><strong>ζώων</strong></span> <span class='ocrx_word' id='word_1_470' title='bbox 3696 2411 3751 2467; x_wconf 66' lang='grc' dir='ltr'><strong>δὲ</strong></span> 
     </span>
    </p>
   </div>
   <div class='ocr_carea' id='block_1_71' title="bbox 2185 2503 3748 2575">
    <p class='ocr_par' dir='ltr' id='par_1_71' title="bbox 2185 2503 3748 2575">
     <span class='ocr_line' id='line_1_71' title="bbox 2185 2503 3748 2575; baseline -0.002 -16"><span class='ocrx_word' id='word_1_471' title='bbox 2185 2505 2252 2560; x_wconf 81' lang='grc' dir='ltr'><strong>τὰ</strong></span> <span class='ocrx_word' id='word_1_472' title='bbox 2301 2505 2658 2575; x_wconf 81' lang='grc' dir='ltr'><strong>ἀσθενέστερα</strong></span> <span class='ocrx_word' id='word_1_473' title='bbox 2711 2505 2970 2574; x_wconf 88' lang='grc' dir='ltr'><strong>πρότερον</strong></span> <span class='ocrx_word' id='word_1_474' title='bbox 3005 2505 3251 2556; x_wconf 82' lang='grc' dir='ltr'><strong>ποεῖσθαι</strong></span> <span class='ocrx_word' id='word_1_475' title='bbox 3282 2504 3380 2574; x_wconf 77' lang='grc' dir='ltr'><strong>τὴν</strong></span> <span class='ocrx_word' id='word_1_476' title='bbox 3425 2503 3748 2574; x_wconf 84' lang='grc' dir='ltr'><strong>μετάστασιν</strong></span> 
     </span>
    </p>
   </div>
   <div class='ocr_carea' id='block_1_72' title="bbox 2187 2594 3752 2668">
    <p class='ocr_par' dir='ltr' id='par_1_72' title="bbox 2187 2594 3752 2668">
     <span class='ocr_line' id='line_1_72' title="bbox 2187 2594 3752 2668; baseline -0.001 -18"><span class='ocrx_word' id='word_1_477' title='bbox 2187 2599 2322 2667; x_wconf 81' lang='grc' dir='ltr'><strong>πρὸς</strong></span> <span class='ocrx_word' id='word_1_478' title='bbox 2349 2598 2448 2661; x_wconf 83' lang='grc' dir='ltr'><strong>τὰς</strong></span> <span class='ocrx_word' id='word_1_479' title='bbox 2495 2596 2793 2668; x_wconf 83' lang='grc' dir='ltr'><strong>μεταϐολάς</strong></span> <span class='ocrx_word' id='word_1_480' title='bbox 2828 2597 2933 2649; x_wconf 89' lang='grc' dir='ltr'><strong>τῶν</strong></span> <span class='ocrx_word' id='word_1_481' title='bbox 2969 2594 3125 2666; x_wconf 80' lang='grc' dir='ltr'><strong>ὡρῶν</strong></span> <span class='ocrx_word' id='word_1_482' title='bbox 3159 2596 3486 2660; x_wconf 70' lang='grc' dir='ltr'><strong>ἐπιδεικνὺς,</strong></span> <span class='ocrx_word' id='word_1_483' title='bbox 3520 2598 3752 2667; x_wconf 73' lang='grc' dir='ltr'><strong>ὄρτυγας</strong></span> 
     </span>
    </p>
   </div>
   <div class='ocr_carea' id='block_1_73' title="bbox 2190 2689 3748 2762">
    <p class='ocr_par' dir='ltr' id='par_1_73' title="bbox 2190 2689 3748 2762">
     <span class='ocr_line' id='line_1_73' title="bbox 2190 2689 3748 2762; baseline 0 -20"><span class='ocrx_word' id='word_1_484' title='bbox 2190 2689 2286 2760; x_wconf 81' lang='grc' dir='ltr'><strong>μὲν</strong></span> <span class='ocrx_word' id='word_1_485' title='bbox 2355 2689 2776 2760; x_wconf 73' lang='grc' dir='ltr'><strong>Βοηδρομιῶνος,</strong></span> <span class='ocrx_word' id='word_1_486' title='bbox 2833 2692 3092 2762; x_wconf 82' lang='grc' dir='ltr'><strong>γεράνους</strong></span> <span class='ocrx_word' id='word_1_487' title='bbox 3146 2691 3202 2744; x_wconf 78' lang='grc' dir='ltr'>δὲ</span> <span class='ocrx_word' id='word_1_488' title='bbox 3256 2689 3748 2759; x_wconf 77' lang='grc' dir='ltr'><strong>Μαιμακτηριῶνος</strong></span> 
     </span>
    </p>
   </div>
   <div class='ocr_carea' id='block_1_74' title="bbox 2190 2781 3750 2853">
    <p class='ocr_par' dir='ltr' id='par_1_74' title="bbox 2190 2781 3750 2853">
     <span class='ocr_line' id='line_1_74' title="bbox 2190 2781 3750 2853; baseline -0.003 -19"><span class='ocrx_word' id='word_1_489' title='bbox 2190 2782 2540 2853; x_wconf 88' lang='grc' dir='ltr'><strong>μεταϐάλλειν</strong></span> <span class='ocrx_word' id='word_1_490' title='bbox 2575 2783 2738 2852; x_wconf 76' lang='grc' dir='ltr'><strong>φησί’</strong></span> <span class='ocrx_word' id='word_1_491' title='bbox 2780 2781 3030 2852; x_wconf 84' lang='grc' dir='ltr'><strong>καθάπερ</strong></span> <span class='ocrx_word' id='word_1_492' title='bbox 3067 2781 3255 2852; x_wconf 85' lang='grc' dir='ltr'><strong>ἀμέλει</strong></span> <span class='ocrx_word' id='word_1_493' title='bbox 3291 2781 3355 2852; x_wconf 83' lang='grc' dir='ltr'><strong>δὴ</strong></span> <span class='ocrx_word' id='word_1_494' title='bbox 3397 2781 3498 2833; x_wconf 67' lang='grc' dir='ltr'><strong>καὶ</strong></span> <span class='ocrx_word' id='word_1_495' title='bbox 3541 2781 3750 2852; x_wconf 83' lang='grc' dir='ltr'><strong>ὁρῶμεν</strong></span> 
     </span>
    </p>
   </div>
   <div class='ocr_carea' id='block_1_75' title="bbox 2186 2871 3750 2944">
    <p class='ocr_par' dir='ltr' id='par_1_75' title="bbox 2186 2871 3750 2944">
     <span class='ocr_line' id='line_1_75' title="bbox 2186 2871 3750 2944; baseline -0.002 -18"><span class='ocrx_word' id='word_1_496' title='bbox 2186 2873 2285 2936; x_wconf 83' lang='grc' dir='ltr'><strong>τάς</strong></span> <span class='ocrx_word' id='word_1_497' title='bbox 2324 2873 2583 2944; x_wconf 78' lang='grc' dir='ltr'><strong>γεράνους</strong></span> <span class='ocrx_word' id='word_1_498' title='bbox 2610 2873 2702 2924; x_wconf 85' lang='grc' dir='ltr'><strong>τοῦ</strong></span> <span class='ocrx_word' id='word_1_499' title='bbox 2737 2873 2978 2935; x_wconf 84' lang='grc' dir='ltr'><strong>ἐπιόντος</strong></span> <span class='ocrx_word' id='word_1_500' title='bbox 3003 2872 3168 2943; x_wconf 83' lang='grc' dir='ltr'><strong>μηνὸς</strong></span> <span class='ocrx_word' id='word_1_501' title='bbox 3199 2872 3334 2942; x_wconf 78' lang='grc' dir='ltr'><strong>μετὰ</strong></span> <span class='ocrx_word' id='word_1_502' title='bbox 3366 2872 3491 2935; x_wconf 76' lang='grc' dir='ltr'><strong>τοὺς</strong></span> <span class='ocrx_word' id='word_1_503' title='bbox 3519 2871 3750 2942; x_wconf 78' lang='grc' dir='ltr'><strong>δρτυγας</strong></span> 
     </span>
    </p>
   </div>
   <div class='ocr_carea' id='block_1_76' title="bbox 2187 2963 3742 3036">
    <p class='ocr_par' dir='ltr' id='par_1_76' title="bbox 2187 2963 3742 3036">
     <span class='ocr_line' id='line_1_76' title="bbox 2187 2963 3742 3036; baseline -0.001 -18"><span class='ocrx_word' id='word_1_504' title='bbox 2187 2966 2438 3036; x_wconf 82' lang='grc' dir='ltr'><strong>ἀπαίρειν</strong></span> <span class='ocrx_word' id='word_1_505' title='bbox 2466 2969 2530 3018; x_wconf 84' lang='grc' dir='ltr'><strong>ὲκ</strong></span> <span class='ocrx_word' id='word_1_506' title='bbox 2570 2965 2676 3018; x_wconf 88' lang='grc' dir='ltr'><strong>τῶν</strong></span> <span class='ocrx_word' id='word_1_507' title='bbox 2702 2963 2921 3034; x_wconf 77' lang='grc' dir='ltr'><strong>ψυχρῶν</strong></span> <span class='ocrx_word' id='word_1_508' title='bbox 2942 2965 3119 3016; x_wconf 86' lang='grc' dir='ltr'><strong>τόπων</strong></span> <span class='ocrx_word' id='word_1_509' title='bbox 3172 2966 3250 3026; x_wconf 71' lang='lat' dir='ltr'><strong>si;</strong></span> <span class='ocrx_word' id='word_1_510' title='bbox 3287 2965 3412 3026; x_wconf 78' lang='grc' dir='ltr'><strong>τοὺς</strong></span> <span class='ocrx_word' id='word_1_511' title='bbox 3452 2963 3742 3026; x_wconf 79' lang='grc' dir='ltr'><strong>άλεεινούς.</strong></span> 
     </span>
    </p>
   </div>
   <div class='ocr_carea' id='block_1_77' title="bbox 2192 3053 3748 3126">
    <p class='ocr_par' dir='ltr' id='par_1_77' title="bbox 2192 3053 3748 3126">
     <span class='ocr_line' id='line_1_77' title="bbox 2192 3053 3748 3126; baseline -0.002 -18"><span class='ocrx_word' id='word_1_512' title='bbox 2192 3057 2342 3126; x_wconf 72' lang='grc' dir='ltr'><strong>’Ἅμα</strong></span> <span class='ocrx_word' id='word_1_513' title='bbox 2365 3055 2422 3108; x_wconf 78' lang='grc' dir='ltr'>δὲ</span> <span class='ocrx_word' id='word_1_514' title='bbox 2446 3055 2602 3126; x_wconf 76' lang='grc' dir='ltr'><strong>δῆλον</strong></span> <span class='ocrx_word' id='word_1_515' title='bbox 2627 3055 2718 3107; x_wconf 69' lang='grc' dir='ltr'><strong>καὶ</strong></span> <span class='ocrx_word' id='word_1_516' title='bbox 2743 3056 2807 3107; x_wconf 82' lang='grc' dir='ltr'><strong>ἐκ</strong></span> <span class='ocrx_word' id='word_1_517' title='bbox 2851 3053 2944 3107; x_wconf 90' lang='grc' dir='ltr'><strong>τοῦ</strong></span> <span class='ocrx_word' id='word_1_518' title='bbox 2988 3054 3132 3125; x_wconf 77' lang='grc' dir='ltr'><strong>μῆνα</strong></span> <span class='ocrx_word' id='word_1_519' title='bbox 3177 3053 3285 3106; x_wconf 67' lang='grc' dir='ltr'><strong>δεῖν</strong></span> <span class='ocrx_word' id='word_1_520' title='bbox 3327 3053 3506 3120; x_wconf 77' lang='grc' dir='ltr'><strong>τάξαι,</strong></span> <span class='ocrx_word' id='word_1_521' title='bbox 3542 3055 3668 3124; x_wconf 70' lang='grc' dir='ltr'><strong>περὶ</strong></span> <span class='ocrx_word' id='word_1_522' title='bbox 3694 3053 3748 3106; x_wconf 72' lang='grc' dir='ltr'><strong>ὃν</strong></span> 
     </span>
    </p>
   </div>
   <div class='ocr_carea' id='block_1_78' title="bbox 2190 3146 3751 3218">
    <p class='ocr_par' dir='ltr' id='par_1_78' title="bbox 2190 3146 3751 3218">
     <span class='ocr_line' id='line_1_78' title="bbox 2190 3146 3751 3218; baseline -0.001 -18"><span class='ocrx_word' id='word_1_523' title='bbox 2190 3151 2222 3218; x_wconf 79' lang='grc' dir='ltr'>ἡ</span> <span class='ocrx_word' id='word_1_524' title='bbox 2255 3146 2618 3218; x_wconf 80' lang='grc' dir='ltr'><strong>φθινοπωρινὴ</strong></span> <span class='ocrx_word' id='word_1_525' title='bbox 2654 3147 2942 3218; x_wconf 81' lang='grc' dir='ltr'><strong>ίσημερία·</strong></span> <span class='ocrx_word' id='word_1_526' title='bbox 2972 3147 3229 3216; x_wconf 86' lang='grc' dir='ltr'><strong>τέταρτον</strong></span> <span class='ocrx_word' id='word_1_527' title='bbox 3266 3147 3373 3216; x_wconf 81' lang='grc' dir='ltr'><strong>γάρ</strong></span> <span class='ocrx_word' id='word_1_528' title='bbox 3430 3147 3542 3198; x_wconf 68' lang='grc' dir='ltr'><strong>ἀπὸ</strong></span> <span class='ocrx_word' id='word_1_529' title='bbox 3604 3147 3751 3199; x_wconf 80' lang='grc' dir='ltr'><strong>Ἐκα-</strong></span> 
     </span>
    </p>
   </div>
   <div class='ocr_carea' id='block_1_79' title="bbox 2191 3233 3749 3310">
    <p class='ocr_par' dir='ltr' id='par_1_79' title="bbox 2191 3233 3749 3310">
     <span class='ocr_line' id='line_1_79' title="bbox 2191 3233 3749 3310; baseline -0.003 -18"><span class='ocrx_word' id='word_1_530' title='bbox 2191 3238 2542 3310; x_wconf 82' lang='grc' dir='ltr'><strong>τομϐαιῶνος,</strong></span> <span class='ocrx_word' id='word_1_531' title='bbox 2578 3239 2704 3308; x_wconf 78' lang='grc' dir='ltr'><strong>περὶ</strong></span> <span class='ocrx_word' id='word_1_532' title='bbox 2729 3238 2785 3290; x_wconf 81' lang='grc' dir='ltr'><strong>ὃν</strong></span> <span class='ocrx_word' id='word_1_533' title='bbox 2814 3241 2845 3308; x_wconf 78' lang='grc' dir='ltr'>ἠ</span> <span class='ocrx_word' id='word_1_534' title='bbox 2879 3238 3064 3307; x_wconf 79' lang='grc' dir='ltr'><strong>θερινὴ</strong></span> <span class='ocrx_word' id='word_1_535' title='bbox 3092 3233 3159 3306; x_wconf 84' lang='grc' dir='ltr'><strong>ἦν</strong></span> <span class='ocrx_word' id='word_1_536' title='bbox 3201 3239 3393 3306; x_wconf 86' lang='grc' dir='ltr'><strong>τροπή.</strong></span> <span class='ocrx_word' id='word_1_537' title='bbox 3427 3237 3749 3306; x_wconf 76' lang='grc' dir='ltr'><strong>Μαιμακτηο</strong></span> 
     </span>
    </p>
   </div>
   <div class='ocr_carea' id='block_1_80' title="bbox 2193 3327 3751 3401">
    <p class='ocr_par' dir='ltr' id='par_1_80' title="bbox 2193 3327 3751 3401">
     <span class='ocr_line' id='line_1_80' title="bbox 2193 3327 3751 3401; baseline -0.001 -19"><span class='ocrx_word' id='word_1_538' title='bbox 2193 3327 2430 3400; x_wconf 79' lang='grc' dir='ltr'><strong>ριὼνδὲ,</strong></span> <span class='ocrx_word' id='word_1_539' title='bbox 2482 3330 2609 3398; x_wconf 73' lang='grc' dir='ltr'><strong>περὶ</strong></span> <span class='ocrx_word' id='word_1_540' title='bbox 2637 3329 2694 3380; x_wconf 86' lang='grc' dir='ltr'><strong>ὃν</strong></span> <span class='ocrx_word' id='word_1_541' title='bbox 2737 3331 2768 3398; x_wconf 85' lang='grc' dir='ltr'><strong>ή</strong></span> <span class='ocrx_word' id='word_1_542' title='bbox 2809 3328 3082 3398; x_wconf 78' lang='grc' dir='ltr'><strong>ίσημερία.</strong></span> <span class='ocrx_word' id='word_1_543' title='bbox 3123 3329 3255 3398; x_wconf 77' lang='grc' dir='ltr'><strong>Περὶ</strong></span> <span class='ocrx_word' id='word_1_544' title='bbox 3297 3329 3629 3400; x_wconf 80' lang='grc' dir='ltr'><strong>Ἀρκτοῦρον</strong></span> <span class='ocrx_word' id='word_1_545' title='bbox 3653 3331 3751 3401; x_wconf 81' lang='grc' dir='ltr'><strong>γάρ</strong></span> 
     </span>
    </p>
   </div>
   <div class='ocr_carea' id='block_1_81' title="bbox 2192 3420 3750 3493">
    <p class='ocr_par' dir='ltr' id='par_1_81' title="bbox 2192 3420 3750 3493">
     <span class='ocr_line' id='line_1_81' title="bbox 2192 3420 3750 3493; baseline 0.002 -21"><span class='ocrx_word' id='word_1_546' title='bbox 2192 3421 2224 3490; x_wconf 81' lang='grc' dir='ltr'>ὴ</span> <span class='ocrx_word' id='word_1_547' title='bbox 2255 3420 2528 3491; x_wconf 86' lang='grc' dir='ltr'><strong>ίσημερία.</strong></span> <span class='ocrx_word' id='word_1_548' title='bbox 2577 3421 2711 3491; x_wconf 83' lang='grc' dir='ltr'><strong>Περὶ</strong></span> <span class='ocrx_word' id='word_1_549' title='bbox 2753 3420 3224 3490; x_wconf 74' lang='grc' dir='ltr'><strong>Μαιμακτηριῶνα</strong></span> <span class='ocrx_word' id='word_1_550' title='bbox 3249 3421 3304 3473; x_wconf 82' lang='grc' dir='ltr'>δὲ</span> <span class='ocrx_word' id='word_1_551' title='bbox 3335 3422 3363 3471; x_wconf 87' lang='grc' dir='ltr'><strong>ό</strong></span> <span class='ocrx_word' id='word_1_552' title='bbox 3410 3421 3750 3493; x_wconf 75' lang='grc' dir='ltr'><strong>Ἀρκτοῦρος.</strong></span> 
     </span>
    </p>
   </div>
   <div class='ocr_carea' id='block_1_82' title="bbox 2193 3508 3753 3580">
    <p class='ocr_par' dir='ltr' id='par_1_82' title="bbox 2193 3508 3753 3580">
     <span class='ocr_line' id='line_1_82' title="bbox 2193 3508 3753 3580; baseline 0.001 -18"><span class='ocrx_word' id='word_1_553' title='bbox 2193 3508 2312 3562; x_wconf 87' lang='grc' dir='ltr'><strong>Τῶν</strong></span> <span class='ocrx_word' id='word_1_554' title='bbox 2353 3509 2409 3562; x_wconf 83' lang='grc' dir='ltr'><strong>δὲ</strong></span> <span class='ocrx_word' id='word_1_555' title='bbox 2448 3510 2645 3562; x_wconf 83' lang='grc' dir='ltr'><strong>Θέσεων</strong></span> <span class='ocrx_word' id='word_1_556' title='bbox 2675 3512 2736 3580; x_wconf 79' lang='grc' dir='ltr'><strong>τῇ</strong></span> <span class='ocrx_word' id='word_1_557' title='bbox 2775 3509 2872 3579; x_wconf 82' lang='grc' dir='ltr'><strong>μὲν</strong></span> <span class='ocrx_word' id='word_1_558' title='bbox 2898 3509 3158 3579; x_wconf 74' lang='grc' dir='ltr'><strong>αὐθέντης</strong></span> <span class='ocrx_word' id='word_1_559' title='bbox 3185 3510 3556 3580; x_wconf 68' lang='grc' dir='ltr'><strong>Θεόφραστος,</strong></span> <span class='ocrx_word' id='word_1_560' title='bbox 3585 3512 3753 3565; x_wconf 81' lang='grc' dir='ltr'><strong>άνθεῖν</strong></span> 
     </span>
    </p>
   </div>
   <div class='ocr_carea' id='block_1_83' title="bbox 2195 3602 3755 3676">
    <p class='ocr_par' dir='ltr' id='par_1_83' title="bbox 2195 3602 3755 3676">
     <span class='ocr_line' id='line_1_83' title="bbox 2195 3602 3755 3676; baseline 0.002 -22"><span class='ocrx_word' id='word_1_561' title='bbox 2195 3602 2422 3672; x_wconf 72' lang='grc' dir='ltr'><strong>ἱστορῶν</strong></span> <span class='ocrx_word' id='word_1_562' title='bbox 2442 3602 2536 3673; x_wconf 79' lang='grc' dir='ltr'><strong>τὴν</strong></span> <span class='ocrx_word' id='word_1_563' title='bbox 2558 3602 2820 3673; x_wconf 82' lang='grc' dir='ltr'><strong>κερωνίαν</strong></span> <span class='ocrx_word' id='word_1_564' title='bbox 2851 3603 2978 3672; x_wconf 78' lang='grc' dir='ltr'><strong>περὶ</strong></span> <span class='ocrx_word' id='word_1_565' title='bbox 3011 3602 3336 3674; x_wconf 84' lang='grc' dir='ltr'><strong>Ἀρκτοῦρόν</strong></span> <span class='ocrx_word' id='word_1_566' title='bbox 3361 3621 3420 3655; x_wconf 90' lang='grc' dir='ltr'><strong>τε</strong></span> <span class='ocrx_word' id='word_1_567' title='bbox 3447 3606 3544 3656; x_wconf 77' lang='grc' dir='ltr'><strong>καὶ</strong></span> <span class='ocrx_word' id='word_1_568' title='bbox 3575 3608 3755 3676; x_wconf 78' lang='grc' dir='ltr'><strong>ἰσημε-</strong></span> 
     </span>
    </p>
   </div>
   <div class='ocr_carea' id='block_1_84' title="bbox 2195 3694 3754 3766">
    <p class='ocr_par' dir='ltr' id='par_1_84' title="bbox 2195 3694 3754 3766">
     <span class='ocr_line' id='line_1_84' title="bbox 2195 3694 3754 3766; baseline 0 -20"><span class='ocrx_word' id='word_1_569' title='bbox 2195 3695 2313 3766; x_wconf 88' lang='grc' dir='ltr'><strong>ρίαν</strong></span> <span class='ocrx_word' id='word_1_570' title='bbox 2335 3710 2346 3720; x_wconf 84' lang='lat'><strong><em>°</em></strong></span> <span class='ocrx_word' id='word_1_571' title='bbox 2387 3695 2480 3747; x_wconf 76' lang='grc' dir='ltr'><strong>καὶ</strong></span> <span class='ocrx_word' id='word_1_572' title='bbox 2504 3695 2723 3765; x_wconf 81' lang='grc' dir='ltr'><strong>προσέτι</strong></span> <span class='ocrx_word' id='word_1_573' title='bbox 2745 3694 3020 3764; x_wconf 81' lang='grc' dir='ltr'><strong>Γαληνὺςό</strong></span> <span class='ocrx_word' id='word_1_574' title='bbox 3054 3695 3258 3765; x_wconf 72' lang='grc' dir='ltr'><strong>ἰατρὸς,</strong></span> <span class='ocrx_word' id='word_1_575' title='bbox 3293 3694 3526 3766; x_wconf 61' lang='grc' dir='ltr'><strong>γράφων</strong></span> <span class='ocrx_word' id='word_1_576' title='bbox 3560 3699 3618 3748; x_wconf 78' lang='grc' dir='ltr'><strong>ἐν</strong></span> <span class='ocrx_word' id='word_1_577' title='bbox 3652 3699 3754 3758; x_wconf 78' lang='grc' dir='ltr'><strong>τοῖς</strong></span> 
     </span>
    </p>
   </div>
   <div class='ocr_carea' id='block_1_85' title="bbox 2196 3780 3755 3860">
    <p class='ocr_par' dir='ltr' id='par_1_85' title="bbox 2196 3780 3755 3860">
     <span class='ocr_line' id='line_1_85' title="bbox 2196 3780 3755 3860; baseline 0.001 -21"><span class='ocrx_word' id='word_1_578' title='bbox 2196 3788 2319 3857; x_wconf 72' lang='grc' dir='ltr'><strong>περὶ</strong></span> <span class='ocrx_word' id='word_1_579' title='bbox 2354 3787 2600 3854; x_wconf 83' lang='grc' dir='ltr'><strong>ὑγιεινῶν</strong></span> <span class='ocrx_word' id='word_1_580' title='bbox 2632 3787 2808 3855; x_wconf 85' lang='grc' dir='ltr'><strong>λόγοις</strong></span> <span class='ocrx_word' id='word_1_581' title='bbox 2859 3780 2992 3840; x_wconf 81' lang='grc' dir='ltr'><strong>ὧδε·</strong></span> <span class='ocrx_word' id='word_1_582' title='bbox 3023 3807 3040 3836; x_wconf 85' lang='grc' dir='ltr'><strong>ι</strong></span> <span class='ocrx_word' id='word_1_583' title='bbox 3084 3788 3237 3840; x_wconf 78' lang='grc' dir='ltr'><strong>Ἐστι</strong></span> <span class='ocrx_word' id='word_1_584' title='bbox 3278 3788 3374 3857; x_wconf 80' lang='grc' dir='ltr'><strong>μὲν</strong></span> <span class='ocrx_word' id='word_1_585' title='bbox 3422 3789 3755 3860; x_wconf 71' lang='grc' dir='ltr'><strong>ὡραιότατον</strong></span> 
     </span>
    </p>
   </div>
   <div class='ocr_carea' id='block_1_86' title="bbox 2192 3878 3758 3952">
    <p class='ocr_par' dir='ltr' id='par_1_86' title="bbox 2192 3878 3758 3952">
     <span class='ocr_line' id='line_1_86' title="bbox 2192 3878 3758 3952; baseline 0.002 -20"><span class='ocrx_word' id='word_1_586' title='bbox 2192 3878 2290 3948; x_wconf 78' lang='grc' dir='ltr'><strong>τῆς</strong></span> <span class='ocrx_word' id='word_1_587' title='bbox 2327 3880 2522 3948; x_wconf 65' lang='grc' dir='ltr'><strong>ἐλάτης</strong></span> <span class='ocrx_word' id='word_1_588' title='bbox 2566 3880 2626 3932; x_wconf 85' lang='grc' dir='ltr'><strong>τὸ</strong></span> <span class='ocrx_word' id='word_1_589' title='bbox 2657 3879 2876 3950; x_wconf 85' lang='grc' dir='ltr'><strong>σπέρμα</strong></span> <span class='ocrx_word' id='word_1_590' title='bbox 2913 3881 3040 3951; x_wconf 71' lang='grc' dir='ltr'><strong>περὶ</strong></span> <span class='ocrx_word' id='word_1_591' title='bbox 3072 3881 3170 3950; x_wconf 76' lang='grc' dir='ltr'><strong>τὴν</strong></span> <span class='ocrx_word' id='word_1_592' title='bbox 3210 3880 3463 3950; x_wconf 82' lang='grc' dir='ltr'><strong>ἐπιτολὴν</strong></span> <span class='ocrx_word' id='word_1_593' title='bbox 3493 3882 3593 3934; x_wconf 82' lang='grc' dir='ltr'><strong>τοῦ</strong></span> <span class='ocrx_word' id='word_1_594' title='bbox 3641 3883 3758 3952; x_wconf 61' lang='grc' dir='ltr'><strong>Ἀρι</strong></span> 
     </span>
    </p>
   </div>
   <div class='ocr_carea' id='block_1_87' title="bbox 2195 3970 3756 4043">
    <p class='ocr_par' dir='ltr' id='par_1_87' title="bbox 2195 3970 3756 4043">
     <span class='ocr_line' id='line_1_87' title="bbox 2195 3970 3756 4043; baseline 0.001 -19"><span class='ocrx_word' id='word_1_595' title='bbox 2195 3970 2445 4042; x_wconf 83' lang='grc' dir='ltr'><strong>κτούρου,</strong></span> <span class='ocrx_word' id='word_1_596' title='bbox 2491 3973 2636 4034; x_wconf 84' lang='grc' dir='ltr'><strong>ὅστις</strong></span> <span class='ocrx_word' id='word_1_597' title='bbox 2684 3971 2870 4042; x_wconf 80' lang='grc' dir='ltr'><strong>καιρὸς</strong></span> <span class='ocrx_word' id='word_1_598' title='bbox 2901 3973 2957 4025; x_wconf 87' lang='grc' dir='ltr'><strong>ἐν</strong></span> <span class='ocrx_word' id='word_1_599' title='bbox 2998 3971 3181 4043; x_wconf 80' lang='grc' dir='ltr'><strong>Ῥώμῃ</strong></span> <span class='ocrx_word' id='word_1_600' title='bbox 3228 3971 3614 4042; x_wconf 79' lang='grc' dir='ltr'><strong>ὁκαλούμενος</strong></span> <span class='ocrx_word' id='word_1_601' title='bbox 3661 3971 3756 4043; x_wconf 78' lang='grc' dir='ltr'><strong>μὲν</strong></span> 
     </span>
    </p>
   </div>
   <div class='ocr_carea' id='block_1_88' title="bbox 2196 4062 3747 4134">
    <p class='ocr_par' dir='ltr' id='par_1_88' title="bbox 2196 4062 3747 4134">
     <span class='ocr_line' id='line_1_88' title="bbox 2196 4062 3747 4134; baseline 0 -19"><span class='ocrx_word' id='word_1_602' title='bbox 2196 4063 2564 4134; x_wconf 82' lang='grc' dir='ltr'><strong>Σεπτέμϐριός</strong></span> <span class='ocrx_word' id='word_1_603' title='bbox 2609 4065 2756 4116; x_wconf 80' lang='grc' dir='ltr'><strong>ἐστι·</strong></span> <span class='ocrx_word' id='word_1_604' title='bbox 2792 4083 2810 4114; x_wconf 75' lang='grc' dir='ltr'><strong>ι</strong></span> <span class='ocrx_word' id='word_1_605' title='bbox 2837 4065 2902 4132; x_wconf 83' lang='grc' dir='ltr'><strong>τῇ</strong></span> <span class='ocrx_word' id='word_1_606' title='bbox 2959 4062 3003 4115; x_wconf 86' lang='grc' dir='ltr'><strong>δ’</strong></span> <span class='ocrx_word' id='word_1_607' title='bbox 3038 4063 3302 4133; x_wconf 72' lang='grc' dir='ltr'><strong>αὐθέντης</strong></span> <span class='ocrx_word' id='word_1_608' title='bbox 3356 4063 3747 4132; x_wconf 78' lang='grc' dir='ltr'><strong>Ἀριστοτέλης·</strong></span> 
     </span>
    </p>
   </div>
   <div class='ocr_carea' id='block_1_89' title="bbox 2201 4152 3752 4226">
    <p class='ocr_par' dir='ltr' id='par_1_89' title="bbox 2201 4152 3752 4226">
     <span class='ocr_line' id='line_1_89' title="bbox 2201 4152 3752 4226; baseline 0 -20"><span class='ocrx_word' id='word_1_609' title='bbox 2201 4173 2219 4206; x_wconf 80' lang='grc' dir='ltr'><strong>ι</strong></span> <span class='ocrx_word' id='word_1_610' title='bbox 2253 4155 2384 4208; x_wconf 87' lang='grc' dir='ltr'><strong>Μετ’</strong></span> <span class='ocrx_word' id='word_1_611' title='bbox 2419 4153 2742 4226; x_wconf 81' lang='grc' dir='ltr'><strong>’Δρκτοῦρον</strong></span> <span class='ocrx_word' id='word_1_612' title='bbox 2777 4173 2794 4205; x_wconf 71' lang='grc' dir='ltr'><strong>ι</strong></span> <span class='ocrx_word' id='word_1_613' title='bbox 2821 4155 2952 4225; x_wconf 73' lang='grc' dir='ltr'><strong>γὰρ,</strong></span> <span class='ocrx_word' id='word_1_614' title='bbox 2983 4154 3134 4223; x_wconf 64' lang='grc' dir='ltr'><strong>φησι,</strong></span> <span class='ocrx_word' id='word_1_615' title='bbox 3164 4174 3181 4203; x_wconf 73' lang='grc' dir='ltr'><strong>ι</strong></span> <span class='ocrx_word' id='word_1_616' title='bbox 3213 4154 3341 4224; x_wconf 79' lang='grc' dir='ltr'><strong>περὶ</strong></span> <span class='ocrx_word' id='word_1_617' title='bbox 3377 4152 3752 4223; x_wconf 83' lang='grc' dir='ltr'><strong>Βοηδρομιῶνα</strong></span> 
     </span>
    </p>
   </div>
   <div class='ocr_carea' id='block_1_90' title="bbox 2197 4244 3755 4317">
    <p class='ocr_par' dir='ltr' id='par_1_90' title="bbox 2197 4244 3755 4317">
     <span class='ocr_line' id='line_1_90' title="bbox 2197 4244 3755 4317; baseline -0.001 -18"><span class='ocrx_word' id='word_1_618' title='bbox 2197 4247 2290 4299; x_wconf 75' lang='grc' dir='ltr'><strong>καὶ</strong></span> <span class='ocrx_word' id='word_1_619' title='bbox 2323 4245 2814 4317; x_wconf 82' lang='grc' dir='ltr'><strong>Μαιμακτηριῶνα,</strong></span> <span class='ocrx_word' id='word_1_620' title='bbox 2849 4267 2866 4297; x_wconf 76' lang='grc' dir='ltr'><strong>ι</strong></span> <span class='ocrx_word' id='word_1_621' title='bbox 2901 4245 2976 4308; x_wconf 81' lang='grc' dir='ltr'><strong>ὡς</strong></span> <span class='ocrx_word' id='word_1_622' title='bbox 3004 4247 3235 4316; x_wconf 76' lang='grc' dir='ltr'><strong>εἴρηται.</strong></span> <span class='ocrx_word' id='word_1_623' title='bbox 3273 4247 3342 4298; x_wconf 85' lang='grc' dir='ltr'><strong><em>Ἢ</em></strong></span> <span class='ocrx_word' id='word_1_624' title='bbox 3372 4244 3428 4298; x_wconf 86' lang='grc' dir='ltr'><strong>ού</strong></span> <span class='ocrx_word' id='word_1_625' title='bbox 3452 4245 3508 4296; x_wconf 85' lang='grc' dir='ltr'><strong>τὸ</strong></span> <span class='ocrx_word' id='word_1_626' title='bbox 3544 4246 3755 4314; x_wconf 76' lang='grc' dir='ltr'><strong>πάρεγ-</strong></span> 
     </span>
    </p>
   </div>
   <div class='ocr_carea' id='block_1_91' title="bbox 2197 4335 3752 4410">
    <p class='ocr_par' dir='ltr' id='par_1_91' title="bbox 2197 4335 3752 4410">
     <span class='ocr_line' id='line_1_91' title="bbox 2197 4335 3752 4410; baseline -0.001 -20"><span class='ocrx_word' id='word_1_627' title='bbox 2197 4355 2295 4406; x_wconf 88' lang='grc' dir='ltr'><strong>γυς</strong></span> <span class='ocrx_word' id='word_1_628' title='bbox 2328 4337 2391 4390; x_wconf 84' lang='grc' dir='ltr'><strong>ἂν</strong></span> <span class='ocrx_word' id='word_1_629' title='bbox 2418 4337 2669 4408; x_wconf 84' lang='grc' dir='ltr'><strong>σημαίνοι</strong></span> <span class='ocrx_word' id='word_1_630' title='bbox 2707 4339 2735 4389; x_wconf 84' lang='grc' dir='ltr'>ὁ</span> <span class='ocrx_word' id='word_1_631' title='bbox 2773 4335 2914 4390; x_wconf 69' lang='grc' dir='ltr'><strong>οὕτω</strong></span> <span class='ocrx_word' id='word_1_632' title='bbox 2952 4337 3192 4410; x_wconf 79' lang='grc' dir='ltr'><strong>φράζων.</strong></span> <span class='ocrx_word' id='word_1_633' title='bbox 3237 4336 3403 4389; x_wconf 86' lang='grc' dir='ltr'><strong>Τοῦτο</strong></span> <span class='ocrx_word' id='word_1_634' title='bbox 3431 4335 3484 4388; x_wconf 78' lang='grc' dir='ltr'><strong>δὲ</strong></span> <span class='ocrx_word' id='word_1_635' title='bbox 3518 4336 3752 4388; x_wconf 79' lang='grc' dir='ltr'><strong>ἄτοπον·</strong></span> 
     </span>
    </p>
   </div>
   <div class='ocr_carea' id='block_1_92' title="bbox 538 4419 2088 4499">
    <p class='ocr_par' dir='ltr' id='par_1_92' title="bbox 538 4419 2088 4496">
     <span class='ocr_line' id='line_1_92' title="bbox 538 4419 2088 4496; baseline 0.007 -22"><span class='ocrx_word' id='word_1_636' title='bbox 538 4419 863 4488; x_wconf 73' lang='lat' dir='ltr'><strong>esplicatum</strong></span> <span class='ocrx_word' id='word_1_637' title='bbox 900 4431 1002 4475; x_wconf 85' lang='lat' dir='ltr'><strong>est.</strong></span> <span class='ocrx_word' id='word_1_638' title='bbox 1034 4423 1284 4490; x_wconf 91' lang='lat' dir='ltr'><strong>Alioquin</strong></span> <span class='ocrx_word' id='word_1_639' title='bbox 1339 4426 1604 4479; x_wconf 90' lang='lat' dir='ltr'><strong>mensium</strong></span> <span class='ocrx_word' id='word_1_640' title='bbox 1641 4429 2088 4496; x_wconf 86' lang='lat' dir='ltr'><strong>propinquitatem</strong></span> 
     </span>
    </p>
   </div>
   <div class='ocr_carea' id='block_1_93' title="bbox 2191 4419 3760 4499">
    <p class='ocr_par' dir='ltr' id='par_1_93' title="bbox 2203 4427 3760 4499">
     <span class='ocr_line' id='line_1_93' title="bbox 2203 4427 3760 4499; baseline -0.001 -17"><span class='ocrx_word' id='word_1_641' title='bbox 2203 4430 2320 4482; x_wconf 82' lang='grc' dir='ltr'><strong>ἐπεὶ</strong></span> <span class='ocrx_word' id='word_1_642' title='bbox 2362 4429 2455 4482; x_wconf 74' lang='grc' dir='ltr'><strong>καὶ</strong></span> <span class='ocrx_word' id='word_1_643' title='bbox 2483 4431 2516 4498; x_wconf 82' lang='grc' dir='ltr'>ὴ</span> <span class='ocrx_word' id='word_1_644' title='bbox 2561 4428 2719 4497; x_wconf 75' lang='grc' dir='ltr'><strong>φύσις</strong></span> <span class='ocrx_word' id='word_1_645' title='bbox 2748 4428 2880 4499; x_wconf 82' lang='grc' dir='ltr'><strong>πρὸς</strong></span> <span class='ocrx_word' id='word_1_646' title='bbox 2906 4428 3001 4490; x_wconf 81' lang='grc' dir='ltr'><strong>τάς</strong></span> <span class='ocrx_word' id='word_1_647' title='bbox 3023 4427 3167 4498; x_wconf 87' lang='grc' dir='ltr'><strong>ῶρας</strong></span> <span class='ocrx_word' id='word_1_648' title='bbox 3193 4431 3420 4480; x_wconf 86' lang='grc' dir='ltr'><strong>ποιεῖται</strong></span> <span class='ocrx_word' id='word_1_649' title='bbox 3451 4427 3544 4490; x_wconf 72' lang='grc' dir='ltr'><strong>τὰς</strong></span> <span class='ocrx_word' id='word_1_650' title='bbox 3575 4427 3760 4496; x_wconf 79' lang='grc' dir='ltr'><strong>ὀχείας</strong></span> 
     </span>
    </p>
   </div>
   <div class='ocr_carea' id='block_1_94' title="bbox 541 4514 2095 4584">
    <p class='ocr_par' dir='ltr' id='par_1_94' title="bbox 541 4514 2095 4584">
     <span class='ocr_line' id='line_1_94' title="bbox 541 4514 2095 4584; baseline 0.006 -18"><span class='ocrx_word' id='word_1_651' title='bbox 541 4524 888 4582; x_wconf 76' lang='lat' dir='ltr'><strong>nequaquam</strong></span> <span class='ocrx_word' id='word_1_652' title='bbox 942 4514 1294 4584; x_wconf 82' lang='lat' dir='ltr'><strong>signiﬁcaret,</strong></span> <span class='ocrx_word' id='word_1_653' title='bbox 1329 4517 1418 4584; x_wconf 89' lang='lat' dir='ltr'><strong>qui</strong></span> <span class='ocrx_word' id='word_1_654' title='bbox 1453 4516 1553 4570; x_wconf 84' lang='lat' dir='ltr'><strong>hoc</strong></span> <span class='ocrx_word' id='word_1_655' title='bbox 1603 4519 1761 4570; x_wconf 86' lang='lat' dir='ltr'><strong>modo</strong></span> <span class='ocrx_word' id='word_1_656' title='bbox 1789 4520 1998 4574; x_wconf 89' lang='lat' dir='ltr'><strong>scribit.</strong></span> <span class='ocrx_word' id='word_1_657' title='bbox 2039 4521 2095 4574; x_wconf 91' lang='lat' dir='ltr'><strong>Id</strong></span> 
     </span>
    </p>
   </div>
   <div class='ocr_carea' id='block_1_95' title="bbox 538 4603 2095 4680">
    <p class='ocr_par' dir='ltr' id='par_1_95' title="bbox 538 4603 2095 4680">
     <span class='ocr_line' id='line_1_95' title="bbox 538 4603 2095 4680; baseline 0.005 -23"><span class='ocrx_word' id='word_1_658' title='bbox 538 4618 667 4658; x_wconf 87' lang='lat' dir='ltr'><strong>vero</strong></span> <span class='ocrx_word' id='word_1_659' title='bbox 696 4603 1016 4666; x_wconf 89' lang='lat' dir='ltr'><strong>absurdum,</strong></span> <span class='ocrx_word' id='word_1_660' title='bbox 1042 4605 1476 4674; x_wconf 84' lang='lat' dir='ltr'><strong>quandoquidem</strong></span> <span class='ocrx_word' id='word_1_661' title='bbox 1518 4608 1684 4662; x_wconf 88' lang='lat' dir='ltr'><strong>certis</strong></span> <span class='ocrx_word' id='word_1_662' title='bbox 1718 4609 1846 4661; x_wconf 90' lang='lat' dir='ltr'><strong>anni</strong></span> <span class='ocrx_word' id='word_1_663' title='bbox 1887 4617 2095 4680; x_wconf 83' lang='lat' dir='ltr'><strong>tempe-</strong></span> 
     </span>
    </p>
   </div>
   <div class='ocr_carea' id='block_1_96' title="bbox 540 4694 2098 4768">
    <p class='ocr_par' dir='ltr' id='par_1_96' title="bbox 540 4694 2098 4768">
     <span class='ocr_line' id='line_1_96' title="bbox 540 4694 2098 4768; baseline 0.005 -18"><span class='ocrx_word' id='word_1_664' title='bbox 540 4695 774 4750; x_wconf 86' lang='lat' dir='ltr'><strong>statibus</strong></span> <span class='ocrx_word' id='word_1_665' title='bbox 803 4694 868 4749; x_wconf 90' lang='lat' dir='ltr'><strong>ad</strong></span> <span class='ocrx_word' id='word_1_666' title='bbox 900 4698 1077 4750; x_wconf 89' lang='lat' dir='ltr'><strong>coitus</strong></span> <span class='ocrx_word' id='word_1_667' title='bbox 1102 4706 1398 4768; x_wconf 89' lang='lat' dir='ltr'><strong>partusque</strong></span> <span class='ocrx_word' id='word_1_668' title='bbox 1417 4698 1714 4753; x_wconf 88' lang='lat' dir='ltr'><strong>animantia</strong></span> <span class='ocrx_word' id='word_1_669' title='bbox 1740 4710 1934 4755; x_wconf 86' lang='lat' dir='ltr'><strong>natura</strong></span> <span class='ocrx_word' id='word_1_670' title='bbox 1961 4704 2098 4758; x_wconf 83' lang='lat' dir='ltr'><strong>inci-</strong></span> 
     </span>
    </p>
   </div>
   <div class='ocr_carea' id='block_1_97' title="bbox 538 4788 2095 4861">
    <p class='ocr_par' dir='ltr' id='par_1_97' title="bbox 538 4788 2095 4861">
     <span class='ocr_line' id='line_1_97' title="bbox 538 4788 2095 4861; baseline 0.003 -20"><span class='ocrx_word' id='word_1_671' title='bbox 538 4793 638 4850; x_wconf 86' lang='lat' dir='ltr'><strong>tat,</strong></span> <span class='ocrx_word' id='word_1_672' title='bbox 667 4794 721 4843; x_wconf 88' lang='lat' dir='ltr'><strong>et</strong></span> <span class='ocrx_word' id='word_1_673' title='bbox 751 4788 832 4842; x_wconf 88' lang='lat' dir='ltr'><strong>vel</strong></span> <span class='ocrx_word' id='word_1_674' title='bbox 861 4796 972 4842; x_wconf 92' lang='lat' dir='ltr'><strong>toto</strong></span> <span class='ocrx_word' id='word_1_675' title='bbox 1003 4788 1172 4842; x_wconf 89' lang='lat' dir='ltr'><strong>utitur</strong></span> <span class='ocrx_word' id='word_1_676' title='bbox 1195 4800 1459 4861; x_wconf 87' lang='lat' dir='ltr'><strong>tempore,</strong></span> <span class='ocrx_word' id='word_1_677' title='bbox 1486 4791 1566 4843; x_wconf 88' lang='lat' dir='ltr'><strong>vel</strong></span> <span class='ocrx_word' id='word_1_678' title='bbox 1597 4792 1831 4846; x_wconf 77' lang='lat' dir='ltr'><strong>maxime</strong></span> <span class='ocrx_word' id='word_1_679' title='bbox 1851 4793 2095 4861; x_wconf 88' lang='lat' dir='ltr'><strong>ejusdem</strong></span> 
     </span>
    </p>
   </div>
   <div class='ocr_carea' id='block_1_98' title="bbox 538 4878 2097 4956">
    <p class='ocr_par' dir='ltr' id='par_1_98' title="bbox 538 4878 2097 4956">
     <span class='ocr_line' id='line_1_98' title="bbox 538 4878 2097 4956; baseline 0.005 -23"><span class='ocrx_word' id='word_1_680' title='bbox 538 4878 739 4943; x_wconf 87' lang='lat' dir='ltr'><strong>medio,</strong></span> <span class='ocrx_word' id='word_1_681' title='bbox 767 4881 1068 4950; x_wconf 69' lang='lat' dir='ltr'><strong>praesertim</strong></span> <span class='ocrx_word' id='word_1_682' title='bbox 1095 4881 1139 4936; x_wconf 91' lang='lat' dir='ltr'><strong>si</strong></span> <span class='ocrx_word' id='word_1_683' title='bbox 1170 4881 1281 4949; x_wconf 87' lang='lat' dir='ltr'><strong>jam</strong></span> <span class='ocrx_word' id='word_1_684' title='bbox 1311 4882 1633 4952; x_wconf 85' lang='lat' dir='ltr'><strong>principium</strong></span> <span class='ocrx_word' id='word_1_685' title='bbox 1667 4887 1967 4956; x_wconf 85' lang='lat' dir='ltr'><strong>occuparit.</strong></span> <span class='ocrx_word' id='word_1_686' title='bbox 1996 4896 2097 4941; x_wconf 86' lang='lat' dir='ltr'><strong>Ar-</strong></span> 
     </span>
    </p>
   </div>
   <div class='ocr_carea' id='block_1_99' title="bbox 540 4970 2098 5044">
    <p class='ocr_par' dir='ltr' id='par_1_99' title="bbox 540 4970 2098 5044">
     <span class='ocr_line' id='line_1_99' title="bbox 540 4970 2098 5044; baseline 0.005 -20"><span class='ocrx_word' id='word_1_687' title='bbox 540 4979 854 5041; x_wconf 89' lang='lat' dir='ltr'><strong>gumentum</strong></span> <span class='ocrx_word' id='word_1_688' title='bbox 879 4986 1008 5025; x_wconf 87' lang='lat' dir='ltr'><strong>vero</strong></span> <span class='ocrx_word' id='word_1_689' title='bbox 1033 4970 1196 5040; x_wconf 86' lang='lat' dir='ltr'><strong>hujus</strong></span> <span class='ocrx_word' id='word_1_690' title='bbox 1218 4971 1556 5028; x_wconf 65' lang='lat' dir='ltr'><strong>cohaerentia:</strong></span> <span class='ocrx_word' id='word_1_691' title='bbox 1577 4989 1685 5028; x_wconf 92' lang='lat' dir='ltr'><strong>non</strong></span> <span class='ocrx_word' id='word_1_692' title='bbox 1715 4991 1937 5044; x_wconf 87' lang='lat' dir='ltr'><strong>parvum</strong></span> <span class='ocrx_word' id='word_1_693' title='bbox 1966 4977 2098 5032; x_wconf 90' lang='lat' dir='ltr'><strong>illud</strong></span> 
     </span>
    </p>
   </div>
   <div class='ocr_carea' id='block_1_100' title="bbox 540 5062 2100 5131">
    <p class='ocr_par' dir='ltr' id='par_1_100' title="bbox 540 5062 2100 5131">
     <span class='ocr_line' id='line_1_100' title="bbox 540 5062 2100 5131; baseline 0.005 -16"><span class='ocrx_word' id='word_1_694' title='bbox 540 5077 776 5131; x_wconf 89' lang='lat' dir='ltr'><strong>quoque,</strong></span> <span class='ocrx_word' id='word_1_695' title='bbox 828 5062 972 5130; x_wconf 91' lang='lat' dir='ltr'><strong>quod</strong></span> <span class='ocrx_word' id='word_1_696' title='bbox 1027 5063 1094 5117; x_wconf 91' lang='lat' dir='ltr'><strong>de</strong></span> <span class='ocrx_word' id='word_1_697' title='bbox 1143 5063 1320 5118; x_wconf 92' lang='lat' dir='ltr'><strong>bubus</strong></span> <span class='ocrx_word' id='word_1_698' title='bbox 1375 5064 1454 5118; x_wconf 90' lang='lat' dir='ltr'><strong>sic</strong></span> <span class='ocrx_word' id='word_1_699' title='bbox 1485 5063 1689 5119; x_wconf 89' lang='lat' dir='ltr'><strong>dictum</strong></span> <span class='ocrx_word' id='word_1_700' title='bbox 1722 5074 1850 5121; x_wconf 86' lang='lat' dir='ltr'><strong>est:</strong></span> <span class='ocrx_word' id='word_1_701' title='bbox 1898 5087 1915 5118; x_wconf 83' lang='grc' dir='ltr'><strong>ι</strong></span> <span class='ocrx_word' id='word_1_702' title='bbox 1960 5069 2100 5122; x_wconf 91' lang='lat' dir='ltr'><strong>luci-</strong></span> 
     </span>
    </p>
   </div>
   <div class='ocr_carea' id='block_1_101' title="bbox 545 5153 2100 5228">
    <p class='ocr_par' dir='ltr' id='par_1_101' title="bbox 545 5153 2100 5228">
     <span class='ocr_line' id='line_1_101' title="bbox 545 5153 2100 5228; baseline 0.008 -24"><span class='ocrx_word' id='word_1_703' title='bbox 545 5154 700 5222; x_wconf 86' lang='lat' dir='ltr'><strong>piunt</strong></span> <span class='ocrx_word' id='word_1_704' title='bbox 746 5154 894 5208; x_wconf 88' lang='lat' dir='ltr'><strong>coire</strong></span> <span class='ocrx_word' id='word_1_705' title='bbox 940 5153 1104 5208; x_wconf 86' lang='lat' dir='ltr'><strong>boves</strong></span> <span class='ocrx_word' id='word_1_706' title='bbox 1161 5153 1524 5226; x_wconf 75' lang='lat' dir='ltr'><strong>Tliargelione</strong></span> <span class='ocrx_word' id='word_1_707' title='bbox 1573 5168 1624 5212; x_wconf 90' lang='lat' dir='ltr'><strong>et</strong></span> <span class='ocrx_word' id='word_1_708' title='bbox 1672 5157 2100 5228; x_wconf 89' lang='lat' dir='ltr'><strong>Sciropborioue</strong></span> 
     </span>
    </p>
   </div>
   <div class='ocr_carea' id='block_1_102' title="bbox 546 5243 2099 5321">
    <p class='ocr_par' dir='ltr' id='par_1_102' title="bbox 546 5243 2099 5321">
     <span class='ocr_line' id='line_1_102' title="bbox 546 5243 2099 5321; baseline 0.008 -26"><span class='ocrx_word' id='word_1_709' title='bbox 546 5243 808 5311; x_wconf 72' lang='lat' dir='ltr'><strong>plurimae.</strong></span> <span class='ocrx_word' id='word_1_710' title='bbox 862 5245 929 5298; x_wconf 87' lang='lat' dir='ltr'><strong>At</strong></span> <span class='ocrx_word' id='word_1_711' title='bbox 974 5261 1103 5300; x_wconf 89' lang='lat' dir='ltr'><strong>vero</strong></span> <span class='ocrx_word' id='word_1_712' title='bbox 1155 5248 1316 5302; x_wconf 91' lang='lat' dir='ltr'><strong>etiam</strong></span> <span class='ocrx_word' id='word_1_713' title='bbox 1367 5249 1563 5318; x_wconf 59' lang='lat' dir='ltr'><strong>aliqua;</strong></span> <span class='ocrx_word' id='word_1_714' title='bbox 1609 5258 1824 5321; x_wconf 90' lang='lat' dir='ltr'><strong>tempus</strong></span> <span class='ocrx_word' id='word_1_715' title='bbox 1867 5256 2099 5309; x_wconf 89' lang='lat' dir='ltr'><strong>coeundi</strong></span> 
     </span>
    </p>
   </div>
   <div class='ocr_carea' id='block_1_103' title="bbox 543 5337 2098 5413">
    <p class='ocr_par' dir='ltr' id='par_1_103' title="bbox 543 5337 2098 5413">
     <span class='ocr_line' id='line_1_103' title="bbox 543 5337 2098 5413; baseline 0.007 -25"><span class='ocrx_word' id='word_1_716' title='bbox 543 5350 716 5404; x_wconf 81' lang='lat' dir='ltr'><strong>usque</strong></span> <span class='ocrx_word' id='word_1_717' title='bbox 770 5337 835 5391; x_wconf 90' lang='lat' dir='ltr'><strong>ad</strong></span> <span class='ocrx_word' id='word_1_718' title='bbox 882 5345 1199 5392; x_wconf 83' lang='lat' dir='ltr'><strong>autumnum</strong></span> <span class='ocrx_word' id='word_1_719' title='bbox 1249 5338 1545 5395; x_wconf 91' lang='lat' dir='ltr'><strong>deducunt.</strong></span> <span class='ocrx_word' id='word_1_720' title='bbox 1612 5361 1631 5394; x_wconf 74' lang='grc' dir='ltr'><strong>ι</strong></span> <span class='ocrx_word' id='word_1_721' title='bbox 1667 5341 1904 5413; x_wconf 88' lang='lat' dir='ltr'><strong>Tempus</strong></span> <span class='ocrx_word' id='word_1_722' title='bbox 1955 5347 2098 5399; x_wconf 90' lang='lat' dir='ltr'><strong>enim</strong></span> 
     </span>
    </p>
   </div>
   <div class='ocr_carea' id='block_1_104' title="bbox 542 5425 2101 5494">
    <p class='ocr_par' dir='ltr' id='par_1_104' title="bbox 542 5425 2101 5494">
     <span class='ocr_line' id='line_1_104' title="bbox 542 5425 2101 5494; baseline 0.008 -17"><span class='ocrx_word' id='word_1_723' title='bbox 542 5425 894 5494; x_wconf 89' lang='lat' dir='ltr'><strong>plurimarum</strong></span> <span class='ocrx_word' id='word_1_724' title='bbox 924 5431 1253 5484; x_wconf 79' lang='lat' dir='ltr'><strong>contraliens</strong></span> <span class='ocrx_word' id='word_1_725' title='bbox 1283 5431 1348 5484; x_wconf 90' lang='lat' dir='ltr'><strong>ad</strong></span> <span class='ocrx_word' id='word_1_726' title='bbox 1375 5431 1512 5486; x_wconf 91' lang='lat' dir='ltr'><strong>duos</strong></span> <span class='ocrx_word' id='word_1_727' title='bbox 1534 5433 1654 5487; x_wconf 91' lang='lat' dir='ltr'><strong>illos</strong></span> <span class='ocrx_word' id='word_1_728' title='bbox 1686 5450 1900 5490; x_wconf 88' lang='lat' dir='ltr'><strong>menses</strong></span> <span class='ocrx_word' id='word_1_729' title='bbox 1920 5435 2101 5490; x_wconf 81' lang='lat' dir='ltr'><strong>Thar-</strong></span> 
     </span>
    </p>
   </div>
   <div class='ocr_carea' id='block_1_105' title="bbox 541 5516 2103 5590">
    <p class='ocr_par' dir='ltr' id='par_1_105' title="bbox 541 5516 2103 5590">
     <span class='ocr_line' id='line_1_105' title="bbox 541 5516 2103 5590; baseline 0.006 -20"><span class='ocrx_word' id='word_1_730' title='bbox 541 5516 824 5588; x_wconf 80' lang='lat' dir='ltr'><strong>gelionem~</strong></span> <span class='ocrx_word' id='word_1_731' title='bbox 858 5529 910 5573; x_wconf 89' lang='lat' dir='ltr'><strong>et</strong></span> <span class='ocrx_word' id='word_1_732' title='bbox 937 5519 1432 5590; x_wconf 79' lang='lat' dir='ltr'><strong>Sciropliorionem,</strong></span> <span class='ocrx_word' id='word_1_733' title='bbox 1473 5538 1502 5575; x_wconf 92' lang='lat' dir='ltr'><strong>a</strong></span> <span class='ocrx_word' id='word_1_734' title='bbox 1546 5525 1928 5579; x_wconf 87' lang='lat' dir='ltr'><strong>nonnullarum</strong></span> <span class='ocrx_word' id='word_1_735' title='bbox 1966 5533 2103 5580; x_wconf 84' lang='lat' dir='ltr'><strong>tem-</strong></span> 
     </span>
    </p>
   </div>
   <div class='ocr_carea' id='block_1_106' title="bbox 545 5611 2103 5680">
    <p class='ocr_par' dir='ltr' id='par_1_106' title="bbox 545 5611 2103 5680">
     <span class='ocr_line' id='line_1_106' title="bbox 545 5611 2103 5680; baseline 0.006 -17"><span class='ocrx_word' id='word_1_736' title='bbox 545 5624 675 5680; x_wconf 85' lang='lat' dir='ltr'><strong>pore</strong></span> <span class='ocrx_word' id='word_1_737' title='bbox 706 5611 974 5668; x_wconf 75' lang='lat' dir='ltr'><strong>distinxit.</strong></span> <span class='ocrx_word' id='word_1_738' title='bbox 1028 5613 1086 5668; x_wconf 91' lang='lat' dir='ltr'><strong>lu</strong></span> <span class='ocrx_word' id='word_1_739' title='bbox 1122 5629 1356 5678; x_wconf 88' lang='lat' dir='ltr'><strong>summa,</strong></span> <span class='ocrx_word' id='word_1_740' title='bbox 1422 5617 1511 5671; x_wconf 92' lang='lat' dir='ltr'><strong>ubi</strong></span> <span class='ocrx_word' id='word_1_741' title='bbox 1567 5632 1631 5671; x_wconf 94' lang='lat' dir='ltr'><strong>eo</strong></span> <span class='ocrx_word' id='word_1_742' title='bbox 1690 5619 1883 5674; x_wconf 87' lang='lat' dir='ltr'><strong>ordine</strong></span> <span class='ocrx_word' id='word_1_743' title='bbox 1935 5619 2103 5673; x_wconf 89' lang='lat' dir='ltr'><strong>inter-</strong></span> 
     </span>
    </p>
   </div>
   <div class='ocr_carea' id='block_1_107' title="bbox 542 5706 2102 5780">
    <p class='ocr_par' dir='ltr' id='par_1_107' title="bbox 542 5706 2102 5780">
     <span class='ocr_line' id='line_1_107' title="bbox 542 5706 2102 5780; baseline 0.005 -20"><span class='ocrx_word' id='word_1_744' title='bbox 542 5711 806 5776; x_wconf 82' lang='lat' dir='ltr'><strong>pretatur,</strong></span> <span class='ocrx_word' id='word_1_745' title='bbox 869 5706 998 5761; x_wconf 89' lang='lat' dir='ltr'><strong>nihil</strong></span> <span class='ocrx_word' id='word_1_746' title='bbox 1050 5707 1370 5777; x_wconf 72' lang='lat' dir='ltr'><strong>przecidens,</strong></span> <span class='ocrx_word' id='word_1_747' title='bbox 1427 5710 1778 5776; x_wconf 79' lang='lat' dir='ltr'><strong>deliniensre,</strong></span> <span class='ocrx_word' id='word_1_748' title='bbox 1837 5712 2102 5780; x_wconf 87' lang='lat' dir='ltr'><strong>temporis</strong></span> 
     </span>
    </p>
   </div>
   <div class='ocr_carea' id='block_1_108' title="bbox 2199 4518 3758 4589">
    <p class='ocr_par' dir='ltr' id='par_1_108' title="bbox 2199 4518 3758 4589">
     <span class='ocr_line' id='line_1_108' title="bbox 2199 4518 3758 4589; baseline -0.003 -15"><span class='ocrx_word' id='word_1_749' title='bbox 2199 4523 2291 4574; x_wconf 75' lang='grc' dir='ltr'><strong>καὶ</strong></span> <span class='ocrx_word' id='word_1_750' title='bbox 2323 4522 2449 4583; x_wconf 67' lang='grc' dir='ltr'><strong>τους</strong></span> <span class='ocrx_word' id='word_1_751' title='bbox 2472 4521 2660 4582; x_wconf 85' lang='grc' dir='ltr'><strong>τόκους</strong></span> <span class='ocrx_word' id='word_1_752' title='bbox 2697 4519 2804 4572; x_wconf 86' lang='grc' dir='ltr'><strong>τῶν</strong></span> <span class='ocrx_word' id='word_1_753' title='bbox 2832 4519 3015 4584; x_wconf 69' lang='grc' dir='ltr'><strong>ζώωνο</strong></span> <span class='ocrx_word' id='word_1_754' title='bbox 3047 4519 3138 4570; x_wconf 75' lang='grc' dir='ltr'><strong>καὶ</strong></span> <span class='ocrx_word' id='word_1_755' title='bbox 3171 4519 3288 4587; x_wconf 69' lang='grc' dir='ltr'><strong>ἦτοι</strong></span> <span class='ocrx_word' id='word_1_756' title='bbox 3321 4518 3416 4589; x_wconf 84' lang='grc' dir='ltr'><strong>ὅλῃ</strong></span> <span class='ocrx_word' id='word_1_757' title='bbox 3463 4519 3658 4587; x_wconf 70' lang='grc' dir='ltr'><strong>χρῆται</strong></span> <span class='ocrx_word' id='word_1_758' title='bbox 3695 4521 3758 4588; x_wconf 76' lang='grc' dir='ltr'><strong>τῇ</strong></span> 
     </span>
    </p>
   </div>
   <div class='ocr_carea' id='block_1_109' title="bbox 2199 4607 3761 4680">
    <p class='ocr_par' dir='ltr' id='par_1_109' title="bbox 2199 4607 3761 4680">
     <span class='ocr_line' id='line_1_109' title="bbox 2199 4607 3761 4680; baseline -0.001 -19"><span class='ocrx_word' id='word_1_759' title='bbox 2199 4609 2334 4680; x_wconf 75' lang='grc' dir='ltr'><strong>ῶρᾳ,</strong></span> <span class='ocrx_word' id='word_1_760' title='bbox 2367 4611 2398 4680; x_wconf 76' lang='grc' dir='ltr'><strong>ἢ</strong></span> <span class='ocrx_word' id='word_1_761' title='bbox 2435 4609 2510 4680; x_wconf 80' lang='grc' dir='ltr'><strong>τῷ</strong></span> <span class='ocrx_word' id='word_1_762' title='bbox 2542 4610 2688 4678; x_wconf 78' lang='grc' dir='ltr'><strong>μέσῳ</strong></span> <span class='ocrx_word' id='word_1_763' title='bbox 2727 4626 2826 4661; x_wconf 92' lang='grc' dir='ltr'><strong>που</strong></span> <span class='ocrx_word' id='word_1_764' title='bbox 2860 4609 3089 4679; x_wconf 85' lang='grc' dir='ltr'><strong>μάλιστα</strong></span> <span class='ocrx_word' id='word_1_765' title='bbox 3136 4608 3232 4676; x_wconf 84' lang='grc' dir='ltr'><strong>τῆς</strong></span> <span class='ocrx_word' id='word_1_766' title='bbox 3264 4609 3451 4677; x_wconf 77' lang='grc' dir='ltr'><strong>αὐτῆς,</strong></span> <span class='ocrx_word' id='word_1_767' title='bbox 3489 4607 3664 4671; x_wconf 78' lang='grc' dir='ltr'><strong>άλλως</strong></span> <span class='ocrx_word' id='word_1_768' title='bbox 3706 4623 3761 4660; x_wconf 77' lang='grc' dir='ltr'><strong>τι</strong></span> 
     </span>
    </p>
   </div>
   <div class='ocr_carea' id='block_1_110' title="bbox 2202 4698 3762 4772">
    <p class='ocr_par' dir='ltr' id='par_1_110' title="bbox 2202 4698 3762 4772">
     <span class='ocr_line' id='line_1_110' title="bbox 2202 4698 3762 4772; baseline -0.003 -18"><span class='ocrx_word' id='word_1_769' title='bbox 2202 4703 2293 4754; x_wconf 76' lang='grc' dir='ltr'><strong>καὶ</strong></span> <span class='ocrx_word' id='word_1_770' title='bbox 2324 4704 2371 4754; x_wconf 86' lang='grc' dir='ltr'><strong>εἰ</strong></span> <span class='ocrx_word' id='word_1_771' title='bbox 2409 4704 2474 4772; x_wconf 77' lang='grc' dir='ltr'><strong>τῇ</strong></span> <span class='ocrx_word' id='word_1_772' title='bbox 2525 4701 2662 4771; x_wconf 82' lang='grc' dir='ltr'><strong>ἀρχῇ</strong></span> <span class='ocrx_word' id='word_1_773' title='bbox 2721 4698 3036 4770; x_wconf 78' lang='grc' dir='ltr'><strong>χρησαμένη</strong></span> <span class='ocrx_word' id='word_1_774' title='bbox 3068 4700 3166 4768; x_wconf 63' lang='grc' dir='ltr'><strong>ἤδη</strong></span> <span class='ocrx_word' id='word_1_775' title='bbox 3208 4699 3487 4767; x_wconf 85' lang='grc' dir='ltr'><strong>τυγχάνοι.</strong></span> <span class='ocrx_word' id='word_1_776' title='bbox 3535 4699 3762 4768; x_wconf 73' lang='grc' dir='ltr'><strong>Σημεῖόν</strong></span> 
     </span>
    </p>
   </div>
   <div class='ocr_carea' id='block_1_111' title="bbox 2199 4789 3762 4864">
    <p class='ocr_par' dir='ltr' id='par_1_111' title="bbox 2199 4789 3762 4864">
     <span class='ocr_line' id='line_1_111' title="bbox 2199 4789 3762 4864; baseline -0.001 -18"><span class='ocrx_word' id='word_1_777' title='bbox 2199 4794 2320 4846; x_wconf 78' lang='grc' dir='ltr'><strong>δ’ού</strong></span> <span class='ocrx_word' id='word_1_778' title='bbox 2363 4793 2554 4864; x_wconf 85' lang='grc' dir='ltr'><strong>μικρὸν</strong></span> <span class='ocrx_word' id='word_1_779' title='bbox 2614 4791 2704 4844; x_wconf 90' lang='grc' dir='ltr'><strong>τοῦ</strong></span> <span class='ocrx_word' id='word_1_780' title='bbox 2736 4789 3030 4861; x_wconf 78' lang='grc' dir='ltr'><strong>προσεχοῦς</strong></span> <span class='ocrx_word' id='word_1_781' title='bbox 3069 4791 3161 4842; x_wconf 75' lang='grc' dir='ltr'><strong>καὶ</strong></span> <span class='ocrx_word' id='word_1_782' title='bbox 3203 4791 3261 4842; x_wconf 78' lang='grc' dir='ltr'><strong>τὸ</strong></span> <span class='ocrx_word' id='word_1_783' title='bbox 3288 4790 3413 4860; x_wconf 76' lang='grc' dir='ltr'><strong>περὶ</strong></span> <span class='ocrx_word' id='word_1_784' title='bbox 3457 4789 3597 4858; x_wconf 81' lang='grc' dir='ltr'><strong>βοῶν</strong></span> <span class='ocrx_word' id='word_1_785' title='bbox 3625 4790 3762 4844; x_wconf 84' lang='grc' dir='ltr'><strong>οῦτω</strong></span> 
     </span>
    </p>
   </div>
   <div class='ocr_carea' id='block_1_112' title="bbox 2203 4881 3763 4958">
    <p class='ocr_par' dir='ltr' id='par_1_112' title="bbox 2203 4881 3763 4958">
     <span class='ocr_line' id='line_1_112' title="bbox 2203 4881 3763 4958; baseline -0.001 -20"><span class='ocrx_word' id='word_1_786' title='bbox 2203 4884 2364 4958; x_wconf 77' lang='grc' dir='ltr'><strong>ῥηθέν</strong></span> <span class='ocrx_word' id='word_1_787' title='bbox 2384 4903 2396 4915; x_wconf 69' lang='grc' dir='ltr'>υ</span> <span class='ocrx_word' id='word_1_788' title='bbox 2427 4903 2444 4936; x_wconf 86' lang='grc' dir='ltr'><strong>ι</strong></span> <span class='ocrx_word' id='word_1_789' title='bbox 2484 4886 2772 4955; x_wconf 83' lang='grc' dir='ltr'><strong>Ἀρχονται</strong></span> <span class='ocrx_word' id='word_1_790' title='bbox 2796 4884 2894 4953; x_wconf 78' lang='grc' dir='ltr'><strong>τῆς</strong></span> <span class='ocrx_word' id='word_1_791' title='bbox 2916 4883 3097 4952; x_wconf 84' lang='grc' dir='ltr'><strong>ὀχείας</strong></span> <span class='ocrx_word' id='word_1_792' title='bbox 3125 4884 3178 4934; x_wconf 84' lang='grc' dir='ltr'><strong>αί</strong></span> <span class='ocrx_word' id='word_1_793' title='bbox 3207 4881 3331 4951; x_wconf 83' lang='grc' dir='ltr'><strong>βοῦς</strong></span> <span class='ocrx_word' id='word_1_794' title='bbox 3354 4883 3483 4952; x_wconf 76' lang='grc' dir='ltr'><strong>περὶ</strong></span> <span class='ocrx_word' id='word_1_795' title='bbox 3505 4883 3596 4936; x_wconf 83' lang='grc' dir='ltr'><strong>τὸν</strong></span> <span class='ocrx_word' id='word_1_796' title='bbox 3621 4882 3763 4955; x_wconf 82' lang='grc' dir='ltr'><strong>Θαρ-</strong></span> 
     </span>
    </p>
   </div>
   <div class='ocr_carea' id='block_1_113' title="bbox 2201 4975 3760 5049">
    <p class='ocr_par' dir='ltr' id='par_1_113' title="bbox 2201 4975 3760 5049">
     <span class='ocr_line' id='line_1_113' title="bbox 2201 4975 3760 5049; baseline -0.002 -19"><span class='ocrx_word' id='word_1_797' title='bbox 2201 4978 2438 5049; x_wconf 80' lang='grc' dir='ltr'><strong>γηλιῶνα</strong></span> <span class='ocrx_word' id='word_1_798' title='bbox 2465 4977 2606 5048; x_wconf 85' lang='grc' dir='ltr'><strong>μῆνα</strong></span> <span class='ocrx_word' id='word_1_799' title='bbox 2661 4978 2753 5029; x_wconf 72' lang='grc' dir='ltr'><strong>καὶ</strong></span> <span class='ocrx_word' id='word_1_800' title='bbox 2796 4976 2886 5028; x_wconf 83' lang='grc' dir='ltr'><strong>τὸν</strong></span> <span class='ocrx_word' id='word_1_801' title='bbox 2918 4975 3339 5047; x_wconf 74' lang='grc' dir='ltr'><strong>Σκιροφοριῶνα.</strong></span> <span class='ocrx_word' id='word_1_802' title='bbox 3395 4975 3470 5028; x_wconf 88' lang='grc' dir='ltr'><strong>Ού</strong></span> <span class='ocrx_word' id='word_1_803' title='bbox 3521 4976 3628 5046; x_wconf 80' lang='grc' dir='ltr'><strong>μὴν</strong></span> <span class='ocrx_word' id='word_1_804' title='bbox 3653 4975 3760 5029; x_wconf 80' lang='grc' dir='ltr'><strong>ἀλλ’</strong></span> 
     </span>
    </p>
   </div>
   <div class='ocr_carea' id='block_1_114' title="bbox 2201 5066 3763 5139">
    <p class='ocr_par' dir='ltr' id='par_1_114' title="bbox 2201 5066 3763 5139">
     <span class='ocr_line' id='line_1_114' title="bbox 2201 5066 3763 5139; baseline -0.003 -15"><span class='ocrx_word' id='word_1_805' title='bbox 2201 5071 2337 5125; x_wconf 76' lang='grc' dir='ltr'><strong>ἔνιαι</strong></span> <span class='ocrx_word' id='word_1_806' title='bbox 2365 5071 2456 5123; x_wconf 74' lang='grc' dir='ltr'><strong>καὶ</strong></span> <span class='ocrx_word' id='word_1_807' title='bbox 2490 5070 2647 5139; x_wconf 84' lang='grc' dir='ltr'><strong>μέχρι</strong></span> <span class='ocrx_word' id='word_1_808' title='bbox 2693 5066 2786 5120; x_wconf 88' lang='grc' dir='ltr'><strong>τοῦ</strong></span> <span class='ocrx_word' id='word_1_809' title='bbox 2813 5067 3126 5137; x_wconf 81' lang='grc' dir='ltr'><strong>μετοπώρου</strong></span> <span class='ocrx_word' id='word_1_810' title='bbox 3162 5067 3496 5119; x_wconf 65' lang='grc' dir='ltr'><strong>κυΐσκονται.</strong></span> <span class='ocrx_word' id='word_1_811' title='bbox 3521 5067 3628 5120; x_wconf 81' lang='grc' dir='ltr'><strong>Τὸν</strong></span> <span class='ocrx_word' id='word_1_812' title='bbox 3659 5069 3763 5138; x_wconf 76' lang='grc' dir='ltr'><strong>γάρ</strong></span> 
     </span>
    </p>
   </div>
   <div class='ocr_carea' id='block_1_115' title="bbox 2200 5159 3764 5231">
    <p class='ocr_par' dir='ltr' id='par_1_115' title="bbox 2200 5159 3764 5231">
     <span class='ocr_line' id='line_1_115' title="bbox 2200 5159 3764 5231; baseline -0.002 -14"><span class='ocrx_word' id='word_1_813' title='bbox 2200 5163 2308 5217; x_wconf 86' lang='grc' dir='ltr'><strong>τῶν</strong></span> <span class='ocrx_word' id='word_1_814' title='bbox 2362 5163 2624 5215; x_wconf 85' lang='grc' dir='ltr'><strong>πλείστων</strong></span> <span class='ocrx_word' id='word_1_815' title='bbox 2659 5161 2860 5231; x_wconf 84' lang='grc' dir='ltr'><strong>χρόνον</strong></span> <span class='ocrx_word' id='word_1_816' title='bbox 2917 5160 3120 5222; x_wconf 82' lang='grc' dir='ltr'><strong>ἐνώσας</strong></span> <span class='ocrx_word' id='word_1_817' title='bbox 3151 5161 3275 5231; x_wconf 70' lang='grc' dir='ltr'><strong>περὶ</strong></span> <span class='ocrx_word' id='word_1_818' title='bbox 3318 5159 3442 5223; x_wconf 71' lang='grc' dir='ltr'><strong>τοὺς</strong></span> <span class='ocrx_word' id='word_1_819' title='bbox 3474 5160 3568 5213; x_wconf 84' lang='grc' dir='ltr'><strong>δύο</strong></span> <span class='ocrx_word' id='word_1_820' title='bbox 3594 5161 3764 5231; x_wconf 82' lang='grc' dir='ltr'><strong>μῆνας</strong></span> 
     </span>
    </p>
   </div>
   <div class='ocr_carea' id='block_1_116' title="bbox 2201 5251 3764 5326">
    <p class='ocr_par' dir='ltr' id='par_1_116' title="bbox 2201 5251 3764 5326">
     <span class='ocr_line' id='line_1_116' title="bbox 2201 5251 3764 5326; baseline -0.005 -16"><span class='ocrx_word' id='word_1_821' title='bbox 2201 5256 2554 5326; x_wconf 81' lang='grc' dir='ltr'><strong>Θαργηλιῶνα</strong></span> <span class='ocrx_word' id='word_1_822' title='bbox 2581 5255 2672 5306; x_wconf 71' lang='grc' dir='ltr'><strong>καὶ</strong></span> <span class='ocrx_word' id='word_1_823' title='bbox 2703 5252 3122 5325; x_wconf 82' lang='grc' dir='ltr'><strong>Σκιροφοριῶνα,</strong></span> <span class='ocrx_word' id='word_1_824' title='bbox 3149 5251 3471 5304; x_wconf 60' lang='grc' dir='ltr'><strong>διεστεᾶατο</strong></span> <span class='ocrx_word' id='word_1_825' title='bbox 3507 5253 3645 5322; x_wconf 76' lang='grc' dir='ltr'><strong>πρὸς</strong></span> <span class='ocrx_word' id='word_1_826' title='bbox 3677 5251 3764 5307; x_wconf 63' lang='grc' dir='ltr'><strong>τὶν</strong></span> 
     </span>
    </p>
   </div>
   <div class='ocr_carea' id='block_1_117' title="bbox 2201 5343 3761 5415">
    <p class='ocr_par' dir='ltr' id='par_1_117' title="bbox 2201 5343 3761 5415">
     <span class='ocr_line' id='line_1_117' title="bbox 2201 5343 3761 5415; baseline -0.003 -15"><span class='ocrx_word' id='word_1_827' title='bbox 2201 5348 2308 5400; x_wconf 89' lang='grc' dir='ltr'><strong>τῶν</strong></span> <span class='ocrx_word' id='word_1_828' title='bbox 2359 5349 2534 5400; x_wconf 86' lang='grc' dir='ltr'><strong>ἐνίων.</strong></span> <span class='ocrx_word' id='word_1_829' title='bbox 2567 5345 2739 5408; x_wconf 87' lang='grc' dir='ltr'><strong>Ὄλως</strong></span> <span class='ocrx_word' id='word_1_830' title='bbox 2770 5362 2828 5397; x_wconf 88' lang='grc' dir='ltr'><strong>τε</strong></span> <span class='ocrx_word' id='word_1_831' title='bbox 2854 5346 2986 5398; x_wconf 85' lang='grc' dir='ltr'><strong>ὅπου</strong></span> <span class='ocrx_word' id='word_1_832' title='bbox 3035 5347 3149 5398; x_wconf 82' lang='grc' dir='ltr'><strong>ποτ’</strong></span> <span class='ocrx_word' id='word_1_833' title='bbox 3181 5343 3244 5398; x_wconf 86' lang='grc' dir='ltr'><strong>ἂν</strong></span> <span class='ocrx_word' id='word_1_834' title='bbox 3274 5343 3445 5406; x_wconf 73' lang='grc' dir='ltr'><strong>οὕτως</strong></span> <span class='ocrx_word' id='word_1_835' title='bbox 3487 5345 3761 5415; x_wconf 78' lang='grc' dir='ltr'><strong>ἐρμηνεύη</strong></span> 
     </span>
    </p>
   </div>
   <div class='ocr_carea' id='block_1_118' title="bbox 2205 5435 3762 5509">
    <p class='ocr_par' dir='ltr' id='par_1_118' title="bbox 2205 5435 3762 5509">
     <span class='ocr_line' id='line_1_118' title="bbox 2205 5435 3762 5509; baseline -0.003 -18"><span class='ocrx_word' id='word_1_836' title='bbox 2205 5439 2486 5503; x_wconf 76' lang='grc' dir='ltr'><strong>συντάξας.</strong></span> <span class='ocrx_word' id='word_1_837' title='bbox 2512 5436 2678 5508; x_wconf 82' lang='grc' dir='ltr'><strong>μηθὲν</strong></span> <span class='ocrx_word' id='word_1_838' title='bbox 2702 5435 3107 5509; x_wconf 79' lang='grc' dir='ltr'><strong>προσδιορίζων,</strong></span> <span class='ocrx_word' id='word_1_839' title='bbox 3127 5437 3184 5490; x_wconf 74' lang='grc' dir='ltr'><strong>τὸ</strong></span> <span class='ocrx_word' id='word_1_840' title='bbox 3213 5437 3408 5506; x_wconf 76' lang='grc' dir='ltr'><strong>ἐφεξῆς</strong></span> <span class='ocrx_word' id='word_1_841' title='bbox 3435 5435 3530 5488; x_wconf 80' lang='grc' dir='ltr'><strong>τοῦ</strong></span> <span class='ocrx_word' id='word_1_842' title='bbox 3571 5435 3762 5505; x_wconf 78' lang='grc' dir='ltr'><strong>χρόνου</strong></span> 
     </span>
    </p>
   </div>
   <div class='ocr_carea' id='block_1_119' title="bbox 2202 5525 3759 5600">
    <p class='ocr_par' dir='ltr' id='par_1_119' title="bbox 2202 5525 3759 5600">
     <span class='ocr_line' id='line_1_119' title="bbox 2202 5525 3759 5600; baseline -0.005 -18"><span class='ocrx_word' id='word_1_843' title='bbox 2202 5530 2494 5600; x_wconf 88' lang='grc' dir='ltr'><strong>λαμϐάνει·</strong></span> <span class='ocrx_word' id='word_1_844' title='bbox 2527 5529 2681 5599; x_wconf 77' lang='grc' dir='ltr'><strong>δῆλον</strong></span> <span class='ocrx_word' id='word_1_845' title='bbox 2707 5530 2763 5583; x_wconf 81' lang='grc' dir='ltr'><strong>δέ</strong></span> <span class='ocrx_word' id='word_1_846' title='bbox 2787 5529 2854 5582; x_wconf 73' lang='grc' dir='ltr'><strong>τά</strong></span> <span class='ocrx_word' id='word_1_847' title='bbox 2887 5528 3005 5582; x_wconf 70' lang='grc' dir='ltr'><strong>καθ’</strong></span> <span class='ocrx_word' id='word_1_848' title='bbox 3051 5529 3254 5582; x_wconf 74' lang='grc' dir='ltr'><strong>ἕκαστα</strong></span> <span class='ocrx_word' id='word_1_849' title='bbox 3298 5527 3556 5597; x_wconf 82' lang='grc' dir='ltr'><strong>μετιόντι.</strong></span> <span class='ocrx_word' id='word_1_850' title='bbox 3609 5525 3759 5577; x_wconf 64' lang='grc' dir='ltr'><strong>Ἀλλά</strong></span> 
     </span>
    </p>
   </div>
   <div class='ocr_carea' id='block_1_120' title="bbox 2209 5615 3756 5692">
    <p class='ocr_par' dir='ltr' id='par_1_120' title="bbox 2209 5615 3756 5692">
     <span class='ocr_line' id='line_1_120' title="bbox 2209 5615 3756 5692; baseline -0.005 -20"><span class='ocrx_word' id='word_1_851' title='bbox 2209 5622 2312 5692; x_wconf 78' lang='grc' dir='ltr'><strong>μὴν</strong></span> <span class='ocrx_word' id='word_1_852' title='bbox 2343 5621 2552 5674; x_wconf 77' lang='grc' dir='ltr'><strong>καὶτῶν</strong></span> <span class='ocrx_word' id='word_1_853' title='bbox 2579 5619 2787 5688; x_wconf 87' lang='grc' dir='ltr'><strong>γαλεῶν</strong></span> <span class='ocrx_word' id='word_1_854' title='bbox 2804 5620 3053 5690; x_wconf 85' lang='grc' dir='ltr'><strong>άστερίαν</strong></span> <span class='ocrx_word' id='word_1_855' title='bbox 3078 5619 3334 5690; x_wconf 73' lang='grc' dir='ltr'><strong>ἄρχεσθαι</strong></span> <span class='ocrx_word' id='word_1_856' title='bbox 3363 5619 3457 5689; x_wconf 72' lang='grc' dir='ltr'><strong>μὲν</strong></span> <span class='ocrx_word' id='word_1_857' title='bbox 3477 5615 3756 5688; x_wconf 70' lang='grc' dir='ltr'><strong>ὀχεύεσθαι</strong></span> 
     </span>
    </p>
   </div>
   <div class='ocr_carea' id='block_1_121' title="bbox 2209 5706 3743 5783">
    <p class='ocr_par' dir='ltr' id='par_1_121' title="bbox 2209 5706 3743 5783">
     <span class='ocr_line' id='line_1_121' title="bbox 2209 5706 3743 5783; baseline -0.003 -20"><span class='ocrx_word' id='word_1_858' title='bbox 2209 5712 2372 5782; x_wconf 65' lang='grc' dir='ltr'><strong>μηνὸς</strong></span> <span class='ocrx_word' id='word_1_859' title='bbox 2401 5711 2889 5783; x_wconf 80' lang='grc' dir='ltr'><strong>Μαιμακτηριῶνός</strong></span> <span class='ocrx_word' id='word_1_860' title='bbox 2917 5726 3066 5781; x_wconf 59' lang='grc' dir='ltr'><strong>φησι,</strong></span> <span class='ocrx_word' id='word_1_861' title='bbox 3096 5711 3175 5775; x_wconf 60' lang='grc' dir='ltr'><strong>δὶς</strong></span> <span class='ocrx_word' id='word_1_862' title='bbox 3207 5710 3263 5764; x_wconf 78' lang='grc' dir='ltr'><strong>δὲ</strong></span> <span class='ocrx_word' id='word_1_863' title='bbox 3296 5708 3385 5762; x_wconf 77' lang='grc' dir='ltr'><strong>τοῦ</strong></span> <span class='ocrx_word' id='word_1_864' title='bbox 3419 5706 3585 5780; x_wconf 72' lang='grc' dir='ltr'><strong>μηνὸς</strong></span> <span class='ocrx_word' id='word_1_865' title='bbox 3622 5708 3743 5761; x_wconf 75' lang='grc' dir='ltr'><strong>ἀπο·</strong></span> 
     </span>
    </p>
   </div>
  </div>
