4044 6220
298 363 432 422 1181

1234 361 1583 420 THEODORI
1621 360 1826 417 ϐΑΖᾸΞ
1864 358 2065 416 LIBER
2104 360 2191 415 DE
2230 358 2592 419 MENSIBUS.

3381 364 3518 424 “89

292 480 521 534 τίκτειν.
573 478 753 532 Ταῦτα
782 478 838 532 δὲ
875 477 1189 549 συμϐαίνειν
1217 478 1378 542 εὐθὺς
1417 478 1523 532 ἀπὸ
1572 476 1840 549 ἰσημερίας

1966 476 2164 531 seriem
2211 475 2460 540 intelligit
2490 495 2503 530 :
2538 476 2590 530 id
2628 475 2771 546 quod
2817 477 3027 547 singula
3063 481 3406 548 persequenti
3430 491 3517 537 est

302 571 710 644 φθινοπωρινῆς
725 572 771 623 οί
802 571 927 641 1::91
947 570 1198 642 Τάραντα
1220 571 1388 634 ἁλιεῖς
1413 570 1677 638 λέγουσιν.
1701 569 1861 633 Εἰκὸς

289 666 352 718 δὲ
383 664 573 735 καὶτῷ
591 663 732 732 λόγῳ
750 681 763 693 ·
783 662 888 717 τῶν
907 664 1015 735 γὰρ
1048 662 1243 734 ίχθύων
1270 662 1436 731 ὀλίγοι
1458 661 1699 716 τίκτουσι
1732 677 1860 733 μετ-

292 756 633 828 οπώρου,ὼς
661 750 754 808 καὶ
784 748 1499 827 Αριὶγιοτέληςίστορεῖωῖον
1513 754 1711 825 σάλπη,
1729 770 1858 825 σαρ-

292 847 414 918 γὸς,
433 848 527 902 καὶ
541 849 641 902 ὅσα
657 847 790 901 ἀλλα
810 846 1052 901 τοιαῦτα·
1072 847 1164 900 καὶ
1179 848 1373 919 νάρκη,
1389 848 1480 900 καὶ
1498 847 1638 918 ῥίνη,
1667 847 1856 921 μικρδν

292 941 405 1010 πρὸ
424 939 709 1011 ίσημερίας
739 940 839 1009 τῆς
855 938 1269 1010 φθινοπωρινῆς.
1288 939 1349 991 Εἰ
1369 938 1424 992 δὲ
1450 939 1702 1010 ἀστερίας
1719 941 1857 993 Μαι-

297 1030 676 1102 μακτηριῶνος
706 1030 898 1092 τίκτει,
929 1030 1073 1093 εἰκὸς
1105 1031 1195 1084 τὸν
1231 1032 1374 1103 μῆνα
1402 1030 1587 1084 τοῦτον
1614 1032 1687 1103 μὴ
1718 1028 1856 1086 εἶναι

291 1121 544 1193 δεύτερον
576 1120 683 1174 ἀπὸ
703 1121 802 1191 τῆς
831 1121 1136 1192 ἰσημερίας,
1175 1122 1309 1176 ἀλλά
1338 1122 1579 1197 πρῶτον·
1615 1124 1855 1195 καὶπερὶ

296 1210 586 1282 ίσημερίαν
612 1209 677 1281 δὴ
705 1210 927 1269 τίκτειν.
954 1210 1047 1263 καὶ
1079 1211 1334 1283 ἀστερίαν
1383 1211 1490 1266 τῶν
1540 1210 1854 1282 σελαχωδῶν

288 1300 443 1364 ὀντα,
468 1301 561 1353 καὶ
592 1300 826 1370 ὁμογενῆ
848 1298 913 1371 τῇ
946 1301 1122 1375 νάρκῃ
1141 1302 1235 1355 καὶ
1261 1302 1401 1373 ῥίνῃ.
1448 1303 1724 1374 Ἴσημερία
1754 1304 1853 1373 μὲν

288 1387 388 1445 οὖν
434 1391 522 1450 διὰ
564 1391 735 1445 ταῦτα
789 1393 913 1465 περὶ
945 1394 1441 1466 Μαιμακτηριῶνα·
1478 1398 1571 1450 καὶ
1597 1397 1723 1467 ἑξῆς
1764 1398 1851 1451 ὅδε

289 1482 635 1554 Βοηδρομιὼν
657 1486 788 1537 ἐστι.
814 1484 1126 1555 Πυανεψιὼν
1142 1486 1198 1539 δὲ
1232 1488 1367 1556 μετά
1382 1488 1849 1560 Μαιμακτηριῶνα

286 1563 471 1636 εὐθύς.
507 1574 651 1627 Τόδὲ
680 1576 867 1629 πιστὸν
907 1578 1001 1629 καὶ
1042 1577 1193 1650 παρά
1226 1577 1565 1650 Πλουτάρχου
1596 1580 1846 1651 ληπτέον,

286 1664 534 1732 λέγοντος
562 1666 619 1719 ἐν
639 1667 715 1737 τῷ
732 1666 949 1738 Θησέως
974 1668 1073 1739 βίῳ
1097 1670 1248 1735 ἄγειν
1281 1670 1592 1741 Ἀθηναίους
1618 1673 1714 1744 τὴν
1739 1674 1847 1728 τῶν

299 1755 658 1829 νοσχοφορίων
687 1759 876 1831 ἑορτὴν
909 1760 1305 1830 Πυανεψιῶνος,
1337 1764 1557 1833 Gnosio;
1580 1767 1848 1837 καταστή-
1879 1814 1918 1867 Β

1967 566 2343 637 perspicuum.
2375 566 2577 623 Verum
2630 568 2909 624 enimvero
2938 586 2970 626 e
2999 571 3351 626 mustelarum
3380 587 3518 642 qno~

1957 671 2065 726 que
2099 672 2295 727 genere
2318 658 2589 713 stellarem
2631 658 2834 712 coitum
2882 659 3020 716 inire
3060 660 3513 730 Memacterione,

1956 755 2011 801 et
2040 749 2125 803 bis
2157 764 2341 805 mense
2369 760 2576 819 partum
2600 750 2881 805 absolvere
2910 752 3059 807 dicit.
3091 752 3146 807 ld
3174 762 3353 809 autem
3383 769 3516 810 con-

1956 841 2169 911 tingere
2204 842 2274 895 ab
2299 842 2597 895 autumnali
2622 842 2969 913 aequinoctio,
2997 845 3295 915 piscatores
3309 846 3514 902 Taren-

1957 932 2056 985 tini
2110 941 2439 987 asseverant.
2498 930 2654 998 Quod
2708 941 2763 988 et
2807 934 3007 988 rationi
3060 943 3506 997 consentaneum.

1955 1037 2081 1076 cum
2104 1023 2333 1093 piscium
2354 1025 2512 1093 pauci
2537 1035 2796 1079 autumno
2819 1026 3052 1095 pariant,
3078 1033 3137 1080 ut
3156 1027 3298 1083 idem
3321 1039 3511 1084 auctor

1953 1122 2039 1168 est
2072 1114 2412 1181 Aristoteles,
2459 1124 2519 1168 ut
2556 1116 2725 1185 salpa,
2782 1130 2992 1186 sargus.
3020 1125 3074 1171 et
3095 1117 3147 1171 id
3178 1134 3347 1189 genus
3380 1121 3504 1187 alia,

1952 1208 2007 1256 et
2052 1205 2296 1273 torpedo,
2339 1213 2392 1257 et
2432 1203 2683 1274 squatina
2731 1205 3005 1273 paululum
3037 1213 3162 1263 ante
3199 1211 3509 1267 autumnale

1951 1293 2354 1363 aequinoctium.
2382 1292 2536 1361 Quod
2563 1294 2607 1348 si
2627 1295 2856 1351 stellaris
2880 1295 3308 1354 Maemacterione
3338 1302 3501 1371 parit,

1951 1394 2377 1439 consentaneum
2422 1395 2505 1441 est
2533 1386 2678 1440 hunc
2713 1401 2949 1441 mensem
2982 1403 3091 1443 non
3121 1404 3242 1445 esse
3277 1391 3507 1448 alterum

1950 1478 2020 1533 ab
2082 1479 2435 1548 acquinoctio,
2486 1480 2580 1535 sed
2636 1488 2783 1535 certe
2829 1482 3087 1551 primum,
3132 1493 3188 1537 et
3231 1485 3501 1542 stellarem

1950 1583 2163 1639 quoque
2196 1570 2339 1624 circa
2370 1570 2749 1639 aequinoctium
2782 1587 2988 1641 parere,
3020 1575 3236 1643 generis
3266 1592 3387 1630 cum
3429 1580 3502 1632 sit

1948 1661 2377 1729 cartilaginei,et
2398 1660 2662 1730 ejusdem,
2686 1663 2843 1731 cujus
2880 1665 3096 1719 testudo
3127 1674 3181 1720 et
3221 1670 3496 1737 squatina.

1949 1750 2027 1805 Ex
2070 1752 2156 1807 his
2204 1751 2386 1822 itaque
2416 1752 2564 1807 circa
2592 1751 3079 1811 Maemacterionem
3106 1760 3492 1827 aequinoctium

285 1862 479 1909 σαντος
500 1865 511 1877 ·
548 1848 731 1920 φέρειν
760 1867 818 1903 τε
864 1853 987 1915 τοὺς
1027 1852 1237 1922 ϐσχους,
1268 1855 1348 1906 ὅτι
1380 1854 1840 1928 συγκομιζομένης

1946 1852 2051 1907 est,
2085 1853 2138 1898 et
2168 1845 2459 1899 continuus
2490 1843 2869 1900 Boedromioni
2913 1846 3330 1905 Mtemacterion.
3361 1850 3500 1923 Pya-

282 1936 504 2009 ὀπώρας
533 1940 767 2011 ἐπανῆκε
787 1940 994 2012 Θησεὺς
1020 1945 1155 2013 μετά
1173 1943 1279 1997 τῶν
1294 1945 1486 2015 ηῖθέων
1511 1947 1575 1999 ὲκ
1600 1947 1839 2016 Κρήτης,

282 2029 656 2101 Πυανεψιῶνος
693 2033 852 2104 ὀγδόῃ
910 2036 1214 2106 ἱσταμένου.
1246 2037 1413 2104 Δῆλον
1440 2037 1567 2109 γάρ,
1604 2038 1683 2090 ὃτι
1732 2039 1840 2108 άμ-

278 2120 511 2191 ττελικῆς
565 2121 783 2194 ὀπώρας
813 2126 846 2195 ή
880 2125 1071 2197 κομιδὴ
1108 2121 1195 2197 ἦν.
1238 2127 1300 2179 Ἡ
1337 2126 1393 2179 δὲ
1417 2126 1696 2197 ὀψιαιτέρα
1724 2129 1839 2197 μετ’

293 2207 616 2285 Ἀρκτοῦρον
635 2230 649 2245 ·
677 2214 709 2285 ἢ
741 2216 821 2279 είς
856 2216 1036 2287 τρίτον
1079 2218 1221 2289 μῆνα
1250 2219 1350 2272 οὑκ
1370 2219 1434 2272 ἂν
1468 2218 1674 2288 γένοιτο
1712 2220 1840 2291 περὶ

291 2301 563 2375 Ἀττικήν.
622 2302 815 2377 Τρίτος
848 2306 892 2359 δ’
922 2309 1049 2377 ἡμῖν
1100 2307 1416 2378 Πυανεψιὼν
1458 2309 1565 2362 ἀπὸ
1606 2310 1837 2380 Βοηδρο-

280 2395 499 2466 μιῶνος,
551 2397 644 2451 καὶ
693 2398 806 2469 μετ’
850 2399 1195 2471 Ἀρκτοῦρον.
1244 2401 1406 2455 Ἀλλά
1439 2401 1545 2473 μὴν
1578 2403 1671 2456 καὶ
1709 2402 1839 2456 Θεό-

277 2506 517 2560 φραστος
541 2491 598 2542 ὲν
628 2493 738 2553 τοῖς
765 2491 945 2554 αὐτοῖς
974 2492 1097 2563 περὶ
1130 2492 1311 2561 φυτῶν
1362 2493 1558 2565 ἱστορεῖ
1595 2494 1837 2567 κόμαρον

275 2579 458 2635 ἀνθεῖν
515 2580 908 2651 Πυανεψιῶνος.
974 2580 1195 2655 Ὀρᾶται
1249 2583 1306 2637 δὲ
1348 2583 1502 2636 τοῦτο
1557 2584 1835 2654 γινόμενον

277 2670 409 2742 περὶ
473 2671 739 2742 ’Δττικὴν,
796 2674 890 2726 καὶ⁵
931 2673 1039 2741 ⁸τᾶις
1083 2673 1273 2745 ὀμοίας
1300 2675 1397 2745 τὴν
1429 2676 1620 2745 κρᾶσιν
1654 2674 1835 2747 χώρας

271 2760 512 2834 δευτέρῳ
558 2763 687 2835 μηνὶ
747 2765 843 2818 ἀπ’
893 2764 1180 2836 ἰσημερίας
1205 2764 1635 2836 φθινοπωρινῆς’
1668 2766 1834 2836 τρίτῳ

268 2848 318 2908 δ’
363 2854 658 2922 ἀπανθεῖν,
712 2856 806 2909 καὶ
847 2856 908 2909 τὸ
961 2856 1291 2928 μεμαίκυλον
1340 2857 1438 2928 ἤδη
1480 2856 1833 2929 ἀδρυνόμενον

272 2940 464 3016 [σχειν.
512 2946 885 3017 Πυανεψιῶνος
929 2947 984 3001 δὲ
1027 2949 1120 3002 καὶ
1147 2950 1244 3019 τὴν
1275 2951 1331 3002 ἐν
1356 2948 1612 3020 Αἰγύπτῳ
1635 2967 1833 3003 κοκκυ-

272 3039 480 3112 μηλέαν
538 3039 716 3095 ἀνθεῖν
758 3058 888 3113 φησι
915 3056 928 3068 ·
961 3042 1118 3093 τοῦτο
1153 3042 1209 3094 δὲ
1258 3042 1384 3113 περὶ
1408 3042 1657 3113 δεύτερον
1690 3042 1835 3112 γίνε-

1947 1939 2182 2008 nepsiorr
2202 1949 2381 1995 autem
2405 1943 2654 2009 protinus
2670 1955 2700 1994 a
2725 1940 3157 1999 Maemacterione
3184 1952 3285 2008 est,
3312 1945 3499 2000 iidem-

1942 2046 2047 2100 que
2072 2029 2268 2084 faciant
2284 2029 2557 2086 Plutarchi
2573 2032 2756 2097 verba,
2776 2034 2831 2088 in
2857 2033 3051 2089 Theseo
3067 2034 3318 2104 dicentis,
3339 2037 3496 2094 Athe.

1941 2122 2158 2176 nienses
2180 2119 2550 2192 Pyanepsione
2583 2123 2871 2178 [ianitorum
2915 2126 3055 2180 diem
3097 2124 3293 2182 festum
3336 2142 3496 2197 agere

1940 2212 1995 2266 in
2028 2212 2339 2267 memoriam
2380 2212 2538 2282 158
2577 2211 2771 2268 Thesei
2805 2222 2916 2269 tum
2948 2231 2978 2270 e
3009 2216 3168 2272 Creta
3197 2234 3317 2273 cum
3341 2220 3494 2289 juve-

1941 2305 2105 2359 nibus
2139 2302 2358 2359 reducis
2393 2304 2551 2369 facti;
2589 2311 2643 2358 et
2687 2321 2866 2361 ramos
2906 2315 3143 2377 gestare,
3180 2310 3324 2380 quod
3377 2318 3493 2365 tum

1940 2397 2185 2459 redierit,
2222 2411 2345 2449 cum
2383 2395 2596 2452 fructus
2638 2398 2946 2468 legerentur
2987 2401 3075 2456 die
3119 2412 3312 2458 octavo
3357 2402 3494 2476 Pya-

1938 2487 2239 2556 nepsionis.
2277 2485 2505 2541 Constat
2536 2489 2678 2542 enim
2724 2489 2892 2544 fuisse
2918 2492 3207 2549 vindemia:
3241 2505 3491 2565 tempus:

1935 2593 2056 2649 qua:
2081 2579 2136 2632 in
2180 2577 2359 2631 Attica
2389 2593 2731 2649 nequaquam
2787 2582 2878 2635 ﬁat
2920 2584 3097 2637 serior
3125 2586 3194 2639 ab
3234 2588 3491 2653 Arcturo,

1935 2687 2097 2741 quam
2126 2672 2286 2726 tertio
2312 2685 2520 2726 mense.
2560 2670 2777 2725 Tertius
2819 2688 2947 2728 vero
2985 2675 3145 2730 nobis
3175 2685 3259 2730 est
3287 2693 3316 2729 a
3360 2678 3490 2734 Βοσ-

1934 2761 2239 2825 dromione,
2275 2764 2417 2818 etab
2456 2761 2689 2816 Arcturo
2729 2763 3089 2834 Pyanepsion.
3120 2767 3281 2836 Atqui
3326 2769 3489 2823 etiam

1936 2853 2340 2925 TheOpbrastus
2371 2854 2423 2907 in
2468 2854 2656 2908 iisdem
2694 2854 2845 2910 libris
2904 2856 2971 2911 de
3007 2857 3228 2927 plantis,
3279 2856 3482 2930 Pyane-

1934 2944 2124 3014 psione
2180 2944 2434 2997 arbulum
2478 2943 2670 2998 ﬂorere
2727 2944 2951 3012 scribit;
3003 2947 3149 3017 quod
3203 2947 3257 3002 in
3311 2948 3487 3004 Attica

1934 3036 2296 3106 conSpicitur,
2330 3044 2382 3090 et
2412 3035 2606 3090 similis
2632 3037 2911 3107 temperiei
2942 3038 3272 3109 regionibus,
3304 3056 3486 3098 mense

269 3134 396 3187 σθαι
435 3133 573 3204 μῆνα
621 3133 729 3187 ἀπὸ
776 3133 1060 3205 ἰσημερίας
1108 3133 1389 3201 Αἰγύπτιοι
1430 3132 1665 3203 λέγουσι.
1723 3133 1829 3188 Καὶ

1938 3129 2002 3184 ab
2064 3130 2364 3184 autumnali
2424 3130 2754 3199 aequinoctio
2813 3131 3088 3200 secundo;
3142 3134 3303 3189 tertio
3359 3150 3484 3189 vero

266 3223 443 3287 ἄλλως
483 3224 538 3278 δὲ
589 3223 789 3289 δόξειεν
842 3225 908 3278 ἂν
964 3226 1388 3297 ἀμφισϐητοῦντι
1449 3227 1679 3296 μάλιστα
1722 3228 1829 3280 τῶν

1938 3220 2213 3286 deﬂorere,
2239 3230 2293 3277 et
2338 3222 2449 3292 jam
2495 3224 2796 3277 crescentia
2853 3223 3045 3278 arbuta
3098 3224 3313 3280 habere.
3348 3223 3480 3297 Pya~

267 3314 444 3368 ἄλλων
471 3316 722 3370 ἀπάντων
740 3316 923 3387 μηνῶν
951 3316 978 3369 ὀ
1005 3315 1319 3389 Πυανεψιὼν
1341 3317 1499 3383 εὐθὺς
1518 3314 1653 3371 εἶναι
1690 3318 1829 3390 μετά

1938 3314 2190 3383 ncpsione
2238 3329 2455 3384 quoque
2488 3313 2540 3368 in
2577 3313 2810 3385 Egypto
2835 3331 3068 3385 prunum
3093 3314 3284 3372 ﬂorere
3308 3316 3439 3372 dicit
3466 3335 3482 3373 :

267 3407 669 3478 Βοηδρομιῶνα,
697 3409 750 3461 εί
772 3426 832 3477 γε
855 3410 980 3480 περὶ
1002 3409 1159 3464 αὑτὸν
1189 3410 1221 3482 ἡ
1246 3410 1437 3481 κομιδὴ
1466 3410 1561 3481 τῆς
1586 3410 1824 3482 ὀπώρας,

1938 3421 2112 3459 verum
2180 3406 2231 3459 id
2291 3405 2404 3460 ﬁeri
2471 3406 2713 3461 secundo
2784 3422 2969 3463 mense
3032 3407 3100 3462 ab
3160 3409 3481 3477 aequinoctio

263 3498 343 3560 ὡς
391 3496 731 3569 Πλούταρχος
778 3498 898 3569 ἔφη.
929 3501 1043 3554 Οὐκ
1083 3500 1195 3553 ἔστι
1218 3500 1277 3554 δέ
1301 3520 1313 3531 ·
1358 3500 1826 3572 Μαιμακτηριῶνα

1938 3494 2163 3566 Εεγριίἰ
2218 3504 2554 3551 asseverant.
2610 3502 2681 3550 At
2730 3497 2985 3568 cuiquam
3036 3499 3264 3554 fortasse
3299 3498 3366 3555 de
3394 3500 3480 3557 bis

262 3584 375 3656 γὰρ
401 3580 538 3639 εἶναι
563 3585 935 3640 ἀποδέδεικται
963 3586 1048 3659 δή.
1084 3587 1143 3641 '0
1169 3589 1273 3659 ἀρα
1299 3588 1415 3659 μετ’
1442 3591 1643 3641 ἐκεῖνον
1666 3590 1825 3653 εὐθὺς

259 3678 336 3733 ὅδ’
380 3678 543 3734 ἐστίν.
582 3680 848 3743 ’Υστατος
880 3680 934 3733 δὲ
963 3680 1039 3751 τῷ
1060 3681 1343 3751 καταλόγῳ
1369 3681 1503 3751 τῷδε
1532 3683 1662 3753 ἡμῖν
1707 3683 1823 3736 Ἀν-

258 3770 561 3842 θεστηριών
578 3787 592 3801 ·
621 3771 699 3842 τῷ
720 3771 829 3843 γὰρ
851 3771 1254 3843 ὑπολειπομένῳ
1270 3773 1367 3844 τὴν
1391 3772 1576 3845 λοιπὴν
1602 3774 1819 3828 ἀπονεῖ-

261 3880 361 3934 μαι
388 3861 572 3934 χώραν
606 3863 671 3933 δὴ
711 3864 1022 3929 ἀναγκαῖον.
1058 3865 1166 3918 Καὶ
1199 3865 1380 3929 πίστις
1415 3866 1569 3937 ἱκανὴ
1592 3866 1727 3931 τέως
1753 3883 1817 3936 γε

256 3953 419 4006 τοῦτο
472 3954 536 4009 ἂν
583 3953 689 4025 εἴη.
719 3956 869 4025 ’Ἅμα
914 3954 977 4025 δὴ
1024 3954 1200 4026 δῆλον,
1234 3956 1327 4009 κοι“ι⁹
1358 3957 1437 4009 ὅτι
1475 3958 1601 4027 περὶ
1629 3958 1818 4013 Ποσει-

254 4043 429 4098 δεῶνα
458 4046 512 4098 αἱ
537 4046 841 4117 χειμεριναὶ
866 4047 1063 4116 τροπαὶ
1101 4044 1508 4117 ἀκριϐέστερον,
1534 4047 1669 4117 ὅπερ
1694 4048 1814 4100 κατ’

1923 3587 2217 3656 ambigenti
2278 3588 2444 3642 videri
2494 3590 2666 3658 possit
2714 3588 3054 3661 Pyanepsion
3097 3589 3479 3648 Boedromioni

1921 3678 2165 3733 omnium
2214 3678 2511 3748 proximus,
2567 3679 2614 3733 si
2671 3694 2738 3734 eo
2779 3694 2967 3734 mense
3022 3679 3180 3735 [iebat
3230 3684 3478 3738 autumni

1920 3769 2194 3827 fructuum
2246 3771 2626 3840 comportatio,
2674 3776 2735 3825 ut
2780 3770 3107 3827 Plutarchus
3156 3772 3351 3844 inquit.
3407 3777 3478 3829 At

1918 3878 2025 3917 non
2075 3864 2148 3918 ita
2188 3870 2293 3926 est,
2346 3878 2469 3917 cum
2529 3861 3015 3919 Maemacterionem
3062 3865 3322 3920 continuo
3355 3881 3477 3921 esse

1916 3953 2345 4008 demonstratum
2378 3952 2466 4007 sit.
2489 3951 2907 4008 Maemacterioni
2948 3954 3110 4025 igitur
3136 3954 3473 4026 Pyanepsion

1914 4045 2223 4115 contiguus.
2281 4042 2517 4100 Ultimus
2565 4044 2722 4100 nobis
2770 4045 2871 4100 hac
2927 4047 3333 4104 enumeratione
3387 4056 3474 4103 est

253 4136 429 4207 ἀρχάς
481 4136 815 4207 ἀπελίπομεν
853 4139 966 4201 τοῖς
1012 4137 1277 4208 ὑπέροις.
1311 4138 1574 4209 Ἕϐδομος
1600 4139 1706 4210 γάρ
1728 4139 1813 4193 ὅδε

1938 4138 2337 4202 tnthesterion;
2383 4137 2593 4208 reliquo
2642 4138 2784 4193 enim
2835 4137 3016 4193 sedem
3061 4153 3201 4201 eam.
3232 4155 3353 4209 qua:
3379 4152 3473 4195 stl-

251 4228 362 4281 ἀπό
401 4226 869 4299 Ἑκατομϐαιῶνος
897 4228 991 4282 καὶ
1009 4228 1224 4300 τροπῶν
1246 4228 1490 4300 θερινῶν.
1524 4229 1812 4300 Φιλόστρα-

248 4317 419 4381 τοςδὲ
444 4318 696 4389 πάμπολυ
740 4318 1011 4390 διέστηκε,
1059 4318 1296 4390 φάμενος
1340 4318 1638 4389 Ἀθηναίοις
1670 4320 1814 4390 νόμι-

251 4426 352 4479 μον
378 4404 518 4461 εἷναι
550 4410 671 4471 τοὺς
694 4409 886 4470 παῖδας
903 4412 1131 4479 τριετεῖς
1160 4408 1481 4478 γενομένους
1515 4409 1810 4478 στεφανοῦ-

1916 4239 2096 4299 perest
2136 4230 2333 4284 ascribi
2364 4237 2596 4299 oportet.
2630 4228 2690 4283 Et
2710 4230 2825 4285 haec
2862 4230 3080 4299 quidem
3105 4232 3320 4287 interim
3343 4247 3469 4302 pro-

1914 4321 2061 4375 batio
2110 4320 2365 4376 sufﬁciat.
2427 4320 2602 4376 Simul
2658 4336 2786 4377 vero
2841 4330 3075 4388 constat,
3121 4323 3269 4379 circa
3315 4321 3469 4378 Posi-

1912 4410 2137 4465 deonem
2196 4410 2445 4464 brumam
2506 4426 2646 4475 esse,
2704 4408 2867 4480 idque
2914 4412 3125 4466 ratione
3175 4412 3464 4475 exactiore,

247 4500 374 4553 σθαι
401 4500 508 4551 τῶν
540 4499 744 4553 ἀνθέων
776 4500 943 4569 μηνὸς
993 4498 1457 4572 ’Δνθεστημῶνος
1493 4500 1660 4570 Δῆλος
1701 4503 1808 4572 γάρ

1938 4501 2054 4572 ιιιοό
2085 4517 2114 4555 a
2148 4502 2415 4572 principio
2438 4502 2727 4571 rejecimus
2755 4502 2819 4557 ad
2848 4502 3165 4572 posteriora.
3192 4499 3466 4571 Septimus

243 4593 393 4644 ἐστιν
421 4590 630 4660 ἐαρινόν
656 4588 802 4643 τόνδε
839 4589 979 4659 μῆνα
1007 4589 1375 4660 καταριθμῶν.
1412 4591 1473 4644 Εί
1509 4591 1605 4661 μὲν
1635 4588 1727 4644 οὖν
1753 4593 1803 4645 0i

1938 4606 2143 4661 iamque
2177 4599 2259 4645 est
2287 4591 2354 4645 ab
2387 4590 2832 4647 Hecatombaeone
2889 4591 3184 4662 :estivoque
3208 4592 3461 4648 solstitio.

240 4682 330 4735 ιτς
381 4680 545 4734 αὑτοῦ
599 4681 886 4751 Ἀθηναῖοι,
929 4679 1155 4751 τὴντῶν
1176 4682 1453 4752 προγόνων
1494 4683 1621 4754 περὶ
1677 4686 1802 4749 τοὺς

1938 4683 2017 4737 ied
2067 4681 2432 4738 Philostratus
2482 4685 2639 4754 longe
2691 4685 2744 4737 in
2806 4683 2911 4736 alia
2961 4684 3110 4739 stetit
3170 4684 3461 4746 sententia,

242 4774 421 4843 μῆνας
433 4772 678 4838 σύνταξιν
695 4772 1113 4839 ὑπαλλάξαντες,
1141 4773 1311 4838 ἄλλως
1325 4775 1578 4847 ἐχρῶντο,
1606 4776 1800 4847 ἀληθὲς

1938 4778 2100 4831 ηἱεοηε
2127 4775 2553 4832 Atheniensibus
2581 4790 2784 4830 morem
2821 4774 2992 4830 fuisse
3024 4789 3221 4844 pueros
3268 4776 3462 4831 trimos

236 4863 535 4931 ἀντιλέγοι’
597 4863 735 4935 πλὴν
787 4866 946 4935 ἡμῖν,
995 4864 1091 4934 οὑχ
1121 4866 1148 4917 ὃ
1177 4882 1227 4918 τι
1256 4866 1303 4917 οί
1330 4865 1423 4918 ἐπὶ
1441 4866 1796 4939 Φιλοστράτου

1943 4868 2131 4923 oribus
2178 4867 2455 4931 coronari,
2505 4881 2690 4921 mense
2735 4866 3171 4920 Anthesterione.
3205 4865 3255 4922 Is
3289 4865 3457 4929 enim,

246 4956 521 5026 Ἀθηναῖοι
544 4953 695 5027 ἦγον,
730 4958 983 5028 ἐπιμελὲς
1019 4959 1216 5013 ειδέναι
1237 4976 1294 5012 τε
1331 4958 1423 5013 καὶ
1455 4959 1655 5025 λαϐεῖν,
1681 4962 1796 5016 ἀλλ’

1943 4962 1962 5007 ι
1992 4960 2237 5024 apparet,
2280 4952 2427 5006 hunc
2458 4966 2697 5005 mensem
2723 4955 2909 5020 aperte
2944 4950 3085 5005 inter
3106 4965 3303 5005 vernos
3323 4965 3459 5005 enu—

230 5049 260 5101 ὀ
283 5064 335 5100 τι
363 5048 411 5100 οί
435 5048 521 5100 ἐπ’
557 5047 954 5119 Ἀριστοτέλους
1010 5049 1103 5101 καὶ
1147 5048 1509 5120 Θεοφράστου.
1545 5049 1607 5101 Εί
1648 5049 1703 5101 δὲ
1730 5049 1794 5121 δὴ

1938 5052 2095 5100 ierat.
2153 5043 2208 5098 Si
2238 5044 2403 5114 igitur
2446 5041 2763 5097 Philostrati
2812 5042 3069 5112 aequales,
3099 5040 3455 5097 Athenienses

226 5141 292 5192 τὸ
324 5138 424 5208 μὲν
464 5139 589 5210 περὶ
622 5140 748 5202 τοὺς
798 5138 993 5202 παῖδας
1034 5140 1195 5204 αὐτὸς
1255 5140 1525 5209 λογοποιεῖ
1576 5158 1636 5193 τε
1700 5142 1794 5196 καὶ

1938 5140 2042 5207 ico,
2093 5136 2369 5193 mensibus
2412 5136 2567 5190 aliter
2612 5134 2922 5198 utebantur,
2955 5149 3019 5189 ac
3061 5133 3300 5204 ipsorum
3334 5147 3451 5187 ma-

229 5230 548 5294 πλάττεται,
575 5230 648 5295 ώς
675 5232 768 5284 καὶ
799 5230 934 5284 ἀλλα
959 5230 1149 5292 πολλὰ,
1184 5232 1439 5301 σοφιστὴς
1460 5231 1534 5284 ῶν
1562 5248 1576 5261 ·
1626 5233 1715 5285 τὸν
1734 5232 1791 5286 δὲ

1938 5245 2060 5289 ires.
2086 5242 2273 5283 eorum
2309 5225 2518 5280 scilicet
2546 5221 2735 5279 ordine
2765 5224 3000 5287 turbato.
3027 5237 3211 5279 verum
3242 5222 3448 5293 aliquid

229 5318 376 5388 μῆνα
406 5319 514 5372 ἀπὸ
558 5317 666 5372 τῶν
703 5318 907 5373 ἀνθέων
941 5320 1278 5388 ἐτυμολογῶν
1317 5321 1608 5392 ὑπείληφεν
1638 5323 1786 5395 ἐαρι.

1938 5323 2122 5376 iceret.
2158 5318 2395 5373 Tametsi
2447 5317 2604 5372 nobis
2652 5331 2799 5371 cura:
2834 5332 2945 5370 non
2982 5324 3087 5379 est,
3120 5329 3449 5385 cognoscere

222 5412 316 5464 91v
345 5410 483 5464 εἶναι
507 5427 519 5439 ·
543 5410 685 5465 οὑτω
741 5413 797 5466 δὲ
829 5413 921 5467 καὶ
951 5411 1126 5483 πολλῷ
1153 5413 1349 5482 μᾶλλον
1380 5415 1786 5485 εὑκαταφρονη-

1938 5413 2021 5468 uid
2051 5410 2364 5466 Philostrati
2399 5417 2643 5478 tempore
2685 5415 2907 5478 agerent
2940 5406 3319 5466 Athenienses,
3352 5404 3445 5459 sed

221 5501 422 5573 τότερα
448 5502 514 5555 τά
550 5505 669 5557 κατ’
722 5504 883 5557 αὑτὸν
935 5504 1161 5573 γίνεται.
1196 5504 1328 5558 Οὐδὲ
1368 5505 1474 5578 γὰρ
1500 5505 1657 5577 δὴετά
1684 5505 1785 5575 τῆς

1938 5503 2021 5559 uid
2048 5501 2352 5558 Aristotelis
2401 5510 2454 5557 et
2498 5494 2880 5571 TheOphrasti.
2908 5497 3046 5564 Quid
3089 5511 3215 5552 vero
3259 5498 3303 5551 si
3344 5497 3446 5550 hoc

220 5593 578 5664 ἐτυμολογίας
612 5595 951 5667 πιθανώτερα
975 5595 1084 5650 ἀπὸ
1117 5598 1212 5666 τῆς
1245 5595 1410 5664 ἕξεως
1438 5597 1542 5650 τῶν
1578 5596 1784 5650 ἀνθέων

1938 5612 2111 5666 noque
2153 5595 2221 5651 de
2250 5594 2433 5665 pueris
2461 5591 2913 5655 comminiscitur,
2945 5597 3002 5645 ut
3030 5589 3285 5661 pleraque
3315 5587 3441 5649 alia,

218 5684 254 5752 ἢ
294 5683 402 5738 ἀπὸ
428 5685 527 5755 τῆς
561 5687 863 5757 στερήσεως
910 5688 1138 5757 φαίνοιτ·
1184 5689 1268 5742 ἄν.
1305 5689 1423 5742 ὐτι
1460 5687 1567 5759 γὰρ
1600 5687 1781 5759 στέρε-

1938 5705 1952 5744 ι
1994 5687 2063 5742 iis
2086 5702 2247 5754 unus,
2281 5700 2419 5757 quos
2470 5680 2743 5753 sophistas
2784 5680 3002 5736 dixere:
3033 5692 3265 5749 eumque
3291 5692 3441 5731 men-

219 5774 346 5828 σθαι
393 5774 511 5831 τότε
569 5776 771 5832 ἀνθέων
825 5778 1105 5848 συμϐαίνει
1146 5778 1242 5850 τὴν
1285 5779 1450 5850 ὥραν,
1499 5778 1780 5847 Ἀνθεστη-

1938 5766 2004 5835 em
2038 5791 2266 5834 vernum
2303 5792 2424 5833 esse
2469 5775 2663 5840 credit,
2698 5789 2724 5828 a
2760 5771 2984 5829 ﬂoribus
3013 5769 3174 5826 ducta
3204 5768 3437 5827 nominis
