4044 6220
280 320 417 376 1185

1185 318 1530 373 ’ΠΙΕΟΝὶΒΞ
1571 320 1772 374 (ΞᾹΖᾸΕ
1815 318 2014 374 ΗΒεῆ
2053 316 2141 373 DE
2181 318 2541 374 MENSlBUS.

3342 325 3483 379 “86

280 448 380 487 σαν
411 430 678 497 σύνταξιν.
716 430 791 502 τῷ
821 431 907 485 ἀεὶ
935 432 1137 485 ἐπιόντι
1173 433 1279 485 τῶν
1310 432 1630 505 Ῥωμαϊκῶν
1661 436 1829 505 ἐφαρ-

1953 448 2033 489 ms
2062 430 2282 488 iunium
2316 448 2437 490 esse
2470 432 2972 489 llecatombaaonem
2999 473 3014 500 ,
3050 433 3161 504 jam
3194 435 3375 492 nullus
3402 447 3486 492 est

281 522 508 594 μόττων,
539 523 633 576 καὶ
660 523 794 594 πρὸς
820 521 917 585 τὰς
958 522 1105 593 ὥρας
1133 522 1226 576 τοῦ
1258 523 1499 578 ἐνιαυτοῦ
1529 523 1832 594 συμφωνῶν

281 613 528 688 ὗπάρξει.
567 615 882 686 Ἀπορήσειε
924 613 967 666 δ’
1001 616 1065 669 ἄν
1098 632 1200 679 τις,
1252 617 1304 668 εἴ
1346 632 1409 684 γε
1448 616 1572 679 τοὺς
1615 616 1833 686 χρόνους

292 706 562 777 Ἀθηναῖοι
588 701 722 777 ἦγον
763 706 905 759 κατὰ
941 705 1037 777 τὴν
1087 706 1314 778 σελήνης
1353 707 1544 777 φοράν,
1582 707 1836 777 Ῥωμαῖοι

281 800 339 853 δὲ
372 798 513 852 κατὰ
548 797 645 869 τὴν
673 798 823 867 ἡλίου
849 797 1168 866 λογίζονται,
1211 799 1327 863 πῶς
1356 799 1422 853 ἂν
1458 801 1506 853 οί
1534 799 1639 870 τῶν
1683 800 1840 871 Ἀθη-

281 894 448 947 ναίων
473 888 859 963 ὲιραρμόζοιντο
886 893 996 955 τοῖς
1031 892 1127 962 μὲν
1163 890 1442 963 Ῥωμαίων
1479 892 1664 963 μησὶν,
1699 889 1839 945 ὥστε

282 987 380 1040 καὶ
420 984 736 1056 ἀπαρτίζειν
779 984 886 1048 ἀεὶ,
925 985 1020 1037 καὶ
1068 982 1281 1037 Ἰούνιον
1316 984 1412 1054 μὲν
1451 984 1540 1038 τὸν
1578 985 1842 1056 Ἑκατομ-

283 1078 510 1143 ϐαιῶνα,
558 1076 774 1130 Ἰούλιον
815 1076 874 1130 δὲ
915 1076 1006 1130 τὸν
1044 1076 1479 1145 Μεταγειτνιῶνα
1524 1076 1842 1149 ἑρμηνεύειν

283 1169 460 1243 ὀρθῶς
481 1186 499 1203 ο
526 1167 785 1232 ὡσαύτως
814 1166 871 1221 δὲ
902 1168 993 1221 καὶ
1016 1167 1109 1220 ἐπὶ
1133 1167 1241 1222 τῶν
1269 1167 1459 1224 ἄλλων.
1488 1170 1562 1222 Οὐ
1596 1169 1702 1241 γὰρ
1739 1172 1845 1223 ίσο-

283 1261 456 1333 ταχὴς
485 1262 519 1331 ή
558 1259 754 1331 σελήνη
795 1257 873 1329 τῷ
901 1258 1067 1330 ἡλίῳ·
1108 1258 1219 1312 οὐδ’
1264 1258 1378 1329 ἅμα
1419 1259 1705 1313 τελευτῶσι
1751 1261 1843 1313 καὶ

284 1351 563 1421 ἄρχονται,
595 1348 671 1411 ὡς
715 1349 904 1415 εἰπεῖν,
945 1348 1074 1420 περὶ
1115 1348 1207 1402 τὸν
1252 1348 1343 1402 τοῦ
1376 1347 1639 1413 ζωδιακοῦ
1691 1367 1845 1422 μερι-

285 1443 443 1515 σμόν.
486 1442 721 1513 Ἀνάγκη
769 1440 834 1513 δὴ
886 1441 1341 1513 ἐπαμφοτερίζειν
1379 1442 1506 1506 τοὺς
1545 1441 1653 1495 τῶν
1692 1443 1845 1516 Ἀθη-

285 1535 450 1589 ναίων
492 1535 686 1607 μῆνας.
720 1535 783 1588 El
810 1533 868 1586 δὲ
910 1534 974 1605 δὴ
1011 1533 1237 1597 ἕκαστος
1269 1534 1712 1606 ἐπαμφοτερίζων
1742 1537 1846 1607 ἀμ·-

285 1630 429 1698 φοῐν,
487 1626 804 1698 ἐπιλήψεται
858 1625 951 1679 τοῦ
1004 1641 1063 1678 τε
1123 1624 1407 1698 προτέρου,
1456 1626 1531 1691 ὡς
1589 1627 1846 1698 Ῥωμαῖοι

285 1719 500 1788 ἄγουσι,
538 1718 632 1770 καὶ
671 1715 765 1770 τοῦ
799 1714 1023 1787 ὑστέρου
1071 1713 1256 1786 μηνὸς,
1282 1712 1333 1767 τί
1378 1714 1573 1786 μᾶλλον
1618 1715 1723 1768 ἀπὸ
1753 1714 1844 1768 τοῦ

286 1809 550 1882 προτέρου
579 1806 1109 1880 μεθερμηνευόμενος
1133 1805 1449 1878 ὀνομάζοιτο
1485 1806 1551 1861 ἂν
1590 1807 1769 1868 καλῶς
1805 1807 1838 1877 ἢ

1935 525 2088 581 labor
2145 524 2383 595 reliquos
2444 523 2861 597 interpretandi.
2928 525 3153 595 Semper
3201 541 3347 581 ennn
3400 544 3488 584 se-

1934 617 2123 687 quenti
2159 617 2335 673 Attico
2366 617 2521 687 juxta
2544 617 2883 688 suppositum
2910 617 3158 673 ordinem
3191 633 3316 673 cum
3364 618 3490 674 sub-

1935 707 2059 764 inde
2084 708 2331 780 sequenti
2366 707 2611 764 Romano
2635 709 2938 774 conveniet,
2972 716 3025 790 et
3054 710 3239 764 eadem
3268 710 3336 765 ad
3359 711 3486 764 anni
3529 719 3539 791 ς

1936 808 2117 870 partes
2143 801 2246 856 erit
2275 801 2651 857 consonantia.
2685 799 2788 855 Sed
2814 798 2953 856 forte
2978 802 3102 872 quis
3129 801 3488 868 dubitaverit,
3522 800 3526 807 ’

1937 905 2060 943 eum
2082 890 2437 947 Athenienses
2470 890 2538 946 ad
2566 892 2707 947 luna:
2731 932 2746 955 ,
2799 892 2867 945 ad
2907 893 3038 948 solis
3086 908 3217 948 vero
3270 908 3490 950 cursum

1938 980 2167 1037 Romani
2200 984 2468 1039 calculum
2503 992 2804 1056 temporum
2827 984 3192 1041 subducerent
3225 1005 3240 1041 :
3273 1001 3381 1058 qua
3404 1001 3494 1040 ra-

1939 1071 2086 1128 tione
2123 1073 2237 1130 lieri
2266 1077 2461 1146 possit,
2492 1083 2549 1130 ut
2579 1076 2862 1147 utriusque
2891 1077 3068 1148 gentis
3089 1092 3306 1151 menses
3335 1079 3493 1134 alteri

1939 1181 2060 1223 cum
2115 1166 2301 1223 alteris
2356 1166 2436 1221 sic
2486 1176 2832 1238 competant,
2889 1174 2950 1221 ut
3004 1167 3237 1223 invicem
3282 1169 3496 1225 dierum

1941 1270 2149 1311 summa
2181 1270 2393 1326 semper
2437 1259 2712 1327 quadrans
2740 1257 2848 1319 sit,
2889 1264 2943 1312 et
2973 1257 3109 1312 nihil
3136 1260 3191 1313 in
3223 1258 3499 1315 alterutris

1940 1354 2232 1403 excurrat:
2267 1355 2434 1419 utque
2486 1347 2899 1404 llecatombaeon
2943 1359 3092 1405 recte
3140 1347 3501 1407 transferatur

1939 1437 2155 1504 Junius,
2180 1448 2234 1494 et
2264 1438 2615 1511 Metagitnion
2645 1438 2855 1505 Julius,
2904 1440 2978 1495 ita
3012 1454 3229 1511 quoque
3257 1440 3325 1499 de
3355 1441 3497 1497 aliis.

1941 1528 2125 1601 Neque
2156 1531 2298 1586 enim
2330 1533 2427 1587 soli
2462 1531 2672 1594 eadem.
2704 1548 2826 1603 quae
2860 1533 3035 1598 lu‘nze,
3080 1541 3166 1589 est
3207 1534 3455 1590 celeritas
3483 1552 3497 1589 :

1942 1638 2117 1694 neque
2146 1639 2255 1679 una
2280 1624 2539 1681 desinunt
2563 1626 2898 1697 incipiuntve
2931 1625 3001 1681 ad
3055 1625 3320 1698 signiferi,
3356 1628 3502 1699 quod

1945 1730 2110 1786 prope
2135 1715 2385 1781 dixerim,
2411 1716 2782 1787 partitionem.
2814 1716 2954 1787 Ergo
2989 1732 3209 1774 necesse
3246 1730 3329 1775 est
3358 1719 3503 1774 Atti-

1946 1822 2041 1862 cos
2070 1823 2283 1863 menses
2315 1809 2560 1873 variare,
2616 1816 2671 1865 et
2703 1808 2957 1878 ambiguo
3012 1810 3332 1880 plerumque
3376 1827 3499 1867 esse

287 1901 397 1955 ἀπὸ
424 1900 517 1954 τοῦ
548 1900 805 1972 ὐστέρου;
834 1900 929 1953 Ὃν
966 1899 1030 1971 δὴ
1074 1899 1271 1971 τρόπον
1314 1900 1406 1954 καὶ
1446 1898 1679 1972 Γαληνὸς
1724 1900 1850 1973 περὶ

1953 1899 2092 1954 inter
2120 1899 2353 1970 priorem
2397 1899 2645 1955 Latinum
2670 1940 2684 1966 ,
2712 1910 2767 1956 et
2789 1901 3142 1971 posteriorem
3172 1903 3313 1957 loco.
3349 1903 3504 1972 Quod

284 1991 381 2046 τοῦ
406 1993 503 2063 τῆς
528 1991 722 2061 ἐλάτης
750 1990 1059 2062 σπέρματος
1086 1989 1330 2063 γράφων,
1367 2010 1384 2041 ι
1422 1991 1608 2055 Ὂττις
1641 1991 1845 2062 καιρὸς,

289 2085 476 2157 φησιν,
501 2086 558 2138 ὲν
598 2082 782 2156 Ῥώμῃ
809 2083 903 2153 μὲν
926 2085 954 2136 6
979 2081 1307 2152 καλούμενος
1343 2082 1447 2153 μὴν
1485 2082 1848 2153 Σεπτέμσριός

288 2177 458 2239 ἐστιν,
506 2176 563 2229 ὲν
613 2174 887 2246 Περγάμῳ
921 2174 977 2227 δὲ
1019 2176 1148 2245 παρ’
1201 2175 1330 2245 ἡμῖν
1382 2174 1845 2246 ’Υπερὸερεταῖος,

301 2269 555 2341 Ἀθήνῃσι
604 2266 660 2320 δὲ
713 2267 1020 2336 Μυστήρια.
1075 2284 1094 2317 ι
1147 2265 1228 2318 Τὰ
1282 2267 1389 2339 γάρ
1446 2283 1527 2319 τοι
1581 2268 1849 2339 μυστήρια

291 2358 697 2431 Βοηδρομιῶνος
716 2352 801 2428 ἧν.
824 2357 958 2430 Περὶ
980 2356 1169 2411 είκάδα
1192 2356 1299 2429 γὰρ
1322 2355 1415 2410 τοῦ
1449 2356 1848 2429 Βοηδρομιῶνος

289 2455 321 2507 ὁ
350 2450 606 2524 μυστικὸς
632 2452 847 2521 Ἴακχος
871 2448 1112 2520 ἐξήγετο,
1136 2448 1210 2512 ὼς
1232 2448 1325 2502 καὶ
1353 2448 1689 2520 Πλούταρχος
1712 2450 1850 2502 ίστο-

293 2546 396 2618 ρεῖ.
432 2544 613 2596 Ἕοικε
656 2542 711 2596 δὲ
746 2541 840 2596 καὶ
878 2543 907 2594 ό
946 2541 1211 2612 Ῥωμαίος
1240 2540 1475 2605 Πλίνιος,
1508 2540 1849 2611 παντοδαπῆς

290 2635 536 2708 ἱστορίας
586 2634 947 2707 συγγραφεὺς,
988 2632 1129 2687 οὕτω
1175 2632 1490 2705 μεταφέρων
1546 2632 1847 2704 Ἀριστοτέ-

288 2726 416 2792 λους
460 2727 520 2780 τὸ
576 2727 701 2798 περὶ
754 2726 913 2778 τόκου
969 2724 1075 2777 τῶν
1135 2724 1349 2795 ἰχθύων,
1394 2724 1466 2787 ὡς
1510 2726 1559 2777 οἱ
1614 2724 1848 2777 πλεῖστοι

289 2821 563 2875 τίκτουσιν
592 2820 649 2873 ὲν
697 2820 840 2890 τρισὶ
886 2818 1035 2890 μησὶ,
1086 2816 1442 2888 Μουνυχιῶνι,
1491 2815 1846 2889 Θαργηλιῶνι,

292 2911 705 2985 Σκιροφοριῶνι,
740 2911 903 2981 φάναι
937 2913 993 2964 ὲν
1020 2910 1215 2982 τρισὶν,
1251 2909 1481 2980 Ἀπρίλι,
1514 2910 1692 2981 Μαΐῳ,
1724 2912 1851 2964 Ἰου-

292 3007 414 3077 νίῳ,
444 3005 646 3059 τίκτειν
685 3005 809 3067 τοὺς
853 3002 1157 3064 πλείστους.
1193 3001 1313 3054 Ἔτι
1344 3001 1438 3054 τοῦ
1469 3002 1733 3065 ἐνιαυτοῦ,
1777 3001 1852 3067 ὡς

297 3100 396 3168 μὲν
429 3098 688 3168 Ῥωμαῖοι
732 3096 944 3164 ἄγουσι,
977 3092 1284 3164 τριακόσιαι
1332 3094 1424 3148 καὶ
1462 3094 1723 3166 ἐξήκοντα
1759 3095 1853 3147 καὶ

294 3186 457 3241 πέντε
480 3186 682 3257 ἡμέραι
711 3185 879 3238 είσὶψ
911 3183 1373 3255 ἀκριϐολογεῖσθαι
1405 3185 1450 3238 δ’
1483 3187 1561 3246 είς
1587 3184 1647 3238 τὸ
1684 3182 1852 3255 παρὸν

292 3280 360 3333 οὐ
408 3279 519 3332 δείο
570 3278 644 3341 ὡς
693 3277 750 3331 δὲ
808 3276 1097 3347 Ἀθηναῖοι,
1152 3277 1291 3331 κατὰ
1346 3276 1441 3348 μὲν
1494 3276 1852 3348 ’Δριστοτέλη,

294 3369 602 3441 τριακόσιαι
628 3369 719 3422 καὶ
750 3367 1028 3440 ἑξήκοντα.
1066 3385 1083 3418 ι
1134 3368 1310 3421 Ἔνιαι
1349 3365 1425 3431 δὲ,
1470 3367 1622 3437 φησι,
1669 3365 1855 3420 κύουσι

296 3460 408 3515 τῶν
438 3461 613 3515 κυνῶν
660 3459 902 3530 πέμπτον
952 3459 1115 3529 μέρος
1156 3456 1247 3511 τοῦ
1295 3456 1559 3521 ἐνιαυτοῦ,
1605 3456 1761 3510 τοῦτο
1798 3456 1857 3509 δέ

298 3554 446 3606 ἐστιν
487 3552 698 3624 ἡμέρας
728 3551 1093 3622 ἑϐδομήκοντα
1134 3549 1227 3603 καὶ
1258 3548 1381 3602 δύο*
1416 3569 1434 3601 ι
1474 3548 1595 3601 καθ’
1638 3548 1856 3618 Ἡρόδο-

298 3660 391 3699 υν
426 3644 483 3698 δὲ
511 3645 605 3698 καὶ
654 3642 864 3707 ἄλλους,
902 3642 1204 3715 τριακόσιαι
1244 3640 1855 3713 πεντηκοντατέσσαρες.

310 3736 402 3800 Ὧς
432 3736 699 3789 τοσούτων
743 3735 807 3805 δὴ
847 3734 1164 3806 γινομένων,
1213 3732 1261 3785 εί
1293 3730 1401 3785 τῶν
1450 3732 1633 3802 μηνῶν
1673 3732 1720 3785 οἱ
1761 3731 1859 3803 μὲν

297 3828 527 3900 ⁸πλήρεις
564 3844 622 3881 τε
653 3828 743 3881 καὶ
771 3825 1240 3898 τριακονθήμεροι,
1281 3825 1331 3878 oi
1367 3823 1423 3876 δὲ
1466 3822 1633 3876 κοίλοί
1673 3839 1730 3876 τε
1767 3822 1860 3875 καὶ

302 3924 403 3994 μιᾷ
428 3921 536 3974 τῶν
568 3920 765 3991 ἑτέρων
791 3918 973 3991 ἡμέρα
997 3918 1305 3989 λειπόμενοι
1343 3914 1564 3983 ἐναλλὰξ
1593 3912 1697 3969 εἷεν
1730 3914 1857 3986 παρ’

301 4017 419 4079 ἕνα,
447 4014 719 4087 ὁποτέρως
743 4012 786 4067 δ’
816 4012 882 4066 ἂν
907 4013 1023 4087 ἔχῃ,
1057 4013 1118 4066 τὸ
1145 4012 1293 4066 ἐπιὸν
1324 4009 1387 4082 δὴ
1411 4010 1527 4074 ἔτος
1558 4011 1643 4064 ἀεὶ
1670 4025 1863 4080 προτε-

306 4111 483 4180 ρήσει,
514 4108 608 4161 κα)⁸
640 4108 703 4159 ἐκ
735 4105 1097 4177 προσαγωγῆς
1133 4106 1212 4168 είς
1250 4104 1495 4167 ἐναντίας
1521 4101 1667 4174 ὥρας
1698 4103 1857 4155 ἐκπει

307 4199 524 4253 σοῦνται
555 4198 604 4251 οἱ
646 4198 811 4269 μῆνες
846 4196 1260 4269 ὑποφερόμενοι.
1299 4194 1464 4248 Πάλιν
1505 4196 1553 4247 εῑ
1598 4192 1658 4246 τὸ
1702 4192 1861 4246 Ἴλιον

306 4292 420 4361 ἥλω
450 4291 801 4353 τελευτῶντος
830 4290 923 4344 τοῦ
950 4290 1126 4361 ἔαρος,
1156 4288 1311 4360 ὀγδόη
1345 4288 1616 4360 φθίνοντος
1644 4287 1859 4359 Θαργη-

306 4385 496 4447 )ιιῖ›νος
539 4384 723 4455 μηνὸς.
770 4380 1131 4436 ἑπτακαίδεκα
1184 4380 1445 4452 πρότερον
1490 4378 1723 4451 ήμέραις
1762 4377 1862 4448 τῆς

306 4478 527 4550 θερινῆς
550 4476 777 4547 τροπῆς,
808 4476 882 4539 ὡς
914 4475 944 4526 6
984 4473 1434 4545 Ἁλικαρνασσεὺς
1467 4472 1738 4536 Διονύσιος
1765 4473 1863 4545 ἀρ-

1948 1989 1994 2046 si
2028 1990 2313 2061 ambiguus
2342 1991 2572 2062 quisque
2601 1991 2885 2046 amborum
2919 1993 3014 2047 ﬁat
3056 1994 3361 2066 particeps,
3406 2010 3506 2051 cur

1947 2081 2128 2152 potius
2150 2096 2179 2135 a
2199 2081 2381 2151 priore
2406 2080 2685 2148 vertendo,
2704 2098 2866 2153 quam
2887 2098 2916 2137 a
2942 2085 3241 2154 posteriore
3256 2084 3506 2140 nomine.

1945 2176 2073 2231 tur?
2109 2175 2226 2243 Quo
2264 2191 2395 2231 sane
2430 2175 2592 2231 modo
2617 2174 2854 2232 Galenus
2883 2176 3050 2241 fecit,
3100 2177 3168 2232 de
3202 2177 3396 2233 abietis
3426 2194 3510 2234 se-

1948 2268 2130 2324 mine:
2179 2286 2197 2319 ι
2236 2266 2392 2334 Quod
2429 2274 2663 2338 tempus.
2705 2287 2724 2320 ι
2765 2267 2968 2338 inquit,
3004 2286 3023 2318 ι
3064 2266 3250 2327 Romae
3293 2277 3376 2324 est
3409 2267 3508 2325 Se-

1948 2358 2222 2430 ptember,
2278 2356 2525 2429 Pergami
2574 2358 2715 2429 apud
2772 2374 2873 2415 nos
2931 2357 3136 2413 mensis
3171 2356 3508 2429 Hyperbere-

1949 2457 2107 2514 treus,
2137 2448 2366 2505 Athenis
2400 2464 2528 2504 vero
2559 2449 2833 2521 Mysteria.
2888 2469 2906 2502 ι
2964 2445 3039 2503 Ea
3087 2464 3323 2520 namque
3354 2456 3510 2505 erant

1949 2540 2357 2596 Boedromione.
2397 2538 2530 2595 Nam
2563 2542 2710 2597 circa
2740 2541 3153 2599 Boedro‘mionis
3182 2544 3506 2599 vicesimum

1947 2632 2090 2689 diem
2117 2633 2378 2705 mysticus
2404 2632 2649 2688 Bacchus
2678 2634 2746 2688 ab
2779 2634 2911 2689 urbe
2950 2635 3416 2702 transferebatur;
3449 2643 3506 2689 ut

1948 2726 2109 2781 etiam
2134 2722 2459 2779 Plutarchus
2490 2723 2703 2782 scribit.
2753 2722 2979 2778 Videtur
3025 2738 3244 2794 quoque
3290 2724 3501 2780 Plinius

1950 2817 2251 2875 omnifarim
2279 2818 2511 2889 scriptor
2543 2816 2802 2883 historiae,
2845 2815 2925 2872 sic
2977 2816 3324 2887 interpretari
3375 2818 3506 2873 illud

1951 2909 2261 2966 Aristotelis
2290 2907 2357 2965 de
2390 2907 2622 2980 piscium
2652 2916 2809 2980 partu
2831 2948 2846 2976 ,
2877 2907 3134 2962 nimirum
3174 2908 3354 2979 pisces
3382 2909 3507 2979 plu-

1952 3002 2088 3057 rima
2112 3002 2195 3058 sui
2219 3007 2369 3071 parte
2390 3000 2564 3057 tribus
2596 3000 2679 3056 his
2706 3001 2986 3058 mensibus
3014 3000 3292 3066 letiﬁcare,
3318 3001 3512 3074 Muny—

1953 3093 2165 3160 chione,
2197 3092 2591 3165 Thargelione,
2625 3091 3079 3164 Scirophorione,
3134 3102 3193 3151 ut
3233 3094 3379 3152 dicat
3423 3096 3511 3151 his

1955 3186 2160 3250 tribus,
2215 3185 2433 3256 Aprili,
2507 3185 2685 3251 Maio,
2759 3184 2939 3241 Junio.
3000 3185 3226 3257 insuper
3282 3190 3509 3243 trecenti

1950 3277 2233 3348 sexaginta
2261 3276 2505 3348 quinque
2535 3277 2652 3332 dies
2698 3284 2825 3333 sunt
2866 3277 2992 3330 anni
3023 3275 3294 3344 llomani;
3341 3278 3512 3334 subti-

1955 3370 2060 3426 lius
2107 3370 2252 3424 enim
2304 3370 2359 3425 in
2410 3384 2649 3440 praesens
2679 3377 2973 3440 supputare
3022 3372 3244 3426 minime
3274 3381 3509 3442 oportet.

1953 3462 2302 3518 Atheniensis
2333 3477 2460 3519 vero
2486 3462 2637 3529 anni,
2675 3476 2739 3517 ex
2775 3460 3078 3518 Aristotelis
3110 3463 3331 3533 quidem
3383 3480 3510 3521 sen-

1955 3552 2147 3617 tentia,
2179 3554 2408 3609 trecenti
2435 3552 2715 3624 sexaginta
2769 3563 2931 3608 sunt:
2970 3571 2989 3603 ι
3034 3553 3186 3620 Pars,
3222 3575 3241 3609 ι
3301 3556 3510 3627 inquit,

1963 3664 1980 3697 ι
2026 3660 2221 3701 canum
2248 3642 2353 3700 fert
2375 3653 2618 3701 ventrem
2646 3642 2892 3714 quintam
2926 3654 3135 3713 partem
3166 3646 3317 3711 anni,
3344 3646 3397 3702 id
3429 3656 3514 3704 est

1956 3737 2074 3793 dies
2104 3736 2241 3792 duos
2280 3743 2334 3792 et
2383 3736 2755 3807 septuaginta;
2797 3754 2816 3787 ι
2851 3745 2905 3789 at
2939 3736 3238 3791 secundum
3271 3736 3514 3797 Herodo«

1958 3837 2073 3883 tum
2102 3826 2347 3898 aliosque
2371 3866 2386 3890 ,
2444 3826 2672 3881 trecenti
2706 3834 2941 3896 quatuor
2986 3832 3043 3881 et
3096 3828 3512 3900 quinquaginta.

1958 3919 2059 3975 Tot
2089 3919 2251 3991 igitur
2288 3933 2411 3972 cum
2460 3917 2609 3983 sint,
2653 3916 2701 3972 si
2730 3932 2945 3973 menses
2973 3917 3065 3971 alii
3099 3919 3241 3987 pleni
3272 3927 3325 3975 et
3359 3919 3516 3977 trico

1956 4009 2128 4077 uarii;
2160 4009 2249 4063 alii
2278 4007 2474 4071 mutili,
2502 4006 2620 4061 cavi
2645 4049 2661 4075 ,
2690 4018 2744 4061 et
2783 4022 2893 4061 uno
2922 4006 3009 4063 die
3040 4008 3252 4063 caeteris
3272 4008 3513 4080 impares

1960 4100 2014 4155 in
2045 4114 2272 4154 numero
2304 4098 2575 4153 alternant
2596 4137 2609 4163 ,
2655 4113 2984 4169 quocunque
3014 4098 3173 4153 modo
3198 4113 3285 4153 res
3322 4114 3382 4155 se
3415 4099 3513 4156 ha-

1958 4190 2101 4260 beat,
2132 4207 2367 4263 sequens
2398 4206 2573 4247 annus
2597 4205 2810 4263 semper
2840 4198 3142 4262 praevertet,
3174 4201 3225 4248 et
3255 4192 3512 4263 paulatim

1959 4297 2025 4338 ex
2058 4283 2374 4340 accessione
2433 4283 2489 4338 in
2547 4283 2854 4340 contrarias
2904 4291 3254 4355 tempestates
3303 4299 3518 4341 menses

1960 4373 2219 4443 incident,
2252 4373 2372 4430 loco
2405 4372 2704 4445 diebusque
2734 4374 2893 4430 statis
2917 4375 3101 4429 emoti.
3135 4374 3261 4429 ltem
3295 4375 3339 4430 si
3363 4372 3517 4429 Ilium

1961 4474 2178 4537 captum
2235 4474 2321 4523 est
2370 4466 2602 4522 abeunte
2636 4482 2794 4530 vere,
2839 4478 3029 4521 octavo
3063 4465 3170 4528 die,
3205 4465 3308 4521 sub
3356 4465 3517 4522 linem

307 4569 603 4642 χαιολογῶν
628 4568 697 4621 τὰ
725 4566 1005 4638 Ῥωμαϊκά
1034 4582 1195 4637 φησι·
1232 4563 1349 4628 πῶς
1380 4565 1633 4636 τροπικός
1659 4563 1852 4636 θερινὸς

1967 4554 2373 4625 Thargelionis,
2421 4555 2807 4627 septemdecim
2863 4556 3054 4611 diebus
3107 4563 3233 4611 a'nte
3271 4554 3518 4612 aestivum

306 4666 339 4717 6
378 4659 815 4731 Ἐκατομϐαιώνς
844 4659 966 4711 Ὀὁε
995 4657 1101 4729 γὰρ
1132 4660 1159 4711 6
1185 4656 1339 4724 λόγος
1369 4657 1657 4726 ἀποφαίνει
1685 4657 1866 4727 Σκιρο-

309 4754 553 4827 φοριῶνα
578 4749 715 4808 εἶναι
743 4752 996 4825 τροπικὸν
1041 4749 1268 4821 θερινόν.
1308 4747 1652 4819 ’Δνομόλογον
1682 4748 1736 4800 δὲ
1772 4751 1865 4802 καὶ

308 4848 372 4900 τὸ
412 4845 776 4916 Θεοφράστου,
809 4843 888 4896 ὃτι
932 4842 1098 4912 ἄκρου
1148 4840 1305 4911 ἔαρος
1349 4839 1529 4904 εὐθὺς,
1579 4839 1861 4910 ἱσταμένου

310 4936 405 4991 τοῦ
438 4934 837 5008 Θαργηλιῶνος.
868 4934 927 4986 Εἰ
953 4933 1060 5005 γάρ
1085 4932 1249 5005 ἄκρου
1281 4930 1435 5003 ἔαρος
1464 4932 1500 5001 ,ό
1525 4929 1860 5002 Θαργηλιὼν,

309 5027 412 5082 οὐκ
450 5027 514 5080 ἂν
546 5024 796 5098 τροπικός
826 5025 854 5076 6
890 5020 1290 5094 Ἑκατομϐαιὼν
1318 5024 1401 5094 είη
1420 5039 1433 5051 ·
1473 5023 1604 5076 πολὺ
1630 5022 1674 5075 δ’
1705 5015 1864 5093 ἦττον

310 5119 341 5170 6
385 5114 697 5185 Μουνυχιὼν
742 5115 950 5185 ὲαρινός
983 5131 1040 5167 τε
1090 5113 1183 5167 καὶ
1226 5112 1551 5185 ἰσημερινός.
1602 5111 1778 5165 Ἔοικε
1819 5111 1863 5164 δ’

311 5210 650 5279 ἀπεμφαῖνον
688 5209 780 5260 καὶ
807 5207 864 5259 τὸ
887 5205 977 5259 τοῦ
1009 5205 1371 5275 Πλουτάρχουο
1408 5222 1426 5255 ι
1457 5201 1864 5274 Συγκομιζομέ-

310 5318 411 5372 νης
442 5299 659 5372 ὀπώρας
705 5297 1075 5367 Πυανεψιῶνος
1112 5297 1269 5369 ὀγδόῃ
1304 5297 1606 5366 ἱσταμένου.
1647 5315 1665 5348 ι
1715 5299 1869 5349 Δοκεῖ

264 5390 422 5477 ’ξγάρ
452 5394 481 5445 6
515 5390 827 5462 Πυανεψιὼν
863 5388 1055 5461 μᾶλλον
1090 5385 1224 5441 εἷναι
1259 5388 1568 5460 ἰσημερινός
1600 5388 1867 5457 φθινοπω-

314 5485 522 5561 ρινὸςῆ
563 5489 592 5541 6
634 5482 1084 5557 Μαιμακτηριὼν,
1118 5483 1171 5536 εἴ
1197 5499 1258 5550 γε
1297 5481 1601 5553 ἁμπελικῆς
1643 5479 1862 5551 ὀπώρας

313 5583 349 5651 ἠ
375 5578 567 5650 κομιδὴ
595 5575 680 5652 ἦν.

1969 4648 2297 4713 solstitium,
2352 4656 2410 4703 ut
2440 4647 2731 4720 Dionysius
2765 4647 3209 4705 Halicarnasseus
3263 4649 3377 4714 ait,
3432 4664 3520 4705 res

1969 4739 2176 4810 priscas
2202 4738 2570 4795 Romanorum
2608 4740 2851 4795 historiae
2885 4738 3149 4795 mandans
3177 4759 3191 4796 :
3222 4756 3329 4811 quo
3365 4748 3522 4811 pacto

1969 4831 2383 4888 Hecatombzeon
2418 4832 2724 4889 solstitialis
2770 4831 2991 4886 aBStinIS
3034 4832 3143 4886 sit?
3187 4831 3390 4903 Nempe
3433 4834 3522 4889 hic

1970 4938 2148 4979 sermo
2178 4924 2432 4988 ostendil,
2458 4922 2880 4994 Scirophorione
2908 4938 3029 4978 esse
3069 4922 3378 4979 solstitium.
3403 4926 3524 4980 Dis-

1970 5023 2286 5073 sentaneum
2323 5017 2486 5071 etiam
2523 5027 2607 5073 est
2634 5016 2764 5071 illud
2795 5014 3193 5086 Theophrasti,
3245 5033 3369 5073 cum
3396 5018 3525 5075 dicit

1971 5124 2216 5173 summo,
2256 5110 2582 5181 inennteque
2612 5127 2737 5166 vere
2757 5153 2771 5174 ,
2803 5109 3178 5181 Thargelionis
3233 5111 3522 5183 principio.

1973 5199 2031 5257 Si
2059 5200 2202 5257 enim
2235 5208 2317 5258 est
2345 5217 2617 5257 summum
2650 5218 2740 5256 ver
2780 5200 3134 5273 Thargelion,
3185 5217 3524 5274 nequaquam

1971 5308 2094 5349 esse
2118 5302 2280 5364 queat
2306 5293 2611 5351 solstitialis
2640 5292 3051 5350 Hecatombaaon
3071 5335 3085 5360 ,
3139 5305 3191 5350 et
3222 5297 3396 5351 multo
3428 5296 3526 5350 mi-

1972 5400 2077 5441 nus
2107 5400 2307 5441 vernus
2336 5392 2391 5440 et
2422 5384 2816 5455 aequinoctialis
2850 5384 3197 5457 Munychion.
3232 5384 3366 5440 Illud
3398 5401 3528 5454 quo-

1973 5493 2079 5549 que
2104 5476 2381 5534 Plutarchi
2408 5478 2698 5535 dissentire
2724 5478 2971 5542 videtur,
3019 5476 3288 5533 dicentis:
3332 5495 3349 5529 ι
3390 5476 3527 5532 Dum

1976 5569 2187 5627 fructus
2215 5571 2487 5642 leguntur,
2519 5584 2570 5627 et
2599 5570 2875 5627 vindemia
2904 5575 3278 5640 comportatur
3296 5607 3311 5631 ,
3337 5575 3527 5624 octavo

314 5675 407 5730 die
427 5673 814 5745 Pyanepsionis
852 5670 1178 5742 incipientis.
1229 5689 1246 5721 ι
1278 5667 1374 5724 llis
1405 5664 1752 5724 enim'verbis
1787 5665 1999 5723 videtur
2054 5663 2395 5738 Pyanepsion
2431 5665 2486 5721 in
2538 5680 2596 5723 se
2654 5666 2939 5723 continere
2990 5660 3239 5718 autumni
3284 5666 3527 5733 mquinoo

315 5770 487 5820 ctium
517 5765 714 5837 potius,
749 5780 907 5837 quam
938 5760 1333 5818 Memacterion
1358 5800 1373 5827 ,
1418 5759 1693 5833 siquidem
1754 5767 1871 5815 erat
1901 5756 2487 5827 vindemigcollectio.
