4044 6220
551 209 685 269 “87

1531 207 1621 263 AD
1665 206 1931 265 EUSEBII
1969 205 2361 264 CHRONICON
2402 201 2761 263 APPENDlX.

3621 195 3767 251 “88

621 319 876 377 Solvendi
930 320 1094 392 igitur
1115 329 1261 378 ssent
1307 321 1361 375 hi
1410 320 1697 376 dubiorum
1727 321 1877 386 nodi,
1911 332 1967 376 ut
2002 322 2107 375 rite‘

2279 319 2449 373 Λῦσαι
2484 318 2551 390 δὴ
2579 318 2660 371 δεῖ
2689 316 2757 370 τὰ
2784 311 3129 384 ἀπορούμενα
3158 309 3348 373 ταῦτα,
3382 310 3449 363 ἶν’
3483 310 3520 380 ἡ
3552 325 3616 364 τι
3643 312 3774 363 cx:-

552 414 643 467 llat
673 412 786 466 haec
822 421 1005 467 nostra
1037 413 1459 476 commentatio,
1512 419 1566 467 et
1625 411 1882 481 majorem
1947 411 2104 467 fidem

549 500 692 554 dicta
724 507 909 555 nostra
932 501 1219 572 accipiant.
1260 501 1525 568 Quocirca
1555 501 1957 558 vetustissimos
1986 503 2106 556 illos

549 590 797 646 homines
835 592 978 645 nulla
1007 593 1251 658 ratione,
1297 593 1554 663 nulloque
1587 592 1779 649 ordine
1829 593 2107 648 mensibus

549 693 701 742 usos,
734 686 896 749 atque
926 680 1083 735 aliter
1117 681 1252 736 alios
1281 697 1484 736 annum
1514 683 1690 753 ipsum
1714 683 1942 753 partitos
1962 699 2104 749 esse,

549 784 673 823 cum
702 770 770 823 ab
796 770 938 834 aliis,
970 780 1081 824 tum
1131 772 1212 826 vel
1249 773 1484 828 maxime
1536 788 1566 826 a
1618 771 1938 834 Plutarcho,
1988 773 2108 827 viro

548 861 912 935 undecunque
940 862 1279 928 doctissimo,
1320 864 1445 919 licet
1475 865 1790 935 intelligere.
1823 864 1954 919 Nam
1984 867 2109 920 bar-

548 951 803 1006 barorum
825 953 1063 1007 nonnulli
1088 954 1409 1010 trimestrem
1434 972 1632 1013 annum
1653 957 1944 1023 habebant,
1969 964 2021 1012 et
2042 973 2108 1012 ex

547 1039 749 1097 Graecis
785 1042 1023 1099 Arcades
1064 1044 1551 1116 quadrimestrem;
1589 1045 1903 1100 Acarnanes
1936 1059 2108 1100 seme-

549 1142 737 1190 strem.
797 1132 1066 1208 Egyptiis
1120 1143 1300 1190 autem
1357 1142 1670 1190 menstruus
1718 1144 1835 1191 erat
1894 1150 2104 1199 annus,

548 1224 742 1280 deinde
772 1225 1219 1294 quadrimestris,
1284 1234 1342 1281 ut
1388 1227 1559 1283 aiunt.
1605 1226 1812 1282 Idcirco
1844 1220 2108 1298 antiquis-

548 1316 670 1372 simi
711 1315 962 1370 videntur
1016 1316 1335 1371 immensam
1387 1330 1650 1370 annorum
1705 1315 2106 1371 multitudinem

549 1409 649 1464 sibi
686 1414 1146 1473 annumerantes;
1184 1415 1243 1460 ut
1273 1408 1363 1477 qui
1396 1415 1541 1463 certe
1570 1424 1770 1463 annum
1802 1424 1987 1464 mense
2013 1409 2109 1463 de-

548 1500 784 1555 iinirent.
828 1498 1056 1552 Romani
1085 1512 1212 1553 vero
1243 1500 1393 1569 prius
1448 1499 1634 1555 decem
1689 1502 1956 1555 mensium
2005 1514 2109 1553 an-

546 1607 677 1646 num
705 1591 957 1662 agebant,
986 1599 1040 1643 et
1073 1604 1289 1644 menses
1320 1591 1456 1646 alios
1482 1606 1657 1661 neque
1695 1594 1943 1647 vicenum
1993 1591 2108 1645 die-

550 1686 844 1748 rum,alios
870 1685 1137 1738 triceuum
1177 1684 1425 1753 quinum,
1469 1685 1606 1741 alios
1644 1684 1807 1740 etiam
1835 1686 2103 1759 plurium:

548 1775 790 1845 illudque
820 1775 995 1829 solum
1026 1774 1479 1836 considerabant,
1527 1782 1585 1827 ut
1639 1781 2001 1829 trecentorum
2054 1782 2109 1830 et

550 1870 827 1940 sexaginta
856 1866 1064 1922 dierum
1096 1883 1231 1922 suus
1259 1876 1405 1923 esset
1440 1883 1616 1923 annus
1636 1909 1649 1931 ,
1684 1883 1783 1922 nec
1813 1884 1933 1937 quae
1964 1876 2111 1924 esset

547 1960 681 2016 sclis
731 1967 784 2014 et
828 1959 970 2013 lunae
1013 1959 1353 2027 inaequalitas
1387 1943 1684 2033 quidquam
1739 1959 1891 2029 pensi
1943 1959 2111 2015 habe-

548 2054 697 2108 bant.
731 2051 837 2106 Sed
875 2057 1062 2122 postea
1107 2051 1263 2122 160
1287 2066 1378 2107 rex
1422 2050 1596 2104 Numa
1644 2048 1946 2121 Pompilius
1972 2049 2111 2105 duos

551 2159 767 2200 menses
813 2143 1078 2212 adjecisse
1126 2142 1328 2206 fertur,
1373 2150 1429 2196 et
1478 2141 1773 2196 discrimen
1831 2141 1995 2211 hujus
2028 2142 2111 2195 in-

549 2235 874 2308 :equalitatis
909 2233 1154 2287 undecim
1189 2233 1399 2287 dierum
1426 2248 1548 2287 esse
1576 2240 1837 2304 reputans
1867 2252 1882 2285 :
1925 2243 2111 2303 utpote

550 2341 693 2381 anno
721 2325 896 2380 lunari
928 2332 1201 2379 trecentos
1236 2324 1631 2395 quinquaginta
1679 2334 1915 2394 quatuor
1950 2324 2066 2380 dies
2091 2363 2105 2389 ,

551 2417 715 2473 solari
752 2425 929 2471 autem
958 2422 1230 2469 trecentos
1257 2415 1538 2485 sexaginta
1562 2414 1799 2486 quinque
1833 2415 2067 2470 habente
2093 2433 2108 2482 ;

550 2509 803 2565 undecim
836 2508 936 2563 hos
962 2506 1085 2561 dies
1117 2506 1424 2576 duplicatos
1457 2508 1684 2562 alternis
1734 2509 1893 2563 annis
1941 2507 2111 2562 inter--

550 2601 815 2656 calatione
842 2598 981 2653 facta
1001 2598 1142 2669 (qua:
1159 2597 1388 2652 duorum
1412 2606 1467 2653 et
1490 2597 1677 2668 viginti
1707 2599 1918 2654 dierum
1944 2598 2109 2667 esset)

549 2692 606 2746 in
631 2690 981 2746 Februarium
1032 2690 1311 2745 induxisse
1340 2709 1353 2745 :
1392 2690 1615 2760 verique
1659 2690 1838 2745 simile
1866 2698 1972 2755 est,
1999 2690 2112 2745 haec

549 2785 702 2839 illum
722 2798 788 2839 ex
820 2783 1122 2838 imitatione
1142 2781 1373 2852 quadam
1401 2779 1709 2837 Graecorum
1739 2780 1953 2837 fecisse.
1994 2780 2112 2836 Pri-

549 2892 697 2930 mum
726 2875 869 2930 enim
899 2872 1154 2928 Solonem
1207 2874 1361 2929 aiunt
1398 2872 1626 2927 Athenis
1671 2872 1812 2928 hanc
1842 2874 2110 2929 mensium

547 2983 739 3038 vagam
765 2975 818 3023 et
844 2966 1019 3020 adhuc
1054 2966 1316 3021 incertam
1349 2965 1773 3023 inconstantiam
1808 2965 2109 3036 deprehen.

2207 409 2299 479 ψις
2327 409 2541 481 γίνηται
2570 406 2710 461 κατὰ
2741 403 2959 476 τρόπον,
2995 403 3087 455 καὶ
3112 400 3172 452 τὸ
3212 400 3402 454 πιστὸν
3429 400 3630 471 μᾶλλον
3671 400 3775 471 ἔρχῃ

2207 500 2274 552 τά
2298 498 2579 569 εἰρημένα.
2607 496 2744 559 Τοὺς
2779 495 2874 565 μὲν
2902 488 2993 546 οὖν
3019 491 3156 545 πάνυ
3186 490 3445 561 ἀρχαίους
3474 490 3777 559 ἀλογίστως

2206 608 2263 643 τε
2294 590 2384 644 καὶ
2408 589 2655 655 ἀτάκτως
2683 585 2978 657 κεχρῆσθαι
3006 586 3117 648 τοίς
3152 584 3307 655 μησὶ,
3342 583 3438 637 καὶ
3469 582 3653 645 ἄλλοις
3675 583 3773 637 ἂλ-

2205 684 2311 745 λως
2332 681 2422 734 τὸν
2447 680 2686 737 ἐνιαυτὸν
2707 677 2981 750 ὡρικέναι,
3007 676 3157 747 παρά
3180 692 3237 732 τε
3260 675 3433 729 ἄλλων
3480 676 3577 729 καὶ
3604 676 3777 729 Πλου-

2206 771 2405 841 τάρχου
2469 768 2657 843 ἀνδρὸς
2726 765 3195 836 πολυμαθεστάτου
3268 763 3534 817 πυθέσθαι
3603 766 3773 819 ἐστιν.

2211 864 2378 915 Ἔνιοι
2406 862 2533 929 γοῦν
2556 860 2661 913 τῶν
2696 857 2979 930 βαρϐάρων
3016 859 3192 929 τρισὶν
3218 857 3460 928 ὲχρῶντο
3492 859 3665 928 μησὶν
3697 860 3776 922 εἰς

2206 957 2296 1009 τὸν
2324 955 2593 1007 ἐνιαυτόν·
2632 953 2724 1006 καὶ
2756 951 2862 1004 τῶν
2900 949 3159 1022 Ἑλλήνων
3202 950 3460 1021 Ἀρκάδες
3507 951 3613 1021 μὲν
3656 952 3776 1004 τέτ-

2206 1064 2415 1118 ταρσιν,
2451 1046 2773 1117 Ἀκαρνᾶνες
2801 1043 2859 1096 δὲ
2879 1040 2959 1107 ἓξ.
2986 1041 3299 1111 Αἰγυπτίοις
3326 1041 3383 1094 δὲ
3418 1045 3674 1113 μηνιαῖος
3708 1039 3774 1114 ἦν

2207 1142 2235 1193 ὁ
2276 1139 2548 1201 ἐνιαυτὸς,
2584 1133 2702 1189 εἶτα
2742 1134 3097 1206 τετράμηνος,
3128 1132 3204 1196 ὣς
3240 1150 3394 1203 φασι.
3424 1133 3519 1186 Διὸ
3547 1134 3649 1186 καὶ
3678 1136 3775 1204 ἁρ-

2207 1230 2476 1301 χαιότατοι
2500 1225 2637 1281 εἶναι
2662 1225 2894 1291 δοκοῦσι,
2926 1224 3124 1296 πλῆθος
3148 1225 3283 1278 ὲτῶν
3308 1223 3774 1297 καταριθμοῦντες

2211 1322 2387 1391 σφίσιν
2425 1321 2722 1391 άμῆχανον,
2760 1317 2856 1372 ἅτε
2896 1316 2960 1388 δὴ
2999 1317 3125 1379 τοὺς
3168 1316 3342 1387 μῆνας
3376 1316 3658 1387 τιθέμενοι
3699 1319 3776 1379 είς

2210 1412 2347 1466 ἑτῶν
2378 1411 2625 1483 ἀριθμόν.
2650 1410 2760 1464 Καὶ
2792 1410 3045 1481 Ῥωμαῖοι
3068 1406 3127 1466 δὲ
3163 1408 3426 1478 πρότερον
3460 1407 3775 1478 δεκάμηνον

2208 1501 2340 1577 ἦγον
2384 1506 2473 1557 τὸν
2513 1503 2773 1564 ἐνιαυτὸν.
2823 1503 2917 1558 καὶ
2954 1500 3061 1556 τῶν
3108 1499 3291 1570 μηνῶν
3334 1501 3461 1564 τοὺς
3509 1500 3616 1570 μὲν
3658 1500 3774 1554 οὑδὲ

2210 1598 2413 1652 εἴκοσιν
2453 1596 2691 1667 ἡμερῶν,
2730 1596 2856 1658 τοὺς
2891 1593 2947 1652 δὲ
2979 1592 3139 1649 πέντε
3171 1594 3264 1646 καὶ
3294 1593 3612 1664 τριάκοντα,
3656 1596 3775 1657 τοὺς

2208 1689 2265 1745 δὲ
2318 1688 2413 1743 καὶ
2453 1687 2708 1741 πλειόνων
2727 1704 2740 1717 ⁸
2784 1685 2957 1743 ἐκεῖνό
2993 1702 3054 1739 τε
3097 1685 3255 1757 μόνον
3296 1685 3585 1750 ἐσκόπουν,
3631 1686 3776 1747 ὅπως

2210 1783 2470 1852 ἑξήκοντα
2498 1779 2590 1833 καὶ
2630 1778 2952 1851 τριακοσίων
2986 1777 3203 1850 ἡμερῶν
3230 1777 3258 1829 ὁ
3296 1777 3540 1840 ἐνιαυτὸς
3581 1776 3739 1830 ἔσται
3760 1794 3773 1807 ο

2209 1872 2413 1932 ἔννοιαν
2440 1873 2497 1926 δὲ
2519 1871 2619 1943 τῆς
2657 1869 2944 1941 γινομένης
2981 1871 3108 1943 περὶ
3133 1869 3229 1942 τὴν
3274 1867 3506 1940 σελήνην
3553 1871 3657 1922 καὶ
3690 1869 3777 1920 τὸν

2207 1965 2357 2036 ἥλιον
2385 1963 2694 2035 ἀνωμαλίας
2717 1964 2816 2016 οὐκ
2848 1959 3008 2033 εἶχον.
3041 1964 3304 2039 ’Ὕστερον
3329 1962 3385 2015 δὲ
3414 1963 3610 2031 Νομᾶς
3634 1963 3770 2032 Πομ-

2209 2057 2382 2120 πίλιος
2413 2055 2705 2128 βασιλεύων
2745 2054 2958 2123 λέγεται
2995 2054 3085 2109 δύο
3119 2072 3179 2108 τε
3221 2054 3536 2125 προσθεῖναι
3572 2054 3771 2123 μῆνας,

2210 2148 2301 2205 καὶ
2331 2148 2393 2201 τὸ
2431 2147 2794 2221 παράλλαγμα
2830 2147 2929 2217 τῆς
2973 2146 3280 2217 ἀνωμαλίας
3311 2146 3538 2217 ἡμερῶν
3582 2146 3774 2199 ἕνδεκα

2209 2239 2452 2308 γίνεσθαι
2483 2239 2858 2310 λογιζόμενοςο
2902 2240 2977 2301 ὡς
3003 2236 3096 2291 τοῦ
3128 2239 3223 2309 μὲν
3264 2237 3587 2309 σεληνιακοῦ
3619 2237 3771 2299 Ετους

2208 2331 2523 2403 τριακοσίας
2557 2325 3155 2402 πεντηκοντατέσσαρας
3175 2330 3385 2400 ἔχοντος
3406 2330 3647 2401 ἡμέρας,
3684 2330 3773 2383 τοῦ

2209 2421 2264 2475 δὲ
2296 2422 2516 2497 ἡλιακοῦ
2556 2422 2872 2495 τριακοσίας
2917 2421 3372 2494 έξηκονταπὲντε·
3426 2422 3528 2484 τὰς
3578 2423 3774 2475 ἕνδεκα

2208 2513 2407 2578 ταύτας
2447 2514 2821 2577 διπλασιάσας,
2870 2515 3168 2582 ἐπαγαγεῖν
3212 2513 3335 2584 παρ’
3379 2514 3627 2568 ἐνιαυτὸν
3681 2516 3773 2566 ἐπὶ

2210 2606 2654 2683 τῷλΦεϐρουαρίῳ
2684 2607 2811 2677 μηνὶ
2835 2608 2927 2661 τὸν
2958 2606 3270 2677 ἐμϐόλιμον,
3305 2605 3477 2659 εἴκοσι
3505 2608 3594 2659 καὶ
3621 2606 3771 2659 δυοῖν

2210 2698 2430 2771 ἡμερῶν
2480 2698 2626 2753 ὄντα.
2667 2698 2825 2761 Εἰκὸς
2865 2697 2908 2752 δ’
2944 2699 3145 2751 ἐκεῖνον
3190 2695 3359 2750 ταῦτα
3405 2696 3537 2767 πρὸς
3576 2697 3772 2766 ὁμοίαν

2209 2790 2330 2867 τινὰ
2374 2790 2665 2861 Ἀθηναίων
2723 2789 2916 2863 χρῆσιν
2975 2789 3347 2859 πεποιηκέναι.
3396 2788 3614 2842 Σόλωνα
3665 2790 3771 2858 γὰρ

2211 2881 2423 2953 πρῶτον
2468 2881 2720 2955 Ἀθήνῃσι
2756 2881 2853 2954 τὴν
2894 2884 3020 2954 περὶ
3056 2885 3180 2948 τοὺς
3231 2885 3409 2955 μῆνας
3457 2885 3770 2956 ἀνωμαλίαν

2214 2974 2437 3028 συνιδεῖν
2467 2991 2631 3043 φασι·
2661 2974 2753 3029 καλ⁸
2777 2974 2873 3047 τὴν
2898 2976 2994 3045 μὲν
3020 2977 3249 3049 ἡμέραν,
3275 2977 3396 3030 καθ’
3422 2977 3490 3048 ἣν
3517 2979 3552 3048 ἡ
3578 2977 3768 3048 σελήνη

548 3061 695 3115 disse
722 3078 735 3113 :
769 3066 823 3113 et
851 3058 991 3113 diem
1022 3074 1130 3128 quo
1172 3058 1297 3112 luna
1327 3058 1495 3114 solem
1524 3057 1834 3127 assequitur
1866 3064 1919 3112 et
1942 3066 2107 3115 trans-

2211 3065 2612 3136 καταλαμϐάνει
2650 3083 2708 3123 τε
2761 3067 2855 3121 καὶ
2893 3067 3224 3140 παρέρχεται
3279 3070 3369 3122 τὸν
3404 3071 3582 3141 ἥλιον,
3618 3072 3768 3138 τάξαι

549 3153 734 3215 mittit,
768 3151 895 3223 ἔνην
924 3150 1016 3204 καὶ
1041 3150 1188 3214 νέαν,
1219 3148 1271 3203 id
1310 3156 1426 3210 est,
1483 3148 1759 3216 antiquam
1817 3157 1870 3203 et
1915 3164 2106 3204 novatn

550 3246 754 3311 lunam,
790 3245 904 3300 sive
943 3251 1237 3299 extremam
1272 3250 1326 3298 et
1359 3241 1620 3312 primam,
1654 3241 1757 3296 hoc
1789 3250 1903 3307 est,
1939 3243 2106 3299 inter-

552 3338 758 3393 lunium
788 3335 969 3390 vocari
1000 3334 1303 3390 instituisse
1334 3351 1347 3387 :
1383 3338 1437 3387 et
1474 3341 1789 3401 sequentem
1820 3333 2109 3407 νουμηνίαν

553 3431 605 3485 id
634 3437 753 3495 est,
799 3429 1133 3484 novilunium
1165 3466 1180 3493 ,
1231 3427 1346 3482 sive
1399 3424 1669 3480 Kalendas
1722 3426 2105 3499 appellavisse,

554 3538 901 3593 mensemque
930 3522 1151 3590 triginta
1183 3520 1394 3575 dierum
1414 3517 1779 3574 constituisse
1805 3537 1818 3573 :
1848 3526 1903 3573 et
1932 3519 1985 3572 in
2015 3534 2109 3588 ge-

553 3632 683 3671 nere
712 3630 911 3670 annum
969 3614 1147 3684 ipsum
1188 3612 1242 3666 in
1281 3612 1688 3669 concinniorem
1737 3608 1983 3665 ordinem
2026 3609 2109 3663 di-

552 3708 808 3780 gessisse.
841 3706 1187 3761 lntercalaris
1222 3720 1346 3760 vero
1383 3704 1586 3760 mensis
1620 3718 1777 3759 usum
1808 3702 2110 3772 antiquitus

550 3796 723 3854 fuisse
752 3795 976 3861 Graecis,
1007 3795 1248 3851 declarat
1271 3792 1577 3851 Herodotus
1610 3813 1622 3849 :
1665 3812 1685 3844 ι
1722 3791 1915 3856 Graeci,
1954 3811 1973 3843 ι
2026 3790 2111 3845 in-

550 3891 690 3963 quit,
724 3908 742 3943 ι
780 3890 940 3944 tertio
968 3902 1186 3960 quoque
1228 3901 1372 3941 anno
1421 3885 1889 3942 intercalationem
1944 3882 2111 3936 inter-

552 3989 781 4046 serunt,
836 3987 1141 4053 temporum
1198 3977 1370 4048 gratia
1403 3994 1417 4031 :
1449 3975 1689 4048 Egyptii
1730 3989 1858 4030 vero
1889 3972 2111 4027 tricenis

550 4074 764 4137 diebus,
791 4072 989 4142 quibus
1018 4069 1303 4125 duodecim
1340 4084 1555 4124 menses
1597 4067 1725 4122 anui
1780 4072 1988 4129 laxant,
2014 4078 2111 4119 au-

549 4167 721 4222 ctario
755 4164 893 4219 facto
924 4163 990 4217 ad
1020 4179 1142 4218 eum
1180 4176 1490 4228 numerum,
1522 4161 1639 4217 dies
1677 4159 1919 4230 quinque
1949 4163 2113 4229 quot-

551 4263 713 4316 annis
741 4255 1113 4328 superaddunt
1142 4272 1154 4308 :
1186 4263 1241 4308 et
1284 4256 1354 4310 iis
1385 4256 1524 4309 ratio
1556 4253 1752 4308 circuli
1803 4258 2109 4321 temporum

551 4358 766 4408 constat
793 4348 981 4406 eodem
1017 4347 1315 4407 redeuntis,
1357 4367 1375 4400 ι
1409 4346 1565 4413 Quod
1606 4346 1652 4401 si
1694 4344 1867 4398 Numa
1889 4342 2110 4413 quidem

2208 3156 2333 3228 ἕνην
2374 3158 2469 3211 καὶ
2510 3158 2631 3212 νέαν
2673 3158 2981 3215 καλεῖσθαι’
3023 3161 3120 3229 τὴν
3158 3160 3202 3213 δ’
3236 3159 3431 3231 ἐφεξῆς
3476 3162 3769 3232 νουμηνίαν

2208 3246 2638 3320 προσαγορεῦσαι
2661 3264 2673 3277 ’
2702 3250 2830 3321 ἄχρι
2849 3267 2907 3302 τε
2932 3236 3218 3321 τριακάδος
3244 3251 3333 3304 τὸν
3361 3252 3509 3322 μῆνα
3540 3253 3769 3325 ἠριθμη-

2207 3340 2361 3397 κέναι
2385 3358 2398 3370 ’
2453 3342 2547 3395 καὶ
2577 3341 2711 3406 ὅλως
2743 3341 2836 3394 ἐπὶ
2866 3342 2926 3394 τὸ
2970 3341 3176 3412 βέλτιον
3217 3343 3498 3398 διαθέσθαι
3541 3345 3611 3398 τὰ
3650 3346 3769 3416 περὶ

2207 3433 2296 3489 τὸν
2330 3434 2588 3487 ἐνιαυτόν.
2624 3433 2831 3504 Χρῆσιν
2862 3433 2905 3487 δ’
2935 3425 3225 3505 ἐμϐολίμου
3256 3435 3423 3507 μηνὸς
3458 3437 3557 3489 καὶ
3583 3437 3769 3505 Ἕλλη·

2210 3542 2292 3578 σιν
2314 3525 2578 3580 ἀνέκαθεν
2602 3521 2739 3580 εἶναι
2772 3525 2921 3596 δηλοῖ
2947 3528 3351 3598 καὶἮρόὸοτος,
3381 3529 3560 3597 λέγων
3577 3546 3591 3559 ⁸
3618 3548 3636 3580 ι
3657 3529 3767 3585 Ἕὶο

2207 3617 2365 3690 ληνες
2402 3618 2498 3688 μὲν
2526 3618 2614 3671 διὰ
2644 3617 2826 3689 τρίτου
2870 3616 3016 3681 ἔτεος
3050 3616 3340 3688 ἐμϐόλιμον
3370 3619 3766 3687 ἐπεμϐάλλουσι

2207 3710 2315 3763 τῶν
2342 3710 2526 3781 ὡρέων
2573 3709 2809 3763 εἵνεκεν·
2844 3708 3124 3777 Αἰγύπτιοι
3163 3708 3237 3774 δὲ,
3279 3710 3768 3783 τριακονθημέρους

2208 3802 2426 3869 ἄγοντες
2459 3802 2583 3864 τοὺς
2604 3800 2809 3855 δώδεκα
2837 3802 3032 3872 μῆνας,
3064 3803 3356 3871 ἐπάγουσιν
3384 3804 3490 3857 ἀνὰ
3522 3806 3634 3857 πᾶν
3659 3805 3769 3867 ἔτος

2211 3892 2367 3947 πέντε
2394 3891 2603 3964 ἡμέρας
2636 3892 2808 3963 παρὲξ
2828 3893 2920 3946 τοῦ
2953 3878 3216 3963 ἀριθμοῦ·
3250 3893 3342 3947 καί
3372 3910 3499 3961 σφιν
3522 3895 3553 3947 ὁ
3581 3895 3769 3956 κύκλος

2209 3980 2316 4037 τῶν
2358 3981 2542 4053 ὡρέων
2573 3983 2651 4043 εἰς
2688 3981 2851 4035 ταυτὸ
2896 3982 3119 4054 περιιὼν
3157 3983 3533 4056 παραγίνεται,
3572 4003 3593 4036 ι
3623 3987 3685 4038 Ei
3714 3985 3768 4038 δὲ

2210 4072 2396 4143 Νομᾶς
2435 4075 2531 4142 μὲν
2575 4074 2747 4127 εἴκοσι
2783 4075 2876 4128 καὶ
2916 4074 3058 4129 δυοῖν
3091 4076 3314 4147 ἡμερῶν
3344 4076 3437 4130 τὸν
3476 4077 3764 4147 ἐμϐόλιμον

2210 4160 2417 4227 ἔταξεν,
2469 4162 2749 4234 Ἡρόδοτος
2787 4163 2843 4217 δὲ
2893 4164 3357 4237 τριακονθήμερον
3401 4164 3761 4237 καταριθμείθ

2210 4252 2363 4308 οὐθὲν
2405 4255 2552 4312 τουτὶ
2598 4254 2734 4325 πρὸς
2774 4255 2866 4310 τὸν
2897 4252 2990 4310 νῦν
3020 4255 3194 4324 λόγον.
3239 4256 3378 4310 Ἀλλ’
3410 4238 3578 4310 ἐκεῖνο
3603 4257 3766 4327 δῆλον

2212 4346 2318 4399 κάκ
2339 4346 2557 4411 τούτων,
2591 4348 2667 4411 ὡς
2707 4348 2971 4418 Ἀθηναῖοι
3012 4349 3280 4421 χρώμενοι
3313 4349 3587 4421 ὲμϐολίμῳ
3607 4366 3771 4422 προσο

551 4443 1015 4499 intercalationem
1047 4439 1279 4496 duorum
1321 4448 1375 4495 et
1404 4439 1595 4509 viginti
1630 4438 1844 4493 dierum
1887 4437 2107 4492 ordina-

2212 4438 2545 4511 ανεπλήρουν
2577 4440 2638 4493 τὸ
2676 4441 2916 4496 ἐλλεῖπον
2951 4418 3085 4514 πρδς
3111 4444 3209 4515 τὴν
3235 4418 3366 4514 ὅλην
3393 4418 3768 4515 περίοδοννωῦ

551 4537 653 4602 νῆις
690 4533 993 4590 Herodotus
1022 4546 1148 4587 vero
1176 4531 1399 4602 triginta
1429 4531 1640 4585 dierum
1679 4536 1946 4593 recenset,
1972 4530 2108 4584 nihil

2211 4529 2362 4603 ⁴ἡλίου
2387 4530 2494 4584 τῶν
2521 4529 2678 4603 ὡρῶν
2716 4532 2895 4587 ἕνεκα.

552 4634 655 4682 hoc
692 4625 758 4681 ad
785 4624 1227 4697 disceptationem
1274 4632 1615 4694 praesentem.
1654 4619 1854 4677 Verum
1902 4636 1970 4679 ex
2017 4621 2103 4681 his
2142 4622 2305 4678 datur
2362 4623 2498 4679 illud
2527 4623 2776 4696 intelligi,
2805 4625 3166 4682 Athenienses
3199 4640 3390 4683 mense
3422 4626 3769 4683 intercalario

552 4726 766 4776 utentes
792 4717 920 4773 anni
946 4719 1030 4774 sui
1053 4715 1322 4771 defectum
1350 4713 1704 4784 supplevisse,
1723 4721 1781 4767 ut
1802 4722 2107 4784 temporum
2138 4715 2276 4771 ratio
2304 4714 2524 4772 facilius
2545 4717 2677 4773 solis
2698 4717 2877 4772 itineri
2911 4724 3251 4789 congrueret.

1197 4807 1268 4862 De
1298 4823 1457 4863 anno.

616 4902 705 4958 IX.
737 4898 992 4955 B.fariam
1012 4914 1140 4970 ergo
1161 4913 1362 4953 annum
1388 4894 1809 4953 considerabant
1833 4934 1848 4958 ,
1896 4902 1956 4948 ut
2005 4893 2104 4965 qui

551 4995 747 5065 partim
776 5008 805 5046 a
830 4992 946 5046 sole
962 4990 1219 5047 trecentis
1240 4989 1521 5060 sexaginta
1542 4986 1733 5042 diebus
1757 4980 2099 5051 definiretur,

552 5094 771 5158 propter
799 5082 1091 5137 sectionem
1127 5082 1331 5151 obliqui
1367 5078 1615 5150 signiferi
1641 5078 1696 5132 in
1729 5077 1952 5131 totidem
1983 5090 2108 5146 gra-

552 5179 674 5232 dus.
707 5175 773 5229 Et
797 5175 959 5242 hujus
985 5180 1129 5229 certe
1158 5174 1401 5244 quintam
1436 5179 1643 5243 partem
1671 5169 1995 5225 Aristoteles
2022 5167 2104 5222 di-

549 5268 626 5322 cit
646 5282 768 5323 esse
794 5267 931 5321 duos
962 5272 1016 5320 et
1070 5265 1408 5336 septuaginta
1441 5262 1596 5321 dies:
1660 5261 1854 5332 partim
1902 5276 1930 5313 a
1978 5260 2102 5313 luna

551 5359 741 5414 diebus
792 5366 1025 5426 quatuor
1067 5362 1121 5410 et
1164 5354 1556 5425 quinquaginta
1611 5367 1775 5423 supra
1810 5358 2101 5405 trecentos.

552 5445 750 5502 Eadem
788 5447 951 5503 etiam
987 5444 1194 5500 ratione
1225 5444 1505 5499 mensibus
1534 5443 1730 5519 partim
1781 5440 1848 5496 ad
1900 5440 2067 5495 solem
2090 5478 2105 5503 ,

550 5538 746 5609 partim
798 5539 863 5592 ad
907 5538 1088 5591 lunam
1126 5535 1391 5598 deductis,
1432 5534 1659 5605 aliisque
1684 5533 1842 5588 annis
1871 5532 1988 5589 dies
2018 5533 2108 5587 tri-

551 5628 699 5702 ginta
755 5628 1108 5699 adjiciebant;
1173 5627 1295 5684 aliis
1335 5627 1571 5698 quinque
1603 5645 1617 5682 :
1663 5633 1717 5682 et
1750 5625 1797 5681 si
1827 5625 1955 5700 quid
1992 5639 2106 5681 am-

2756 4808 2895 4878 Περί
2926 4807 3225 4864 ἐνιαυτοῦ.

2279 4896 2356 4953 ϐ’.
2386 4895 2555 4968 Διχῶς
2579 4891 2671 4951 οὖν
2700 4896 2961 4969 ἐθεώρουν
2986 4897 3076 4950 τὸν
3103 4896 3362 4962 ἐνιαυτὸν,
3390 4893 3502 4951 οἷον
3531 4897 3628 4952 τὸν
3671 4897 3764 4968 μὲν

2213 4987 2473 5056 ἑξήκοντα
2520 4989 2613 5042 καὶ
2661 4989 2995 5059 τριακοσίαις
3043 4989 3278 5060 ἡμέραις
3324 4987 3644 5060 ὁριζόμενον
3698 4987 3770 5056 τῷ

2213 5079 2365 5151 ἡλίῳ,
2406 5080 2495 5134 διὰ
2542 5081 2635 5151 τὴν
2683 5082 2761 5144 είς
2800 5079 3063 5144 τοσαύτας
3108 5081 3297 5151 μοίρας
3337 5080 3654 5152 κατατομὴν
3685 5077 3772 5133 τοῦ

2211 5169 2362 5234 λοξοῦ
2382 5188 2395 5201 ι
2440 5172 2533 5224 καὶ
2576 5170 2759 5225 τούτου
2803 5170 2867 5242 δὴ
2913 5170 3076 5241 μέρος
3123 5170 3366 5242 πέμπτον
3403 5170 3772 5241 Ἀριστοτέλης

2213 5255 2349 5313 εἷναί
2377 5277 2538 5331 φησιν
2565 5260 2774 5332 ἡμέρας
2798 5260 3160 5331 ἑϐδομήκοντα
3189 5260 3279 5313 καὶ
3310 5260 3429 5318 ὃύο’
3458 5260 3548 5314 τὸν
3575 5259 3635 5313 ﬁt
3660 5260 3772 5314 τέτ-

2213 5369 2371 5423 ταρσι
2417 5351 2511 5405 καὶ
2561 5352 2893 5423 πεντήκοντα
2936 5352 3029 5411 καὶ
3072 5352 3406 5427 τριακοσίαις
3453 5355 3519 5423 τῇ
3555 5352 3766 5423 σελήνῃ.

2227 5441 2508 5511 Ἀνάλογον
2533 5443 2588 5497 δὲ
2633 5442 2729 5497 καὶ
2775 5443 2900 5506 τοὺς
2943 5443 3116 5515 μῆνας
3158 5440 3312 5516 ἦγον,
3342 5445 3467 5507 τοὺς
3507 5443 3607 5513 μὲν
3640 5441 3768 5497 κατὰ

2213 5533 2304 5586 τὸν
2329 5531 2498 5602 ἥλιον,
2528 5530 2651 5594 τοὺς
2689 5530 2744 5584 δὲ
2785 5529 2924 5587 κατὰ
2951 5530 3050 5603 τὴν
3097 5531 3322 5603 σελήνην
3344 5545 3358 5559 ·
3390 5527 3684 5583 ὲπέϐαλλόν
3711 5539 3765 5576 τε

2215 5628 2323 5690 τοῖς
2354 5623 2450 5696 μὲν
2478 5624 2762 5701 τριάκοντα
2784 5623 3015 5697 ἡμέρας,
3043 5626 3154 5687 τοῖς
3186 5623 3241 5677 δὲ
3275 5622 3458 5689 πέντε,
3485 5621 3583 5677 καὶ
3605 5619 3662 5676 ιι
3679 5633 3765 5673 νου
