4044 6220
312 312 448 370 H89

1220 302 1570 361 THEODOBI
1603 303 1810 360 GAZIE
1853 300 2055 358 LIBER
2097 299 2183 353 DE
2224 299 2587 357 MENSIBUS.

3402 314 3539 363 H90

312 428 556 491 πλείονος
599 426 708 481 δέοι
737 426 825 480 διὰ
864 426 1123 497 τετάρτου
1157 424 1423 480 ἐνιαυτοῦ.
1450 424 1530 479 Th
1552 425 1597 478 δ’
1626 424 1734 496 ἄρα
1754 423 1871 495 βοή-

1981 419 2123 491 plius
2149 433 2287 491 Opus
2308 431 2443 488 erat,
2476 426 2673 490 quarto
2695 434 2910 491 quoque
2932 434 3095 475 anno.
3132 419 3361 493 Haecque
3382 435 3540 481 erant

311 518 429 575 om
455 514 544 590 ἦν,
573 517 906 572 διατείνουσα
934 518 1032 589 μὲν
1056 518 1117 571 ού
1142 518 1347 590 πόρρω,
1382 518 1540 589 ἱκανὴ
1575 517 1758 586 μέντοι
1801 517 1880 580 είς

310 601 371 663 τὸ
399 608 531 663 αὐτὸ
568 608 1032 671 ἀντικαθιστάναι,
1079 608 1173 662 καὶ
1207 607 1410 680 εἴργειν
1451 610 1509 662 ὲν
1544 611 1658 672 τοῖς
1699 609 1881 673 αὐτοῖς

311 715 413 753 που
441 699 587 770 ὅροις
617 698 744 761 τοὺς
775 698 946 770 μῆνας
968 715 981 726 '
1013 699 1148 769 ἴαμά
1174 715 1231 751 τε
1257 698 1356 769 τῆς
1384 698 1694 770 ἀνωμαλίας
1725 700 1881 767 ἐτύγ-

307 808 470 863 χανεν
494 790 575 854 ὂν,
609 790 685 854 ὡς
723 790 815 843 καὶ
843 790 1182 862 Πλούταρχος
1231 790 1396 858 λέγει,
1433 788 1689 862 μειζόνων
1722 790 1880 860 ίαμά-

310 898 417 936 των
448 880 733 955 δεήσεσθαι
760 880 968 951 μέλλον.
997 883 1211 953 Καῖσαρ
1243 879 1336 935 οὖν
1382 883 1410 934 ὁ
1438 881 1651 952 πρῶτος
1683 898 1879 953 μοναρ-

261 980 265 982 ’
310 975 479 1045 χήσα;
531 973 836 1043 Ῥωμαίων,
879 976 993 1036 τοῖς
1034 973 1276 1045 ἀρίστοις
1326 973 1432 1025 τῶν
1484 971 1877 1044 μαθηματικῶν

310 1063 602 1134 πρόϐλημα
631 1064 758 1134 περὶ
781 1061 969 1115 τούτου
998 1062 1240 1133 προθεὶς,
1279 1063 1342 1115 ἐκ
1373 1062 1480 1116 τῶν
1507 1062 1876 1133 ὑποκειμένων

309 1154 411 1226 ἢδη
458 1153 696 1225 μεθόδων
742 1153 877 1207 ¹ίδίαν
914 1152 1034 1206 τινὰ
1074 1153 1166 1206 καὶ
1213 1151 1645 1226 διηκριϐωμένην
1679 1153 1876 1223 μᾶλλον

309 1246 676 1318 ἐπανόρθωσιν
731 1244 902 1317 ἔμιξε.
959 1244 1184 1298 Δοκοῦσι
1237 1244 1282 1297 δ’
1335 1245 1620 1316 Αἰγύπτιοι
1671 1246 1875 1318 πρῶτοι

313 1338 449 1409 μησὶ
477 1338 783 1410 χρήεασθαι
813 1337 934 1393 καθ’
965 1336 1115 1408 ἦλιον
1143 1339 1623 1411 τριακονθημέροις
1647 1338 1873 1403 δώδεκα,

309 1431 405 1484 καὶ
433 1430 593 1482 πέντε
626 1431 836 1502 ἡμέρας
870 1432 1166 1503 ἐπαγαγεῖν
1194 1436 1313 1488 κατ’
1339 1434 1581 1487 ἐνιαυτὸν
1614 1432 1872 1486 ἕκαστον

309 1523 371 1575 τό
400 1538 459 1575 τε
491 1522 774 1592 ὲπιτρέχον
807 1524 990 1594 μόριον
1023 1525 1121 1595 τῆς
1163 1524 1372 1597 ἡμέρας
1410 1526 1489 1589 είς
1533 1524 1874 1596 ἐκπλήρωσιν

306 1610 401 1666 τοῦ
434 1612 553 1666 ὅλου
584 1611 827 1665 ἐνιαυτοῦ
868 1616 933 1666 ὲκ
965 1614 1226 1685 περιόδων
1269 1615 1523 1668 πλειόνων
1562 1613 1697 1667 ὲτῶν
1735 1614 1872 1667 ἀπο-

306 1703 578 1767 λαϐόντες,
612 1703 895 1758 συνθέσθαι
944 1704 1070 1776 μίαν
1105 1707 1335 1778 ἡμέραν.
1372 1705 1630 1778 Ἕλληνες
1656 1705 1712 1759 δὲ
1741 1704 1871 1776 παρ’

307 1796 530 1850 ἐκείνων
556 1795 688 1850 ἄλλα
728 1812 789 1849 τε
834 1795 1000 1850 πλείω
1036 1796 1145 1850 τῶν
1175 1798 1437 1869 οὐρανίων
1479 1796 1866 1870 θεωρημάτων,

307 1889 401 1942 καὶ
429 1887 600 1942 ταῦτα
634 1888 958 1960 παρέλαϐον,
984 1888 1053 1942 τὰ
1086 1889 1186 1960 μὲν
1213 1889 1754 1962 μεθερμηνευθέντων
1788 1893 1868 1955 είς

306 1978 368 2032 τὸ
405 1979 710 2050 Ἑλληνικὸν
736 1979 843 2033 τῶν
886 1980 1308 2052 ὑπομνημάτων,
1333 1982 1401 2036 τὰ
1437 1981 1493 2035 δὲ
1532 1982 1626 2035 καὶ
1656 1981 1868 2036 συνδια-

305 2069 593 2140 τρίψαντες
619 2074 731 2134 τοῖς
762 2073 878 2125 ἐκεῖ
918 2072 1144 2143 ἱερεῦσι.
1188 2075 1459 2145 περιττοῖς
1483 2068 1600 2126 οὖσι
1637 2072 1734 2145 τὴν
1759 2061 1872 2127 τῶν

305 2161 568 2232 οὐρανίων
607 2164 931 2233 ἐπιστήμην.
975 2164 1233 2218 Πλάτωνα
1269 2164 1396 2233 γοῦν
1432 2165 1561 2233 φασί
1599 2182 1743 2229 τινες
1774 2167 1868 2220 καὶ

304 2251 552 2318 Εὔδοξον,
579 2253 1032 2325 ἀποδημήσαντας
1058 2256 1138 2318 είς
1157 2256 1450 2325 Αἴγυπτον,
1473 2255 1729 2326 ὁμιλῆσαι
1757 2259 1867 2321 τοῖς

308 2344 512 2417 ἱερεῦσι
538 2346 889 2418 τρισκαίδεκα
919 2345 1032 2417 ἔτη.
1074 2347 1384 2411 Μυστικοὺς
1430 2346 1539 2419 γάρ
1578 2348 1735 2408 ὁντας
1777 2347 1868 2401 καὶ

307 2436 748 2508 δυσμεταδότους,
789 2436 895 2490 ἔδει
936 2437 1013 2508 τῷ
1055 2437 1227 2509 χρόνῳ
1265 2438 1360 2491 καὶ
1397 2441 1515 2502 ταῖς
1556 2438 1868 2510 θεραπείαις

306 2527 687 2599 ἐκλιπαρῆσαι,
715 2527 851 2581 ὥστε
882 2528 1002 2582 τινὰ
1040 2527 1147 2583 τῶν
1175 2528 1540 2600 θεωρημάτων
1568 2531 1863 2601 ἱστορῆσαι.

308 2619 489 2672 Ταῦτα
521 2618 619 2689 μὲν
648 2619 788 2672 οὕτω
822 2619 1049 2691 διαιρεῖν
1092 2619 1219 2683 ἴσως
1246 2620 1306 2673 ού
1344 2623 1553 2691 χείρον’
1590 2620 1650 2672 τό
1688 2636 1745 2672 τε
1786 2619 1860 2672 δι-

305 2709 647 2782 ηπορημένον
697 2709 881 2781 φανεὶς
904 2712 933 2763 ὁ
960 2710 1249 2781 ὲμϐόλιμος
1273 2709 1408 2765 λύει.
1443 2710 1552 2781 Kc).
1593 2711 1647 2763 ei.’
1687 2727 1740 2763 τι
1779 2710 1866 2763 διά

309 2801 551 2865 πλείονος
584 2801 664 2855 ἔτι
690 2802 881 2873 χρόνου
911 2801 1288 2871 παραλλάττει,
1316 2801 1459 2864 εἰκὸς
1491 2800 1585 2855 καὶ
1617 2803 1740 2867 τοὺς
1766 2803 1867 2857 πά-

304 2893 397 2946 λαι
428 2893 758 2965 συνορῶντας
793 2894 885 2947 καὶ
916 2891 1072 2946 τοῦτο
1103 2892 1272 2964 δήπου
1310 2892 1754 2967 ἐπανορθοῦσθαι,
1780 2894 1868 2948 ὁτὲ

306 2984 411 3055 μὲν
455 2984 806 3056 μακρότερον,
854 2983 940 3037 ὁτὲ
985 2983 1042 3037 δὲ
1089 2983 1415 3056 βραχύτερον
1459 2986 1547 3038 τὸν
1579 2985 1867 3057 ἐμϐόλιμον

1980 509 2245 575 subsidia,
2289 524 2410 580 qua:
2449 527 2556 565 non
2600 511 2764 568 latius
2793 511 3009 583 quidem
3059 520 3340 582 paterent,
3392 514 3539 570 sum-

1981 602 2178 656 cientia
2209 609 2388 657 tamen
2417 604 2703 659 restituere
2734 619 2948 660 menses
2976 605 3102 668 sibi,
3131 613 3184 661 et
3212 606 3401 662 iisdem
3427 608 3540 664 fere

1980 692 2179 747 finibus
2210 707 2306 747 eos
2337 708 2623 759 coercere;
2662 709 2834 764 eaque
2866 695 3251 765 inaequalitatis
3279 698 3496 753 curatio
3519 738 3535 762 ,

1978 791 2038 838 ut
2088 784 2388 853 majoribus
2443 787 2571 840 olim
2630 785 2883 842 remediis
2932 785 3243 858 indigeret,
3295 789 3535 845 futurum

1975 884 2115 941 erat,
2149 878 2603 947 quemadmodum
2634 878 2798 935 refert
2828 879 3176 936 Plutarchus.
3221 881 3405 939 Caesar
3434 884 3536 939 ita-

1975 984 2103 1039 que,
2143 970 2189 1024 is
2225 970 2318 1038 qui
2367 969 2576 1039 primus
2628 971 2912 1041 imperium
2960 972 3161 1029 invasit
3189 982 3244 1030 et
3274 976 3342 1031 ad
3374 976 3536 1045 cujus

1976 1061 2140 1116 unius
2169 1060 2460 1117 arbitrium
2512 1077 2601 1117 res
2645 1060 2887 1117 Romana
2938 1062 3190 1119 devoluta
3222 1074 3337 1132 est,
3387 1083 3531 1139 quaa-

1974 1153 2155 1208 stioue
2202 1150 2306 1208 hac
2353 1152 2420 1209 de
2453 1168 2513 1209 re
2540 1153 2761 1223 optimis
2793 1154 3194 1214 mathematicis
3222 1160 3531 1229 proposita,

1973 1259 2039 1299 ex
2095 1244 2386 1300 substratis
2433 1244 2547 1314 jam
2604 1245 2707 1300 viis
2766 1247 3223 1319 rationibusque,
3255 1254 3533 1321 propriam

1973 1336 2265 1404 quamdam
2318 1343 2372 1391 et
2402 1338 2743 1392 accuratiore
2788 1352 2922 1392 cura
2955 1340 3316 1411 excogitatam
3351 1358 3535 1398 emen-

1973 1426 2245 1482 dationem
2274 1426 2528 1481 confecit.
2557 1425 2728 1482 Primi
2770 1438 2948 1483 autem
2994 1430 3238 1484 omnium
3290 1429 3532 1502 Egyptii

1969 1518 2043 1573 ad
2079 1519 2248 1574 solem
2279 1518 2565 1575 duodecim
2598 1520 2878 1576 mensibus
2933 1523 3018 1577 usi
3062 1522 3346 1585 videntur.
3379 1533 3433 1579 et
3463 1526 3530 1580 iis

1973 1613 2190 1684 quidem
2248 1614 2555 1671 tricenariis
2586 1656 2601 1682 ,
2663 1622 2717 1670 et
2773 1616 3013 1687 quinque
3064 1617 3180 1674 dies
3239 1621 3533 1688 quotannis

1975 1707 2242 1777 adjecisse
2279 1749 2294 1775 ,
2366 1707 2800 1779 particulamque
2863 1709 2969 1764 diei
3024 1719 3402 1766 excurrentem
3460 1710 3532 1766 ad

1972 1799 2403 1868 supplementum
2446 1800 2613 1855 totius
2638 1799 2787 1863 anni,
2814 1813 2880 1855 ex
2913 1798 3097 1855 multis
3128 1814 3398 1863 annorum
3420 1802 3533 1857 cir-

1964 1889 2209 1945 cuitibus
2237 1898 2574 1954 acervatam,
2614 1891 2676 1944 in
2720 1905 2886 1945 unum
2925 1891 3066 1946 diem
3100 1893 3366 1964 integrum
3393 1909 3529 1951 con—

1965 1980 2183 2050 jecisse.
2215 1982 2387 2038 Graeci
2418 1999 2546 2039 vero
2581 1984 2648 2039 ab
2696 1984 2825 2050 illis,
2857 1999 2979 2038 cum
3015 1985 3119 2040 alia
3150 1989 3412 2055 permulta
3442 2003 3531 2044 re-

1970 2088 2091 2127 rum
2121 2074 2455 2139 cmicstium;
2492 2082 2606 2128 tum
2657 2074 2768 2130 haec
2814 2078 3082 2146 praecipue
3127 2084 3317 2131 mutuo
3369 2093 3528 2135 nece-

1970 2171 2202 2232 perunt;
2234 2163 2428 2233 partim
2462 2165 2727 2220 traductis
2760 2165 2812 2221 in
2845 2166 3082 2236 linguam
3109 2165 3353 2222 Graecam
3376 2184 3525 2223 com-

1966 2254 2283 2319 mentariis;
2315 2254 2511 2324 partim
2536 2270 2660 2310 cum
2681 2270 2869 2310 eorum
2899 2256 3277 2313 sacerdotibus
3300 2258 3527 2323 versati,

1966 2344 2181 2415 egregie
2205 2345 2522 2415 divinarum
2555 2347 2970 2418 ccelestiumque
2998 2348 3349 2404 scientiarum
3376 2352 3523 2419 peri-

1967 2440 2063 2494 tis.
2092 2438 2295 2495 Fernnt
2328 2440 2510 2510 itaque
2538 2441 2842 2506 Platonem,
2893 2451 2945 2496 et
2979 2439 3264 2517 [Eudoxum
3306 2457 3533 2513 peregre

1971 2532 2025 2587 in
2058 2531 2349 2603 IEgyptum
2383 2532 2686 2602 profectos,
2721 2533 2879 2588 annis
2911 2533 3169 2589 tredecim
3199 2536 3339 2604 apud
3358 2533 3530 2607 Egy-

1964 2621 2110 2692 ptios
2163 2621 2475 2676 sacerdotes
2518 2622 2828 2688 mansisse;
2861 2629 3011 2676 tanta
3048 2624 3191 2678 enim
3231 2633 3530 2680 consuetu—

1968 2712 2114 2779 dine,
2138 2719 2355 2783 tamque
2385 2711 2597 2771 diutino
2626 2712 2892 2783 obsequio
2923 2722 3080 2768 erant
3131 2715 3391 2769 exorandi
3415 2753 3431 2779 ,
3474 2724 3529 2770 et

1967 2804 2122 2874 quasi
2150 2803 2494 2860 ehlandiendi
2515 2844 2530 2868 ,
2578 2813 2636 2859 ut
2683 2805 2776 2875 qui
2810 2819 2990 2859 rerum
3021 2818 3346 2859 arcanarum
3377 2814 3529 2859 tena-

1969 2913 2080 2961 ces,
2105 2898 2367 2967 avarique
2400 2896 2718 2966 elargitores
2752 2904 2934 2951 essent
2961 2895 3371 2966 disciplinarum
3401 2912 3529 2952 sua-

1969 3004 2124 3055 rum;
2189 3004 2299 3059 quo
2354 2988 2555 3059 aliquid
2633 2988 2941 3044 ctelestium
3009 2988 3525 3059 contemplationum

306 3074 677 3146 ποιουμένους.
710 3075 781 3128 Τὸ
808 3075 850 3128 δ’
879 3074 1284 3147 ἀκριϐέστατον,
1310 3075 1404 3129 καὶ
1431 3075 1564 3147 μηδὲ
1587 3076 1714 3147 παρ’
1757 3076 1867 3130 ὀλί-

1972 3078 2328 3148 impertirent.
2360 3077 2485 3132 Haec
2517 3091 2646 3131 vero
2678 3077 2751 3130 ita
2792 3075 3147 3147 distinguere,
3198 3083 3255 3129 ut
3287 3074 3485 3145 opinor
3507 3112 3524 3137 ,

300 3180 403 3232 γον
431 3182 481 3217 τι
509 3163 862 3234 πλημμελεῖν,
890 3164 989 3217 ούκ
1010 3163 1282 3234 ἐπιζητεῖν
1304 3164 1413 3217 δεῖ·
1445 3164 1603 3218 ὁπότε
1630 3167 1722 3219 καὶ
1749 3165 1864 3230 νῦν,

304 3256 542 3310 ἐπίδοσιν
571 3255 669 3325 τῆς
711 3254 1065 3328 ἀστρολογίας
1107 3253 1374 3326 τοσαύτην
1400 3253 1690 3327 λαϐούσης,
1721 3256 1869 3325 ὅμως

302 3349 338 3417 ἡ
370 3345 469 3415 τῆς
494 3347 756 3417 κινήσεως
783 3344 1064 3416 ἀνωμαλία
1091 3344 1367 3415 διαφεύγει
1392 3347 1481 3401 τὸν
1502 3346 1678 3415 λόγον,
1714 3363 1867 3418 περι-

300 3437 564 3509 γινομένη
594 3438 691 3507 τῆς
715 3435 821 3489 τῶν
851 3435 1245 3507 μαθηματικῶν
1267 3437 1575 3508 ὲμτυειρίαςο
1606 3436 1715 3501 τὰς
1738 3436 1870 3509 μέν·

300 3544 386 3580 τοι
423 3526 529 3579 τῶν
561 3527 742 3599 μηνῶν
775 3527 1052 3600 περιόδους
1090 3528 1369 3600 ὁμολογεῖν
1412 3530 1531 3591 ταῖς
1571 3527 1740 3602 ὥραις
1784 3527 1870 3581 ἀεὶ

300 3620 450 3672 ποιεῖ
491 3619 520 3671 ὁ
568 3617 857 3689 ὲμϐόλιμος
905 3617 985 3688 τῷ
1028 3619 1195 3690 τρίτῳ
1249 3620 1334 3672 ἀεὶ
1384 3619 1717 3690 ἐπαγόμενος
1761 3618 1868 3675 τῶν

301 3708 464 3762 ἑτῶν.
496 3708 569 3761 Τὸ
594 3708 650 3761 δὲ
687 3708 817 3777 πρὶν
848 3708 1163 3780 έμϐολάσαι,
1202 3711 1293 3763 καὶ
1329 3710 1452 3781 περὶ
1492 3710 1552 3763 τὸ
1574 3709 1870 3781 ὲμϐολάζον

301 3801 438 3854 αύτὸ
481 3800 598 3864 ἔτος
628 3800 917 3871 ύπενεχθέν
955 3820 1013 3855 τε
1060 3803 1151 3856 καὶ
1192 3803 1492 3867 ὲπαλλάξαν
1524 3803 1632 3856 τῶν
1664 3804 1867 3876 μηνῶν⁹

298 3894 386 3946 ἔτι
423 3892 589 3946 δεῖται
635 3892 816 3961 λόγου,
857 3893 973 3957 πῶς
1025 3894 1091 3948 ἂν
1136 3894 1567 3965 ἑρμηνευόμενον
1616 3896 1869 3966 τυγχάνοι

298 3983 398 4037 τοῦ
441 3982 642 4037 ἱκανοῦ.
674 3977 843 4052 Δῆλον
870 3984 998 4055 γάρ,
1025 3984 1105 4037 δτι
1138 3984 1198 4037 τὸ
1222 3984 1515 4055 ὲμϐολάζον
1546 3984 1714 4054 συχνὰ
1741 3986 1869 4057 παρ’

299 4077 402 4129 ἕνα
440 4092 541 4129 που
588 4075 697 4141 ἔξει
740 4076 868 4140 τοὺς
907 4075 1080 4146 μῆνας
1124 4075 1476 4147 ἀνομολὸγους
1521 4077 1639 4140 ταῖς
1679 4074 1866 4147 ὥραις.

303 4168 397 4221 Διὸ
441 4167 534 4220 καὶ
581 4167 943 4238 Θεόφραστος,
980 4187 997 4218 ι
1036 4168 1233 4241 Ἐαρος
1275 4167 1435 4231 εὐθὺς
1463 4168 1746 4237 ἱσταμένου
1774 4167 1870 4220 τοῦ

301 4258 703 4331 Θαργηλιῶνος,
738 4278 756 4308 ι
791 4260 971 4327 φησιν.
998 4258 1073 4321 ὡς
1100 4258 1191 4311 τοῦ
1221 4258 1592 4329 Μουνυχιῶνος
1632 4274 1874 4330 χειμερι-

300 4351 398 4404 νοῦ
448 4350 513 4421 δὴ
545 4349 832 4420 γενομένου
854 4365 867 4378 ·
912 4349 1005 4403 τοῦ
1031 4350 1075 4401 δ’
1104 4348 1397 4422 ἐμϐολίμου
1441 4348 1650 4423 θερινοῦ
1682 4367 1871 4421 τροπι-

1971 3185 2077 3223 ηοιι
2110 3169 2464 3239 improbabile
2494 3175 2618 3222 est:
2652 3174 2764 3221 tum
2815 3166 2961 3236 quod
3006 3166 3149 3221 inest
3178 3165 3360 3230 dubii,
3408 3180 3528 3236 quae

1968 3268 2156 3330 postea
2189 3257 2414 3312 emersit
2440 3256 2778 3311 intercalatio
2809 3254 2992 3309 solvit.
3044 3256 3220 3325 Atque
3267 3252 3428 3308 etiam
3478 3254 3525 3309 si

1968 3347 2098 3420 quid
2130 3348 2374 3418 longiore
2403 3347 2661 3415 temporis
2705 3344 2988 3399 intervallo
3016 3343 3192 3398 adhuc
3236 3343 3523 3405 evariaret,

1969 3440 2226 3496 credibile
2250 3446 2336 3495 est
2383 3440 2465 3493 vel
2508 3438 2762 3507 antiquos
2792 3438 2941 3507 ipsos
2995 3434 3421 3506 perspicientes,
3473 3434 3529 3490 id

1968 3545 2185 3602 quoque
2213 3527 2614 3601 quodammodo
2639 3528 2980 3595 correxisse;
3021 3525 3182 3581 modo
3208 3526 3525 3597 longiorem,

1969 3620 2131 3695 modo
2170 3619 2470 3674 breviorem
2509 3618 2968 3673 intercalationcm
3025 3617 3307 3673 facientes.
3340 3616 3529 3691 Neque

1968 3726 2098 3766 vero
2122 3721 2373 3766 exactam
2406 3712 2461 3765 in
2494 3711 2579 3765 his
2611 3709 2968 3779 diligentiam,
3000 3719 3052 3764 et
3086 3708 3153 3762 ab
3179 3709 3326 3765 omni
3348 3724 3532 3765 errore

1968 3801 2053 3857 vel
2087 3802 2362 3858 levissimo
2395 3809 2564 3854 tutam
2592 3801 2806 3870 exigere
2835 3806 3068 3869 oportet,
3096 3798 3529 3870 quandoquidem

1970 3894 2073 3950 hoc
2099 3909 2312 3965 quoque
2337 3894 2536 3948 saeculo
2561 3931 2576 3957 ,
2630 3907 2738 3961 quo
2787 3891 3078 3961 astrologia
3105 3898 3315 3946 tantum
3348 3892 3530 3946 iners-

1972 3979 2137 4033 menti
2209 3979 2641 4050 praestantiaeque
2699 3978 2892 4048 adepta
2942 3985 3060 4045 est,
3112 3988 3288 4034 tamen
3322 3987 3532 4063 .motus

1970 4072 2302 4143 disparilitas
2324 4072 2829 4127 mathematicorum
2854 4072 3092 4126 rationes
3122 4070 3257 4145 fugit
3285 4090 3299 4128 :
3331 4074 3533 4145 quippe

1971 4180 2091 4235 qua
2117 4168 2364 4235 superior
2396 4168 2468 4219 sit
2498 4180 2686 4220 eorum
2718 4166 2932 4236 peritia.
2994 4165 3101 4222 Sed
3150 4173 3330 4222 tamen
3381 4183 3532 4224 men—

1973 4259 2112 4314 sium
2139 4273 2356 4322 cursus,
2385 4265 2442 4312 ut
2464 4274 2585 4313 cum
2614 4259 2742 4313 anni
2789 4259 3126 4332 temporibus
3159 4275 3372 4332 semper
3398 4275 3529 4317 cnn-

1974 4358 2188 4421 gruant,
2230 4349 2359 4404 facit
2405 4357 2529 4419 pnsl
2561 4350 2776 4404 tertium
2809 4365 3079 4420 quemque
3129 4365 3329 4405 annum
3358 4351 3532 4407 intro~

300 4442 426 4505 κοῦ,
456 4442 488 4512 ἢ
515 4442 605 4495 καὶ
649 4442 1067 4512 περιστήσαντος
1112 4440 1208 4513 τὴν
1246 4442 1451 4513 τροπὴν
1479 4444 1559 4506 εἰς
1591 4441 1871 4513 ἱστάμενόν

1974 4441 2135 4496 ducta
2176 4441 2532 4496 interealatio.
2576 4439 2845 4498 Ceterum
2878 4440 3132 4497 confusio
3163 4441 3276 4506 illa,
3307 4450 3361 4496 et
3383 4457 3533 4513 men-

303 4552 413 4587 που
452 4533 544 4587 τὸν
577 4532 1020 4605 Ἑκατομϐαιῶνα
1039 4549 1054 4564 ·
1086 4532 1241 4587 τοῦτο
1268 4534 1366 4605 μὲν
1410 4530 1501 4588 οὖν
1530 4534 1604 4607 μὴ
1637 4534 1869 4607 συμϐαί-

303 4642 420 4679 νειν
443 4625 540 4696 οὐχ
570 4619 678 4677 οἷόν
705 4625 763 4678 τέ
795 4627 926 4678 ἐστι.
971 4624 1067 4678 Διά
1096 4626 1204 4696 γὰρ
1234 4624 1391 4679 τοῦτο
1412 4626 1505 4679 καὶ
1531 4628 1559 4678 ὁ
1581 4626 1871 4696 ὲμϐόλιμος

302 4718 591 4785 ἐπάγεται,
639 4714 964 4789 ἀναπληρῶν
1002 4716 1064 4770 τὸ
1107 4716 1300 4781 ἐνδεὲς,
1348 4718 1441 4770 καὶ
1491 4719 1570 4783 είς
1607 4719 1870 4788 Ἑκατομ-

301 4806 517 4861 ϐαιῶνα
554 4806 651 4870 τὰς
697 4807 901 4878 τροπάς
931 4805 1315 4869 ἀποκαθιστάς.
1365 4807 1475 4877 Τὴν
1505 4807 1551 4859 δ’
1581 4807 1872 4880 ἑρμηνείαν

302 4897 561 4968 ποιητέον
621 4896 710 4950 ἐπὶ
756 4895 863 4948 τῶν
913 4894 1053 4949 οὕτω
1106 4895 1579 4967 χρονολογούντων,
1631 4895 1873 4967 στοιχείῳ

302 4989 623 5061 χρωμένους
648 4988 725 5060 τῷ
754 4989 977 5059 παρόντι
999 4988 1086 5041 ἀεὶ
1108 4986 1351 5059 τροπικῷ
1378 4987 1507 5059 μηνὶ
1530 4989 1623 5041 καὶ
1642 4988 1719 5057 τῷ
1748 4987 1872 5059 ἑξῆς

300 5082 421 5135 τῶν
466 5082 647 5154 μηνῶν
680 5082 821 5135 κατα
858 5080 927 5134 τά
975 5079 1316 5135 ύποτεθέντα.
1351 5074 1475 5133 Οἴον
1517 5080 1704 5152 ἐπειδὴ
1746 5080 1872 5135 Θεό-

303 5191 571 5246 ᾳραστος,
595 5193 613 5224 ι
639 5176 837 5245 ’Ἄκρου
871 5173 1049 5243 ἔαρος,
1089 5171 1249 5236 εὐθὺς
1288 5172 1576 5242 ἱσταμένου
1602 5172 1696 5226 τοῦ
1727 5174 1869 5243 Θαρ-

300 5265 595 5336 γηλιῶνος,
634 5283 652 5316 ι
699 5267 850 5336 φησὶ,
879 5263 1340 5334 μεθερμηνευτέον
1369 5262 1633 5335 Μαρτίου.
1670 5264 1763 5317 καὶ
1799 5264 1872 5336 μὴ

318 5355 616 5426 ’Δπρίλιος.
654 5356 820 5409 Πάλιν
850 5352 1395 5426 ἑπειδὴλθουκυδίδης
1440 5354 1875 5426 Ἐλαφηϐολιῶνα

300 5448 615 5503 τελευταῖον
664 5451 804 5520 μῆνα
829 5450 936 5521 τῶν
967 5446 1290 5519 χειμερινῶν
1330 5442 1466 5500 εἶναί
1500 5465 1651 5519 φησι,
1689 5448 1873 5503 τοῦτον

307 5543 415 5612 μὲν
444 5541 802 5614 Φεϐρουάριον
843 5539 1200 5613 ἑρμηνευτέον
1220 5558 1232 5571 ·
1264 5539 1353 5592 τὸν
1384 5539 1428 5592 δ’
1461 5541 1681 5595 ἐπιόντα
1730 5542 1875 5596 Μου-

303 5632 548 5704 νυχιῶνα
570 5632 750 5687 θετέον
776 5634 931 5706 ἔαρος
957 5626 1095 5687 εἶναι
1117 5630 1305 5705 ἀρχὴν,
1330 5632 1422 5684 καὶ
1443 5631 1684 5701 Μάρτιον
1710 5650 1873 5703 μετα-

304 5720 583 5777 φεαστέον
629 5720 894 5785 Λατίνοις.
964 5721 1123 5775 Ὥστε
1169 5720 1232 5789 δὴ
1288 5722 1381 5774 καὶ
1435 5721 1715 5792 συμϐαίνει
1782 5723 1873 5778 δύο

1977 4534 2116 4589 sium
2154 4533 2522 4589 inconstantia
2552 4548 2686 4604 vaga
2723 4534 2864 4605 (quae
2899 4532 3000 4588 fuit
3029 4533 3180 4603 prius
3209 4533 3425 4590 inventa
3450 4534 3535 4590 in-

1975 4623 2345 4689 tercalatione,
2378 4632 2541 4694 atque
2566 4626 2730 4679 etiam
2760 4632 2883 4696 post
2906 4625 3202 4697 inventam)
3232 4625 3412 4683 adhuc
3440 4643 3536 4684 ex-

1976 4714 2267 4786 plicatione
2301 4715 2539 4784 indiget,
2581 4731 2817 4785 quonam
2858 4724 3020 4789 pacto
3068 4717 3356 4774 transferri
3384 4733 3535 4774 como

1976 4806 2137 4861 mode
2180 4807 2375 4878 possit.
2421 4807 2647 4863 Constat
2679 4811 2824 4864 enim
2859 4809 3033 4879 ipsam
3067 4810 3535 4867 intercalationem

1977 4899 2216 4954 alternos
2253 4899 2365 4955 fere
2418 4914 2634 4955 menses
2685 4914 2808 4954 cum
2863 4901 3198 4970 temporibus
3249 4904 3376 4958 anni
3426 4918 3537 4959 non

1978 4998 2346 5061 competentes
2375 5006 2516 5061 saepe
2545 4989 2871 5046 habituram.
2908 4990 2983 5045 Ex
3029 5006 3138 5063 quo
3169 4993 3329 5047 etiam
3358 4992 3538 5049 Theo-

1978 5083 2233 5154 phrastus
2255 5083 2450 5153 inquit,
2482 5100 2499 5132 ι
2528 5097 2654 5137 vere
2675 5082 2856 5137 statim
2887 5082 3264 5154 Thargelionis
3284 5084 3478 5141 initio:
3511 5105 3530 5136 ι

1977 5179 2132 5246 quasi
2164 5172 2508 5245 Munychioni
2526 5173 2785 5229 hibernus
2818 5173 2983 5229 fuerit
3009 5176 3383 5232 :intercalaris
3412 5191 3543 5232 vero

1977 5264 2200 5319 aestivus
2231 5264 2494 5335 trepicus,
2524 5263 2605 5318 vel
2636 5270 2783 5319 certe
2806 5264 2864 5319 in
2915 5264 3206 5321 instantem
3252 5266 3403 5336 161
3438 5264 3540 5322 He—

1979 5357 2396 5411 catombaeonem
2428 5356 2717 5412 solstitium
2745 5357 3123 5428 circumagens
3154 5377 3167 5415 :
3199 5358 3342 5429 quod
3374 5358 3542 5413 inter-

1981 5447 2106 5501 dum
2135 5464 2242 5503 non
2273 5449 2586 5519 contingere
2618 5464 2726 5505 non
2755 5456 2952 5520 potest.
2992 5448 3128 5505 Nam
3150 5458 3436 5522 propterea
3456 5450 3543 5506 in-

1969 5538 2261 5610 tercalatio
2300 5537 2514 5593 inducta
2571 5548 2696 5604 est,
2750 5549 2808 5615 ut
2844 5541 3112 5598 defectum
3163 5541 3371 5597 dierum
3419 5556 3544 5613 sup-

1980 5631 2158 5698 pleat,
2213 5639 2266 5683 et
2312 5630 2368 5683 in
2433 5629 2934 5691 llecatombaeonem
2988 5634 3217 5691 solstitia
3269 5634 3537 5691 restituat.

1978 5717 2148 5775 Porro
2177 5718 2231 5774 in
2259 5719 2345 5777 his
2366 5722 2457 5795 qui
2502 5722 2582 5780 sic
2607 5722 2837 5782 indicem
2867 5731 3170 5797 temporum
3210 5726 3539 5782 notationem
