4044 6220
581 284 712 341 ίιοι

1552 274 1639 331 ΔΙ)
1678 270 1940 330 EUSSBll
1976 271 2365 330 CHRONICON
2408 268 2768 327 APPENDIX.

3658 266 3792 323 H9!

580 396 847 455 scribunt.
876 391 1252 462 interpretatio
1297 391 1398 445 hoc
1431 397 1591 460 pacto
1625 386 1872 442 facienda
1914 394 2035 450 est,
2088 391 2147 438 ut

2252 382 2597 453 ίσημερινοὺς
2669 375 2806 436 εἶναι
2858 381 3137 452 ἐαρινοὺς,
3189 379 3547 451 Μουνυχιῶνα
3600 397 3661 434 τε
3718 384 3812 435 καὶ

580 482 834 557 praesenti
874 496 1087 552 semper
1117 481 1329 551 tropico
1363 494 1463 550 pro
1494 475 1850 533 fundamento
1881 483 2099 529 utamur
2119 514 2135 540 ,

580 587 634 634 et
667 576 933 632 mensium
964 576 1106 630 serie
1136 574 1225 629 illa
1249 586 1409 645 quant
1456 584 1619 642 supra
1648 569 1946 640 posuimus.
1981 566 2139 622 Verbi

580 668 789 737 gratia:
822 665 1041 735 quando
1080 663 1487 733 Theophrastus
1519 678 1542 714 ‹
1581 673 1795 716 summo
1819 673 1982 725 vere,
2034 664 2139 713 sta-

584 760 678 814 tim
703 760 941 815 instante
968 756 1328 828 Thargelione
1357 774 1377 807 ι
1405 773 1419 809 :
1454 753 1608 816 dicit.
1642 766 1831 808 mense
1851 749 2066 813 Martio,
2085 756 2141 806 et

581 866 689 904 non
736 849 928 920 Aprili,
968 845 1434 917 interpretandum
1485 853 1587 900 est.
1643 841 1880 897 Rursum
1921 837 2140 910 quando

584 940 928 1014 Thucydides
953 938 1425 1011 Elaphebolionem
1461 951 1581 992 esse
1603 935 1734 990 dicit
1758 933 2006 988 ultimum
2028 932 2142 987 hie-

583 1036 806 1090 malium
835 1034 1122 1097 mensium,
1154 1031 1301 1085 hunc
1336 1029 1554 1100 quidem
1590 1027 1944 1089 Februarium
1973 1041 2139 1096 opor-

583 1138 659 1184 tet
717 1124 1089 1196 interpretari;
1153 1121 1452 1179 secundum
1508 1136 1667 1192 quem
1726 1120 1870 1176 veris
1926 1119 2138 1174 initium

585 1220 909 1292 Munychion
965 1214 1378 1271 constituendus
1398 1253 1414 1276 ,
1472 1223 1525 1269 et
1564 1212 1771 1269 Latinis
1800 1212 2027 1268 Martius
2055 1218 2139 1268 est

584 1311 1010 1368 transferendus.
1046 1308 1119 1363 Ex
1151 1322 1258 1379 quo
1280 1322 1410 1363 sane
1439 1307 1702 1379 contingit
1722 1305 1858 1361 duos
1886 1320 2009 1361 esse
2028 1319 2144 1359 ver-

583 1422 683 1463 nos
705 1402 1132 1476 aequinoctiales,
1164 1400 1580 1473 Munychionem
1606 1406 1660 1455 et
1687 1397 2137 1468 Thargelionem;

582 1508 637 1557 et
656 1499 794 1554 duos
816 1496 1180 1560 autumnales,
1226 1493 1671 1551 Boedromionem
1726 1498 1782 1546 et
1840 1491 2142 1545 Mamacte-

585 1594 792 1648 rionem
821 1609 833 1644 :
871 1588 1229 1657 similiterque
1250 1584 1561 1641 solstitiales
1581 1583 1719 1638 duos
1746 1583 1960 1638 aestivos
1981 1622 1996 1644 ,
2036 1580 2143 1636 He-

583 1684 1005 1740 catombaaonem
1028 1687 1081 1736 et
1111 1678 1517 1742 intercalarem;
1549 1675 1952 1745 brumalcsque,
1985 1672 2143 1728 Posi-

585 1776 811 1833 dconem
838 1781 893 1829 et
920 1770 1306 1827 Gamelionem.
1363 1768 1536 1835 Quam
1568 1767 1640 1822 ob
1669 1782 1783 1822 rem
1820 1764 2141 1820 Aristoteles

586 1870 760 1940 inquit
791 1886 805 1923 :
848 1886 867 1919 ι
907 1864 1116 1921 Gallina
1137 1863 1354 1934 quidem
1381 1861 1522 1931 parit
1554 1858 1807 1915 omnibus
1835 1858 1962 1913 anni
2000 1865 2140 1912 tem-

585 1959 830 2031 poribus,
860 1954 1101 2024 exceptis
1125 1953 1339 2008 duobus
1370 1950 1648 2006 mensibus
1678 1950 1733 2004 in
1762 1948 1940 2003 hieme
1969 1946 2143 2018 tr0pi-

585 2050 687 2104 cis.
732 2067 751 2100 ι
780 2046 846 2101 Ει
870 2046 926 2101 in
972 2042 1385 2113 Meteorologicis
1423 2040 1614 2095 scribit
1643 2038 1895 2093 crinitam
1929 2038 2140 2093 stellam

586 2141 656 2195 ad
682 2137 880 2194 Ursam
907 2135 1225 2206 apparuisse
1247 2147 1431 2188 mense
1461 2129 1794 2197 Gamelione,
1844 2130 1960 2186 sole
1999 2132 2143 2188 circa

2236 471 2592 543 Θαργηλιῶνα
2609 488 2623 503 ι
2653 472 2745 527 καὶ
2771 473 3193 544 φθινοπωρινοὺς
3219 471 3810 545 δύοΜαιμακτηριῶνα

2238 566 2331 620 καὶ
2376 566 2759 638 Βοηδρομιῶνα
2782 582 2796 596 ·
2845 566 2922 629 ὼς
2969 565 3013 618 δ’
3062 564 3241 629 αὕτως
3268 566 3364 619 καὶ
3399 567 3692 636 τροπικοὺς
3719 565 3811 618 δύο

2238 658 2516 731 Θερινοὺς,
2552 658 3009 729 Ἑκατομϐαιῶνα
3058 660 3150 713 καὶ
3196 660 3286 713 τὸν
3335 658 3666 730 ἐμϐόλιμον⁶
3720 660 3806 711 καὶ

2236 752 2614 824 χειμερινοὺς,
2674 750 3011 806 Ποσειδεῶνα
3071 752 3166 805 καὶ
3224 751 3568 823 Γαμηλιῶνα.
3611 750 3814 822 Διόπερ
3898 814 3903 819 ,

2250 842 2641 914 Ἀριστοτέλης,
2678 860 2697 893 ι
2740 842 2806 895 Ἠ
2838 841 3140 914 ἀλεκτορὶς,
3182 862 3201 894 ι
3242 844 3392 913 φησὶ,
3432 861 3451 894 ¢
3480 843 3662 895 τίκτει
3697 841 3813 895 ὅλον

2237 935 2329 988 τὸν
2383 934 2646 997 ἐνιαυτὸν,
2701 933 2804 998 ἔξω
2846 932 2940 987 δύο
2990 933 3173 1005 μηνῶν
3212 934 3321 988 τῶν
3361 936 3419 988 ἐν
3462 932 3543 1004 τῷ
3581 932 3812 1003 χειμῶνι

2239 1027 2544 1100 τροπικῶν·
2586 1046 2605 1078 ι
2651 1026 2828 1080 καὶτὸ
2870 1027 2927 1079 ἐν
2983 1028 3096 1089 τοῖς
3140 1024 3677 1094 Μετειυρολογικοῖς
3724 1027 3811 1078 ὅτε

2239 1119 2455 1189 ἐγένετο
2492 1120 2738 1191 κομήτης
2765 1116 2940 1189 ἀστὴρ
2970 1116 3104 1188 πρὸς
3124 1118 3378 1188 Ἄρκτον,
3415 1116 3582 1188 μηνὸς
3624 1116 3813 1187 Γαμη-

2239 1212 2448 1277 λιῶνος,
2481 1214 2606 1283 περὶ
2627 1210 2832 1282 τροπὰς
2861 1210 3013 1274 ὄντος
3036 1208 3130 1263 τοῦ
3152 1210 3304 1282 ἡλίου
3332 1210 3674 1281 χειμερινάς.
3707 1209 3814 1262 Καὶ

2252 1302 2700 1376 Ἀνθεστηριῶνος
2727 1303 2783 1356 δὲ
2819 1302 3001 1371 ἅψαιτ’
3041 1302 3107 1357 ἄν
3161 1320 3291 1355 ποτε
3323 1305 3355 1372 ἡ
3392 1304 3568 1375 τροπὴ
3617 1304 3813 1374 λήγον-

2239 1415 2348 1462 τος.
2397 1396 2534 1451 Ἀλλ’
2574 1397 2630 1449 οἵ
2669 1413 2734 1464 γε
2777 1394 3160 1466 ὀνομαζόμενοι
3210 1395 3461 1466 τροπικοὶ
3509 1395 3813 1466 χειμερινοὶ

2238 1494 2332 1548 δύο
2360 1493 2409 1547 οἱ
2443 1491 2718 1565 εἰρημένοι
2754 1488 2910 1544 εἰσίν.
2953 1487 3160 1552 Ἀπλῶς
3194 1488 3374 1559 μέντοι
3405 1487 3599 1559 Θέρους
3639 1488 3814 1559 ἀρχὴν

2241 1584 2577 1657 ὑποληπτέον
2610 1578 2747 1636 εἶναι
2781 1583 2869 1636 τὸν
2908 1580 3369 1650 Ἑκατομϐαιῶνα,
3410 1580 3504 1632 καὶ
3550 1580 3815 1647 τροπικὸν

2241 1675 2448 1747 θερινόν
2469 1691 2483 1707 ο
2521 1674 2778 1743 ἀνάλογον
2810 1673 2867 1726 δὲ
2911 1672 3002 1726 καὶ
3051 1671 3177 1734 τοὺς
3224 1670 3432 1734 ἀλλους.
3468 1673 3558 1722 Δεῖ
3589 1670 3710 1742 γὰρ
3746 1675 3815 1741 μὴ

2240 1767 2303 1822 τό
2342 1766 2654 1838 συμϐαῖνον,
2709 1764 2841 1818 ἀλλὰ
2875 1764 2935 1817 τὸ
2982 1762 3347 1835 σκοπούμενον
3387 1763 3701 1833 λαμϐάνειν
3744 1763 3816 1833 τῷ

2242 1860 2403 1931 λόγῳ.
2437 1858 2663 1931 Εἴρηται
2708 1856 2836 1928 γοῦν
2877 1858 2972 1910 καὶ
3004 1859 3061 1911 ἐν
3104 1860 3214 1921 τοῖς
3248 1857 3537 1924 Φυσικοῖς
3563 1857 3681 1911 τῶν
3735 1857 3817 1909 λόο

2242 1970 2373 2023 γων,
2406 1953 2481 2015 ὡς
2501 1951 2580 2004 δεῖ
2606 1951 2833 2005 ἕκαστον
2860 1949 3037 2019 λέγειν
3072 1951 3225 2004 τοῦτο
3258 1945 3417 2012 εἶναι,
3443 1949 3472 2001 ὃ
3497 1949 3668 2018 φύσει
3700 1949 3815 2020 βού-

2242 2045 2391 2098 λεται
2420 2037 2577 2107 εἶναι,
2608 2041 2750 2096 καὶὸ
2780 2041 3009 2113 ὑπάρχει
3029 2056 3046 2072 ⁶
3075 2041 3208 2095 ἀλλὰ
3236 2041 3307 2113 μὴ
3340 2041 3369 2094 ὃ
3402 2041 3494 2114 βίᾳ
3540 2042 3636 2095 καὶ
3667 2042 3814 2112 παρά

2244 2152 2426 2205 φυσιν.

586 2234 833 2289 brumam
894 2230 1205 2285 exsistente.
1266 2227 1442 2296 Atque
1501 2210 1664 2281 etiam
1713 2224 2147 2286 Anthesterionis
2195 2237 2524 2301 postremam
2587 2238 2794 2300 partem
2844 2226 3135 2299 aliquando
3178 2226 3472 2284 solstitium
3519 2227 3811 2283 hibernum

586 2332 764 2394 potest
792 2323 1070 2393 attingere.
1101 2320 1203 2377 Sed
1233 2336 1371 2392 quos
1402 2320 1638 2391 tropicos
1667 2319 1924 2377 hiemales
1955 2324 2260 2391 nominant,
2290 2331 2417 2381 sunt
2468 2325 2520 2379 hi
2559 2324 2776 2395 quidem
2820 2323 2929 2377 duo
2967 2332 3094 2379 ante
3138 2323 3411 2394 erplicati.
3471 2322 3811 2378 Sumendum

584 2425 669 2472 est
696 2426 873 2472 tamen
899 2417 1236 2488 simpliciter,
1262 2415 1756 2472 Hecatombaeonem
1786 2432 1909 2473 esse
1934 2421 2140 2477 aestatis
2164 2421 2509 2492 principium,
2537 2430 2589 2476 et
2615 2420 2954 2475 solstitialem
3004 2421 3255 2475 aestivum
3274 2460 3289 2485 ,
3335 2428 3388 2475 et
3444 2419 3696 2490 reliquos
3740 2420 3814 2474 si-

587 2511 700 2564 mili
733 2510 988 2580 deinceps
1020 2510 1249 2565 ratione.
1305 2508 1381 2564 De
1424 2508 1588 2564 rebus
1645 2510 1790 2565 enim
1841 2512 2284 2583 contingentibus
2310 2513 2470 2584 ,nulla
2519 2512 2659 2568 ratio
2707 2511 2942 2567 ineunda
2989 2519 3112 2575 est,
3175 2511 3270 2567 sed
3321 2511 3388 2568 de
3448 2511 3715 2583 spectatis
3763 2519 3813 2565 et

588 2607 781 2662 solitis.
828 2606 961 2659 Nam
1019 2606 1071 2659 in
1105 2604 1343 2675 Plzysicis
1373 2604 1575 2659 dictum
1619 2612 1721 2668 est,
1765 2622 2032 2678 quemque
2061 2620 2308 2680 oportere
2346 2607 2528 2665 dicere
2548 2608 2601 2663 id
2627 2623 2767 2675 esse,
2805 2605 2949 2678 quod
2978 2616 3170 2661 natura
3208 2622 3328 2663 esse
3348 2608 3553 2679 expetit
3595 2615 3649 2663 et
3695 2615 3812 2672 est;

588 2712 698 2752 non
730 2695 872 2766 quod
903 2696 953 2749 vi
980 2702 1033 2750 et
1075 2706 1269 2766 prxrter
1297 2702 1567 2749 naturam.

659 2793 950 2864 Dionysius
967 2807 1093 2847 vero
1117 2792 1182 2845 ab
1200 2790 1415 2861 Ephoro
1442 2800 1739 2859 mutuatus,
1759 2793 1890 2849 dicit
1913 2794 1954 2847 Τ
1962 2797 2145 2867 harge—

589 2887 734 2941 liene
752 2892 1113 2956 expugnatum
1133 2883 1307 2939 Ilium.
1327 2884 1468 2949 Quin
1495 2892 1548 2939 et
1570 2883 1889 2941 Plutarchus
1914 2887 1966 2940 in
1996 2885 2145 2941 Furii

587 2975 803 3031 Camilli
853 2977 983 3041 vita,
1015 2974 1288 3043 Ephorum
1328 2973 1443 3029 haec
1493 2975 1778 3045 scripsisse
1816 2975 2011 3043 refert;
2051 2992 2150 3031 nec

2321 2790 2589 2855 Διονύσιος
2616 2791 2671 2843 δὲ
2700 2792 2827 2862 παρ’
2861 2789 3082 2874 Ἐφόρου
3128 2789 3362 2861 εἰληφὼς
3395 2791 3565 2860 λέγει,
3595 2792 3817 2866 Θαργη-

2252 2883 2440 2948 λιῶνος
2491 2882 2692 2936 ἁλῶναι
2744 2882 2802 2935 τὸ
2830 2881 3011 2937 Ἴλιον.
3062 2881 3397 2953 Πλούταρχος
3448 2884 3582 2952 γοῦν
3632 2888 3696 2939 ἐν
3744 2886 3816 2957 τῷ

2253 2975 2475 3047 Φουρίου
2501 2972 2778 3043 Καμίλλου
2812 2971 2910 3043 βίῳ
2939 2972 3169 3044 Ἔφορον
3190 2973 3631 3045 ἀναγεγραφέναι
3667 2976 3817 3030 τοῦτο

588 3083 718 3123 vero
739 3087 757 3119 ι
778 3066 1155 3138 septemdecim
1181 3065 1373 3123 diebus
1394 3076 1518 3123 ante
1545 3069 1789 3123 aestivum
1809 3070 2103 3125 solstitium
2126 3090 2143 3123 ι

2252 3083 2413 3138 φησιν
2436 3083 2450 3098 ο
2482 3065 2541 3119 οὐ
2575 3065 2681 3137 μὴν
2726 3064 2782 3117 δὲ
2821 3065 2913 3118 καὶ
2936 3083 2960 3123 ,ι
3002 3065 3260 3136 πρότερον
3295 3067 3669 3122 ἑπτακαίδεκα
3702 3070 3817 3140 ἡμέ-

590 3159 722 3215 dicit
750 3168 1027 3215 :et-tamen
1046 3158 1403 3229 Thargelione
1426 3160 1587 3216 etiam
1616 3161 1704 3216 ille
1726 3160 1876 3216 dicit.
1896 3161 1951 3215 Si
1975 3160 2153 3234 Epho-

590 3268 689 3308 rus
711 3252 897 3323 igitur,
929 3266 1054 3307 cum
1085 3252 1224 3322 apud
1257 3268 1315 3308 se
1340 3268 1446 3307 non
1464 3260 1631 3316 esset,
1671 3253 1871 3323 alioqui
1903 3253 2151 3310 dicturus

594 3346 1053 3418 Scirophorionc,
1097 3346 1318 3416 scripsit
1360 3345 1753 3417 Thargelione;
1802 3346 2149 3418 quemadmo—

593 3438 722 3492 dum
752 3439 879 3492 item
902 3438 957 3492 in
987 3437 1110 3491 aliis
1141 3452 1239 3507 pro
1258 3434 1433 3492 Iberia
1463 3452 1568 3491 non
1594 3436 1907 3506 paenitenda
1931 3437 2152 3508 regio'ne

594 3529 860 3598 Europae,
902 3529 1177 3585 civitatem
1225 3529 1515 3599 quamdam
1548 3527 1776 3586 lberiam
1821 3545 1941 3585 esse
1985 3529 2150 3596 dicit;

594 3625 725 3681 boni
754 3625 1025 3688 consulat,
1058 3622 1203 3694 quod
1230 3639 1343 3678 non
1368 3622 1801 3694 reprehendatur
1832 3624 1923 3694 qui
1954 3624 2038 3679 sui
2067 3639 2153 3678 re-

596 3715 961 3788 prehendendi
995 3729 1181 3769 ansam
1212 3714 1441 3779 dederit,
1480 3728 1706 3784 eamque
1739 3714 2149 3783 amplissimam.

595 3807 751 3876 Quod
790 3808 837 3862 si
863 3805 999 3861 forte
1028 3807 1212 3861 nescio
1233 3805 1358 3875 quis
1388 3805 1601 3875 ineptus
1634 3805 1869 3875 scriptor
1896 3804 2153 3859 mendose

596 3896 902 3967 scripserit,
940 3914 958 3947 ι
997 3893 1382 3965 Thargelione,
1424 3911 1442 3945 ι
1478 3907 1575 3963 pro
1606 3909 1624 3943 ι
1654 3890 2095 3962 Scirophorione,
2129 3909 2148 3941 ι

596 3997 657 4045 ut
683 3986 795 4044 fere
825 3988 883 4042 lit
919 3987 972 4041 in
1002 3986 1150 4053 aliis,
1172 3994 1226 4041 et
1256 3983 1558 4055 praesertim
1585 3984 1639 4039 in
1679 3984 1747 4039 iis
1774 3999 1894 4054 quae
1915 3990 2154 4054 quaestus

595 4080 766 4153 gratia
788 4079 1107 4135 scribuntur
1135 4094 1165 4132 a
1190 4077 1497 4148 bibliOpolis
1522 4076 1670 4148 (nam
1708 4076 1800 4146 qui
1845 4074 2155 4145 hujusmodi

595 4187 788 4244 operas
817 4171 1155 4234 conducunt,
1178 4170 1470 4240 imperitis,
1501 4169 1873 4238 oblatitiisque
1895 4175 1948 4223 et
1970 4167 2155 4223 trivia-

596 4266 742 4321 libus
773 4262 1135 4333 scriptoribus
1163 4258 1436 4329 utuntur);
1472 4259 1553 4314 sic
1584 4259 1772 4314 insons
1798 4257 2017 4328 quidem
2046 4256 2157 4312 fue-

596 4357 671 4412 rit
693 4354 942 4426 Ephorus
980 4372 995 4407 :
1036 4358 1090 4407 et
1116 4351 1239 4421 jure
1264 4348 1543 4418 culpandi,
1575 4350 1666 4419 qui
1690 4347 2021 4419 exemplaria
2046 4362 2152 4401 non

2254 3177 2375 3232 ραις
2396 3158 2494 3229 τῆς
2518 3157 2728 3228 θερινῆς
2748 3156 2954 3229 τροπῆς
2981 3174 3001 3210 ι
3032 3155 3206 3226 λέγει’
3231 3157 3344 3212 ἀλλ’
3382 3155 3475 3213 οὖν
3498 3159 3818 3231 Θαργηλιῶο

2252 3274 2339 3320 νος
2380 3256 2625 3318 κάκεῖνός
2677 3270 2860 3325 φησιν.
2901 3255 2964 3307 Εἰ
3000 3253 3097 3325 μὲν
3135 3249 3227 3307 οὖν
3253 3256 3506 3327 Ἔφορος,
3556 3258 3815 3328 Σκιροφο-

2253 3348 2443 3421 ριῶνος
2473 3349 2635 3417 φάναι
2675 3346 3009 3418 βουλόμενος,
3043 3340 3163 3399 εἶπε
3200 3345 3297 3417 (μὴ
3325 3346 3476 3410 ἐντὸς
3502 3345 3581 3399 ῶν
3635 3348 3816 3413 αὑτοῦ)

2250 3440 2646 3513 θαργηλιῶνος,
2679 3438 2865 3510 ῶσπερ
2901 3440 2958 3491 ἐν
2994 3437 3173 3502 ἄλλοις
3211 3434 3277 3492 αὖ
3310 3439 3429 3492 ἀντὶ
3462 3439 3709 3510 Ἰϐηρίας
3727 3441 3820 3510 τῆς

2252 3533 2388 3587 κατά
2414 3532 2510 3604 τὴν
2542 3530 2807 3605 Εὐρώπην
2831 3531 3093 3602 μεγίστης
3118 3529 3322 3603 χώρας,
3356 3531 3511 3585 πόλιν
3537 3528 3684 3586 εἷναί
3709 3551 3820 3587 τινα

2250 3624 2349 3694 τὴν
2386 3623 2621 3695 Ἰϐηρίαν
2663 3624 2851 3693 φησίν·
2889 3623 3153 3691 ἀγαπάτω
3188 3622 3350 3694 μηδὲν
3393 3623 3818 3694 ἐπιτιμῶμενος.

2255 3710 2449 3781 σκῆψιν
2485 3712 2843 3782 ἐπιτιμήσεως
2873 3713 2965 3765 καὶ
3010 3710 3156 3765 ταῦτ’
3188 3713 3248 3764 ού
3298 3712 3501 3783 μικρὰν
3543 3714 3819 3778 δεδωκώς’

2253 3804 2300 3855 εί
2325 3802 2367 3855 δ’
2395 3802 2505 3875 ἄρα
2541 3820 2622 3866 τις
2662 3802 2767 3855 τῶν
2803 3802 3021 3870 φαύλων
3051 3804 3293 3875 γραφεὺς
3333 3803 3658 3875 διήμαρτεν,
3708 3808 3824 3860 ἀντὶ

2259 3911 2275 3942 ι
2297 3892 2718 3965 Σκιροφοριῶνος
2730 3893 3237 3966 β--ιΘαργηλιῶνος
3258 3915 3275 3946 ι
3297 3896 3641 3967 μεταϐαλὼν,
3659 3897 3824 3953 καθά-

2253 4002 2360 4056 περ
2395 3986 2488 4038 καὶ
2521 3987 2607 4040 ἐπ’
2658 3984 2829 4039 ἄλλων
2866 3986 3167 4057 συμϐαίνει,
3207 3987 3300 4041 καὶ
3331 3987 3566 4058 μάλιστα
3607 3992 3823 4045 ἐπὶτῶν

2253 4079 2331 4141 εἰς
2362 4079 2559 4149 πρᾶσιν
2590 4077 2945 4150 γραφομένων
2990 4080 3100 4142 τοῖς
3145 4078 3527 4150 βιϐλιοπώλαις
3562 4082 3822 4153 (χρῶνται

2254 4169 2361 4242 γὰρ
2403 4169 2623 4236 φαύλοις
2668 4172 2762 4224 καὶ
2813 4173 2923 4233 τοῖς
2961 4170 3179 4241 τυχοῦσι
3214 4173 3557 4245 γραφεῦσιν)·
3587 4175 3823 4247 Ἔφορος

2256 4261 2355 4332 μὲν
2376 4260 2612 4325 ἀναίτιος
2634 4260 2708 4325 ὡς
2735 4260 2799 4314 ἂν
2832 4259 2917 4331 εἴη
2935 4280 2948 4292 ·
2982 4261 3283 4316 αἰτιάσαιτο
3314 4263 3359 4315 δ’
3384 4263 3448 4318 ἄν
3475 4281 3549 4327 τις
3579 4265 3705 4327 τοὺς
3742 4266 3825 4336 μὴ

2254 4351 2799 4425 ἐπανορθωσαμένους
2845 4352 2943 4423 τὴν
2980 4353 3216 4425 γραφὴν,
3243 4353 3359 4407 ἀλλ’
3414 4357 3827 4419 ἀνεπισκέπτως

597 4445 960 4511 emendarint,
997 4441 1090 4498 sed
1131 4441 1535 4496 inconsiderate
1568 4438 1826 4502 dixerint,
1861 4454 1878 4488 ι
1920 4435 2149 4507 Tharge-

2256 4444 2563 4517 εἰρηκότας,
2600 4463 2619 4494 ι
2655 4441 3033 4515 Θαργηλιῶνος
3060 4443 3425 4499 ἑπτακαίδεκα
3466 4445 3695 4516 ἡμέραις
3719 4444 3828 4516 πρὸ

598 4538 742 4593 lione
764 4534 1147 4607 septemdecim
1170 4531 1364 4587 diebus
1380 4538 1505 4585 ante
1530 4530 1775 4585 aestivum
1800 4528 2116 4584 solstitium.
2132 4549 2149 4575 ι

601 4627 706 4684 Sed
739 4627 880 4682 idem
908 4626 1070 4680 etiam
1091 4623 1243 4687 dicit,
1277 4622 1394 4678 dies
1419 4621 1533 4692 (qui
1562 4636 1765 4675 annum
1790 4621 1939 4675 illum
1974 4621 2158 4690 exple-

599 4720 744 4788 rent)
777 4716 1283 4789 superabundantes
1325 4715 1495 4771 fuisse
1540 4724 1665 4785 post
1718 4714 2015 4769 solstitium
2055 4730 2157 4769 nu-

601 4827 753 4870 mero
778 4810 969 4884 viginti
998 4807 1181 4880 :quod
1211 4822 1437 4877 prorsus
1484 4805 1902 4876 incompositum
1948 4812 2001 4860 et
2060 4822 2158 4876 pu-

601 4919 795 4975 gnans,
828 4902 874 4958 si
907 4916 1006 4973 pro
1046 4899 1296 4955 instituta
1338 4896 1750 4952 Atheniensium
1788 4897 1999 4953 ratione
2038 4915 2156 4954 ser-

601 5010 818 5051 monem
849 4988 1007 5048 Tacit.
1035 4991 1166 5046 Nam
1189 4991 1235 5046 si
1262 4997 1583 5061 supererant
1612 4988 1798 5060 viginti
1826 4996 1950 5059 post
1980 4990 2161 5047 solsti-

604 5087 763 5149 tium,
803 5091 1009 5139 certum
1063 5090 1147 5136 est
1176 5081 1466 5136 solstitium
1515 5078 1684 5134 fuisse
1723 5080 1955 5135 abeunte
1992 5095 2157 5144 anno,

605 5176 982 5241 Thargelionis
1005 5175 1197 5229 ultimo
1222 5173 1329 5237 die,
1358 5182 1416 5228 ut
1440 5171 1529 5227 ille
1558 5170 1774 5241 quidem
1799 5172 1912 5225 vult
1944 5190 1956 5226 :
1987 5180 2043 5225 ut
2061 5187 2159 5227 nos

606 5282 758 5332 vero,
791 5264 1256 5336 Scirophorionis.
1299 5263 1669 5335 lmprzesentia
1699 5271 1878 5317 autem
1907 5263 2042 5317 nihil
2077 5263 2161 5317 in-

606 5360 783 5418 terSit.
803 5358 909 5416 Sed
931 5368 1051 5415 esto
1073 5374 1138 5415 ex
1160 5359 1278 5427 ejus
1301 5356 1569 5413 sententia
1593 5354 2003 5425 Thargelionis;
2036 5370 2160 5424 pro.

608 5453 749 5509 tecto
774 5459 1033 5522 sequente
1058 5466 1201 5505 anno
1222 5448 1513 5505 solstitium
1545 5447 1649 5503 erit
1672 5446 1949 5501 novilunio
1978 5444 2163 5499 Scire.

609 5547 889 5619 phorionis
914 5544 1092 5618 :quod
1110 5551 1229 5599 erat
1257 5542 1362 5614 ipsi
1379 5556 1525 5597 nono
1548 5539 1636 5595 die
1669 5539 1996 5611 incipientis.
2019 5537 2156 5594 Nam

608 5640 661 5698 si
710 5650 900 5695 octavo
949 5638 1056 5694 sub
1085 5636 1245 5691 tinem
1276 5634 1364 5689 die
1405 5630 1784 5701 Thargelionis
1822 5638 2040 5701 captum
2077 5638 2163 5685 est

609 5733 791 5803 Ilium,
819 5729 1201 5801 septemdecim
1247 5725 1439 5784 diebus
1463 5725 1652 5783 aestivo
1684 5723 1838 5797 prius
1883 5723 2157 5791 solstitio;

2260 4531 2357 4601 τῆς
2382 4529 2599 4602 Θερινῆς
2617 4530 2842 4603 τροπῆς.
2884 4549 2903 4582 ι
2935 4531 3071 4601 Φησὶ
3099 4530 3175 4596 δέ,
3199 4532 3293 4587 καὶ
3332 4533 3408 4597 ὡς
3432 4534 3491 4586 αἱ
3521 4534 3612 4588 τὸν
3650 4534 3828 4588 ἐνιαυ-

2261 4622 2349 4676 τὸν
2374 4622 2576 4676 ἐκεῖνον
2606 4621 2970 4693 ἐκπληροῦσαι
3002 4624 3250 4694 περιτταὶ
3273 4625 3497 4697 ἡμέραι,
3529 4628 3703 4681 εἴκοσι
3741 4628 3828 4680 τὸν

2263 4713 2489 4786 ἀριθμὸν
2509 4710 2646 4786 ἦσαν
2675 4714 2811 4786 μετά
2841 4715 2940 4779 τὰς
2971 4714 3184 4788 θερινὰς
3224 4719 3429 4789 τροπάς
3451 4736 3466 4749 ·
3503 4719 3562 4772 τὺ
3594 4719 3639 4772 δ’
3668 4719 3829 4773 ἀσύν-

2263 4823 2458 4860 τακτον
2503 4807 2779 4870 παντελῶς
2816 4809 2908 4860 καὶ
2951 4808 3284 4879 μαχόμενον,
3335 4812 3380 4862 εξ
3431 4810 3507 4874 ὡς
3561 4811 3829 4882 Ἀθηναῖοι

2262 4895 2393 4969 ἦγον
2419 4902 2650 4953 ποιεῖται
2676 4899 2763 4952 τὸν
2791 4898 2961 4967 λόγον.
2990 4899 3051 4951 Εἰ
3080 4897 3185 4971 γὰρ
3220 4901 3471 4971 περιτταὶ
3492 4900 3668 4955 εἴκοσι
3697 4903 3830 4973 μετά

2264 4990 2361 5053 τὰς
2391 4990 2613 5061 τροπὶις,
2639 4989 2813 5062 δῆλον,
2838 4991 2917 5043 ὅτι
2945 4992 2977 5062 η
3003 4992 3176 5062 τροπὴ
3202 4986 3267 5062 ἦν
3296 4992 3372 5062 τῷ
3395 4993 3665 5065 οἰχομένῳ
3702 4994 3829 5058 ἔτει,

2265 5081 2359 5153 ἕνη
2386 5082 2478 5135 καὶ
2505 5081 2600 5152 νέᾳ
2632 5080 3007 5152 Θαργηλιῶνος
3034 5083 3151 5154 μὲν,
3174 5084 3248 5147 ὡς
3275 5085 3479 5148 ἐκεῖνος
3509 5086 3681 5155 λέγει,
3708 5088 3831 5139 Σκι-

2270 5174 2589 5246 ροφοριῶνος
2620 5173 2697 5236 δὲ,
2721 5174 2794 5237 ὡς
2827 5175 3002 5245 ἡμεῖς.
3032 5177 3340 5248 Διαφερέτω
3383 5177 3437 5231 δὲ
3485 5178 3660 5250 μηθὲν
3698 5180 3831 5250 πρός

2266 5284 2327 5333 γε
2353 5265 2410 5318 τὸ
2438 5265 2549 5319 νῦν.
2589 5265 2725 5318 Ἀλλ’
2749 5265 2883 5320 ἔστω
2916 5266 3291 5339 Θαργηλιῶνος
3317 5269 3463 5340 αύτῷ
3482 5287 3495 5299 ο
3529 5271 3727 5324 οὐκοῦν
3758 5268 3831 5340 τῷ

2267 5359 2467 5410 ἐπιόντι
2500 5356 2724 5428 ἐνιαυτῷ
2757 5360 2790 5428 ἡ
2831 5359 3005 5431 τροπὴ
3040 5359 3211 5425 ἔσται,
3254 5361 3682 5436 Σκιροφοριῶνος
3709 5380 3828 5416 νου·

2271 5449 2453 5519 μηνίᾳ.
2481 5445 2585 5501 Ἦν
2611 5448 2658 5502 δ’
2686 5449 2832 5522 αὐτῷ
2870 5451 3033 5525 ἐνάτῃ
3078 5454 3383 5524 ἱσταμένου.
3425 5455 3488 5508 El
3524 5454 3632 5527 γέιρ
3674 5455 3831 5525 ὀγδόῃ

2270 5538 2541 5607 φθίνοντος
2566 5538 2659 5592 τοῦ
2689 5540 3067 5612 Θαργηλιῶνος
3103 5544 3243 5598 ἐάλω
3278 5546 3335 5597 τὶ
3367 5546 3549 5608 Ἴλιον,
3575 5545 3833 5600 ἑπτακαί-

2266 5629 2396 5683 δεκα
2435 5630 2695 5701 πρότερον
2726 5613 2956 5704 ἡμέραις
2994 5632 3093 5704 τῆς
3133 5634 3347 5707 θερινῆς
3384 5637 3612 5710 τροπῆς,
3656 5636 3830 5706 δῆλον.

2269 5722 2349 5777 ὅτι
2380 5722 2540 5795 ἐνάτη
2572 5724 2858 5795 ἱσταμένου
2892 5723 2984 5779 τοῦ
3014 5728 3255 5795 ἐπιόντος
3296 5732 3463 5797 μηνὸς
3488 5727 3557 5791 ἦν
3586 5733 3618 5791 ἠ
3656 5727 3832 5791 τροπὴ
