4044 6220
393 338 530 394 H95

1319 331 1661 388 THEODORI
1703 327 1907 386 eam
1956 324 2152 381 uasa
2195 322 2281 377 ns
2319 300 2706 378 nsnsmus.‘

3457 333 3593 390 “95

387 450 549 520 ἐνάτη
577 448 883 518 ἱσταμένου,
899 450 1046 520 τρεῖς
1071 443 1209 502 εἶναι
1229 447 1327 511 τὰς
1357 447 1615 518 περιττὰς
1639 447 1950 513 ἀναγκαῖον.

2061 438 2400 492 manifestum
2432 443 2516 490 est
2537 449 2680 490 nono
2707 432 2910 490 mensis
2939 433 3217 504 sequentis
3238 431 3331 488 die
3355 437 3602 491 aestivum

386 535 599 608 Φανερά
625 536 681 589 δὲ
715 535 911 606 μᾶλλον
941 536 1092 590 ταῦθ’
1125 536 1350 607 ὕστερον
1378 536 1549 599 ἔσται,
1574 535 1790 587 ἐπειδὰν
1823 533 1949 604 περὶ

387 628 635 700 χρήσεως
673 625 962 697 ἐμϐολίμου
1013 627 1177 697 μηνὸς
1222 628 1492 698 λέγωμεν.
1537 624 1647 680 Εἶτ’
1673 623 1764 680 οὖν
1800 625 1952 692 Ἐφό-

391 736 486 791 ρου
518 719 816 790 ἁμάρτημα
842 718 981 772 τοῦτ’
1007 719 1170 783 ἔστιν,
1202 719 1310 772 εἴτε
1339 719 1622 790 γραφέως,
1657 721 1750 772 καὶ
1797 718 1953 771 τοῦτο

389 810 470 871 εἰς
516 809 688 864 κοινὸν
739 809 1003 864 ἐκκείσθω
1062 815 1302 865 σκοπεῖν.
1374 810 1714 884 Ἀπαρτίζειν
1773 811 1816 864 δ’
1867 810 1953 862 ἀεὶ

389 902 516 964 τοὺς
547 900 653 954 τῶν
696 902 990 972 Ἀθηναίων
1032 904 1208 974 μῆνας
1255 907 1366 968 τοῖς
1403 903 1507 956 τῶν
1547 903 1829 973 Ῥωμαίων
1869 903 1956 969 δη-

390 990 565 1045 λονότι
604 990 703 1043 οὐκ
735 990 804 1044 ἂν
832 991 940 1062 εἴη.
989 992 1472 1064 Ἐπαμφοτερίξειν
1515 986 1607 1043 οὖν
1639 1008 1691 1042 τι
1721 990 1953 1060 συμϐαί-

392 1097 495 1136 νει.
522 1076 664 1142 Οἷον,
689 1080 822 1150 φέρε
854 1083 1045 1144 εἰπεῖν,
1081 1079 1490 1152 Ἐκατομϐαιὼν
1515 1079 1574 1131 τὸ
1606 1080 1702 1150 μὲν
1738 1079 1952 1131 Ἰουνίου

391 1172 746 1243 ἐπιλαμϐάνει
769 1211 782 1235 ,
822 1173 884 1226 τὺ
930 1174 987 1227 δὲ
1020 1175 1266 1227 Ἰουλίου*
1313 1175 1407 1227 καὶ
1449 1171 1848 1240 Μεταγειτνιών
1897 1172 1956 1223 τὸ

393 1265 493 1335 μὲν
538 1264 776 1327 Ἰουλίου,
809 1264 870 1318 τὸ
917 1265 961 1317 δ’
1006 1265 1342 1334 Αὐγούστου·
1382 1266 1474 1319 καὶ
1517 1262 1860 1334 Βοηδρομιὼν
1896 1263 1956 1316 τὸ

395 1355 495 1426 μὲν
517 1354 843 1422 Αὐγούστου,
867 1355 926 1408 τὸ
961 1356 1017 1409 δὲ
1050 1357 1436 1428 Σεπτέμϐριος.
1485 1356 1753 1418 Ὡσαύτως
1775 1356 1831 1409 δὲ
1862 1355 1956 1408 καὶ

395 1445 447 1496 οἰ
499 1443 674 1497 λοιποὶ
713 1444 911 1508 πάντες
949 1446 1280 1516 ἀμφιλαφεῖς
1327 1449 1431 1500 εἰσι
1481 1447 1549 1500 τὰ
1595 1446 1787 1500 πολλά·
1835 1445 1954 1498 ἐπεὶ

391 1534 564 1588 ἐνίοτέ
602 1551 666 1604 γε
713 1537 806 1590 καὶ
855 1536 1055 1601 ἰσάζειν
1120 1539 1431 1610 συμϐαίνει·
1491 1534 1601 1592 οἷον
1649 1538 1742 1592 καὶ
1796 1538 1956 1605 τῆτες

396 1626 730 1696 συμϐέϐηκε,
754 1630 1048 1700 νουμηνίαν
1082 1630 1196 1700 ἄμα
1231 1631 1502 1701 Ἀπρίλτος
1524 1630 1687 1702 μηνὸς
1711 1629 1951 1701 ἡλιακοῦ,

393 1716 489 1768 καὶ
522 1715 746 1786 σελήνης
771 1717 943 1785 ἄγειν.
984 1719 1330 1789 Ἐρμηνεύειν
1358 1720 1539 1790 μέντοι
1571 1717 1753 1782 ἁπλῶς
1780 1717 1954 1788 χρεὼν

391 1807 501 1860 ἀπὸ
525 1808 617 1862 τοῦ
641 1808 905 1881 προτέρου
923 1827 934 1840 ·
966 1805 1097 1874 οἷον,
1120 1809 1422 1880 Αὔγουστον
1444 1812 1533 1864 τὸν
1553 1811 1950 1881 Βοηδρομιῶνα,
1987 1791 2027 1848 Β

391 1901 530 1955 ἀλλὰ
558 1901 630 1971 μὴ
675 1902 1061 1973 Σεπτέμϐριον,
1116 1903 1201 1956 ἴνα
1255 1903 1460 1974 Θερινὸς
1619 1902 1798 1975 τρίτος
1849 1902 1956 1970 γὰρ

393 1993 502 2046 ἀπὸ
540 1993 1001 2064 Ἑκατομϐαιῶνος
1023 2012 1036 2025 ο
1084 1996 1340 2066 τροπικὸς
1375 1996 1432 2048 δὲ
1487 1995 1693 2065 θερινὸς
1735 1999 1764 2048 ὀ
1801 1996 1958 2049 Ἐκα-

392 2083 688 2155 τομϐαιὼν,
709 2071 789 2148 ’ὡς
827 2085 1162 2156 δεδειγμένον
1196 2086 1331 2140 ἐστί.
1382 2087 1604 2158 Γαληνῴ
1635 2087 1692 2140 δὲ
1715 2087 1956 2156 διέφερεν

394 2174 548 2227 οὐθὲν
571 2174 704 2245 πρός
726 2191 788 2244 γε
817 2173 875 2228 τὸ
899 2174 997 2244 τῆς
1022 2175 1214 2245 ἐλάτης
1243 2176 1459 2247 σπέρμα
1481 2178 1570 2230 καὶ
1591 2176 1687 2247 τὴν
1714 2176 1957 2230 σύνθεσιν

393 2266 492 2318 τοῦ
540 2267 765 2329 ἀκόπου,
813 2265 911 2318 εἴτ’
964 2266 1071 2320 ἀπὸ
1114 2268 1208 2321 τοῦ
1261 2269 1523 2340 ἑπομένου
1568 2269 1955 2341 Σεπτέμϐριος,

396 2356 494 2409 εἴτ’
521 2357 626 2410 ἀπὸ
647 2357 740 2410 τοῦ
765 2357 1065 2427 ἡγουμένου
1097 2357 1400 2428 Αὔγουστος
1420 2359 1770 2430 ἑρμηνεύοιτο
1796 2362 1824 2413 ὁ
1849 2361 1957 2414 τῶν

399 2449 710 2522 μυστηρίων
751 2452 855 2522 μήν
878 2467 892 2482 ’
932 2450 1102 2514 ἄλλως
1143 2468 1204 2503 τε
1251 2451 1344 2505 καὶ
1379 2452 1485 2505 τῶν
1533 2438 1859 2525 ἰσημερινῶν
1897 2469 1957 2506 τε

400 2541 494 2594 καὶ
520 2541 734 2613 τροπῶν
771 2543 896 2612 περί
926 2557 1027 2595 που
1070 2542 1317 2614 εἰκοστὴν
1359 2543 1621 2616 τετάρτην
1649 2543 1742 2597 τοῦ
1793 2544 1958 2616 μηνὸς

396 2627 646 2700 ἡμέραν,
692 2629 766 2693 ὡς
801 2631 1058 2701 Ῥωμαῖοι
1117 2632 1328 2700 ἄγουσι,
1388 2632 1804 2704 λαμϐανομένων
1846 2636 1958 2698 τοῖς

395 2720 518 2773 τότε
550 2717 701 2775 οὖσιν
727 2721 1031 2792 ἀνθρώποις
1052 2740 1065 2754 ⁶
1097 2725 1190 2777 καὶ
1215 2722 1435 2796 προσέτι
1476 2727 1560 2796 ἰση
1569 2725 1784 2796 μερινοῦ
1812 2743 1957 2794 γινο-

400 2813 562 2883 μένου
592 2815 720 2867 ποτὲ
760 2814 852 2868 καὶ
892 2815 985 2867 τοῦ
1021 2815 1452 2887 Βοηδρομιῶνος,
1494 2816 1712 2870 ἐπειδὰν
1746 2817 1959 2881 πλείους

398 2898 533 2958 ὦσιν
551 2907 604 2958 αἰ
632 2905 765 2977 μετὰ
791 2905 885 2977 τὴν
915 2907 1119 2978 τροπὴν
1157 2909 1405 2977 περιτταὶ
1445 2909 1670 2980 ἡμέραι.
1706 2909 1866 2963 Ὅθεν
1896 2909 1959 2982 δὴ

400 2997 493 3050 καί⁵
546 2997 932 3070 Ἀριστοτέλης,
977 3017 996 3048 ι
1033 3000 1148 3069 μετ’
1195 2999 1494 3071 ἀρκτοῦρον
1549 3000 1678 3071 περὶ
1732 3001 1961 3072 Βοηδρο-

403 3086 600 3157 μιῶνα,
634 3107 652 3138 ι
680 3088 862 3158 φησὶν,
898 3088 1083 3161 ὥσπερ
1120 3085 1186 3142 αὖ
1227 3089 1511 3156 ἀνάπαλιν,
1560 3093 1688 3161 περὶ
1730 3092 1962 3164 λήγοντὰ

402 3195 506 3230 που
536 3178 627 3233 τὸν
658 3179 1103 3250 Ἑκατομϐαιῶνα
1133 3181 1230 3251 τῆς
1251 3181 1456 3254 τροπῆς
1483 3183 1798 3253 γενομένης,
1828 3201 1964 3253 συμ-

402 3269 577 3322 ϐαίνει
621 3271 826 3341 τρυγᾷν
877 3269 974 3334 τὰς
1029 3271 1302 3341 ἀμπέλους
1365 3271 1490 3342 περὶ
1545 3273 1825 3343 ἱστάμενον
1873 3274 1962 3327 τὸν

402 3359 789 3430 Πυανεψιῶνα·
833 3360 973 3414 καοά
1010 3361 1348 3435 Πλούταρχος
1372 3364 1716 3434 ἐπισημαίνει
1755 3364 1962 3436 συμϐῆ-

403 3468 514 3512 ναι,
554 3451 641 3502 ὅτε
670 3450 874 3519 Θησεὺς
911 3451 1181 3521 ἐπανῆκεν
1218 3456 1282 3507 ἐκ
1312 3454 1552 3526 Κρήτης.
1600 3455 1665 3508 Ἡ
1707 3455 1962 3527 ἰσημερία

405 3541 590 3611 μέντοι
631 3542 757 3612 περὶ
800 3541 1030 3612 λήγοντά
1070 3560 1172 3597 που
1217 3543 1306 3598 τὸν
1345 3544 1816 3616 Μαιμακτηριῶνα
1857 3547 1961 3598 ὑπ·-

401 3635 558 3706 ἧρξε.
587 3637 797 3690 Πλίνιον
839 3637 896 3690 δὲ
945 3639 1170 3708 οἰητέον,
1214 3639 1286 3710 μὴ
1326 3640 1400 3704 ὡς
1440 3641 1835 3712 Ἀριστοτέλους
1873 3641 1962 3694 λέ-

405 3727 488 3792 ξιν
539 3727 946 3799 μεταφέροντα,
993 3723 1094 3783 ὦδε
1149 3730 1413 3785 ποιεῖσθαι
1465 3733 1556 3786 τὸν
1621 3733 1794 3801 λόγον.
1846 3732 1959 3786 ἀλλ’

406 3817 544 3873 ἰδίαν
581 3818 728 3889 αὐτῷ
757 3818 910 3883 δόξαν
950 3821 1076 3891 περὶ
1118 3821 1276 3876 τόκου
1307 3821 1414 3875 τῶν
1453 3822 1647 3894 ἰχθύων
1672 3825 1963 3894 ἀποφαινό-

405 3924 588 3978 μενον.
619 3908 937 3979 Θαυμαστόν
971 3927 1028 3962 τε
1053 3909 1226 3975 οὐθὲν,
1268 3912 1317 3965 εἰ
1348 3913 1439 3966 καὶ
1473 3916 1594 3976 ταῖς
1620 3910 1820 3985 χώραις
1849 3914 1962 3967 δια-

402 4002 548 4072 φορά
569 4004 692 4074 ’περί¹
729 4002 826 4067 τὰς
861 4003 1102 4072 γενέσεις
1139 4003 1302 4057 ἐστίν.
1345 4003 1504 4058 Ἀλλὰ
1525 4005 1709 4076 δῆλον,
1748 4006 1828 4060 ὅτι
1873 4007 1963 4059 καὶ

401 4091 512 4144 τῶν
552 4090 722 4156 ζώων,
761 4094 947 4166 ῶσπερ
982 4097 1087 4150 τῶν
1128 4097 1327 4167 φυτῶν,
1368 4097 1566 4170 πολλὴν
1610 4097 1818 4151 ποιοῦσι
1853 4098 1964 4152 δια-

403 4183 578 4255 φορὰν
611 4185 658 4236 οἰ
698 4185 872 4249 τόποι,
909 4187 967 4239 ού
1010 4187 1166 4258 μόνον
1198 4189 1339 4242 κατὰ
1370 4188 1597 4258 μέγεθος
1637 4191 1730 4243 καὶ
1782 4191 1965 4262 εὐτρο-

402 4274 556 4343 φίαν,
585 4275 717 4328 ἀλλὰ
746 4278 838 4330 καὶ
865 4279 1006 4332 κατὰ
1032 4279 1157 4343 τοὺς
1188 4279 1396 4343 τόκους,
1431 4279 1524 4334 τοῦ
1553 4281 1622 4335 τὰ
1650 4283 1746 4352 μὲν
1785 4283 1963 4352 ὀψιαί-

401 4381 564 4436 τερον
601 4368 813 4439 γεννᾷν,
857 4369 924 4423 τὰ
981 4369 1037 4423 δὲ
1085 4371 1457 4442 πρωῖαίτερον.
1491 4367 1620 4428 Ὧδε
1650 4374 1746 4444 μὲν
1786 4375 1964 4428 τοίνυν

2054 532 2343 586 solstitium
2370 529 2556 584 fuisse.
2588 527 2644 582 Si
2689 527 2871 598 itaque
2904 527 3195 582 solstitium
3227 541 3372 580 nono
3414 519 3604 582 ineun-

2055 627 2144 688 tis,
2175 632 2285 677 tres
2329 637 2452 677 esse
2481 621 2598 676 dies
2625 619 2962 677 abundantes
2985 626 3069 674 est
3092 633 3337 674 necesse.
3365 617 3488 673 Haec
3513 581 3623 673 au-l

2053 725 2158 771 tem
2198 715 2410 785 planius
2435 722 2618 784 postea
2641 711 3082 775 elueidabuntur,
3115 710 3205 764 ubi
3240 708 3306 763 de
3333 724 3433 763 usu
3455 724 3605 764 men-

2055 809 2132 863 sis
2180 806 2515 862 iutercalarii
2563 804 2918 858 disseremus.
2948 802 3030 856 An
3079 802 3241 871 igitur
3292 798 3489 868 Ephori
3535 800 3605 852 sit

2054 901 2158 954 iste
2184 915 2362 961 error,
2396 915 2465 953 an
2501 895 2856 951 amanuensis
2889 895 3093 964 potius,
3133 894 3186 946 in
3220 892 3401 947 medio
3423 890 3606 945 consi-

2055 991 2352 1045 derandum
2377 990 2643 1059 relinquo.
2668 987 2784 1042 Jam
2807 994 3014 1042 certum
3041 993 3126 1040 est
3151 983 3361 1040 Atticos
3391 996 3606 1037 menses

2054 1083 2247 1152 :equali
2299 1082 2508 1136 dierum
2550 1095 2798 1143 numero,
2829 1079 3100 1147 simulque
3131 1076 3371 1140 finiente,
3406 1075 3607 1129 Roma-

2056 1189 2156 1227 nos
2167 1188 2376 1242 semper
2392 1171 2727 1240 atquiparare
2757 1185 2865 1224 non
2889 1183 3066 1238 posse.
3087 1166 3228 1236 Ergo
3259 1166 3312 1219 fit
3332 1173 3391 1219 ut
3408 1162 3605 1234 singuli

2056 1278 2270 1318 menses
2299 1263 2611 1317 Graecorum
2638 1261 2778 1315 inter
2812 1260 2970 1314 binos
2994 1273 3204 1327 semper
3239 1256 3604 1310 Romanorum

2056 1355 2350 1426 ambigant.
2389 1354 2630 1423 Exempli
2667 1352 2839 1422 gratia
2879 1370 2891 1405 :
2931 1350 3348 1405 Hecatombaeon
3401 1356 3606 1417 partem

2055 1447 2224 1512 Junii,
2248 1455 2302 1502 et
2328 1453 2536 1516 partem
2566 1443 2696 1498 Julii
2730 1442 2945 1513 attingit
2969 1459 2983 1504 ;
3012 1439 3360 1512 Metagitnion
3396 1437 3525 1491 Julii
3553 1443 3607 1490 et

2059 1541 2286 1612 Augusti
2309 1557 2325 1605 ;
2357 1537 2716 1592 Boedromion
2742 1533 2972 1604 Augusti
2995 1541 3048 1586 et
3064 1529 3416 1601 Septembris.
3442 1527 3606 1582 Simi—

2057 1632 2179 1686 liter
2208 1645 2335 1686 vero
2363 1629 2557 1698 reliqui
2582 1643 2771 1682 omnes
2799 1642 2908 1681 non
2941 1639 3064 1680 raro
3098 1637 3218 1680 sese
3241 1621 3478 1692 praebent
3506 1634 3605 1673 an-

2057 1724 2270 1793 cipites,
2295 1719 2622 1792 quandoque
2643 1719 2804 1774 etiam
2835 1717 3096 1788 aequales,
3133 1723 3194 1769 ut
3217 1714 3300 1767 vel
3329 1711 3608 1781 superiore

2058 1829 2200 1869 anno
2230 1815 2416 1868 lunam
2448 1827 2643 1866 novam
2675 1826 2798 1865 cum
2829 1809 3032 1880 Aprilis
3060 1805 3316 1862 Kalendis
3339 1803 3607 1860 solaribus

2057 1906 2290 1975 contigit
2331 1919 2630 1974 emergere.
2661 1901 2850 1973 Opera:
2879 1910 3057 1956 tamen
3083 1899 3324 1970 pretium
3357 1905 3441 1952 est
3472 1896 3604 1952 sim~

2058 1998 2270 2069 pliciter
2296 2012 2325 2050 a
2361 1996 2542 2065 priore
2572 2010 2760 2050 mense
2790 1993 3159 2063 interpretari.
3193 1990 3356 2046 Verbi
3389 1987 3564 2060 gratia
3590 2008 3602 2042 :

2058 2088 2500 2144 Boedromionem
2518 2088 2816 2157 Augustum
2839 2086 3017 2155 potius
3034 2099 3196 2156 quam
3215 2082 3604 2154 Septembrem,

2057 2186 2117 2233 ut
2136 2177 2354 2232 aestivus
2376 2178 2476 2244 sit;
2507 2179 2702 2234 tertius
2726 2179 2870 2233 enim
2903 2186 2987 2233 est
3011 2178 3079 2232 ab
3112 2175 3557 2232 liecatombaeone
3587 2192 3602 2228 :

2057 2271 2112 2325 in
2142 2285 2271 2341 quo,
2320 2276 2381 2324 ut
2407 2269 2835 2325 demonstratum
2885 2279 2988 2333 est,
3016 2269 3260 2324 aestivum
3316 2267 3608 2323 solstitium

2057 2364 2366 2418 coniicitur.
2404 2362 2548 2416 Nihil
2575 2377 2737 2432 porro
2765 2361 2952 2417 Galeni
2995 2361 3276 2425 intererat,
3315 2359 3381 2414 ad
3418 2359 3610 2415 abietis

2059 2473 2240 2513 semen
2279 2465 2332 2511 et
2367 2455 2818 2525 compositionem
2865 2453 3042 2524 acapi,
3096 2453 3211 2508 sive
3263 2466 3295 2505 a
3353 2456 3613 2522 sequente

2063 2547 2398 2620 September,
2430 2548 2544 2604 sive
2581 2562 2611 2601 a
2639 2545 2976 2616 praecedente
3009 2544 3288 2612 Augustus
3315 2550 3612 2598 verteretur

2061 2639 2150 2694 ille
2172 2638 2550 2709 mysteriorum
2580 2636 2819 2700 mensis;
2846 2634 3146 2704 praesertim
3164 2648 3286 2687 cum
3305 2633 3534 2687 solstitia
3559 2640 3613 2686 et

2059 2728 2382 2800 aequinoctia
2412 2727 2567 2798 162
2619 2725 2840 2780 circiter
2870 2734 3126 2792 quartum
3148 2763 3162 2784 ,
3195 2731 3249 2776 et
3293 2722 3611 2775 vicesimum

2059 2821 2200 2876 diem
2237 2820 2444 2874 mensis
2492 2817 2721 2872 Romani
2773 2817 2840 2871 ab
2883 2816 3028 2872 illius
3076 2813 3259 2869 saeculi
3301 2812 3613 2868 hominibus

2062 2914 2412 2984 signarentur
2443 2929 2458 2965 :
2490 2917 2543 2964 et
2588 2915 2850 2980 praeterea
2883 2905 3285 2976 aequinoctialis
3337 2903 3609 2960 interdum

2064 3004 2203 3060 foret
2228 3002 2610 3066 Boedromion,
2641 3017 2766 3056 cum
2789 3001 2972 3071 plures
2993 3003 3312 3067 supererant
3341 2995 3457 3051 dies
3491 3003 3612 3066 post

2067 3095 2382 3152 solstitium.
2434 3092 2587 3149 Unde
2635 3094 2796 3148 etiam
2846 3091 3164 3147 Aristoteles
3215 3089 3379 3154 dicit,
3430 3106 3449 3140 ι
3492 3097 3614 3158 post

2064 3194 2340 3241 arcturum
2389 3186 2606 3241 circiter
2662 3183 3147 3248 Boedromionem,
3202 3189 3220 3234 ι
3263 3178 3612 3251 quemadmo-

2043 3278 2189 3332 dum
2221 3285 2410 3330 contra
2443 3283 2666 3346 peracto
2686 3275 2828 3329 circa
2851 3273 3185 3328 desinentem
3205 3269 3611 3326 Hecatomwa-

2061 3384 2183 3425 nem
2214 3368 2449 3422 solstitio
2486 3367 2667 3422 evenit
2693 3365 2993 3420 vindemias
3025 3363 3161 3426 fieri,
3188 3364 3333 3417 circa
3353 3361 3613 3431 incipien-

2063 3469 2169 3513 tem
2203 3457 2630 3529 Pyanepsionem
2656 3475 2670 3510 :
2702 3465 2762 3510 ut
2793 3455 3119 3511 Plutarchus
3149 3455 3412 3509 accidisse
3442 3452 3613 3524 signi-

2065 3552 2213 3614 ficat,
2243 3551 2460 3620 quando
2487 3548 2728 3604 Theseus
2748 3563 2778 3604 e
2802 3547 2960 3602 Creta
2993 3545 3174 3601 rediit.
3203 3545 3612 3616 Equinoctium

2063 3643 2207 3696 enim
2242 3640 2417 3695 fuerat
2442 3641 2544 3696 sub
2582 3641 2742 3696 finem
2786 3638 3258 3694 Maemacterionis.
3294 3636 3614 3707 Pliniusque

2063 3732 2419 3788 aestimandus
2447 3739 2528 3787 est
2553 3733 2634 3787 sic
2661 3730 2828 3801 loqui,
2858 3745 2968 3785 non
2997 3729 3089 3800 qui
3120 3730 3281 3785 verba
3304 3729 3612 3784 Aristotelis

2063 3823 2485 3892 interpretetur,
2523 3820 2617 3876 sed
2649 3821 2740 3891 qui
2762 3835 2917 3875 suam
2951 3820 3019 3876 de
3047 3803 3273 3890 piscium
3313 3826 3469 3890 partu
3515 3833 3610 3873 ex-

2064 3917 2262 3987 primat
2297 3916 2640 3971 sententiam.
2683 3914 2934 3986 Nihilque
2977 3902 3174 3969 mir'um
3220 3914 3410 3976 est,si
3447 3912 3612 3967 etiam

2063 4007 2119 4060 in
2148 4005 2588 4076 generationibus
2611 4020 2642 4058 a
2668 4005 2951 4076 regionum
2973 4004 3283 4059 diversitate
3315 4003 3490 4056 oritur
3503 4000 3612 4056 dif-

2064 4099 2311 4154 ferentia.
2336 4096 2536 4152 Verum
2566 4096 2698 4151 illud
2731 4104 2967 4162 constat,
3015 4087 3262 4160 inultam,
3307 4102 3368 4148 ut
3399 4095 3612 4165 planta-

2064 4204 2209 4250 rum.
2244 4189 2318 4243 ita
2361 4202 2574 4257 quoque
2609 4186 2944 4251 animalium,
2987 4200 3095 4240 non
3140 4186 3196 4239 in
3248 4183 3614 4253 magnitudine

2067 4281 2242 4337 solum
2273 4280 2568 4348 habituque
2583 4277 2879 4348 vegetiora,
2908 4275 3002 4331 sed
3027 4286 3080 4330 et
3099 4276 3154 4330 in
3185 4285 3339 4345 partu
3359 4276 3474 4344 ipsa
3497 4274 3614 4329 loca

2066 4371 2276 4428 efﬁcere
2325 4371 2706 4434 differentiam,
2738 4376 2799 4424 ut
2844 4370 2950 4424 alia
3005 4369 3201 4434 serius,
3249 4368 3355 4423 alia
3395 4368 3620 4439 gignant

407 4457 594 4522 ἁπλῶς
631 4477 688 4512 τε
737 4460 827 4514 καί
877 4479 950 4532 πη
989 4462 1395 4533 ἑρμηνεύοντες,
1421 4464 1518 4517 οὐκ
1567 4463 1634 4519 ἂν
1671 4465 1960 4536 διαμαρτάε

2068 4465 2354 4520 maturius.
2382 4462 2472 4518 Sic
2496 4466 2660 4535 igitur
2687 4464 3006 4534 simpliciter
3030 4471 3082 4518 et
3108 4461 3482 4532 quadantenus
3496 4476 3617 4517 ver-

403 4568 592 4622 νοιμιν
619 4550 710 4604 τοῦ
751 4552 951 4607 ἱκανοῦ.

773 4735 911 4802 Περί
940 4735 1209 4804 χρήσεως
1237 4737 1354 4792 τῶν
1377 4738 1604 4807 μηνῶν.

483 4825 537 4878 l'.
583 4825 734 4878 Ἐπεὶ
757 4825 802 4878 δ’
837 4825 950 4879 ἔστι
992 4826 1089 4896 μὲν
1118 4829 1346 4899 χρῆσθαι
1378 4830 1508 4898 μησὶ
1557 4831 1649 4883 καὶ
1686 4830 1827 4884 κατὰ
1866 4832 1964 4902 τὴν

401 4914 559 4985 ἡλίου
593 4917 911 4988 περιφορὰν,
945 4917 1020 4981 ὡς
1057 4919 1310 4989 Ῥωμαῖοι
1346 4920 1600 4990 ἄγουσιν⁸
1653 4921 1838 4975 ἔστιδὲ
1873 4923 1965 4975 καὶ

403 5006 509 5076 τὴν
541 5009 640 5078 τῆς
665 5007 908 5080 σελήνης,
936 5009 1010 5073 ὡς
1051 5010 1318 5081 Ἀθηναῖοι
1347 5008 1480 5082 ἦγον
1501 5027 1517 5044 θ
1551 5013 1775 5085 πότερον
1809 5014 1967 5085 Ἀθη-

407 5100 582 5162 ναίοις
613 5100 867 5170 ἑπόμενοι
901 5101 1232 5172 χρησόμεθα,
1263 5103 1295 5173 ἢ
1332 5104 1640 5174 Ῥωμαίοις,
1668 5107 1966 5177 κατονομά-

408 5188 596 5252 ζοντες
635 5190 731 5258 μὲν
763 5188 838 5251 ὡς
879 5188 1146 5258 Ἀθηναῖοι
1165 5231 1179 5253 ,
1202 5191 1300 5260 τὴν
1321 5191 1376 5244 δέ
1405 5209 1466 5260 γε
1489 5192 1580 5245 τοῦ
1614 5192 1858 5246 ἐνιαυτοῦ
1888 5196 1966 5255 εἰς

413 5280 589 5350 μῆνας
635 5279 896 5352 διαίρεσιν
946 5282 1086 5335 κατὰ
1141 5281 1312 5336 ταύτά
1352 5284 1638 5354 Ῥωμαίοις
1696 5285 1963 5349 τιθέντεςς

411 5369 639 5440 Πλήθων
684 5372 784 5442 μέν
826 5388 1006 5442 φησιν,
1055 5373 1136 5426 ὅτι
1192 5373 1329 5427 κατά
1363 5375 1522 5442 φύσιν
1567 5375 1629 5447 δὴ
1677 5378 1850 5444 ἄγοιτ’
1901 5377 1966 5430 ἂν

411 5460 532 5525 ἔτος
565 5463 662 5533 μὲν
692 5462 830 5516 κατὰ
857 5463 945 5515 τὸν
976 5463 1144 5533 ἥλιον,
1186 5464 1290 5535 μὴν
1321 5465 1376 5518 δὲ
1413 5467 1550 5526 κατὰ
1575 5467 1670 5537 τὴν
1707 5467 1930 5538 σελήνην
1950 5486 1963 5499 ·

408 5550 502 5606 διὰ
530 5555 582 5606 τί
609 5556 685 5620 δὲ,
708 5557 769 5608 ού
798 5555 962 5624 λέγει.
997 5556 1175 5610 Ἄλλοι
1211 5558 1267 5610 δέ
1306 5575 1468 5624 τινες,
1497 5561 1589 5612 καὶ
1627 5560 1801 5614 αἰτίαν
1838 5560 1969 5614 ἀπο-

410 5645 662 5710 διδόντες,
705 5649 881 5702 πάντα
922 5648 1056 5720 πρὸς
1098 5649 1206 5702 τῶν
1247 5651 1506 5719 οὐρανίων
1546 5653 1860 5722 κοσμεῖσθαι
1903 5653 1969 5705 τὰ

408 5735 541 5807 τῇδέ
567 5753 714 5807 φασι.
749 5741 840 5792 καὶ
874 5739 1081 5809 μεγάλα
1123 5737 1258 5795 εἰναι
1303 5743 1371 5796 τὰ
1413 5745 1508 5813 τῆς
1556 5745 1781 5815 σελήνης
1815 5743 1964 5815 ἔργα.

693 5829 965 5892 ΡΑτιιοι.
998 5832 1114 5893 Gn.
1170 5834 1342 5894 XIX.

2068 4561 2266 4620 tentes,
2298 4568 2637 4624 nequaquam
2683 4553 2752 4608 ab
2773 4554 2964 4609 idonea
3003 4552 3361 4622 explicatione
3395 4551 3614 4607 aberra-

2066 4647 2328 4702 verimus.
3177 4633 3191 4645 ’

2582 4735 2660 4790 De
2683 4736 2941 4790 mensium
2973 4751 3090 4791 usu.

2133 4826 2205 4880 Χ.
2240 4825 2345 4881 Sed
2375 4827 2632 4897 quoniam
2666 4827 2948 4883 mensibus
2991 4829 3068 4880 uti
3104 4841 3394 4896 possumus
3429 4827 3513 4884 vel
3548 4827 3615 4879 ad

2068 4919 2201 4974 solis
2221 4926 2450 4982 motum,
2483 4930 2540 4972 ut
2561 4918 2812 4980 Romani,
2843 4920 2925 4972 vel
2954 4918 3022 4972 ad
3047 4918 3211 4982 lunae,
3237 4927 3296 4974 ut
3324 4919 3619 4976 Athenien—

2067 5025 2197 5066 ses:
2240 5020 2419 5063 utrum
2452 5009 2687 5064 Atticum
2732 5025 2913 5073 usum,
2965 5024 3033 5062 an
3080 5008 3382 5064 Romanum
3425 5024 3617 5080 seque-

2068 5119 2211 5166 mur,
2253 5117 2403 5157 more
2457 5102 2676 5172 quidem
2720 5102 3131 5157 Atheniensium
3182 5101 3614 5165 denominantes,

2069 5195 2196 5250 anni
2219 5209 2347 5251 vero
2372 5195 2426 5248 in
2458 5209 2670 5249 menses
2698 5196 2942 5249 eamdem
2977 5210 3099 5250 cum
3130 5193 3390 5249 Romanis
3413 5194 3620 5248 consti-

2068 5295 2284 5343 tuentes
2319 5286 2680 5342 divisionem?
2714 5286 2938 5343 Plethon
2975 5288 3188 5358 quidem
3225 5287 3390 5343 refert
3418 5296 3616 5342 natura

2068 5391 2189 5431 esse
2231 5385 2626 5445 comparatum,
2663 5384 2721 5428 ut
2766 5376 2832 5429 ad
2881 5377 3048 5432 solem
3079 5377 3376 5431 deducatur
3417 5390 3617 5438 annus,

2070 5467 2274 5523 mensis
2299 5483 2429 5522 vero
2451 5466 2515 5521 ad
2545 5467 2726 5520 lunam
2761 5486 2774 5521 :
2803 5467 2895 5523 sed
2927 5469 3301 5539 quamobrem,
3333 5483 3439 5520 non
3465 5467 3617 5523 dicit.

2069 5558 2270 5615 Verum
2312 5559 2402 5613 alii
2433 5558 2594 5627 hujus
2623 5573 2840 5628 quoque
2869 5560 2996 5614 dicti
3021 5560 3285 5614 rationem
3311 5558 3619 5624 afferentes,

2069 5662 2402 5715 asseverant,
2435 5667 2555 5722 qua:
2583 5650 2671 5706 hic
2704 5653 2758 5707 in
2787 5654 2946 5708 terris
2984 5660 3132 5718 sunt,
3172 5653 3354 5708 omnia
3386 5667 3416 5707 a
3456 5651 3622 5708 cmle~

2071 5746 2246 5804 stibus
2298 5747 2407 5804 illis
2449 5746 2773 5818 corporibus
2825 5747 3085 5812 ordinari,
3118 5763 3452 5818 magnosque
3499 5755 3628 5803 eamL

3237 5842 3312 5901 38
