4044 6220
563 337 696 395 1195

1558 325 1649 378 AD
1686 319 1952 377 EUSEBll
1989 314 2381 374 CHRUNICON
2419 315 2776 374 APPENDIX.

3640 310 3768 364 1196

559 459 699 511 lunae
731 452 975 508 enectus.
1015 448 1148 504 Nam
1173 445 1376 502 mutari
1422 445 1575 499 aiunt
1603 441 1890 496 manifeste
1918 441 1987 494 ab
2019 437 2109 490 illa

2228 436 2585 490 Ἀλλοιοῦσθαι
2614 437 2718 508 γὰρ
2751 435 2934 504 σαφῶς
2959 433 3028 487 τὰ
3061 433 3276 502 ἐπίγεια
3323 430 3478 484 πάνθ’
3505 430 3597 484 ὑπ’
3637 430 3775 483 ἐκεί-

559 546 840 608 torrestria
865 551 1082 606 cuncta,
1115 541 1276 610 idque
1308 545 1475 593 recte.
1515 536 1740 605 Signum
1765 541 1947 586 tamen
1990 529 2111 583 nul-

561 640 672 692 lum
719 645 822 698 est,
860 647 1074 688 menses
1121 629 1187 684 ad
1236 632 1450 691 lunam,
1486 641 1596 680 non
1636 624 1704 678 ad
1743 624 1912 678 solem
1955 636 2112 692 agere

561 737 834 799 oportere.
867 725 991 780 Haec
1008 725 1150 779 enim
1180 721 1436 776 inferiora
1457 717 1838 788 superioribus
1871 714 1976 769 illis
1997 729 2113 767 mo-

560 820 707 872 tibus
735 831 856 872 esse
904 814 1164 868 continua
1207 826 1317 864 non
1370 807 1582 863 inﬁcias
1624 807 1786 870 imus,
1813 812 1866 860 et
1896 818 2111 858 omnem

561 924 747 964 eorum
767 908 872 960 vim
895 915 949 960 et
980 903 1270 974 potentiam
1307 901 1457 954 illinc
1486 898 1794 970 gubernari,
1828 898 2113 967 ipsumque

563 1001 820 1056 decorum
838 997 1220 1069 (quodcunque
1247 993 1389 1063 apud
1418 1007 1517 1046 nos
1551 989 1830 1057 decorum)
1852 997 1905 1043 et
1933 1000 2110 1041 rerum

561 1094 806 1150 ordinem
859 1107 889 1144 a
941 1101 1175 1159 superna
1217 1087 1307 1140 illa
1354 1093 1548 1140 natura
1594 1082 1928 1148 consistere;
1969 1077 2113 1149 quod

562 1201 692 1242 vero
725 1185 1050 1254 indigestum
1097 1191 1151 1236 et
1178 1195 1278 1236 suo
1303 1193 1489 1234 errore
1507 1176 1785 1239 indecens,
1818 1175 1870 1229 id
1895 1189 2017 1228 esse
2048 1173 2116 1226 ab

563 1292 625 1332 ea
660 1276 800 1346 (quae
812 1282 896 1329 cst
913 1273 1023 1338 hic)
1049 1270 1293 1325 materia.
1325 1268 1492 1323 Detur
1512 1281 1642 1322 vero
1682 1266 1849 1319 multa
1871 1264 2114 1334 quaedam

565 1385 595 1422 a
627 1369 754 1421 luna
777 1363 996 1420 alterari
1023 1361 1350 1431 variarique,
1381 1373 1504 1414 cum
1537 1358 1716 1428 plena,
1745 1371 1866 1411 cum
1893 1353 2117 1409 dimidio

564 1461 696 1515 orbe
722 1473 882 1517 czesa.
908 1471 1032 1510 cum
1062 1453 1288 1524 gibbosa
1325 1459 1379 1507 et
1413 1450 1672 1519 utrinque
1701 1462 1971 1512 convexa;
1993 1461 2115 1500 cum

566 1553 623 1607 in
647 1564 853 1606 cornua
880 1547 1039 1612 ﬂexa,
1083 1555 1246 1615 atque
1274 1543 1439 1598 etiam
1478 1540 1546 1596 de
1581 1540 1722 1594 ctelo
1755 1540 1872 1609 ipso
1904 1545 1959 1592 et
2003 1551 2118 1590 am-

564 1647 745 1701 biente
769 1657 894 1698 aere
912 1639 1176 1710 judicium
1201 1636 1350 1703 ﬁeri;
1373 1635 1595 1704 haecque
1611 1631 1894 1688 terrestria
1920 1628 2118 1684 mutari

565 1754 662 1808 per
700 1735 979 1798 semisses,
1031 1739 1084 1786 et
1119 1729 1485 1800 quadrantes,
1519 1734 1573 1780 et
1615 1731 1798 1780 certas
1850 1721 2116 1792 quasdam

2211 546 2324 599 νης.
2376 529 2542 582 Τοῦτο
2594 530 2693 600 μὲν
2741 525 2832 582 οὖν
2884 523 2941 581 εὖ
2987 527 3222 594 λέγεται.
3268 527 3496 596 Σημεῖον
3541 523 3586 576 δ’
3628 522 3779 575 οὐδέν

2211 622 2324 674 ἐστι
2375 621 2468 673 τοῦ
2514 622 2707 692 χρῆναι
2751 621 2902 688 ἄγειν
2945 618 3083 672 κατὰ
3131 617 3380 688 σελήνην,
3415 617 3510 670 καὶ
3659 614 3778 666 καθ’

2208 713 2356 782 ἥλιόν
2384 730 2447 781 γε
2475 715 2600 776 τοὺς
2627 713 2820 783 μῆνας.
2856 713 3062 782 Συνεχῆ
3100 711 3198 780 μὲν
3231 710 3340 779 γάρ
3390 725 3506 771 πως
3543 707 3612 758 τὰ
3656 705 3782 775 τῇδε

2207 805 2328 864 ταῖς
2357 801 2469 854 ἄνω
2495 804 2686 872 φοραῖς
2723 797 2858 852 εἷναί
2888 816 3066 870 φαμεν
3110 800 3204 851 καὶ
3239 799 3417 868 ἡμεῖς,
3467 796 3563 848 καὶ
3601 797 3784 846 πᾶσαν

2209 892 2386 945 αὐτῶν
2413 892 2508 962 τὴν
2531 892 2756 962 δύναμιν
2787 889 3151 962 κυϐερνᾶσθαι
3189 888 3425 942 ἐκεῖθεν·
3458 887 3554 940 καὶ
3573 883 3652 938 ’τὸ
3689 886 3786 955 μὲν

2210 981 2370 1035 καλὸν
2406 981 2566 1047 ἆπαν,
2605 982 2728 1034 ὅσον
2764 981 2829 1036 ἂν
2945 981 3128 1036 ἐνθάδε
3176 979 3357 1044 καλὸν,
3387 981 3481 1033 καὶ
3520 979 3585 1032 τὸ
3622 995 3786 1030 τετα-

2209 1073 2428 1143 γμένον,
2464 1072 2666 1127 ἄνωθεν
2697 1073 3003 1142 ἐγγίνεσθαι
3038 1073 3224 1141 φύσει’
3259 1073 3318 1124 τὸ
3346 1072 3390 1124 δ’
3415 1072 3647 1125 ἄτακτον
3693 1069 3786 1123 καὶ

2211 1165 2643 1235 πεπλανημένον,
2697 1165 2959 1235 ὑπάρχειν
2988 1166 3051 1217 ἐκ
3082 1167 3180 1235 τῆς
3210 1163 3396 1216 ἐνθάδε
3440 1163 3570 1234 ὕλης
3589 1179 3603 1192 ο
3649 1161 3790 1214 ἔστω

2213 1253 2270 1306 δὲ
2315 1253 2409 1307 καὶ
2457 1253 2608 1306 πόλλ’
2637 1255 2771 1308 ἄττα
2818 1253 3060 1307 ἀλλοιοῦν
3105 1255 3202 1325 τὴν
3236 1254 3460 1324 σελήνην
3499 1253 3683 1324 πλήρη
3731 1269 3788 1304 τε

2212 1339 2396 1404 οὖσαν,
2427 1345 2521 1396 καὶ
2545 1343 2842 1414 διχότομον,
2875 1344 2967 1395 καὶ
2993 1344 3352 1414 ἀμφίκυρτον,
3381 1343 3474 1396 καὶ
3504 1342 3789 1413 μηνοειδῆ,

2213 1433 2492 1506 κρίνεσθαί
2523 1452 2580 1488 τε
2612 1435 2672 1487 τὸ
2703 1433 2972 1506 περιέχον,
3011 1434 3104 1487 καὶ
3146 1435 3497 1504 μεταϐάλλειν
3549 1435 3618 1488 τὰ
3663 1436 3791 1505 τῇδε

2216 1526 2354 1579 κατὰ
2395 1527 2735 1598 διαμέτρους,
2775 1528 2868 1580 καὶ
2899 1525 3286 1595 τετραγώνους,
3328 1528 3421 1582 καὶ
3465 1528 3602 1592 ὅλως
3627 1529 3795 1591 ποιάς

2216 1632 2366 1680 τινας
2411 1618 2624 1680 στάσεις
2669 1616 2868 1687 αὐτῆςο
2917 1619 2980 1669 οὐ
3041 1618 3146 1689 μὴν
3192 1618 3248 1671 δὲ
3287 1618 3381 1671 καὶ
3435 1617 3658 1687 εὔλογον
3707 1619 3796 1672 διὰ

2215 1708 2386 1763 ταῦτα
2409 1708 2610 1773 ἐῶντας
2631 1710 2856 1780 διαιρεῖν
2889 1709 2980 1762 τὸν
3008 1709 3102 1762 τοῦ
3125 1708 3273 1780 ήλίου
3301 1706 3544 1764 ἐνιαυτὸν
3567 1712 3650 1773 είς
3685 1711 3795 1781 μῆ-

568 1787 651 1808 τ--
701 1787 979 1798 --κν
1137 1787 1153 1800 .
1471 1787 1481 1790 -
1869 1787 1882 1792 -

568 1830 740 1900 ipsius
771 1827 1035 1884 stationes
1069 1843 1084 1878 :
1125 1838 1232 1878 non
1261 1828 1442 1877 tamen
1481 1819 1687 1874 idcirco
1729 1817 2019 1877 convenit,
2061 1820 2121 1867 ut

2228 1816 2336 1864 νας,
2363 1801 2455 1854 καὶ
2493 1799 2743 1871 χρῆσθαι,
2771 1801 3150 1872 ἐτερορῤεπεῖν
3178 1801 3273 1855 ἐπὶ
3299 1802 3398 1873 τὴν
3424 1801 3677 1872 σελήνην,
3704 1802 3798 1854 καὶ

568 1920 986 1992 supersedentes
1011 1915 1143 1972 solis
1169 1927 1370 1969 annum
1415 1913 1471 1966 in
1513 1923 1728 1965 menses
1759 1907 2117 1977 distinguere,

568 2030 740 2083 eaque
765 2011 1031 2066 divisione
1059 2007 1160 2074 uti,
1191 2013 1247 2062 et
1277 2003 1347 2059 ad
1383 2004 1568 2058 lunam
1595 2001 1945 2062 divertentes,
1980 1997 2122 2052 ultro

571 2107 868 2172 sponteque
894 2095 1278 2152 dissideamus.
1304 2091 1414 2148 Nec
1439 2092 1583 2146 enim
1619 2089 1916 2146 secundum
1963 2093 2124 2142 natu-

572 2206 688 2245 ram
721 2197 804 2244 est
824 2196 997 2241 totum
1036 2184 1137 2240 soli
1166 2182 1471 2253 quadrare;
1501 2187 1684 2251 partes
1729 2187 1906 2232 autem
1945 2176 2122 2240 alteri,

570 2297 733 2355 quam
762 2279 863 2335 soli
886 2277 1057 2347 magis
1077 2273 1389 2331 convenire.
1417 2271 1551 2326 Nam
1585 2278 1768 2342 partes
1795 2277 1923 2325 sunt
1956 2269 2124 2323 totius

573 2372 722 2438 anni,
757 2371 847 2440 qui
881 2381 1095 2424 menses
1119 2366 1495 2427 nominantur,
1525 2361 1610 2417 vel
1633 2361 2126 2431 quomodocunque

575 2463 738 2517 libeat
770 2460 917 2514 illam
947 2458 1003 2513 in
1028 2455 1312 2511 duodecim
1342 2452 1516 2524 spatia
1543 2451 1739 2506 solaris
1772 2449 2127 2504 revolutionis

575 2553 920 2626 partitionem
964 2547 1256 2619 appellare.
1291 2544 1448 2612 Quod
1491 2543 1635 2598 enim
1685 2555 1850 2596 causa
1897 2549 1982 2595 est
2025 2537 2128 2592 elli-

575 2648 726 2702 ciens
763 2643 951 2707 totius,
987 2640 1040 2695 id
1079 2646 1226 2695 certe
1267 2635 1504 2707 partium
1550 2633 1859 2689 necessario
1889 2631 2127 2687 eﬂicicns

574 2745 679 2800 est,
718 2749 842 2789 cum
866 2747 932 2787 ex
957 2729 1204 2802 partibus
1239 2736 1413 2782 totum
1443 2732 1758 2795 consurgat,
1781 2731 1835 2779 et
1863 2724 1980 2793 ipso
2013 2730 2128 2775 toto

573 2835 759 2901 partes
793 2825 904 2882 sint
938 2820 1288 2894 generatione
1331 2818 1562 2889 priores.
1610 2815 1707 2870 Est
1753 2821 1931 2869 autem
1967 2813 2129 2867 etiam

577 2918 924 2991 inaequalius,
951 2911 1420 2981 inordinatiusque
1447 2922 1648 2962 annum
1683 2906 1749 2960 ad
1785 2905 1926 2958 luna:
1953 2903 2130 2958 curri-

577 3015 762 3069 ctlum
809 3010 1009 3064 ducere
1041 3025 1054 3059 :
1086 3002 1231 3075 quod
1265 3002 1356 3072 qui
1398 3001 1474 3054 ita
1524 3004 1711 3070 agunt,
1755 3009 1992 3050 mensem
2027 2995 2132 3050 {rev

579 3109 812 3173 quenter
843 3099 1124 3161 inserunt;
1155 3106 1256 3148 nec
1282 3105 1475 3162 parum
1511 3089 1711 3144 habent
1750 3087 1974 3160 negotii,
2001 3084 2127 3140 dum

581 3194 719 3250 alios
746 3204 918 3246 annos
947 3187 1215 3243 mensium
1249 3183 1557 3251 duodecim,
1585 3182 1721 3236 alios
1742 3180 2001 3236 tredecim
2027 3177 2131 3234 elli-

580 3287 752 3342 eiu-nt.
793 3281 978 3352 itaque
1018 3285 1214 3349 praeter
1249 3284 1500 3330 naturam
1553 3273 1769 3344 quidem
1820 3271 1875 3328 id
1928 3273 2128 3341 potius.

581 3379 716 3435 Nam
748 3377 882 3432 ordo
910 3373 1129 3444 quidam
1172 3377 1364 3425 natura
1395 3375 1478 3423 est
1497 3407 1512 3432 ,
1541 3374 1595 3422 et
1634 3373 1828 3437 praeter
1858 3373 2130 3429 naturam,

584 3469 844 3541 quidquid
894 3463 1254 3526 inconditum,
1304 3470 1358 3516 et
1414 3459 1856 3529 incompositum,
1885 3465 1938 3513 et
1986 3456 2134 3527 quod

584 3561 830 3617 ordinem
866 3572 1024 3614 suum
1056 3570 1163 3610 non
1191 3549 1668 3609 servat.Ca:terum
1691 3558 1750 3603 ut
1782 3549 1951 3604 solem
1977 3549 2133 3602 dam-

585 3669 778 3711 nemus
823 3649 1134 3707 inutilitatis
1176 3654 1396 3718 propter
1442 3645 1582 3699 lunae
1637 3643 1768 3707 vim,
1812 3650 1866 3696 et
1902 3657 1964 3696 ea
2013 3654 2135 3710 qua:

584 3744 746 3814 vulgo
775 3749 1058 3812 apparent,
1085 3737 1378 3808 postulatio
1400 3735 1560 3790 nimis
1583 3748 1775 3804 magna
1800 3741 1904 3797 est,
1933 3740 1986 3788 et
2015 3747 2135 3801 quae

586 3836 835 3892 videatur
859 3847 982 3889 esse
1008 3831 1127 3901 ejus
1151 3829 1241 3900 qui
1273 3844 1331 3884 se
1345 3829 1516 3898 magis
1537 3826 1720 3882 sensui
1747 3839 1906 3895 quam
1939 3824 2136 3878 rationi

587 3926 838 3998 applicet.
879 3922 1114 3977 Eﬂ‘ectus
1159 3921 1304 3976 enim
1343 3920 1502 3980 lunae,
1531 3924 1585 3972 et
1616 3930 1780 3986 Opera
1810 3930 1840 3968 a
1865 3915 1979 3969 sole
2010 3913 2134 3983 qui-

587 4020 711 4074 dem
748 4017 914 4088 (quod
948 4029 1116 4086 prope
1147 4009 1400 4079 dixerim)
1425 4010 1607 4064 omnia
1627 4013 1755 4062 sunt
1781 4022 1795 4059 :
1821 4013 1876 4060 et
1914 4005 2024 4060 haec
2055 4004 2140 4057 in-

589 4111 788 4166 feriora
826 4109 967 4163 idem
1003 4107 1085 4162 sol
1118 4105 1382 4175 imprimis
1412 4099 1691 4166 describit,
1727 4097 2062 4160 modulatur,
2085 4106 2140 4151 et

591 4203 647 4256 in
685 4212 968 4254 numerum
1013 4196 1371 4264 ordinemque
1409 4191 1623 4262 digerit.
1650 4189 1716 4243 Et
1748 4189 1975 4244 aliorum
2017 4189 2137 4257 qui-

588 4293 710 4348 dem
735 4290 972 4346 siderum
998 4283 1404 4354 temperationis
1430 4282 1599 4337 solem
1614 4294 1737 4336 esse
1759 4292 2000 4338 causam,
2015 4291 2139 4330 cum

587 4383 774 4441 multis
804 4381 924 4436 aliis
947 4377 1223 4450 praeclaris
1266 4375 1419 4438 viris,
1451 4380 1565 4426 tum
1603 4371 1686 4426 vel
1718 4370 1950 4423 maxime
1984 4365 2138 4422 Stra-

2222 1894 2444 1957 ἐκόντας
2474 1889 2611 1948 εἷναι
2643 1893 2962 1948 διίστασθαι.
2994 1893 3126 1948 Οὐδὲ
3150 1893 3213 1966 δὴ
3241 1893 3383 1947 κατὰ
3411 1894 3572 1964 φύσιν
3600 1893 3668 1946 τὸ
3701 1895 3798 1964 μὲν

2221 1987 2338 2040 ὅλον
2367 1986 2661 2056 προσήκειν
2695 1984 2772 2056 τῷ
2802 1985 2954 2056 ήλίῳ,
2985 1985 3052 2038 τὰ
3082 1985 3138 2037 δὲ
3179 1985 3318 2057 μέρη
3350 1986 3520 2057 ἑτέρῳ
3552 2002 3631 2054 τῳ
3663 1985 3801 2056 μᾶλ-

2222 2077 2310 2130 λον
2342 2075 2644 2130 ἐπιϐάλλειν
2688 2075 2722 2146 ἢ
2757 2074 2833 2145 τῷ
2862 2075 3014 2146 ήλίῳ.
3056 2076 3213 2146 Μέρη
3254 2074 3363 2146 γὰρ
3389 2074 3483 2127 τοῦ
3517 2073 3644 2127 ὅλου
3694 2076 3801 2128 ἐνι-

2223 2167 2386 2222 αυτοῦ
2432 2169 2481 2220 οί
2535 2167 2853 2238 καλούμενοι
2897 2166 3086 2236 μῆνες,
3134 2166 3228 2236 ἢό
3265 2183 3316 2220 τι
3363 2167 3563 2237 δήποτε
3606 2167 3800 2220 καλεῖν

2225 2259 2376 2330 φίλον
2405 2259 2494 2312 τὸν
2527 2261 2606 2322 είς
2649 2257 2856 2312 δώδεκα
2901 2257 3162 2330 μερισμὸν
3208 2259 3307 2330 τῆς
3334 2259 3425 2312 τοῦ
3460 2259 3612 2330 ήλίου
3641 2277 3801 2330 περι-

2225 2353 2414 2424 φορᾶς.
2459 2352 2531 2405 Τὸ
2581 2351 2638 2404 δέ
2683 2350 2778 2405 τοῦ
2820 2351 2940 2404 ὂλου
2989 2351 3288 2422 ποιητικὸν,
3322 2352 3414 2403 καί¹
3455 2350 3565 2403 τῶν
3613 2351 3802 2421 μερῶν

2225 2435 2386 2498 mw;
2417 2443 2693 2514 ποιητικὸν
2742 2442 2802 2508 ἐξ
2851 2443 3095 2512 ἀνάγκης
3140 2443 3306 2497 ἐστίν.
3343 2442 3436 2495 Ἐκ
3467 2443 3576 2495 τῶν
3612 2442 3798 2512 μερῶν

2225 2537 2333 2608 γὰρ
2360 2537 2420 2589 τὸ
2469 2537 2606 2603 ὅλον,
2636 2537 2730 2590 καὶ
2771 2539 2837 2608 τῇ
2884 2535 3090 2605 γενέσει
3135 2535 3374 2606 πρότερα
3415 2536 3512 2589 τοῦ
3562 2537 3687 2589 ὅλου
3731 2536 3799 2588 τὰ

2231 2630 2389 2701 μέρη.
2425 2630 2579 2682 Ἔστι
2606 2629 2661 2681 δὲ
2689 2629 2783 2682 καὶ
2816 2627 3239 2699 ἀνωμαλώτερόν
3275 2646 3334 2682 τε
3376 2630 3469 2682 καὶ
3504 2629 3801 2682 ἀτακτότε-

2230 2739 2321 2792 ρον
2353 2721 2413 2774 τὸ
2444 2721 2581 2794 πρὸς
2608 2721 2703 2792 τὴν
2745 2719 2914 2791 φορὰν
2954 2721 3054 2790 τῆς
3083 2719 3308 2791 σελήνης
3333 2720 3484 2788 ἄγειν
3502 2738 3515 2751 ·
3545 2721 3614 2774 δι’
3643 2722 3676 2773 ὃ
3707 2720 3798 2774 καὶ

2231 2813 2398 2884 συχνὰ
2421 2812 2762 2867 ἐπιϐάλλουσι
2792 2813 2933 2884 μῆνα
2970 2813 3020 2864 οί
3053 2811 3222 2875 οὕτως
3254 2812 3495 2880 ἄγοντες,
3529 2813 3626 2866 καὶ
3656 2814 3802 2885 πρά-

2229 2923 2412 2976 γματα
2455 2904 2656 2975 έχουσι,
2711 2904 2776 2957 τὰ
2821 2905 2916 2975 μὲν
2953 2904 3321 2977 δωδεκάμηνα,
3366 2904 3431 2958 τὰ
3454 2906 3512 2958 δὲ
3539 2923 3798 2977 τρισκαι-

2229 2997 2510 3068 δεκάμηνα
2551 2997 2859 3068 ποιούμενοι
2896 2997 3002 3051 τῶν
3033 2997 3186 3050 ἐτῶν.
3216 2996 3418 3051 Οὐκοῦν
3444 2997 3599 3068 παρὰ
3635 2997 3800 3066 φύσιν

2156 3120 2199 3178 C
2231 3105 2292 3157 γε
2336 3087 2549 3159 μᾶλλον.
2581 3085 2744 3151 Τάξις
2784 3087 2890 3158 γάρ
2918 3104 3000 3150 τις
3033 3089 3066 3157 ἡ
3100 3087 3277 3154 φύσις,
3313 3086 3404 3139 καὶ
3430 3087 3586 3158 παρὰ
3636 3088 3800 3156 φύσιν

2231 3181 2337 3233 πᾶν
2365 3180 2425 3232 τὸ
2454 3178 2768 3251 πλημμελές
2797 3196 2856 3231 τε
2907 3180 3001 3232 καὶ
3043 3180 3292 3234 ἄτακτον.
3329 3178 3399 3232 Τὸ
3421 3179 3465 3232 δ’
3495 3180 3800 3251 ἀχρηστίαν

2228 3271 2320 3325 τοῦ
2349 3271 2495 3344 ἡλίου
2526 3271 2950 3338 καταγινώσκειν
2988 3271 3076 3324 διὰ
3119 3271 3214 3342 τὴν
3243 3271 3343 3341 τῆς
3378 3271 3606 3342 σελήνης
3641 3272 3801 3326 δύνα-

2235 3381 2325 3435 μιν
2366 3363 2461 3416 καὶ
2499 3362 2566 3415 τὰ
2596 3362 2912 3433 φαινόμενα,
2945 3361 3150 3432 αἴτημα
3193 3361 3311 3415 λίαν
3345 3362 3486 3431 μέγα
3531 3364 3676 3427 ἐστὶ,
3710 3364 3801 3418 καὶ

2232 3454 2584 3526 προσέχοντος
2603 3453 2845 3525 αἰσθήσει
2880 3453 3074 3524 μᾶλλον
3107 3453 3280 3506 ἔοικεν
3299 3450 3433 3507 εἶναι
3465 3455 3498 3525 ἢ
3530 3453 3798 3527 λογισμῷ.

2233 3545 2314 3598 Τά
2341 3563 2397 3598 τε
2423 3545 2528 3618 γὰρ
2556 3545 2653 3616 τῆς
2681 3544 2904 3616 σελήνης
2925 3544 3058 3616 ἔργα
3081 3543 3170 3598 διὰ
3194 3545 3282 3598 τὸν
3305 3545 3472 3614 ἥλιον,
3500 3545 3578 3608 ὡς
3604 3547 3796 3609 εἰπεῖν,

2233 3637 2426 3691 ἅπαντ’
2469 3637 2614 3689 ἐστί’
2651 3637 2709 3690 τό
2749 3654 2808 3690 τε
2855 3636 3086 3707 μάλιστα
3127 3636 3363 3708 κοσμοῦν
3398 3637 3466 3692 τὰ
3514 3637 3666 3707 τῇδε,
3709 3639 3800 3691 καὶ

2236 3727 2512 3799 ρυθμίζον,
2547 3726 2638 3782 καὶ
2665 3727 2962 3792 διατάττον,
2995 3727 3024 3779 ό
3051 3727 3198 3798 ἥλιός
3224 3732 3360 3782 ἐστι.
3391 3729 3500 3781 Καὶ
3553 3729 3660 3800 μὴν
3709 3731 3800 3784 καὶ

2233 3820 2331 3890 τῆς
2355 3820 2482 3890 περὶ
2507 3820 2631 3882 τοὺς
2649 3818 2839 3882 ἄλλους
2870 3820 3102 3890 ἀστέρας
3130 3819 3423 3892 εὐκρασίας
3453 3820 3625 3872 αἴτιον
3663 3818 3801 3873 εἶναι

2234 3913 2323 3966 τὸν
2357 3913 2506 3983 ἥλιον
2547 3911 2724 3976 ἄλλοις
2759 3929 2819 3964 τε
2864 3911 2973 3965 τῶν
3018 3911 3240 3976 ἐνδόξων
3285 3913 3378 3966 καὶ
3413 3912 3692 3983 Στράϐωνι
3724 3912 3802 3982 τῷ

2237 4005 2541 4076 γεωγράφῳ
2575 4004 2737 4058 δοκεῖ.
2776 4003 3167 4075 Ἐναργέστερα
3202 4002 3384 4074 μέντοι
3418 4002 3485 4056 τὰ
3529 4006 3661 4075 περὶ⁵
3703 4007 3801 4075 τὴν

2240 4095 2466 4167 σελήνην
2494 4094 2850 4166 συμϐαίνοντα
2892 4094 3031 4149 κατὰ
3062 4094 3344 4165 διαφόρους
3377 4095 3564 4164 φάσεις
3595 4098 3658 4147 ἐκ
3689 4094 3799 4147 τῶν

2240 4186 2376 4256 πρὸς
2405 4186 2493 4239 τὸν
2522 4185 2669 4256 ἥλιον
2698 4184 3046 4239 ἀποστάσεων
3074 4186 3205 4255 ἡμῖν
3242 4185 3475 4255 ἀπαντᾷ.
3508 4185 3649 4236 ἀπ’
3673 4184 3796 4236 ἐπι-

2238 4278 2476 4350 τηρητέα
2507 4277 2684 4348 μέντοι
2713 4277 2806 4330 καὶ
2836 4277 2984 4330 ταῦτ’
3007 4277 3170 4339 ἐστὶν,
3211 4276 3320 4329 εἴτε
3352 4277 3474 4329 καθ’
3502 4275 3797 4344 ἑϐδομάδας

2241 4370 2348 4422 εἴτε
2387 4367 2508 4422 καθ’
2550 4368 2731 4444 ἕτερον
2760 4367 2905 4438 μῆνα
2951 4367 3096 4420 δοκεῖ
3140 4366 3469 4438 σεληνιακόν.
3504 4365 3575 4418 Οὒ
3607 4363 3710 4435 μὴν
3739 4363 3801 4417 δέ

587 4474 720 4532 boni
771 4468 1076 4542 geographo
1138 4463 1366 4520 videtur.
1410 4460 1758 4515 Evidentiora
1798 4465 1982 4512 tamen
2019 4471 2129 4512 sese

2247 4461 2339 4515 καὶ
2365 4460 2542 4531 μόνοις
2565 4459 2735 4512 τοῖσδε
2771 4459 3082 4531 χρωμένους
3110 4459 3290 4512 ἐατέον
3320 4459 3445 4521 τοὺς
3498 4457 3618 4511 καθ’
3653 4456 3804 4527 ἥλιον

589 4568 749 4625 nobis
775 4565 1025 4628 offerunt,
1046 4557 1497 4631 qumcontingunt
1515 4553 1663 4608 circa
1695 4552 1900 4615 lunam,
1920 4557 2142 4620 propter

589 4661 899 4718 differentes
927 4651 1047 4726 ejus
1069 4653 1302 4725 species,
1330 4665 1394 4704 ex
1424 4646 1591 4703 variis
1617 4644 1750 4701 solis
1778 4643 2145 4714 intercapedi-

588 4755 752 4810 nibus
785 4749 1212 4822 proiiciscentes.
1253 4743 1595 4811 Quapropter
1632 4734 1972 4791 observanda
2014 4740 2145 4788 sunt

591 4839 728 4911 hmé,
771 4843 883 4898 sive
916 4856 1014 4912 per
1052 4837 1404 4908 septimanas,
1437 4833 1552 4887 sive
1603 4845 1698 4900 per
1725 4829 1954 4883 alterum
1993 4841 2144 4881 men-

591 4952 708 4994 sem
734 4937 978 4990 lunarem
1008 4931 1241 4985 videtur.
1275 4925 1462 4997 Neque
1499 4938 1629 4978 vero
1663 4922 1751 4976 his
1774 4920 1908 4976 solis
1941 4918 2143 4974 utendo

589 5029 799 5086 solares
832 5025 1083 5080 deserere
1111 5026 1345 5091 oportet,
1368 5007 1470 5088 'qui
1497 5016 1606 5072 sint
1636 5015 1793 5085 longe
1822 5012 2143 5083 aequabilio-

589 5134 702 5182 res,
736 5127 789 5171 et
827 5121 1009 5185 partes
1055 5121 1359 5181 temporum
1399 5107 1660 5162 divinitus
1694 5103 2142 5169 constitutorum,

590 5211 870 5276 totiusque
902 5205 1033 5258 anni
1065 5203 1298 5274 propriae
1334 5209 1389 5257 et
1431 5200 1645 5255 nativaa.
1695 5196 2009 5253 Secundum
2046 5209 2146 5248 na-

593 5311 771 5357 turam
805 5299 950 5354 enim
993 5295 1046 5351 id
1097 5296 1414 5366 simpliciter
1460 5303 1586 5349 est:
1627 5288 2066 5362 quandoquidem
2115 5301 2147 5341 a

594 5407 783 5458 causa,
812 5402 866 5446 et
894 5391 1093 5463 priore,
1143 5394 1197 5443 et
1249 5387 1425 5456 magis
1464 5385 1798 5440 necessaria.
1831 5383 1988 5449 Quod
2017 5397 2146 5438 vero

593 5496 678 5541 est
703 5502 734 5539 a
762 5486 911 5548 luna,
942 5483 1128 5538 notius
1153 5481 1312 5536 nobis
1333 5493 1457 5534 cum
1501 5479 1573 5534 sit
1613 5485 1666 5532 et
1695 5477 1958 5546 apertius,
2000 5478 2146 5532 viam

595 5576 663 5632 ad
685 5592 891 5647 eaquae
923 5583 1050 5631 sunt
1079 5574 1288 5629 notiora
1320 5581 1536 5638 natura,
1567 5579 1619 5626 et
1648 5571 1995 5642 perfectiora,
2028 5584 2148 5623 mu-

593 5670 699 5726 nit.
719 5667 1084 5734 Quamobrem
1107 5667 1287 5724 Caesar
1315 5673 1670 5737 cognomento
1701 5664 1841 5735 apud
1874 5663 2146 5718 Romanos

597 5759 784 5828 Divus,
827 5759 1106 5829 ingressus
1135 5757 1277 5812 hanc
1296 5758 1437 5813 viam
1483 5756 1548 5810 ad
1589 5738 1664 5820 id,
1699 5753 1842 5823 quod
1871 5759 1991 5808 erat
2021 5767 2142 5810 cer-

2247 4551 2418 4623 μῆνας
2442 4549 2834 4620 όμαλεστέρους
2855 4549 3011 4612 ὄντας
3039 4546 3187 4620 παρὰ
3220 4545 3374 4610 πολὺ,
3405 4546 3499 4599 καὶ
3527 4547 3669 4616 μέρη
3697 4545 3804 4597 τῶν

2243 4641 2308 4694 ἐκ
2339 4639 2471 4693 Θεοῦ
2496 4639 2672 4712 ὡρῶν,
2708 4639 2802 4692 καλ⁴
2847 4635 2938 4692 τοῦ
2985 4637 3105 4691 ὅλου
3148 4636 3390 4690 ἐνιαυτοῦ
3415 4637 3592 4690 οἰκεῖά
3623 4653 3682 4688 τε
3715 4637 3808 4688 καὶ

2243 4731 2504 4802 αὐτοφυῆ.
2548 4731 2702 4784 Κατὰ
2742 4729 2900 4798 φύσιν
2932 4729 3038 4800 γὰρ
3080 4727 3223 4781 τοῦθ’
3267 4725 3484 4791 άπλῶςο
3519 4726 3678 4798 εἴπερ
3716 4727 3810 4779 καὶ

2243 4822 2302 4888 ἐξ
2333 4823 2528 4886 αίτίου,
2572 4822 2663 4875 καὶ
2700 4821 2986 4894 προτέρου,
3021 4819 3113 4873 καὶ
3152 4817 3599 4890 ἀναγκαιοτέρου.
3636 4819 3709 4870 Τὸ
3752 4817 3807 4868 δὲ

2245 4913 2351 4967 ἀπὸ
2376 4915 2473 4984 τῆς
2496 4912 2751 4982 σελήνης,
2799 4909 3211 4982 γνωριμώτερον
3252 4907 3310 4960 δν
3347 4910 3480 4978 ήμῖν
3516 4907 3611 4960 καὶ
3646 4905 3811 4973 σαφέ-

2247 5022 2452 5077 στερον,
2486 5004 2601 5067 ὁδός
2644 5005 2788 5055 ἐστιν
2812 5002 2903 5056 ἐπὶ
2929 5002 2998 5055 τὰ
3021 5005 3087 5074 τῇ
3119 5001 3276 5070 φύσει
3319 4997 3715 5070 γνωριμώτερά
3750 5013 3808 5048 τε

2246 5098 2339 5152 καὶ⁵
2382 5095 2698 5167 τελεώτερα.
2736 5095 2812 5147 Δι’
2839 5095 2868 5146 ὃ
2897 5094 2992 5147 καὶ
3028 5095 3075 5147 οί
3119 5093 3247 5164 περὶ
3288 5091 3543 5164 Καίσαρα
3571 5089 3666 5143 τὸν
3715 5090 3809 5141 ἐπ·

2246 5188 2627 5262 ωνομασμένον
2658 5190 2768 5249 τοῖς
2785 5185 3072 5256 Ῥωμαίοις
3110 5185 3247 5249 θεὸν,
3268 5183 3467 5252 ταύτην
3499 5182 3686 5245 ἰόντες,
3718 5180 3810 5232 ἐπὶ

2244 5282 2658 5353 τάκριϐέστερον
2687 5279 2975 5351 ἐληλύθασι
3005 5277 3186 5350 μηνῶν
3209 5294 3267 5331 τε
3292 5277 3385 5331 καὶ
3409 5274 3660 5329 ἐνιαυτοῦ
3693 5274 3808 5327 δια-

2245 5373 2449 5438 τάξεως
2483 5374 2626 5446 πέρι.
2659 5373 2719 5426 Οί
2741 5372 2785 5425 δ’
2813 5371 2921 5443 ἄρα
2958 5374 3068 5435 τοῖς
3098 5373 3156 5425 ἐν
3190 5371 3313 5424 ποσὶ
3352 5369 3444 5423 καὶ
3473 5370 3604 5439 ήμῖν
3648 5381 3813 5436 σαφε-

2249 5466 2457 5538 στέροις
2490 5464 2838 5536 ἐπιμένοντες
2874 5463 2964 5517 διὰ
3001 5462 3186 5525 τέλους
3236 5461 3472 5514 ἐοίκασιν
3515 5458 3575 5511 οὐ
3633 5454 3811 5517 καλῶς

2247 5560 2467 5631 κρίνειν,
2493 5559 2544 5612 τί
2579 5559 2641 5611 τὸ
2666 5557 2730 5611 δι’
2767 5557 2915 5620 αὐτὸ,
2938 5555 3032 5610 καὶ
3064 5555 3118 5608 τί
3149 5554 3210 5607 τὸ
3233 5552 3298 5606 δι’
3325 5552 3508 5624 ἕτερον
3545 5548 3807 5620 αἱρετέον.

2249 5653 2422 5716 Ὅλως
2462 5670 2521 5705 τε
2559 5652 2642 5705 δεῖ
2679 5648 2917 5721 νομίζειν
2953 5648 3020 5702 τὰ
3049 5647 3271 5718 ὕστερον
3309 5644 3482 5716 χρόνῳ
3514 5639 3708 5714 μακρῷ
3731 5638 3808 5688 δι-

2245 5745 2600 5820 ηκριϐωμένα
2629 5744 2754 5816 περὶ
2794 5741 3136 5814 ἀστρολογίαν
3163 5736 3293 5791 πολύ
3327 5753 3379 5789 τι
3427 5733 3534 5788 τῶν
3572 5730 3807 5803 ἀρχαίων
