4044 6220
309 340 445 396 H97

1253 337 1599 394 THEODORI
1639 337 1845 393 GAZIE
1899 336 2094 390 LIBER
2139 336 2224 390 DE
2266 336 2623 393 MENSIBUS.
2703 381 2712 390 .

3402 348 3536 404 H98

308 453 616 524 διαφέρειν’
651 451 783 506 ἀλλά
813 453 885 523 μὴ
922 451 1142 515 ἐκόντας
1190 453 1278 504 ὑπ’
1317 452 1602 514 αὐθαδείας
1641 453 1745 522 πρὸ
1772 451 1865 503 τῶι

1982 451 2090 505 tius
2121 451 2475 518 exactiusque
2495 453 2562 506 de
2592 452 2718 506 anni
2756 453 3133 525 mensiumque
3160 457 3537 526 dispositiones

300 544 646 614 τελεωτέρων
670 543 738 596 τὰ
769 543 1094 614 ἀτελέστερα
1137 545 1395 605 ἐπαινεῖν,
1426 545 1612 614 ὥσπερ
1639 546 1695 596 ἐν
1729 545 1873 614 γήρᾳ

299 638 371 693 τὰ
398 638 506 692 τῶν
529 637 662 690 νέων
686 640 899 707 φρονεῖν
946 637 1024 690 ἔτι
1060 638 1538 709 προαιρουμένους.
1583 635 1734 689 Ἐπεὶ
1782 636 1874 688 καὶ

302 728 538 798 Γαληνὸς
580 730 637 780 ἐν
673 730 785 790 τοῖς
827 728 956 798 περὶ
993 729 1259 798 κρισίμων
1288 726 1510 798 ἡμερῶν
1562 726 1738 794 λόγοις
1785 725 1874 779 τὸν

305 819 549 873 ἐνιαυτὸν
576 820 666 872 ἐπὶ
691 821 809 882 ταῖς
838 819 997 872 πέντε
1022 819 1115 872 καὶ
1141 819 1402 890 ἐξήκοντα
1424 819 1516 872 καὶ
1539 819 1874 890 τριακοσίαις

305 911 558 981 ἡμέραις,
593 910 933 980 ἐπικείμενον
963 910 1106 980 ἔχειν
1141 928 1192 962 τι
1230 910 1414 980 μόριον
1453 909 1666 979 ἡμέρας
1695 906 1874 978 μεῖζον

304 1003 337 1074 ἦ
369 1003 445 1066 ὼς
471 1002 726 1074 τέταρτον
759 1001 923 1070 λέγει.
958 1003 1028 1055 Τὸ
1069 1002 1113 1054 δ’
1145 1003 1204 1054 οὐ
1252 1001 1452 1072 μεῖζον,
1503 1000 1614 1054 ἀλλ’
1660 1000 1874 1052 ἔλαττον

302 1090 460 1158 εἶναι,
488 1097 606 1156 ταῖς
634 1093 856 1164 ὕστερον
887 1093 1269 1164 ἐπιτηρήσεσιν
1311 1090 1560 1162 εὓρηται.
1588 1091 1651 1142 Εἰ
1691 1089 1736 1142 δ’
1768 1090 1875 1159 ἄρα

299 1205 405 1240 που
441 1187 575 1258 μηδέ
619 1186 686 1240 τὰ
728 1186 855 1255 περὶ
897 1185 994 1256 τὴν
1021 1184 1170 1255 ἡλίου
1212 1183 1423 1254 κίνησιν
1453 1181 1710 1254 τάκριϐὲς
1740 1197 1876 1233 παν-

297 1277 533 1330 τάπασιν
566 1274 704 1344 ἴσχοι
743 1277 872 1344 ἡμῖν
895 1290 910 1305 ο
945 1273 1058 1327 ἀλλ’
1085 1268 1178 1326 οὖν
1210 1288 1274 1340 γε
1320 1270 1453 1323 πολῦ
1483 1270 1592 1324 τῶν
1621 1270 1748 1340 περὶ
1777 1269 1874 1341 τὴν

299 1367 530 1440 σελήνην
576 1366 915 1438 ἁκριϐέστερ’
960 1365 1096 1431 ἐστὶ,
1141 1366 1234 1418 καὶ
1291 1365 1352 1418 τὸ
1391 1362 1873 1434 πλημμελούμενον

295 1460 806 1532 εὒδιορθωτότερον·
841 1459 893 1512 et
921 1475 984 1526 γε
1021 1458 1147 1528 μίαν
1183 1457 1280 1528 μὲν
1328 1455 1417 1509 διὰ
1459 1455 1872 1528 τετραετηρίδος

297 1547 508 1619 ἡμέραν
535 1546 848 1616 ἐμϐόλιμον,
883 1545 1010 1616 μίαν
1036 1545 1093 1598 δὲ
1122 1545 1304 1615 σχεδὸν
1334 1545 1424 1598 διά
1460 1545 1871 1616 διακοσαετηρί-

294 1637 385 1701 δος
438 1636 722 1708 ἐκϐόλιμον
773 1635 1078 1701 ποιεῖσθαι,
1118 1633 1479 1706 ἀποχρώντως
1529 1634 1594 1689 ἂν
1654 1633 1787 1704 ἔχοι,
1839 1634 1871 1705 ἣ

293 1728 492 1781 ὁπόσον
545 1728 612 1782 ἂν
655 1728 742 1782 διὰ
784 1729 1035 1781 πλείστου
1073 1728 1121 1779 οἱ
1167 1728 1446 1798 περιόντες
1491 1728 1576 1780 ἀεὶ
1615 1725 1690 1796 τῷ
1741 1725 1870 1796 χρό-

1981 541 2134 611 163
2166 543 2390 610 propius
2421 544 2675 598 accessit.
2705 544 2808 610 Qui
2844 563 2972 616 ergo
3021 548 3074 600 in
3107 550 3286 602 medio
3325 553 3537 618 positis,

1975 641 2026 684 et
2063 632 2220 684 nobis
2252 633 2720 691 manifestioribus
2748 638 2970 693 assidue
3005 639 3292 704 insistunt,
3327 657 3435 695 non
3469 643 3543 697 vi-

1976 721 2174 774 detttur
2205 732 2350 776 recte
2375 724 2698 794 dignoscere
2724 727 2853 796 quid
2880 744 2975 797 per
2998 744 3054 782 se
3082 737 3135 783 et
3160 731 3290 799 quid
3319 743 3542 800 propter

1976 814 2119 866 aliud
2160 816 2488 870 sumendum
2537 818 2630 872 sil.
2665 817 2952 888 Semelque
2984 822 3302 878 existimare
3329 831 3541 893 oportet

1977 907 2284 974 astrologia:
2313 911 2835 976 commentationes,
2871 927 2990 980 quae
3037 914 3208 966 multo
3244 923 3368 983 post
3403 925 3539 970 tem-

1976 1011 2108 1064 pore
2131 997 2476 1068 diligentiore
2493 1016 2622 1054 cura
2643 1001 2910 1056 “absoluta:
2933 1011 3079 1069 sunt,
3113 1020 3221 1058 non
3249 1021 3438 1074 parum
3472 1005 3541 1061 ab

1977 1089 2215 1158 antiquis
2254 1091 2361 1145 illis
2390 1100 2679 1161 przestare;
2720 1109 2826 1147 non
2860 1102 3041 1150 autem
3073 1112 3183 1165 pne
3235 1098 3539 1168 pervicacia

1975 1177 2174 1232 decens
2200 1189 2283 1234 est
2306 1181 2706 1250 itnperfectiora
2735 1185 3156 1254 perlectioribus
3185 1199 3537 1259 anteponere,

1975 1272 2129 1340 quasi
2160 1273 2402 1327 volentes
2425 1274 2479 1327 in
2509 1284 2788 1331 senectute
2817 1277 2994 1332 adhuc
3024 1281 3259 1335 retinere
3294 1283 3540 1351 pueritiae

1977 1364 2229 1433 ineptias.
2268 1364 2496 1430 Quando
2529 1368 2608 1422 vel
2643 1369 2759 1438 ipse
2790 1368 3028 1425 Galenus
3052 1372 3105 1424 in
3142 1372 3298 1428 libris
3330 1373 3396 1428 de
3425 1373 3540 1430 die-

1976 1457 2076 1510 bus
2105 1455 2421 1513 decretoriis
2452 1458 2606 1523 dicit,
2649 1475 2793 1514 anno
2815 1477 2975 1530 supra
3005 1472 3278 1520 trecentos
3303 1473 3357 1520 et
3391 1481 3542 1521 sexa-

1974 1547 2122 1616 ginta
2149 1550 2388 1631 quinque
2416 1550 2563 1613 dies,
2599 1554 2924 1621 particulam
2957 1558 3249 1626 quamdam
3279 1559 3539 1614 accedere

1975 1639 2080 1693 diei
2115 1642 2419 1711 quadrante
2451 1645 2736 1712 majorem.
2763 1646 2926 1718 Atqui
2958 1665 3064 1703 non
3105 1651 3364 1720 majorem
3395 1668 3537 1719 esse,

1975 1735 2065 1788 sed
2101 1735 2382 1798 minorem,
2427 1737 2659 1804 posteris
2690 1740 3174 1796 observationibus
3219 1749 3539 1797 annotatum

295 1839 373 1891 νῳ
404 1820 763 1893 ἀστρονομίας
811 1820 1191 1892 ἐμπειρότατοι
1236 1820 1511 1891 κρίνωσιν.
1558 1818 1721 1871 Οὐδὲν
1761 1817 1865 1886 γὰρ

1969 1835 2070 1879 est.
2093 1823 2245 1891 Quod
2271 1826 2314 1880 si
2342 1826 2481 1882 forte
2511 1843 2578 1882 ne
2606 1830 2739 1884 solis
2765 1831 2984 1900 quidem
3021 1843 3201 1888 motus
3237 1834 3376 1888 ratio
3406 1833 3540 1889 satis

292 1914 373 1984 τῷ
426 1914 650 1983 παρόντι
701 1914 1055 1985 προσίσταται
1103 1914 1264 1985 λόγῳ,
1309 1915 1363 1967 ετ
1405 1931 1549 1978 τινες
1596 1913 1871 1984 ἀμφισϐη-

293 2007 447 2062 τοῦσι
479 2006 718 2079 περὶτοῦ
751 2008 858 2062 τῶν
884 2007 1018 2061 ἐτῶν
1052 2008 1307 2079 πλήθους.
1354 2006 1871 2078 Ἀναμφισϐητὴτως

292 2099 404 2171 γάρ
444 2102 478 2171 ἡ
520 2099 888 2172 ἐπανόρθωσις
933 2100 1083 2153 ἔσται
1138 2100 1229 2154 διὰ
1283 2099 1560 2165 πλείστου,
1605 2099 1752 2161 ὅπως
1803 2097 1869 2150 ἂν

292 2198 414 2266 ἔχῃ.

1979 1913 2137 1968 nobis
2169 1921 2415 1980 constet;
2460 1925 2513 1969 at
2551 1933 2713 1985 quam
2769 1919 2911 1972 luna:
2953 1926 3101 1974 certe
3135 1921 3308 1976 multo
3337 1923 3541 1976 certior

1977 2012 2082 2064 est,
2113 2005 2341 2074 ejusque
2380 2021 2537 2061 error
2586 2009 2778 2075 levior,
2805 2019 2858 2065 et
2893 2012 3074 2067 minus
3109 2015 3283 2068 errori
3310 2014 3539 2084 pr0pin-

1977 2112 2136 2166 quus.
2175 2095 2455 2165 Siquidem
2488 2100 2623 2154 satis
2663 2112 2747 2156 est
2779 2121 2948 2158 unum
2997 2105 3140 2160 diem
3178 2115 3373 2176 quarto
3403 2121 3542 2176 quo.

1975 2201 2081 2256 que
2125 2201 2270 2248 anno
2317 2185 2659 2257 intercalari;
2706 2200 2829 2260 post
2876 2210 3003 2249 vero
3053 2194 3318 2250 ducentos
3373 2195 3542 2250 ferme

292 2287 469 2336 annos
493 2296 662 2335 unum
686 2282 1028 2352 exemptilem
1061 2281 1203 2348 ﬁeri,
1228 2285 1313 2340 vel
1337 2297 1498 2354 quam
1528 2283 1692 2351 longo
1718 2274 1981 2346 temporis
2049 2276 2338 2331 intervallo
2384 2278 2743 2347 judicabant,
2808 2284 2903 2354 qui
2966 2285 3188 2341 assidue
3247 2286 3543 2340 succedent

291 2359 634 2445 experientia
663 2376 991 2432 excellentes
1015 2381 1340 2433 astronomi.
1374 2375 1561 2447 Neque
1589 2375 1731 2428 enim
1765 2369 2051 2442 pnesentis
2084 2381 2165 2424 est
2192 2372 2449 2438 instituti,
2487 2374 2532 2429 si
2559 2374 2758 2457 quibus
2786 2387 3138 2434 controversa
3167 2386 3251 2435 est
3276 2379 3332 2433 in
3353 2378 3457 2432 hac
3483 2389 3542 2432 re

291 2455 560 2522 annorum
610 2466 923 2522 multitudo.
958 2467 1112 2523 Haud
1160 2469 1324 2524 dubie
1367 2468 1510 2523 enim
1551 2464 1788 2536 plurimo
1841 2461 2105 2530 temporis
2139 2461 2435 2518 interstitio
2478 2455 2878 2536 emendabitur,
2918 2477 3198 2541 utcunque
3231 2489 3290 2528 se
3319 2471 3538 2529 habeat.

290 2573 418 2641 Ὀτι
437 2585 536 2640 καὶ
559 2584 683 2652 τοῖς
712 2586 927 2656 σοφοῖς
951 2586 1376 2710 δὲκεῒβέλτιον
1403 2587 1474 2641 τὰ
1507 2585 1657 2641 κατὰ
1687 2584 1865 2653 ἣλιον

1028 2675 1172 2710 retr.

1096 2675 1172 2713 ιν.

984 2675 1024 2710 a
1096 2675 1172 2713 ιν.

363 2747 466 2801 ΙΑ’.
524 2749 764 2803 Ἐπαινεῖ
787 2748 844 2802 δέ
874 2675 1240 2820 διαφεγρῐντως
1273 2750 1366 2805 καὶ
1399 2749 1742 2821 Πλούταρχος
1764 2749 1864 2820 τὴν

292 2838 569 2909 Καίσαρος
594 2840 985 2912 ἐπανόρθωσιν,
1011 2841 1178 2906 δεινὸς
1207 2840 1280 2894 ὢν
1305 2845 1504 2914 κρῖναι,
1533 2835 1634 2894 ὦδε
1660 2841 1860 2910 λέγων’

296 2948 316 2982 ι
359 2930 423 2983 Ἦ
450 2929 507 2982 δέ
537 2929 628 2983 τοῦ
669 2931 1023 3003 ἡμερολογίου
1054 2932 1290 2996 διάθεσις
1332 2933 1425 2986 καὶ
1457 2932 1739 3004 διόρθωσις
1763 2933 1862 3002 τῆς

1969 2579 2123 2646 Quod
2171 2581 2294 2635 viris
2337 2582 2678 2652 prudentibus
2724 2587 3046 2641 commodius
3090 2589 3294 2643 videtur
3345 2607 3540 2646 annum

2527 2655 2596 2707 ad
2621 2656 2783 2709 solem
2811 2674 2980 2727 agere.

2036 2743 2126 2798 XI.
2169 2743 2419 2817 Impense
2457 2762 2586 2802 vero
2626 2747 2811 2802 laudat
2841 2750 3074 2805 Caesaris
3107 2745 3538 2807 emendationem

1964 2834 2338 2902 Plutarchus,
2403 2840 2683 2908 praestanti
2746 2840 2829 2894 vir
2885 2840 3116 2910 judicio,
3163 2842 3244 2897 sic
3300 2842 3540 2898 dicens:

1973 2945 1991 2978 ι
2033 2927 2322 2984 Fastorum
2357 2937 2537 2986 autem
2561 2931 2869 3002 dispositio,
2893 2939 2947 2988 et
2992 2934 3374 2990 inconstantiae
3395 2935 3538 2992 illius

292 3021 422 3094 περὶ
461 3022 551 3076 τὸν
597 3024 786 3093 χρόνον
824 3023 1157 3095 ἀνωμαλίας,
1189 3025 1606 3095 φιλοσοφηθεῖσα
1644 3024 1864 3095 χαριέν-

1968 3036 2136 3093 vagae,
2170 3029 2224 3078 et
2254 3023 2476 3078 incertae
2507 3026 2798 3090 correctio,
2824 3027 3098 3096 eleganter
3125 3027 3193 3081 ab
3222 3027 3339 3097 ipso
3367 3028 3539 3097 philoo

292 3131 402 3178 τως
440 3115 531 3168 ὑπ’
568 3114 755 3180 αὐτοῦ,
804 3115 898 3169 καὶ
947 3115 1101 3180 τέλος
1142 3115 1400 3183 λαϐοῦσα,
1435 3117 1861 3189 γλαφυρωτάτην

292 3208 538 3279 παρέσχε
590 3208 799 3279 χρείαν.
858 3227 878 3260 ι
934 3208 1213 3280 Ἡρόδοτος
1264 3210 1320 3264 δέ
1369 3211 1464 3264 καὶ
1523 3209 1863 3282 σοφωτέρους

288 3299 462 3353 οἴεται
492 3317 630 3353 ειναι
659 3301 988 3368 Αἰγυπτίους
1029 3301 1317 3373 Ἑλλήνων,
1353 3304 1482 3376 παρ’
1511 3303 1634 3360 ὅσον
1678 3303 1727 3354 οἱ
1765 3303 1862 3373 μὲν

288 3390 378 3444 διὰ
425 3392 608 3462 τρίτου
650 3392 803 3456 ἔτους
853 3395 1249 3465 ἐπεμϐάλλουσι
1285 3396 1462 3466 μῆνα’
1509 3398 1558 3449 οἱ
1601 3396 1679 3462 δὲ,
1709 3413 1862 3468 τρια-

291 3482 662 3556 κονθημέρους
722 3485 944 3553 ἄγοντες
996 3487 1122 3550 τοὺς
1179 3485 1374 3557 μῆνας,
1431 3485 1589 3539 πέντε
1650 3487 1862 3558 ἡμέρας

291 3573 589 3642 ἐπάγουσιν
624 3575 727 3629 ἀνὰ
759 3575 986 3630 ἕκαστον
1015 3577 1153 3640 ἔτος.
1187 3578 1260 3631 Οὐ
1285 3581 1464 3649 χεῖρον
1495 3577 1552 3631 δὲ
1585 3578 1677 3630 καὶ
1702 3577 1862 3631 πάλιν

291 3665 392 3736 τὴν
429 3665 573 3733 λέξιν
619 3669 782 3722 αὐτοῦ
827 3668 1202 3741 παραθέσθαι·
1239 3688 1257 3720 ι
1303 3671 1528 3738 Ἀγουσι
1569 3669 1625 3722 δὲ
1663 3669 1862 3740 τοσῷδε

291 3754 600 3829 σοφώτερον
626 3757 910 3830 Ἑλλήνων,
937 3760 1060 3830 ἐμοὶ
1081 3759 1308 3823 δοκέειν,
1342 3760 1451 3830 ὅσῳ
1479 3759 1734 3830 Ἕλληνες
1767 3760 1862 3831 μὲν

288 3848 384 3904 διὰ
407 3849 588 3919 τρίτου
607 3849 755 3914 ἔτεος
773 3851 1065 3924 ἐμϐόλιμον
1097 3852 1495 3924 ἐπεμϐάλλουσι
1539 3851 1648 3906 τῶν
1676 3852 1861 3925 ὡρέων

287 3943 468 3996 εἵνεκε
488 3961 502 3974 ο
533 3944 816 4014 Αἰγύπτιοι
844 3945 923 4011 δὲ,
953 3947 1449 4018 τριηκοντημέρους
1480 3946 1698 4014 ἄγοντες
1738 3945 1864 4007 τοὺς

288 4033 536 4090 δυώδεκα
564 4037 758 4108 μῆνας,
784 4038 1048 4107 ἐπάγουσι
1070 4037 1171 4091 ἄνα
1195 4040 1301 4092 πᾶν
1323 4038 1439 4102 ἔτος
1464 4037 1622 4091 πέντε
1653 4036 1863 4108 ἡμέρας

289 4126 473 4198 παρὲξ
494 4128 588 4181 τοῦ
612 4128 869 4200 ἀριθμοῦ.
895 4149 914 4181 ι
947 4128 1020 4184 Τὸ
1063 4129 1120 4182 δέ
1165 4129 1664 4200 τριακονθημέρους
1710 4129 1863 4196 ἄγειν

285 4220 417 4284 τοὺς
457 4220 649 4291 μῆνας,
683 4221 822 4275 κατά
854 4222 1004 4294 ἥλιον
1034 4226 1186 4291 ἄγειν
1216 4218 1374 4287 εἶναι,
1421 4221 1569 4291 δηλοῖ
1608 4221 1862 4291 Στράϐων

285 4308 492 4363 οὑτωσὶ
524 4310 695 4380 λέγων
713 4329 726 4342 ⁸
765 4332 785 4364 ι
825 4313 1136 4382 Αἰγυπτίων
1163 4313 1206 4366 δ’
1233 4314 1349 4365 ἐστὶ
1373 4314 1467 4367 καὶ
1510 4313 1569 4366 τὸ
1600 4311 1696 4376 τὰς
1725 4312 1861 4383 ἡμέ-

291 4417 394 4473 ρας
433 4399 507 4471 μὴ
539 4400 680 4454 κατά
714 4402 942 4473 σελήνην
994 4403 1176 4468 ἄγειν,
1208 4401 1343 4454 ἀλλὰ.
1379 4403 1519 4456 κατὰ
1548 4402 1720 4472 ἥλιον,
1746 4405 1860 4466 τοῖς

285 4493 776 4566 τριακονθημέροις
842 4493 1051 4548 δώδεκα
1107 4495 1270 4566 μησὶν
1336 4495 1650 4563 ἐπαγόντων
1702 4494 1861 4547 πέντε

285 4588 506 4660 ἡμέρας
534 4589 653 4641 κατ’
693 4587 934 4641 ἐνιαυτὸν
981 4589 1230 4643 ἕκαστον.
1284 4609 1304 4642 ›
1353 4589 1579 4661 Πλήθων
1625 4589 1724 4660 μὲν
1771 4585 1862 4642 οὖν

286 4678 428 4732 πολὺ
451 4678 653 4731 τούτων
688 4679 884 4751 ἀπᾴδει
911 4680 1083 4749 λέγων
1113 4679 1254 4733 κατὰ
1288 4680 1447 4749 φύσιν
1483 4676 1622 4733 εἶναι
1663 4679 1860 4750 μᾶλλον

282 4770 352 4824 τὸ
403 4771 543 4825 κατὰ
590 4771 813 4843 σελήνην
855 4773 1007 4841 ἄγειν
1051 4773 1176 4836 τοὺς
1221 4773 1416 4845 μῆνας,
1465 4774 1559 4826 καὶ
1615 4773 1706 4826 τὸν
1764 4773 1862 4843 μὲν

285 4863 538 4920 ἐνιαυτὸν
590 4863 669 4936 τῷ
720 4865 877 4936 ἡλίῳ,
925 4866 1053 4930 τοὺς
1094 4866 1151 4920 δὲ
1189 4867 1362 4938 μῆνας
1401 4865 1617 4920 διαιτῶν
1660 4869 1726 4937 τῇ
1773 4883 1860 4919 σε-

284 4957 451 5030 λήνῃὶ

543 5071 676 5138 Πῶς
704 5073 1004 5141 χρηστέον
1026 5073 1177 5142 μησὶ
1207 5073 1304 5130 καί
1337 5072 1608 5140 ἐνιαυτῷ.

360 5163 464 5218 IB'.
517 5163 706 5234 Ἡμεῖς
756 5164 812 5218 δέ
861 5165 1087 5236 ὀνόμασι
1138 5165 1233 5236 μὲν
1285 5168 1398 5230 τοῖς
1427 5167 1732 5238 εἰρημένοις
1767 5168 1860 5220 καὶ

281 5255 443 5323 τάξει
468 5257 784 5329 χρησόμεθα
817 5257 926 5312 τῶν
956 5259 1160 5330 μηνῶν,
1196 5260 1481 5332 πράγμασι
1511 5262 1567 5315 δὲ
1602 5263 1740 5316 κατὰ
1759 5263 1858 5334 τὴν

283 5349 567 5421 Καίσαρος
610 5349 1004 5422 ἐπανόρθωσιν,
1128 5351 1397 5424 χρώμενοι
1438 5356 1696 5425 Ῥωμαῖοι
1729 5356 1858 5427 ἄχρι

284 5443 387 5497 καὶ
416 5442 530 5510 νῦν,
561 5438 720 5514 ἦττον
763 5444 962 5515 ἐτέρων
992 5444 1313 5515 σφάλλεσθαι
1342 5449 1471 5519 περὶ
1513 5447 1610 5520 τὴν
1636 5449 1856 5519 ἀνωμα-

285 5532 412 5586 λίαν
460 5531 673 5588 δοκοῦσι
722 5535 985 5604 χιλιοστὸν
1041 5537 1134 5590 καὶ
1181 5540 1628 5593 πεντακοσιοστὸν
1675 5541 1855 5610 όλίγου

281 5624 398 5682 δεῖν
424 5625 542 5679 τόδε
578 5625 713 5690 ἔτος.
743 5629 1055 5700 Λαμϐἀνειν
1081 5646 1140 5684 τε
1168 5629 1444 5703 ἀξιοῦμεν,
1479 5635 1530 5687 εἴ
1557 5650 1698 5699 τινες
1725 5635 1858 5706 χρή-

357 5757 427 5789 ⁸⁰¹
460 5756 706 5828 Euterpe,
748 5776 805 5818 η.
839 5760 890 5817 4.

1966 3112 2189 3181 sophica
2223 3113 2436 3169 ratione
2479 3116 2768 3185 explicata,
2799 3117 3069 3187 ﬁnemque
3099 3119 3315 3184 sortita,
3341 3119 3542 3188 jucun-

1966 3197 2253 3253 dissimum
2303 3216 2461 3256 usum
2511 3203 2764 3271 praebuit.
2797 3224 2815 3256 ι
2870 3204 3177 3262 Herodotus
3214 3208 3401 3263 autem
3445 3222 3539 3263 sa-

1965 3289 2264 3359 pientiores
2316 3289 2521 3347 Graacis
2577 3295 2856 3350 existimat
2901 3295 3220 3369 Egyptios,
3268 3309 3538 3370 quatenus

1964 3380 2139 3436 Graeci
2187 3383 2350 3437 tertio
2387 3399 2606 3454 quoque
2644 3401 2791 3441 anno
2827 3402 2994 3441 unum
3028 3404 3271 3444 mensem
3304 3391 3538 3444 interca-

1965 3475 2100 3541 lant,
2139 3473 2380 3546 [Egyptii
2446 3492 2576 3532 vero
2621 3479 2904 3534 mensibus
2945 3481 3254 3537 trieenariis
3298 3483 3540 3553 quinque

1966 3571 2084 3626 dies
2111 3573 2408 3641 quotannis
2437 3573 2722 3643 adjiciunt.
2758 3573 2863 3629 Sed
2899 3590 3000 3630 nec
3027 3576 3124 3630 abs
3153 3592 3212 3631 re
3240 3576 3406 3633 fuerit
3437 3594 3538 3632 au—

1965 3664 2136 3720 ctoris
2161 3662 2335 3735 ipsius
2363 3665 2530 3720 verba
2553 3681 2816 3735 reponere
2838 3667 2908 3699 ⁸⁰⁶
2937 3686 2952 3722 :
2980 3684 2999 3718 ι
3021 3667 3223 3738 Agunt,
3256 3670 3453 3740 inquit,
3473 3686 3540 3725 eo

1965 3756 2293 3826 prudentius
2336 3756 2563 3824 Graecis,
2599 3767 2659 3812 ut
2697 3759 2829 3813 mihi
2873 3759 3090 3830 quidem
3126 3761 3364 3826 videtur,
3392 3763 3539 3833 quod

1965 3837 2137 3904 Graeci
2193 3851 2357 3905 tertio
2400 3866 2619 3921 quoque
2671 3867 2818 3906 anno
2859 3868 3103 3909 mensem
3153 3840 3535 3910 intercalarem

1965 3939 2202 4004 faciunt,
2250 3940 2414 4012 idque
2457 3950 2762 4011 temporum
2795 3943 2972 4012 gratia
3007 3961 3021 3998 :
3059 3959 3248 3998 verum
3296 3943 3538 4015 Egyptii

1964 4029 2252 4086 duodecim
2287 4031 2568 4086 mensibus
2605 4032 2828 4103 (quibus
2864 4031 3104 4088 tricenos
3127 4031 3244 4088 dies
3273 4033 3540 4091 adnume-

1964 4121 2108 4194 rant)
2161 4123 2393 4197 singulis
2446 4124 2606 4179 annis
2655 4125 2899 4195 quinque
2954 4125 3072 4182 dies
3129 4126 3462 4182 adsciscunt.
3510 4146 3532 4181 ι

1964 4213 2214 4271 Tricenis
2251 4224 2430 4271 autem
2463 4215 2658 4272 diebus
2687 4233 2902 4273 menses
2933 4225 3144 4284 taxare,
3175 4219 3320 4290 quod
3363 4219 3434 4274 sit
3466 4220 3536 4276 ad

1965 4308 2096 4363 solis
2129 4322 2353 4363 cursum
2387 4323 2567 4379 agere,
2599 4309 2843 4363 ostendit
2876 4307 3072 4365 Strabo
3120 4311 3191 4364 ita
3235 4310 3487 4381 inquiens
3517 4330 3530 4366 :

1971 4416 1988 4449 ι
2025 4397 2404 4469 IEgyptiorum
2457 4415 2586 4454 vero
2627 4408 2712 4455 est
2763 4410 2819 4456 et
2860 4402 3016 4467 illud,
3052 4403 3168 4458 dies
3200 4417 3309 4457 non
3349 4402 3417 4456 ad
3446 4403 3534 4458 lu~

1962 4505 2110 4556 nam,
2157 4491 2250 4546 sed
2313 4492 2378 4545 ad
2432 4492 2602 4547 solem
2666 4509 2846 4565 agere,
2897 4491 3202 4550 tricenariis
3251 4495 3534 4552 mensibus

1962 4581 2249 4638 duodecim
2285 4585 2528 4655 quinque
2571 4583 2688 4640 dies
2735 4587 3033 4657 quotannis
3075 4586 3467 4657 adjicientium.
3507 4607 3528 4642 ι

1961 4672 2191 4730 Plethon
2222 4676 2389 4747 igitur
2425 4678 2656 4733 multum
2699 4679 2768 4733 ab
2801 4679 2868 4734 iis
2899 4679 3192 4752 discrepat,
3221 4681 3408 4737 dicens
3443 4698 3531 4738 sc-

1961 4767 2200 4822 cundum
2265 4777 2517 4824 naturam
2572 4771 2747 4840 magis
2802 4786 2922 4825 esse
2974 4787 3189 4827 menses
3235 4773 3302 4826 ad
3347 4774 3532 4829 lunam

1961 4873 2155 4930 agere;
2191 4877 2396 4915 annum
2431 4861 2650 4932 quidem
2683 4863 2784 4918 soli
2816 4879 2914 4934 pro
2947 4864 3173 4918 arbitrio
3205 4865 3531 4932 attribuens,

1960 4967 2176 5008 menses
2199 4968 2330 5008 vero
2356 4955 2519 5010 lunae.

2172 5069 2446 5134 Quomodo
2474 5069 2724 5124 utendum
2758 5069 3018 5125 mensibus
3049 5081 3099 5124 et
3125 5088 3282 5127 anno.

2028 5161 2144 5217 XII.
2185 5161 2296 5217 Nos
2343 5170 2525 5218 autem
2557 5171 2611 5218 et
2651 5164 2844 5220 ordine
2890 5166 3162 5221 mensium
3207 5175 3261 5222 et
3295 5167 3535 5222 nomini-

1960 5257 2064 5311 bus
2097 5265 2316 5312 utemur
2360 5257 2691 5327 explicatis;
2723 5257 2888 5314 rebus
2935 5274 3065 5313 vero
3103 5259 3259 5330 juxta
3297 5260 3532 5316 Caesaris

1959 5351 2415 5415 emendationem,
2451 5365 2559 5421 qua
2607 5351 2871 5406 hactenus
2914 5359 3130 5407 utentes
3157 5350 3390 5408 Romani
3427 5354 3533 5410 mi—

1960 5456 2065 5495 nus
2095 5439 2323 5510 reliquis
2352 5440 2407 5494 in
2436 5440 2538 5495 hac
2565 5441 2886 5497 confusione
2921 5441 3034 5496 falli
3063 5443 3318 5499 videntur
3348 5464 3361 5499 :
3403 5444 3532 5500 mil—

1961 5534 2183 5590 lesimus
2238 5543 2292 5590 et
2334 5548 2502 5605 prope
2551 5534 3024 5606 quingentesimus
3063 5536 3175 5606 jam
3221 5537 3309 5592 hic
3353 5553 3533 5597 annus

1959 5637 2062 5683 est.
2099 5625 2282 5697 Neque
2316 5641 2445 5682 vero
2470 5627 2518 5684 si
2551 5626 2682 5699 quid
2721 5643 2752 5682 a
2786 5628 3113 5699 quibusdam
3141 5632 3532 5702 excogitatum,
