4044 6220
510 311 646 367 “99

1561 307 1651 361 AD
1683 305 1959 363 Ευειῑῐιιι
1990 304 2383 363 CIiRONlCON
2425 306 2784 363 APPENDIX.

3611 313 3747 371 θεοῦ

506 434 564 484 εἰ
595 427 649 480 in
676 437 1020 480 communem
1061 423 1185 478 vitae
1215 421 1502 477 utilitatem
1544 420 1799 477 collatum
1828 428 1932 483 est,
1961 422 2061 476 εἰν(

2177 424 2332 493 σιμόν
2361 441 2412 476 τι
2443 423 2671 496 ἐφεῦρον
2695 423 2772 495 τῷ
2801 422 2921 494 βίῳ,
2957 423 3052 477 ἐάν
3082 442 3140 478 τε
3171 426 3389 481 Λατῖνοι
3414 419 3545 482 ὦσιν
3572 430 3627 484 oi
3654 433 3745 485 εὑ-

506 517 707 582 Latini,
746 516 860 571 sive
890 514 1108 569 barbari
1139 514 1248 569 sint
1273 512 1584 582 hujusmodi
1616 512 1946 578 inventores,
1973 513 2071 569 de-

504 610 793 679 dignamur
841 608 908 659 ab
956 606 1025 661 iis
1069 605 1121 658 id
1176 606 1456 660 inventum
1501 603 1761 658 utendum
1800 604 2067 674 accipere,

504 716 804 768 omnesque
857 699 1189 754 domesticos
1247 704 1302 752 et
1359 695 1656 751 familiares
1719 696 2065 761 existimare,

505 796 754 851 homines
806 793 897 863 qui
946 792 1077 855 sint,
1113 801 1167 847 et
1221 789 1466 859 ejusdem
1517 789 1805 844 nobiscum
1861 799 2070 844 natura:

506 886 819 956 participes,
856 884 1033 953 iisque
1072 882 1402 937 inventionis
1440 882 1671 953 gratiam
1713 880 1934 944 habere,
1960 896 2067 934 non

503 988 683 1033 autem
732 991 842 1049 prae
899 974 1102 1029 invidia
1150 974 1488 1030 contentiose
1533 972 1722 1035 rixari,
1771 978 1823 1026 et
1876 980 2069 1041 sponte

504 1071 775 1126 deteriora
809 1082 1116 1137 capessere.
1161 1065 1362 1123 Diebus
1399 1066 1582 1136 itaque
1611 1065 1871 1120 trecentis
1910 1078 2065 1119 sexa-

501 1163 650 1234 ginta
683 1162 924 1233 quinque
965 1158 1032 1213 ad
1070 1158 1204 1214 solis
1242 1173 1466 1214 cursum
1509 1157 1669 1211 nobis
1708 1154 2067 1211 distribuetur

501 1270 699 1316 annus.
734 1251 916 1306 addita
958 1266 1174 1322 quoque
1207 1251 1334 1305 huic
1376 1264 1604 1305 numero
1637 1248 1902 1319 particula
1931 1262 2067 1317 qua-

501 1350 648 1417 piam
677 1345 783 1401 diei
817 1352 1012 1414 quarta
1041 1350 1196 1414 parte
1228 1344 1457 1398 minore.
1498 1341 1566 1396 Et
1604 1356 1818 1397 menses
1845 1340 2062 1411 quidem

501 1436 837 1506 complentes
883 1435 1095 1490 dierum
1146 1449 1454 1498 numerum,
1490 1434 1584 1489 alii
1635 1434 1854 1504 triginta
1904 1438 2067 1487 erunt

501 1529 733 1594 dierum,
765 1528 855 1580 alii
898 1541 1006 1581 uno
1048 1526 1137 1582 die
1174 1526 1561 1590 abundabunt;
1596 1540 1738 1580 unus
1767 1538 1893 1578 vero
1928 1537 2062 1576 con-

501 1619 652 1673 tinuo
682 1616 901 1688 quidem
933 1616 1170 1671 triennio
1211 1615 1425 1671 duobus
1461 1614 1674 1670 deﬁciet
1708 1614 1775 1669 de
1803 1614 2061 1685 triginta;

501 1718 698 1779 quarto
731 1715 910 1762 autem
958 1720 1126 1767 anno,
1161 1720 1271 1760 uno
1301 1706 1390 1760 die
1432 1713 1665 1759 tantum.
1711 1703 2065 1773 Quandoqui-

2178 514 2381 584 ρόντες,
2431 516 2525 569 ἐάν
2565 531 2625 567 τε
2661 514 2925 587 βάρϐαροι
2947 531 2960 543 ο
2993 516 3224 580 οἰκείους
3254 532 3315 569 τε
3355 518 3565 582 πάντας
3591 522 3747 591 νομί-

2176 605 2325 673 ζειν,
2373 606 2690 679 ἀνθρώπους
2738 625 2802 677 γε
2853 607 3032 672 ὄντας,
3077 608 3172 662 καὶ
3217 608 3612 681 μετειληφότας
3650 613 3750 684 τῆς

2174 700 2344 771 αὐτῆς
2375 701 2505 771 ἡμῖν
2553 700 2796 769 φύσεως·
2834 701 2929 754 καὶ
2978 701 3137 772 χάριν
3183 700 3463 771 ὁμολογεῖν
3516 706 3632 766 τοῖς
3660 706 3749 758 εὑ-

2178 787 2380 859 ροῦσιν,
2417 788 2549 842 ἀλλὰ
2602 790 2677 860 μὴ
2725 788 3050 859 φθονοῦντας
3084 790 3305 861 ἐρίζειν,
3341 792 3438 845 καὶ
3488 793 3747 849 ἐθελοκα-

2173 881 2309 933 κεῖν.
2352 880 2612 952 Ἡμέραις
2642 880 2929 952 τοιγαροῦν
2964 881 3304 951 τριακοσίαις
3345 883 3440 936 καὶ
3479 882 3743 955 ἑξήκοντα

2173 970 2268 1023 καὶ
2300 971 2460 1025 πέντε
2508 973 2819 1044 ὁριζόμενος
2861 975 2995 1044 ἡμῖν
3041 975 3070 1026 ό
3118 974 3359 1039 ἐνιαυτὸς
3388 974 3565 1039 ἔσται,
3605 978 3745 1031 κατὰ

2169 1064 2268 1133 τὴν
2319 1065 2468 1136 ἡλίου
2507 1066 2773 1137 περίοδον,
2817 1056 3255 1139 προστιθεμένου⁸
3275 1067 3369 1121 τοῦ
3412 1069 3511 1123 καὶ
3550 1068 3741 1141 μορίου

2170 1158 2383 1230 ἡμέρας
2413 1159 2499 1211 ἐπ’
2528 1159 2746 1213 ἔλαττον
2783 1159 2818 1230 ἡ
2849 1160 2924 1223 ὡς
2957 1160 3384 1232 τεταρτημόριον
3415 1160 3496 1231 τῷ
3522 1160 3740 1232 ἀριθμῷ

2167 1250 2323 1321 τῷδε.
2377 1251 2488 1305 Καὶ
2546 1251 2713 1321 μῆνες
2754 1251 3198 1323 συμπληροῦντες
3230 1252 3324 1306 τὸν
3369 1252 3475 1307 τῶν
3519 1254 3739 1326 ἡμερῶν

2168 1339 2399 1411 ἀριθμὸν
2429 1343 2479 1395 οί
2528 1342 2625 1412 μὲν
2662 1342 3140 1415 τριακονθήμεροι,
3170 1346 3221 1397 οί
3246 1345 3305 1398 δέ
3338 1347 3437 1416 μιᾷ
3465 1346 3740 1417 ὑπερὸἁλ-

2169 1430 2350 1494 λοντες
2394 1433 2520 1496 τοὺς
2564 1432 2782 1505 ἐτέρους
2830 1435 3048 1506 ἡμέρᾳ·
3082 1430 3162 1498 εἷς
3207 1435 3265 1488 δέ
3311 1436 3405 1490 καὶ
3445 1436 3593 1491 δυοῖν
3640 1438 3738 1509 μὲν

2169 1524 2429 1578 ἐλλείπων
2453 1525 2560 1579 τῶν
2589 1525 3068 1598 τριακονθημέρων
3095 1528 3220 1599 ἐξῆς
3249 1529 3416 1600 τριῶν
3444 1529 3607 1591 ἐτῶν.
3644 1534 3741 1603 μιᾷ

2168 1614 2223 1668 δὲ
2259 1614 2338 1685 τῷ
2364 1614 2626 1687 τετάρτῳ.
2672 1613 2843 1668 Ἑπτὰ
2882 1614 2991 1687 γὰρ
3022 1616 3152 1681 οἵδε,
3187 1616 3508 1681 Ποσειδεὼν,
3556 1619 3744 1690 Γαμη-

2169 1706 2316 1774 λιὼν,
2348 1708 2694 1778 Μουνυχιὼν,
2718 1706 3107 1779 Σκιροφοριὼν,
3144 1709 3568 1778 Μεταγειτνιὼν,
3606 1711 3746 1783 Βοη-

503 1801 625 1856 dem
669 1800 723 1855 hi
769 1808 998 1869 septem,
1037 1796 1327 1862 Posideon,
1368 1796 1672 1861 Gamelion,
1714 1794 2061 1867 Munychion,

2164 1798 2426 1872 δρομιὼν,
2459 1797 2800 1868 Πυανεψιὼν,
2853 1802 2954 1871 μιᾷ
3003 1799 3367 1871 ὑπερὸαλοῦσι
3413 1801 3542 1865 τοὺς
3583 1819 3743 1873 τρια-

503 1891 927 1963 ScirOphurion,
971 1888 1363 1960 Metagitnion,
1414 1888 1808 1951 Boedromion,
1857 1887 2066 1959 Pyane-

500 1986 694 2057 psion,
732 2000 843 2039 uno
887 1984 975 2039 die
1001 1982 1262 2038 excedent
1295 1981 1649 2047 tricenarius;
1694 1979 1889 2050 reliqui
1937 1994 2067 2035 vero

499 2075 731 2130 tricenis
757 2074 1107 2137 constabunt,
1134 2081 1497 2142 praeterquam
1529 2069 1936 2140 Elapbebolion.
1967 2069 2064 2124 llic

499 2165 645 2221 enim
678 2180 773 2233 per
815 2172 929 2218 tres
967 2178 1141 2219 annos
1171 2160 1364 2216 diebus
1398 2171 1521 2215 octo
1548 2169 1604 2215 et
1633 2161 1821 2231 viginti
1855 2161 2066 2215 laxabi-

502 2266 612 2321 tur,
659 2254 755 2309 sed
791 2262 989 2323 quarto
1042 2268 1187 2307 anno
1236 2251 1627 2322 undetriginta,
1661 2260 1883 2323 propter
1921 2252 2065 2307 diem

500 2345 899 2400 intercalarem.
924 2340 1094 2396 Porro
1118 2356 1217 2396 cur
1244 2356 1275 2396 a
1299 2341 1512 2397 Caesare
1535 2355 1751 2397 menses
1779 2341 1853 2394 ita
1878 2340 2066 2396 distri-

498 2435 613 2490 buti
639 2436 767 2499 sint,
786 2444 845 2490 ut
867 2434 955 2489 hic
974 2442 1117 2489 esset
1142 2434 1364 2504 triginta
1405 2432 1639 2498 dierum,
1659 2433 1747 2489 ille
1775 2448 1913 2498 non;
1939 2434 2067 2491 huic

498 2541 781 2591 excessus,
807 2527 881 2581 illi
911 2526 1155 2582 defectus
1188 2542 1201 2578 :
1234 2525 1460 2581 alterius
1484 2532 1569 2581 est
1593 2524 2061 2582 considefationis.

1005 2637 1082 2692 De
1114 2636 1422 2693 intercalart'
1462 2636 1564 2692 die.

565 2753 705 2809 Xlll.
732 2753 968 2808 “ensem
992 2752 1209 2823 quidem
1232 2752 1439 2807 nullum
1463 2766 1705 2822 unquam
1727 2791 1741 2815 ,
1769 2752 1863 2807 sed
1895 2767 2063 2807 unum

496 2844 643 2901 diem
697 2860 795 2915 per
843 2843 1090 2914 singulos
1141 2858 1409 2898 annorum
1450 2842 1836 2913 quaterniones
1880 2857 2066 2897 mense

497 2936 923 3008 Elaphebolione
960 2933 1428 2996 intercalabimus,
1456 2931 1914 3004 quemadmodum
1955 2930 2064 2987 Ro-

496 3030 646 3085 mani
676 3027 976 3083 Februario
1004 3026 1327 3089 bissextum,
1360 3024 1441 3081 sic
1486 3030 1771 3089 vocantes,
1804 3023 1949 3094 quod
1981 3024 2065 3079 bis

2168 1888 2567 1961 κονθημέρους·
2625 1890 2676 1940 οἱ
2715 1888 2772 1941 δέ
2817 1888 2993 1942 λοιποὶ
3045 1890 3540 1962 τριακονθήμεροι,
3600 1892 3743 1962 πλὴν

2179 1979 2655 2051 Ἐλαφηὸολιῶνος.
2700 1980 2828 2033 ’Ὀδε
2869 1979 2978 2051 γὰρ
3004 1980 3218 2052 ἡμέρας
3254 1980 3365 2047 ἕξει
3399 1982 3572 2036 εἰκοσι
3639 1984 3742 2054 μὲν

2168 2074 2262 2128 καὶ
2288 2072 2432 2126 ὀκτὼ
2476 2071 2603 2143 ἑξῆς
2647 2071 2813 2144 τριῶν
2852 2072 3012 2138 ἑτῶν,
3048 2072 3219 2125 εῖκοσι
3264 2072 3322 2125 δὲ
3353 2073 3449 2126 καὶ
3479 2072 3639 2127 ἐννέα
3663 2075 3742 2145 τῷ

2164 2165 2426 2236 τετάρτῳ,
2474 2164 2562 2219 διὰ
2602 2164 2700 2236 τὴν
2730 2163 3251 2236 παρεμϐαλλομένην
3281 2163 3514 2236 ἡμέραν.
3557 2167 3661 2219 Διὰ
3687 2166 3742 2221 τί

2164 2253 2221 2307 δὲ
2249 2256 2359 2317 τοῖς
2401 2253 2528 2325 περὶ
2560 2253 2801 2324 Καίσαρι
2831 2252 2974 2306 οὕτω
3003 2252 3072 2306 τὰ
3110 2254 3239 2324 περὶ
3268 2252 3369 2317 τὰς
3406 2254 3621 2325 ἡμέρας
3664 2254 3743 2306 δι-

2164 2343 2383 2416 ῄρηται,
2415 2344 2491 2409 ὡς
2517 2344 2658 2398 τονδὶ
2693 2345 2791 2416 μὲν
2825 2344 3286 2416 τριακονθήμερον
3308 2340 3467 2409 εἶναι,
3491 2344 3632 2399 ἀλλὰ
3663 2346 3738 2415 μὴ

2163 2437 2328 2500 τονδὶ,
2348 2437 2489 2491 τονδὶ
2516 2436 2558 2490 δ’
2590 2435 2968 2509 ύπερὸάλλειν,
2985 2437 3128 2491 τονδὶ
3154 2436 3198 2491 δ’
3224 2436 3518 2503 ἐλλείπειν,
3545 2437 3741 2509 ἐτέρας

2165 2533 2281 2583 ἐστὶ
2308 2529 2555 2602 θεωρίας.

2499 2639 2637 2708 Περί
2670 2637 2776 2708 τῆς
2801 2639 3125 2709 ἐμϐολίμου
3154 2638 3401 2708 ἡμέρας.

2234 2753 2331 2808 II".
2363 2753 2523 2825 Μῆνα
2554 2753 2653 2824 μὲν
2676 2748 2769 2806 οῦν
2794 2751 2983 2805 οὐδένα
3006 2754 3102 2804 ἐπε
3110 2750 3423 2822 μὸαλοῦμεν
3445 2751 3698 2805 οὐδέποτε
3717 2768 3732 2783 ’

2168 2844 2295 2914 μίαν
2334 2843 2392 2896 δὲ
2439 2844 2529 2897 διὰ
2583 2842 2995 2915 τετραετηρίδος
3045 2840 3258 2914 ἡμέραν
3302 2842 3383 2912 τῷ
3439 2842 3741 2913 Ἐλαφηϐο-

2164 2933 2335 3000 λιῶνι,
2371 2933 2621 3006 καθάπερ
2663 2933 2741 3005 τῷ
2764 2932 3111 3006 Φεϐρουαρίῳ
3154 2933 3411 3002 Ῥωμαῖοι
3453 2933 3735 2987 δὶσεκτον·

2164 3027 2303 3080 οὕτω
2337 3026 2624 3091 καλοῦντες
2661 3027 2726 3080 ἐκ
2752 3025 2847 3080 τοῦ
2886 3026 2968 3090 δὶς
2995 3026 3093 3099 τὴν
3118 3025 3285 3096 αὐτὴν
3317 3026 3534 3098 ἡμέραν
3571 3044 3740 3099 προσ-

497 3123 676 3194 lpsum
702 3122 845 3176 diem
878 3118 1182 3175 inscribant
1206 3116 1364 3190 164
1387 3125 1598 3173 sextum
1623 3116 1893 3172 Kalendas
1925 3115 2059 3169 Mar-

2164 3119 2392 3191 γράφειν
2425 3119 2589 3189 ἕκτην
2624 3118 2729 3190 πρὸ
2785 3117 3076 3172 Καλενδῶν
3103 3117 3384 3189 Μαρτίων,
3408 3116 3570 3184 δόξαν
3600 3118 3741 3171 οὕτω

496 3215 621 3271 tias.
651 3214 730 3269 Ita
757 3204 901 3269 edim
933 3211 1135 3267 Caesari
1166 3212 1411 3282 Augusto
1443 3210 1620 3265 visum
1659 3217 1764 3263 est.
1793 3205 1905 3264 Nos
1932 3223 2063 3262 vero

497 3306 591 3360 tali
617 3305 881 3360 vocabulo
907 3302 1197 3373 nequimus
1238 3300 1347 3363 uti;
1391 3314 1517 3354 nam
1556 3299 1937 3353 intercalarem
1972 3315 2062 3355 so-

498 3400 608 3453 lum
651 3405 705 3453 et
748 3404 964 3453 sextum
996 3397 1097 3450 rite
1139 3393 1413 3464 appellare
1450 3406 1762 3461 possumus.
1794 3388 2059 3446 Caeterum

497 3490 565 3546 de
611 3488 886 3559 exemptili
942 3487 1030 3542 die
1073 3485 1440 3541 consideratio
1486 3482 1832 3552 suscipienda
1874 3480 2062 3547 est,'et

497 3582 639 3655 quod
670 3582 845 3637 visum
879 3578 1041 3634 fuerit
1099 3577 1272 3631 Latini
1302 3574 1623 3631 admonendi
1658 3585 1805 3639 sunt,
1833 3582 1893 3628 ut
1918 3574 2060 3628 idem

497 3671 889 3743 amplexantes,
922 3683 1122 3723 annum
1149 3666 1252 3722 sibi
1280 3665 1574 3735 corrigam.
1620 3661 1710 3718 Sic
1744 3663 1889 3718 enim
1920 3664 2062 3718 inter

498 3778 599 3819 nos
643 3761 950 3817 conveniet.
1005 3759 1321 3830 Exemptilis
1379 3758 1524 3813 enim
1575 3755 1682 3811 diei
1729 3756 1841 3825 jam
1900 3756 2060 3826 longo

494 3864 742 3925 tempore
771 3853 917 3907 nulla
946 3853 1156 3908 ratione
1184 3852 1340 3915 inita,
1373 3851 1627 3913 solstitia,
1660 3858 1849 3905 nostra
1880 3857 2056 3915 aetate,

497 3948 668 4001 multo
695 3952 1041 4001 antevertunt
1072 3944 1212 3999 diem
1253 3944 1455 3999 mensis
1498 3944 1567 3998 ab
1609 3944 1766 3998 initio
1797 3943 2058 3999 solstitia-

494 4041 600 4096 lem
628 4040 1006 4094 constitutum.
1042 4035 1131 4091 Sic
1165 4037 1348 4106 itaque
1372 4052 1588 4092 menses
1613 4044 1845 4108 agantur
1876 4035 2056 4101 nobis,

494 4131 771 4188 utentibus
794 4130 1108 4186 nominibus
1137 4129 1375 4186 traditis.

1004 4238 1082 4294 De
1122 4239 1248 4293 anni
1284 4240 1563 4310 principio.

564 4355 701 4410 XIV.
733 4354 902 4410 Porro
946 4354 1073 4409 anni
1122 4354 1449 4425 principium
1490 4354 1850 4411 Athenienses
1884 4353 2059 4410 Heca-

2163 3212 2401 3285 Καίσαρι
2433 3212 2705 3283 Σεϐαστῷ.
2749 3212 2937 3283 Ἡμεῖς
2964 3211 3008 3265 δ’
3041 3211 3261 3282 ὀνόματι
3288 3209 3527 3282 χρῆσθαί
3569 3228 3654 3283 τῳ
3680 3213 3741 3264 οὐ

2161 3304 2389 3376 δεόμεθά
2429 3322 2493 3374 γε
2519 3304 2773 3375 τοιούτῳο
2817 3302 3110 3375 ἐμϐόλιμον
3139 3304 3248 3375 γὰρ
3285 3304 3443 3374 μόνον
3484 3302 3581 3357 καὶ
3612 3305 3741 3373 ἕνην

2164 3397 2584 3469 προσαγορεύειν
2626 3396 2806 3461 καλῶς
2848 3396 2958 3468 ἔχει
2990 3398 3143 3468 ἡμῖν.
3180 3396 3313 3468 Περὶ
3346 3395 3403 3449 δὲ
3435 3395 3540 3466 τῆς
3572 3398 3742 3450 ’ἐκδο-

2162 3489 2319 3563 λίμου
2348 3492 2607 3545 σκεπτέον
2658 3491 2753 3545 καὶ
2782 3492 2810 3545 ὅ
2838 3507 2891 3544 τι
2939 3489 3006 3545 ἂν
3050 3491 3178 3563 δοκῇ
3235 3491 3580 3562 παρακαλεῖν
3620 3490 3741 3544 δέον

2162 3587 2255 3640 καὶ
2286 3585 2547 3648 Λατίνους
2574 3584 2733 3638 ταύτὸ
2757 3583 3077 3655 δεχομένους
3108 3581 3541 3654 ἐπανορθοῦσθαί
3586 3598 3738 3653 σφισι

2160 3676 2251 3729 τὸν
2289 3675 2550 3739 ἐνιαυτὸν,
2592 3675 2676 3729 ἵνα
2712 3673 3110 3745 συμφωνῶμεν.
3153 3671 3474 3744 Ἐκϐολίμου
3513 3671 3625 3744 γάρ
3658 3688 3736 3723 τοι

2162 3767 2372 3840 ἡμέρας
2395 3768 2584 3840 χρόνου
2607 3767 2708 3840 ἡδη
2746 3765 3272 3839 μακροῦδιελθόντος
3304 3764 3378 3837 μὴ
3409 3764 3734 3835 γενομένης,

2161 3859 2294 3914 πολύ
2333 3877 2384 3913 τι
2420 3859 2484 3930 δὴ
2518 3857 2872 3931 προτεροῦσιν
2912 3859 2966 3911 αί
3002 3858 3201 3930 τροπαὶ
3234 3858 3317 3926 ἐφ’
3341 3855 3507 3927 ἡμῶν
3540 3856 3641 3923 τῆς
3676 3852 3738 3919 ἐξ

2160 3951 2331 4022 ἀρχῆς
2354 3948 2620 4022 τροπικῆς
2648 3948 2861 4021 ἡμέρας
2887 3964 2951 4017 γε
2985 3948 3079 4002 τοῦ
3112 3947 3297 4020 μηνός.
3324 3947 3482 4001 Οὕτω
3515 3948 3617 4019 μὲν
3645 3944 3737 4001 οὖν

2160 4041 2351 4095 ἀκτέον
2377 4040 2502 4105 τοὺς
2537 4039 2730 4111 μῆνας,
2773 4038 3088 4112 χρωμένους
3129 4037 3352 4108 ὀνόμασι
3394 4039 3509 4100 τοῖς
3537 4036 3733 4090 ἀποδο-

2161 4132 2352 4187 θεῖσιν.

2521 4241 2660 4311 Περὶ
2696 4239 2889 4311 ἀρχῆς
2925 4239 3031 4295 τοῦ
3059 4238 3360 4295 ἐνιαυτοῦ.

2230 4354 2326 4410 ΙΔ’.
2379 4354 2576 4428 Ἀρχὴν
2615 4353 2670 4408 δέ
2700 4351 2794 4407 τοῦ
2833 4351 3081 4407 ἐνιαυτοῦ
3107 4354 3156 4405 οί
3201 4351 3302 4423 μὲν
3342 4349 3601 4423 Ἀθηναῖοι
3627 4352 3731 4407 τὸν

495 4451 849 4507 ιοιιιὶιαιοιιοηι
879 4447 1308 4517 constituebant,
1338 4447 1405 4503 ab
1431 4449 1620 4505 aestivo
1653 4449 1891 4505 solstitio
1922 4449 2057 4502 inci-

2172 4447 2617 4519 Ἑκατομϐαιῶνα
2646 4442 2780 4517 ἦγον
2822 4445 2988 4517 μῆνα,
3016 4444 3093 4509 ὡς
3136 4443 3402 4498 δέδεικται
3439 4444 3732 4516 πρότερον,

492 4543 723 4613 pientes,
767 4544 911 4600 sicut
957 4551 1041 4598 est
1084 4542 1239 4612 prius
1286 4543 1719 4598 demonstratum
1763 4559 1777 4596 :
1825 4540 2056 4596 Romani

490 4648 620 4688 vero
647 4631 989 4699 Ianuarium,
1031 4632 1354 4688 inchoantes
1398 4632 1466 4687 ab
1510 4631 1758 4687 hiberno.
1802 4632 1868 4686 Et
1911 4643 2059 4688 certe

490 4724 663 4794 magis
706 4723 985 4794 proprium
1027 4722 1241 4778 videtur
1281 4738 1405 4779 esse
1442 4722 1796 4798 principium,
1827 4723 2059 4793 jnreque

489 4814 595 4868 hoc
625 4812 855 4869 Plcthon
879 4812 1085 4870 laudat.
1108 4811 1244 4867 Nam
1265 4813 1381 4884 lege
1401 4823 1456 4869 et
1479 4813 1730 4868 instituto
1761 4815 1884 4871 aliis
1911 4815 2056 4869 aliud

489 4906 621 4960 anni
665 4905 989 4977 principium
1042 4907 1365 4975 agentibus,
1410 4915 1605 4961 natura
1656 4906 2059 4976 quodammodo

489 4996 631 5052 idem
677 5004 732 5051 ut
774 4998 846 5051 sit
888 4998 1214 5068 principium
1257 4997 1488 5053 suadere
1543 4996 1758 5052 videtur
1792 5017 1804 5051 :
1838 4997 2058 5070 quando

488 5085 570 5139 sol
599 5086 965 5155 generationis
995 5095 1189 5142 auctor
1211 5089 1353 5142 ultra
1384 5087 1635 5160 progredi
1674 5088 1952 5152 desinens,
1980 5105 2059 5144 re-

488 5173 631 5229 ﬂecti
659 5175 724 5229 ad
755 5190 856 5231 nos
882 5176 1090 5247 incipit.
1115 5185 1170 5233 et
1199 5178 1338 5235 lucis
1366 5187 1526 5250 auget
1554 5190 1788 5251 tempus,
1812 5180 2058 5236 tenebra~

487 5281 608 5319 rum
641 5283 769 5323 vero
799 5269 1013 5326 minuit.
1045 5269 1213 5329 Recte
1239 5273 1404 5344 igitur
1432 5280 1486 5329 et
1513 5271 1689 5328 Numa
1728 5273 2054 5343 principium

487 5361 797 5431 hujusmodi
823 5362 1087 5422 Romanis
1118 5366 1413 5432 ordinavit,
1447 5383 1571 5422 cum
1614 5368 1767 5438 prius
1802 5366 2054 5422 Martium

485 5470 723 5512 mensem
747 5455 1014 5514 Romulus
1034 5460 1161 5513 anni
1192 5457 1413 5515 fecisset
1438 5459 1674 5514 initium.
1699 5458 1866 5515 Nobis
1890 5459 2057 5529 igitur

484 5546 627 5603 idem
664 5561 784 5607 esto
828 5551 957 5606 anni
999 5551 1346 5623 principium,
1383 5562 1437 5608 et
1485 5569 1660 5609 novus
1694 5554 1821 5609 anni
1851 5554 2054 5609 mensis

482 5641 763 5699 Gamelion
792 5662 805 5697 :
841 5652 900 5697 ut
931 5659 1297 5699 consonemns
1336 5660 1458 5699 cum
1492 5644 1779 5710 Romanis,
1809 5646 1953 5702 sicut
1998 5647 2052 5702 in

481 5737 786 5803 mensibus,
819 5737 891 5792 ita
921 5737 1087 5793 etiam
1114 5736 1170 5792 in
1197 5738 1325 5792 anui
1347 5737 1593 5806 exordio,
1623 5738 1717 5808 qui
1747 5748 1829 5795 est
1857 5737 2057 5794 Janua-

2155 4539 2229 4603 ὼς
2262 4539 2370 4593 ἀπὸ
2401 4537 2617 4609 τροπῶν
2659 4537 2886 4610 θερινῶν
2909 4553 2922 4566 ·
2970 4536 3228 4607 Ῥωμαῖοι
3272 4535 3330 4589 δὲ
3359 4536 3453 4589 τὸν
3496 4536 3738 4589 Ἰανουά-

2160 4648 2292 4704 ριον,
2328 4632 2404 4696 ὼς
2432 4631 2539 4685 άπὸ
2573 4629 2789 4703 τροπῶν
2819 4627 3166 4701 χειμερινῶν,
3201 4629 3235 4699 ἢ
3280 4628 3347 4699 δὴ
3394 4627 3492 4681 καὶ
3529 4630 3736 4682 οἰκειοο

2157 4725 2289 4798 τέρα
2333 4723 2477 4777 δοκεῖ
2501 4718 2639 4777 εἶναι
2676 4723 2839 4795 ἀρχή.
2869 4721 2980 4776 Καὶ
3012 4715 3070 4773 εὖ
3119 4719 3275 4792 τήνδε
3320 4721 3535 4773 ἐπαινεῖ
3586 4720 3735 4792 Πλή-

2158 4815 2283 4871 θων.
2336 4815 2504 4887 Νόμῳ
2552 4816 2659 4888 γὰρ
2711 4814 2885 4869 ἄλλων
2941 4811 3105 4883 ἄλλην
3151 4810 3246 4864 τοῦ
3288 4810 3445 4875 ἔτους
3488 4812 3732 4881 ἀγόντων

2156 4906 2351 4981 ἀρχὴν,
2381 4907 2540 4978 φύσει
2575 4923 2691 4970 πως
2719 4905 2891 4959 ἔοικεν
2916 4904 3055 4975 αῦτη
3082 4899 3219 4958 οῦσα
3257 4904 3401 4975 ἀρχή
3423 4921 3439 4935 ο
3469 4905 3641 4976 ἡνίκα
3667 4904 3728 4976 δὴ

2154 5000 2325 5071 ἣλιος,
2366 5001 2396 5055 ό
2436 5000 2535 5072 τῆς
2565 5000 2828 5069 γενέσεως
2858 4997 3065 5068 κύριος,
3104 4996 3199 5050 τοῦ
3232 4996 3418 5069 πρόσω
3463 4997 3605 5052 ίέναι
3638 4997 3730 5068 λή-

2155 5113 2267 5166 γων
2314 5095 2685 5164 ἀνακάμπτειν
2727 5092 2951 5162 ἄρχεται
2999 5090 3073 5154 ὡς
3108 5090 3277 5161 ἡμᾶς,
3336 5090 3434 5145 καὶ
3484 5091 3577 5144 τὸν
3632 5091 3729 5162 μὲν

2155 5187 2249 5241 τοῦ
2281 5187 2455 5258 φωτὸς
2503 5183 2653 5252 αὔξει
2698 5183 2909 5255 χρόνον,
2957 5182 3048 5236 τὸν
3081 5180 3137 5235 δέ
3165 5180 3259 5235 τοῦ
3304 5183 3535 5246 σκότους
3561 5185 3726 5253 μειοῖ.

2169 5278 2371 5353 Ὀρθῶς
2415 5275 2507 5333 οῦν
2536 5277 2628 5331 καὶ
2651 5276 2873 5347 Νουμᾶς
2916 5273 3089 5345 ἀρχὴν
3124 5274 3379 5347 τοιαύτην
3434 5276 3729 5347 Ῥωμαίοις

2154 5372 2366 5443 τέταχε,
2417 5369 2693 5441 Ῥωμύλου
2734 5368 2997 5440 πρότερον
3035 5366 3124 5420 τὸν
3150 5368 3392 5439 Μάρτιον
3422 5367 3726 5442 προτάξαν-

2153 5482 2243 5528 τος
2293 5464 2456 5536 μῆνα.
2488 5465 2597 5518 Καὶ
2641 5465 2769 5535 ἡμῖν
2801 5461 2865 5533 δὴ
2909 5461 3049 5533 ἀρχὴ
3088 5459 3225 5533 αὕτη
3258 5459 3431 5526 ἔστω,
3466 5462 3564 5515 καὶ
3608 5463 3726 5527 νέος

2153 5556 2247 5611 τοῦ
2299 5556 2543 5611 ἐνιαυτοῦ
2580 5555 2684 5627 μὴν
2715 5553 3034 5625 Γαμηλιών·
3081 5552 3170 5607 ἵνα
3200 5553 3296 5605 καὶ
3339 5553 3724 5625 συμφωνῶμεν

2166 5650 2470 5721 Ῥωμαίοις,
2496 5649 2683 5720 ὥσπερ
2724 5647 2817 5702 καὶ
2856 5647 2923 5700 τὰ
2965 5644 3092 5717 περὶ
3123 5645 3251 5710 τοὺς
3279 5630 3475 5717 μῆνας,
3527 5648 3622 5701 καὶ
3658 5646 3719 5698 τὰ

2156 5740 2281 5814 περὶ
2317 5740 2414 5813 τὴν
2444 5740 2616 5814 ἀρχὴν
2656 5736 2750 5792 τοῦ
2786 5732 3051 5790 ἐνιαυτοῦ.
3098 5732 3224 5790 ὐδε
3252 5734 3360 5806 γὰρ
3397 5736 3716 5807 ἰανουάριοϐ
