4044 6220
304 330 437 388 1301

1246 334 1595 394 THEODORI
1633 337 1838 394 GAZE
1888 337 2087 397 LIBER
2125 338 2212 394 DE
2260 335 2624 395 MENSIBUS.

3398 336 3535 393 120⁸2

297 446 390 524 ἦν.
423 450 538 506 Νῦν
568 450 612 506 δ’
652 452 927 522 Ἕλληνες,
981 456 1155 528 ἀρχὴν
1185 457 1431 512 ἐνιαυτοῦ
1472 476 1529 512 τε
1576 461 1670 514 καὶ
1714 460 1861 514 Ἰνδι-

1963 458 2098 515 rius.
2129 457 2283 514 Nunc
2314 473 2444 514 vero
2477 456 2682 513 Graecis
2727 454 3055 526 principium
3099 451 3249 516 anni,
3282 451 3538 506 indictio-

299 542 526 607 κτιῶνος
560 543 867 616 ποιούμενοι
893 546 1001 601 ἀπὸ
1036 548 1321 620 ίσημερίας
1348 549 1764 623 φθινοπωρινῆς,
1801 550 1867 603 τὰ

303 635 400 707 μὲν
452 637 582 709 περὶ
640 637 965 692 Ἰνδικτιῶνα
1011 639 1178 711 (δηλοί
1227 640 1285 694 δὲ
1319 640 1592 712 διάταγμα
1635 641 1866 713 ήλέξις)

302 724 587 796 συνᾴδουσι
631 727 939 799 Ῥωμαίοις,
968 728 1038 783 τά
1079 730 1135 783 δὲ
1180 731 1308 803 περὶ
1357 731 1451 785 τὸν
1497 732 1736 784 ἐνιαυτὸν
1779 729 1864 784 οὕ.

300 817 492 870 Καίτοι
543 819 913 891 συμφέρεσθαι
960 821 1067 875 ἔδει
1100 825 1196 876 καὶ
1233 822 1423 885 ταῦτα,
1468 823 1641 887 ἄλλως
1683 840 1741 876 τε
1774 823 1866 877 καὶ

298 910 533 982 Χριστοῦ
557 912 742 983 νόμοις
767 914 1098 984 χρωμένους.
1131 916 1204 967 Ού
1226 915 1335 987 γάρ
1367 911 1521 985 οἶμαι
1562 916 1866 986 Ῥωμαίους

299 1001 425 1066 τούς
466 1020 531 1073 γε
562 1003 656 1059 νῦν
703 1004 861 1069 ὄντας
892 1004 980 1058 διά
1010 1006 1107 1077 τὴν
1149 1006 1299 1077 ἡλίου
1329 1005 1535 1078 τροπὴν
1567 1007 1786 1078 μᾶλλον,
1829 1008 1863 1079 ἢ

298 1093 359 1149 τὸ
383 1095 501 1150 τότε
530 1097 855 1168 γεννηθῆναι
896 1098 1148 1168 Χριστὸν,
1187 1097 1359 1163 οὕτως
1382 1099 1537 1168 άγειν
1557 1118 1571 1132 ο
1600 1100 1736 1154 ἀλλὰ
1767 1100 1864 1172 τὴν

303 1189 400 1261 μὲν
438 1187 645 1260 τροπὴν
690 1187 1115 1259 συμϐεϐηκέναι,
1167 1189 1363 1255 αὐτοὺς
1413 1189 1469 1243 δὲ
1506 1189 1603 1261 τὴν
1651 1190 1866 1260 γένεσιν

298 1278 701 1351 πρεσϐεύοντας
732 1278 826 1333 τοῦ
874 1277 1033 1343 Θεοῦ,
1168 1279 1341 1349 θέμις,
1381 1278 1554 1351 ἀρχὴν
1597 1280 1865 1334 ποιεῖσθαι

297 1373 397 1444 τὴν
426 1370 740 1444 είρημένην.
780 1370 1056 1424 Ἐνιαυτοῦ
1095 1369 1193 1442 μὲν
1224 1372 1426 1443 ταύτην
1460 1371 1642 1426 θετέον
1669 1372 1860 1444 ἀρχήν.

442 1583 571 1653 Πῶς
607 1585 961 1655 ἀριθμητέον
993 1586 1099 1654 τὰς
1131 1586 1235 1641 τοῦ
1261 1586 1451 1656 μηνὸς
1479 1586 1722 1657 ἡμέρας.

367 1697 467 1750 1Ε’.
511 1696 787 1767 ’Δριθμεῖν
814 1696 872 1751 δὲ
898 1696 997 1761 τὰς
1027 1697 1193 1769 μηνὸς
1213 1698 1443 1752 ἑκάστου
1478 1699 1692 1771 ἡμέρας
1716 1698 1860 1770 Πλή-

298 1787 428 1841 θωνι
462 1787 559 1858 μὲν
583 1787 730 1841 δοκεῖ
756 1789 835 1851 εἱς
860 1787 1095 1859 τέτταρα
1124 1788 1462 1855 διαιροῦντας
1488 1789 1578 1843 τὸν
1609 1790 1771 1862 μῆνα,
1802 1792 1863 1844 τὸ

299 1878 397 1947 μὲν
431 1876 733 1947 ἱστάμενον,
785 1876 847 1929 τὸ
895 1876 952 1930 δὲ
1004 1875 1220 1948 μεσοῦν,
1262 1877 1323 1930 τὸ
1358 1876 1414 1930 δὲ
1448 1877 1655 1946 φθῖνον,
1702 1878 1763 1932 τὸ
1809 1878 1865 1932 δὲ

295 1969 453 2023 ἀπιόν
472 1987 485 2001 ο
516 1969 862 2042 λαμϐάνοντι,
888 1969 963 2033 ὡς
991 1968 1155 2033 ἔοικε,
1190 1970 1250 2023 τὸ
1286 1969 1384 2041 μὲν
1417 1971 1566 2041 παρὰ
1603 1971 1867 2026 Πολυδεύ-

294 2077 448 2125 κους,
474 2062 536 2114 τὸ
583 2060 639 2114 δέ
669 2078 721 2113 τι
752 2060 847 2114 καὶ
873 2059 1021 2131 αύτῷ
1058 2061 1487 2132 καινοτομοῦντι.
1520 2063 1866 2135 Εὐμαρέστε-

296 2167 391 2223 ρον
422 2150 551 2224 γάρ,
585 2146 759 2222 οἶμαι,
781 2150 1106 2205 διατίθεσθαι
1153 2151 1221 2206 τὰ
1252 2153 1379 2223 περὶ
1422 2151 1521 2218 τὰς
1555 2154 1866 2226 ἱερομηνίας

294 2242 438 2296 οὕτω
478 2242 776 2307 συνέϐαινε,
807 2241 951 2296 καίν’
979 2241 1115 2296 ἄττα
1146 2241 1527 2314 καθισταμένῳ
1557 2244 1705 2316 ἱεράο
1736 2246 1866 2317 ἡμῖν

292 2335 351 2389 δὲ
378 2335 679 2409 διαφερέτω
710 2334 880 2407 μηθὲν
906 2333 1230 2406 διαριθμεῖν,
1259 2334 1336 2398 ὡς
1382 2334 1673 2407 Ἀθηναῖοι,
1705 2339 1864 2410 τριχῆ
1902 2346 1909 2355 '

292 2428 647 2500 διαιροῦντες,
702 2428 764 2482 τὸ
819 2428 916 2499 μὲν
974 2427 1257 2499 ἱστάμενον
1315 2426 1520 2498 ἔλεγον,
1553 2428 1615 2483 τὸ
1663 2429 1721 2484 δὲ
1772 2431 1866 2484 ἐπὶ

291 2522 448 2585 δέκα,
505 2521 567 2575 τὸ
606 2520 663 2574 δὲ
695 2519 899 2595 φθῖνον.
943 2522 1160 2595 Ἐπειδὴ
1196 2521 1291 2576 καὶ
1335 2520 1544 2591 συνῳδά
1581 2538 1696 2586 πως
1723 2520 1864 2575 οὕτω

295 2614 497 2685 μᾶλλον
537 2613 822 2685 Ῥωμαίοις
848 2613 995 2668 ἔσται
1024 2613 1094 2668 τά
1137 2615 1267 2686 περὶ
1292 2614 1392 2684 τὴν
1421 2613 1683 2684 διαίρεσιν
1711 2614 1860 2685 ἡμῖν.

292 2706 467 2779 Τριχῆ
500 2705 608 2777 γὰρ
646 2705 739 2759 καὶ
774 2696 917 2760 οῦτοι
963 2705 1314 2779 διαιροῦντες,
1361 2705 1424 2759 τὸ
1460 2705 1558 2775 μὲν
1587 2705 1863 2769 Καλένδας

292 2795 780 2870 προσαγορεύουσι,
802 2798 861 2851 τὸ
885 2798 940 2851 δὲ
967 2797 1177 2861 Νώνας,
1205 2796 1265 2850 τὸ
1284 2797 1340 2850 δὲ
1364 2795 1567 2860 Εἱδούς.
1604 2795 1865 2868 Ἀριθμη-

289 2888 415 2942 τέον
460 2883 555 2940 οὖν
601 2879 737 2940 ὦδε·
799 2886 1094 2960 νουμηνίαν
1147 2887 1244 2958 μὲν
1293 2888 1393 2959 τὴν
1436 2886 1688 2958 πρώτην,
1744 2880 1863 2940 εἶτα

291 2978 551 3051 δευτέραν
608 2980 915 3050 ἱσταμένου,
965 2978 1059 3033 καὶ
1107 2978 1316 3051 τρίτην,
1366 2979 1460 3033 καλ⁸
1500 2977 1627 3049 ἑξῆς
1680 2979 1761 3044 εἱς
1803 2978 1863 3033 τὸ

291 3072 485 3143 πρόσω
540 3072 668 3125 ἰόντι
718 3070 845 3143 ἄχρι
899 3070 1158 3141 δεκάτηςο
1216 3069 1334 3141 μεθ’
1382 3071 1449 3141 ἢν
1484 3069 1703 3142 πρώτην
1770 3069 1862 3123 ἐπὶ

1967 551 2160 622 nisque
2183 550 2467 622 agentibus
2492 550 2559 603 ab
2583 547 2881 602 autumnali
2907 544 3257 616 aequinoctio,
3284 543 3537 598 indictio-

1967 643 2053 698 nis
2093 642 2311 713 quidem
2357 641 2568 696 ratione
2601 638 2891 712 (signiﬁcat
2920 647 3099 693 autem
3142 636 3377 692 edictum
3425 634 3536 687 haec

1964 731 2151 798 dictio)
2178 746 2299 786 cum
2334 729 2596 786 Romanis
2639 727 2932 784 concordia
2956 734 3062 792 est,
3094 727 3217 781 anni
3248 739 3375 780 vero
3402 738 3533 778 non.

1964 821 2282 894 Quanquam
2308 830 2361 879 et
2385 822 2452 879 de
2476 823 2564 878 his
2595 838 2728 877 sane
2754 822 2891 876 inter
2913 821 3033 875 illos
3063 818 3355 875 convenire
3383 831 3538 888 opor-

1965 916 2132 982 tebat,
2163 915 2461 986 prwsertim
2488 914 2692 969 Christi
2738 913 2947 984 legibus
2988 911 3348 968 communiter
3375 919 3535 986 uten-

1965 1012 2067 1061 tes.
2095 981 2281 1077 Ne—que
2309 1006 2451 1061 enim
2483 1014 2613 1076 puto
2644 981 2922 1060 Romanos
2952 1004 3114 1072 hujus
3140 1002 3321 1057 εει-ιιιὶ
3362 981 3535 1072 magis

1964 1107 2185 1168 propter
2212 1098 2527 1163 solstitium,
2561 1112 2720 1167 quam
2756 1094 2900 1166 quod
2930 1103 3059 1149 tunc
3092 1093 3343 1150 Christus
3374 1101 3534 1147 natus

1965 1192 2036 1245 sit
2082 1191 2157 1245 ita
2204 1205 2391 1262 agere;
2427 1190 2521 1247 sed
2554 1197 2669 1244 tum
2709 1190 3002 1245 solstitium
3030 1202 3151 1244 esse
3186 1187 3324 1242 forte
3360 1188 3536 1242 conti-

1964 1283 2108 1352 gisse
2142 1300 2155 1336 :
2193 1281 2342 1352 ipsos
2374 1296 2501 1336 vero
2527 1280 2695 1335 natali
2737 1279 3047 1336 Christiano
3089 1279 3323 1349 primum
3365 1278 3537 1331 hono-

1965 1388 2077 1425 rem
2099 1372 2422 1437 tribuentes,
2444 1378 2504 1425 ut
2531 1370 2612 1426 fas
2633 1380 2737 1434 est,
2757 1370 3069 1441 praedictum
3096 1369 3308 1423 initium
3335 1366 3530 1422 facere.

1961 1464 2102 1518 Anni
2131 1463 2347 1535 quidem
2378 1463 2517 1519 idem
2547 1463 2762 1519 initium
2790 1461 3097 1518 faciendum
3127 1468 3231 1515 est.

2182 1597 2457 1665 Quomodo
2487 1598 2680 1653 mensis
2712 1598 2820 1651 dies
2852 1607 2974 1650 sunt
3003 1594 3335 1650 numerandi.

2035 1710 2146 1766 XV.
2199 1711 2500 1769 Numerare
2548 1727 2680 1769 vero
2725 1711 2994 1781 cujusque
3027 1709 3234 1764 mensis
3265 1707 3381 1763 dies
3414 1707 3533 1781 Ple-

1896 1828 1933 1880 Β
1965 1802 2115 1855 thoni
2149 1801 2230 1857 sic
2284 1802 2485 1872 placet,
2517 1808 2578 1854 ut
2615 1776 3016 1871 quadripertito
3053 1812 3294 1853 mensem
3329 1776 3535 1850 dividat

1966 1892 2019 1944 in
2049 1891 2397 1961 principium,
2430 1892 2690 1955 medium,
2722 1892 3101 1962 praecipitium,
3133 1897 3187 1944 et
3231 1903 3529 1944 recessum.

1966 1980 2133 2050 quue
2180 1981 2373 2052 partim
2419 1997 2450 2035 a
2491 1980 2711 2038 Polluce
2758 1982 2971 2037 videtur
3014 1980 3283 2043 mutuari;
3332 1978 3529 2048 partim

1966 2088 2062 2142 per
2104 2088 2163 2128 se
2213 2072 2617 2142 quodammodo
2648 2072 3013 2129 comminisci.
3044 2074 3124 2127 ita
3162 2071 3328 2136 enim,
3375 2077 3530 2140 puto.

1967 2162 2181 2217 facilius
2210 2162 2289 2217 illi
2322 2170 2441 2219 erat
2484 2178 2613 2218 suas
2665 2163 2830 2217 ferias
2875 2162 3185 2230 disponere,
3213 2174 3354 2215 nova
3382 2175 3530 2228 quae-

1965 2253 2089 2308 dam
2124 2268 2280 2309 sacra
2312 2254 2691 2311 constituenti.
2722 2256 2791 2307 At
2815 2268 2915 2309 nos
2945 2253 3081 2308 nihil
3111 2251 3367 2322 impediat
3394 2266 3533 2322 quo.

1968 2347 2153 2403 minus
2204 2355 2587 2419 supputemus,
2624 2356 2685 2401 ut.
2722 2345 3110 2409 Athenienses,
3146 2360 3332 2399 mense
3380 2343 3533 2396 trifa-

1963 2442 2100 2493 riam
2143 2439 2367 2510 partito,
2400 2447 2609 2508 partem
2663 2453 2828 2493 unam
2878 2438 3183 2507 ἱστάμενον,
3221 2436 3274 2490 id
3305 2443 3410 2499 est,
3450 2437 3534 2490 iu-

1962 2538 2217 2594 stantem,
2254 2532 2369 2586 sive
2398 2529 2675 2586 ineuntem
2719 2537 2977 2586 vocantes
3004 2550 3017 2585 :
3050 2532 3142 2583 ὲπὶ
3161 2531 3312 2593 δέκα,
3343 2530 3395 2583 id
3425 2536 3530 2594 est,

1964 2636 2127 2691 supra
2156 2620 2344 2678 decem
2374 2621 2599 2677 alteram
2628 2639 2644 2676 :
2672 2621 2921 2675 ultimam
2946 2619 3149 2689 φθῖνον,
3178 2620 3230 2675 id
3260 2629 3364 2684 est,
3395 2636 3533 2691 pra:-

1963 2713 2204 2783 cipitem,
2236 2713 2321 2770 vel
2367 2711 2726 2768 desinentem.
2760 2711 3209 2783 Quandoquidem
3239 2710 3355 2765 [nec
3385 2725 3531 2780 quo-

1963 2820 2069 2875 que
2116 2803 2313 2860 divisio
2359 2810 2547 2859 nostra
2594 2803 2673 2860 sic
2730 2803 2917 2857 nescio
2958 2800 3232 2872 quomodo
3274 2801 3364 2855 tiet
3405 2815 3530 2854 cum

1963 2894 2207 2951 Romana
2256 2895 2666 2953 consonantior.
2724 2894 2789 2949 lli
2833 2909 3068 2965 namque
3110 2901 3221 2948 tres
3255 2894 3420 2948 etiam
3475 2891 3529 2945 in

1962 2996 2145 3058 partes
2195 3003 2439 3043 mensem
2492 2988 2833 3051 tribuentes,
2883 2986 3175 3052 Kalendas,
3223 2983 3426 3048 Nonas,
3476 2989 3531 3036 et

1964 3077 2089 3135 ldus
2140 3080 2435 3150 appellant.
2486 3077 2578 3134 Sic
2627 3080 2811 3150 itaque
2861 3077 3259 3133 numerandum
3307 3081 3420 3139 est,
3472 3080 3532 3125 ut

288 3162 457 3216 δέκα·
493 3158 609 3216 εἶτα
638 3162 894 3233 δευτέραν
938 3164 1031 3216 ἐπὶ
1065 3163 1216 3229 δέκα,
1262 3162 1356 3216 καὶ
1400 3160 1525 3232 ἑξῆς
1567 3160 1693 3234 ἄχρι
1722 3162 1863 3215 εἰκο-

1963 3166 2259 3223 Neomenia
2289 3167 2456 3238 (quod
2487 3169 2824 3223 novilunium
2857 3166 3151 3239 signiﬁcat)
3186 3164 3391 3220 mensis
3419 3163 3532 3232 pri-

292 3255 446 3326 στῆς.
487 3255 553 3308 Ἦ
583 3253 720 3327 αὑτὴ
752 3255 809 3309 δὲ
834 3254 927 3309 καὶ
958 3255 1143 3320 εἰκάς·
1186 3254 1301 3328 μεθ’
1328 3255 1396 3327 ἣν
1427 3253 1712 3324 ἑνδεκάτην
1742 3253 1862 3324 φθί-

290 3364 498 3411 νοντος,
530 3346 563 3418 ἢ
590 3347 841 3418 δεκάτην,
875 3348 908 3419 ἢ
951 3349 1195 3419 έννάτην,
1232 3348 1266 3420 ἢ
1312 3346 1524 3419 ὀγδόην,
1553 3347 1629 3411 ὡς
1673 3346 1861 3418 ἔτυχεν

290 3437 433 3509 ἔχων
456 3441 484 3492 ὁ
511 3438 635 3511 μὴν,
662 3440 756 3493 καὶ
788 3439 915 3509 ἑξῆς
943 3439 1224 3493 άναλύοντι
1259 3439 1384 3511 ἄχρι
1409 3439 1685 3510 δευτέρας.
1709 3437 1862 3493 Οὕτω

292 3526 402 3600 γὰρ
484 3528 755 3600 Ἀθηναῖοι
808 3528 1109 3601 ἡρίθμουν,
1161 3528 1222 3583 οὐ
1286 3527 1695 3601 προστιθέντες,
1746 3528 1860 3582 ἀλλ’

292 3618 672 3691 ἀφαιροῦντες,
704 3619 799 3674 καὶ
825 3619 1144 3685 ἀναλύοντες
1173 3620 1332 3693 μέχρι
1358 3619 1666 3693 τριακάδος,
1690 3621 1864 3675 Σόλω-

292 3724 386 3772 νος
430 3709 779 3782 ἡγησαμένου
824 3711 960 3783 πρὸς
1000 3712 1069 3766 τὰ
1108 3712 1204 3784 τῆς
1259 3711 1487 3784 σελήνης
1519 3711 1674 3782 φῶτα
1723 3712 1865 3767 οὕτω

297 3799 613 3871 μειούμενα.
648 3803 758 3856 Καὶ⁵
797 3804 1187 3876 Ἀριστοφάνης
1237 3803 1295 3858 δὲ
1342 3805 1370 3857 ὁ
1411 3805 1655 3876 κωμικὸς
1694 3803 1864 3870 οὕτως

293 3890 549 3963 ἀριθμεῖ·

1966 3276 2089 3316 mus
2130 3259 2249 3315 dies
2287 3260 2359 3315 sit
2396 3278 2410 3315 :
2445 3259 2640 3315 deinde
2686 3259 2961 3316 secundus
3010 3257 3289 3315 instantis,
3335 3257 3532 3311 tertius

1966 3350 2244 3413 instantis,
2275 3359 2329 3406 et
2359 3351 2434 3405 ita
2467 3351 2727 3423 deinceps
2756 3366 2930 3422 usque
2959 3349 3028 3404 ad
3058 3348 3326 3404 decimum
3358 3365 3373 3403 :
3408 3354 3533 3417 post

1965 3456 2125 3513 quem
2177 3441 2387 3512 primus
2441 3457 2605 3522 supra
2652 3443 2863 3507 decem,
2896 3440 3167 3496 secundus
3215 3450 3381 3507 supra
3431 3436 3534 3490 de-

1967 3546 2109 3594 cem,
2140 3540 2193 3587 et
2225 3533 2304 3587 sic
2332 3548 2428 3603 per
2455 3533 2702 3588 ordinem
2734 3547 2909 3604 usque
2948 3530 3017 3585 ad
3065 3529 3405 3598 vigesimum,
3437 3526 3530 3598 qui

1965 3630 2020 3677 et
2042 3623 2191 3678 eicas
2225 3623 2447 3684 dicitur.
2479 3625 2634 3694 quasi
2678 3625 3015 3679 vicenionem
3049 3621 3199 3677 ausis
3240 3619 3530 3690 appellare.

1965 3714 2093 3771 Post
2134 3732 2294 3787 quem
2331 3716 2655 3772 undecimus
2692 3717 3007 3786 praecipitis,
3041 3715 3127 3770 vel
3155 3713 3420 3775 decimus,
3446 3710 3533 3765 vel

1964 3822 2167 3875 nonus,
2193 3809 2277 3864 vel
2306 3816 2556 3873 octavus,
2590 3824 2688 3879 pro
2716 3808 2921 3863 mensis
2963 3807 3205 3876 cujusvis
3243 3808 3535 3875 superante

1963 3898 2175 3956 dierum
2224 3915 2503 3957 numero:
2540 3908 2594 3956 et
2646 3900 2904 3972 deinceps
2957 3899 3147 3956 ordine
3203 3904 3535 3968 praepostero

296 3975 744 4051 subducendum,
795 3986 1008 4042 numeri
1057 3988 1274 4058 quidem
1327 3988 1522 4045 seriem
1572 3989 1868 4045 retexendo
1897 4005 2073 4062 usque
2102 3992 2169 4048 ad
2199 3993 2502 4049 secundum
2536 3994 2845 4064 praecipitis.
2916 3992 2993 4047 Ita
3026 3992 3170 4048 enim
3236 3986 3531 4043 Athenien-

294 4092 388 4133 ses
435 4082 833 4146 numerabant,
884 4098 991 4137 non
1042 4084 1335 4150 addentes,
1393 4085 1488 4141 sed
1540 4083 1870 4152 auferentes,
1932 4090 2376 4161 resolventesque
2422 4106 2599 4169 usque
2643 4089 2712 4146 ad
2751 4091 3088 4147 tricesimum
3121 4088 3315 4144 diem:
3382 4090 3439 4140 et
3479 4080 3534 4135 id

294 4171 516 4241 quidem
549 4171 765 4230 Solonis
797 4175 1074 4238 instituto,
1104 4177 1319 4234 ratione
1366 4177 1508 4235 luna:
1551 4179 1627 4234 ita
1667 4180 1871 4236 sensim
1889 4181 2074 4239 iumen
2103 4199 2263 4240 suum
2293 4185 2613 4241 minuentis.
2637 4186 2704 4240 Et
2745 4186 2848 4241 hoc
2878 4193 3028 4240 certe
3091 4183 3255 4239 modo
3322 4180 3537 4235 Aristo-

300 4266 507 4337 phanes
534 4267 777 4324 comicus
806 4280 1065 4341 supputat
1092 4292 1108 4331 :

297 4382 833 4462 l_7§;_1_:tfq,_retpdg,
875 4389 1040 4457 τρίτη
1065 4407 1078 4421 ’
1119 4390 1271 4462 μετὰ
1315 4392 1541 4462 ταύτην
1582 4390 1856 4462 δευτέρα·

455 4448 535 4521 ’ἣν
561 4455 675 4529 ἐγὼ
692 4448 959 4529 inuidia
990 4448 1204 4514 σίασῶν
1232 4460 1467 4529 ἡμερῶν

295 4522 560 4585 Δέδοικα.
590 4522 770 4594 εὐθὺς
807 4528 932 4583 ἐσθ’
966 4529 1073 4599 ἕνη
1111 4548 1174 4585 τε
1204 4522 1303 4584 κᾶὶ
1338 4522 1464 4587 ἱρέα.

367 4636 522 4690 Μετὰ
549 4637 605 4691 δὲ
647 4638 903 4712 δευτέραν
935 4642 1128 4696 ἀκτέον
1163 4644 1309 4714 ἔνην.
1339 4646 1512 4717 Χρεία
1541 4646 1585 4699 δ’
1611 4646 1739 4717 ’ἐνης
1772 4646 1866 4698 καὶ

295 4726 425 4786 νέας
447 4727 546 4780 οὐκ
568 4727 717 4783 ἐσται
750 4731 902 4802 ἡμῖν,
945 4731 1113 4786 διὰτὸ
1148 4732 1223 4805 μὴ
1263 4732 1403 4787 κατὰ
1439 4732 1665 4805 σελήνην
1690 4732 1862 4797 ἄγειν,

296 4818 468 4889 Ἕνην
505 4819 563 4873 δὲ
606 4820 705 4894 τὴν
748 4822 1059 4878 τελευταίαν
1097 4824 1192 4877 τοῦ
1239 4825 1407 4896 μηνὸς
1440 4826 1654 4897 ἡμέραν
1682 4824 1866 4878 καλεῖν

295 4906 395 4960 καὶ
443 4908 591 4978 ἡμᾶς
647 4909 843 4965 κωλύει
896 4912 1089 4978 ούθὲν,
1141 4914 1222 4967 ὅτι
1269 4913 1363 4968 καὶ
1409 4914 1504 4968 νέα
1562 4916 1595 4987 η
1650 4913 1863 4986 πρώτη,

294 4997 517 5063 πλείους
552 5017 612 5053 τε
660 5002 715 5055 αἱ
772 5002 1047 5072 φθίνοντος
1088 5005 1325 5074 γίνονται
1368 5008 1591 5080 ἡμέραι,
1621 5007 1716 5061 καὶ
1755 5006 1865 5062 ἐσθ’

290 5088 386 5142 ὅτε
435 5089 688 5155 ἐλάττους
735 5092 842 5147 τῶν
882 5094 1162 5162 Ἀττικῶν,
1195 5096 1281 5149 διὰ
1313 5097 1375 5150 τὸ
1413 5098 1539 5162 τοὺς
1581 5098 1679 5168 μὲν
1716 5115 1867 5170 τρια-

290 5178 666 5252 κονθημέρους
712 5183 820 5237 τῶν
864 5184 1049 5257 μηνῶν
1102 5188 1233 5257 ἡμῖν
1270 5183 1442 5252 εἶναι,
1492 5190 1618 5252 τοὺς
1662 5188 1719 5242 δὲ
1766 5190 1866 5260 μιᾷ

290 5269 658 5342 ὑπερϐάλλειν
679 5272 786 5327 τῶν
816 5274 1016 5346 ἑτέρων
1039 5276 1240 5348 ἡμέρᾳ,
1266 5277 1359 5334 ἕνα
1394 5278 1450 5331 δὲ
1474 5278 1569 5332 καὶ
1600 5278 1745 5332 δυεῖν
1768 5279 1866 5350 μὲν

293 5362 566 5418 ἐλλείπειν
621 5365 728 5419 τῶν
787 5366 1266 5443 τριακονθημέρων
1311 5367 1439 5439 ἑξῆς
1483 5368 1648 5442 τριῶν
1694 5370 1864 5433 ἐτῶν,

295 5456 402 5527 μιᾷ
431 5454 487 5509 δὲ
533 5455 610 5528 τῷ
645 5459 906 5531 τετάρτῳ,
948 5460 1025 5525 ὡς
1079 5460 1292 5533 εἴρηται
1345 5478 1627 5535 προτερον.
1674 5463 1736 5516 Οἱ
1769 5464 1867 5534 μὲν

289 5541 393 5599 οὖν
442 5547 845 5618 ὲνδεκάφθινοι,
911 5552 959 5606 oi
1012 5551 1068 5606 δὲ
1120 5551 1465 5623 δεκάφθινοι,
1533 5548 1613 5618 εἷς
1667 5553 1722 5608 δὲ
1772 5554 1868 5608 καὶ

290 5637 638 5708 ὀκτάφθινος,
679 5641 772 5695 καὶ
798 5642 1078 5713 ξνάφθινος
1097 5662 1111 5675 ο
1150 5644 1288 5698 ἑπτά
1332 5645 1429 5717 μὲν
1460 5643 1569 5718 γὰρ
1598 5644 1728 5712 οἵδε,
1763 5646 1869 5699 Πο-

296 5728 541 5796 σειδεὼν,
593 5731 906 5806 Γαμηλιὼνζ
952 5735 1289 5808 Μουνυχιὼν,
1333 5738 1719 5811 Σκιροφοριὼν,
1752 5741 1865 5794 Με-

1972 4387 2224 4455 Quintus,
2258 4389 2443 4443 deinde
2474 4397 2717 4456 quartus,
2749 4387 2970 4457 hincque
2999 4389 3219 4446 tertius;

1895 4461 1941 4518 D
1976 4454 2101 4529 Post
2130 4477 2279 4529 quem
2307 4454 2588 4520 secundus,
2616 4454 2953 4518 omnium.'et
2984 4471 3133 4527 quem
3168 4454 3397 4509 maxime

1970 4526 2172 4595 Metuo,
2204 4546 2417 4600 sequens
2454 4539 2531 4583 est
2560 4529 2807 4582 continuo
2836 4537 2976 4582 vetus
3003 4535 3049 4580 et
3082 4541 3262 4579 novus.

2038 4639 2227 4710 itaque
2271 4648 2396 4711 post
2447 4640 2745 4695 secundum
2800 4639 3114 4710 ριἰεείρίιὶε,
3160 4638 3318 4693 nobis
3368 4626 3544 4693 collo-A

1967 4732 2175 4788 candus
2225 4740 2311 4787 est
2359 4740 2534 4787 vetus.
2578 4730 2711 4786 Nam
2764 4731 2963 4787 veteris
3011 4737 3067 4785 et
3117 4730 3265 4792 novi,
3314 4729 3370 4782 iul
3426 4740 3533 4795 est,

1966 4824 2197 4879 extremi
2246 4832 2301 4880 et
2349 4825 2531 4894 primi,
2568 4838 2662 4880 seu
2723 4820 3156 4885 intermenstrui,
3205 4820 3364 4876 nobis
3402 4837 3535 4877 usus

1966 4913 2199 4969 exolevit
2230 4933 2242 4967 :
2270 4914 2416 4984 quod
2450 4929 2558 4969 non
2585 4914 2650 4967 ad
2683 4913 2865 4966 lunam
2905 4918 3148 4980 tempora
3176 4909 3531 4966 deducamus.

1968 5002 2075 5059 Sed
2145 5003 2286 5059 diem
2355 5006 2561 5060 mensis
2634 5004 2883 5058 ultimum
2955 5001 3230 5072 appellare
3297 5009 3533 5056 veterem

1965 5097 2092 5166 quid
2141 5113 2242 5152 nos
2296 5103 2458 5161 vetat,
2509 5110 2634 5150 cum
2682 5094 2891 5165 primus
2940 5108 3159 5163 quoque
3211 5107 3387 5171 novus
3432 5091 3536 5146 sit?

1964 5185 2084 5243 Jam
2107 5203 2236 5244 vero
2265 5187 2561 5259 prmcipitis
2588 5187 2706 5243 dies
2730 5185 3007 5243 interdum
3034 5185 3221 5254 plures
3249 5183 3533 5247 habemus.

1968 5297 2357 5353 nonnunquam
2411 5281 2699 5351 pauciores
2753 5279 2950 5336 diebus
3008 5277 3224 5332 Atticis.
3279 5276 3537 5343 Quando-

1967 5375 2185 5444 quidem
2242 5388 2458 5428 menses
2506 5372 2597 5426 alii
2642 5372 2909 5426 trieenum
2955 5369 3188 5432 dierum,
3239 5369 3331 5423 alii
3374 5368 3540 5423 triee-

1966 5482 2098 5520 num
2121 5464 2480 5535 siugulorum,
2508 5480 2650 5519 unus
2682 5462 2844 5518 modo
2873 5461 3350 5524 duodetricenum,
3377 5459 3539 5514 modo

1967 5554 2405 5617 undetricenum,
2438 5553 2696 5607 nimirum
2726 5560 2926 5624 quarto
2975 5566 3191 5623 quoque
3238 5565 3382 5605 anno
3429 5565 3540 5602 uno

1967 5646 2053 5702 die
2099 5645 2317 5708 addito,
2370 5638 2517 5717 quod
2567 5645 2721 5716 prius
2777 5651 2862 5701 est
2912 5644 3140 5700 dictum.
3196 5640 3539 5712 Quapropter

1969 5752 2183 5793 menses
2238 5738 2327 5793 alii
2393 5737 2462 5793 ab
2522 5738 2770 5794 undecim
2838 5736 3047 5792 dierum
3104 5735 3313 5806 reliquo
3373 5746 3537 5801 supra
