4044 6220
524 343 684 399 1203

1567 345 1656 401 AD
1694 344 1958 403 EUSEBﬂ
1989 344 2384 404 CliRONlCON
2425 343 2784 404 APPENDIX.

3638 346 3768 401 περι

542 461 729 543 viginti
758 473 984 515 numero
1006 460 1470 534 Hendecaphthini
1499 477 1783 534 vocentur,
1816 470 1906 524 alii
1933 468 2096 526 Deca-

2198 469 2535 539 ταγειτνιὼν,
2578 467 2941 543 Βοηδρομιὼν,
2973 465 3322 537 Πυανεψιὼν,
3363 463 3555 521 ἕνδεκα
3589 466 3770 533 ἕξουσι

539 539 774 623 ρὶιιίιίηἰ,
806 551 1004 622 quibus
1052 553 1236 610 decem
1280 555 1397 611 dies
1441 568 1736 628 supersunt
1765 580 1777 613 :
1810 576 1953 617 unus
1975 576 2103 616 vero

539 642 968 713 Octaphtbinus,
1020 652 1075 700 et
1123 644 1534 717 Enaphthinus,
1595 651 1681 705 cui
1736 666 1883 705 nunc
1939 660 2099 718 octo,

537 748 686 788 nunc
758 748 951 788 novem
1021 744 1282 805 superant
1348 738 1490 793 ultra
1556 739 1768 809 viginti.
1830 739 1895 794 Hi
1958 743 2101 796 enim

543 824 699 895 165
730 834 964 895 septem,
1016 826 1283 883 Posideon
1309 869 1324 892 ,
1371 829 1655 888 Gamelion
1678 872 1693 896 ,
1742 833 2099 906 Munychion,

541 916 963 985 Scirophorion,
1015 917 1407 990 Metagitnion,
1460 922 1853 989 Boedromion,
1893 925 2103 997 Pyane-

540 1009 720 1077 psion,
757 1010 1008 1065 undecim
1039 1010 1157 1067 dies
1203 1015 1496 1085 praecipitis
1531 1017 1843 1073 habebunt:
1872 1026 1926 1071 at
1975 1018 2103 1074 reli-

539 1101 634 1169 qui
684 1100 869 1155 decem
921 1107 1153 1167 tantum,
1203 1115 1400 1173 praeter
1453 1105 1952 1177 Elapheboliouem.
2007 1107 2101 1178 qui

537 1191 801 1247 continuo
832 1192 1069 1248 triennio
1094 1204 1219 1248 octo
1252 1197 1493 1261 habebit,
1520 1214 1713 1254 novem
1745 1208 1924 1252 autem
1958 1214 2103 1253 anno

538 1293 756 1356 quarto.
794 1286 867 1339 At
900 1287 945 1342 si
980 1286 1106 1356 quis
1140 1288 1365 1356 φθίνειν,
1402 1290 1455 1345 id
1481 1298 1586 1354 est,
1617 1291 1945 1359 prwcipitare
1967 1331 1982 1354 ,
2003 1305 2100 1346 seu

538 1379 806 1444 desinere,
832 1385 887 1434 et
909 1378 1180 1441 ἵστασθαι,
1216 1380 1269 1434 id
1298 1389 1382 1435 est
1402 1418 1417 1445 ,
1446 1381 1645 1433 instare
1674 1380 1788 1436 sive
1812 1381 1950 1435 inire
1972 1395 2100 1451 pro-

539 1467 658 1538 pria
684 1467 824 1523 lunae
856 1483 979 1524 esse
1022 1468 1191 1532 dicat,
1224 1478 1405 1524 mente
1442 1470 1733 1540 animoque
1772 1471 2101 1541 complecta-

540 1568 652 1626 tur,
682 1558 829 1629 quod
859 1560 913 1613 in
947 1559 1068 1616 aliis
1088 1560 1251 1614 etiam
1281 1561 1654 1631 compluribus
1680 1561 1896 1615 aliunde
1922 1570 2102 1616 trans-

539 1651 686 1708 latus
734 1651 1019 1721 improprii
1066 1652 1337 1709 sermonis
1387 1668 1520 1707 usus
1571 1651 1757 1719 evicit,
1800 1662 1859 1707 ut
1913 1652 1969 1706 in
2016 1651 2101 1708 his

540 1755 758 1814 quoque
794 1742 978 1798 verbis
1012 1741 1314 1812 χαλκεύειν,
1358 1751 1412 1797 et
1445 1746 1720 1815 χορηγεῖν,
1759 1751 1814 1798 et
1844 1742 2101 1816 δημιουρ-

2204 559 2479 630 φθίνοντος
2522 560 2732 631 ἡμέρας
2753 576 2766 589 ·
2791 557 2923 611 δέκα
2950 557 3007 610 δὲ
3035 558 3087 609 oi
3123 556 3318 619 λοιποὶ,
3358 556 3497 626 πλὴν
3539 556 3770 628 Ἐλαφη-

2203 651 2474 715 ϐολιῶνος.
2506 645 2673 714 Οὗτος
2700 650 2807 722 γὰρ
2831 647 2975 703 ὀκτὼ
3007 648 3106 720 μὲν
3146 648 3272 720 ἑξῆς
3303 648 3470 718 τριῶν
3495 648 3655 711 ἑτῶν,
3687 651 3772 702 tv-

2202 743 2295 795 νέα
2325 743 2383 796 δὲ
2409 743 2486 813 τῷ
2517 744 2774 813 τετάρτῳ.
2819 741 2925 795 Καὶ
2957 740 3060 812 μὴν
3094 741 3147 792 εἴ
3177 757 3260 803 τις
3299 741 3361 793 τὸ
3404 740 3636 808 φθίνειν,
3678 741 3777 793 καὶ

2203 834 2454 888 ἵστασθαι
2479 835 2607 887 ίδιον
2631 831 2769 887 εἶναι
2795 833 2940 901 λέγοι
2973 818 3217 902 σελήνης,
3244 831 3602 902 ἐνθυμείσθω,
3634 831 3775 884 διότι

2202 927 2295 978 καὶ
2325 926 2410 978 ἐπ’
2428 926 2599 980 ἄλλων
2616 925 2822 979 πολλῶν
2839 926 3031 997 χρῆσις
3049 926 3141 978 ἀπ’
3165 924 3334 977 ἄλλων
3361 923 3776 995 μεταληφθεῖσα

2201 1017 2540 1087 κεκράτηκεν
2586 1017 2944 1087 ἁκυρόλογος’
2982 1007 3090 1070 οἷον
3133 1017 3226 1070 καὶ
3254 1016 3313 1068 τὸ
3341 1014 3649 1085 χαλκεύειν,
3678 1016 3777 1069 καὶ

2201 1110 2477 1178 χορηγεῖν,
2512 1107 2605 1161 καὶ
2649 1107 3018 1179 δημιουργεῖν.
3066 1105 3390 1177 Ὠνομάζετο
3420 1104 3477 1158 δέ
3510 1121 3644 1158 ποτε
3681 1106 3776 1160 καὶ

2203 1196 2396 1267 βυὸλία
2418 1198 2597 1269 μόνον,
2620 1198 2687 1252 τὰ
2713 1200 2777 1252 ὲκ
2808 1202 2905 1270 τῆς
2932 1198 3125 1268 βύσλου
3145 1200 3245 1269 τῆς
3269 1200 3327 1250 ὲν
3354 1196 3614 1266 Αἰγύπτῳ
3643 1213 3777 1265 φυο-

2203 1290 2371 1360 μένης
2404 1289 2656 1361 παπύρου
2684 1290 2959 1360 γινόμενα.
3011 1289 3123 1343 Νῦν
3157 1289 3213 1342 δέ
3246 1304 3340 1342 και
3387 1288 3453 1341 τὰ
3508 1291 3575 1341 ἐκ
3619 1288 3773 1341 λίνου

2203 1380 2402 1452 ῥάκους
2443 1380 2902 1452 κατεργασθέντος
2944 1379 3070 1452 πιλή
3080 1397 3225 1451 ματα
3263 1378 3536 1445 διάκολλα,
3580 1381 3642 1432 ὲν
3693 1375 3778 1443 οἷς

2200 1472 2502 1542 γράφομεν,
2538 1471 2774 1543 τοῦνομα
2806 1472 2915 1543 ἔχει
2938 1472 3113 1525 τοῦτο.
3138 1472 3247 1524 Καὶ
3277 1473 3504 1541 σχοινίον
3532 1470 3778 1542 πρόσθεν

2199 1564 2356 1617 τδιὲκ
2389 1565 2600 1634 σχοίνου
2648 1564 2755 1618 τῶν
2798 1564 2981 1617 ἑλείων
3020 1563 3218 1633 φυτοῦ·
3261 1562 3355 1615 νῦν
3394 1563 3454 1617 δὲ
3484 1564 3579 1616 καὶ
3610 1562 3682 1615 τὸ
3714 1563 3779 1615 ὲκ

2199 1654 2343 1709 λίνου
2376 1656 2470 1708 καὶ
2500 1654 2660 1727 ἐρίων
2695 1655 2830 1726 πρὸς
2856 1655 2953 1728 τὴν
2991 1655 3160 1728 αὐτὴν
3199 1654 3386 1725 χρείαν
3428 1653 3779 1723 κλωθόμενον

2203 1745 2430 1817 σχοινίον
2453 1746 2935 1818 προσαγορεύεται.
2960 1745 3069 1799 Kal
3093 1744 3353 1817 αὐθέντης
3374 1744 3431 1797 δὲ
3457 1746 3485 1797 ὁ
3511 1745 3781 1815 αὐτόχειρ

540 1836 677 1905 γείν,
713 1833 769 1888 id
801 1841 906 1897 est,
932 1834 1151 1899 cudere,
1184 1835 1537 1903 suppeditare,
1577 1850 1871 1901 procreare.
1914 1833 2096 1899 Quon-

2201 1837 2358 1907 μόνον
2385 1836 2600 1905 ἐλέγετο
2632 1837 2817 1891 πάλαι.
2844 1833 2956 1891 Νῦν
2988 1832 3043 1890 δὲ
3074 1836 3167 1889 καὶ
3192 1833 3436 1889 ὁστισοῦν
3462 1835 3661 1898 αἴτιος,
3682 1836 3777 1887 καὶ

537 1928 665 1982 dam
712 1927 874 1982 etiam
906 1923 1094 1996 βυόλία
1142 1927 1320 1981 solum
1367 1926 1711 1989 dicebantur,
1755 1941 1876 1995 quae
1910 1925 2098 1979 tierent

539 2034 606 2076 ex
631 2019 799 2088 junco
830 2030 1054 2089 papyro,
1084 2034 1204 2088 quae
1239 2019 1292 2072 in
1320 2018 1554 2089 Egypto
1576 2018 1914 2087 producitur.
1943 2015 2097 2070 Nunc

540 2125 670 2164 vero
723 2124 787 2165 ex
831 2109 926 2162 lini
976 2109 1281 2177 panniculis
1327 2120 1382 2164 et
1432 2108 1778 2162 linteolorum
1835 2107 2097 2162 ramentis

540 2201 715 2256 versis
745 2200 799 2253 in
828 2199 1124 2270 opificium,
1152 2200 1472 2268 constipata:
1512 2199 1713 2253 charta:
1745 2198 2014 2268 quaedam,
2044 2205 2098 2253 et

541 2290 927 2360 conglutinata:
956 2290 1030 2360 (in
1058 2290 1258 2359 quibus
1284 2291 1597 2357 scribimus)
1632 2288 1685 2342 id
1714 2289 1949 2345 nominis
1978 2303 2099 2343 sor-

543 2383 656 2436 titae
694 2386 841 2435 sunt.
874 2378 941 2433 Et
973 2380 1202 2450 σχοινίον
1252 2380 1381 2433 olim
1416 2379 1562 2435 funis
1591 2391 1730 2444 erat,
1775 2396 1841 2435 ex
1872 2379 2097 2434 schoeno

540 2474 713 2543 junco
743 2473 887 2542 (quae
936 2486 1000 2526 ex
1036 2471 1372 2541 palustribus
1421 2472 1606 2540 planta
1646 2469 1750 2539 est)
1793 2469 2095 2535 confectus,

540 2562 635 2618 sed
663 2577 808 2617 nunc
836 2577 901 2616 ex
931 2562 1042 2616 Iino
1076 2570 1129 2615 et
1159 2561 1301 2616 lanis
1342 2561 1396 2615 in
1422 2561 1673 2616 eumdem
1702 2576 1859 2615 usum
1890 2576 2096 2616 convo-

542 2661 691 2712 lutus
719 2662 1109 2723 cuntortusquc
1135 2653 1301 2717 funis,
1347 2655 1633 2709 sclttenion
1666 2655 1990 2725 appellatur.
2034 2654 2097 2710 Et

542 2759 802 2821 praeterea
844 2747 1104 2817 αὐθέντης
1149 2747 1217 2801 ab
1252 2748 1493 2817 antiquis
1542 2768 1558 2798 ι
1596 2748 1756 2802 caulis
1800 2756 2044 2818 patrator
2073 2767 2092 2800 ι

538 2847 751 2897 tantum
783 2840 1119 2894 vocabatur:
1154 2854 1298 2893 nunc
1328 2854 1455 2893 vero
1487 2839 1738 2909 quisquis
1766 2848 1957 2893 auctor
1989 2845 2093 2902 est,

540 2931 760 2996 artifex,
807 2929 1011 3001 opifex,
1067 2939 1288 2985 curator
1344 2929 1421 2984 rci
1473 2928 1745 2998 cujusvis,
1811 2930 2097 2985 authentes

539 3031 909 3095 nuncupatur.
965 3021 1031 3076 Et
1078 3022 1337 3077 nimirum
1381 3022 1514 3076 vicit
1548 3022 1884 3092 invaluitque
1932 3036 2098 3092 supra

539 3117 690 3171 mille
744 3128 917 3169 annos
964 3112 1281 3183 liujusmodi
1338 3112 1687 3183 signiﬁcatio,
1743 3120 2094 3183 posteaquam

541 3208 712 3264 Graeci
751 3222 873 3263 cum
909 3205 1172 3261 Romanis
1212 3214 1494 3263 versantes
1534 3214 1894 3277 perceperunt
1940 3221 2095 3260 suam

541 3300 779 3369 linguam
820 3296 998 3351 adhuc
1028 3295 1271 3366 indigere
1310 3297 1532 3351 nomine
1568 3296 1696 3350 huic
1746 3294 1953 3350 nomini
1995 3295 2096 3350 La-

538 3392 653 3445 tino
686 3408 705 3441 ι
733 3396 924 3442 auctor
951 3408 970 3440 ›
1006 3386 1388 3457 respondente,
1413 3386 1558 3458 quod
1588 3388 1846 3458 majorem
1874 3387 2097 3442 haberet

540 3498 674 3537 usus
714 3481 1122 3552 proprietatem.
1169 3478 1247 3534 Ita
1290 3481 1432 3536 enim
1477 3481 1675 3546 coacti,
1710 3489 1768 3534 ut
1799 3480 2097 3535 verisimile

537 3580 641 3637 est,
673 3573 749 3628 rei
780 3573 976 3628 crebro
1012 3572 1066 3626 in
1114 3587 1276 3627 usum
1309 3572 1579 3628 venientis
1608 3573 1783 3642 magis
1815 3571 2093 3642 proprium

537 3678 735 3719 nomen
761 3664 1058 3734 imponere.
1093 3663 1198 3718 hoc
1227 3670 1374 3719 certe
1397 3679 1594 3719 nomen
1624 3663 1913 3720 authentes
1942 3661 1997 3717 in
2029 3661 2097 3716 il-

536 3755 630 3810 lud
661 3761 1116 3822 transmutarUnt,
1149 3756 1429 3811 imitantes
1463 3756 1696 3811 alienam
1727 3756 1917 3825 legem.
1949 3753 2097 3809 Basi-

535 3848 644 3903 lius
698 3847 881 3917 itaque
930 3862 1073 3902 unus
1127 3862 1158 3902 e
1191 3848 1396 3903 nostris
1442 3846 1813 3918 pontiﬁcibus,
1850 3853 2095 3916 tempore

534 3937 880 4009 imperatoris
907 3935 1132 3998 Juliani.
1177 3938 1263 3992 vir
1306 3952 1417 3992 non
1454 3937 1635 3993 minus
1665 3936 1883 4007 eloquio
1928 3950 2093 4006 quam

533 4034 648 4090 ιιιτί
673 4032 1007 4105 cogitatione
1035 4033 1317 4104 praeditus,
1348 4033 1491 4088 dona
1533 4031 1772 4101 Spiritus
1803 4030 1977 4086 sancti
2006 4029 2093 4084 di-

531 4128 608 4181 cit
641 4140 751 4181 non
784 4123 900 4181 fieri
943 4141 1041 4196 per
1075 4125 1464 4191 ministerium,
1509 4124 1605 4180 sed
1643 4143 1661 4174 ι
1686 4122 2038 4179 authentice:
2070 4140 2088 4172 ι

531 4219 587 4275 id
621 4226 727 4282 est,
757 4233 866 4273 non
898 4233 929 4272 a
954 4218 1209 4273 ministro
1241 4218 1382 4279 dari,
1411 4210 1505 4272 sed
1533 4218 1601 4272 ab
1626 4225 1873 4271 auctore.
1898 4215 1966 4271 Et
1994 4213 2096 4286 Sy-

533 4314 724 4371 nesius
768 4311 1125 4383 philosophus
1173 4311 1577 4366 eruditissimus
1637 4310 1731 4380 qui
1780 4308 1884 4363 fuit
1930 4308 2095 4378 paulo

534 4413 657 4479 post
701 4404 1012 4462 Theodosio
1060 4404 1400 4474 imperante,
1455 4403 1802 4473 interrogans
1857 4400 2094 4471 patriar-

2198 1929 2657 2002 δημιουργὸς,εττ’
2689 1925 2782 1983 οῦν
2817 1927 3138 1999 αὐτουργῦς,
3185 1927 3279 1980 καὶ
3306 1928 3603 1998 ἐπιστάτης
3626 1926 3777 1998 πράο

2198 2039 2407 2093 γματος
2436 2020 2765 2085 οὑτινοσοῦν,
2785 2020 3048 2091 αὐθέντης
3073 2020 3311 2073 καλεῖται
3328 2036 3342 2049 ·
3367 2016 3505 2090 ὑπὲρ
3533 2017 3601 2070 τά
3622 2016 3779 2087 χίλια

2197 2112 2261 2183 δὴ
2320 2112 2412 2184 ἐτη
2469 2111 2869 2186 κεκρατηκότος
2921 2110 3014 2164 τοῦ
3072 2110 3276 2164 τοιοῦδε
3330 2109 3774 2181 σημαινομένου·

2199 2204 2406 2275 ἐπειδὴ,
2451 2203 2771 2275 Ῥωμαίοις,
2824 2201 2974 2273 θαμά
3014 2200 3079 2273 δὴ
3121 2196 3432 2272 ὁμιλοῦντες
3465 2199 3775 2270 Ἕλληνες,

2180 2295 2456 2358 ,συνίδοιεν
2501 2295 2600 2366 τὴν
2642 2294 2907 2366 σφετέραν
2934 2292 3110 2349 αὐτῶν
3151 2293 3333 2364 φωνὴν
3378 2292 3456 2345 ἔτι
3505 2292 3776 2364 δεομένην

2197 2385 2289 2439 τοῦ
2318 2402 2381 2455 γε
2422 2384 2679 2453 ἀνάλογον
2715 2384 2780 2437 ἂν
2824 2382 2900 2454 τῷ
2941 2403 2960 2435 ι
2984 2378 3147 2455 αῦτορ
3175 2402 3195 2435 ι
3229 2382 3449 2452 ὀνόματι
3480 2380 3592 2433 τῶν
3636 2382 3776 2434 Ῥωο

2201 2476 2373 2547 μαίων
2411 2475 2798 2547 ἀκριϐέστερον
2838 2473 3345 2546 προσοικειουμένου
3377 2469 3494 2534 ταῖς
3530 2473 3768 2544 χρείαις.

2197 2567 2351 2621 Οὐτω
2387 2566 2493 2639 γὰρ
2539 2565 2865 2638 βιαζόμενοι,
2923 2566 2999 2629 ὡς
3044 2565 3209 2630 εἰκὸς,
3258 2564 3545 2635 πράγματι
3596 2564 3772 2634 συχνά

2196 2660 2380 2730 ἥκοντι
2399 2659 2479 2721 εἰς
2500 2656 2684 2729 χρείαν
2705 2656 2872 2727 δνομα
2894 2657 3176 2728 ίδιαίτερον
3194 2654 3400 2717 θέσθαι,
3417 2655 3476 2708 τὸ
3496 2654 3769 2725 αὐθέντης

2196 2748 2259 2820 δὴ
2285 2748 2365 2811 είς
2397 2746 2552 2800 τοῦτο
2582 2744 3115 2817 άλλοτριονομοῦντες
3158 2745 3564 2816 μετενηνόχασι.
3596 2744 3766 2797 Βασί-

2196 2839 2336 2904 λειος
2365 2837 2457 2893 οὖν
2494 2838 2601 2891 τῶν
2645 2838 2927 2909 ἡμετέρων
2971 2837 3297 2910 ἱεροφαντῶν
3340 2838 3433 2890 ἐπὶ
3477 2835 3770 2889 Ἰουλιιινοῦ

2197 2932 2590 3003 αὐτοκράτορος
2632 2929 2917 3000 γενόμενος
2971 2928 3128 3000 ἀνὴρ,
3179 2928 3272 2981 καὶ
3310 2927 3410 2998 τὴν
3450 2929 3637 2998 φωνὴν
3669 2925 3771 2998 οὐχ

2194 3020 2354 3095 ἦττον
2391 3022 2548 3095 ἧτὴν
2584 3023 2819 3077 διάνοιαν
2869 3021 3299 3093 κεκοσμημένος,
3353 3020 3422 3073 τὰ
3462 3019 3560 3073 τοῦ
3616 3020 3771 3075 θείου

2196 3114 2509 3185 Πνεύματος
2530 3113 2838 3185 χαρίσματα
2862 3112 2922 3165 οὐ
2950 3110 3351 3183 λειτουργικῶς,
3383 3110 3497 3165 ἀλλ’
3525 3130 3544 3162 ι
3576 3111 3770 3165 αὐθεν-

2196 3206 2362 3270 τικῶς
2392 3224 2409 3256 ι
2439 3204 2681 3274 γίνεσθαι
2713 3204 2881 3273 λέγει.
2908 3203 3020 3258 Καὶ
3059 3204 3307 3267 Συνέσιος
3336 3203 3627 3274 φιλόσοφος
3662 3203 3769 3257 τῶν

2195 3298 2533 3367 λογιωτάτων
2561 3296 2752 3368 μικρὸν
2782 3296 3006 3366 ὓστερον
3032 3294 3125 3348 ἐπὶ
3168 3294 3466 3358 Θεοδοσίου,
3492 3284 3767 3349 πυνθανό-

2199 3407 2357 3462 μενος
2406 3389 2743 3462 πατριάρχου
2794 3386 3074 3457 Θεοφίλου,
3099 3388 3159 3440 εί
3201 3387 3303 3459 χρὴ
3350 3384 3593 3458 νομίζειν
3642 3384 3766 3440 ἐπί-

2197 3498 2396 3537 σκοπον
2429 3481 2773 3553 Ἀλέξανδρόν
2804 3498 2944 3546 τινα,
2972 3480 3409 3553 χειροτονηθέντα
3437 3481 3546 3534 ὐπὸ
3587 3481 3769 3534 Ἰωάν-

2193 3594 2283 3630 νου
2319 3576 2413 3629 τοῦ
2448 3575 2584 3647 μετὰ
2606 3574 2774 3629 ταῦτα
2810 3574 3151 3646 νομισθέντος
3180 3572 3354 3641 ἁγίου,
3376 3573 3471 3625 καὶ
3498 3573 3767 3644 ἐπονομα-

2197 3664 2410 3730 σθέντος
2446 3666 2847 3737 Χρυσοστόμου,
2881 3665 3001 3719 τότε
3042 3664 3129 3718 διά
3161 3681 3283 3719 τινα
3328 3663 3620 3734 συμϐᾶσαν
3652 3665 3753 3718 δια-

2196 3760 2368 3831 φορὰν
2424 3759 2518 3812 καὶ
2576 3758 2763 3812 στάσιν
2819 3756 2928 3811 τῶν
2991 3754 3322 3828 Ἐκκλησιῶν
3376 3756 3763 3827 ἀφωρισμέναι»

2193 3851 2382 3924 γνώμῃ
2441 3851 2719 3922 συνοδικῇ,
2777 3846 2867 3905 ὧδ’
2909 3850 3190 3921 ἐπιφέρει·
3232 3848 3417 3920 «Πρὸς
3462 3848 3493 3900 ὃ
3541 3850 3624 3902 δεῖ
3667 3848 3765 3920 τὴν

2193 3942 2480 3996 αὑθεντίαν
2521 3942 2618 4013 τῆς
2668 3941 3027 4012 άποστολικῆς
3077 3940 3325 4011 διαδοχῆς
3364 3941 3763 4012 ἀποκρίνασθαι

2194 4033 2378 4099 ἁπλῶς
2420 4035 2511 4088 καὶ
2559 4033 2764 4103 σαφῶς.
2810 4052 2829 4085 ι
2876 4033 2949 4085 Οὐ
2989 4032 3094 4104 μὴν
3137 4031 3273 4086 ἀλλὰ
3317 4033 3413 4085 καὶ
3463 4032 3757 4102 Ῥωμαῖοι,

2192 4127 2267 4190 ὼς
2309 4125 2649 4197 Πλούταρχος
2687 4124 2905 4198 ἱστορεῖ,
2940 4126 3038 4197 τὴν
3084 4127 3165 4188 εἰς
3205 4124 3330 4194 τρία
3375 4123 3635 4194 διαίρεσιν
3663 4120 3759 4175 τοῦ

2197 4217 2363 4288 μηνὸς
2406 4217 2538 4289 πρὸς
2580 4214 2676 4279 τὰς
2735 4216 2995 4286 μεγίστας
3038 4218 3188 4288 τρεῖς
3229 4214 3489 4287 διαφορὰς
3524 4212 3620 4283 τῆς
3666 4230 3758 4265 σε-

2194 4310 2359 4383 λήνης
2410 4310 2730 4379 τυγχάνουσι
2788 4308 3047 4379 πρότερον
3113 4307 3493 4378 πεποιηκότες
3545 4303 3757 4359 Καλέν-

2193 4403 2288 4465 δας
2331 4401 2431 4472 μὲν
2471 4401 2570 4471 τὴν
2618 4400 2909 4471 νουμηνίαν
2961 4399 3321 4462 καλέσαντες,
3369 4401 3451 4453 ὅτι
3497 4396 3621 4469 περὶ
3654 4396 3759 4467 τὴν

534 4501 691 4556 cham
723 4494 1106 4569 TheOphilum,
1141 4511 1208 4551 an
1239 4503 1487 4565 oporteat
1508 4494 1876 4550 Alexandrum
1903 4507 2093 4563 quem-

2198 4493 2411 4547 σύνοδον
2453 4487 2586 4546 οὖσα
2616 4491 2727 4544 τόθ’
2762 4492 2795 4561 ἠ
2846 4490 3038 4562 σελήνη
3094 4489 3282 4562 ὥσπερ
3318 4488 3560 4560 λέληθεν,
3587 4486 3767 4539 ἐπιλε-

534 4593 660 4647 dam
696 4591 1016 4648 existimare
1043 4590 1383 4659 episcopum,
1414 4587 1469 4641 in
1514 4586 1895 4657 episcoporum
1939 4581 2093 4638 ordi-

537 4692 657 4738 nem
695 4682 1010 4752 adoptatum
1040 4681 1110 4735 ab
1138 4679 1369 4744 Joanne,
1405 4678 1497 4750 (ιιιί
1530 4684 1716 4749 postea
1759 4676 1901 4731 inter
1937 4674 2094 4730 divos

535 4774 762 4836 relatus,
811 4779 867 4828 et
915 4771 1341 4843 Chrysostomus
1386 4768 1806 4840 cognominatus
1846 4775 1967 4824 est:
2000 4766 2095 4822 sed

534 4876 665 4919 tunc
709 4871 933 4935 propter
986 4863 1278 4934 quamdam
1323 4861 1720 4917 contentionem
1770 4868 1824 4915 et
1875 4859 2099 4915 seditio-

534 4969 657 5013 nem
704 4957 773 5012 ab
818 4955 1082 5011 Ecclesiis
1131 4956 1199 5009 de
1247 4954 1465 5008 concilii
1520 4953 1790 5008 sententia
1837 4952 2095 5008 exclusus

534 5057 652 5108 erat
679 5068 690 5102 :
718 5050 797 5104 sic
830 5046 992 5102 infert
1020 5066 1033 5101 :
1071 5068 1088 5097 ι
1122 5048 1199 5101 Ad
1222 5047 1369 5116 quod
1401 5061 1538 5115 opus
1567 5052 1651 5099 est
1678 5042 2038 5106 authentiam,
2072 5061 2090 5093 ι

536 5143 588 5196 ill
618 5150 722 5203 est,
756 5159 775 5192 ι
806 5139 1192 5194 auctoritatem
1228 5138 1600 5194 successionis
1627 5136 1940 5206 apostolica:
1964 5135 2095 5191 sim-

537 5233 768 5303 pliciter,
812 5238 865 5285 et
918 5238 1101 5299 aperte
1159 5232 1484 5285 sententiam
1542 5227 1701 5284 ferre.
1735 5248 1751 5280 ι
1807 5227 2095 5281 Enimvero

537 5324 699 5376 etiam
730 5320 984 5385 Romani,
1016 5329 1073 5374 ut
1110 5322 1301 5377 scribit
1326 5320 1675 5386 Plutarchus,
1715 5320 1860 5373 illam
1892 5317 2095 5372 mensis

535 5418 859 5473 divisionem
901 5417 1233 5486 tripartitam
1277 5417 1342 5470 ad
1376 5424 1491 5470 tres
1523 5416 1790 5469 maximas
1821 5414 1963 5466 luna:
1989 5410 2097 5464 diis

532 5508 792 5563 ferentias
826 5516 1097 5572 iecerunt,
1133 5507 1403 5563 Kalendas
1443 5505 1781 5561 novllunium
1817 5503 2095 5574 appellan-

535 5612 636 5663 tes,
670 5601 815 5671 quod
843 5610 958 5657 tum
996 5603 1128 5657 luna
1169 5603 1224 5657 in
1269 5603 1419 5657 coitu
1455 5602 1755 5663 exsistens,
1799 5597 1955 5668 quasi
2001 5612 2094 5656 0c-

533 5692 680 5745 culta
734 5693 806 5747 sit
856 5695 1073 5762 penitus
1123 5692 1333 5748 defecta
1385 5694 1634 5748 lumine;
1667 5692 1845 5745 «clam
1878 5712 1895 5741 ι
1949 5689 2092 5745 cnim

532 5784 795 5841 Romanis
841 5787 1071 5840 latenter
1116 5787 1408 5856 significat,
1459 5786 1602 5842 unde
1650 5784 1917 5839 lialcnzlas
1962 5782 2093 5838 dicit

2195 4585 2440 4649 λοιπότος
2471 4585 2534 4656 δὴ
2567 4584 2842 4648 παντελῶς
2882 4582 2975 4638 τοῦ
3010 4583 3211 4653 φωτόςο
3265 4582 3324 4636 τὸ
3362 4582 3472 4653 γάρ
3500 4600 3518 4631 ι
3552 4580 3702 4649 κλάμ
3741 4598 3759 4629 ι

2207 4676 2498 4749 Ῥωμαίοις
2524 4674 2585 4729 τὸ
2611 4673 2783 4746 λάθρα
2817 4672 3175 4743 διασημαίνει,
3210 4671 3330 4726 ὅθεν
3363 4670 3461 4733 τὰς
3487 4668 3767 4730 Καλένδας

2196 4768 2504 4841 ὠνομάσθαι
2547 4768 2699 4838 φησί.
2734 4764 2923 4829 Νώνας
2951 4765 3027 4828 δὲ,
3059 4765 3185 4817 ὅταν
3212 4760 3528 4832 καταφανὴς
3551 4759 3767 4832 πρῶτον

2197 4862 2290 4914 ἐπὶ
2312 4861 2528 4932 δυσμῶν
2548 4860 2759 4930 γίνηται
2792 4858 2912 4911 νέα·
2940 4855 3126 4918 Εἰδοὺς
3150 4854 3226 4917 δὲ,
3257 4855 3406 4914 ὅταν,
3429 4850 3766 4921 πανσέληνος

2197 4951 2351 5018 οὖσα,
2384 4951 2721 5025 εὐειδεστέρα
2763 4947 2859 5021 τὴν
2902 4949 3022 5018 ὄψιν
3160 4946 3296 5000 Ἀλλ’
3326 4946 3476 5017 ὅμως
3505 4944 3763 5015 ὕστερονο

2198 5047 2395 5106 καίτοι,
2427 5044 2545 5098 καθ’
2576 5044 2723 5115 ἣλιον
2762 5043 2984 5111 ἄγοντες
3023 5040 3149 5103 τοὺς
3195 5039 3388 5109 μῆνας,
3418 5034 3622 5106 ὁμοίως
3650 5032 3765 5103 ὁρί-

2198 5138 2379 5202 ζοντες
2410 5137 2497 5190 τὸν
2529 5137 2735 5206 χρόνον,
2770 5133 3062 5197 Καλένδας,
3089 5132 3183 5185 καὶ
3209 5129 3421 5193 Νώνας,
3452 5127 3546 5181 καὶ
3581 5125 3768 5186 Εἰδοὺς

2197 5230 2277 5283 ἔτι
2311 5228 2582 5289 καλοῦσιν,
2640 5227 2864 5298 ὀνόμασι
2923 5227 3331 5298 καταχρώμενοι
3373 5218 3453 5286 οἷς
3500 5220 3767 5292 πρότερον

2196 5323 2417 5389 ἄγοντες
2461 5319 2601 5374 κατὰ
2653 5319 2879 5390 σελήνην
2932 5316 3167 5390 ἐχρῶντο
3212 5315 3433 5388 κυρίως.
3481 5312 3651 5369 Οὐθὲν
3702 5311 3767 5378 δὴ

2195 5415 2392 5468 ἄτοπον
2423 5413 2530 5466 οὐδ’
2566 5413 2714 5483 ἡμῖν,
2764 5412 2811 5464 εί
2860 5411 3141 5481 ἱστάμενον
3194 5407 3473 5477 λέγοιμεν,
3512 5404 3608 5457 καὶ
3647 5399 3769 5470 φθί-

2196 5521 2375 5565 νοντα,
2410 5504 2484 5575 μὴ
2516 5504 2657 5559 κατὰ
2687 5503 2914 5576 σελήνην
2946 5504 3044 5563 ἔτι.
3089 5501 3225 5558 ἀλλὰ
3254 5498 3394 5554 κατὰ
3417 5498 3570 5568 ἥλιον
3601 5499 3765 5563 ἆγον-

2194 5613 2303 5659 τες.
2346 5597 2627 5665 Ἀνάλογον
2669 5596 2849 5650 τοίνυν
2895 5597 3024 5667 ἡμῖν
3065 5597 3174 5662 ἔξει
3213 5593 3475 5663 νουμηνία
3514 5591 3613 5661 μὲν
3646 5590 3765 5650 “cui;

2197 5687 2509 5752 Καλένδαις,
2545 5689 2605 5742 τὸ
2650 5689 2705 5741 δὲ
2763 5690 3044 5758 ἱστάμενον
3088 5688 3164 5757 τῷ
3218 5687 3323 5757 πρὸ
3355 5683 3578 5746 Νωνῶν,
3619 5681 3677 5733 τὺ
3702 5679 3759 5731 δὲ

2197 5779 2285 5831 ἐπὶ
2315 5779 2442 5833 δέκα
2480 5779 2553 5850 τῷ
2584 5781 2685 5852 πρὸ
2714 5781 2902 5846 Είδῶν,
2932 5781 2990 5834 τὸ
3016 5779 3070 5833 δὲ
3106 5778 3287 5851 φθῖνον
3318 5777 3394 5850 τῷ
3414 5776 3519 5845 πρὸ
3551 5773 3761 5829 Καλεν-
