4044 6220
277 271 425 342 1205
1229 290 1575 349 TIIEODORI
1617 292 1824 350 (ἱΑΖιΕ

1946 294 2070 349 BER
2106 295 2195 350 DE
2240 296 2538 354 MENSIBU
2548 297 2606 353 S.
3381 303 3523 362 1206

272 401 404 456 δῶν.
448 401 536 468 Ὠς
563 403 608 458 δ’
633 406 766 477 ἡμῖν
790 405 973 464 οὐκέτι
1001 407 1271 480 χρήσιμος
1296 407 1391 481 ἕνη
1420 411 1515 463 καὶ
1542 409 1659 472 νέα,
1682 410 1847 475 οὑτως

1956 411 2277 484 appellatas.
2322 412 2506 470 Nonas
2534 421 2739 483 aut-3m,
2775 415 2996 488 quando
3034 416 3270 488 primum
3320 418 3389 473 ad
3424 436 3520 475 oc-

270 496 395 550 οὐδὲ
430 495 721 566 Ῥωμαίοις
765 498 824 551 τὸ
869 498 1275 570 Ἰντερλούνιον·
1315 500 1414 572 τὴν
1461 499 1571 573 γὰρ
1617 501 1850 573 ἡμέραν,

270 583 342 665 ἧς
372 589 433 645 τὸ
458 591 555 663 μὲν
583 590 659 663 τῷ
681 592 895 665 λήγοντι
923 593 1073 665 μηνὶ,
1096 594 1156 648 τὸ
1182 594 1238 648 δὲ
1269 595 1346 666 τῷ
1370 594 1655 667 ἀρχομένῳ
1679 613 1850 669 προσ-

273 686 399 758 ήκει
445 684 586 739 κατὰ
635 681 882 757 σελήνην,
915 687 1172 758 Ῥωμαῖοι
1202 686 1345 741 οὕτω
1376 686 1625 743 καλοῦσι.
1664 687 1851 742 Ταῦτα

279 774 378 847 μὲν
407 773 471 847 δὴ
493 774 634 828 οὕτω
667 774 1052 847 λαμϐανόμενα
1090 772 1149 832 εὖ
1178 776 1244 831 ἂν
1274 776 1406 849 ἔχοι.
1448 777 1562 831 υὺκ
1593 777 1659 832 ἂν
1688 779 1851 846 ἀφαι-

278 868 451 939 ρεῖται
487 866 530 920 δ’
558 867 587 919 ὁ
620 864 773 935 λόγος
802 867 923 921 οὑδὲ
968 867 1182 932 ἰδιώτας
1212 869 1310 940 τὴν
1358 866 1468 922 τῶν
1503 869 1724 941 ἡμερῶν
1748 869 1850 940 τῆς

274 960 504 1035 σελήνης
533 962 756 1032 γνῶσιν,
783 964 976 1019 ὁπόσαι
1010 965 1289 1019 ἑκάστοτε.
1320 965 1461 1019 Πολὺ
1491 965 1598 1040 γάρ
1624 983 1676 1018 τι
1708 982 1849 1037 συμ-

272 1053 526 1108 ϐάλλεται
546 1056 626 1119 εἰς
649 1054 795 1109 τοῦθ’
818 1058 851 1127 ή
873 1056 981 1109 τῶν
1003 1054 1226 1128 ἡμερῶν
1249 1055 1344 1110 τοῦ
1365 1054 1487 1110 καθ’
1503 1055 1653 1126 ἥλιον
1681 1056 1850 1128 μηνὸς

270 1147 474 1220 εῐδησις
496 1164 512 1179 ο
539 1148 631 1202 καὶ
663 1149 843 1221 ῥᾴδιον
876 1148 1217 1222 προστιθέντι
1253 1151 1372 1213 ταῖς
1409 1151 1674 1213 ὲπακταῖς
1702 1149 1850 1221 εὑρι-

273 1261 429 1299 σκειν
449 1242 539 1296 τὸν
578 1243 827 1317 ἀριθμόν.
863 1244 936 1297 Τὸ
964 1244 1010 1298 δ’
1046 1244 1273 1315 ἀκριϐὲς
1304 1245 1404 1299 οὑκ
1433 1244 1763 1315 ἀπαιτητέον
1792 1245 1849 1297 ὲν

267 1338 499 1402 τούτοις.
538 1335 803 1391 Ἐπακταὶ
834 1337 919 1407 ἐφ’
953 1329 999 1406 ᾧ
1026 1344 1075 1392 α’
1116 1336 1349 1409 ἀριθμὸς
1389 1337 1612 1410 ἡμερῶν
1656 1338 1851 1406 ἐπαγο-

273 1427 451 1501 μένων
498 1427 724 1501 ἡλιακοῦ
785 1430 990 1502 μηνδς,
1046 1432 1131 1501 ἐφ’
1165 1424 1211 1499 ᾧ
1250 1430 1315 1502 β’.
1360 1431 1614 1506 Ἀριθμὸς
1664 1430 1848 1503 μηνῶν

268 1521 626 1593 ἐπαγομένων
660 1522 929 1588 ἐνιαυτοῦ,
968 1523 1079 1578 ἀπὸ
1113 1523 1493 1596 Μουνυχιῶνος
1519 1524 1847 1597 ἀρχομένου,

267 1614 354 1684 ἐφ’
385 1606 431 1683 ᾧ
461 1621 531 1685 γ’.
566 1614 850 1686 Γινόμενος
889 1615 1120 1688 ἀριθμὸς
1164 1617 1229 1671 ὲκ
1267 1615 1377 1671 τῶν
1409 1623 1479 1682 α’,
1514 1617 1581 1687 β’,
1622 1624 1672 1687 γ’
1711 1616 1848 1691 ὁμοῦ

265 1706 597 1781 ληφθέντων,
627 1708 712 1778 ἐφ’
740 1700 785 1777 ᾧ
829 1707 892 1762 δ’.
922 1709 1233 1782 ’Υπερέχων
1271 1709 1381 1764 τῶν
1413 1696 1725 1782 τριάκοντα,
1758 1711 1844 1781 ἐφ’

267 1793 315 1869 ᾧ
351 1805 413 1854 ε’.
456 1798 728 1872 ’Υπεροχὴ
765 1798 849 1869 ἐφ’
877 1793 922 1869 ᾧ
966 1798 1034 1865 ζ’.
1067 1801 1306 1874 Σελήνης
1351 1800 1576 1874 ἡμερῶν
1616 1801 1847 1874 ἀριθμὸς

265 1891 641 1963 ἐπαγομένων,
670 1893 754 1963 ἐφ’
778 1884 823 1961 ᾧ
854 1899 924 1964 η’.
953 1890 1026 1967 Τὸ
1056 1892 1120 1965 δὴ
1156 1893 1200 1947 δ’
1227 1893 1378 1948 ἔσται
1409 1895 1520 1949 ῐσον
1540 1892 1619 1967 τῷ
1650 1901 1721 1967 η’,
1750 1895 1846 1949 ἐὰν

268 1982 345 2053 μὴ
371 1983 432 2037 τὸ
462 1988 504 2036 ε’
536 1982 756 2056 ὑπάρχῃ
792 1984 870 2056 τῷ
897 1984 961 2040 δ’.
1003 1984 1130 2040 Ἐὰν
1167 1986 1213 2040 δ’
1247 1986 1487 2060 ὑπάρχῃ,
1523 1985 1585 2039 τὸ
1618 1986 1661 2051 ζ’
1693 1985 1845 2043 ἔσται

265 2071 382 2126 ἴσον
408 2071 486 2145 τῷ
509 2071 572 2126 δ’.
612 2071 686 2125 Τὸ
725 2071 780 2125 δὲ
810 2079 860 2126 α’
895 2071 1125 2144 ληπτέον
1148 2072 1248 2127 ὃτι
1284 2072 1452 2127 ἐστίν.
1489 2072 1692 2127 Ἱκανὸν
1736 2072 1845 2144 γὰρ

263 2164 343 2229 ὡς
376 2163 512 2236 πρὸς
538 2164 665 2227 τοὺς
683 2162 911 2229 πολλοὺς
936 2163 999 2218 τὸ
1018 2164 1047 2218 ὃ
1068 2183 1142 2220 τι.
1170 2164 1324 2218 Ἔστι
1352 2165 1398 2219 δ’
1427 2164 1535 2238 ἄρα
1555 2164 1725 2219 εἴκοσι
1750 2167 1846 2219 καὶ

262 2254 410 2309 ὀκτὼ
436 2254 528 2309 τοῦ
554 2254 650 2309 νῦν
677 2256 941 2329 παρόντος
965 2255 1269 2330 ἠραρχικοῦ
1295 2255 1469 2321 ἔτους.
1503 2256 1847 2321 Ἐπαυξέσθω

262 2348 323 2402 δὲ
351 2347 472 2403 καθ’
517 2348 747 2403 ἕκαστον
792 2348 911 2415 ἔτος
956 2350 1255 2422 ὴραρχικὸν
1294 2348 1584 2421 προσθέσει
1623 2349 1732 2403 τῶν
1762 2350 1877 2402 έν-’

262 2438 419 2493 δέκα.
455 2439 564 2493 Καὶ
587 2440 808 2494 ἐπειδὰν
838 2440 945 2494 τῶν
974 2441 1265 2512 τριάκοντα
1297 2441 1561 2513 ὑπερέχῃ,
1607 2440 1847 2513 εἰλήφθω

262 2530 298 2601 ἠ
328 2529 571 2601 ὑπεροχὴ
603 2536 669 2584 α’.
704 2530 814 2583 Καὶ
845 2528 987 2583 οὕτω
1012 2528 1079 2600 δὴ
1113 2527 1402 2595 ὲπαύξοντι
1436 2531 1545 2585 αἰεὶ
1572 2531 1665 2584 καὶ
1705 2532 1847 2603 λαμσ

263 2621 481 2676 ϐάνοντι
523 2622 753 2694 ληπτέον
785 2622 846 2677 τὸ
882 2629 953 2681 α’.
999 2623 1301 2695 Πρόσθεσις
1346 2623 1430 2693 ἐφ’
1465 2616 1509 2691 ᾧ
1549 2621 1614 2677 θ’.
1655 2622 1845 2694 Ἑτέρα

265 2714 510 2786 ὑπεροχὴ
543 2714 628 2784 ἐφ’
663 2708 709 2784 ᾧ
755 2712 806 2769 t'.
850 2715 1297 2789 Προσληφθέντος
1333 2716 1396 2778 δὴ
1444 2713 1536 2769 τοῦ
1578 2714 1623 2768 θ’
1655 2714 1734 2786 τῷ
1772 2722 1841 2778 α’,

267 2808 421 2862 ἔσται
449 2809 510 2862 τὺ
539 2814 609 2873 α’,
631 2808 707 2873 ὼς
738 2809 894 2865 ἐννέα
935 2808 1029 2862 τοῦ
1064 2809 1307 2872 ἐπιόντος
1330 2806 1635 2880 ἡραρχικοῦ
1658 2809 1838 2872 ἔτους·

265 2903 363 2954 καὶ
391 2899 551 2955 πάλιν
609 2900 1064 2973 προσληφθέντος,
1102 2900 1253 2954 ἔσται
1290 2900 1365 2966 ὡς
1408 2900 1581 2955 εἴκοσι
1624 2899 1716 2953 τοῦ
1750 2901 1846 2969 ἐφ-

264 2994 396 3065 εξῆς
445 2995 628 3059 ἔτους·
673 2990 886 3059 εἴταὼς
935 2994 1032 3065 μία
1080 2993 1175 3048 τοῦ
1218 2993 1355 3066 μετὰ
1389 2993 1578 3047 ταῦτα.
1622 2992 1694 3047 Τὸ
1735 2992 1844 3065 γὰρ

268 3093 299 3138 ι’
329 3086 397 3157 δὴ
425 3085 501 3150 ὡς
532 3086 649 3158 μία.
696 3087 807 3140 Καὶ
848 3085 1021 3156 οὑτως
1048 3086 1166 3140 ἀεί’
1200 3083 1759 3157 ὲπιστημονικώτερον
1786 3084 1843 3139 δὲ

262 3190 391 3227 ωοε.

1952 521 2143 562 casum
2173 507 2474 577 conspicua
2509 522 2649 563 nova
2682 507 2760 563 ﬁt.
2789 509 2938 569 ldus.
2969 508 3191 580 quando
3214 507 3326 578 jam
3362 510 3523 578 pleno

1950 598 2083 654 orbe
2112 598 2282 655 facies
2313 598 2609 655 formosior
2651 600 3012 670 conspicitur.
3066 599 3175 654 Sed
3202 608 3386 655 tamen
3427 616 3524 670 po-

1949 698 2068 747 stea
2117 690 2304 753 etiam,
2338 692 2589 761 quamvis
2640 707 2857 750 menses
2903 692 2971 748 ad
3015 691 3188 747 solem
3226 690 3521 758 deducant,

1949 791 2163 853 tempus
2226 782 2480 837 similiter
2529 781 2865 848 dividentes,
2931 781 3245 849 Kalendas,
3296 780 3516 848 Nonas,

1948 872 2112 940 ldus,
2172 874 2469 930 etiamnum
2524 882 2754 941 vocant,
2814 873 3130 932 nominibus
3178 875 3517 931 abutentes:

1948 967 2148 1036 quibus
2193 974 2353 1022 antea
2386 966 2453 1020 ad
2487 966 2631 1021 lunae
2672 981 2895 1021 cur-sum
2931 966 3150 1035 proprie
3198 965 3517 1022 utebantur.

1949 1052 2069 1109 Non
2101 1053 2267 1125 igitur
2297 1053 2593 1109 absurdum
2620 1053 2806 1120 fuerit,
2839 1054 2886 1110 si
2916 1069 3019 1110 nos
3050 1070 3271 1126 quoque
3300 1056 3518 1110 instan-

1948 1152 2057 1201 tem
2100 1152 2154 1201 et
2196 1145 2530 1216 praecipitem
2579 1144 2900 1212 dixerimus,
2959 1162 3070 1202 non
3114 1148 3184 1203 ad
3218 1148 3362 1204 luna:
3403 1164 3520 1203 am-

1949 1239 2118 1310 plius,
2147 1239 2243 1294 sed
2271 1238 2339 1293 ad
2367 1239 2502 1294 solis
2533 1237 2872 1294 curriculum
2903 1246 3148 1311 tempora
3181 1240 3515 1312 digerentes.

1949 1331 2313 1403 Proportione
2362 1331 2550 1402 itaque
2583 1329 2726 1401 apud
2775 1345 2878 1387 nos
2914 1331 3268 1403 respondebit
3297 1346 3517 1388 ncome-

1949 1423 2040 1479 nia
2072 1421 2334 1478 Kalendis
2363 1419 2658 1488 Romanis;
2695 1421 2913 1479 instans
2945 1437 3097 1492 vero,
3134 1430 3188 1478 et
3226 1436 3393 1494 supra
3422 1421 3518 1478 de-

1947 1528 2088 1578 cem,
2122 1520 2177 1569 et
2203 1527 2469 1584 praeceps,
2505 1527 2603 1569 seu
2633 1511 2914 1579 desinens,
2945 1514 3053 1570 illis
3082 1514 3298 1572 dicendi
3336 1513 3518 1570 modis

1947 1604 2178 1672 Latinis,
2213 1613 2360 1685 ante.
2376 1604 2584 1671 Nonas,
2613 1614 2741 1662 ante
2769 1606 2917 1671 ldus,
2953 1616 3081 1662 ante
3108 1606 3400 1664 Kalendas.
3443 1605 3517 1662 lit
3632 1657 3639 1665 .

1948 1715 2079 1755 vero
2111 1700 2271 1756 nobis
2300 1716 2410 1757 non
2443 1701 2680 1772 amplius
2710 1717 2845 1759 usus
2872 1701 3101 1758 extremi
3139 1708 3195 1756 et
3227 1701 3411 1771 primi,
3436 1700 3518 1755 sic

1947 1806 2015 1847 ne
2045 1790 2308 1848 Romanis
2349 1792 2569 1863 quidem
2607 1794 2928 1860 interlunii;
2961 1793 3107 1849 diem
3144 1793 3290 1848 enim
3330 1791 3516 1863 (cujus

1946 1899 2076 1955 pars
2116 1884 2388 1941 desinenti
2423 1886 2623 1955 mensi,
2659 1901 2791 1959 pars
2817 1886 3101 1957 incipienti
3133 1885 3396 1957 competit
3421 1900 3511 1941 se-

1946 1977 2184 2033 cundum
2217 1978 2423 2049 lunam)
2461 1977 2692 2034 Romani
2732 1981 2806 2035 ita
2834 1988 3054 2036 vocant.
3089 1977 3211 2034 Haac
3246 1979 3410 2049 igitur
3434 1976 3517 2034 sic

1948 2074 2172 2138 accepta
2214 2068 2355 2125 bene
2407 2069 2631 2140 quidem
2689 2071 2944 2127 habeant.
2995 2069 3182 2142 Neque
3235 2084 3365 2125 vero
3425 2068 3516 2124 bic

1948 2175 2131 2215 sermo
2160 2161 2340 2231 privat
2372 2162 2561 2228 rudes,
2589 2170 2644 2219 et
2672 2163 2876 2220 idiotas
2906 2163 3118 2219 dierum
3148 2163 3292 2218 lunae
3327 2161 3517 2233 cogni-

1950 2253 2115 2315 tione.
2149 2262 2411 2325 quotnam
2436 2254 2650 2312 scilicet
2681 2254 2927 2327 quotidie
2953 2256 3085 2311 sint.
3119 2254 3347 2309 Multum
3370 2254 3514 2309 enim

1945 2346 2014 2400 ad
2041 2347 2095 2402 id
2122 2348 2385 2404 conducit
2406 2348 2622 2405 dierum
2654 2349 2854 2406 solaris
2884 2348 3092 2405 mensis
3121 2346 3349 2419 peritia;
3384 2344 3517 2400 faci-

1948 2437 2164 2509 liusque
2202 2447 2289 2494 est
2317 2454 2413 2495 eos
2455 2436 2575 2497 dies
2626 2442 2836 2511 epactis
2885 2441 3169 2513 adjicienti
3198 2437 3516 2510 hujusmodi

1947 2532 2190 2586 lunarem
2219 2546 2509 2587 numerum
2539 2533 2806 2590 invenire.
2852 2533 3035 2604 Atque
3067 2534 3156 2589 hic
3183 2549 3291 2589 non
3333 2532 3519 2604 requi-

1947 2624 2115 2681 renda
2144 2624 2363 2681 subtilis
2383 2635 2685 2695 exactaque
2718 2626 3022 2696 diligentia.
3053 2624 3271 2696 Epactaa
3301 2625 3413 2681 sint
3433 2624 3514 2692 A;

1946 2733 2210 2775 numerus
2243 2717 2455 2774 dierum
2481 2718 2679 2774 solaris
2710 2718 2915 2774 mensis
2948 2718 3192 2774 seriatim
3226 2716 3517 2773 continua-

1947 2818 2130 2866 torum
2163 2811 2237 2866 sit
2266 2810 2347 2877 B;
2389 2827 2653 2867 numerus
2693 2798 2960 2868 mensium
3012 2810 3140 2865 anni
3173 2822 3517 2879 consequen-

1947 2903 2085 2957 tium
2117 2918 2146 2957 a
2187 2902 2381 2958 Martio
2411 2904 2631 2974 quidem
2679 2902 2995 2975 incipientis
3033 2902 3108 2969 (ἒς
3147 2899 3417 2956 conﬂatus
3445 2914 3513 2954 ex

1947 2994 2012 3057 A,
2043 2992 2106 3058 Β,
2137 2992 2177 3049 C
2212 3009 2498 3058 numerus,
2548 2995 2622 3050 sit
2659 2995 2736 3064 D;
2786 3011 3048 3051 numerus
3088 2994 3370 3059 excedens
3413 2991 3515 3045 tri-

1947 3086 2096 3156 ginta
2128 3085 2200 3142 sit
2229 3084 2307 3153 E;
2335 3102 2598 3142 excessus
2627 3088 2716 3143 ille
2744 3096 2968 3143 vocetur
2996 3086 3072 3153 F;
3104 3100 3366 3141 numerus
3399 3083 3515 3139 die—

1869 3171 1910 3226 C
1944 3192 2065 3231 rum
2111 3177 2253 3233 lunae
2298 3179 2756 3249 consequentium
2808 3183 2880 3235 sit
2919 3179 2988 3236 (ἶ.
3024 3179 3293 3236 Caeterum
3338 3176 3382 3231 D
3412 3175 3517 3232 erit

263 3270 448 3337 qualis
475 3269 541 3339 G,
579 3270 687 3327 nisi
722 3270 765 3325 E
812 3269 886 3327 sit
933 3268 996 3326 D.
1051 3268 1209 3337 Quod
1265 3270 1309 3327 si
1359 3272 1450 3337 sit,
1484 3270 1527 3326 F
1591 3273 1697 3328 erit
1759 3274 1937 3344 qualis
1998 3273 2062 3327 D.
2098 3275 2146 3329 Α
2179 3291 2329 3338 vero,
2367 3276 2421 3331 id
2464 3286 2551 3333 est
2594 3285 2913 3348 epactarum
2954 3292 3190 3342 summa,
3257 3289 3518 3345 quaecun-

263 3377 375 3438 que
408 3363 501 3429 sit,
536 3362 803 3419 sumenda
833 3372 938 3421 est.
973 3366 1182 3422 Sufﬁcit
1205 3367 1351 3423 enim
1384 3367 1547 3439 vulgo
1602 3366 1693 3423 illa
1746 3384 2090 3441 quaecunque
2128 3372 2220 3427 sit.
2256 3371 2397 3427 Sunt
2464 3373 2649 3445 itaque
2696 3374 2893 3446 viginti
2936 3381 3064 3429 octo
3109 3380 3314 3443 epacta:
3370 3384 3513 3441 prae-

264 3457 442 3514 sentis
488 3458 617 3514 anni
657 3472 689 3512 a
726 3474 853 3514 vere
899 3458 1234 3531 incipientis.
1275 3459 1476 3517 Verum
1513 3468 1819 3531 augeantur
1867 3478 1964 3532 per
1987 3463 2235 3535 singulos
2265 3481 2441 3522 annos
2476 3466 2731 3521 similiter
2777 3482 2808 3522 a
2839 3482 2966 3522 vere
3002 3466 3351 3524 inchoantes.
3411 3462 3515 3518 ad-

264 3554 475 3609 ditione
509 3550 782 3607 undecim.
818 3550 883 3605 Et
918 3552 1139 3622 quando
1180 3552 1268 3608 hic
1309 3568 1572 3609 numerus
1604 3553 1827 3623 triginta
1877 3556 2199 3625 excesserit,
2229 3566 2480 3613 sumatur
2509 3558 2600 3615 ille
2645 3574 2911 3616 excessus
2944 3561 3011 3613 A.
3051 3557 3116 3612 Et
3154 3558 3234 3613 sic
3299 3571 3517 3629 semper

266 3647 489 3720 augenti
526 3656 580 3703 et
646 3648 937 3720 accipienti
983 3649 1308 3705 sumendum
1367 3656 1451 3705 est
1513 3650 1579 3702 A.
1628 3647 1751 3704 Fiat
1818 3649 2029 3705 additio
2073 3650 2139 3707 ﬂ.
2195 3653 2349 3709 Alter
2395 3669 2659 3710 excessus
2704 3654 2777 3711 sit
2818 3656 2861 3725 l,
2907 3654 3184 3710 additione
3229 3651 3295 3719 Il,
3353 3652 3519 3709 simul

266 3750 486 3813 sumpta
533 3758 657 3798 cum
689 3743 756 3809 A,
790 3743 843 3798 id
897 3751 1002 3809 est,
1054 3759 1179 3799 cum
1222 3744 1416 3815 viginti
1465 3752 1591 3801 octo
1632 3744 1841 3816 epactis
1881 3748 2167 3817 praesentis
2210 3749 2340 3804 anni
2394 3748 2473 3817 A,
2507 3766 2835 3807 excresceus
2878 3764 3090 3805 summa
3140 3749 3246 3806 erit
3306 3748 3519 3806 dierum

267 3850 463 3891 novem
496 3835 775 3906 sequentis
813 3837 941 3891 anni
972 3851 1002 3891 a
1031 3853 1159 3893 vere
1190 3838 1487 3894 inchoativi
1516 3857 1530 3893 :
1559 3847 1612 3895 et
1639 3855 1836 3897 rursus
1874 3839 2019 3897 facta
2052 3843 2349 3909 additioue,
2386 3855 2550 3900 erunt
2576 3845 2767 3916 viginti
2803 3845 2963 3917 166
3019 3855 3227 3916 epactae
3287 3856 3520 3913 sequen-

265 3930 341 3986 tis
393 3928 555 3995 anni;
601 3927 799 3984 deinde
848 3944 956 3984 una
1006 3938 1198 4002 epacta
1237 3932 1365 3986 anni
1413 3931 1507 4003 qui
1549 3926 1828 3990 succedet.
1874 3933 2080 3993 lenim
2107 3952 2369 3995 excessus
2396 3938 2672 3995 secundus
2706 3955 2814 3994 una
2845 3940 3113 3994 duntaxat
3168 3947 3358 4009 epacta
3412 3946 3516 3993 est.

267 4023 335 4078 Et
371 4024 447 4079 ita
471 4022 694 4080 assidue
718 4024 844 4092 ﬂat;
883 4024 1116 4095 peritius
1144 4041 1277 4082 vero
1302 4027 1402 4084 sic.

692 4140 946 4209 Εῦρεσις
980 4140 1102 4196 τῶν
1127 4142 1417 4197 ἐπακτῶν.

338 4256 456 4323 Iq'.
474 4253 761 4328 Διῃρήσθω
805 4254 955 4328 παρὰ
986 4256 1338 4311 ὲνεακαίδεκα
1362 4259 1431 4312 τὰ
1450 4258 1556 4313 ἀπὸ
1578 4259 1839 4328 γενέσεως

2425 4140 2664 4197 Iuventio
2685 4150 3010 4212 epactarum.

2017 4251 2158 4309 XVI.
2200 4252 2525 4308 Dividantur
2558 4253 2685 4306 anni
2712 4267 2741 4306 a
2766 4252 2935 4307 natali
2962 4250 3277 4307 Christiano
3300 4268 3397 4323 per
3422 4266 3521 4309 no-

266 4347 363 4421 τοῦ
402 4346 539 4401 Θεοῦ
579 4347 898 4418 ἀπαγόμενα
936 4347 1053 4418 ἔτη,
1085 4350 1477 4421 προσκειμένου
1508 4352 1716 4415 τούτοις
1748 4351 1842 4405 καὶ

1946 4348 2268 4415 vemdecim,
2299 4347 2388 4403 his
2427 4361 2539 4401 uno
2584 4346 2757 4401 altero
2791 4359 2933 4399 anno
2974 4345 3138 4400 etiam
3177 4345 3383 4405 addito.
3425 4346 3522 4407 Su-

266 4440 389 4504 ἑνὸς
428 4438 510 4493 ἔτι
552 4437 738 4509 ἐτέρου
784 4438 957 4504 ἔτους.
1012 4440 1370 4512 Εἰλήφθωσαν
1399 4442 1456 4496 δὲ
1484 4444 1542 4496 αἱ
1578 4443 1718 4516 ὑπὲρ
1745 4444 1846 4508 τὰς

264 4527 721 4593 ἑνεακαιδεκάδας
755 4529 1167 4602 περιττεύουσαι
1194 4532 1415 4603 ἡμέραι,
1451 4534 1545 4587 καὶ
1572 4535 1846 4590 πολυπλα-

269 4620 654 4693 σιασθήτωσαν
703 4623 797 4676 ἐπὶ
843 4622 936 4679 τὸν
994 4623 1216 4678 ἓνδεκα’
1258 4621 1376 4679 εἶτα
1418 4626 1845 4699 διαιρεθήτωσαν

265 4714 429 4787 παρὰ
485 4715 795 4785 τριάκοντα.
847 4717 913 4769 At
962 4715 1073 4788 γὰρ
1133 4717 1274 4789 ὑπὲρ
1314 4718 1413 4782 τὰς
1457 4719 1844 4791 τριακοντάδας

264 4805 744 4872 πλεονάζουσαιτὺ
768 4814 816 4861 α’
858 4810 915 4861 οἱ
948 4809 1184 4863 ὲπακταί
1211 4811 1367 4863 εἰσιν.
1395 4803 1538 4875 Οἷον,
1569 4809 1713 4880 χίλια
1748 4811 1845 4881 μὲν

264 4901 366 4954 καὶ
392 4900 721 4970 τετρακόσια
756 4901 848 4954 καὶ
889 4900 1254 4972 ἐϐδομήκοντα
1290 4898 1386 4954 νῦν
1424 4900 1494 4954 τὰ
1521 4901 1628 4954 ἀπὸ
1653 4901 1847 4971 Θεογο-

264 4992 391 5053 νίας
417 4988 541 5061 ἔτη.
577 4989 928 5061 Προσκείσθω
959 4990 1016 5043 δὲ
1045 4990 1252 5054 τούτοις
1299 4990 1392 5043 καὶ
1428 4990 1505 5044 ἓν.
1542 4991 1845 5062 Διαιρεθέν-

266 5102 380 5139 των
421 5083 486 5156 δὴ
532 5082 736 5136 τούτων
765 5081 915 5154 παρὰ
962 5080 1347 5138 ὲνεαγαίδεκα.
1389 5080 1545 5152 δῆλον
1586 5082 1667 5134 ὅτι
1705 5080 1847 5135 ὀκτὼ

263 5176 325 5228 αἱ
365 5171 775 5238 πλεονάζουσαι.
821 5172 1143 5243 Δηφθεισῶν
1178 5173 1235 5226 δὲ
1276 5172 1383 5225 τῶν
1427 5171 1570 5247 ύκτὼ
1621 5172 1712 5226 ἐπὶ
1755 5174 1846 5227 τὸν

263 5263 485 5328 ἕνδεκα,
522 5264 851 5335 ὀγδοήκοντα
880 5264 973 5318 καὶ
1002 5262 1146 5317 ὀκτὼ
1178 5264 1386 5332 γίνεται
1423 5263 1482 5317 τὸ
1516 5266 1580 5318 ἐκ
1620 5264 1843 5318 τούτων.

263 5356 646 5429 Διαιρεθέντος
675 5357 719 5410 δ’
747 5353 811 5412 αὖ
837 5357 1026 5411 τούτου
1059 5359 1138 5424 εἰς
1164 5356 1570 5427 τριακοντάδας,
1598 5357 1659 5410 τὸ
1687 5357 1846 5411 πλεο-

264 5451 435 5515 νάζον
464 5450 612 5506 ἔσται
642 5451 814 5505 εἴκοσι
843 5451 935 5511 καὶ
972 5449 1134 5505 ὀκτώ.
1165 5448 1335 5503 Τοῦτο
1370 5449 1417 5502 δ’
1457 5445 1524 5521 ἦν
1553 5456 1600 5502 α’
1629 5449 1722 5504 τοῦ
1753 5450 1848 5505 νῦν

265 5542 542 5616 παρόντος
575 5543 822 5599 ἐνιαυτοῦ
840 5560 853 5575 ο
886 5543 1145 5612 ἀνάλογον
1172 5541 1228 5595 δὲ
1256 5543 1349 5596 καὶ
1377 5543 1439 5596 τὸ
1466 5542 1648 5596 λοιπὸν
1676 5544 1783 5596 αἰεὶ
1810 5546 1843 5615 ἡ

264 5635 489 5707 εὕρεσις
512 5634 664 5692 ἔσται
689 5635 786 5689 τοῦ
815 5641 884 5688 α’.
923 5634 1088 5687 Πάλιν
1122 5634 1187 5704 δὴ
1227 5635 1319 5687 καὶ
1356 5633 1498 5687 οὑτω
1532 5633 1765 5688 λαθόντα
1788 5635 1847 5687 τὸ

269 5736 344 5797 α’,
372 5729 694 5800 προσθετέον
722 5727 868 5800 αὑτῷ
891 5727 951 5782 τὸ
976 5727 1022 5798 β’
1056 5726 1149 5783 καὶ
1175 5732 1243 5796 γ’·
1299 5727 1360 5781 τό
1396 5744 1452 5780 τε
1489 5726 1702 5781 σύνολον
1721 5727 1779 5780 τὸ
1806 5726 1845 5779 δ’

1954 5736 2007 5781 et
2038 5724 2097 5793 Β,
2134 5725 2279 5794 etC,
2310 5732 2425 5782 tum
2450 5724 2492 5780 ι)
2520 5744 2532 5781 ;
2567 5741 2779 5784 summa
2827 5740 2892 5781 ex
2927 5725 2994 5782 iis
3027 5723 3669 5959 conﬂata

1947 4450 2170 4496 mantur
2196 4453 2326 4495 vero
2362 4438 2503 4502 dies,
2538 4438 2632 4508 qui
2661 4453 2726 4493 ex
2768 4452 2831 4492 ea
2860 4436 3132 4492 divisione
3162 4436 3304 4505 (qua:
3330 4438 3390 4490 lit
3423 4453 3522 4507 per

1950 4531 2350 4604 novemdecim)
2410 4540 2741 4602 supererunt
2786 4549 2801 4584 :
2838 4537 2893 4584 et
2937 4528 3376 4598 multiplicemur
3424 4545 3524 4598 per

1948 4623 2227 4689 undecim,
2251 4620 2449 4678 deinde
2475 4621 2791 4677 dividantur
2820 4634 2917 4690 per
2960 4619 3205 4690 triginta.
3240 4617 3343 4686 Qui
3373 4628 3523 4675 certe

1949 4729 2116 4785 supra
2170 4714 2482 4769 tricesimas
2538 4712 2661 4768 illas
2704 4711 2821 4767 dies
2866 4711 3249 4776 remanebunt,
3304 4721 3434 4767 sunt
3476 4711 3523 4764 A

1948 4814 2173 4877 epactaa.
2201 4803 2367 4860 Verbi
2389 4805 2589 4875 gratia,
2613 4820 2761 4859 nunc
2791 4818 2820 4857 a
2851 4803 3021 4858 natali
3054 4803 3375 4859 Christiano
3394 4814 3524 4860 sunt

1948 4897 2098 4952 mille
2128 4894 2517 4967 quadringenti
2544 4893 2893 4965 septuaginta
2921 4893 3074 4948 anni.
3102 4893 3415 4964 Adjiciatur
3437 4893 3524 4949 bis

1950 5004 2111 5044 unus.
2159 4987 2258 5044 llis
2291 5003 2422 5059 ergo
2460 5002 2558 5057 per
2601 4986 2978 5042 novemdecim
3013 4986 3350 5048 distributis,
3401 5002 3527 5041 cer-

1947 5091 2063 5137 tum
2094 5090 2178 5137 cst
2222 5089 2349 5135 octo
2392 5093 2674 5149 superare.
2709 5077 2958 5148 Sumptis
2998 5094 3128 5134 vero
3156 5078 3243 5137 his
3285 5087 3431 5143 octo,
3472 5089 3526 5135 et

1948 5187 2045 5242 per
2080 5169 2333 5225 undecim
2379 5168 2782 5240 multiplicatis,
2808 5168 2905 5239 qui
2935 5167 3224 5227 conﬁcitur
3262 5156 3389 5225 inde
3424 5186 3528 5225 nu-

1950 5279 2158 5328 merus,
2188 5261 2435 5317 continet
2457 5260 2740 5332 octoginta
2771 5270 2915 5317 octo.
2953 5260 3071 5316 Hoc
3095 5276 3319 5317 rursum
3348 5262 3529 5319 diviso

1950 5372 2045 5427 per
2074 5356 2319 5429 triginta,
2353 5370 2655 5411 excurrens
2686 5369 2900 5410 summa
2929 5355 3077 5424 capit
3099 5354 3525 5426 duodetriginta.

1949 5451 2005 5506 Id
2048 5458 2228 5504 autem
2271 5457 2359 5505 est
2387 5448 2433 5503 A
2466 5458 2658 5520 epacta
2703 5448 2992 5518 praesentis
3035 5447 3165 5501 anni
3201 5467 3213 5499 :
3246 5448 3531 5513 similique

1949 5542 2161 5597 ratione
2190 5542 2244 5596 in
2284 5547 2565 5612 posterum
2610 5540 2717 5596 erit
2765 5549 3079 5610 epactarum
3113 5540 3379 5596 inventio.
3426 5538 3521 5596 Sic

1953 5634 2121 5704 igitur
2143 5634 2342 5689 iterum
2376 5633 2612 5704 sumptis
2637 5634 2867 5703 epactis,
2891 5632 2934 5685 A
2958 5632 3193 5695 scilicet,
3228 5634 3530 5706 adjiciatur

3240 5962 3303 6107 ί

3872 5542 3959 5679 Ἀ
