4044 6220
514 342 652 401 {207

1525 341 1616 396 AD
1655 337 1921 397 EUSEBII
1946 336 2338 396 CHBONICON
2366 334 2723 395 APPENDIX.

3609 334 3752 392 1208

511 471 593 517 εει
630 458 697 524 G,
730 453 833 511 nisi
863 455 1162 512 excesserit
1201 436 1446 527 triginta.
1492 454 1628 510 Nam
1675 457 1721 512 si
1753 457 2070 521 excesserit,

2194 456 2367 527 lqréov
2394 451 2533 512 εἶναι
2562 455 2625 509 τὸ
2654 462 2727 528 η’,
2759 452 2855 509 ἐὰν
2900 454 2975 527 μὴ
3007 452 3251 528 ὑπερέχῃ
3283 450 3392 507 τῶν
3430 452 3753 525 τριάκοντα.

513 554 601 607 hic
650 564 909 605 excessus
967 551 1074 603 erit
1129 548 1414 605 dicendus.
1461 547 1646 620 Neque
1698 566 1828 605 vero
1885 553 2076 604 horum

512 643 808 716 quidquam
828 640 983 698 festis
1003 642 1197 697 diebus
1223 642 1612 711 impedimento
1626 651 1730 698 est.
1750 645 1910 696 Anno
1932 642 2076 696 enim

512 741 630 791 toto
652 734 706 787 in
739 730 877 787 duas
899 732 1366 802 etquinquaginta
1399 732 1735 803 septimanas
1758 732 2076 795 distributo,

514 842 581 881 ex
604 831 843 895 quatuor
880 825 1203 893 septimanis
1229 823 1430 893 singuli
1460 840 1675 879 menses
1707 839 1735 877 a
1765 826 1923 879 nobis
1947 839 2080 877 con-

515 918 892 978 stituerentur,
923 924 978 969 et
1005 921 1202 985 praeter
1241 914 1290 968 id
1326 915 1535 969 numeri
1565 922 1803 985 quatuor
1830 914 1948 969 dies
1980 914 2080 968 lia-

516 1009 721 1065 bebunt
772 1006 1182 1068 sanctissimos,
1239 1006 1486 1076 singulos
1532 1022 1629 1077 per
1682 1008 2076 1074 septimanam:

519 1102 624 1156 nisi
659 1101 705 1155 si
741 1098 879 1154 forte
920 1105 1322 1153 antevertentes
1371 1098 1537 1168 aliqui
1585 1114 1613 1152 a
1669 1097 1952 1153 Dominico
1992 1097 2083 1154 die

518 1196 801 1266 incipiant,
833 1193 916 1249 vel
950 1191 1162 1246 tardius
1204 1191 1521 1247 incedentes
1547 1191 1691 1246 intra
1731 1191 1962 1245 mediam
1994 1205 2069 1246 se-

517 1290 837 1361 ptiman::m.
886 1286 957 1339 At
1007 1285 1213 1339 mensis
1267 1282 1544 1340 Pletlionis
1604 1297 1701 1339 sex
1747 1282 1915 1338 festos
1962 1281 2080 1337 dies

522 1382 834 1445 continens,
862 1378 1036 1433 aufert
1074 1378 1196 1448 plus
1222 1377 1377 1446 justo
1406 1376 1839 1431 necessariorum
1872 1374 2079 1428 civitati

517 1487 763 1544 operum.
802 1470 1029 1540 lgnavos
1073 1468 1217 1523 enim
1251 1474 1413 1537 atque
1448 1466 1650 1520 inertes
1696 1479 1819 1519 esse
1856 1476 2082 1517 necesse

518 1573 602 1619 est
628 1578 743 1625 eos,
779 1561 877 1631 qui
916 1559 1052 1616 festa
1107 1558 1336 1629 agitant.
1384 1553 1450 1608 Et
1498 1554 1658 1610 simul
1706 1562 1817 1609 tres
1853 1552 1970 1606 dies
2002 1549 2082 1605 fe-

422 1684 427 1689 λ
520 1665 634 1712 stos
673 1668 795 1710 esse
826 1650 1082 1720 deinceps
1106 1665 1172 1705 ex
1204 1646 1483 1703 Pletbonis
1513 1644 1856 1700 institutione
1890 1657 2085 1698 usuve-

520 1748 601 1803 nit
634 1765 647 1801 :
676 1745 882 1800 mensis
926 1743 1145 1813 quidem
1201 1740 1449 1795 ultimum
1480 1738 1665 1808 (quem
1701 1744 1938 1792 veterem
1978 1750 2079 1790 vo-

521 1840 629 1909 cat)
649 1836 870 1892 Plutoni
905 1853 917 1888 :
948 1842 1185 1889 veterem
1219 1841 1273 1889 et
1314 1846 1538 1893 novum,
1560 1830 1613 1884 id
1655 1839 1760 1891 est,
1790 1828 2085 1882 intermen-

521 1941 734 1987 struum
758 1929 846 1985 sui
880 1928 1150 1999 cujusque
1178 1924 1537 1996 recognitioni
1566 1942 1579 1978 :
1617 1922 1958 1976 noviiunium
1989 1934 2087 1974 au-

524 2031 631 2078 tem
676 2018 816 2076 Jovi.
866 2017 1068 2073 Verum
1116 2018 1169 2071 id
1217 2018 1290 2071 ita
1340 2016 1560 2071 evenire
1604 2014 1945 2068 fastidiosum
1993 2012 2084 2065 sit.

525 2116 711 2186 Itaque
739 2129 835 2184 per
868 2111 1327 2167 intermissionem
1360 2124 1518 2178 agere
1550 2106 1757 2176 (corum
1793 2105 1936 2159 enim
1967 2118 2089 2173 quae

526 2207 815 2264 intervallo
851 2204 1007 2265 fiunt,
1031 2204 1077 2258 si
1106 2201 1346 2271 jucunda
1372 2198 1589 2269 quidem
1620 2206 1769 2259 sunt,
1791 2195 2089 2265 jucundior

525 2306 610 2354 est
660 2311 854 2352 sensus
895 2295 1023 2349 :sin
1076 2300 1257 2347 autem
1311 2290 1562 2348 molesta,
1608 2284 1988 2353 tolerabilior),
2034 2291 2089 2338 et

527 2404 690 2460 quam
757 2384 1126 2458 paucissimas
1184 2382 1348 2437 ferias
1408 2380 1687 2435 celebrare
1741 2377 1938 2431 melius
1996 2375 2085 2431 sit.

532 2478 707 2536 Unum
761 2476 907 2532 enim
968 2474 1073 2530 hoc
1122 2472 1283 2528 civile
1332 2471 1641 2527 institutum
1698 2467 2087 2539 perniciosum,

529 2568 730 2623 multas
765 2564 976 2620 scilicet
1009 2578 1168 2633 agere
1197 2579 1209 2615 :
1236 2576 1301 2615 ac
1331 2560 1546 2630 signum
1583 2565 1667 2613 est
1710 2570 1818 2638 non
1850 2556 2089 2625 pietatis,

528 2659 624 2715 sed
656 2658 975 2729 voluptatis.
1017 2654 1287 2710 Caeterum
1327 2651 1422 2720 qui
1471 2649 1589 2705 dies
1633 2650 1808 2703 forent
1850 2647 2093 2703 celebres

529 2751 834 2820 feriatique,
867 2745 1119 2801 Pletboni
1157 2743 1375 2816 quidem
1412 2757 1519 2797 non
1562 2748 1679 2796 erat
1718 2739 1977 2795 indecens
2014 2752 2096 2792 re-

528 2857 776 2907 censere,
813 2848 873 2895 ut
901 2838 994 2910 qui
1029 2838 1168 2893 alios
1197 2837 1314 2892 dies
1339 2834 1529 2898 festos,
1560 2848 1722 2904 quam
1754 2832 1847 2902 qui
1879 2847 1910 2885 a
1935 2830 2095 2886 nobis

526 2932 732 3003 recepti
759 2931 893 2997 sint,
920 2927 1241 2983 constituat.
1271 2924 1440 2980 Nobis
1470 2939 1597 2979 vero
1626 2923 1680 2977 id
1708 2922 1933 2977 minime
1956 2936 2095 2992 opus

528 3036 612 3084 est
642 3047 656 3083 :
683 3041 807 3081 cum
838 3024 907 3079 de
931 3022 1016 3077 his
1044 3021 1098 3075 in
1127 3019 1415 3091 prasentia
1454 3030 1636 3072 sermo
1663 3021 1952 3086 susceptus
1983 3028 2094 3067 non

529 3121 623 3175 sit.
665 3117 802 3172 Nam
850 3123 1056 3171 certum
1111 3121 1216 3174 est,
1252 3109 1475 3164 Christo
1522 3108 1828 3181 resurgenti
1870 3106 2094 3163 rituales

527 3220 582 3266 et
607 3209 880 3282 legitimos
909 3212 1143 3275 quatuor
1176 3203 1293 3258 dies
1330 3215 1572 3255 mensem
1610 3198 1905 3270 quemlibet
1933 3197 2093 3253 habi-

529 3312 734 3359 turum.
769 3297 1123 3355 Commodius
1147 3295 1314 3358 enim,
1338 3308 1501 3364 quam
1529 3308 1823 3363 possumus
1867 3292 2095 3347 minimo

530 3410 619 3451 res
647 3391 861 3448 divinas
885 3387 1230 3444 contrahere.
1260 3383 1330 3437 At
1362 3381 1506 3438 diem
1538 3381 1740 3437 festum
1774 3382 1933 3436 nobis
1962 3382 2096 3452 ipsis

530 3484 841 3556 spectandis
891 3480 1122 3551 singulis
1173 3476 1455 3532 mensibus
1502 3473 2003 3544 praescribendum,
2043 3481 2098 3529 et

529 3590 714 3634 rerum
755 3589 786 3628 a
825 3572 984 3629 nobis
1020 3578 1362 3643 patratarum
1410 3567 1802 3637 inspectionem
1842 3566 2009 3620 semel
2042 3566 2097 3619 in

526 3684 723 3725 mense
764 3666 1087 3729 faciendam,
1134 3670 1194 3718 ut
1228 3669 1415 3718 censet
1455 3659 1703 3724 Pletbon,
1750 3675 1851 3715 nos
1879 3660 2097 3730 quidem

529 3774 812 3832 negamus.
855 3752 1056 3813 Verum
1083 3755 1232 3826 pium
1259 3759 1619 3822 sanctumque
1651 3751 1724 3807 sit
1752 3750 1805 3805 id
1829 3748 2096 3820 quotidie,

532 3851 732 3909 nedum
760 3849 931 3915 feriis,
962 3849 1211 3912 actitare,
1241 3852 1403 3901 nocte
1424 3844 1637 3900 scilicet
1665 3859 1696 3898 a
1723 3857 1917 3899 somno
1952 3840 2100 3897 sutil-

531 3943 721 4008 cienti,
757 3950 812 3998 et
839 3942 948 3997 cibi
979 3938 1337 3996 concoctione
1369 3937 1566 4007 prima,
1601 3935 1887 3990 nobiscum
1930 3949 2101 4004 repu-

532 4043 731 4101 tantes,
769 4033 1027 4105 quidnam
1061 4030 1264 4104 piaculi
1293 4029 1471 4099 pridie
1503 4027 1803 4084 admissum
1836 4028 1930 4091 sit,
1954 4026 2100 4098 quod

532 4128 809 4199 expiatum
848 4126 916 4181 iri
944 4132 1193 4195 oporteat
1222 4123 1484 4195 postridie
1509 4143 1522 4178 :
1549 4130 1665 4177 tum
1697 4121 1802 4175 hoc
1827 4120 2008 4199 statim
2034 4122 2104 4178 ab

2192 548 2317 604 Ἐάν
2342 548 2387 602 δ’
2416 549 2678 622 ὑπερέχῃ,
2708 548 2804 622 τὴν
2839 545 3109 619 ὑπεροχὴν
3147 541 3285 600 εἶναι
3306 545 3548 600 λεκτέον.
3591 547 3755 601 Ἀλλὰ

2182 639 2287 710 μὴν
2316 637 2437 691 οὐδὲ
2465 640 2583 702 ταῖς
2617 636 2951 710 ἱερομηνίαις
2982 634 3231 708 ἐμποδὼν
3269 636 3593 690 καθίσταται
3628 637 3757 692 τού-

2177 747 2284 784 των
2314 730 2489 784 οὐθέν.
2520 730 2625 783 Τοῦ
2658 729 2765 803 γὰρ
2795 730 2915 785 ὅλου
2966 729 3214 784 ἐνιαυτοῦ
3257 729 3637 802 διαιρουμένου
3672 732 3749 795 εἰς

2169 823 2514 893 πεντήκοντα
2548 824 2642 877 καὶ
2687 822 2778 877 δύο
2821 822 3074 887 έπτάδας,
3123 824 3187 876 ὲκ
3229 823 3504 897 τεττάρων
3544 823 3608 895 δὴ
3658 826 3752 878 καὶ

2179 917 2310 987 ἡμῖν
2346 915 2454 971 τῶν
2507 915 2690 987 μηνῶν
2734 916 2956 980 ἕκαστος
3002 916 3151 969 ἔσται
3194 916 3458 982 έπτάδων,
3508 916 3612 981 ἔξω
3641 918 3751 973 τῶν

2179 1006 2566 1079 ὑπεραρίθμων
2611 1026 2673 1079 γε
2723 1009 2982 1082 ἡμερῶνο
3032 1009 3127 1063 καὶ
3180 1009 3443 1081 τέτταρας
3495 1009 3605 1076 ἕξει
3650 1009 3748 1073 τάς

2181 1101 2485 1171 ἁγιωτάτας
2518 1102 2625 1155 τῶν
2663 1102 2984 1175 ίερομηνιῶν
3021 1100 3088 1156 δι’
3135 1102 3370 1174 έὸδόμης
3413 1100 3572 1172 μίαν⁶
3610 1100 3748 1171 πλὴν

2180 1196 2228 1248 εί
2266 1193 2375 1265 ἄρα
2402 1193 2510 1249 ἀπὸ
2543 1195 2736 1266 κυρίας
2767 1195 2984 1266 ἄρχοιτο
3013 1194 3313 1267 προτερῶν,
3354 1193 3386 1263 ἢ
3428 1193 3629 1265 μεταξὺ
3650 1192 3749 1264 τῆς

2181 1284 2407 1347 έπτάδος
2436 1301 2537 1337 που
2566 1283 2824 1356 ὑστερῶν.
2867 1285 2963 1352 Ἓξ
2987 1285 3044 1339 δὲ
3082 1286 3111 1338 ὁ
3153 1285 3247 1338 τοῦ
3273 1284 3557 1356 Πλὴθωνος
3585 1284 3745 1354 ἔχων,

2181 1376 2339 1432 πλέον
2387 1395 2439 1431 τι
2494 1376 2588 1431 τοῦ
2646 1377 2854 1441 δέοντος
2915 1376 3225 1448 ἀφαιρεῖται
3273 1375 3381 1429 τῶν
3440 1377 3747 1444 ἀναγκαίων

2180 1468 2354 1541 ἔργων
2381 1472 2445 1540 τῇ
2477 1468 2647 1523 πόλει.
2691 1470 2906 1542 Ἀργετν
2945 1469 3055 1541 γὰρ
3093 1468 3304 1537 ἀνάγκη
3350 1467 3475 1530 τοὺς
3522 1467 3751 1536 ἄγοντας

2182 1559 2515 1632 ἱερομηνίαν.
2554 1562 2662 1615 Καὶ
2692 1560 2809 1631 ἅμα
2835 1563 2981 1631 τρεῖς
3020 1559 3216 1630 ἐφεξῆς
3256 1556 3571 1631 ἱερομηνίας
3608 1573 3751 1627 συμ-

2182 1648 2351 1702 ϐαίνέι
2387 1650 2685 1703 ποιεῖσθαι·
2739 1649 2867 1721 ἕνην
2910 1649 3009 1721 μὲν
3053 1648 3353 1702 Πλούτωνι’
3397 1646 3525 1718 ἕνην
3561 1646 3620 1699 δὲ
3658 1644 3753 1698 καὶ

2183 1741 2307 1796 νέαν
2336 1743 2429 1796 ἐπὶ
2464 1745 2528 1814 τῇ
2560 1740 2763 1795 ἑαυτῶν
2787 1739 3098 1810 ὲπισκέψεν
3128 1737 3421 1810 νουμηνίαν
3445 1737 3503 1791 δὲ
3540 1736 3617 1807 τῷ
3648 1735 3752 1790 Διί.

2186 1834 2355 1888 Τοῦτο
2385 1833 2441 1888 δὲ
2471 1834 2773 1905 προσκορές
2794 1831 2857 1886 ἂν
2885 1833 2970 1903 εἴη
3015 1829 3156 1885 οὕτω
3184 1830 3499 1900 συμϐαῖνον.
3533 1826 3755 1881 Βέλτιον

2184 1921 2277 1981 οὖν
2303 1925 2669 1989 διαλείποντας
2708 1925 2860 1993 ἄγειν
2906 1924 3033 1995 (τῶν
3067 1925 3174 1994 γὰρ
3234 1923 3299 1975 ὲκ
3328 1919 3754 1989 διαλειμμάτων,

2186 2014 2355 2086 ἡδέων
2402 2015 2501 2086 μὲν
2542 2014 2729 2079 ὄντων,
2773 2013 2934 2085 ἡδίων
2974 2016 3007 2086 ἠ
3061 2014 3330 2085 αἴσθησις,
3374 2010 3635 2082 λυπηρῶν
3676 2010 3753 2074 δὲ,

2187 2104 2630 2177 εὐφορητοτέρα·)
2658 2102 2843 2172 ὀλίγας
2870 2120 2928 2157 τε
2952 2103 3028 2167 ὡς
3062 2103 3140 2156 ἔνι
3189 2102 3421 2173 μάλιστα
3451 2100 3606 2169 ἄγειν
3641 2100 3759 2170 έορ-

2188 2198 2284 2261 τάς
2303 2213 2315 2229 ·
2357 2196 2414 2251 ἓν
2444 2195 2552 2269 γὰρ
2576 2197 2683 2249 τῶν
2714 2195 2932 2266 φαύλων
2980 2195 3383 2266 πολιτευμάτων
3424 2192 3542 2246 ἐστὶ
3578 2191 3675 2244 καὶ
3700 2190 3761 2243 τὺ

2189 2290 2385 2354 πολλὰς
2417 2291 2569 2358 ἄγειν
2592 2308 2604 2318 ο
2637 2291 2731 2344 καὶ
2758 2290 2981 2360 σημεῖον
3014 2289 3074 2343 οὑ
3113 2286 3438 2350 θεοσεϐείας.
3474 2283 3612 2339 ἀλλὰ
3634 2301 3758 2354 τρυ-

2190 2381 2295 2452 φῆς
2330 2381 2466 2434 ἐστι.
2518 2379 2674 2443 Τίνες
2719 2378 2764 2431 δ’
2802 2377 3100 2450 ἂγεῐησαν
3134 2374 3464 2449 ίερομηνίαι,
3510 2371 3756 2440 Πλήθωνι

2192 2473 2291 2545 μὲν
2323 2473 2561 2543 ἥρμοττε
2595 2471 2782 2540 φάναι,
2799 2471 2875 2534 ὡς
2900 2469 2963 2541 δή
2991 2486 3141 2533 τινας
3174 2468 3366 2539 ἑτέρας
3383 2464 3493 2519 τῶν
3519 2466 3653 2535 ἡμῖν
3676 2479 3761 2517 v0—

2194 2563 2496 2637 μιζομένων
2528 2562 2905 2635 νομοθετοῦντι
2924 2580 2938 2594 ⁸
2979 2564 3111 2634 ἡμῖν
3141 2562 3198 2615 δὲ
3226 2561 3428 2630 ἥκιστα
3452 2558 3555 2623 δεῖ,
3589 2555 3758 2619 ἄλλως

2189 2673 2249 2711 τε
2274 2658 2367 2711 καὶ
2415 2656 2490 2729 μὴ
2537 2656 2664 2729 περί
2689 2656 2879 2710 τούτου
2927 2655 3022 2710 νῦν
3059 2657 3208 2719 ὄντος
3244 2653 3338 2706 τοῦ
3375 2651 3559 2719 λόγου.
3596 2649 3761 2719 Δῆλον

2190 2749 2299 2821 γάρ
2340 2750 2421 2803 ὅτι
2457 2748 2556 2813 τὰς
2599 2746 2954 2821 νομιζομένας
2991 2748 3253 2819 τέτταρας
3289 2744 3399 2810 ἕξει
3431 2744 3541 2797 τῶν
3579 2742 3765 2814 μηνῶν

2191 2840 2417 2903 ἕκαστος
2460 2839 2580 2911 Θεῷ
2622 2841 2701 2912 τῷ
2744 2839 2892 2911 αὐτῷ
2920 2839 3229 2895 ἀναστάντι.
3262 2841 3517 2908 ’Ἄμεινον
3544 2835 3656 2905 γὰρ
3688 2836 3766 2898 εἰς

2201 2932 2406 2986 ἐλάττω
2434 2932 2509 2995 ὡς
2537 2932 2603 2986 ἂν
2634 2931 2867 3003 μάλιστα
2956 2933 3229 3004 συναιρεῖν
3251 2929 3318 2982 τά
3345 2927 3475 2997 περὶ
3498 2924 3564 2979 τὸ
3590 2925 3763 2979 Θείον.

2195 3023 2272 3095 Τῇ
2307 3023 2351 3076 δ’
2384 3023 2539 3095 ἡμῶν
2569 3022 2749 3078 αὐτῶν
2784 3023 3068 3093 ἐπισκέψει
3107 3020 3418 3093 ἱερομηνίαν
3453 3017 3639 3091 ὁρίσαι
3664 3015 3768 3069 ὰνὰ

2195 3117 2421 3170 ἕκαστον
2448 3116 2612 3188 μῆνα,
2642 3118 2735 3172 καὶ
2761 3116 2907 3184 ἅπαξ
2939 3115 3032 3169 τοῦ
3075 3114 3240 3187 μηνὸς
3286 3109 3574 3178 ἐπίσκεψιν
3603 3108 3768 3160 ποιεῖς

2202 3212 2324 3265 σθαι
2350 3210 2458 3264 τῶν
2486 3211 2890 3283 πεπραγμένων
2933 3207 3192 3281 ἡμῖν,,ὠς
3225 3205 3366 3270 άξιοί
3392 3203 3647 3275 Πλήθων,
3675 3201 3769 3270 οὐχ

2198 3303 2359 3374 ἡμεῖς
2389 3300 2454 3370 γέ
2493 3318 2672 3371 φαμεν
2694 3317 2709 3331 ·
2765 3299 2901 3356 ἀλλὰ
2936 3298 3058 3353 καθ’
3086 3296 3298 3369 ἡμέραν
3339 3294 3580 3363 ἑκάστην
3617 3290 3772 3344 τούτο

2202 3395 2471 3451 ποιεῖσθαι
2494 3396 2621 3450 ἄνευ
2653 3393 2987 3466 ἱερομηνίας,
3018 3391 3233 3459 νύκτωρ
3265 3387 3357 3441 ὲπὶ
3394 3385 3551 3456 ὕπνῳ
3583 3381 3770 3453 ἱκανῷ,

2203 3489 2297 3542 καὶ
2328 3490 2532 3560 τροφῆς
2560 3486 2721 3557 πέψει
2759 3488 2824 3557 τῇ
2860 3484 3050 3558 πρώτῃ
3090 3477 3577 3550 ἀναλογιζομένους
3606 3475 3660 3529 τε
3681 3475 3770 3545 641-

2205 3596 2335 3633 ποτε
2364 3579 2704 3651 πεπραχότες
2728 3580 2794 3649 τῇ
2824 3576 3124 3648 προτεραίᾳ
3167 3572 3329 3644 ἐσμέν
3347 3588 3362 3601 ·
3388 3570 3493 3624 κᾶν
3518 3586 3577 3622 τι
3674 3582 3770 3619 πε-

2172 3670 2691 3742 ⁸σιιλημμελημένον,
2727 3668 2894 3722 ἕωθεν
2936 3667 3117 3733 εὐθὺς,
3260 3664 3424 3724 ὅσιον,
3463 3657 3772 3732 ἐπανορθω-

2208 3763 2478 3834 σαμένων,
2517 3761 2712 3830 λογίων
2757 3758 3060 3832 ἀκροᾶσθαι
3112 3753 3478 3828 καθαρτικῶν,
3536 3753 3632 3806 καὶ
3680 3754 3773 3804 ἐπι

2204 3852 2376 3916 ὁπτας
2403 3851 2512 3905 τῶν
2550 3852 2868 3920 ἁγιωτάτων
2899 3849 3059 3923 ίερῶν
3104 3847 3445 3919 γενομένους.
3491 3842 3697 3898 ἐνίοτε
3719 3840 3773 3894 δὲ

2210 3942 2376 4015 μοίρᾳ
2401 3941 2575 4013 ἀγαθῇ
2596 3940 2800 3995 καὶτοῦ
2828 3939 3066 4011 θύματος
3090 3937 3479 4008 γευσαμένους,
3503 3938 3594 3989 ἐπ’
3618 3934 3775 4005 ἔργον

2208 4036 2535 4105 πορεύεσθαι
2559 4034 2666 4088 ἀπὸ
2686 4031 2940 4104 τοιαύτης
2970 4031 3162 4104 ἀρχῆς.
3193 4029 3352 4083 Ἀλλά
3377 4029 3507 4100 περὶ
3531 4026 3635 4098 μὲν
3656 4023 3773 4079 τού-

2207 4143 2314 4179 των
2341 4127 2399 4179 ὲν
2431 4126 2628 4190 ἄλλοις.

534 4236 730 4277 aurora
759 4228 1027 4283 correcta,
1060 4220 1282 4289 puriiica
1318 4215 1726 4285 piaculariaque
1756 4201 1985 4267 oracula
2036 4217 2385 4281 auscultare,
2445 4217 2727 4287 factosque
2774 4216 3246 4271 sanctissimorum
3305 4224 3581 4268 sacrorum
3642 4221 3770 4277 spe-

534 4323 791 4377 ctatores,
832 4319 888 4368 et
949 4311 1108 4367 bonis
1151 4311 1423 4366 interdum
1464 4310 1657 4365 avibus
1700 4308 1794 4362 illo
1838 4307 2130 4374 sacriﬁcio,
2197 4312 2590 4383 sanetiiicaque
2639 4314 2820 4367 hostia
2863 4310 3120 4373 delibata,
3166 4323 3198 4362 a
3243 4306 3336 4361 tali
3393 4300 3653 4377 principio
3696 4298 3772 4353 ad

532 4422 728 4480 operas
756 4412 977 4462 nostras
1008 4404 1178 4459 abire.
1211 4402 1316 4460 Sed
1347 4403 1416 4459 de
1442 4403 1529 4458 bis
1558 4402 1714 4458 alias.

716 4550 990 4617 Quomodo
1003 4546 1309 4619 septimana:
1328 4546 1439 4603 dies
1458 4557 1579 4603 sunt
1601 4546 1931 4603 numerandi.

604 4663 770 4720 XVII.
810 4663 962 4720 Licet
992 4680 1121 4720 vero
1154 4663 1472 4735 septimana:
1502 4661 1620 4717 dies
1662 4675 1977 4724 numerare,
2018 4662 2103 4715 vel

539 4766 597 4814 ut
634 4758 808 4815 Graeci
839 4757 1001 4827 hujus
1049 4757 1247 4817 aetatis,
1294 4757 1529 4827 primum
1569 4753 1713 4808 diem
1765 4751 2103 4807 Dominieum

535 4858 796 4907 vocantes
827 4870 840 4904 :
870 4849 1171 4907 secundum
1201 4860 1353 4909 Vero.
1387 4847 1439 4903 id
1478 4846 1623 4917 quod
1664 4861 1848 4900 revera
1883 4853 1988 4910 est,
2021 4861 2109 4902 se-

538 4943 776 4997 cundum
831 4960 845 4996 :
889 4940 1083 4996 deinde
1137 4940 1399 5003 tertium,
1461 4946 1760 5009 quartum,
1812 4938 2105 5009 quintum,

539 5042 772 5097 sextum,
802 5033 1089 5103 septimum
1117 5050 1130 5085 :
1160 5035 1247 5086 vel
1281 5042 1335 5085 ut
1363 5030 1527 5085 hodie
1546 5029 1776 5084 Romani
1809 5028 2108 5084 secundum

542 5125 726 5181 stellas
746 5123 1049 5191 ,erraticas,
1095 5128 1218 5195 post
1251 5121 1591 5176 Dominicum
1632 5121 1774 5176 luna":
1812 5121 1954 5175 diem
1998 5127 2109 5175 sta-

541 5224 781 5277 tuentes,
808 5215 1006 5271 deinde
1050 5214 1263 5277 Martis,
1294 5214 1362 5267 ad
1394 5214 1508 5268 haec
1539 5212 1816 5275 Mercurii,
1853 5220 2109 5282 praeterea

542 5304 713 5370 lovis,
742 5315 929 5377 postea
963 5302 1209 5369 Veneris,
1248 5306 1465 5362 demum
1494 5303 1738 5361 Saturni.
1772 5303 2111 5359 Parasceven

544 5401 686 5454 enim
721 5401 863 5456 diem
897 5411 1109 5457 sextum
1153 5400 1447 5471 appellare,
1483 5408 1536 5454 et
1567 5398 1860 5469 septimum
1901 5395 2109 5450 Sabba-

545 5494 683 5557 tum,
718 5493 770 5548 id
801 5494 943 5565 apud
970 5509 1090 5558 nos,
1125 5502 1185 5547 ut
1210 5492 1446 5557 videtur,
1473 5493 1676 5547 nullam
1710 5492 1979 5547 rationem
2013 5492 2112 5545 ha-

2139 4563 2184 4618 D
2301 4548 2431 4614 Πῶς
2461 4545 2813 4617 ἀριθμητέον
2838 4546 2942 4612 τὰς
2972 4542 3079 4612 τῆς
3107 4541 3429 4612 ἑϐδομάδος
3464 4539 3710 4610 ἡμέρας.

2280 4659 2375 4717 lZ'.
2430 4660 2694 4732 ’Υπάρχει
2744 4659 2799 4712 δὲ
2837 4660 2928 4712 καὶ
2987 4658 3086 4721 τὰς
3143 4656 3243 4727 τῆς
3294 4653 3521 4717 έπτάδος
3569 4652 3782 4724 ἡμέρας

2208 4753 2461 4826 ἀριθμεῖν
2490 4754 2609 4824 ἦτοι
2642 4752 2716 4817 ὡς
2768 4753 2817 4804 οἱ
2859 4749 2953 4804 νῦν
2976 4748 3255 4819 Ἕλληνες,
3283 4745 3381 4817 τὴν
3418 4746 3514 4817 μὲν
3559 4744 3784 4816 πρώτην

2210 4844 2407 4917 κυρίαν
2439 4842 2755 4906 καλοῦντας,
2787 4842 2885 4912 τὴν
2924 4840 2981 4893 δὲ
3009 4839 3287 4909 δευτέραν,
3319 4836 3463 4891 τοῦτ’
3500 4835 3634 4891 αύτδ
3668 4834 3782 4888 δευ-

2212 4938 2378 5010 τέραν
2400 4955 2413 4967 ⁸
2446 4932 2564 4991 εἶτα
2597 4936 2804 5008 τρίτην,
2860 4931 3110 5004 τετράδα,
3145 4932 3422 5002 πέμπτην,
3464 4930 3654 4997 ἕκτην,
3698 4926 3782 4980 έδ-

2212 5028 2417 5099 δὸμην*
2450 5027 2483 5099 ἢ
2514 5026 2588 5091 ὡς
2634 5029 2682 5080 οἱ
2728 5025 2822 5078 νῦν
2862 5023 3118 5093 Ῥωμαῖοι
3158 5019 3299 5074 κατὰ
3335 5020 3463 5082 τοὺς
3510 5016 3785 5087 πλάνητας

2212 5120 2322 5173 τῶν
2356 5119 2618 5191 ἀστέρων,
2654 5116 2789 5189 μετὰ
2813 5115 2909 5187 τὴν
2937 5114 3128 5185 κυρίαν
3154 5112 3381 5183 σελήνης
3405 5110 3641 5181 ἡμέραν.
3668 5103 3783 5161 εἶτα

2217 5210 2431 5284 Ἄρεος,
2464 5210 2582 5265 εἶτα
2618 5208 2819 5281 Ἐρμοῦ
2845 5249 2859 5273 ,
2896 5203 3013 5260 εἶτα
3062 5204 3217 5268 Διὸς,
3265 5198 3383 5257 εἶτα
3435 5201 3781 5274 Ἀφροδίτης,

2209 5301 2329 5359 εἶτα
2354 5305 2582 5373 Κρόνου.
2608 5300 2680 5357 Τὸ
2710 5300 2768 5356 δὲ
2788 5297 3143 5371 Παρασκευὴν
3172 5296 3268 5368 μὲν
3293 5294 3391 5366 τὴν
3423 5294 3615 5364 ἕκτην,
3644 5292 3785 5347 Σάδ-

2218 5398 2379 5452 δατον
2407 5396 2463 5451 δὲ
2497 5392 2780 5466 ὀνομάζειν
2812 5393 2908 5463 τὴν
2944 5391 3195 5461 ἑϐδόμην,
3229 5388 3331 5442 οὐκ
3357 5387 3491 5458 ἔχει,
3518 5387 3596 5449 ὼς
3622 5385 3785 5447 ἔοικε,

2218 5481 2374 5558 λόγον
2401 5488 2532 5559 ἡμῖν
2556 5505 2569 5518 ·
2608 5485 2742 5541 ἀλλὰ
2802 5484 3075 5548 Ἰουδαίοις
3130 5482 3260 5544 ἴσως
3282 5497 3297 5510 ’
3346 5478 3788 5551 παρεσκευάσθαι

554 5587 664 5653 bet,
688 5585 783 5644 sed
811 5588 954 5658 apud
985 5585 1205 5644 Judmos
1235 5586 1468 5642 fortasse
1494 5604 1506 5641 :
1535 5587 1793 5641 nimirum
1824 5586 1951 5641 a'nte
1980 5582 2092 5640 Sab

2218 5581 2327 5653 γάρ
2358 5582 2597 5644 ἐκείνους
2625 5578 2731 5650 πρὸ
2764 5575 2859 5632 τοῦ
2886 5575 3163 5631 Σαϐϐάτου
3201 5573 3302 5638 δεῖ,
3331 5570 3407 5635 ὡς
3444 5568 3509 5644 δὴ
3557 5568 3787 5641 μηθενὸς

549 5679 733 5736 batum
783 5678 904 5735 illos
942 5689 1259 5750 apparatum
1299 5676 1477 5733 facere
1516 5683 1752 5747 oportet,
1789 5684 1849 5730 ut
1879 5676 1972 5747 qui
2022 5692 2113 5732 sus

550 5768 873 5841 τοι-ειίιίομ
895 5769 1126 5840 quadam
1153 5767 1414 5840 religione
1442 5766 1712 5834 obstricti,
1750 5764 1883 5821 nihil
1914 5768 2115 5839 negotii

2223 5676 2381 5746 ἔργου
2425 5672 2762 5742 ἁπτομένους
2805 5670 2910 5724 ὑπὸ
2949 5666 3365 5738 δεισιδαιμονίας
3408 5667 3473 5735 τῇ
3505 5660 3784 5735 ὑστεραίᾳ,

2236 5767 2395 5837 Ἡμῖν
2420 5765 2473 5819 δέ
2499 5763 2652 5819 οὐθὲν
2691 5762 2787 5820 δεῖ.
2832 5760 2967 5816 Οὕτε
3011 5759 3121 5831 γὰρ
3163 5761 3225 5831 τῇ
3276 5755 3476 5827 ἑϐδόμῃ
3510 5754 3785 5826 άργοῦμιν
