4044 6220
326 333 470 402 ³209

1303 345 1653 404 TﬂEODORl
1691 349 1895 406 GAZE
1934 349 2134 404 LIBER
2172 348 2258 405 DE
2297 348 2662 406 MENSIBUS.

3414 345 3558 403 1210

324 465 506 536 ἡμεῖς,
557 463 623 533 τῇ
668 461 970 533 καλουμένῃ
1003 461 1276 518 Σάϐϐατον
1310 465 1611 528 Ἰουδαίοις
1654 467 1789 520 ἀλλά
1829 472 1895 541 τῇ

2000 468 2197 523 obeant
2237 468 2519 538 postridie.
2561 465 2763 522 Verum
2799 465 2851 520 id
2897 472 3081 520 nostra
3122 462 3258 517 nihil
3307 462 3551 520 interest.

331 554 543 627 πρώτῃ,
572 554 735 625 κυρίᾳ
762 556 894 625 ἡμῖν
921 553 1057 629 οὔσῃ
1086 556 1182 609 καὶ
1213 555 1495 628 ἱερομηνίᾳ
1521 559 1739 629 Χριστῷ
1765 558 1896 611 ἀνα-

331 647 517 702 στάντι
537 662 549 675 ·
604 645 717 700 οὗθ’
764 645 937 711 οὕτως
985 646 1262 719 ἀργοῦμεν
1311 649 1532 718 ἄγοντες
1577 649 1783 722 ἑορτὴν,
1820 651 1896 715 ὡς

333 737 468 809 μηδὲ
495 736 694 808 ἑψῆσαί
728 753 803 801 τι,
838 737 932 791 καὶ
974 736 1250 809 τράπεζαν
1293 738 1630 809 παραθέσθαι
1678 738 1898 810 θεμιτὸν

331 828 499 886 εἶναι’
531 830 667 883 ἀλλά
702 830 813 884 δεῖν
847 830 1283 901 παρεσκευάσθαι
1324 832 1431 884 πᾶν
1470 832 1535 901 τῇ
1575 830 1893 902 προτεραίᾳ.

332 921 544 976 Οὐκοῦν
567 920 693 975 οὔτε
727 939 779 975 τι
810 923 1101 993 χρήσιμον,
1135 920 1247 976 οὔτ’
1271 922 1443 986 άλλως
1467 922 1737 993 εὔσχημον
1766 924 1898 993 ἡμῖν

330 1014 402 1069 τὰ
438 1013 705 1067 Ἰουδαίων
757 1013 930 1067 ταῦτα
982 1014 1220 1085 ὀνόματα
1269 1016 1349 1077 εἰς
1395 1013 1791 1084 καταρίθμησίν
1834 1030 1898 1082 γε

331 1105 624 1176 ἑϐδομάδος
655 1106 755 1176 τῆς
798 1105 1071 1177 ἡμετέρας
1100 1105 1413 1175 λαμϐάνειν.
1463 1104 1593 1158 Ούδὲ
1626 1104 1690 1175 δὴ
1718 1104 1813 1158 καὶ
1839 1103 1900 1157 τὸ

331 1196 607 1251 Σάϐϐατον
632 1192 723 1250 οὖν
742 1195 941 1267 ὁμοίως
961 1195 1073 1267 ἔχει
1094 1195 1172 1266 τῷ
1199 1196 1424 1249 Ὡσαννά
1449 1194 1634 1266 καὶτῷ
1653 1193 1896 1249 Σαόαώθο

334 1288 479 1359 άπερ
507 1287 713 1356 ἔκφυλα
749 1286 845 1357 μὲν
874 1286 967 1339 καὶ
992 1285 1163 1339 ταῦτα
1182 1302 1196 1316 ·
1226 1286 1572 1354 έπιφωνείται
1599 1284 1643 1337 δ’
1672 1285 1819 1354 ὅμως
1841 1284 1900 1337 ὲν

331 1380 452 1443 ταῖς
495 1377 811 1449 ίεροποιίαις
859 1375 1114 1430 ἑκάστοτε
1162 1376 1312 1448 παρά
1360 1374 1467 1428 τῶν
1514 1374 1757 1445 ζακόρων
1802 1376 1900 1428 έπ-

335 1467 588 1536 άναγκες.
610 1467 690 1520 Τά
715 1468 810 1537 μὲν
833 1466 942 1539 γάρ
968 1466 1315 1539 ὲξωσιωμένα
1328 1467 1391 1537 δή
1415 1470 1527 1531 τοῖς
1547 1466 1901 1538 κυριωτάτοις

334 1559 427 1612 καὶ
463 1557 739 1629 μεγίστοις
764 1557 869 1612 τῶν
900 1557 1057 1628 ιερῶν
1081 1557 1209 1612 ὄντα
1238 1559 1377 1612 κατά
1401 1576 1454 1610 τι
1483 1559 1790 1630 ἀπόρρητον
1826 1558 1900 1631 μὴ

332 1650 392 1702 οὐ
424 1644 696 1723 θεμιτὸνῇ
729 1649 1124 1720 παραλλάττειν
1149 1664 1163 1679 ο
1191 1648 1251 1700 τὸ
1277 1647 1332 1700 δὲ
1370 1647 1779 1718 περιειργάσθαι
1810 1648 1902 1701 καὶ

337 1743 607 1814 μηδεμίαν
636 1742 758 1813 ἕχον
782 1743 1026 1814 ἀνάγκην
1064 1740 1357 1805 Ἰουδαΐζει.
1386 1740 1573 1810 Ἡμεῖς
1604 1740 1700 1811 μὲν
1724 1741 1901 1793 τοίνυν

1994 558 2182 631 Neque
2223 560 2366 615 enim
2411 560 2642 629 septimo
2679 559 2767 613 die
2812 559 2880 613 ab
2910 557 3058 611 omni
3098 569 3261 626 opere
3297 553 3556 609 feriamur

1995 651 2218 713 inertes.
2248 651 2340 721 qui
2367 651 2485 706 dies
2515 665 2544 704 a
2568 647 2768 705 Iudaeis
2808 647 3101 704 Sabbatum
3137 662 3167 700 a
3197 646 3378 717 quiete
3410 661 3554 700 nun-

1996 748 2258 811 cupatur;
2287 741 2382 797 sed
2414 742 2533 812 ipso
2562 741 2651 796 die
2670 742 2867 811 primo,
2898 740 2989 809 qui
3014 739 3172 793 nobis
3195 745 3279 793 est
3312 737 3558 792 Domini-

1996 849 2118 898 cus,
2171 848 2436 903 sacerque
2478 833 2589 888 Deo
2645 832 2972 901 resurgenti.
3007 830 3194 902 Neque
3248 838 3429 884 tamen
3472 829 3557 885 sic

1996 926 2251 984 otiamnr.
2292 933 2351 979 ut
2376 925 2460 979 vel
2491 926 2715 989 elixare,
2756 923 2842 977 vel
2881 937 3122 977 mensam
3155 930 3399 978 sternere
3431 920 3562 975 reli-

1998 1017 2086 1088 gio
2117 1016 2222 1078 sit,
2254 1031 2540 1087 Oper-aeque
2570 1016 2638 1070 sit
2666 1015 2898 1086 pretium
2940 1014 3120 1069 omnia
3148 1013 3320 1084 pridie
3351 1027 3562 1082 praepa-

1997 1120 2114 1162 rata
2146 1107 2364 1162 habere.
2395 1107 2538 1177 Ergo
2568 1123 2669 1162 nec
2694 1108 2847 1172 utile,
2878 1122 2980 1161 nec
3008 1106 3210 1175 alioqui
3243 1105 3557 1168 honestum,

1998 1195 2113 1250 haec
2142 1193 2449 1250 Iudaeorum
2496 1197 2713 1251 nomina
2744 1197 2799 1251 in
2837 1204 3039 1251 nostrae
3088 1195 3405 1264 septimanae
3445 1193 3561 1249 cal-

1999 1287 2182 1341 culum
2211 1300 2508 1342 assumere.
2540 1286 2649 1342 Nec
2680 1288 2821 1341 enim
2847 1288 2928 1343 sic
2959 1304 3017 1344 se
3048 1286 3210 1341 habet
3235 1284 3557 1350 Sabbatum,

1999 1385 2060 1432 ut
2091 1378 2247 1449 167
2274 1378 2531 1434 Hosanna
2560 1388 2613 1433 et
2657 1377 2930 1434 Sabaoth:
2957 1393 3078 1448 quae
3128 1378 3303 1432 aliena
3339 1378 3560 1447 quidem

1999 1484 2123 1523 cum
2154 1477 2207 1524 et
2234 1469 2348 1540 ipsa
2376 1470 2506 1534 sint,
2549 1479 2727 1525 tamen
2751 1471 2805 1523 in
2831 1470 2974 1523 hunc
3000 1484 3177 1538 usque
3208 1468 3349 1523 diem
3377 1468 3434 1522 in
3468 1482 3561 1523 sa-

2000 1557 2223 1613 crificiis
2261 1559 2649 1615 acclamatione
2691 1558 2964 1614 communi
2997 1558 3066 1611 ab
3100 1557 3235 1626 ipsis
3276 1570 3559 1611 sacrorum

2001 1651 2272 1707 ministris
2294 1654 2603 1708 necessario
2629 1658 2979 1724 usurpantur.
3010 1650 3141 1715 Quae
3157 1650 3301 1704 enim
3328 1664 3358 1703 a
3385 1648 3562 1703 maxi-

2002 1738 2105 1794 mis
2126 1740 2472 1809 pontilicibus
2503 1742 2735 1811 alicujus
2757 1739 2942 1794 arcani
2970 1738 3145 1808 gratia
3172 1738 3382 1793 sancita
3408 1745 3559 1805 sunt,

334 1830 463 1901 περὶ
504 1830 703 1901 μηνῶν-
732 1846 792 1882 τε
839 1830 933 1882 καὶ
980 1827 1199 1901 ἡμερῶν
1223 1868 1237 1894 ,
1283 1827 1378 1881 καὶ
1427 1825 1670 1881 ἐνιαυτοῦ
1693 1866 1709 1893 ,
1757 1826 1897 1881 οὕτω

2000 1828 2152 1884 nefas
2197 1831 2268 1885 sit
2318 1832 2625 1887 immutare.
2689 1829 3079 1901 Superstitiose
3122 1842 3254 1884 vero
3297 1838 3349 1885 et
3400 1828 3561 1884 anxie

336 1920 568 1992 χρῆσθαι
594 1918 824 1990 μάλιστα
849 1919 1126 1990 ἀξιοῦμεν.

2000 1935 2178 1993 agere,
2208 1922 2352 1994 quod
2390 1925 2602 1980 nullum
2626 1941 2807 1991 usum,
2839 1933 3234 2000 cogentemque
3266 1923 3562 1980 necessita-

335 2024 444 2071 tem
476 2016 676 2071 habet:
708 2014 763 2069 id
790 2014 997 2070 redolet
1017 2012 1380 2068 Judaismum.
1406 2011 1518 2069 Nos
1552 2012 1719 2084 igitur
1775 2014 2081 2082 mensibus,
2116 2017 2312 2076 diebus
2365 2026 2419 2076 et
2467 2035 2613 2076 anno
2674 2020 2756 2076 sic
2797 2019 2875 2075 uti
2915 2020 3148 2074 maxime
3181 2020 3403 2091 dignum
3459 2032 3561 2089 pu-

337 2121 538 2166 tamus.

382 2204 517 2272 Πῶς
544 2203 640 2258 δεῖ
659 2203 824 2274 ἄγειν
852 2202 990 2270 τοὺς
1022 2203 1280 2273 χρόνους
1304 2201 1433 2257 κατ’
1474 2202 1833 2272 Ἀθηναίους.

403 2358 513 2412 ιιιν.
547 2359 611 2412 Εί
636 2357 692 2411 δέ
718 2374 797 2429 τῳ
828 2358 1072 2430 διαφέροι
1098 2358 1253 2428 άγειν
1279 2357 1355 2423 ὡς
1393 2357 1684 2429 Ἀθηναῖοι,
1710 2362 1776 2431 τῇ
1801 2359 1900 2429 μὲν

334 2448 486 2514 τάξει
512 2451 770 2521 χρήσεται
795 2450 859 2522 δὴ
888 2453 954 2521 τῇ
986 2449 1370 2524 ὲπιδειχθείσῃ,
1400 2451 1453 2503 εἰ
1480 2467 1536 2504 τι
1568 2452 1597 2505 ό
1629 2449 1783 2520 λόγος
1812 2451 1900 2505 ὅδε

336 2543 553 2612 διαιρεῖ’
579 2543 750 2614 ἀρχὴν
769 2543 825 2596 δὲ
840 2541 1006 2608 τάξας
1026 2540 1121 2595 τοῦ
1142 2542 1295 2606 ἔτους
1314 2542 1411 2607 τὰς
1435 2541 1652 2613 θερινὰς
1670 2542 1897 2614 τροπὰς,

335 2634 474 2704 ὀριεί
498 2631 606 2685 τῶν
634 2632 817 2703 μηνῶν
848 2634 972 2697 τοὺς
1002 2633 1100 2704 μὲν
1128 2631 1622 2705 τριακονθημέρους
1644 2634 1737 2686 καὶ
1764 2632 1900 2705 πλή-

338 2741 473 2796 ρεις,
522 2724 647 2788 τοὺς
685 2725 742 2778 δὲ
779 2727 875 2797 μιᾷ
912 2725 1019 2778 τῶν
1070 2725 1271 2796 ἐτέρων
1326 2724 1675 2795 λειπομένους
1718 2724 1901 2798 ἡμέρᾳ

336 2816 563 2881 ἐναλλάξ
588 2817 717 2888 παρ’
744 2816 860 2880 ἕνα,
899 2816 1233 2888 ὼςήμίσεὼς
1279 2833 1381 2869 που
1432 2816 1697 2880 ἐνδέοντος
1750 2819 1896 2889 μιᾶς,

336 2908 546 2978 πρὸςτὸ
580 2907 1039 2978 τριακονθήμερον
1083 2902 1218 2959 εἷναι
1256 2906 1346 2960 τὸν
1385 2907 1483 2978 τῆς
1531 2905 1759 2976 σελήνης
1798 2923 1903 2977 μη-

336 3000 505 3051 νιαῖον
537 2998 744 3070 χρόνον.
783 2996 1165 3069 Ἀριθμήσεται
1192 2997 1248 3049 δὲ
1275 2995 1373 3059 τάς
1400 2996 1608 3067 ἡμέρας
1649 2996 1775 3067 ἄχρι
1801 2995 1902 3065 τῆς

1992 2200 2266 2269 Quomodo
2307 2202 2593 2257 secundum
2632 2201 2967 2257 Athenienses
3012 2201 3218 2273 agenda
3256 2210 3382 2257 sunt
3427 2211 3561 2258 tem-

2696 2288 2847 2343 pora.

2062 2358 2248 2416 XVIll.
2285 2361 2439 2429 Quod
2475 2363 2522 2420 si
2554 2363 2714 2433 cujus
2753 2364 3044 2419 interesset
3072 2361 3372 2418 secundum
3395 2362 3564 2420 Athe.

1991 2453 2210 2511 nienses
2249 2468 2429 2524 agere,
2456 2455 2648 2512 ordine
2681 2455 2900 2526 quidem
2933 2464 3118 2511 utetur
3145 2455 3560 2511 demonstrato:

1993 2543 2041 2599 si
2072 2543 2203 2614 quid
2229 2543 2437 2599 ordinis
2464 2545 2714 2614 praesenti
2756 2558 3008 2600 sermone
3034 2544 3316 2600 consecuti
3348 2558 3565 2599 sumus.

1992 2630 2194 2687 Verum
2224 2641 2507 2702 postquam
2532 2632 2601 2687 ab
2623 2634 2810 2688 aestivo
2865 2633 3103 2688 solstitio
3168 2634 3299 2687 anni
3358 2634 3564 2703 princi-

1999 2724 2146 2795 pium
2176 2725 2526 2789 ordinaverit,
2557 2723 2825 2779 mensium
2851 2723 3124 2779 descrihet
3154 2725 3292 2780 alios
3322 2726 3563 2780 tricena-

1996 2817 2111 2872 rios
2136 2824 2191 2872 et
2223 2817 2432 2887 plenos,
2471 2816 2609 2870 alios
2664 2829 2792 2870 vero
2822 2829 2930 2869 uno
2970 2815 3059 2870 die
3089 2815 3271 2870 minus
3318 2816 3440 2871 aliis
3482 2815 3564 2869 al-

1999 2906 2171 2964 ternis
2206 2905 2418 2961 vicibus
2467 2918 2695 2969 censos;
2757 2902 2913 2974 quasi
2965 2901 3250 2957 deﬁciente
3275 2902 3383 2956 diei
3412 2910 3560 2957 certe

2000 2996 2244 3061 dimidio,
2301 3004 2359 3050 ut
2415 3003 2753 3049 menstruum
2792 2994 2933 3046 luna:
2955 3000 3166 3062 tempus
3197 2992 3269 3046 sit
3295 2991 3563 3046 tricenum

336 3087 606 3157 είκοστῆς,
653 3086 713 3139 ὃν
761 3087 969 3157 εἴρηται
1019 3085 1237 3157 τρόπον’
1282 3082 1415 3155 μετά
1452 3084 1509 3136 δὲ
1545 3083 1767 3154 ταύτην,
1816 3082 1901 3136 δε-

2000 3090 2229 3146 dierum.
2263 3087 2654 3158 Supputabitur
2692 3094 2871 3140 autem
2900 3085 3108 3139 dierum
3138 3084 3300 3147 ratio,
3335 3098 3445 3154 quo
3470 3097 3567 3137 su-

336 3176 509 3247 κάτην
540 3176 833 3246 φθίνοντος,
871 3176 918 3228 εί
948 3174 1157 3246 πλήρης
1192 3176 1225 3228 ὁ
1250 3175 1376 3245 μήν⁹
1416 3170 1534 3228 εἶτα
1565 3174 1778 3245 ὲνάτην,
1806 3174 1899 3227 καὶ

331 3267 467 3338 ἑξῆς
509 3268 859 3339 ἀναστρέφων
902 3266 1028 3338 ἄχρι
1072 3266 1343 3338 δευτέρας·
1392 3266 1507 3337 μεθ’
1542 3266 1610 3337 ἢν
1646 3265 1771 3336 ἔνην
1806 3265 1899 3319 καὶ

330 3360 484 3413 νέαν.
520 3359 583 3412 El
616 3358 790 3423 κοῖλος
817 3361 846 3412 ὁ
873 3359 998 3428 μὴν,
1030 3358 1223 3429 ἐνάτην
1245 3356 1540 3426 φθίνοντος.
1576 3357 1667 3410 καὶ
1692 3356 1817 3427 ἑξῆς
1839 3357 1900 3410 τὸ

333 3450 621 3520 ἀνάλογον,
647 3450 722 3513 ὡς
741 3450 833 3505 καὶ
860 3449 1195 3518 Πολυδεύκης
1216 3448 1337 3521 ἀριθ
1347 3451 1453 3518 μεῐ·
1482 3450 1577 3518 οὑχ
1602 3447 1802 3511 ἱκανῶς
1822 3448 1897 3513 δὲ,

334 3543 474 3597 διότι
495 3543 675 3597 κοίλου
700 3541 860 3613 μόνου
884 3540 1172 3609 καταλέγει
1196 3540 1425 3611 ἡμέρας.
1455 3539 1678 3610 Πλήθων
1696 3539 1752 3593 δὲ
1773 3539 1900 3611 ἕνην

340 3633 446 3706 μὲν
471 3635 569 3706 τὴν
587 3632 833 3705 εἰκοστήν
862 3634 1077 3703 ἐνάτην,
1109 3632 1234 3703 ἓνην
1261 3631 1316 3685 δὲ
1345 3632 1438 3685 καὶ
1462 3630 1587 3684 νέαν
1616 3631 1714 3702 τὴν
1745 3647 1901 3701 τρια-

337 3726 542 3795 κοστὴν
572 3725 763 3794 λέγων,
801 3724 952 3777 οὐδὲν
990 3724 1194 3794 ἀπᾷδον
1220 3721 1375 3793 ήμῶν
1406 3738 1558 3793 φησι,
1588 3722 1649 3775 τό
1682 3738 1743 3790 γε
1775 3722 1902 3794 περὶ¹

334 3818 402 3872 τὸ
432 3819 682 3888 πρᾶγμα.
721 3817 823 3869 Ἢν
857 3815 965 3886 γάρ
999 3814 1255 3885 δευτέραν
1288 3812 1563 3882 φθίνοντος
1590 3813 1748 3883 ἡμεῖς
1780 3812 1901 3884 ἀρι-

337 3907 609 3978 θμοῦμεν,
645 3907 770 3977 ἕνην
808 3906 980 3969 καλεῖ,
1018 3906 1084 3958 ἶν’
1116 3904 1242 3969 ἴσως
1272 3904 1417 3975 αύτῷ
1452 3903 1733 3975 ἱερομηνία
1770 3899 1905 3958 οὖσα

336 4000 420 4072 τῷ
455 3998 757 4062 Πλούτωνι,
796 3997 1018 4053 αὐτόθεν
1056 3997 1120 4069 δὴ
1159 3997 1268 4050 κάκ
1309 3995 1409 4066 τῆς
1446 3994 1812 4067 προσηγορίας
1842 3995 1904 4049 τὸ

339 4094 540 4165 σεμνὸν
573 4093 671 4167 ἔχῃ
699 4092 793 4147 καὶ⁸
820 4091 1099 4165 τραγικόν.
1123 4092 1212 4144 Δεῖ
1241 4089 1349 4161 γὰρ
1372 4088 1463 4143 καί
1494 4104 1637 4152 τινος
1664 4087 1902 4142 τοιούτου

336 4190 456 4250 τοῖς
485 4186 612 4256 περὶ
651 4184 719 4237 τά
758 4184 880 4239 ὅσια
912 4172 1472 4254 πραγματευομένοις.
1517 4178 1807 4251 Πειρατέον
1847 4178 1905 4233 δὲ

340 4277 484 4333 κατά
511 4276 736 4347 σελήνην
759 4275 1009 4347 ἀριθμεῖν
1031 4274 1127 4338 τὰς
1149 4273 1379 4344 ἡμέρας.
1419 4272 1570 4325 Ἐπεὶ
1599 4273 1692 4326 καὶ
1716 4271 1778 4326 τὸ
1796 4270 1903 4325 τῶν

343 4368 531 4442 μηνῶν
562 4343 811 4437 τουςτμὲν
840 4343 1083 4438 πλήρεις,
1115 4343 1237 4425 τοὺς
1262 4343 1318 4416 δὲ
1349 4363 1557 4444 κοίλους
1587 4362 1899 4434 λαμϐάνειν,

336 4421 495 4513 iam
525 4421 790 4527 βούλεται.
818 4421 1143 4526 οὐχ’ῗικοίνδν
1169 4421 1246 4508 se
1277 4432 1412 4508 ἀλλά
1443 4421 1770 4508 eam...
1788 4421 1899 4509 ἀλλλ
1932 4421 1976 4477 Β

338 4550 477 4605 ἄττα
513 4546 991 4620 πραγματεύεσθαι
1034 4546 1222 4615 συχνὰ,
1248 4547 1297 4598 εἰ
1331 4545 1509 4617 μέλλοι
1545 4545 1809 4610 σώζεσθαι
1843 4546 1904 4601 τὸ

338 4643 621 4716 ὁμόλογονσ
666 4640 898 4711 χαλεπὸν
941 4639 998 4691 δὲ
1041 4636 1130 4690 διὰ
1165 4638 1264 4708 τὴν
1309 4635 1505 4709 πολλὴν
1549 4638 1649 4709 τῆς
1677 4638 1905 4710 σελήνης

340 4735 588 4802 ἀταξίαν.
638 4736 713 4787 Δι’
746 4734 881 4803 ὅπερ
925 4730 1033 4784 οὐδ’
1085 4729 1354 4801 Ἀθηναῖοι
1396 4731 1672 4800 φαίνονται
1713 4747 1907 4802 κατορ-

340 4829 579 4892 θοῦντες·
603 4826 677 4890 ὡς
698 4825 812 4878 ἐστι
835 4821 1208 4895 τεκμήρασθαι
1236 4822 1328 4876 καὶ
1355 4822 1411 4888 ἐξ
1432 4815 1505 4875 ὧν
1527 4822 1591 4892 δὴ
1612 4824 1640 4875 ὁ
1666 4820 1907 4892 κωμικὸς

342 4922 490 4975 ποιεῖ
513 4919 610 4990 τὴν
641 4918 867 4988 σελήνην
893 4915 1192 4986 θυμαίνειν,
1230 4915 1310 4968 ὅτι
1336 4913 1485 4966 οὐδὲν
1513 4913 1653 4967 κατὰ
1680 4913 1905 4985 σελήνην

337 5012 476 5086 ἦγον
507 5013 606 5078 τὰς
637 5012 850 5085 ήμέρας
894 5010 1163 5082 Ἀθηναῖοι
1199 5009 1392 5082 ὀρθῶς,
1430 5007 1544 5062 ἀλλ’
1582 5007 1693 5062 ἄνω
1721 5024 1779 5061 τε
1812 5006 1905 5061 καὶ⁸

341 5107 494 5160 κάτω
524 5103 895 5158 ὲκυδοιδόπωνο
918 5101 1058 5156 οὕτω
1085 5101 1193 5173 γὰρ
1221 5101 1479 5173 κέχρηται
1499 5101 1564 5170 τῇ
1592 5097 1754 5165 λέξει.
1775 5098 1903 5150 Πει-

346 5195 539 5268 ρατέον
577 5195 757 5267 μέντοι
792 5192 932 5247 κατὰ
959 5192 1022 5247 τὸ
1046 5192 1267 5247 δυνατὸν
1304 5187 1663 5260 διορθοῦσθαι,
1691 5185 1905 5260 χρωμέ-

341 5305 467 5353 νους
493 5290 606 5352 τοῖς
637 5284 1050 5358 ὲμπειροτάτοις
1086 5285 1174 5338 ἀεὶ
1202 5282 1311 5337 τῶν
1342 5281 1738 5354 ἀστρολογικῶν
1768 5282 1904 5334 θεω-

345 5400 413 5454 ρη
422 5382 608 5452 μάτων
636 5378 976 5451 συμϐούλοις.

1999 3182 2301 3257 pradictum
2324 3188 2408 3236 est
2441 3179 2622 3241 modo,
2658 3193 2828 3248 usque
2865 3178 2929 3232 ad
2957 3178 3274 3233 vicesimum
3311 3194 3326 3231 :
3367 3190 3567 3231 secun-

1998 3278 2124 3333 dum
2155 3289 2339 3345 quem.
2375 3274 2422 3329 si
2454 3272 2658 3327 mensis
2714 3278 2798 3326 est
2834 3271 3046 3341 plenus,
3095 3270 3245 3324 dices
3297 3269 3567 3325 decimum

1998 3367 2312 3441 praecipitis,
2354 3364 2547 3420 deinde
2581 3377 2806 3428 nonum,
2857 3371 2912 3418 et
2962 3362 3037 3417 ita
3089 3361 3344 3432 deinceps
3375 3360 3568 3415 ordine

2000 3467 2330 3532 praepostero
2359 3471 2531 3527 usque
2554 3456 2621 3510 ad
2651 3453 2948 3512 secundum
2991 3470 3005 3507 :
3037 3460 3160 3523 post
3188 3467 3347 3522 quem
3386 3457 3569 3507 extre-

1999 3569 2144 3608 mum
2168 3551 2426 3623 primum,
2463 3565 2558 3606 seu
2584 3560 2816 3603 veterem
2841 3554 2894 3602 et
2923 3560 3141 3600 novum.
3175 3545 3244 3598 At
3272 3544 3318 3600 si
3355 3542 3564 3600 mensis

2001 3661 2169 3702 cavus
2200 3645 2293 3707 sit,
2326 3658 2527 3697 nonum
2552 3640 2854 3696 desinentis
2882 3646 3006 3710 post
3032 3638 3353 3693 vicesimum
3389 3637 3565 3704 dices,

2000 3744 2055 3792 et
2073 3735 2235 3790 simili
2275 3732 2534 3801 deinceps
2566 3733 2795 3793 ratione,
2826 3735 2886 3782 ut
2914 3728 3077 3783 etiam
3108 3726 3298 3781 Pollux
3340 3740 3568 3781 enume-

2002 3836 2108 3893 rat,
2139 3826 2233 3882 sed
2264 3841 2372 3880 non
2400 3822 2726 3879 sufﬁcienter
2761 3818 3002 3889 quidem,
3030 3824 3091 3871 ut
3117 3817 3210 3887 qui
3239 3816 3410 3872 solius
3445 3814 3567 3870 cavi

2002 3918 2118 3974 dies
2150 3923 2452 3972 recenseat.
2485 3911 2710 3967 Plethon
2736 3924 2866 3963 vero
2893 3908 3213 3963 vicesimum
3249 3918 3451 3960 nonum
3472 3916 3570 3958 ve-

2001 4014 2172 4062 terem
2206 4005 2507 4076 appellans,
2538 4014 2591 4056 et
2622 3999 2956 4055 tricesimum
2987 4004 3223 4054 veterem
3260 4003 3317 4051 et
3340 4009 3566 4062 novum,

2005 4098 2141 4153 nihil
2171 4097 2354 4164 nobis,
2413 4102 2675 4167 quantum
2710 4095 2777 4150 ad
2812 4095 2953 4148 hanc
3003 4106 3141 4153 rem.
3169 4090 3451 4145 dissonum
3483 4086 3568 4142 af-

2003 4189 2124 4245 fert.
2153 4187 2304 4243 Diem
2343 4188 2509 4253 enim,
2550 4204 2710 4258 quem
2744 4184 3042 4243 secundum
3089 4182 3384 4254 praecipitis
3432 4179 3571 4236 dici-

2003 4295 2147 4347 mus,
2185 4279 2274 4335 ille
2331 4288 2565 4335 veterem
2621 4278 2873 4349 appellat,
2905 4285 2966 4330 ut
3019 4274 3158 4331 forte
3219 4286 3431 4328 sacrum
3461 4271 3568 4342 ipsi

2005 4368 2223 4425 Plutoni
2275 4368 2809 4426 exsistentem.Nam
2856 4383 2923 4422 ex
2972 4364 3284 4437 huiusmodi
3326 4362 3567 4434 appella-

2008 4465 2161 4520 tione
2180 4462 2364 4518 nescio
2394 4463 2525 4533 quid
2565 4477 2749 4534 grave,
2782 4460 3197 4532 superciliosum
3223 4463 3277 4511 et
3305 4454 3568 4526 tragicum

2006 4572 2118 4628 prae
2145 4570 2204 4611 se
2232 4554 2337 4610 fert
2370 4571 2383 4606 :
2410 4569 2531 4624 qua:
2559 4570 2649 4611 res
2678 4554 2920 4625 apprime
2944 4566 3081 4622 opus
3107 4559 3191 4605 est
3220 4548 3287 4602 iis
3334 4546 3426 4617 qui
3456 4554 3572 4600 tra-

2008 4650 2224 4704 ctandis
2266 4650 2438 4704 sacris
2469 4646 2844 4703 vehementius
2898 4650 3250 4712 occupantur.
3282 4637 3571 4692 Enimvero

2009 4738 2428 4807 periclitandum
2455 4746 2539 4793 est
2561 4737 2626 4791 ad
2646 4738 2827 4791 lunam
2857 4734 2974 4789 dies
3005 4744 3313 4787 numerare.
3344 4726 3572 4794 Quando

2010 4829 2170 4883 etiam
2211 4829 2263 4882 id
2316 4829 2419 4885 sibi
2451 4828 2567 4882 vult
2617 4843 2680 4882 ea
2726 4826 2993 4881 mensium
3051 4820 3389 4885 constitutio,
3447 4832 3573 4873 cum

2008 4920 2150 4989 pleni
2199 4920 2314 4983 alii,
2347 4921 2438 4974 alii
2470 4918 2591 4973 cavi
2619 4925 2929 4972 sumuntur.
2965 4912 3073 4969 Sed
3106 4927 3216 4968 non
3244 4910 3438 4967 sulllcit
3482 4916 3571 4963 ta-

2008 5022 2154 5061 men.
2183 5004 2461 5076 Siquidem
2500 5015 2554 5062 et
2573 5006 2675 5061 alia
2708 5005 2952 5075 quaedam
2994 5003 3188 5059 crebro
3217 4998 3573 5057 commentari

2009 5106 2243 5168 oportet,
2286 5099 2331 5153 si
2374 5098 2785 5152 consonantiam
2832 5096 3302 5166 aequalitatemque
3358 5104 3576 5146 servare

2008 5191 2241 5248 velimus
2270 5207 2284 5242 :
2317 5190 2368 5245 id
2390 5190 2531 5260 quod
2564 5199 2783 5261 propter
2804 5204 2912 5245 non
2939 5202 3157 5257 parvam
3212 5187 3353 5241 luna:
3382 5180 3574 5237 confu-

2012 5283 2222 5340 sionem
2252 5288 2337 5339 est
2369 5280 2604 5337 diﬂicile.
2646 5279 2765 5347 Quo
2795 5281 2875 5346 ﬁt,
2906 5287 2968 5336 ut
3007 5292 3183 5349 neque
3213 5274 3573 5330 Athenienses

2010 5371 2295 5431 videantur
2336 5381 2484 5429 recte
2514 5381 2677 5444 atque
2712 5373 2903 5445 ordine
2959 5368 3272 5443 procedere,
3315 5372 3376 5420 ut
3412 5379 3475 5419 ex
3506 5376 3573 5418 eo

343 5477 644 5548 coniectari
709 5484 812 5542 est,
851 5474 999 5547 quod
1058 5471 1300 5530 comicus
1359 5471 1547 5525 lunam
1616 5469 1743 5525 facit
1802 5470 1871 5525 iis
1917 5484 2259 5537 succensere,
2290 5467 2436 5540 quod
2477 5483 2584 5523 non
2620 5474 2770 5524 recte
2802 5467 2867 5522 ad
2897 5481 3054 5521 suum
3112 5463 3284 5535 ipsius
3325 5458 3573 5515 curricu-

343 5573 457 5631 lum
486 5581 732 5646 tempora
768 5571 1083 5643 dirigerent,
1102 5568 1199 5625 sed
1224 5567 1365 5623 infra
1395 5582 1559 5639 supra
1604 5564 2021 5632 confunderent;
2053 5565 2134 5621 sic
2189 5565 2335 5620 enim
2394 5564 2486 5621 ille
2538 5563 2799 5634 loquitur.
2857 5560 3253 5631 Experiendum
3275 5562 3459 5611 tamen
3490 5557 3574 5607 est

341 5670 636 5726 emendare
677 5684 775 5741 pro
846 5667 1014 5733 virili,
1067 5665 1269 5723 utendo
1333 5663 1552 5721 assidue
1605 5661 1954 5733 peritissimis
2021 5658 2327 5729 astrologiae
2398 5658 2827 5732 speculationum
2886 5661 3388 5729 praeceptorumque
3443 5659 3575 5701 con-

343 5775 372 5818 ι
396 5759 585 5812 liarifs.

3240 5774 3397 5887 ,ρ

3728 5492 3953 5623 Δμεθ’
