4044 6220
477 266 609 326 ιιιι

928 382 1006 438 De
1031 400 1202 439 mense
1241 385 1602 444 intercalario.

551 473 689 528 XIX.
724 476 792 529 Et
820 491 1007 531 mense
1028 478 1245 548 quidem
1277 481 1626 535 intercalario
1657 480 1851 540 Atticis
1890 486 2050 544 annis

476 565 642 621 etiam
672 583 810 639 opus
831 578 934 632 est,
977 571 1055 623 uti
1097 573 1250 639 prius
1293 573 1705 643 explicavimus,
1737 586 1795 632 ut
1839 595 2053 636 menses

480 667 830 728 perseverent
851 662 1188 731 temporibus
1211 665 1532 720 concordes.
1564 665 1913 724 lnserendum
1952 672 2055 726 ita-

479 766 586 833 que
617 750 1032 820 Scirophorioni
1073 757 1268 818 mensi,
1301 755 1394 824 qui
1425 759 1716 827 respondet
1749 759 1906 828 Maio,
1938 764 2053 820 dics

479 841 725 911 triginta.
757 841 1058 912 Testcsque
1113 844 1276 914 hujus
1340 847 1417 902 rei
1457 847 1764 905 Macrobius
1818 855 2054 922 scriptor

491 929 771 985 Romanus
795 939 849 985 et
880 930 1205 988 Herodotus.
1235 933 1370 989 Nam
1424 935 1513 990 ille
1545 937 1600 990 in
1655 938 2049 1008 Saturnalibus,

479 1021 611 1076 dum
657 1021 1010 1094 Glaucippum
1054 1024 1106 1078 in
1142 1030 1549 1086 commentariis
1575 1031 1642 1087 de
1687 1035 1859 1090 sacris
1887 1036 2054 1091 Athe-

479 1112 753 1168 niensium
802 1114 1209 1184 interpretatur,
1277 1116 1410 1172 dicit
1455 1098 1814 1178 Athenienses
1862 1125 2053 1180 ultimo

481 1209 658 1260 mensi
689 1205 814 1260 anni
849 1206 1153 1277 superﬂuos
1182 1207 1301 1265 dies
1331 1210 1585 1280 injicere;
1625 1216 1774 1286 atqui
1827 1217 2051 1275 ultimus

479 1305 565 1352 est
602 1296 1014 1368 Scirophorion.
1073 1298 1308 1356 Rursum
1356 1302 1655 1360 Herodotus
1687 1307 2051 1364 intercalatio-

479 1408 604 1446 nem
639 1408 761 1448 esse
811 1393 1020 1447 dierum
1074 1393 1344 1449 tricenum
1376 1397 1588 1453 abunde
1618 1401 1928 1456 manifestat
1966 1403 2051 1460 his

479 1484 696 1539 verbis:
720 1504 738 1537 ι
769 1483 924 1550 Quod
959 1486 1007 1541 si
1036 1488 1200 1552 volet,
1225 1488 1682 1560 inquit,,alterum
1712 1507 1912 1548 annum
1929 1509 2051 1549 esse

476 1593 640 1649 quam
669 1579 922 1644 alterum,
960 1594 1069 1634 uno
1096 1596 1280 1638 mense
1302 1583 1585 1652 majorem,
1617 1593 1675 1638 ut
1701 1593 1943 1656 tempora
1963 1602 2051 1642 eo-

478 1668 602 1723 dem
629 1678 934 1740 opportune
971 1680 1279 1738 recurrant,
1308 1689 1522 1731 menses
1557 1676 1772 1746 quidem
1814 1679 2040 1734 interca-

1523 268 1615 324 ΔΙ)
1655 268 1922 327 EUSEBH
1959 272 2349 331 CHHONICON
2376 274 2740 330 APPENDIX.

2080 401 2129 457 Δ

3588 274 3742 334 1212

2569 394 2709 462 Περὶ
2737 393 3058 462 ἐμϐολίμου
3085 395 3300 461 μηνός.

2224 486 2325 538 ιθν.
2362 487 2470 538 Καὶ
2505 486 2601 555 μὲν
2639 484 2704 556 δὴ
2737 484 2831 537 καὶ
2871 484 3038 554 μηνὸς
3083 484 3379 554 ἐμϐολίμου
3403 483 3587 554 δεήσει
3614 487 3728 544 τοῖς

2167 576 2428 638 Ἀττικοῖς
2471 575 2636 640 ἔτεσι,
2683 574 2934 645 καθάπερ
2977 573 3192 645 εἴρηται
3233 574 3519 644 πρότερον,
3566 575 3634 627 ἶν’
3673 561 3729 630 εἰ

2155 668 2319 738 μῆνες
2345 668 2728 738 συμϐαίνοντες
2747 667 3027 722 διατελῶσι
3052 670 3173 730 ταῖς
3198 667 3386 738 ῶραις.
3413 649 3732 738 Ἐπεμϐληέ

2151 759 2270 810 τέον
2291 758 2335 810 δ’
2357 758 2463 828 ἄρα
2489 759 2580 811 ἐπὶ
2600 758 2985 830 Σκιροφοριῶνι
3017 758 3147 829 μηνὶ
3170 759 3461 829 τριάκοντα
3483 759 3719 830 ἡμέρας.

2151 847 2440 918 Μάρτυρες
2482 848 2539 901 δὲ
2582 848 2784 902 τούτων
2817 849 3132 919 Μακρόϐιος
3174 849 3439 920 Ῥωμαῖος
3481 868 3729 922 συγγρα-

2152 941 2283 1009 φεὺς
2303 940 2394 993 καὶ
2411 941 2706 1011 Ἡρόδοτος·
2729 943 2758 994 ό
2786 941 2883 1011 μὲν
2904 940 3076 1008 λέγων
3103 943 3160 994 ἐν
3185 944 3295 1002 τοῖς
3320 942 3590 1008 Κρονίοις
3615 943 3724 994 τῶν

2153 1035 2616 1106 συγγραμμάτων,
2675 1033 3214 1104 μεθερμηνευόμενος
3264 1033 3612 1088 Γλαύκιππον
3661 1035 3721 1086 ἐν

2149 1127 2260 1188 τοῖς
2312 1125 2439 1196 περὶ
2484 1125 2590 1178 τῶν
2630 1124 2912 1197 Ἀθήνῃσιν
2951 1123 3110 1194 ἱερῶν
3152 1124 3246 1177 καὶ
3273 1123 3432 1176 ὁσίων
3469 1123 3721 1195 ὑπομνή-

2153 1231 2308 1283 μασι,
2345 1214 2509 1283 φάναι
2548 1213 2859 1284 Ἀθηναίους
2886 1213 2982 1277 τὰς
3007 1214 3262 1285 περιττὰς
3289 1214 3500 1285 ἡμέρας
3527 1215 3607 1284 τῷ
3629 1232 3722 1268 τε·

2150 1305 2380 1377 λευταίῳ
2412 1305 2771 1376 ἐπεμϐάλλειν
2820 1308 2950 1377 μηνὶ
2981 1306 3074 1359 τοῦ
3109 1307 3377 1360 ἐνιαυτοῖν
3413 1307 3723 1370 τελευταῖος

2149 1396 2205 1450 δέ
2234 1396 2600 1469 Σκιροφοριὼν
2627 1395 2712 1468 ἦν’
2735 1398 2836 1452 ἁδὲ
2863 1394 2928 1452 αὖ
2953 1400 3016 1452 ἐκ
3042 1398 3246 1452 τούτων
3268 1399 3544 1468 διασαφῶν
3568 1416 3725 1470 τρια-

2151 1488 2484 1560 κονθήμερον
2513 1490 2604 1543 τὸν
2632 1490 2924 1562 ἐμϐόλιμον
2953 1485 3111 1543 εἶναι·
3146 1510 3164 1542 ι
3201 1492 3263 1543 El
3292 1491 3347 1543 δέ
3380 1490 3441 1561 δὴ
3471 1490 3725 1561 ἐθελήσει

2149 1580 2244 1634 τοῦ
2279 1581 2324 1634 θ’
2353 1581 2535 1652 ἓτερον
2564 1581 2674 1634 τῶν
2707 1581 2870 1634 ἐτέων
2905 1581 3036 1652 μηνὶ
3074 1581 3412 1652 μακρότερον
3443 1580 3718 1649 γίνεσθαι,

2153 1671 2238 1725 ἵνα
2251 1671 2314 1743 δὴ
2337 1675 2390 1725 αἱ
2415 1667 2551 1744 ὧραι
2575 1672 2907 1743 συμϐαίνωσι
2936 1671 3364 1743 παραγινόμεναι
3384 1672 3463 1734 είς
3485 1671 3548 1723 τὸ
3572 1671 3717 1737 δέον,

479 1757 600 1811 larii
628 1759 846 1829 triginta
876 1759 1115 1830 quinque
1151 1761 1285 1816 ﬁunt
1315 1779 1411 1832 per
1447 1780 1620 1820 annos
1679 1769 2043 1838 septuaginta,

2151 1764 2316 1834 μῆνες
2350 1766 2446 1835 μὲν
2479 1765 2630 1836 παρὰ
2676 1764 2742 1818 τὰ
2779 1764 3146 1834 ἐϐδομήκοντα
3183 1763 3307 1816 ἔτεα
3340 1763 3390 1815 οὶ
3433 1763 3723 1835 ἐμϐόλιμοι

477 1849 595 1907 dies
623 1866 750 1906 vero
777 1867 846 1906 ex
882 1851 970 1907 bis
1006 1853 1285 1910 mensibus
1328 1855 1472 1912 mille
1503 1864 1557 1912 et
1583 1859 1994 1930 quinquaginta.
2022 1880 2041 1912 ι

550 2024 729 2092 Quoto
766 2036 944 2083 autem
963 2044 1182 2100 quoque
1203 2045 1347 2085 anno
1399 2032 1825 2088 intercalandum
1859 2035 1951 2102 sit,
2000 2035 2047 2091 si

479 2118 603 2188 quis
629 2117 900 2174 Herodoto
953 2120 1109 2175 [idem
1165 2106 1468 2176 habendam
1527 2130 1700 2193 putat,
1760 2140 1826 2179 ex
1877 2141 2049 2196 nuper

478 2213 750 2282 appositis
782 2212 926 2281 quod
950 2212 1142 2282 quaerit
1170 2228 1385 2268 sumere
1408 2221 1606 2284 potest.
1638 2216 1878 2271 Alternis
1903 2219 2047 2272 enim

479 2301 954 2357 intercalationem
1023 2302 1140 2357 ﬁeri
1178 2303 1438 2371 declarat,
1473 2304 1602 2359 dum
1659 2307 1790 2362 dicit
1820 2311 2046 2364 alterum

476 2409 544 2447 ex
584 2393 797 2448 duobus
843 2393 1002 2449 annis
1053 2395 1167 2449 ﬁeri
1219 2396 1391 2452 altero
1443 2397 1772 2469 longiorem,
1828 2410 1883 2458 et
1919 2403 2048 2459 dum

477 2485 721 2554 quinque
749 2493 802 2539 et
836 2485 1055 2556 triginta
1083 2503 1298 2543 menses
1319 2489 1696 2548 intercalarios
1712 2509 1807 2564 per
1835 2504 2051 2567 septua-

478 2575 627 2641 ginta
660 2589 832 2630 annos
857 2587 1161 2632 enumerat.
1188 2577 1246 2632 ld
1295 2581 1439 2650 quod
1468 2580 1656 2638 forsan
1684 2584 1862 2640 adhuc
1911 2587 2051 2643 indi-

479 2675 569 2734 get
599 2667 1056 2732 consideratione,
1086 2685 1322 2739 quonam
1367 2681 1525 2741 pacto
1553 2691 1648 2745 per
1682 2677 1922 2734 alternos
1949 2695 2050 2735 an-

478 2771 581 2812 nos
622 2755 959 2812 intercalatis
997 2757 1189 2814 diebus
1237 2760 1462 2830 triginta
1507 2763 1784 2835 contingat
1837 2782 2050 2823 menses

476 2847 893 2916 tempestatibus
920 2855 1249 2917 competere.
1282 2851 1511 2916 Quando
1538 2869 1668 2908 sane
1697 2863 1898 2911 temere
1957 2874 2052 2928 per

477 2936 633 3006 plura
657 2936 767 3002 ﬁat,
798 2938 944 3007 quod
974 2938 1090 2993 fieri
1117 2940 1293 3008 possit
1323 2957 1419 3011 per
1441 2943 1726 3012 pauciora;
1778 2949 1923 3018 atqui
1955 2964 2052 3018 per

476 3030 734 3100 pauciora
765 3030 878 3094 ﬁat,
903 3030 952 3085 si
977 3040 1172 3100 quarto
1203 3047 1418 3103 quoque
1447 3049 1591 3090 anno
1647 3036 1846 3093 factum
1899 3055 2051 3111 aeque

479 3129 638 3177 recte
654 3122 872 3177 habeat.
901 3119 1147 3192 Sumptis
1177 3123 1396 3193 quidem
1427 3128 1728 3193 mensibus,
1777 3137 1834 3184 ut
1865 3133 2052 3186 retuli-

477 3226 622 3276 mus,
647 3218 701 3266 et
743 3211 1080 3268 intercalatis
1117 3215 1310 3272 diebus
1371 3218 1592 3286 triginta
1652 3229 1776 3290 post
1830 3223 2046 3278 tertium

477 3321 751 3377 quemque
771 3319 994 3372 annum,
1014 3307 1116 3360 hoc
1132 3315 1216 3362 est
1241 3307 1526 3363 intervallo
1536 3309 1765 3365 duorum
1783 3328 2050 3370 annorum

479 3397 946 3454 intercalalionem
975 3399 1110 3464 ﬁeri,
1133 3401 1239 3456 nisi
1262 3402 1309 3456 si
1325 3403 1392 3456 ab
1420 3402 1524 3458 hoc
1570 3404 1879 3461 inchoativa
1910 3423 2046 3476 quo-

479 3488 626 3558 piam
652 3488 740 3543 die
769 3488 1045 3544 solstitiali
1075 3504 1253 3545 annus
1282 3491 1525 3560 incipiat.
1561 3490 1699 3546 Sunt
1753 3502 1932 3548 autem
1965 3495 2050 3548 in-

479 3579 721 3634 choativi
751 3581 1091 3646 solstitiales,
1119 3582 1346 3652 primus,
1381 3583 1674 3647 secundus,
1703 3586 1915 3649 tertius,
1937 3588 2053 3642 uni-

480 3685 654 3725 versa:
681 3670 1040 3740 perfectaeque
1068 3673 1297 3741 periodi.
1358 3672 1572 3730 Primus
1609 3675 1829 3745 quidem
1890 3677 2050 3747 primi

482 3777 747 3817 annorum
783 3763 1090 3831 undenarii,
1122 3774 1176 3820 et
1207 3766 1537 3836 imperfecta:
1573 3768 1816 3838 periodi;
1858 3785 2053 3824 secun-

481 3852 584 3907 dus
608 3868 738 3908 vero
761 3853 984 3908 secundi
1007 3855 1315 3920 undenarii,
1337 3866 1391 3910 et
1432 3855 1756 3926 imperfecta:
1805 3857 2050 3928 periodi;

482 3945 676 4000 tertius
716 3955 894 4002 autem
953 3949 1227 4019 sequentis
1276 3950 1541 4003 octonarii
1601 3950 1809 4019 justum
1863 3967 2053 4006 nume-

481 4052 604 4092 rum
651 4038 918 4094 universae
965 4039 1322 4109 perfectaeque
1377 4040 1538 4110 168
1567 4040 1773 4109 periodi
1824 4041 2054 4111 impleu-

483 4137 573 4190 tis.
604 4135 740 4189 Nam
767 4135 869 4190 hoc
891 4151 1062 4206 genus
1106 4136 1391 4200 curriculi,
1427 4145 1486 4190 ut
1520 4136 1680 4206 plena
1721 4136 1776 4190 in
1827 4137 1912 4193 his
1959 4138 2054 4194 ﬁat

482 4244 749 4284 annorum
789 4231 1075 4292 revolutio,
1103 4232 1406 4285 ternarium
1451 4231 1605 4286 illum
1639 4245 1903 4285 annorum
1931 4247 2054 4301 gra-

482 4321 613 4376 dum
641 4323 866 4393 expetit.
905 4321 1076 4376 Porro
1127 4320 1327 4375 accidit
1359 4321 1494 4376 nihil
1525 4321 1718 4376 ultimo
1769 4337 1912 4376 anno
1960 4340 2054 4378 su-

2146 1856 2382 1925 γίνονται
2419 1859 2707 1928 τριάκοντα
2748 1855 2931 1916 πέντε,
2967 1855 3170 1926 ἡμέραι
3205 1854 3262 1908 δὲ
3297 1856 3361 1908 ἐκ
3392 1855 3499 1908 τῶν
3533 1857 3724 1926 μηνῶν

2145 1947 2348 2001 τούτων
2381 1947 2546 2018 χίλιαι
2572 1949 2664 2001 καὶ
2695 1948 3049 2016 πεντήκοντα.
3087 1964 3104 1997 ι

2216 2040 2294 2091 Δι’
2320 2039 2515 2092 ὁπόσου
2548 2038 2605 2091 δὲ
2634 2037 2822 2109 χρόνου
2849 2035 3306 2106 ἐπεμϐλητέον,εί
3332 2053 3417 2098 τις
3448 2034 3723 2109 Ἡροδότῳ

2148 2129 2426 2182 πείθεσθαι
2455 2129 2613 2196 ἀξιοῖ,
2647 2128 2870 2182 αὐτόθεν
2892 2129 2954 2180 ἐκ
2976 2127 3082 2179 τῶν
3111 2125 3204 2180 νῦν
3224 2126 3287 2197 δὴ
3306 2126 3722 2198 παρατεθέντων

2148 2220 2259 2291 ἑχει
2281 2220 2462 2273 λαϐεῖν
2487 2221 2547 2274 τὸ
2574 2219 2920 2290 ζητούμενον.
2959 2218 3215 2283 Ἐναλλὰξ
3235 2219 3341 2291 γάρ
3362 2237 3445 2273 τοι
3473 2221 3720 2293 παρ’·ἐνα

2148 2313 2391 2382 γίνεσθαι
2409 2315 2497 2366 τὸν
2518 2312 2846 2383 ἐμϐολισμὸν
2867 2311 3018 2381 δηλοῖ
3037 2312 3131 2365 τοῦ
3152 2311 3197 2364 θ’
3219 2311 3304 2365 ἐτε
3313 2331 3404 2384 ρον
3427 2313 3537 2367 τῶν
3554 2314 3720 2367 ἐτέων

2148 2403 2339 2471 λέγων,
2353 2403 2446 2456 καὶ
2457 2402 2908 2474 τριακονταπέντε
2926 2402 3100 2473 μῆνας
3115 2404 3139 2453 ἐ
3146 2401 3301 2472 μϐολί
3308 2420 3446 2472 μους,
3456 2402 3564 2454 τῶν
3581 2403 3722 2456 ἐϐδο-

2152 2495 2392 2566 μήκοντα
2415 2494 2550 2547 ἑτῶν
2573 2493 2840 2566 ἀριθμῶν.
2859 2495 2929 2546 Ἢ
2943 2493 3100 2546 τοῦτο
3129 2494 3226 2563 μὲν
3250 2494 3378 2556 ἴσως
3405 2493 3575 2546 δεῖται
3598 2495 3718 2546 σκέ-

2148 2586 2312 2657 ψεως,
2338 2586 2454 2650 πῶς
2476 2587 2561 2650 ἂν,
2581 2586 2791 2658 θατέρῳ
2807 2586 2892 2638 ἀεὶ
2909 2586 3014 2639 τῶν
3043 2586 3178 2640 ἐτῶν
3203 2587 3300 2638 ἐπε
3308 2585 3715 2656 μϐαλ).ομένων.

2149 2679 2440 2749 τριάκοντα
2469 2678 2708 2750 ἡμερῶν,
2743 2677 3028 2747 συμϐαίνοι
3057 2679 3184 2741 τοὺς
3225 2677 3400 2748 μῆνας
3436 2678 3719 2748 ὁμολογεῖν

2148 2772 2268 2832 ταῖς
2289 2768 2459 2839 ὥραις
2483 2767 2586 2822 ἀεί’
2610 2766 2732 2820 ἐπεὶ
2756 2765 2811 2818 δέ
2840 2767 3014 2839 μάτην
3034 2767 3099 2819 ἂν
3120 2767 3321 2836 γίνοιτο
3347 2766 3434 2819 διὰ
3459 2767 3718 2820 πλειόνων

2149 2862 2209 2914 τὸ
2227 2860 2292 2914 δι’
2320 2860 2622 2914 ἐλασσόνων
2649 2859 2944 2930 δυνάμενον
2965 2859 3229 2928 γίνεσθαιο
3253 2859 3459 2926 γίνοιτο
3486 2859 3531 2912 δ’
3560 2859 3626 2912 ἂν
3654 2860 3721 2912 δι’

2151 2952 2470 3014 ἐλασσόνων,
2503 2952 2550 3003 εί
2582 2950 2671 3004 διὰ
2702 2950 2961 3020 τετάρτου
2999 2949 3170 3020 ταύτῃ
3213 2949 3498 3020 γινόμενον
3545 2946 3605 3003 εὖ
3658 2951 3723 3004 ἂν

2077 3081 2124 3146 C
2153 3043 2282 3115 ἔχοι·
2328 3042 2636 3113 ληφθέντων
2689 3043 2787 3112 μὲν
2836 3041 2942 3095 τῶν
2999 3042 3183 3113 μηνῶν
3230 3042 3352 3095 καθ’
3396 3042 3432 3096 ἃ,
3483 3044 3720 3114 εἴρηται,

2154 3134 2640 3206 ἐπεμϐαλλομένων
2665 3135 2722 3188 δέ
2747 3134 3035 3205 τριάκοντα
3062 3135 3280 3206 ἡμερῶν
3313 3135 3391 3206 τῷ
3412 3135 3581 3205 τρίτῳ
3615 3135 3722 3188 ἔτει

2150 3229 2257 3291 ἀεὶ,
2279 3227 2435 3280 τοῦτο
2454 3227 2500 3280 δ’
2530 3227 2645 3279 ἐστὶ
2675 3225 2824 3296 παρὰ
2854 3225 2946 3278 δύο
2974 3217 3218 3293 γίνέσθαι
3249 3227 3337 3278 τὸν
3365 3224 3718 3294 ἐμϐολισμόν·

2151 3317 2287 3388 πλὴν
2311 3319 2358 3369 εί
2385 3315 2493 3388 ἄρα
2516 3315 2622 3369 ἀπό
2649 3332 2793 3377 τινος
2815 3314 2922 3367 τῶν
2951 3315 3192 3385 ἁρχικῶν
3211 3313 3484 3386 τροπικῶν
3501 3314 3724 3385 ἡμερῶν

2150 3411 2371 3483 ἄρχεται
2403 3410 2432 3462 ὁ
2465 3409 2728 3472 ἐνιαυτός.
2779 3400 2950 3462 Αὗται
2998 3408 3042 3461 δ’
3079 3409 3184 3461 εἰσὶ
3224 3406 3437 3480 πρώτη,
3472 3407 3722 3478 δευτέρα,

2150 3505 2328 3574 τρίτη,
2359 3501 2459 3572 τῆς
2481 3501 2608 3573 ὅλης
2633 3501 2725 3555 καὶ
2754 3499 3073 3563 αὐτοτελοῦς
3102 3500 3372 3570 περιόδου’
3400 3499 3596 3570 πρώτη
3629 3500 3725 3568 μὲν

2149 3591 2248 3662 τῆς
2281 3588 2502 3661 πρώτης
2529 3588 2809 3652 ἑνδεκάδος
2829 3589 2924 3643 καὶ
2947 3588 3171 3652 ἀτελοῦς
3194 3589 3462 3660 περιόδοψ
3495 3589 3722 3660 δευτέρα

2150 3682 2206 3735 δὲ
2225 3682 2321 3750 τῆς
2340 3680 2596 3753 δευτέρας
2616 3679 2894 3744 ἑνδεκάδος
2917 3680 3011 3733 καὶ
3029 3679 3251 3744 ἀτελοῦς
3272 3680 3546 3750 περιόδου·
3566 3679 3721 3750 τρίτη

2151 3772 2207 3825 δέ
2226 3772 2322 3841 τῆς
2343 3769 2469 3840 ἑξῆς
2490 3771 2712 3834 όκτάδος
2739 3768 3161 3842 συμπληρούσης
3183 3770 3280 3842 τὴν
3295 3770 3422 3839 ὅλην
3437 3787 3496 3822 τε
3517 3771 3610 3824 καὶ
3626 3770 3724 3821 αύ-

2151 3863 2340 3933 τοτελῆ
2371 3862 2632 3933 περίοδον.
2661 3861 2914 3916 Βούλεται
2934 3863 3029 3934 μὲν
3045 3862 3154 3934 γὰρ
3177 3864 3210 3933 ἡ
3232 3861 3418 3931 ἔφοδος
3442 3863 3584 3914 κάπὶ
3608 3859 3724 3914 τού-

2151 3974 2258 4008 των
2289 3956 2389 4027 τὴν
2425 3955 2634 4025 τριάδα·
2679 3955 2962 4026 συμϐαίνει
2995 3956 3052 4009 δὲ
3085 3953 3421 4028 περιττεύειν
3452 3954 3627 4024 μηθὲν
3651 3953 3726 4024 τῷ

2151 4048 2442 4118 τελευταίῳ
2463 4047 2592 4101 ἐτει³
2622 4047 2734 4103 ἀλλ’
2761 4049 2880 4119 ἦτοι
2909 4048 3192 4113 ἐλλείπειν,
3221 4047 3296 4110 ὡς
3324 4047 3415 4098 ἐπὶ
3443 4047 3544 4116 τῆς
3572 4044 3720 4116 πρώ-

2151 4159 2251 4212 της
2281 4140 2558 4203 ἑνδεκάδος
2597 4140 2691 4194 καὶ
2724 4141 2822 4210 τῆς
2861 4140 3136 4213 δευτέρας,
3172 4141 3204 4212 ἢ
3253 4139 3474 4203 ἰσάζειν,
3520 4139 3594 4200 ὡς
3627 4139 3718 4191 ἐπὶ

2153 4235 2250 4303 τῆς
2289 4233 2416 4304 ἐξῆς
2456 4250 2520 4301 γε
2552 4232 2797 4296 όκτάδος.
2842 4233 2917 4285 Δι’
2958 4233 3094 4304 ὅπερ
3123 4232 3338 4301 ἀνάγκη
3379 4231 3453 4300 τῷ
3488 4227 3625 4298 μετὰ
3656 4227 3718 4280 τὸ

2155 4326 2380 4398 ἀρχικὸν
2408 4324 2568 4388 εὐθὺς
2595 4325 2703 4388 ἔτει
2734 4325 2958 4392 ἐπάγειν
2988 4326 3085 4388 τὰς
3110 4323 3389 4395 περιττάς.
3421 4323 3503 4373 Δεῖ
3535 4318 3721 4389 μέντοι

483 4415 780 4484 perﬂuere;
811 4415 904 4472 sed
940 4415 1022 4471 vel
1053 4414 1309 4479 deﬁcere,
1343 4422 1403 4468 ut
1433 4415 1485 4468 in
1510 4414 1688 4484 primo
1717 4422 1770 4468 et
1813 4415 2050 4470 secundo

2157 4415 2249 4469 καί
2274 4431 2418 4476 τινος
2454 4415 2645 4486 ἑτέρας
2680 4415 2996 4488 προσθήκης
3027 4415 3114 4468 διὰ
3142 4413 3209 4466 τὰ
3243 4413 3593 4483 ἐπιτρέχοντα
3619 4410 3725 4479 μό-

484 4507 821 4575 undenario;
877 4509 959 4564 vel
1007 4523 1247 4578 aequare,
1308 4515 1367 4560 ut
1416 4506 1473 4560 in
1521 4513 1782 4575 sequente
1826 4506 2046 4575 quidem

483 4599 786 4656 octonario.
833 4599 1175 4670 Quapropter
1227 4612 1450 4654 necesse
1493 4606 1575 4652 est
1643 4595 1902 4649 continuo
1966 4597 2042 4650 illi

2159 4524 2269 4578 ρια,
2299 4507 2432 4575 εἴγε
2460 4507 2672 4578 ἡμέρας
2703 4506 2937 4560 ἐλλείπει
2971 4509 3101 4577 μιᾶς
3129 4523 3230 4558 που
3258 4504 3345 4558 διὰ
3373 4501 3728 4576 τετραετηρί-

2151 4598 2259 4662 δος.
2306 4597 2744 4670 Ἀναπληρωτέον
2777 4598 2831 4651 δέ
2859 4597 3001 4652 κατὰ
3030 4597 3193 4668 μέρος
3215 4588 3337 4648 ὧδε.

483 4708 647 4760 anno,
672 4696 762 4764 qui
808 4695 1069 4752 initialem
1103 4695 1327 4764 excipit,
1360 4693 1477 4749 dies
1539 4693 1881 4747 abundantes
1911 4693 2166 4762 adjicere.
2195 4694 2378 4748 Altera
2454 4701 2634 4748 tamen
2689 4693 2966 4748 additione
3028 4693 3190 4748 etiam
3253 4709 3392 4764 Opus
3435 4699 3542 4753 est,
3598 4701 3728 4758 pro-

481 4799 603 4859 pter
622 4796 1001 4844 excurrentem
1062 4788 1384 4858 particulam
1433 4803 1447 4838 :
1489 4786 1761 4856 siquidem
1803 4793 2002 4856 quarto
2047 4803 2267 4858 quoque
2305 4802 2448 4842 anno
2474 4788 2592 4843 dies
2632 4801 2775 4842 unus
2827 4786 3001 4842 deest.
3057 4785 3352 4859 Repleatur
3397 4787 3587 4854 itaque
3635 4797 3733 4852 per

480 4882 630 4936 vices
669 4881 773 4936 hoc
800 4880 984 4936 modo.

553 4974 662 5029 Fac
711 4989 834 5029 esse
898 4973 1366 5030 Hecatombaeonis
1422 4970 1707 5028 ncomenia
1747 4969 2052 5040 solstitium

481 5067 660 5138 primo
690 5081 835 5120 anno
860 5084 872 5120 :
902 5073 1163 5136 sequente
1201 5063 1448 5135 profecto
1476 5064 1582 5118 erit
1607 5061 1930 5118 duodecimo
1964 5061 2051 5116 die

484 5159 986 5224 llecatombzeonis;
1008 5159 1168 5228 eique
1197 5157 1382 5212 addito
1437 5155 1808 5220 intercalario,
1837 5154 2051 5224 ipsique

486 5251 920 5321 supplementum
977 5251 1284 5305 confectum
1328 5257 1433 5312 est,
1483 5254 1537 5303 et
1592 5245 1837 5317 sequenti
1884 5258 2047 5306 anno,

484 5351 616 5415 puta
649 5341 830 5406 tertio,
856 5341 1150 5397 solstitium
1173 5340 1390 5396 exsistit
1412 5339 1672 5394 vicesimo
1701 5337 1943 5394 secundo
1960 5335 2050 5390 die

486 5433 692 5489 mensis
757 5432 1113 5496 intercalarii,
1160 5441 1214 5488 et
1258 5429 1517 5502 superﬂui
1566 5437 1694 5485 sunt
1723 5429 1842 5484 dies
1885 5436 2045 5493 octo;

487 5527 634 5597 atqui
656 5526 904 5581 undecim
935 5525 1241 5596 oportebat.
1266 5525 1450 5593 Itaque
1475 5524 1528 5578 in
1551 5533 1804 5594 quartum
1838 5522 2049 5575 instan-

485 5619 560 5674 tis
613 5615 1078 5673 Hecatombaaonis
1135 5616 1428 5671 solstitium
1461 5626 1657 5685 quarto
1706 5629 1850 5668 anno
1878 5614 2052 5678 redit;

485 5709 682 5768 deinde
702 5711 758 5766 in
791 5709 1062 5766 decimum
1095 5709 1346 5779 quintum
1403 5724 1547 5763 anno
1595 5705 1969 5777 consequenti,
2001 5705 2054 5759 in

2235 4963 2572 5018 Ὑποκείσθω
2612 4961 3080 5033 Ἑκατομϐαιῶνος
3104 4961 3369 5032 νουμηνία
3392 4961 3492 5032 τὴν
3521 4964 3731 5035 τροπὴν

2151 5053 2289 5110 εῖναι
2313 5055 2391 5126 τῷ
2423 5055 2631 5134 πρώτῳ,
2647 5055 2774 5108 ἔτει·
2805 5053 2998 5108 ούκοῦν
3023 5052 3100 5125 τῷ
3121 5053 3358 5126 δευτέρῳ
3380 5054 3611 5126 δευτέρα
3636 5058 3729 5109 ἐπὶ

2153 5149 2302 5202 δέκα.
2337 5147 2522 5218 Τούτῳ
2551 5147 2593 5199 δ’
2622 5146 2950 5215 ἐπαχθέντος
2993 5146 3086 5199 τοῦ
3127 5145 3456 5217 ἐμϐολίμου,
3503 5148 3639 5200 αὑτό
3671 5165 3726 5200 τε

2157 5241 2634 5313 συμπεπλήρωται,
2682 5241 2774 5292 καὶ
2816 5241 2852 5312 ἡ
2893 5240 3065 5312 τροπὴ
3094 5239 3252 5310 ὀγδόῃ
3291 5238 3386 5292 τοῦ
3428 5239 3728 5310 ἐμϐολίμου

2151 5335 2428 5404 φθίνοντος
2462 5334 2694 5405 ὑπάρχει
2735 5331 2812 5402 τῷ
2856 5333 3081 5396 ἐπιόντι,
3131 5333 3225 5386 καὶ
3264 5334 3517 5402 περιτταὶ
3561 5331 3723 5384 ὀκτώ·

2150 5425 2233 5478 δεῖ
2261 5424 2318 5477 δέ
2363 5425 2572 5477 ἕνδεκα.
2618 5423 2823 5476 Οὐκοῦν
2860 5424 2939 5487 εἰς
2984 5424 3248 5493 τετάρτην
3294 5424 3585 5492 ἱσταμένου
3630 5421 3725 5474 τοῦ

2163 5517 2634 5588 Ἑκατομϐαιῶνος
2668 5517 2930 5586 ἐπανήκει
2956 5515 3033 5586 τῷ
3059 5515 3185 5584 ἑξῆς
3211 5516 3243 5584 ἡ
3275 5515 3471 5585 τροπίγ
3501 5509 3619 5566 εἶτα
3648 5515 3725 5574 είς

2157 5612 2412 5682 πέμπτην
2444 5610 2536 5662 ἐπὶ
2567 5609 2696 5661 δέκα
2726 5608 2803 5678 τῷ
2833 5606 3072 5678 ἐχομένῳ
3102 5608 3333 5677 πρόεισι.
3371 5605 3540 5658 Τοῦτο
3577 5605 3622 5657 δ’
3657 5599 3721 5657 αὗ

2156 5699 2450 5772 ἐμϐολάςον
2499 5701 2578 5762 εἰς
2631 5698 2885 5768 πέμπτην
2939 5695 3032 5750 τοῦ
3089 5695 3381 5766 ἐμϐολίμου
3448 5693 3720 5764 φθίνοντος
