4044 6220
363 312 500 370 1213

1335 303 1686 362 THEODORI
1723 304 1928 360 GAUE
1967 304 2169 360 LIBER
2210 305 2300 360 DE
2338 306 2703 366 MENSIBUS.

3459 314 3596 369 HM

356 429 647 499 καθίστησι
691 427 791 498 τὴν
835 426 1040 498 τροπὴν
1094 425 1171 496 τῷ
1220 427 1461 488 ἐπιόντι,
1518 425 1610 478 καὶ
1665 421 1905 494 περιττὰς

2021 439 2131 494 quo
2157 425 2567 482 intercalatione
2595 427 2738 482 facta
2759 427 2954 498 quinto
2975 435 3031 483 et
3060 427 3320 484 vicesimo
3341 428 3427 484 die
3441 444 3593 484 men-

355 523 536 577 πέντε.
572 522 732 574 Ὥστε
783 520 842 572 τὺ
891 517 1086 589 ἐφεξῆς
1137 519 1208 589 δὴ
1245 518 1449 590 ἐϐδόμῃ
1502 515 1786 588 ἱσταμένου
1831 514 1924 568 τοῦ

364 613 832 684 Ἑκατομϐαιῶνος
878 611 1193 684 τροπιάσει,
1231 613 1326 664 καὶ
1363 610 1524 684 ὀγδόῃ
1565 611 1658 662 ἐπὶ
1694 608 1824 661 δέκα
1866 608 1926 661 τὸ

354 709 470 778 μετ’
507 707 660 759 αύτό.
701 703 901 760 Τούτου
935 704 990 756 δὲ
1027 703 1188 757 πάλιν
1233 701 1644 773 ὲμϐολάζοντος,
1685 703 1717 770 ή
1750 698 1924 773 τροπὴ

347 798 575 868 δευτέρᾳ.
609 795 700 849 τοῦ
749 795 1044 867 ἐμϐολίμου
1087 795 1363 865 φθίνοντος
1401 794 1550 846 ἔσται
1587 793 1664 864 τῷ
1695 793 1921 857 ἐπιόντι,

349 891 445 944 καὶ
498 888 748 960 περιτταὶ
800 887 910 940 δύο.
968 886 1057 958 Τῷ
1103 889 1209 958 ἄρα
1257 886 1382 954 ἑξῆς
1425 888 1504 950 είς
1548 886 1780 956 δεκάτην
1827 885 1921 938 τοῦ

357 978 828 1052 Ἑκατομϐαιῶνος
867 978 1212 1049 περιΐσταται
1244 979 1278 1048 ή
1320 976 1517 1048 τροπὴ,
1562 978 1658 1030 καὶ
1708 975 1786 1047 τῷ
1829 978 1922 1030 ἐπὶ

345 1072 518 1144 τούτῳ
553 1075 631 1134 είς
661 1072 890 1142 δεκάτην
923 1070 987 1140 δὴ
1022 1069 1319 1139 φθίνοντος.
1361 1069 1521 1121 Τουτὶ
1548 1069 1592 1122 δ’
1623 1069 1922 1138 ὲμϐολάζον

345 1165 648 1218 τελευταῖον
679 1164 779 1233 τῆς
809 1161 1030 1233 πρώτης
1061 1162 1356 1226 ἑνδεκάδος,
1385 1163 1464 1224 είς
1486 1160 1744 1231 δευτέραν
1773 1163 1921 1214 ἱστα-

347 1255 509 1326 μένου
532 1253 624 1308 τοῦ
658 1252 1126 1324 Ἑκατομϐαιῶνος
1149 1249 1545 1321 ἀποκαθίστησι
1570 1249 1668 1320 τὴν
1689 1249 1918 1320 τροπὴν,

345 1347 601 1418 περιττὴν
633 1345 732 1416 μὲν
772 1343 1038 1416 μηδεμίαν
1067 1341 1376 1404 ύπολεῖπον,
1416 1341 1541 1410 μιᾶς
1591 1339 1636 1392 δ’
1669 1339 1749 1392 ἔτι
1779 1338 1916 1394 δέον.

341 1438 489 1510 Αὕτη
526 1438 624 1509 μὲν
653 1433 745 1491 οὖν
779 1435 970 1508 πρώτη
1004 1433 1248 1498 ἑνδεκὰς,
1275 1433 1367 1486 καὶ
1399 1431 1643 1503 περίοδος
1674 1432 1733 1483 ’έν
1763 1429 1918 1501 μέρει

340 1531 435 1584 καὶ
462 1529 687 1600 ἀτελὴς,
723 1526 996 1598 ἀρχομένη
1030 1526 1128 1597 μὲν
1156 1524 1264 1579 ἀπὸ
1297 1523 1592 1593 νουμηνίας
1623 1520 1716 1573 τοῦ
1762 1521 1918 1573 Ἐκα-

339 1620 696 1692 τομϐαιῶνος,
743 1617 1046 1672 τελευτῶσα
1083 1617 1139 1670 δὲ
1178 1618 1258 1680 είς
1302 1615 1558 1686 δευτέραν
1606 1612 1913 1684 ἱσταμένου,

336 1713 403 1766 δι’
437 1712 666 1775 ὲπτάδος
698 1709 978 1779 ίθαγενοῦς
1019 1708 1219 1780 δηλαδὴ
1261 1706 1631 1778 βοηθουμένης
1661 1704 1915 1776 τετράδος

337 1803 708 1876 ὲμϐολιμαίων
736 1803 888 1856 ὲτῶν·
920 1779 1146 1874 δευτέρα
1176 1800 1231 1852 δὲ
1257 1799 1417 1870 ὁμοία
1447 1800 1527 1862 είς
1550 1799 1738 1870 τρίτην
1763 1798 1914 1850 ἱστα-
1945 1779 1986 1834 Β

339 1897 501 1968 μένου
550 1893 949 1962 ἀποκαθίστησι
993 1893 1091 1964 τὴν
1133 1894 1364 1964 τροπήνο
1405 1889 1595 1960 τρίτην
1631 1889 1674 1942 δ’
1717 1890 1914 1959 ἔχουσα

335 1989 488 2055 τάξιν
531 1987 717 2050 ὀκτὰς,
763 1985 965 2056 ὁμοίως
1010 1983 1391 2054 ὲφοδευομένη,
1442 1981 1640 2054 πληροί
1679 1982 1778 2051 τὴν
1816 1980 1914 2051 τῆς

332 2082 460 2152 ὅλης
507 2079 600 2134 καὶ
651 2077 971 2141 αὐτοτελοῦς
1025 2076 1273 2148 περιόδου
1316 2073 1782 2137 ἀποκατάστασιν,
1832 2074 1913 2136 είς

333 2173 630 2245 νουμηνίαν
679 2169 1090 2225 ἀποκαθιστᾶσα
1129 2167 1223 2222 τοῦ
1265 2166 1756 2237 Ἑκατομϐαιῶνος.
1802 2165 1910 2217 Καὶ

331 2268 420 2321 ἀεὶ
459 2266 632 2329 οὔτως
680 2265 1096 2336 περιϊστάμεναι
1143 2264 1198 2315 αἱ
1237 2261 1454 2332 τροπαὶ,
1494 2257 1766 2328 ὁμολόγως
1800 2259 1910 2322 τοῖς

336 2361 502 2432 μησὶν
529 2359 733 2426 ἕξουσι,
776 2355 1211 2430 προστιθεμένων
1249 2353 1344 2408 καὶ
1375 2353 1479 2406 τῶν
1516 2351 1910 2422 ὲπιτρεχόντων

277 2439 282 2444 ’
335 2453 558 2524 μορίων,
590 2453 738 2514 ὅπως
771 2449 835 2503 ἂν
869 2449 1088 2519 ἄμεινον
1121 2447 1249 2518 δοκῇ
1278 2444 1643 2518 προστιθέναι.
1675 2443 1908 2512 Θεωρεί-

332 2545 445 2597 σθω
472 2544 528 2596 δὲ
551 2543 721 2597 ταῦτα
742 2542 878 2595 κάπὶ
907 2542 1005 2611 τῆς
1034 2539 1344 2610 ὲκτεθείσης
1368 2537 1694 2609 δια-γραφῆς.
1724 2536 1908 2590 Ταῦτα

334 2636 434 2706 μὲν
463 2638 528 2688 ὲκ
562 2633 764 2688 τούτων
813 2631 1142 2704 θεωρείσθω,
1187 2631 1293 2701 ὅτῳ
1343 2630 1618 2701 ἐπιμελέςο
1664 2630 1712 2681 εί
1744 2628 1800 2681 δέ
1829 2645 1906 2698 τῳ

331 2729 483 2796 φίλον
523 2728 613 2779 καὶ
654 2726 793 2780 κατὰ
831 2725 1095 2795 Πλήθωνα
1138 2723 1364 2794 διαιρεῖν
1404 2739 1461 2775 τε
1505 2722 1598 2775 καὶ
1628 2720 1902 2791 ἀριθμεῖν,

328 2819 440 2872 οὐδ’
465 2817 613 2888 αύτῷ
631 2835 684 2870 τι
712 2815 909 2870 κωλύει
939 2814 1168 2886 χρῆσθαι
1189 2817 1254 2885 τῇ
1277 2811 1424 2878 τάξει
1448 2830 1506 2866 τε
1530 2813 1622 2865 καὶ
1641 2811 1904 2884 ὀνομασίᾳ

327 2911 438 2964 τῶν
471 2909 653 2981 μηνῶν
689 2911 754 2981 τῇ
792 2907 1133 2977 ἀποδοθείσῃ.
1168 2906 1284 2959 Κᾶν
1315 2905 1540 2976 Πλήθων
1568 2904 1710 2958 οὕτω
1737 2905 1904 2958 διονο-

330 3003 516 3075 μάζων
545 3003 674 3074 περὶ
701 3001 883 3073 μηνῶν
903 3000 1162 3072 ἔγραφεν,
1187 3001 1233 3052 εἰ
1259 3001 1386 3071 παρ’
1413 2998 1572 3050 ἄλλου
1601 2998 1782 3050 λαϐεῖν
1803 2997 1902 3069 τὴν

327 3099 465 3169 πρὸς
493 3095 754 3166 ἀλλήλους
791 3092 1039 3158 σύνταξιν
1070 3093 1178 3147 τῶν
1211 3092 1393 3164 μηνῶν
1427 3092 1567 3163 εἶχεν
1596 3092 1788 3162 ὀρθῶς·
1814 3092 1902 3144 ούο

327 3186 420 3241 θὲν
447 3187 554 3241 γὰρ
578 3186 726 3241 αὑτῶ
755 3184 875 3239 οὔτε
904 3186 1002 3241 τὰς
1035 3185 1369 3241 ἱερομηνίας,
1393 3182 1515 3236 οὔτε
1541 3183 1647 3236 τῶν
1680 3183 1902 3241 ἡμερῶν

2007 3092 2194 3152 buere,
2225 3096 2280 3144 et
2310 3103 2620 3153 numerare,
2652 3092 2790 3144 nihil
2848 3092 2999 3143 illum
3054 3092 3331 3159 impediat,
3363 3092 3540 3159 quomi

2007 3201 2110 3241 nus
2129 3192 2183 3240 et
2216 3183 2410 3239 ordine
2437 3190 2646 3241 utatur.
2676 3191 2732 3238 et
2757 3183 3038 3238 nominum
3067 3183 3279 3237 ratione
3321 3191 3448 3237 ante
3476 3198 3540 3237 ex

2629 3222 2646 3248 9
2676 3212 2732 3238 cs
2758 3212 3038 3238 ΙΙυΙΙΙΙΙΙυΙΙΙ
3069 3212 3279 3237 ιαιιυιιῠ
3321 3212 3448 3237 autc
3476 3212 3572 3237 σι-

324 3186 420 3242 θὲν
447 3187 554 3258 γὰρ
578 3186 726 3256 αὐτῷ
755 3184 875 3239 οὔτε
904 3186 1002 3249 τὰς
1035 3185 1369 3255 ἱερομηνίας,
1393 3182 1515 3236 οὔτε
1541 3183 1647 3236 τῶν
1680 3183 1902 3255 ἡμερῶν

322 3279 424 3351 τὴν
470 3278 868 3350 καταρίθμησιν
919 3276 1224 3346 ἐλυμαίνετ’
1266 3275 1331 3329 ἂν
1368 3276 1402 3346 ἦ
1450 3292 1512 3343 γε
1565 3276 1671 3328 τῶν
1719 3275 1901 3347 μηνῶν

321 3372 606 3442 ὀνομασία,
632 3371 705 3434 ὼς
747 3369 1015 3439 Ἀθηναῖοι
1051 3363 1205 3438 ἦγον·
1237 3366 1310 3420 ὲῶ
1338 3366 1535 3433 λέγειν.
1567 3365 1642 3430 ὡς
1668 3369 1760 3420 καὶ
1783 3367 1901 3419 ἐσέ-

328 3482 524 3538 μνυνεν
551 3463 615 3516 ἄν
643 3463 837 3533 κομιδῇ
865 3459 1235 3530 ἐπικοσμοῦσα
1263 3459 1323 3512 τὸ
1350 3460 1600 3530 γράμμα.
1627 3458 1738 3512 Νῦν
1755 3460 1797 3512 δ’
1815 3461 1900 3514 ὅδε

319 3559 382 3610 τὸ
407 3557 504 3627 μὲν
521 3557 717 3610 ἄτοπον
744 3556 875 3625 ἡμῖν
899 3552 998 3623 τῆς
1028 3553 1264 3623 ἐκφορᾶς
1292 3551 1400 3605 τῶν
1436 3551 1756 3622 Ῥωμαϊκῶν
1785 3552 1899 3604 ὀνο-

324 3649 510 3720 μάτων
552 3647 790 3718 φεύγων,
833 3643 1155 3713 Ἰανουάριον
1183 3643 1276 3696 καὶ
1301 3642 1682 3713 Φεϐρουάριον,
1709 3643 1804 3695 καὶ
1829 3642 1899 3695 τὰ

315 3739 544 3793 τοιαῦτα
585 3738 683 3790 ούκ
713 3736 985 3806 ὀνομάζει·
1030 3734 1248 3805 ἀπορῶν
1278 3734 1334 3786 δὲ
1363 3733 1459 3804 τὴν
1499 3731 1748 3799 σύνταξιν
1788 3733 1896 3788 τῶν

331 3829 676 3900 Ἑλληνικῶν,
704 3829 798 3882 καὶ⁵
829 3827 888 3880 τὸ
915 3827 1041 3898 περὶ
1068 3825 1164 3897 τὴν
1189 3825 1411 3897 ζήτησιν
1434 3823 1776 3895 ταλαίπωρον
1804 3824 1895 3876 εύ-

322 3921 674 3991 λαϐούμενος,
709 3920 799 3972 ἐπὶ
823 3919 884 3972 τὸ
917 3919 1202 3990 πρόχειρον
1242 3917 1496 3988 τρέπεται
1522 3915 1616 3969 τοῦ
1640 3915 1891 3987 ἀριθμοῦ.

319 4015 483 4070 nobis
516 4013 879 4068 Romanorum
903 4013 1168 4067 mensium
1205 4012 1630 4066 enuntiationem
1662 4010 1954 4081 refugiens,

2025 518 2104 574 sis
2131 519 2461 574 intercalarii
2491 521 2741 590 sequenti
2765 534 2931 585 anno,
2964 520 3173 576 scilicet
3203 528 3378 586 sexto,
3410 523 3594 577 solsti-

2025 609 2159 663 tium
2183 611 2503 673 collocatur,
2535 620 2590 667 et
2627 611 2970 681 superﬂuunt
3023 613 3286 682 quinque.
3341 613 3592 683 Quapro-

2022 710 2143 772 pter
2204 719 2382 758 annus
2433 706 2698 774 septimus
2765 721 3001 776 sequens
3077 706 3306 776 septimo
3353 707 3593 764 ineuntis

2021 791 2488 850 Hecatombazonis
2517 797 2812 852 solstitium
2836 805 3076 867 peraget,
3095 810 3148 853 et
3171 796 3383 852 decimo
3401 809 3594 854 octavo

2021 901 2199 942 annus
2222 897 2468 944 octavus.
2512 889 2624 944 Hoc
2654 906 2874 944 rursum
2909 891 3220 945 intercalari
3274 890 3438 953 facto,
3481 891 3592 946 sol-

2020 981 2227 1036 stitium
2261 981 2364 1036 erit
2388 981 2652 1036 vicesimo
2677 998 2820 1036 nono
2854 981 2942 1036 die
3000 984 3206 1039 mensis
3257 982 3591 1038 intercalarii

2019 1086 2163 1125 anno
2193 1080 2477 1142 sequente,
2509 1080 2562 1127 et
2586 1073 2704 1128 dies
2743 1073 3084 1128 abundantes
3111 1073 3241 1128 duo.
3275 1073 3432 1127 Anno
3461 1089 3592 1129 vero

2019 1164 2274 1228 decimo,
2330 1165 2383 1218 in
2450 1164 2720 1220 decimum
2765 1165 3232 1221 llecatombmonis
3296 1165 3589 1221 solstitium

2019 1255 2412 1326 circumagitur
2445 1273 2456 1308 :
2486 1264 2538 1310 et
2571 1256 2820 1325 proximo
2864 1257 2919 1312 in
2955 1259 3278 1314 vicesimum
3327 1259 3588 1329 primum,

2018 1347 2112 1415 qui
2143 1347 2320 1403 factus
2350 1349 2695 1404 intercalaris
2741 1350 2966 1406 ultimus
3024 1351 3245 1421 quidem
3284 1351 3443 1422 primi
3487 1368 3590 1406 un-

2018 1437 2246 1501 denarii,
2298 1439 2352 1493 in
2401 1441 2702 1494 secundum
2765 1440 3235 1500 Hecatombzeonis
3286 1443 3587 1500 solstitium

2017 1531 2276 1595 restituit,
2304 1532 2510 1585 nullum
2549 1533 2881 1602 superﬂuum
2912 1534 3246 1605 relinquens,
3275 1536 3370 1590 sed
3407 1535 3586 1590 adhuc

2017 1625 2103 1680 die
2131 1639 2239 1678 uno
2271 1625 2538 1696 indigens.
2575 1626 2692 1696 Ipse
2711 1628 2874 1698 igitur
2907 1628 3118 1699 primus
3141 1628 3495 1697 undenarius,
3530 1643 3588 1684 et

2017 1717 2365 1786 particularis
2397 1717 2675 1788 periodus,
2705 1727 2760 1774 et
2790 1719 3134 1789 imperfecta,
3168 1721 3438 1792 incipiens
3465 1722 3588 1792 qui-

2014 1807 2134 1863 dem
2171 1823 2200 1861 a
2235 1809 2517 1863 novilunio
2554 1808 3044 1875 Hecatombaeonis,
3074 1812 3163 1868 die
3187 1828 3313 1868 vero
3342 1814 3586 1869 secundo

2014 1899 2258 1968 ejusdem
2287 1899 2504 1967 finiens,
2537 1915 2634 1970 per
2655 1909 2860 1970 septem
2910 1902 3120 1957 scilicet
3151 1916 3324 1958 annos
3361 1910 3585 1956 natura-

2015 1989 2114 2056 les,
2139 1991 2444 2061 opitulante
2471 1992 2878 2048 intercalarium
2903 2009 3170 2048 annorum
3197 1995 3579 2064 quaternione.

2015 2081 2300 2138 Secundus
2326 2091 2584 2152 praeterea
2624 2085 2958 2141 undenarius
3013 2086 3267 2141 similiter
3324 2087 3378 2140 in
3436 2085 3578 2140 diem

2012 2173 2234 2228 tertium
2265 2172 2734 2231 llecalombaeonis
2764 2177 3058 2232 solstitium
3091 2176 3289 2247 rejicit,
3322 2185 3377 2230 at
3418 2177 3582 2232 tertio

2013 2263 2136 2320 loco
2161 2267 2478 2322 octonarius
2523 2267 2979 2338 positus,pariter
3022 2269 3320 2334 decursus,”
3371 2268 3582 2339 perlicit

2012 2356 2458 2428 illamiuniversa:
2481 2357 2840 2429 perfectaeque
2870 2359 3079 2430 periodi
3103 2360 3318 2429 plenam
3371 2361 3579 2416 instau-

2009 2449 2299 2514 rationem,
2331 2451 2627 2505 solstitium
2658 2452 2712 2506 in
2742 2452 3085 2508 neomeniam
3113 2451 3581 2509 Hecatomhaonis

2009 2540 2326 2596 restituens.
2353 2539 2418 2595 Et
2441 2541 2521 2596 sic
2551 2557 2768 2612 semper
2803 2544 3137 2598 circumacta
3171 2545 3414 2600 solstitia
3453 2561 3578 2600 eum

2009 2631 2288 2687 mensibus
2320 2641 2658 2702 congruent,
2695 2632 2897 2689 additis
2949 2634 3112 2689 etiam
3170 2636 3455 2704 particulis
3484 2652 3580 2690 ex-

2009 2726 2354 2780 currentibus
2388 2740 2548 2795 quam
2581 2724 3031 2780 commodissime
3059 2724 3186 2779 addi
3219 2742 3380 2796 posse
3429 2727 3579 2783 vide-

2008 2816 2232 2872 buntur.
2258 2815 2428 2871 Porro
2450 2815 2850 2872 consideranda
2881 2816 2994 2870 hac
3049 2826 3178 2872 sunt
3207 2817 3369 2872 etiam
3399 2818 3453 2872 in
3483 2835 3579 2872 ex-

2008 2912 2185 2978 posita
2220 2902 2639 2980 "descriptaque
2695 2909 2913 2974 tabella,
2950 2909 2996 2964 si
3051 2909 3142 2964 cui
3197 2910 3248 2964 id
3298 2925 3444 2964 cura:
3468 2919 3572 2967 est.

2007 2995 2163 3064 Quod
2193 2997 2240 3053 si
2275 2997 2366 3052 cui
2420 2997 2597 3067 placet
2660 2998 2962 3053 secundum
3009 2995 3323 3052 Plethonem
3389 2996 3577 3052 distri-

2007 3091 2194 3152 buere,
2225 3096 2280 3144 et
2310 3103 2620 3153 numerare,
2652 3089 2790 3144 nihil
2848 3090 2999 3143 illum
3054 3088 3331 3159 impediat,
3363 3089 3576 3159 quomi-

2006 3279 2226 3350 plicata.
2272 3277 2452 3348 Atque
2481 3278 2645 3333 etiam
2701 3275 2928 3333 Plethon
2991 3276 3094 3330 bac
3135 3275 3574 3330 denominatione

2006 3387 2140 3427 usus
2179 3378 2345 3434 esset,
2369 3385 2492 3425 cum
2524 3371 2593 3426 de
2624 3371 2904 3426 mensibus
2937 3369 3220 3432 scriberet,
3249 3367 3295 3424 si
3325 3375 3472 3423 recte
3503 3368 3574 3424 ab

2006 3463 2113 3517 alio
2139 3464 2374 3518 mutuari
2395 3463 2536 3517 hanc
2564 3471 2806 3518 mutuam
2837 3463 3104 3518 mensium
3141 3461 3336 3516 seriem
3365 3462 3574 3532 potuis-

2006 3564 2108 3612 set.
2137 3555 2324 3625 Neque
2359 3555 2505 3612 enim
2535 3555 2636 3624 ipsi
2669 3569 2800 3610 suas
2832 3553 3018 3617 ferias,
3064 3552 3386 3624 dierumque
3435 3568 3573 3608 enu-

2003 3648 2362 3704 merationem
2394 3647 2777 3702 labefactasset
2802 3646 3103 3700 Atticorum
3146 3646 3418 3701 mensium
3471 3659 3570 3699 no-

2002 3740 2338 3793 menelatura
2365 3758 2378 3792 :
2405 3747 2464 3794 ut
2495 3738 2713 3793 interim
2745 3744 2976 3800 taceam,
3009 3745 3277 3807 quantum
3331 3736 3568 3806 dignita-

2001 3830 2074 3883 tis
2093 3837 2148 3883 et
2177 3828 2484 3900 splendoris
2534 3827 2825 3893 attulisset,
2853 3827 3054 3882 librum
3092 3827 3266 3896 ipsum
3327 3826 3568 3896 scriptu-

2000 3936 2227 3992 ramque
2255 3922 2470 3977 abunde
2497 3934 2795 3976 exornans.
2828 3917 2985 3974 Nunc
3015 3935 3142 3974 vero
3164 3920 3252 3974 ille
3276 3917 3566 3972 absurdam

1998 4030 2099 4070 nec
2129 4013 2469 4081 Ianuarium,
2511 4027 2611 4068 nec
2636 4011 3018 4075 Februarium,
3055 4027 3155 4065 nec
3195 4009 3433 4079 reliquos
3465 4023 3565 4062 no—

317 4106 491 4159 minat
518 4122 530 4158 :
563 4102 737 4174 deque
774 4102 1083 4159 Graecorum
1113 4104 1381 4159 mensium
1404 4103 1594 4159 ordine
1620 4101 2048 4172 dubitabundus,
2080 4116 2134 4164 et
2164 4106 2365 4163 laboris
2399 4104 2757 4178 investigandi
2789 4102 3048 4175 fugitans,
3095 4103 3163 4158 ad
3190 4101 3403 4158 numeri
3430 4099 3567 4156 faci-

313 4199 520 4254 litatem
544 4198 846 4254 divertitur.

716 4292 851 4359 Περὶ
879 4291 1072 4360 ἀρχῆς
1097 4291 1205 4360 τῆς
1234 4292 1477 4361 ἡμέρας.

387 4385 472 4438 Κ’.
526 4383 768 4455 Ἡμέρας
793 4383 836 4436 δ’
869 4384 1040 4455 ἀρχὴν
1079 4384 1358 4454 (συγγενὲς
1383 4385 1491 4456 γὰρ
1523 4385 1602 4456 τῷ
1629 4387 1758 4458 περὶ
1788 4404 1891 4457 μη·-

316 4476 426 4530 νῶν
457 4475 596 4546 λόγῳ
620 4477 714 4529 καὶ
742 4476 918 4546 τοῦτο)
953 4476 1219 4546 Ἀθηναῖοι
1250 4477 1344 4547 μὲν
1372 4477 1464 4546 ἀφ’
1493 4478 1642 4548 ἡλίου
1670 4477 1889 4549 δυσμῶν

314 4565 473 4639 ἦγον,
501 4569 598 4639 τὴν
629 4567 799 4621 νύκτα
825 4570 890 4638 τῇ
930 4569 1046 4638 μετ’
1097 4567 1265 4638 αὐτὴν
1315 4569 1493 4640 ἡμέρᾳ
1529 4568 1885 4640 λογιζόμενον

315 4660 414 4712 καὶ
450 4659 540 4711 τὸν
589 4659 789 4728 μεταξὺ
835 4657 1022 4728 γρεδν
1070 4658 1230 4730 μέχρι
1276 4658 1384 4711 τῶν
1426 4661 1626 4731 ἐτέρων
1669 4659 1886 4728 δυσμῶν

319 4748 452 4818 μίαν
481 4746 752 4817 τιθέμενοι
786 4747 1013 4817 ημέραν,
1065 4747 1139 4810 ὣς
1176 4743 1344 4810 Αὖλος
1395 4747 1678 4818 Ῥωμαίων
1709 4748 1888 4817 λόγιος

314 4839 544 4910 Μάρκον
569 4839 796 4910 Βάρωνα
819 4839 1254 4910 ἀναγεγραφέναι
1286 4839 1436 4908 φησί·
1473 4841 1730 4911 Ῥωμαῖοι
1758 4841 1814 4894 δὲ
1837 4842 1885 4894 οἱ

319 4935 420 5005 μὲν
450 4936 665 5004 ἀρχαῖοι
696 4932 802 4988 ἀπὸ
829 4932 1005 5003 μέσων
1025 4932 1231 4985 νυκτῶν
1252 4932 1498 5003 ἤρχοντο,
1521 4926 1601 4994 οἷς
1624 4932 1718 4985 καὶ
1742 4931 1886 5004 Πλή-

316 5029 426 5082 θων
458 5028 722 5098 ἑπόμενος
756 5025 928 5097 ἀρχὴν
955 5025 1205 5094 τοιαύτην
1232 5025 1483 5076 ποιεῖται·
1515 5024 1564 5076 oi
1595 5022 1688 5078 νῦν
1712 5025 1768 5077 δὲ
1793 5024 1884 5092 ἀφ’

320 5122 470 5190 ηλίου
498 5121 808 5190 ἀνίσχοντος
839 5120 1048 5188 ἄγουσιο
1090 5117 1482 5190 παραπλησίως
1514 5117 1569 5171 δὲ
1597 5117 1690 5171 καὶ
1715 5119 1764 5169 οἱ
1793 5116 1886 5170 νῦν

320 5210 597 5280 Ἕλληνες.
619 5210 807 5264 Καίτοι
832 5208 1134 5262 τούναντίον
1157 5207 1322 5277 ὲχρῆν
1355 5205 1672 5276 σύμπαντας
1687 5203 1809 5267 τούς
1823 5221 1884 5272 γε

317 5304 428 5356 ἀπὸ
464 5303 702 5375 Χριστοῦ
734 5301 1026 5364 ποιεῖσθαι,
1060 5299 1448 5370 χαριζομένους
1476 5297 1553 5368 τῷ
1586 5297 1881 5368 ἀρχηγέτῃ.

316 5395 474 5448 υῦτω
493 5395 602 5468 γὰρ
638 5396 795 5466 μόνον
830 5394 978 5447 ἔσται
1009 5395 1249 5464 τριταῖον
1283 5390 1578 5444 ἀναϐιῶναι
1610 5390 1772 5443 αὑτὸν
1802 5406 1887 5442 τε-

317 5487 545 5550 θνεῶτα,
581 5489 675 5541 ἐὰν
699 5490 731 5560 ἡ
759 5487 856 5558 τῆς
877 5487 1088 5558 ἡμέρας
1120 5483 1260 5555 ἀρχὴ
1286 5483 1627 5555 λαμϐάνηται
1655 5485 1770 5553 ἦτοι
1792 5483 1884 5536 ἀπ’

321 5579 498 5646 ἄκρας
527 5579 749 5647 νυκτὸς,
783 5578 857 5641 ὠς
899 5576 1169 5646 Ἀθηναῖοι
1196 5571 1349 5646 ἦγον,
1383 5575 1415 5645 ἢ
1445 5575 1553 5626 ἀπὸ
1584 5575 1772 5644 μέσης,
1810 5575 1884 5637 ὡς

324 5669 607 5742 Ῥωμαῖοι.
650 5673 881 5744 Πότερον
926 5671 1003 5733 δὲ,
1046 5670 1107 5722 οὐ
1149 5669 1330 5740 ῥᾴδιον
1374 5670 1775 5740 ἀποφήνασθαι.
1823 5672 1884 5721 Οἱ

322 5764 420 5831 μὲν
445 5765 551 5836 γὰρ
576 5767 699 5835 περὶ
721 5764 808 5819 τὸν
831 5762 1007 5818 ’Ἀθων
1031 5761 1264 5832 θεολόγοι
1293 5779 1431 5816 κατσ
1457 5762 1624 5832 μέσην
1645 5761 1881 5832 ἀκριϐῶς

2525 4287 2604 4342 De
2631 4287 2892 4356 principio
2911 4283 3036 4339 diei.

2066 4377 2184 4434 XX.
2212 4377 2548 4448 Principium
2585 4391 2714 4431 vero
2743 4375 2850 4430 diei
2898 4368 3364 4445 (quandoquidem
3425 4380 3564 4438 prae-

1919 4459 1964 4512 Ῐ)
1993 4474 2131 4531 senti
2156 4472 2224 4528 de
2268 4471 2552 4528 mensibus
2583 4470 2820 4526 sermoni
2868 4467 2922 4522 id
2973 4479 3189 4537 quoque
3247 4476 3562 4536 germanum

1987 4567 2090 4637 est)
2122 4565 2484 4619 Athenienses
2519 4578 2547 4616 a
2577 4562 2708 4618 solis
2756 4574 2956 4614 occasu
3019 4555 3412 4618 observabant,
3463 4567 3561 4607 no-

1987 4668 2126 4714 otem
2144 4657 2251 4712 diei
2274 4655 2521 4726 sequenti
2553 4653 2912 4714 ascribentes,
2954 4658 3009 4705 et
3040 4663 3200 4703 omne
3238 4646 3294 4700 in
3322 4645 3561 4700 medium

1989 4758 2203 4818 tempus
2243 4747 2311 4802 ad
2347 4747 2578 4801 alterum
2610 4743 2948 4798 occidentem
2982 4753 3151 4794 unum
3182 4738 3326 4791 diem
3355 4736 3561 4792 consti-

1986 4849 2226 4906 tuentes,
2255 4839 2506 4893 utAulus
2535 4835 2762 4899 Gellius,
2793 4834 3018 4888 Latinus
3053 4838 3244 4886 auctor
3290 4845 3399 4884 non
3443 4829 3561 4884 ine~

1987 4947 2132 5006 plus,
2171 4933 2409 4986 Marcum
2452 4929 2752 4983 Varronem
2794 4927 3014 4995 scriptis
3053 4923 3341 4978 mandasse
3373 4922 3556 4977 tradit.

1985 5028 2053 5081 At
2077 5025 2305 5079 Romani
2335 5022 2537 5093 priscis
2568 5019 2907 5089 temporibus
2940 5033 2968 5070 a
2997 5017 3175 5071 media
3206 5015 3427 5082 quidem
3463 5030 3559 5068 no-

1985 5128 2069 5174 cte
2102 5115 2431 5171 inchoabant
2465 5133 2477 5166 :
2507 5127 2646 5167 quos
2670 5110 2894 5164 Plethon
2932 5109 3150 5162 imitans
3183 5107 3321 5161 idem
3347 5103 3554 5175 princi-

1984 5212 2134 5283 pium
2183 5208 2333 5262 facit.
2365 5208 2519 5260 Nunc
2570 5218 2698 5258 vero
2729 5201 2798 5255 ab
2839 5201 3049 5256 oriente
3105 5199 3218 5255 sole
3251 5198 3556 5267 inceptant,

1985 5302 2281 5370 itidemque
2314 5297 2509 5353 Graeci.
2533 5294 2856 5364 Quanquam
2889 5301 3076 5346 contra
3101 5288 3556 5360 oportebatChri~

1985 5395 2194 5450 stianos
2217 5405 2406 5445 omnes
2435 5388 2633 5449 facere,
2675 5385 2729 5440 id
2761 5383 3016 5453 obsequii
3047 5398 3148 5438 suo
3177 5382 3417 5452 Rrincipi
3460 5397 3556 5435 ex-

1983 5486 2251 5540 hibentes.
2276 5480 2367 5536 Sic
2396 5481 2540 5536 cnim
2574 5479 2748 5534 solum
2782 5475 3057 5532 constabit
3100 5475 3248 5528 illum
3276 5480 3552 5528 mortuum

1984 5578 2146 5632 tertio
2173 5576 2262 5630 die
2290 5574 2575 5638 revixisse,
2611 5574 2656 5628 si
2682 5573 2820 5626 vela
2855 5583 3068 5624 summa
3103 5574 3283 5630 nocte,
3317 5575 3377 5622 nt
3411 5566 3549 5622 sole-

1983 5671 2114 5724 bant
2135 5667 2530 5732 Athenienses,
2559 5665 2642 5720 vel
2694 5679 2722 5717 a
2751 5663 2948 5726 media,
2976 5668 3036 5714 ut
3079 5659 3331 5721 Romani.
3397 5655 3550 5729 prin-

1985 5763 2190 5834 cipium
2209 5759 2312 5818 diei
2345 5769 2613 5816 sumatur.
2642 5755 2831 5813 Utrum
2862 5767 2990 5810 vero
3017 5752 3221 5823 potius,
3261 5753 3412 5811 dictu
3437 5757 3546 5835 μιν·
