  <div class='ocr_page' id='page_1' title='image "/cluster/home/n/w/nwhite01/storage/ocr_20150623/19/hvd.32044073501199/615.png"; bbox 0 0 4044 6220; ppageno 0'>
   <div class='ocr_carea' id='block_1_1' title="bbox 399 314 630 410">
    <p class='ocr_par' dir='ltr' id='par_1_1' title="bbox 399 314 630 410">
     <span class='ocr_line' id='line_1_1' title="bbox 399 314 630 410; baseline 0.022 -42"><span class='ocrx_word' id='word_1_1' title='bbox 399 399 405 410; x_wconf 35' lang='grc'><em>’</em></span> <span class='ocrx_word' id='word_1_2' title='bbox 491 314 630 373; x_wconf 72' lang='grc'><strong>1215</strong></span> 
     </span>
    </p>
   </div>
   <div class='ocr_carea' id='block_1_2' title="bbox 1538 312 2772 376">
    <p class='ocr_par' dir='ltr' id='par_1_2' title="bbox 1538 312 2772 376">
     <span class='ocr_line' id='line_1_2' title="bbox 1538 312 2772 376; baseline 0.003 -6"><span class='ocrx_word' id='word_1_3' title='bbox 1538 316 1628 370; x_wconf 78' lang='lat' dir='ltr'><strong>AD</strong></span> <span class='ocrx_word' id='word_1_4' title='bbox 1678 313 1944 370; x_wconf 79' lang='lat' dir='ltr'><strong>EUSEBII</strong></span> <span class='ocrx_word' id='word_1_5' title='bbox 1981 312 2374 372; x_wconf 77' lang='lat' dir='ltr'><strong>CHRONICON</strong></span> <span class='ocrx_word' id='word_1_6' title='bbox 2412 317 2772 376; x_wconf 76' lang='lat' dir='ltr'><strong>APPENDIX.</strong></span> 
     </span>
    </p>
   </div>
   <div class='ocr_carea' id='block_1_3' title="bbox 3581 319 3720 372">
    <p class='ocr_par' dir='ltr' id='par_1_3' title="bbox 3581 319 3720 372">
     <span class='ocr_line' id='line_1_3' title="bbox 3581 319 3720 372; baseline -0.014 -2"><span class='ocrx_word' id='word_1_7' title='bbox 3581 319 3720 372; x_wconf 72' lang='lat' dir='ltr'><strong>I216</strong></span> 
     </span>
    </p>
   </div>
   <div class='ocr_carea' id='block_1_4' title="bbox 491 429 2067 507">
    <p class='ocr_par' dir='ltr' id='par_1_4' title="bbox 491 429 2054 503">
     <span class='ocr_line' id='line_1_4' title="bbox 491 429 2054 503; baseline 0 -15"><span class='ocrx_word' id='word_1_8' title='bbox 491 443 575 490; x_wconf 84' lang='lat' dir='ltr'><strong>est</strong></span> <span class='ocrx_word' id='word_1_9' title='bbox 613 432 793 487; x_wconf 81' lang='lat' dir='ltr'><strong>facile.</strong></span> <span class='ocrx_word' id='word_1_10' title='bbox 821 429 956 486; x_wconf 83' lang='lat' dir='ltr'><strong>Nam</strong></span> <span class='ocrx_word' id='word_1_11' title='bbox 990 431 1246 503; x_wconf 80' lang='lat' dir='ltr'><strong>theologi,</strong></span> <span class='ocrx_word' id='word_1_12' title='bbox 1282 432 1376 502; x_wconf 86' lang='lat' dir='ltr'><strong>qui</strong></span> <span class='ocrx_word' id='word_1_13' title='bbox 1402 433 1657 488; x_wconf 91' lang='lat' dir='ltr'><strong>accolunt</strong></span> <span class='ocrx_word' id='word_1_14' title='bbox 1682 433 1862 488; x_wconf 75' lang='lat' dir='ltr'><strong>Athon</strong></span> <span class='ocrx_word' id='word_1_15' title='bbox 1900 448 2054 488; x_wconf 82' lang='lat' dir='ltr'><strong>mon-</strong></span> 
     </span>
    </p>
   </div>
   <div class='ocr_carea' id='block_1_5' title="bbox 2170 429 3726 507">
    <p class='ocr_par' dir='ltr' id='par_1_5' title="bbox 2170 433 3726 507">
     <span class='ocr_line' id='line_1_5' title="bbox 2170 433 3726 507; baseline 0.001 -19"><span class='ocrx_word' id='word_1_16' title='bbox 2170 436 2322 488; x_wconf 65' lang='lat' dir='ltr'><strong>nixu</strong></span> <span class='ocrx_word' id='word_1_17' title='bbox 2364 434 2615 504; x_wconf 83' lang='grc' dir='ltr'>γενέσθαι</span> <span class='ocrx_word' id='word_1_18' title='bbox 2651 437 2752 507; x_wconf 73' lang='grc' dir='ltr'>τὴν</span> <span class='ocrx_word' id='word_1_19' title='bbox 2783 436 3074 490; x_wconf 76' lang='grc' dir='ltr'>ἀναϐίωσιν</span> <span class='ocrx_word' id='word_1_20' title='bbox 3109 433 3446 504; x_wconf 65' lang='grc' dir='ltr'>ἐξηγοῦνται,</span> <span class='ocrx_word' id='word_1_21' title='bbox 3491 437 3585 488; x_wconf 73' lang='grc' dir='ltr'>καὶ</span> <span class='ocrx_word' id='word_1_22' title='bbox 3610 436 3726 489; x_wconf 77' lang='grc' dir='ltr'><strong>τῶν</strong></span> 
     </span>
    </p>
   </div>
   <div class='ocr_carea' id='block_1_6' title="bbox 493 523 2053 587">
    <p class='ocr_par' dir='ltr' id='par_1_6' title="bbox 493 523 2053 587">
     <span class='ocr_line' id='line_1_6' title="bbox 493 523 2053 587; baseline 0.001 -10"><span class='ocrx_word' id='word_1_23' title='bbox 493 534 623 587; x_wconf 77' lang='lat' dir='ltr'><strong>tem,</strong></span> <span class='ocrx_word' id='word_1_24' title='bbox 658 524 786 579; x_wconf 86' lang='lat' dir='ltr'><strong>lotis</strong></span> <span class='ocrx_word' id='word_1_25' title='bbox 821 523 1028 578; x_wconf 87' lang='lat' dir='ltr'><strong>viribus</strong></span> <span class='ocrx_word' id='word_1_26' title='bbox 1060 524 1391 578; x_wconf 87' lang='lat' dir='ltr'><strong>contendunt</strong></span> <span class='ocrx_word' id='word_1_27' title='bbox 1437 524 1654 580; x_wconf 77' lang='lat' dir='ltr'><strong>circiter</strong></span> <span class='ocrx_word' id='word_1_28' title='bbox 1703 524 1882 579; x_wconf 86' lang='lat' dir='ltr'><strong>noctis</strong></span> <span class='ocrx_word' id='word_1_29' title='bbox 1938 541 2053 580; x_wconf 85' lang='lat' dir='ltr'><strong>me-</strong></span> 
     </span>
    </p>
   </div>
   <div class='ocr_carea' id='block_1_7' title="bbox 493 614 2056 682">
    <p class='ocr_par' dir='ltr' id='par_1_7' title="bbox 493 614 2056 682">
     <span class='ocr_line' id='line_1_7' title="bbox 493 614 2056 682; baseline -0.001 -11"><span class='ocrx_word' id='word_1_30' title='bbox 493 617 641 671; x_wconf 91' lang='lat' dir='ltr'><strong>dium</strong></span> <span class='ocrx_word' id='word_1_31' title='bbox 671 616 1124 670; x_wconf 67' lang='lat' dir='ltr'><strong>resurrectionem</strong></span> <span class='ocrx_word' id='word_1_32' title='bbox 1161 614 1355 669; x_wconf 80' lang='lat' dir='ltr'><strong>factam</strong></span> <span class='ocrx_word' id='word_1_33' title='bbox 1386 631 1541 682; x_wconf 87' lang='lat' dir='ltr'><strong>esse;</strong></span> <span class='ocrx_word' id='word_1_34' title='bbox 1575 624 1630 670; x_wconf 90' lang='lat' dir='ltr'><strong>et</strong></span> <span class='ocrx_word' id='word_1_35' title='bbox 1654 630 1811 671; x_wconf 89' lang='lat' dir='ltr'><strong>sacra</strong></span> <span class='ocrx_word' id='word_1_36' title='bbox 1847 615 1935 669; x_wconf 90' lang='lat' dir='ltr'><strong>illa</strong></span> <span class='ocrx_word' id='word_1_37' title='bbox 1963 632 2056 670; x_wconf 54' lang='lat' dir='ltr'><strong>an.</strong></span> 
     </span>
    </p>
   </div>
   <div class='ocr_carea' id='block_1_8' title="bbox 497 707 2055 775">
    <p class='ocr_par' dir='ltr' id='par_1_8' title="bbox 497 707 2055 775">
     <span class='ocr_line' id='line_1_8' title="bbox 497 707 2055 775; baseline 0 -15"><span class='ocrx_word' id='word_1_38' title='bbox 497 709 745 761; x_wconf 88' lang='lat' dir='ltr'><strong>lelucana</strong></span> <span class='ocrx_word' id='word_1_39' title='bbox 782 709 834 760; x_wconf 92' lang='lat' dir='ltr'><strong>in</strong></span> <span class='ocrx_word' id='word_1_40' title='bbox 856 708 975 775; x_wconf 89' lang='lat' dir='ltr'><strong>ejus</strong></span> <span class='ocrx_word' id='word_1_41' title='bbox 1005 708 1081 760; x_wconf 93' lang='lat' dir='ltr'><strong>rei</strong></span> <span class='ocrx_word' id='word_1_42' title='bbox 1120 708 1434 762; x_wconf 78' lang='lat' dir='ltr'><strong>memoriam</strong></span> <span class='ocrx_word' id='word_1_43' title='bbox 1458 722 1489 760; x_wconf 88' lang='lat' dir='ltr'><strong>a</strong></span> <span class='ocrx_word' id='word_1_44' title='bbox 1522 708 1698 762; x_wconf 80' lang='lat' dir='ltr'><strong>media</strong></span> <span class='ocrx_word' id='word_1_45' title='bbox 1731 714 1888 761; x_wconf 88' lang='lat' dir='ltr'><strong>nocte</strong></span> <span class='ocrx_word' id='word_1_46' title='bbox 1916 707 2055 760; x_wconf 87' lang='lat' dir='ltr'><strong>inci-</strong></span> 
     </span>
    </p>
   </div>
   <div class='ocr_carea' id='block_1_9' title="bbox 497 799 2056 870">
    <p class='ocr_par' dir='ltr' id='par_1_9' title="bbox 497 799 2056 870">
     <span class='ocr_line' id='line_1_9' title="bbox 497 799 2056 870; baseline 0.001 -17"><span class='ocrx_word' id='word_1_47' title='bbox 497 802 672 870; x_wconf 89' lang='lat' dir='ltr'><strong>piunt.</strong></span> <span class='ocrx_word' id='word_1_48' title='bbox 699 801 938 865; x_wconf 79' lang='lat' dir='ltr'><strong>Quorum</strong></span> <span class='ocrx_word' id='word_1_49' title='bbox 986 801 1125 854; x_wconf 90' lang='lat' dir='ltr'><strong>ratio</strong></span> <span class='ocrx_word' id='word_1_50' title='bbox 1188 801 1293 853; x_wconf 87' lang='lat' dir='ltr'><strong>hoc</strong></span> <span class='ocrx_word' id='word_1_51' title='bbox 1330 799 1525 863; x_wconf 87' lang='lat' dir='ltr'><strong>habet,</strong></span> <span class='ocrx_word' id='word_1_52' title='bbox 1583 799 1725 869; x_wconf 89' lang='lat' dir='ltr'><strong>quod</strong></span> <span class='ocrx_word' id='word_1_53' title='bbox 1767 801 2056 870; x_wconf 70' lang='lat' dir='ltr'><strong>contigerit</strong></span> 
     </span>
    </p>
   </div>
   <div class='ocr_carea' id='block_1_10' title="bbox 499 891 2055 961">
    <p class='ocr_par' dir='ltr' id='par_1_10' title="bbox 499 891 2055 961">
     <span class='ocr_line' id='line_1_10' title="bbox 499 891 2055 961; baseline -0.001 -14"><span class='ocrx_word' id='word_1_54' title='bbox 499 893 754 947; x_wconf 80' lang='lat' dir='ltr'><strong>mulieres</strong></span> <span class='ocrx_word' id='word_1_55' title='bbox 788 894 1056 961; x_wconf 83' lang='lat' dir='ltr'><strong>profundo</strong></span> <span class='ocrx_word' id='word_1_56' title='bbox 1084 892 1302 961; x_wconf 81' lang='lat' dir='ltr'><strong>quidem</strong></span> <span class='ocrx_word' id='word_1_57' title='bbox 1350 891 1588 945; x_wconf 91' lang='lat' dir='ltr'><strong>diluculo</strong></span> <span class='ocrx_word' id='word_1_58' title='bbox 1618 892 1684 945; x_wconf 89' lang='lat' dir='ltr'><strong>ad</strong></span> <span class='ocrx_word' id='word_1_59' title='bbox 1736 906 2055 945; x_wconf 88' lang='lat' dir='ltr'><strong>monumen-</strong></span> 
     </span>
    </p>
   </div>
   <div class='ocr_carea' id='block_1_11' title="bbox 502 983 2058 1052">
    <p class='ocr_par' dir='ltr' id='par_1_11' title="bbox 502 983 2058 1052">
     <span class='ocr_line' id='line_1_11' title="bbox 502 983 2058 1052; baseline -0.001 -14"><span class='ocrx_word' id='word_1_60' title='bbox 502 992 614 1038; x_wconf 90' lang='lat' dir='ltr'><strong>tum</strong></span> <span class='ocrx_word' id='word_1_61' title='bbox 671 984 966 1052; x_wconf 80' lang='lat' dir='ltr'><strong>prolectas,</strong></span> <span class='ocrx_word' id='word_1_62' title='bbox 1023 992 1082 1037; x_wconf 91' lang='lat' dir='ltr'><strong>ut</strong></span> <span class='ocrx_word' id='word_1_63' title='bbox 1135 983 1518 1052; x_wconf 79' lang='lat' dir='ltr'><strong>exsequiarum</strong></span> <span class='ocrx_word' id='word_1_64' title='bbox 1574 984 1721 1052; x_wconf 86' lang='lat' dir='ltr'><strong>justa</strong></span> <span class='ocrx_word' id='word_1_65' title='bbox 1779 984 1846 1037; x_wconf 89' lang='lat' dir='ltr'><strong>de</strong></span> <span class='ocrx_word' id='word_1_66' title='bbox 1909 998 2058 1037; x_wconf 89' lang='lat' dir='ltr'><strong>more</strong></span> 
     </span>
    </p>
   </div>
   <div class='ocr_carea' id='block_1_12' title="bbox 500 1071 2057 1146">
    <p class='ocr_par' dir='ltr' id='par_1_12' title="bbox 500 1071 2057 1146">
     <span class='ocr_line' id='line_1_12' title="bbox 500 1071 2057 1146; baseline -0.003 -17"><span class='ocrx_word' id='word_1_67' title='bbox 500 1085 841 1146; x_wconf 90' lang='lat' dir='ltr'><strong>peragerent,</strong></span> <span class='ocrx_word' id='word_1_68' title='bbox 866 1075 1182 1129; x_wconf 75' lang='lat' dir='ltr'><strong>defunctum</strong></span> <span class='ocrx_word' id='word_1_69' title='bbox 1219 1090 1326 1128; x_wconf 90' lang='lat' dir='ltr'><strong>non</strong></span> <span class='ocrx_word' id='word_1_70' title='bbox 1360 1075 1655 1132; x_wconf 85' lang='lat' dir='ltr'><strong>invenisse.</strong></span> <span class='ocrx_word' id='word_1_71' title='bbox 1688 1082 1747 1126; x_wconf 91' lang='lat' dir='ltr'><strong>ut</strong></span> <span class='ocrx_word' id='word_1_72' title='bbox 1789 1071 1964 1126; x_wconf 88' lang='lat' dir='ltr'><strong>Lucas</strong></span> <span class='ocrx_word' id='word_1_73' title='bbox 2002 1072 2057 1125; x_wconf 92' lang='lat' dir='ltr'><strong>in</strong></span> 
     </span>
    </p>
   </div>
   <div class='ocr_carea' id='block_1_13' title="bbox 502 1164 2056 1238">
    <p class='ocr_par' dir='ltr' id='par_1_13' title="bbox 502 1164 2056 1238">
     <span class='ocr_line' id='line_1_13' title="bbox 502 1164 2056 1238; baseline -0.005 -15"><span class='ocrx_word' id='word_1_74' title='bbox 502 1183 604 1223; x_wconf 83' lang='lat' dir='ltr'><strong>suo</strong></span> <span class='ocrx_word' id='word_1_75' title='bbox 647 1168 937 1237; x_wconf 85' lang='lat' dir='ltr'><strong>Evangelio</strong></span> <span class='ocrx_word' id='word_1_76' title='bbox 977 1167 1314 1238; x_wconf 85' lang='lat' dir='ltr'><strong>perscripsit.</strong></span> <span class='ocrx_word' id='word_1_77' title='bbox 1354 1165 1488 1220; x_wconf 90' lang='lat' dir='ltr'><strong>Illud</strong></span> <span class='ocrx_word' id='word_1_78' title='bbox 1527 1167 1670 1220; x_wconf 88' lang='lat' dir='ltr'><strong>enim</strong></span> <span class='ocrx_word' id='word_1_79' title='bbox 1729 1164 2056 1234; x_wconf 82' lang='lat' dir='ltr'><strong>profundum</strong></span> 
     </span>
    </p>
   </div>
   <div class='ocr_carea' id='block_1_14' title="bbox 503 1253 2061 1328">
    <p class='ocr_par' dir='ltr' id='par_1_14' title="bbox 503 1253 2061 1328">
     <span class='ocr_line' id='line_1_14' title="bbox 503 1253 2061 1328; baseline -0.006 -15"><span class='ocrx_word' id='word_1_80' title='bbox 503 1259 803 1314; x_wconf 89' lang='lat' dir='ltr'><strong>diluculum</strong></span> <span class='ocrx_word' id='word_1_81' title='bbox 830 1258 1134 1328; x_wconf 83' lang='lat' dir='ltr'><strong>proximum</strong></span> <span class='ocrx_word' id='word_1_82' title='bbox 1171 1267 1387 1326; x_wconf 83' lang='lat' dir='ltr'><strong>tempus</strong></span> <span class='ocrx_word' id='word_1_83' title='bbox 1425 1256 1614 1310; x_wconf 69' lang='lat' dir='ltr'><strong>medim</strong></span> <span class='ocrx_word' id='word_1_84' title='bbox 1665 1255 1811 1309; x_wconf 89' lang='lat' dir='ltr'><strong>nocti</strong></span> <span class='ocrx_word' id='word_1_85' title='bbox 1861 1253 2061 1322; x_wconf 81' lang='lat' dir='ltr'><strong>signiti-</strong></span> 
     </span>
    </p>
   </div>
   <div class='ocr_carea' id='block_1_15' title="bbox 503 1343 2060 1415">
    <p class='ocr_par' dir='ltr' id='par_1_15' title="bbox 503 1343 2060 1415">
     <span class='ocr_line' id='line_1_15' title="bbox 503 1343 2060 1415; baseline -0.007 -11"><span class='ocrx_word' id='word_1_86' title='bbox 503 1365 629 1404; x_wconf 83' lang='lat' dir='ltr'><strong>care</strong></span> <span class='ocrx_word' id='word_1_87' title='bbox 653 1344 988 1404; x_wconf 80' lang='lat' dir='ltr'><strong>ex&#39;istimant.</strong></span> <span class='ocrx_word' id='word_1_88' title='bbox 1020 1347 1195 1403; x_wconf 88' lang='lat' dir='ltr'><strong>Simul</strong></span> <span class='ocrx_word' id='word_1_89' title='bbox 1227 1363 1356 1402; x_wconf 89' lang='lat' dir='ltr'><strong>vero</strong></span> <span class='ocrx_word' id='word_1_90' title='bbox 1399 1346 1479 1401; x_wconf 90' lang='lat' dir='ltr'><strong>sic</strong></span> <span class='ocrx_word' id='word_1_91' title='bbox 1517 1361 1734 1415; x_wconf 88' lang='lat' dir='ltr'><strong>quoque</strong></span> <span class='ocrx_word' id='word_1_92' title='bbox 1793 1345 1918 1414; x_wconf 91' lang='lat' dir='ltr'><strong>plus</strong></span> <span class='ocrx_word' id='word_1_93' title='bbox 1959 1343 2060 1394; x_wconf 86' lang='lat' dir='ltr'><strong>ali-</strong></span> 
     </span>
    </p>
   </div>
   <div class='ocr_carea' id='block_1_16' title="bbox 503 1435 2062 1514">
    <p class='ocr_par' dir='ltr' id='par_1_16' title="bbox 503 1435 2062 1514">
     <span class='ocr_line' id='line_1_16' title="bbox 503 1435 2062 1514; baseline -0.006 -16"><span class='ocrx_word' id='word_1_94' title='bbox 503 1452 709 1514; x_wconf 77' lang='lat' dir='ltr'><strong>quanto</strong></span> <span class='ocrx_word' id='word_1_95' title='bbox 736 1443 880 1496; x_wconf 89' lang='lat' dir='ltr'><strong>terlii</strong></span> <span class='ocrx_word' id='word_1_96' title='bbox 905 1442 1012 1496; x_wconf 87' lang='lat' dir='ltr'><strong>diei</strong></span> <span class='ocrx_word' id='word_1_97' title='bbox 1036 1442 1399 1495; x_wconf 82' lang='lat' dir='ltr'><strong>contineatur.</strong></span> <span class='ocrx_word' id='word_1_98' title='bbox 1436 1438 1696 1508; x_wconf 84' lang='lat' dir='ltr'><strong>Istudque</strong></span> <span class='ocrx_word' id='word_1_99' title='bbox 1726 1437 1849 1508; x_wconf 89' lang='lat' dir='ltr'><strong>plus</strong></span> <span class='ocrx_word' id='word_1_100' title='bbox 1903 1435 2062 1505; x_wconf 77' lang='lat'><strong>169</strong></span> 
     </span>
    </p>
   </div>
   <div class='ocr_carea' id='block_1_17' title="bbox 505 1525 2060 1604">
    <p class='ocr_par' dir='ltr' id='par_1_17' title="bbox 505 1525 2060 1604">
     <span class='ocr_line' id='line_1_17' title="bbox 505 1525 2060 1604; baseline -0.005 -17"><span class='ocrx_word' id='word_1_101' title='bbox 505 1537 719 1604; x_wconf 86' lang='lat' dir='ltr'><strong>signum</strong></span> <span class='ocrx_word' id='word_1_102' title='bbox 733 1533 1044 1589; x_wconf 85' lang='lat' dir='ltr'><strong>evidentius</strong></span> <span class='ocrx_word' id='word_1_103' title='bbox 1073 1541 1157 1588; x_wconf 89' lang='lat' dir='ltr'><strong>est</strong></span> <span class='ocrx_word' id='word_1_104' title='bbox 1197 1531 1369 1602; x_wconf 88' lang='lat' dir='ltr'><strong>ipsius</strong></span> <span class='ocrx_word' id='word_1_105' title='bbox 1404 1530 1616 1584; x_wconf 89' lang='lat' dir='ltr'><strong>dierum</strong></span> <span class='ocrx_word' id='word_1_106' title='bbox 1644 1527 1929 1582; x_wconf 85' lang='lat' dir='ltr'><strong>ternionis.</strong></span> <span class='ocrx_word' id='word_1_107' title='bbox 1956 1525 2060 1580; x_wconf 86' lang='lat' dir='ltr'><strong>Sed</strong></span> 
     </span>
    </p>
   </div>
   <div class='ocr_carea' id='block_1_18' title="bbox 503 1616 2064 1694">
    <p class='ocr_par' dir='ltr' id='par_1_18' title="bbox 503 1616 2064 1694">
     <span class='ocr_line' id='line_1_18' title="bbox 503 1616 2064 1694; baseline -0.005 -15"><span class='ocrx_word' id='word_1_108' title='bbox 503 1641 570 1679; x_wconf 80' lang='lat' dir='ltr'><strong>ex</strong></span> <span class='ocrx_word' id='word_1_109' title='bbox 602 1625 750 1679; x_wconf 88' lang='lat' dir='ltr'><strong>Italis</strong></span> <span class='ocrx_word' id='word_1_110' title='bbox 804 1624 1032 1678; x_wconf 78' lang='lat' dir='ltr'><strong>Romani</strong></span> <span class='ocrx_word' id='word_1_111' title='bbox 1077 1631 1199 1694; x_wconf 91' lang='lat' dir='ltr'><strong>post</strong></span> <span class='ocrx_word' id='word_1_112' title='bbox 1253 1622 1484 1676; x_wconf 89' lang='lat' dir='ltr'><strong>mediam</strong></span> <span class='ocrx_word' id='word_1_113' title='bbox 1521 1627 1732 1674; x_wconf 89' lang='lat' dir='ltr'><strong>noctem</strong></span> <span class='ocrx_word' id='word_1_114' title='bbox 1780 1617 1834 1672; x_wconf 89' lang='lat' dir='ltr'><strong>id</strong></span> <span class='ocrx_word' id='word_1_115' title='bbox 1896 1616 2064 1671; x_wconf 82' lang='lat' dir='ltr'><strong>fuisse</strong></span> 
     </span>
    </p>
   </div>
   <div class='ocr_carea' id='block_1_19' title="bbox 507 1711 2064 1786">
    <p class='ocr_par' dir='ltr' id='par_1_19' title="bbox 507 1711 2064 1786">
     <span class='ocr_line' id='line_1_19' title="bbox 507 1711 2064 1786; baseline -0.006 -16"><span class='ocrx_word' id='word_1_116' title='bbox 507 1717 677 1779; x_wconf 80' lang='lat' dir='ltr'><strong>aiunt,</strong></span> <span class='ocrx_word' id='word_1_117' title='bbox 707 1726 761 1771; x_wconf 93' lang='lat' dir='ltr'><strong>et</strong></span> <span class='ocrx_word' id='word_1_118' title='bbox 792 1714 1120 1786; x_wconf 80' lang='lat' dir='ltr'><strong>profundum</strong></span> <span class='ocrx_word' id='word_1_119' title='bbox 1173 1713 1305 1768; x_wconf 91' lang='lat' dir='ltr'><strong>illud</strong></span> <span class='ocrx_word' id='word_1_120' title='bbox 1353 1713 1432 1766; x_wconf 83' lang='lat' dir='ltr'><strong>sic</strong></span> <span class='ocrx_word' id='word_1_121' title='bbox 1459 1711 1789 1780; x_wconf 79' lang='lat' dir='ltr'><strong>intelligunt,</strong></span> <span class='ocrx_word' id='word_1_122' title='bbox 1819 1715 1877 1762; x_wconf 93' lang='lat' dir='ltr'><strong>ut</strong></span> <span class='ocrx_word' id='word_1_123' title='bbox 1905 1723 1932 1760; x_wconf 91' lang='lat' dir='ltr'><strong>a</strong></span> <span class='ocrx_word' id='word_1_124' title='bbox 1965 1723 2064 1761; x_wconf 88' lang='lat' dir='ltr'><strong>no-</strong></span> 
     </span>
    </p>
   </div>
   <div class='ocr_carea' id='block_1_20' title="bbox 2155 526 3738 598">
    <p class='ocr_par' dir='ltr' id='par_1_20' title="bbox 2155 526 3738 598">
     <span class='ocr_line' id='line_1_20' title="bbox 2155 526 3738 598; baseline 0 -20"><span class='ocrx_word' id='word_1_125' title='bbox 2155 527 2526 580; x_wconf 88' lang='grc' dir='ltr'>ἀναστατικῶν</span> <span class='ocrx_word' id='word_1_126' title='bbox 2562 528 2818 597; x_wconf 76' lang='grc' dir='ltr'><strong>ἄρχονται</strong></span> <span class='ocrx_word' id='word_1_127' title='bbox 2852 526 3050 598; x_wconf 78' lang='grc' dir='ltr'><strong>ὀργίων</strong></span> <span class='ocrx_word' id='word_1_128' title='bbox 3085 527 3243 588; x_wconf 81' lang='grc' dir='ltr'>εὐθὺς</span> <span class='ocrx_word' id='word_1_129' title='bbox 3281 526 3389 579; x_wconf 85' lang='grc' dir='ltr'><strong>ἀπὸ</strong></span> <span class='ocrx_word' id='word_1_130' title='bbox 3420 526 3599 595; x_wconf 86' lang='grc' dir='ltr'>μέσων</span> <span class='ocrx_word' id='word_1_131' title='bbox 3631 527 3738 578; x_wconf 68' lang='grc' dir='ltr'>νυ-’</span> 
     </span>
    </p>
   </div>
   <div class='ocr_carea' id='block_1_21' title="bbox 2157 614 3724 685">
    <p class='ocr_par' dir='ltr' id='par_1_21' title="bbox 2157 614 3724 685">
     <span class='ocr_line' id='line_1_21' title="bbox 2157 614 3724 685; baseline -0.003 -15"><span class='ocrx_word' id='word_1_132' title='bbox 2157 617 2321 670; x_wconf 87' lang='grc' dir='ltr'>κτῶν.</span> <span class='ocrx_word' id='word_1_133' title='bbox 2355 617 2524 685; x_wconf 86' lang='grc' dir='ltr'>Λόγος</span> <span class='ocrx_word' id='word_1_134' title='bbox 2556 617 2598 668; x_wconf 87' lang='grc' dir='ltr'>δ’</span> <span class='ocrx_word' id='word_1_135' title='bbox 2623 616 2821 680; x_wconf 77' lang='grc' dir='ltr'>αὐτῶν,</span> <span class='ocrx_word' id='word_1_136' title='bbox 2861 617 2940 669; x_wconf 83' lang='grc' dir='ltr'>ὅτι</span> <span class='ocrx_word' id='word_1_137' title='bbox 2967 615 3065 678; x_wconf 82' lang='grc' dir='ltr'>τὰς</span> <span class='ocrx_word' id='word_1_138' title='bbox 3099 618 3178 679; x_wconf 73' lang='grc' dir='ltr'>εἰς</span> <span class='ocrx_word' id='word_1_139' title='bbox 3207 614 3273 679; x_wconf 67' lang='grc' dir='ltr'><strong>,τὸ</strong></span> <span class='ocrx_word' id='word_1_140' title='bbox 3310 616 3499 685; x_wconf 82' lang='grc' dir='ltr'>μνῆμα</span> <span class='ocrx_word' id='word_1_141' title='bbox 3527 615 3724 681; x_wconf 66' lang='grc' dir='ltr'>ἀφικο-</span> 
     </span>
    </p>
   </div>
   <div class='ocr_carea' id='block_1_22' title="bbox 2161 706 3724 779">
    <p class='ocr_par' dir='ltr' id='par_1_22' title="bbox 2161 706 3724 779">
     <span class='ocr_line' id='line_1_22' title="bbox 2161 706 3724 779; baseline -0.003 -17"><span class='ocrx_word' id='word_1_142' title='bbox 2161 709 2328 779; x_wconf 82' lang='grc' dir='ltr'>μένας</span> <span class='ocrx_word' id='word_1_143' title='bbox 2347 712 2608 777; x_wconf 84' lang='grc' dir='ltr'>γυναῐκας</span> <span class='ocrx_word' id='word_1_144' title='bbox 2629 707 3030 779; x_wconf 73' lang='grc' dir='ltr'>ὲπαμεξψασθαι</span> <span class='ocrx_word' id='word_1_145' title='bbox 3055 707 3123 760; x_wconf 86' lang='grc' dir='ltr'><strong>τά</strong></span> <span class='ocrx_word' id='word_1_146' title='bbox 3146 707 3504 778; x_wconf 79' lang='grc' dir='ltr'><strong>νενομισμένα</strong></span> <span class='ocrx_word' id='word_1_147' title='bbox 3523 706 3724 776; x_wconf 78' lang='grc' dir='ltr'>ὸρθρου</span> 
     </span>
    </p>
   </div>
   <div class='ocr_carea' id='block_1_23' title="bbox 2162 797 3724 870">
    <p class='ocr_par' dir='ltr' id='par_1_23' title="bbox 2162 797 3724 870">
     <span class='ocr_line' id='line_1_23' title="bbox 2162 797 3724 870; baseline -0.002 -18"><span class='ocrx_word' id='word_1_148' title='bbox 2162 800 2259 870; x_wconf 85' lang='grc' dir='ltr'>μὲν</span> <span class='ocrx_word' id='word_1_149' title='bbox 2287 800 2367 852; x_wconf 80' lang='grc' dir='ltr'>ἔτι</span> <span class='ocrx_word' id='word_1_150' title='bbox 2405 799 2596 869; x_wconf 82' lang='grc' dir='ltr'>βαθέος</span> <span class='ocrx_word' id='word_1_151' title='bbox 2642 799 3063 870; x_wconf 81' lang='grc' dir='ltr'><strong>παραγενέσθαι,</strong></span> <span class='ocrx_word' id='word_1_152' title='bbox 3106 801 3180 870; x_wconf 77' lang='grc' dir='ltr'><strong>μὴ</strong></span> <span class='ocrx_word' id='word_1_153' title='bbox 3209 799 3500 869; x_wconf 76' lang='grc' dir='ltr'><strong>εὑρηκέναι</strong></span> <span class='ocrx_word' id='word_1_154' title='bbox 3543 799 3601 851; x_wconf 74' lang='grc' dir='ltr'>δὲ</span> <span class='ocrx_word' id='word_1_155' title='bbox 3633 797 3724 850; x_wconf 86' lang='grc' dir='ltr'><strong>τὸν</strong></span> 
     </span>
    </p>
   </div>
   <div class='ocr_carea' id='block_1_24' title="bbox 2159 891 3723 963">
    <p class='ocr_par' dir='ltr' id='par_1_24' title="bbox 2159 891 3723 963">
     <span class='ocr_line' id='line_1_24' title="bbox 2159 891 3723 963; baseline -0.001 -19"><span class='ocrx_word' id='word_1_156' title='bbox 2159 893 2368 963; x_wconf 86' lang='grc' dir='ltr'>νεκρὸν,</span> <span class='ocrx_word' id='word_1_157' title='bbox 2396 893 2444 945; x_wconf 79' lang='grc' dir='ltr'>οἱ</span> <span class='ocrx_word' id='word_1_158' title='bbox 2476 894 2602 963; x_wconf 73' lang='grc' dir='ltr'>περὶ</span> <span class='ocrx_word' id='word_1_159' title='bbox 2627 894 2836 946; x_wconf 78' lang='grc' dir='ltr'>Λουκᾶν</span> <span class='ocrx_word' id='word_1_160' title='bbox 2866 892 2971 944; x_wconf 89' lang='grc' dir='ltr'><strong>τῶν</strong></span> <span class='ocrx_word' id='word_1_161' title='bbox 3003 891 3399 959; x_wconf 81' lang='grc' dir='ltr'>εὐαγγελιστῶν</span> <span class='ocrx_word' id='word_1_162' title='bbox 3433 892 3723 961; x_wconf 75' lang='grc' dir='ltr'>γεγράφα-</span> 
     </span>
    </p>
   </div>
   <div class='ocr_carea' id='block_1_25' title="bbox 2163 983 3724 1058">
    <p class='ocr_par' dir='ltr' id='par_1_25' title="bbox 2163 983 3724 1058">
     <span class='ocr_line' id='line_1_25' title="bbox 2163 983 3724 1058; baseline -0.001 -20"><span class='ocrx_word' id='word_1_163' title='bbox 2163 1003 2245 1038; x_wconf 92' lang='grc' dir='ltr'><strong>σιν</strong></span> <span class='ocrx_word' id='word_1_164' title='bbox 2291 984 2643 1058; x_wconf 78' lang='grc' dir='ltr'><strong>ἱστοροῦντες.</strong></span> <span class='ocrx_word' id='word_1_165' title='bbox 2688 985 2760 1038; x_wconf 86' lang='grc' dir='ltr'>Τὸ</span> <span class='ocrx_word' id='word_1_166' title='bbox 2791 985 2897 1053; x_wconf 81' lang='grc' dir='ltr'>γὰρ</span> <span class='ocrx_word' id='word_1_167' title='bbox 2925 983 3018 1038; x_wconf 71' lang='grc' dir='ltr'>τοῦ</span> <span class='ocrx_word' id='word_1_168' title='bbox 3049 983 3244 1055; x_wconf 72' lang='grc' dir='ltr'>ὄρθρου</span> <span class='ocrx_word' id='word_1_169' title='bbox 3285 983 3418 1054; x_wconf 80' lang='grc' dir='ltr'>βαθὺ</span> <span class='ocrx_word' id='word_1_170' title='bbox 3455 985 3519 1036; x_wconf 91' lang='grc' dir='ltr'><strong>τὸ</strong></span> <span class='ocrx_word' id='word_1_171' title='bbox 3557 983 3724 1051; x_wconf 68' lang='grc' dir='ltr'>ἐγγύς</span> 
     </span>
    </p>
   </div>
   <div class='ocr_carea' id='block_1_26' title="bbox 2162 1076 3728 1147">
    <p class='ocr_par' dir='ltr' id='par_1_26' title="bbox 2162 1076 3728 1147">
     <span class='ocr_line' id='line_1_26' title="bbox 2162 1076 3728 1147; baseline 0.001 -19"><span class='ocrx_word' id='word_1_172' title='bbox 2162 1094 2262 1130; x_wconf 83' lang='grc' dir='ltr'>που</span> <span class='ocrx_word' id='word_1_173' title='bbox 2285 1078 2381 1147; x_wconf 77' lang='grc' dir='ltr'>τῆς</span> <span class='ocrx_word' id='word_1_174' title='bbox 2411 1077 2580 1147; x_wconf 86' lang='grc' dir='ltr'>μέσης</span> <span class='ocrx_word' id='word_1_175' title='bbox 2599 1079 2790 1140; x_wconf 88' lang='grc' dir='ltr'>νυκτὸς</span> <span class='ocrx_word' id='word_1_176' title='bbox 2813 1076 3036 1146; x_wconf 84' lang='grc' dir='ltr'><strong>μηνύειν</strong></span> <span class='ocrx_word' id='word_1_177' title='bbox 3059 1076 3544 1147; x_wconf 77' lang='grc' dir='ltr'>ὑπολαμϐάνουσιν.</span> <span class='ocrx_word' id='word_1_178' title='bbox 3569 1077 3728 1146; x_wconf 60' lang='lat' dir='ltr'><strong>“Ana.</strong></span> 
     </span>
    </p>
   </div>
   <div class='ocr_carea' id='block_1_27' title="bbox 2161 1167 3726 1239">
    <p class='ocr_par' dir='ltr' id='par_1_27' title="bbox 2161 1167 3726 1239">
     <span class='ocr_line' id='line_1_27' title="bbox 2161 1167 3726 1239; baseline -0.001 -19"><span class='ocrx_word' id='word_1_179' title='bbox 2161 1167 2218 1229; x_wconf 69' lang='grc' dir='ltr'>δὲ</span> <span class='ocrx_word' id='word_1_180' title='bbox 2247 1169 2338 1221; x_wconf 86' lang='grc' dir='ltr'>καί</span> <span class='ocrx_word' id='word_1_181' title='bbox 2370 1185 2422 1220; x_wconf 90' lang='grc' dir='ltr'><strong>τι</strong></span> <span class='ocrx_word' id='word_1_182' title='bbox 2462 1167 2621 1221; x_wconf 81' lang='grc' dir='ltr'>πλέον</span> <span class='ocrx_word' id='word_1_183' title='bbox 2663 1167 3070 1239; x_wconf 81' lang='grc' dir='ltr'>ὲπιλαμϐἀνοιτ’</span> <span class='ocrx_word' id='word_1_184' title='bbox 3109 1167 3174 1221; x_wconf 87' lang='grc' dir='ltr'>ἂν</span> <span class='ocrx_word' id='word_1_185' title='bbox 3212 1167 3353 1220; x_wconf 73' lang='grc' dir='ltr'>οὕτω</span> <span class='ocrx_word' id='word_1_186' title='bbox 3394 1168 3493 1237; x_wconf 72' lang='grc' dir='ltr'>τῆς</span> <span class='ocrx_word' id='word_1_187' title='bbox 3533 1167 3726 1238; x_wconf 76' lang='grc' dir='ltr'>τρίτης</span> 
     </span>
    </p>
   </div>
   <div class='ocr_carea' id='block_1_28' title="bbox 2162 1258 3727 1330">
    <p class='ocr_par' dir='ltr' id='par_1_28' title="bbox 2162 1258 3727 1330">
     <span class='ocr_line' id='line_1_28' title="bbox 2162 1258 3727 1330; baseline 0 -20"><span class='ocrx_word' id='word_1_188' title='bbox 2162 1259 2391 1330; x_wconf 74' lang='grc' dir='ltr'>ἡμέρας.</span> <span class='ocrx_word' id='word_1_189' title='bbox 2425 1259 2498 1312; x_wconf 90' lang='grc' dir='ltr'>Τὸ</span> <span class='ocrx_word' id='word_1_190' title='bbox 2525 1260 2581 1313; x_wconf 84' lang='grc' dir='ltr'>δὲ</span> <span class='ocrx_word' id='word_1_191' title='bbox 2607 1258 2788 1322; x_wconf 80' lang='grc' dir='ltr'>πλέον,</span> <span class='ocrx_word' id='word_1_192' title='bbox 2827 1262 3048 1330; x_wconf 90' lang='grc' dir='ltr'>σημεῖον</span> <span class='ocrx_word' id='word_1_193' title='bbox 3079 1259 3145 1330; x_wconf 82' lang='grc' dir='ltr'>δὴ</span> <span class='ocrx_word' id='word_1_194' title='bbox 3184 1258 3284 1329; x_wconf 77' lang='grc' dir='ltr'>τῆς</span> <span class='ocrx_word' id='word_1_195' title='bbox 3321 1258 3536 1330; x_wconf 81' lang='grc' dir='ltr'>τριάδος</span> <span class='ocrx_word' id='word_1_196' title='bbox 3577 1259 3727 1310; x_wconf 72' lang='grc' dir='ltr'>ἐστὶν</span> 
     </span>
    </p>
   </div>
   <div class='ocr_carea' id='block_1_29' title="bbox 2163 1351 3726 1422">
    <p class='ocr_par' dir='ltr' id='par_1_29' title="bbox 2163 1351 3726 1422">
     <span class='ocr_line' id='line_1_29' title="bbox 2163 1351 3726 1422; baseline 0.001 -20"><span class='ocrx_word' id='word_1_197' title='bbox 2163 1351 2570 1422; x_wconf 79' lang='grc' dir='ltr'>ἐναργέστερον.</span> <span class='ocrx_word' id='word_1_198' title='bbox 2595 1351 2712 1403; x_wconf 90' lang='grc' dir='ltr'>Τῶν</span> <span class='ocrx_word' id='word_1_199' title='bbox 2744 1351 2788 1404; x_wconf 84' lang='grc' dir='ltr'>δ’</span> <span class='ocrx_word' id='word_1_200' title='bbox 2823 1352 3136 1406; x_wconf 82' lang='grc' dir='ltr'>Ἰταλιωτῶν</span> <span class='ocrx_word' id='word_1_201' title='bbox 3161 1353 3207 1404; x_wconf 82' lang='grc' dir='ltr'>οἱ</span> <span class='ocrx_word' id='word_1_202' title='bbox 3235 1353 3360 1422; x_wconf 73' lang='grc' dir='ltr'>περὶ</span> <span class='ocrx_word' id='word_1_203' title='bbox 3381 1353 3476 1422; x_wconf 73' lang='grc' dir='ltr'>τὴν</span> <span class='ocrx_word' id='word_1_204' title='bbox 3508 1351 3726 1421; x_wconf 82' lang='grc' dir='ltr'>Ῥώμην</span> 
     </span>
    </p>
   </div>
   <div class='ocr_carea' id='block_1_30' title="bbox 2169 1441 3730 1513">
    <p class='ocr_par' dir='ltr' id='par_1_30' title="bbox 2169 1441 3730 1513">
     <span class='ocr_line' id='line_1_30' title="bbox 2169 1441 3730 1513; baseline 0.002 -20"><span class='ocrx_word' id='word_1_205' title='bbox 2169 1441 2304 1512; x_wconf 85' lang='grc' dir='ltr'>μετὰ</span> <span class='ocrx_word' id='word_1_206' title='bbox 2326 1442 2495 1512; x_wconf 81' lang='grc' dir='ltr'>μέσην</span> <span class='ocrx_word' id='word_1_207' title='bbox 2517 1461 2618 1496; x_wconf 86' lang='grc' dir='ltr'><strong>που</strong></span> <span class='ocrx_word' id='word_1_208' title='bbox 2643 1443 2811 1497; x_wconf 81' lang='grc' dir='ltr'>νύκτα</span> <span class='ocrx_word' id='word_1_209' title='bbox 2838 1444 2991 1512; x_wconf 73' lang='grc' dir='ltr'>φασὶ,</span> <span class='ocrx_word' id='word_1_210' title='bbox 3025 1445 3120 1496; x_wconf 66' lang='grc' dir='ltr'>καὶ</span> <span class='ocrx_word' id='word_1_211' title='bbox 3147 1444 3209 1497; x_wconf 91' lang='grc' dir='ltr'><strong>τὸ</strong></span> <span class='ocrx_word' id='word_1_212' title='bbox 3226 1444 3381 1512; x_wconf 73' lang='grc' dir='ltr'>βαθὺ,</span> <span class='ocrx_word' id='word_1_213' title='bbox 3405 1444 3730 1513; x_wconf 68' lang='grc' dir='ltr'>ἀφιστάντες</span> 
     </span>
    </p>
   </div>
   <div class='ocr_carea' id='block_1_31' title="bbox 2169 1533 3731 1607">
    <p class='ocr_par' dir='ltr' id='par_1_31' title="bbox 2169 1533 3731 1607">
     <span class='ocr_line' id='line_1_31' title="bbox 2169 1533 3731 1607; baseline 0.001 -21"><span class='ocrx_word' id='word_1_214' title='bbox 2169 1533 2363 1598; x_wconf 77' lang='grc' dir='ltr'>ἱκανῶς</span> <span class='ocrx_word' id='word_1_215' title='bbox 2404 1535 2496 1587; x_wconf 79' lang='grc' dir='ltr'><strong>τοῦ</strong></span> <span class='ocrx_word' id='word_1_216' title='bbox 2546 1536 2731 1607; x_wconf 81' lang='grc' dir='ltr'>μέσου,</span> <span class='ocrx_word' id='word_1_217' title='bbox 2771 1535 3044 1590; x_wconf 78' lang='grc' dir='ltr'>ἀκούουσι.</span> <span class='ocrx_word' id='word_1_218' title='bbox 3092 1536 3335 1606; x_wconf 86' lang='grc' dir='ltr'>Μηδενὸς</span> <span class='ocrx_word' id='word_1_219' title='bbox 3377 1535 3421 1588; x_wconf 85' lang='grc' dir='ltr'>δ’</span> <span class='ocrx_word' id='word_1_220' title='bbox 3467 1537 3575 1606; x_wconf 76' lang='grc' dir='ltr'>ἄρα</span> <span class='ocrx_word' id='word_1_221' title='bbox 3621 1537 3731 1588; x_wconf 86' lang='grc' dir='ltr'><strong>τῶν</strong></span> 
     </span>
    </p>
   </div>
   <div class='ocr_carea' id='block_1_32' title="bbox 2170 1626 3730 1697">
    <p class='ocr_par' dir='ltr' id='par_1_32' title="bbox 2170 1626 3730 1697">
     <span class='ocr_line' id='line_1_32' title="bbox 2170 1626 3730 1697; baseline 0.002 -20"><span class='ocrx_word' id='word_1_222' title='bbox 2170 1626 2527 1697; x_wconf 81' lang='grc' dir='ltr'>συγγραφέων</span> <span class='ocrx_word' id='word_1_223' title='bbox 2565 1627 2987 1697; x_wconf 84' lang='grc' dir='ltr'>ἀποσαφοῦντος,</span> <span class='ocrx_word' id='word_1_224' title='bbox 3022 1627 3181 1680; x_wconf 82' lang='grc' dir='ltr'>ὁπότε</span> <span class='ocrx_word' id='word_1_225' title='bbox 3208 1628 3309 1697; x_wconf 84' lang='grc' dir='ltr'>τῆς</span> <span class='ocrx_word' id='word_1_226' title='bbox 3339 1629 3529 1690; x_wconf 85' lang='grc' dir='ltr'>νυκτὸς</span> <span class='ocrx_word' id='word_1_227' title='bbox 3549 1630 3577 1679; x_wconf 83' lang='grc' dir='ltr'>ὁ</span> <span class='ocrx_word' id='word_1_228' title='bbox 3597 1627 3730 1690; x_wconf 81' lang='grc' dir='ltr'>Θεὸς</span> 
     </span>
    </p>
   </div>
   <div class='ocr_carea' id='block_1_33' title="bbox 2168 1719 3731 1792">
    <p class='ocr_par' dir='ltr' id='par_1_33' title="bbox 2168 1719 3731 1792">
     <span class='ocr_line' id='line_1_33' title="bbox 2168 1719 3731 1792; baseline 0.001 -20"><span class='ocrx_word' id='word_1_229' title='bbox 2168 1719 2430 1791; x_wconf 75' lang='grc' dir='ltr'>ἀναὸιῲη,</span> <span class='ocrx_word' id='word_1_230' title='bbox 2458 1720 2599 1774; x_wconf 81' lang='grc' dir='ltr'>έοικε</span> <span class='ocrx_word' id='word_1_231' title='bbox 2625 1721 2721 1791; x_wconf 80' lang='grc' dir='ltr'><strong>μὲν</strong></span> <span class='ocrx_word' id='word_1_232' title='bbox 2748 1719 3162 1792; x_wconf 73' lang='grc' dir='ltr'>ἀσφαλεστέρως</span> <span class='ocrx_word' id='word_1_233' title='bbox 3184 1721 3248 1774; x_wconf 86' lang='grc' dir='ltr'><strong>ἂν</strong></span> <span class='ocrx_word' id='word_1_234' title='bbox 3270 1721 3434 1792; x_wconf 72' lang='grc' dir='ltr'>ἔχειν,</span> <span class='ocrx_word' id='word_1_235' title='bbox 3451 1721 3608 1784; x_wconf 78' lang='grc' dir='ltr'>εἴτις</span> <span class='ocrx_word' id='word_1_236' title='bbox 3636 1722 3731 1774; x_wconf 75' lang='grc' dir='ltr'>ἀπ’</span> 
     </span>
    </p>
   </div>
   <div class='ocr_carea' id='block_1_34' title="bbox 506 1799 2067 1885">
    <p class='ocr_par' dir='ltr' id='par_1_34' title="bbox 506 1799 2067 1869">
     <span class='ocr_line' id='line_1_34' title="bbox 506 1799 2067 1869; baseline -0.005 -9"><span class='ocrx_word' id='word_1_237' title='bbox 506 1809 611 1862; x_wconf 82' lang='lat' dir='ltr'><strong>etis</strong></span> <span class='ocrx_word' id='word_1_238' title='bbox 645 1808 823 1863; x_wconf 91' lang='lat' dir='ltr'><strong>medio</strong></span> <span class='ocrx_word' id='word_1_239' title='bbox 847 1806 1174 1863; x_wconf 82' lang='lat' dir='ltr'><strong>suﬂicienter</strong></span> <span class='ocrx_word' id='word_1_240' title='bbox 1198 1805 1478 1858; x_wconf 91' lang='lat' dir='ltr'><strong>dirimant.</strong></span> <span class='ocrx_word' id='word_1_241' title='bbox 1519 1802 1655 1856; x_wconf 86' lang='lat' dir='ltr'><strong>Cum</strong></span> <span class='ocrx_word' id='word_1_242' title='bbox 1703 1814 1834 1869; x_wconf 85' lang='lat' dir='ltr'><strong>ergo</strong></span> <span class='ocrx_word' id='word_1_243' title='bbox 1884 1799 2067 1853; x_wconf 89' lang='lat' dir='ltr'><strong>nullus</strong></span> 
     </span>
    </p>
   </div>
   <div class='ocr_carea' id='block_1_35' title="bbox 2170 1799 3731 1885">
    <p class='ocr_par' dir='ltr' id='par_1_35' title="bbox 2170 1811 3731 1885">
     <span class='ocr_line' id='line_1_35' title="bbox 2170 1811 3731 1885; baseline -0.001 -21"><span class='ocrx_word' id='word_1_244' title='bbox 2170 1811 2342 1881; x_wconf 73' lang='grc' dir='ltr'>ἄκρας</span> <span class='ocrx_word' id='word_1_245' title='bbox 2367 1812 2557 1876; x_wconf 86' lang='grc' dir='ltr'>νυκτὸς</span> <span class='ocrx_word' id='word_1_246' title='bbox 2579 1812 2778 1866; x_wconf 84' lang='grc' dir='ltr'>τιθείτο</span> <span class='ocrx_word' id='word_1_247' title='bbox 2799 1813 2895 1884; x_wconf 75' lang='grc' dir='ltr'>τὴν</span> <span class='ocrx_word' id='word_1_248' title='bbox 2913 1815 3011 1884; x_wconf 80' lang='grc' dir='ltr'>τῆς</span> <span class='ocrx_word' id='word_1_249' title='bbox 3036 1813 3246 1885; x_wconf 81' lang='grc' dir='ltr'>ἡμέρας</span> <span class='ocrx_word' id='word_1_250' title='bbox 3269 1814 3462 1883; x_wconf 75' lang='grc' dir='ltr'>ἀρχήν.</span> <span class='ocrx_word' id='word_1_251' title='bbox 3491 1811 3731 1882; x_wconf 63' lang='grc' dir='ltr'><strong>Συμϐαίς</strong></span> 
     </span>
    </p>
   </div>
   <div class='ocr_carea' id='block_1_36' title="bbox 504 1892 2067 1970">
    <p class='ocr_par' dir='ltr' id='par_1_36' title="bbox 504 1892 2067 1970">
     <span class='ocr_line' id='line_1_36' title="bbox 504 1892 2067 1970; baseline -0.005 -17"><span class='ocrx_word' id='word_1_252' title='bbox 504 1898 785 1970; x_wconf 77' lang='lat' dir='ltr'><strong>Evangelii</strong></span> <span class='ocrx_word' id='word_1_253' title='bbox 819 1901 1051 1969; x_wconf 84' lang='lat' dir='ltr'><strong>scriptor</strong></span> <span class='ocrx_word' id='word_1_254' title='bbox 1071 1899 1283 1959; x_wconf 79' lang='lat' dir='ltr'><strong>doceat,</strong></span> <span class='ocrx_word' id='word_1_255' title='bbox 1326 1911 1432 1966; x_wconf 85' lang='lat' dir='ltr'><strong>qua</strong></span> <span class='ocrx_word' id='word_1_256' title='bbox 1487 1902 1642 1963; x_wconf 86' lang='lat' dir='ltr'><strong>parte</strong></span> <span class='ocrx_word' id='word_1_257' title='bbox 1689 1893 1867 1948; x_wconf 89' lang='lat' dir='ltr'><strong>noctis</strong></span> <span class='ocrx_word' id='word_1_258' title='bbox 1914 1892 2067 1946; x_wconf 88' lang='lat' dir='ltr'><strong>Chri-</strong></span> 
     </span>
    </p>
   </div>
   <div class='ocr_carea' id='block_1_37' title="bbox 501 1983 2065 2054">
    <p class='ocr_par' dir='ltr' id='par_1_37' title="bbox 501 1983 2065 2054">
     <span class='ocr_line' id='line_1_37' title="bbox 501 1983 2065 2054; baseline -0.008 -10"><span class='ocrx_word' id='word_1_259' title='bbox 501 1997 628 2044; x_wconf 75' lang='lat' dir='ltr'><strong>stus</strong></span> <span class='ocrx_word' id='word_1_260' title='bbox 649 1991 965 2049; x_wconf 79' lang='lat' dir='ltr'><strong>surrexerit,</strong></span> <span class='ocrx_word' id='word_1_261' title='bbox 999 1988 1172 2040; x_wconf 82' lang='lat' dir='ltr'><strong>tutius</strong></span> <span class='ocrx_word' id='word_1_262' title='bbox 1199 1985 1414 2054; x_wconf 89' lang='lat' dir='ltr'><strong>quidem</strong></span> <span class='ocrx_word' id='word_1_263' title='bbox 1444 1983 1674 2045; x_wconf 89' lang='lat' dir='ltr'><strong>videtur,</strong></span> <span class='ocrx_word' id='word_1_264' title='bbox 1707 1983 1752 2036; x_wconf 89' lang='lat' dir='ltr'><strong>si</strong></span> <span class='ocrx_word' id='word_1_265' title='bbox 1784 1983 1907 2050; x_wconf 87' lang='lat' dir='ltr'><strong>quis</strong></span> <span class='ocrx_word' id='word_1_266' title='bbox 1934 1996 2065 2034; x_wconf 82' lang='lat' dir='ltr'><strong>con-</strong></span> 
     </span>
    </p>
   </div>
   <div class='ocr_carea' id='block_1_38' title="bbox 503 2070 2067 2144">
    <p class='ocr_par' dir='ltr' id='par_1_38' title="bbox 503 2070 2067 2144">
     <span class='ocr_line' id='line_1_38' title="bbox 503 2070 2067 2144; baseline -0.006 -10"><span class='ocrx_word' id='word_1_267' title='bbox 503 2082 700 2134; x_wconf 80' lang='lat' dir='ltr'><strong>stituat</strong></span> <span class='ocrx_word' id='word_1_268' title='bbox 724 2095 752 2134; x_wconf 89' lang='lat' dir='ltr'><strong>a</strong></span> <span class='ocrx_word' id='word_1_269' title='bbox 782 2095 994 2134; x_wconf 87' lang='lat' dir='ltr'><strong>summa</strong></span> <span class='ocrx_word' id='word_1_270' title='bbox 1025 2086 1183 2132; x_wconf 80' lang='lat' dir='ltr'><strong>nocte</strong></span> <span class='ocrx_word' id='word_1_271' title='bbox 1211 2075 1317 2130; x_wconf 91' lang='lat' dir='ltr'><strong>diei</strong></span> <span class='ocrx_word' id='word_1_272' title='bbox 1365 2074 1711 2144; x_wconf 89' lang='lat' dir='ltr'><strong>principium.</strong></span> <span class='ocrx_word' id='word_1_273' title='bbox 1744 2072 1878 2126; x_wconf 87' lang='lat' dir='ltr'><strong>Nam</strong></span> <span class='ocrx_word' id='word_1_274' title='bbox 1923 2070 2067 2140; x_wconf 86' lang='lat' dir='ltr'><strong>quod</strong></span> 
     </span>
    </p>
   </div>
   <div class='ocr_carea' id='block_1_39' title="bbox 507 2164 2064 2246">
    <p class='ocr_par' dir='ltr' id='par_1_39' title="bbox 507 2164 2064 2246">
     <span class='ocr_line' id='line_1_39' title="bbox 507 2164 2064 2246; baseline -0.007 -21"><span class='ocrx_word' id='word_1_275' title='bbox 507 2170 742 2225; x_wconf 85' lang='lat' dir='ltr'><strong>mediam</strong></span> <span class='ocrx_word' id='word_1_276' title='bbox 791 2177 1004 2224; x_wconf 84' lang='lat' dir='ltr'><strong>noctem</strong></span> <span class='ocrx_word' id='word_1_277' title='bbox 1053 2167 1425 2246; x_wconf 74' lang='lat' dir='ltr'><strong>subsequitur,</strong></span> <span class='ocrx_word' id='word_1_278' title='bbox 1474 2164 1682 2218; x_wconf 83' lang='lat' dir='ltr'><strong>accedit</strong></span> <span class='ocrx_word' id='word_1_279' title='bbox 1730 2164 1806 2217; x_wconf 90' lang='lat' dir='ltr'><strong>illi</strong></span> <span class='ocrx_word' id='word_1_280' title='bbox 1845 2177 1941 2232; x_wconf 92' lang='lat' dir='ltr'><strong>pro</strong></span> <span class='ocrx_word' id='word_1_281' title='bbox 1967 2177 2064 2214; x_wconf 87' lang='lat' dir='ltr'><strong>au-</strong></span> 
     </span>
    </p>
   </div>
   <div class='ocr_carea' id='block_1_40' title="bbox 510 2253 2065 2327">
    <p class='ocr_par' dir='ltr' id='par_1_40' title="bbox 510 2253 2065 2327">
     <span class='ocr_line' id='line_1_40' title="bbox 510 2253 2065 2327; baseline -0.008 -10"><span class='ocrx_word' id='word_1_282' title='bbox 510 2264 709 2317; x_wconf 90' lang='lat' dir='ltr'><strong>ctario.</strong></span> <span class='ocrx_word' id='word_1_283' title='bbox 752 2261 959 2327; x_wconf 84' lang='lat' dir='ltr'><strong>Quibus</strong></span> <span class='ocrx_word' id='word_1_284' title='bbox 991 2274 1119 2312; x_wconf 87' lang='lat' dir='ltr'><strong>vero</strong></span> <span class='ocrx_word' id='word_1_285' title='bbox 1154 2257 1207 2310; x_wconf 93' lang='lat' dir='ltr'><strong>in</strong></span> <span class='ocrx_word' id='word_1_286' title='bbox 1237 2257 1338 2310; x_wconf 86' lang='lat' dir='ltr'><strong>hoc</strong></span> <span class='ocrx_word' id='word_1_287' title='bbox 1385 2255 1561 2309; x_wconf 92' lang='lat' dir='ltr'><strong>solum</strong></span> <span class='ocrx_word' id='word_1_288' title='bbox 1623 2254 1764 2308; x_wconf 86' lang='lat' dir='ltr'><strong>ratio</strong></span> <span class='ocrx_word' id='word_1_289' title='bbox 1799 2253 1903 2307; x_wconf 90' lang='lat' dir='ltr'><strong>sita</strong></span> <span class='ocrx_word' id='word_1_290' title='bbox 1948 2259 2065 2316; x_wconf 85' lang='lat' dir='ltr'><strong>est,</strong></span> 
     </span>
    </p>
   </div>
   <div class='ocr_carea' id='block_1_41' title="bbox 509 2343 2067 2420">
    <p class='ocr_par' dir='ltr' id='par_1_41' title="bbox 509 2343 2067 2420">
     <span class='ocr_line' id='line_1_41' title="bbox 509 2343 2067 2420; baseline -0.006 -14"><span class='ocrx_word' id='word_1_291' title='bbox 509 2368 618 2406; x_wconf 88' lang='lat' dir='ltr'><strong>non</strong></span> <span class='ocrx_word' id='word_1_292' title='bbox 650 2352 823 2420; x_wconf 84' lang='lat' dir='ltr'><strong>major</strong></span> <span class='ocrx_word' id='word_1_293' title='bbox 845 2361 928 2405; x_wconf 90' lang='lat' dir='ltr'><strong>est</strong></span> <span class='ocrx_word' id='word_1_294' title='bbox 957 2347 1154 2401; x_wconf 80' lang='lat' dir='ltr'><strong>ﬁducia</strong></span> <span class='ocrx_word' id='word_1_295' title='bbox 1177 2344 1323 2416; x_wconf 86' lang='lat' dir='ltr'><strong>quod</strong></span> <span class='ocrx_word' id='word_1_296' title='bbox 1349 2344 1536 2398; x_wconf 85' lang='lat' dir='ltr'><strong>volunt</strong></span> <span class='ocrx_word' id='word_1_297' title='bbox 1560 2343 1882 2417; x_wconf 75' lang='lat' dir='ltr'><strong>assequendi</strong></span> <span class='ocrx_word' id='word_1_298' title='bbox 1905 2358 2067 2413; x_wconf 90' lang='lat' dir='ltr'><strong>quam</strong></span> 
     </span>
    </p>
   </div>
   <div class='ocr_carea' id='block_1_42' title="bbox 513 2427 2071 2514">
    <p class='ocr_par' dir='ltr' id='par_1_42' title="bbox 513 2427 2071 2514">
     <span class='ocr_line' id='line_1_42' title="bbox 513 2427 2071 2514; baseline -0.005 -20"><span class='ocrx_word' id='word_1_299' title='bbox 513 2441 816 2514; x_wconf 88' lang='lat' dir='ltr'><strong>periculum</strong></span> <span class='ocrx_word' id='word_1_300' title='bbox 848 2441 916 2494; x_wconf 89' lang='lat' dir='ltr'><strong>ab</strong></span> <span class='ocrx_word' id='word_1_301' title='bbox 945 2427 1007 2493; x_wconf 78' lang='lat' dir='ltr'><strong>eo</strong></span> <span class='ocrx_word' id='word_1_302' title='bbox 1035 2435 1344 2492; x_wconf 85' lang='lat' dir='ltr'><strong>aberrandi.</strong></span> <span class='ocrx_word' id='word_1_303' title='bbox 1399 2434 1508 2489; x_wconf 92' lang='lat' dir='ltr'><strong>llos</strong></span> <span class='ocrx_word' id='word_1_304' title='bbox 1549 2435 1694 2488; x_wconf 91' lang='lat' dir='ltr'><strong>enim</strong></span> <span class='ocrx_word' id='word_1_305' title='bbox 1748 2433 1866 2487; x_wconf 84' lang='lat' dir='ltr'><strong>vice</strong></span> <span class='ocrx_word' id='word_1_306' title='bbox 1915 2447 2071 2486; x_wconf 88' lang='lat' dir='ltr'><strong>versa</strong></span> 
     </span>
    </p>
   </div>
   <div class='ocr_carea' id='block_1_43' title="bbox 509 2522 2071 2594">
    <p class='ocr_par' dir='ltr' id='par_1_43' title="bbox 509 2522 2071 2594">
     <span class='ocr_line' id='line_1_43' title="bbox 509 2522 2071 2594; baseline -0.006 -9"><span class='ocrx_word' id='word_1_307' title='bbox 509 2530 615 2585; x_wconf 85' lang='lat' dir='ltr'><strong>hoc</strong></span> <span class='ocrx_word' id='word_1_308' title='bbox 658 2529 1046 2585; x_wconf 89' lang='lat' dir='ltr'><strong>inconveniens</strong></span> <span class='ocrx_word' id='word_1_309' title='bbox 1102 2533 1380 2594; x_wconf 87' lang='lat' dir='ltr'><strong>sequetur,</strong></span> <span class='ocrx_word' id='word_1_310' title='bbox 1413 2523 1540 2578; x_wconf 89' lang='lat' dir='ltr'><strong>dum</strong></span> <span class='ocrx_word' id='word_1_311' title='bbox 1595 2522 1824 2592; x_wconf 87' lang='lat' dir='ltr'><strong>primam</strong></span> <span class='ocrx_word' id='word_1_312' title='bbox 1859 2529 2071 2576; x_wconf 83' lang='lat' dir='ltr'><strong>noctem</strong></span> 
     </span>
    </p>
   </div>
   <div class='ocr_carea' id='block_1_44' title="bbox 506 2615 2070 2693">
    <p class='ocr_par' dir='ltr' id='par_1_44' title="bbox 506 2615 2070 2693">
     <span class='ocr_line' id='line_1_44' title="bbox 506 2615 2070 2693; baseline -0.006 -15"><span class='ocrx_word' id='word_1_313' title='bbox 506 2623 615 2678; x_wconf 87' lang='lat' dir='ltr'><strong>diei</strong></span> <span class='ocrx_word' id='word_1_314' title='bbox 647 2623 974 2693; x_wconf 88' lang='lat' dir='ltr'><strong>principium</strong></span> <span class='ocrx_word' id='word_1_315' title='bbox 1010 2630 1248 2690; x_wconf 90' lang='lat' dir='ltr'><strong>ponunt;</strong></span> <span class='ocrx_word' id='word_1_316' title='bbox 1279 2615 1423 2688; x_wconf 89' lang='lat' dir='ltr'><strong>quod</strong></span> <span class='ocrx_word' id='word_1_317' title='bbox 1469 2631 1592 2670; x_wconf 90' lang='lat' dir='ltr'><strong>cum</strong></span> <span class='ocrx_word' id='word_1_318' title='bbox 1645 2616 1967 2684; x_wconf 89' lang='lat' dir='ltr'><strong>permissum</strong></span> <span class='ocrx_word' id='word_1_319' title='bbox 1999 2615 2070 2669; x_wconf 92' lang='lat' dir='ltr'><strong>sit</strong></span> 
     </span>
    </p>
   </div>
   <div class='ocr_carea' id='block_1_45' title="bbox 508 2707 2069 2780">
    <p class='ocr_par' dir='ltr' id='par_1_45' title="bbox 508 2707 2069 2780">
     <span class='ocr_line' id='line_1_45' title="bbox 508 2707 2069 2780; baseline -0.005 -13"><span class='ocrx_word' id='word_1_320' title='bbox 508 2715 770 2768; x_wconf 85' lang='lat' dir='ltr'><strong>carnibus</strong></span> <span class='ocrx_word' id='word_1_321' title='bbox 797 2713 941 2767; x_wconf 86' lang='lat' dir='ltr'><strong>vesci</strong></span> <span class='ocrx_word' id='word_1_322' title='bbox 967 2711 1252 2780; x_wconf 84' lang='lat' dir='ltr'><strong>postridie.</strong></span> <span class='ocrx_word' id='word_1_323' title='bbox 1286 2709 1338 2763; x_wconf 89' lang='lat' dir='ltr'><strong>id</strong></span> <span class='ocrx_word' id='word_1_324' title='bbox 1369 2708 1585 2778; x_wconf 91' lang='lat' dir='ltr'><strong>quidem</strong></span> <span class='ocrx_word' id='word_1_325' title='bbox 1611 2707 2069 2760; x_wconf 89' lang='lat' dir='ltr'><strong>licebitasumma</strong></span> 
     </span>
    </p>
   </div>
   <div class='ocr_carea' id='block_1_46' title="bbox 511 2798 2068 2875">
    <p class='ocr_par' dir='ltr' id='par_1_46' title="bbox 511 2798 2068 2875">
     <span class='ocr_line' id='line_1_46' title="bbox 511 2798 2068 2875; baseline -0.007 -15"><span class='ocrx_word' id='word_1_326' title='bbox 511 2805 847 2875; x_wconf 61' lang='lat' dir='ltr'><strong>praecedente</strong></span> <span class='ocrx_word' id='word_1_327' title='bbox 877 2812 1081 2858; x_wconf 85' lang='lat' dir='ltr'><strong>nocte:</strong></span> <span class='ocrx_word' id='word_1_328' title='bbox 1121 2811 1314 2856; x_wconf 85' lang='lat' dir='ltr'><strong>contra</strong></span> <span class='ocrx_word' id='word_1_329' title='bbox 1361 2815 1488 2855; x_wconf 89' lang='lat' dir='ltr'><strong>vero</strong></span> <span class='ocrx_word' id='word_1_330' title='bbox 1541 2813 1665 2854; x_wconf 89' lang='lat' dir='ltr'><strong>cum</strong></span> <span class='ocrx_word' id='word_1_331' title='bbox 1721 2798 1793 2852; x_wconf 85' lang='lat' dir='ltr'><strong>sit</strong></span> <span class='ocrx_word' id='word_1_332' title='bbox 1841 2799 2068 2850; x_wconf 89' lang='lat' dir='ltr'><strong>vetitum</strong></span> 
     </span>
    </p>
   </div>
   <div class='ocr_carea' id='block_1_47' title="bbox 507 2893 2070 2952">
    <p class='ocr_par' dir='ltr' id='par_1_47' title="bbox 507 2893 2070 2952">
     <span class='ocr_line' id='line_1_47' title="bbox 507 2893 2070 2952; baseline -0.005 0"><span class='ocrx_word' id='word_1_333' title='bbox 507 2897 697 2952; x_wconf 85' lang='lat' dir='ltr'><strong>eadem</strong></span> <span class='ocrx_word' id='word_1_334' title='bbox 732 2897 818 2950; x_wconf 91' lang='lat' dir='ltr'><strong>die</strong></span> <span class='ocrx_word' id='word_1_335' title='bbox 838 2911 1047 2949; x_wconf 67' lang='lat' dir='ltr'><strong>caenam</strong></span> <span class='ocrx_word' id='word_1_336' title='bbox 1083 2896 1150 2948; x_wconf 91' lang='lat' dir='ltr'><strong>de</strong></span> <span class='ocrx_word' id='word_1_337' title='bbox 1178 2893 1437 2947; x_wconf 80' lang='lat' dir='ltr'><strong>carnibus</strong></span> <span class='ocrx_word' id='word_1_338' title='bbox 1473 2905 1710 2952; x_wconf 88' lang='lat' dir='ltr'><strong>sumere,</strong></span> <span class='ocrx_word' id='word_1_339' title='bbox 1739 2905 1847 2943; x_wconf 86' lang='lat' dir='ltr'><strong>non</strong></span> <span class='ocrx_word' id='word_1_340' title='bbox 1873 2904 2070 2944; x_wconf 88' lang='lat' dir='ltr'><strong>conce-</strong></span> 
     </span>
    </p>
   </div>
   <div class='ocr_carea' id='block_1_48' title="bbox 511 2982 2071 3055">
    <p class='ocr_par' dir='ltr' id='par_1_48' title="bbox 511 2982 2071 3055">
     <span class='ocr_line' id='line_1_48' title="bbox 511 2982 2071 3055; baseline -0.005 -13"><span class='ocrx_word' id='word_1_341' title='bbox 511 2989 674 3044; x_wconf 89' lang='lat' dir='ltr'><strong>detur</strong></span> <span class='ocrx_word' id='word_1_342' title='bbox 708 2992 898 3045; x_wconf 86' lang='lat' dir='ltr'><strong>eadem</strong></span> <span class='ocrx_word' id='word_1_343' title='bbox 923 2998 1100 3043; x_wconf 91' lang='lat' dir='ltr'><strong>nocte.</strong></span> <span class='ocrx_word' id='word_1_344' title='bbox 1133 2985 1244 3040; x_wconf 81' lang='lat' dir='ltr'><strong>Hac</strong></span> <span class='ocrx_word' id='word_1_345' title='bbox 1277 2987 1442 3055; x_wconf 81' lang='lat' dir='ltr'><strong>igitur</strong></span> <span class='ocrx_word' id='word_1_346' title='bbox 1475 2986 1542 3040; x_wconf 90' lang='lat' dir='ltr'><strong>de</strong></span> <span class='ocrx_word' id='word_1_347' title='bbox 1598 2999 1657 3039; x_wconf 89' lang='lat' dir='ltr'><strong>re</strong></span> <span class='ocrx_word' id='word_1_348' title='bbox 1701 2983 1895 3038; x_wconf 85' lang='lat' dir='ltr'><strong>melius</strong></span> <span class='ocrx_word' id='word_1_349' title='bbox 1947 2982 2071 3036; x_wconf 86' lang='lat' dir='ltr'><strong>dili-</strong></span> 
     </span>
    </p>
   </div>
   <div class='ocr_carea' id='block_1_49' title="bbox 512 3077 2070 3154">
    <p class='ocr_par' dir='ltr' id='par_1_49' title="bbox 512 3077 2070 3154">
     <span class='ocr_line' id='line_1_49' title="bbox 512 3077 2070 3154; baseline -0.004 -17"><span class='ocrx_word' id='word_1_350' title='bbox 512 3099 544 3153; x_wconf 87' lang='lat' dir='ltr'><strong>g</strong></span> <span class='ocrx_word' id='word_1_351' title='bbox 566 3084 836 3154; x_wconf 46' lang='lat' dir='ltr'><strong>‘ntiusque</strong></span> <span class='ocrx_word' id='word_1_352' title='bbox 860 3084 1038 3137; x_wconf 78' lang='lat' dir='ltr'><strong>denuo</strong></span> <span class='ocrx_word' id='word_1_353' title='bbox 1058 3091 1139 3137; x_wconf 90' lang='lat' dir='ltr'><strong>est</strong></span> <span class='ocrx_word' id='word_1_354' title='bbox 1166 3079 1621 3136; x_wconf 89' lang='lat' dir='ltr'><strong>considerandum</strong></span> <span class='ocrx_word' id='word_1_355' title='bbox 1654 3099 1666 3134; x_wconf 89' lang='lat'><strong>:</strong></span> <span class='ocrx_word' id='word_1_356' title='bbox 1699 3077 2070 3134; x_wconf 88' lang='lat' dir='ltr'><strong>commodum-</strong></span> 
     </span>
    </p>
   </div>
   <div class='ocr_carea' id='block_1_50' title="bbox 2169 1899 3731 1975">
    <p class='ocr_par' dir='ltr' id='par_1_50' title="bbox 2169 1899 3731 1975">
     <span class='ocr_line' id='line_1_50' title="bbox 2169 1899 3731 1975; baseline 0.003 -21"><span class='ocrx_word' id='word_1_357' title='bbox 2169 1919 2246 1954; x_wconf 88' lang='grc' dir='ltr'><strong>νει</strong></span> <span class='ocrx_word' id='word_1_358' title='bbox 2275 1903 2382 1974; x_wconf 76' lang='grc' dir='ltr'><strong>γὰρ</strong></span> <span class='ocrx_word' id='word_1_359' title='bbox 2415 1903 2562 1974; x_wconf 75' lang='grc' dir='ltr'>αὐτῷ</span> <span class='ocrx_word' id='word_1_360' title='bbox 2594 1904 2651 1970; x_wconf 83' lang='grc' dir='ltr'>ἐξ</span> <span class='ocrx_word' id='word_1_361' title='bbox 2686 1905 2978 1975; x_wconf 80' lang='grc' dir='ltr'>ὲπιμέτρου</span> <span class='ocrx_word' id='word_1_362' title='bbox 3014 1905 3074 1957; x_wconf 89' lang='grc' dir='ltr'><strong>τὸ</strong></span> <span class='ocrx_word' id='word_1_363' title='bbox 3106 1905 3244 1975; x_wconf 84' lang='grc' dir='ltr'><strong>μετά</strong></span> <span class='ocrx_word' id='word_1_364' title='bbox 3268 1904 3365 1975; x_wconf 70' lang='grc' dir='ltr'>τὴν</span> <span class='ocrx_word' id='word_1_365' title='bbox 3404 1905 3596 1975; x_wconf 83' lang='grc' dir='ltr'>μέσην.</span> <span class='ocrx_word' id='word_1_366' title='bbox 3637 1899 3731 1968; x_wconf 72' lang='grc' dir='ltr'>Οἷς</span> 
     </span>
    </p>
   </div>
   <div class='ocr_carea' id='block_1_51' title="bbox 2169 1990 3733 2065">
    <p class='ocr_par' dir='ltr' id='par_1_51' title="bbox 2169 1990 3733 2065">
     <span class='ocr_line' id='line_1_51' title="bbox 2169 1990 3733 2065; baseline 0.003 -22"><span class='ocrx_word' id='word_1_367' title='bbox 2169 1990 2214 2042; x_wconf 77' lang='grc' dir='ltr'>δ’</span> <span class='ocrx_word' id='word_1_368' title='bbox 2250 1993 2342 2044; x_wconf 72' lang='grc' dir='ltr'>ἐπὶ</span> <span class='ocrx_word' id='word_1_369' title='bbox 2383 1992 2555 2063; x_wconf 82' lang='grc' dir='ltr'>τούτῳ</span> <span class='ocrx_word' id='word_1_370' title='bbox 2595 1993 2750 2062; x_wconf 90' lang='grc' dir='ltr'>μόνον</span> <span class='ocrx_word' id='word_1_371' title='bbox 2794 1996 2822 2046; x_wconf 87' lang='grc' dir='ltr'><strong>ό</strong></span> <span class='ocrx_word' id='word_1_372' title='bbox 2859 1993 3015 2062; x_wconf 80' lang='grc' dir='ltr'>λόγος</span> <span class='ocrx_word' id='word_1_373' title='bbox 3053 1994 3302 2065; x_wconf 70' lang='grc' dir='ltr'>βέϐηκεν,</span> <span class='ocrx_word' id='word_1_374' title='bbox 3341 1994 3402 2047; x_wconf 76' lang='grc' dir='ltr'>οὐ</span> <span class='ocrx_word' id='word_1_375' title='bbox 3448 1995 3648 2065; x_wconf 77' lang='grc' dir='ltr'>μᾶλλόν</span> <span class='ocrx_word' id='word_1_376' title='bbox 3679 2013 3733 2047; x_wconf 90' lang='grc' dir='ltr'><strong>τι</strong></span> 
     </span>
    </p>
   </div>
   <div class='ocr_carea' id='block_1_52' title="bbox 2172 2080 3730 2155">
    <p class='ocr_par' dir='ltr' id='par_1_52' title="bbox 2172 2080 3730 2155">
     <span class='ocr_line' id='line_1_52' title="bbox 2172 2080 3730 2155; baseline 0.003 -22"><span class='ocrx_word' id='word_1_377' title='bbox 2172 2080 2371 2152; x_wconf 68' lang='grc' dir='ltr'>θάρρος</span> <span class='ocrx_word' id='word_1_378' title='bbox 2427 2083 2825 2153; x_wconf 74' lang='grc' dir='ltr'>ἐπιτυγχάνειν,</span> <span class='ocrx_word' id='word_1_379' title='bbox 2881 2083 2914 2155; x_wconf 78' lang='grc' dir='ltr'>ἢ</span> <span class='ocrx_word' id='word_1_380' title='bbox 2971 2085 3212 2137; x_wconf 80' lang='grc' dir='ltr'>κίνδυνον</span> <span class='ocrx_word' id='word_1_381' title='bbox 3272 2087 3730 2155; x_wconf 80' lang='grc' dir='ltr'>παραναστατείν.</span> 
     </span>
    </p>
   </div>
   <div class='ocr_carea' id='block_1_53' title="bbox 2172 2172 3732 2247">
    <p class='ocr_par' dir='ltr' id='par_1_53' title="bbox 2172 2172 3732 2247">
     <span class='ocr_line' id='line_1_53' title="bbox 2172 2172 3732 2247; baseline 0.002 -23"><span class='ocrx_word' id='word_1_382' title='bbox 2172 2173 2402 2226; x_wconf 76' lang='grc' dir='ltr'>’Ἄτοπον</span> <span class='ocrx_word' id='word_1_383' title='bbox 2457 2175 2702 2244; x_wconf 87' lang='grc' dir='ltr'>μέντοιγε</span> <span class='ocrx_word' id='word_1_384' title='bbox 2745 2176 2930 2247; x_wconf 76' lang='grc' dir='ltr'>ἕτερον</span> <span class='ocrx_word' id='word_1_385' title='bbox 2965 2172 3030 2229; x_wconf 81' lang='grc' dir='ltr'>αὖ</span> <span class='ocrx_word' id='word_1_386' title='bbox 3073 2175 3423 2246; x_wconf 81' lang='grc' dir='ltr'>ἀκολουθήσει</span> <span class='ocrx_word' id='word_1_387' title='bbox 3482 2175 3732 2245; x_wconf 87' lang='grc' dir='ltr'>θεμένοις</span> 
     </span>
    </p>
   </div>
   <div class='ocr_carea' id='block_1_54' title="bbox 2167 2263 3730 2339">
    <p class='ocr_par' dir='ltr' id='par_1_54' title="bbox 2167 2263 3730 2339">
     <span class='ocr_line' id='line_1_54' title="bbox 2167 2263 3730 2339; baseline 0.003 -23"><span class='ocrx_word' id='word_1_388' title='bbox 2167 2263 2462 2334; x_wconf 82' lang='grc' dir='ltr'>ἀκρόνυχον</span> <span class='ocrx_word' id='word_1_389' title='bbox 2499 2264 2596 2335; x_wconf 82' lang='grc' dir='ltr'>τὴν</span> <span class='ocrx_word' id='word_1_390' title='bbox 2637 2265 2829 2336; x_wconf 84' lang='grc' dir='ltr'>ἀρχὴν,</span> <span class='ocrx_word' id='word_1_391' title='bbox 2873 2267 2952 2329; x_wconf 84' lang='grc' dir='ltr'><strong>τὸ,</strong></span> <span class='ocrx_word' id='word_1_392' title='bbox 2996 2270 3060 2338; x_wconf 82' lang='grc' dir='ltr'><strong>τῇ</strong></span> <span class='ocrx_word' id='word_1_393' title='bbox 3109 2268 3369 2339; x_wconf 74' lang='grc' dir='ltr'>ὑστεραίᾳ</span> <span class='ocrx_word' id='word_1_394' title='bbox 3405 2267 3638 2337; x_wconf 84' lang='grc' dir='ltr'>νόμιμον</span> <span class='ocrx_word' id='word_1_395' title='bbox 3673 2267 3730 2320; x_wconf 76' lang='grc' dir='ltr'><strong>ὃν</strong></span> 
     </span>
    </p>
   </div>
   <div class='ocr_carea' id='block_1_55' title="bbox 2169 2353 3728 2430">
    <p class='ocr_par' dir='ltr' id='par_1_55' title="bbox 2169 2353 3728 2430">
     <span class='ocr_line' id='line_1_55' title="bbox 2169 2353 3728 2430; baseline 0.006 -26"><span class='ocrx_word' id='word_1_396' title='bbox 2169 2353 2363 2406; x_wconf 76' lang='grc' dir='ltr'>ἐσθίειν</span> <span class='ocrx_word' id='word_1_397' title='bbox 2407 2354 2600 2426; x_wconf 88' lang='grc' dir='ltr'>κρεῶν,</span> <span class='ocrx_word' id='word_1_398' title='bbox 2654 2356 2851 2422; x_wconf 78' lang='grc' dir='ltr'>ἐξεῖναι</span> <span class='ocrx_word' id='word_1_399' title='bbox 2895 2362 3234 2428; x_wconf 83' lang='grc' dir='ltr'>κρεωφαγείν</span> <span class='ocrx_word' id='word_1_400' title='bbox 3279 2359 3370 2412; x_wconf 82' lang='grc' dir='ltr'>ἀπ’</span> <span class='ocrx_word' id='word_1_401' title='bbox 3419 2359 3594 2430; x_wconf 76' lang='grc' dir='ltr'>ἄκρας</span> <span class='ocrx_word' id='word_1_402' title='bbox 3636 2357 3728 2428; x_wconf 83' lang='grc' dir='ltr'>τῆς</span> 
     </span>
    </p>
   </div>
   <div class='ocr_carea' id='block_1_56' title="bbox 2170 2443 3727 2520">
    <p class='ocr_par' dir='ltr' id='par_1_56' title="bbox 2170 2443 3727 2520">
     <span class='ocr_line' id='line_1_56' title="bbox 2170 2443 3727 2520; baseline 0.004 -25"><span class='ocrx_word' id='word_1_403' title='bbox 2170 2443 2478 2515; x_wconf 76' lang='grc' dir='ltr'>ἡγουμένης</span> <span class='ocrx_word' id='word_1_404' title='bbox 2501 2446 2710 2510; x_wconf 87' lang='grc' dir='ltr'>νυκτός·</span> <span class='ocrx_word' id='word_1_405' title='bbox 2750 2447 2844 2501; x_wconf 73' lang='grc' dir='ltr'><strong>καὶ</strong></span> <span class='ocrx_word' id='word_1_406' title='bbox 2874 2449 3032 2502; x_wconf 79' lang='grc' dir='ltr'>πάλιν</span> <span class='ocrx_word' id='word_1_407' title='bbox 3061 2449 3501 2520; x_wconf 80' lang='grc' dir='ltr'>ἀπηγορευμένον</span> <span class='ocrx_word' id='word_1_408' title='bbox 3535 2445 3625 2511; x_wconf 78' lang='grc' dir='ltr'><strong>αὗ,</strong></span> <span class='ocrx_word' id='word_1_409' title='bbox 3659 2449 3727 2518; x_wconf 58' lang='grc' dir='ltr'><strong>μὲ</strong></span> 
     </span>
    </p>
   </div>
   <div class='ocr_carea' id='block_1_57' title="bbox 2174 2536 3727 2611">
    <p class='ocr_par' dir='ltr' id='par_1_57' title="bbox 2174 2536 3727 2611">
     <span class='ocr_line' id='line_1_57' title="bbox 2174 2536 3727 2611; baseline 0.002 -22"><span class='ocrx_word' id='word_1_410' title='bbox 2174 2536 2370 2602; x_wconf 67' lang='grc' dir='ltr'>ἐξεῖναι</span> <span class='ocrx_word' id='word_1_411' title='bbox 2398 2538 2609 2590; x_wconf 85' lang='grc' dir='ltr'>δεῖπνον</span> <span class='ocrx_word' id='word_1_412' title='bbox 2640 2540 2704 2592; x_wconf 82' lang='grc' dir='ltr'>ὲκ</span> <span class='ocrx_word' id='word_1_413' title='bbox 2733 2541 2959 2611; x_wconf 84' lang='grc' dir='ltr'>κρέατος</span> <span class='ocrx_word' id='word_1_414' title='bbox 2987 2540 3086 2610; x_wconf 84' lang='grc' dir='ltr'>τῆς</span> <span class='ocrx_word' id='word_1_415' title='bbox 3112 2543 3281 2611; x_wconf 80' lang='grc' dir='ltr'>αὐτῆς</span> <span class='ocrx_word' id='word_1_416' title='bbox 3306 2541 3509 2611; x_wconf 70' lang='grc' dir='ltr'>ταύτης</span> <span class='ocrx_word' id='word_1_417' title='bbox 3543 2539 3727 2601; x_wconf 66' lang='grc' dir='ltr'>νυκτός</span> 
     </span>
    </p>
   </div>
   <div class='ocr_carea' id='block_1_58' title="bbox 2173 2625 3717 2701">
    <p class='ocr_par' dir='ltr' id='par_1_58' title="bbox 2173 2625 3717 2701">
     <span class='ocr_line' id='line_1_58' title="bbox 2173 2625 3717 2701; baseline 0.004 -25"><span class='ocrx_word' id='word_1_418' title='bbox 2173 2642 2235 2694; x_wconf 90' lang='grc' dir='ltr'><strong>γε</strong></span> <span class='ocrx_word' id='word_1_419' title='bbox 2255 2625 2488 2679; x_wconf 78' lang='grc' dir='ltr'>ἑλέσθαι.</span> <span class='ocrx_word' id='word_1_420' title='bbox 2513 2629 2650 2699; x_wconf 73' lang='grc' dir='ltr'>Περὶ</span> <span class='ocrx_word' id='word_1_421' title='bbox 2672 2629 2859 2682; x_wconf 81' lang='grc' dir='ltr'>τούτου</span> <span class='ocrx_word' id='word_1_422' title='bbox 2887 2631 2982 2701; x_wconf 80' lang='grc' dir='ltr'>μὲν</span> <span class='ocrx_word' id='word_1_423' title='bbox 3002 2628 3094 2684; x_wconf 85' lang='grc' dir='ltr'>οὖν</span> <span class='ocrx_word' id='word_1_424' title='bbox 3115 2630 3354 2694; x_wconf 76' lang='grc' dir='ltr'>εἰσαῦθις</span> <span class='ocrx_word' id='word_1_425' title='bbox 3379 2629 3717 2682; x_wconf 51' lang='grc' dir='ltr'>ἐπισκεπτέοι</span> 
     </span>
    </p>
   </div>
   <div class='ocr_carea' id='block_1_59' title="bbox 2175 2717 3704 2794">
    <p class='ocr_par' dir='ltr' id='par_1_59' title="bbox 2175 2717 3704 2794">
     <span class='ocr_line' id='line_1_59' title="bbox 2175 2717 3704 2794; baseline 0.003 -25"><span class='ocrx_word' id='word_1_426' title='bbox 2175 2718 2289 2770; x_wconf 78' lang='grc' dir='ltr'><strong>ἐστὶ</strong></span> <span class='ocrx_word' id='word_1_427' title='bbox 2320 2717 2547 2788; x_wconf 85' lang='grc' dir='ltr'>βέλτιον.</span> <span class='ocrx_word' id='word_1_428' title='bbox 2575 2720 2668 2774; x_wconf 76' lang='grc' dir='ltr'>καὶ</span> <span class='ocrx_word' id='word_1_429' title='bbox 2693 2722 2818 2783; x_wconf 79' lang='grc' dir='ltr'>τοὺς</span> <span class='ocrx_word' id='word_1_430' title='bbox 2843 2722 2973 2793; x_wconf 72' lang='grc' dir='ltr'>περὶ</span> <span class='ocrx_word' id='word_1_431' title='bbox 2999 2721 3167 2776; x_wconf 79' lang='grc' dir='ltr'>ταῦτα</span> <span class='ocrx_word' id='word_1_432' title='bbox 3193 2723 3396 2787; x_wconf 79' lang='grc' dir='ltr'>δεινοὺς</span> <span class='ocrx_word' id='word_1_433' title='bbox 3423 2722 3704 2794; x_wconf 77' lang='grc' dir='ltr'>παρακαλέ</span> 
     </span>
    </p>
   </div>
   <div class='ocr_carea' id='block_1_60' title="bbox 2179 2808 3735 2883">
    <p class='ocr_par' dir='ltr' id='par_1_60' title="bbox 2179 2808 3735 2883">
     <span class='ocr_line' id='line_1_60' title="bbox 2179 2808 3735 2883; baseline 0.002 -23"><span class='ocrx_word' id='word_1_434' title='bbox 2179 2824 2373 2871; x_wconf 88' lang='grc' dir='ltr'>σαντας</span> <span class='ocrx_word' id='word_1_435' title='bbox 2407 2808 2931 2879; x_wconf 77' lang='grc' dir='ltr'>συμϐουλεύσασθαι,</span> <span class='ocrx_word' id='word_1_436' title='bbox 2981 2812 3157 2876; x_wconf 83' lang='grc' dir='ltr'>καλῶς</span> <span class='ocrx_word' id='word_1_437' title='bbox 3199 2812 3332 2883; x_wconf 80' lang='grc' dir='ltr'>ἔχει.</span> <span class='ocrx_word' id='word_1_438' title='bbox 3366 2815 3458 2865; x_wconf 84' lang='grc' dir='ltr'><strong>Δεῖ</strong></span> <span class='ocrx_word' id='word_1_439' title='bbox 3491 2814 3598 2882; x_wconf 77' lang='grc' dir='ltr'><strong>γὰρ</strong></span> <span class='ocrx_word' id='word_1_440' title='bbox 3636 2811 3735 2882; x_wconf 74' lang='grc' dir='ltr'><strong>τὴν</strong></span> 
     </span>
    </p>
   </div>
   <div class='ocr_carea' id='block_1_61' title="bbox 2178 2901 3734 2977">
    <p class='ocr_par' dir='ltr' id='par_1_61' title="bbox 2178 2901 3734 2977">
     <span class='ocr_line' id='line_1_61' title="bbox 2178 2901 3734 2977; baseline 0.002 -23"><span class='ocrx_word' id='word_1_441' title='bbox 2178 2901 2365 2970; x_wconf 72' lang='grc' dir='ltr'>σκέψιν</span> <span class='ocrx_word' id='word_1_442' title='bbox 2402 2902 2543 2956; x_wconf 74' lang='grc' dir='ltr'>οὕτω</span> <span class='ocrx_word' id='word_1_443' title='bbox 2575 2905 2866 2967; x_wconf 85' lang='grc' dir='ltr'>ποιεῖσθαι,</span> <span class='ocrx_word' id='word_1_444' title='bbox 2901 2906 2976 2968; x_wconf 88' lang='grc' dir='ltr'>ὼς</span> <span class='ocrx_word' id='word_1_445' title='bbox 3015 2907 3148 2977; x_wconf 84' lang='grc' dir='ltr'>μήτε</span> <span class='ocrx_word' id='word_1_446' title='bbox 3188 2906 3504 2977; x_wconf 76' lang='grc' dir='ltr'>συμϐαίνειν</span> <span class='ocrx_word' id='word_1_447' title='bbox 3542 2909 3604 2958; x_wconf 83' lang='grc' dir='ltr'>ἐκ</span> <span class='ocrx_word' id='word_1_448' title='bbox 3641 2905 3734 2958; x_wconf 71' lang='grc' dir='ltr'><strong>τοῦ</strong></span> 
     </span>
    </p>
   </div>
   <div class='ocr_carea' id='block_1_62' title="bbox 2175 2991 3739 3069">
    <p class='ocr_par' dir='ltr' id='par_1_62' title="bbox 2175 2991 3739 3069">
     <span class='ocr_line' id='line_1_62' title="bbox 2175 2991 3739 3069; baseline 0.004 -25"><span class='ocrx_word' id='word_1_449' title='bbox 2175 2991 2332 3060; x_wconf 84' lang='grc' dir='ltr'>λόγου</span> <span class='ocrx_word' id='word_1_450' title='bbox 2362 2993 2600 3047; x_wconf 78' lang='grc' dir='ltr'>ἐναντίον</span> <span class='ocrx_word' id='word_1_451' title='bbox 2621 2998 2731 3057; x_wconf 84' lang='grc' dir='ltr'>τοῖς</span> <span class='ocrx_word' id='word_1_452' title='bbox 2753 2996 2917 3060; x_wconf 84' lang='grc' dir='ltr'>ὁσίοις</span> <span class='ocrx_word' id='word_1_453' title='bbox 2949 2997 3135 3068; x_wconf 84' lang='grc' dir='ltr'>μηθὲν,</span> <span class='ocrx_word' id='word_1_454' title='bbox 3165 2997 3376 3066; x_wconf 80' lang='grc' dir='ltr'>εὐαγῶς</span> <span class='ocrx_word' id='word_1_455' title='bbox 3401 2999 3460 3050; x_wconf 81' lang='grc' dir='ltr'><strong>τε</strong></span> <span class='ocrx_word' id='word_1_456' title='bbox 3481 2998 3577 3069; x_wconf 77' lang='grc' dir='ltr'>τῆς</span> <span class='ocrx_word' id='word_1_457' title='bbox 3605 2998 3739 3068; x_wconf 75' lang='grc' dir='ltr'><strong>ήμέο</strong></span> 
     </span>
    </p>
   </div>
   <div class='ocr_carea' id='block_1_63' title="bbox 2178 3083 3075 3160">
    <p class='ocr_par' dir='ltr' id='par_1_63' title="bbox 2178 3083 3075 3160">
     <span class='ocr_line' id='line_1_63' title="bbox 2178 3083 3075 3160; baseline 0.009 -26"><span class='ocrx_word' id='word_1_458' title='bbox 2178 3099 2275 3153; x_wconf 87' lang='grc' dir='ltr'><strong>ρας</strong></span> <span class='ocrx_word' id='word_1_459' title='bbox 2305 3083 2594 3154; x_wconf 76' lang='grc' dir='ltr'>κατάρχειν</span> <span class='ocrx_word' id='word_1_460' title='bbox 2615 3086 2708 3139; x_wconf 74' lang='grc' dir='ltr'><strong>τοῦ</strong></span> <span class='ocrx_word' id='word_1_461' title='bbox 2734 3086 2864 3140; x_wconf 83' lang='grc' dir='ltr'>Θεοῦ</span> <span class='ocrx_word' id='word_1_462' title='bbox 2897 3089 3075 3160; x_wconf 83' lang='grc' dir='ltr'>χάριν.</span> 
     </span>
    </p>
   </div>
   <div class='ocr_carea' id='block_1_64' title="bbox 512 3172 3738 3250">
    <p class='ocr_par' dir='ltr' id='par_1_64' title="bbox 512 3172 3738 3250">
     <span class='ocr_line' id='line_1_64' title="bbox 512 3172 3738 3250; baseline 0.002 -22"><span class='ocrx_word' id='word_1_463' title='bbox 512 3191 618 3244; x_wconf 92' lang='lat' dir='ltr'><strong>que</strong></span> <span class='ocrx_word' id='word_1_464' title='bbox 648 3175 809 3230; x_wconf 82' lang='lat' dir='ltr'><strong>fuerit</strong></span> <span class='ocrx_word' id='word_1_465' title='bbox 874 3174 1064 3227; x_wconf 89' lang='lat' dir='ltr'><strong>harum</strong></span> <span class='ocrx_word' id='word_1_466' title='bbox 1129 3189 1312 3228; x_wconf 87' lang='lat' dir='ltr'><strong>rerum</strong></span> <span class='ocrx_word' id='word_1_467' title='bbox 1385 3173 1590 3243; x_wconf 91' lang='lat' dir='ltr'><strong>peritos</strong></span> <span class='ocrx_word' id='word_1_468' title='bbox 1662 3185 1856 3240; x_wconf 86' lang='lat' dir='ltr'><strong>rogare</strong></span> <span class='ocrx_word' id='word_1_469' title='bbox 1911 3175 1966 3224; x_wconf 88' lang='lat' dir='ltr'><strong>et</strong></span> <span class='ocrx_word' id='word_1_470' title='bbox 2009 3174 2314 3229; x_wconf 81' lang='lat' dir='ltr'><strong>consulere.</strong></span> <span class='ocrx_word' id='word_1_471' title='bbox 2364 3172 2489 3230; x_wconf 61' lang='lat' dir='ltr'><strong>Haec</strong></span> <span class='ocrx_word' id='word_1_472' title='bbox 2541 3191 2777 3246; x_wconf 88' lang='lat' dir='ltr'><strong>namque</strong></span> <span class='ocrx_word' id='word_1_473' title='bbox 2835 3180 2908 3232; x_wconf 91' lang='lat' dir='ltr'><strong>ita</strong></span> <span class='ocrx_word' id='word_1_474' title='bbox 2962 3181 3295 3236; x_wconf 90' lang='lat' dir='ltr'><strong>considerari</strong></span> <span class='ocrx_word' id='word_1_475' title='bbox 3349 3182 3738 3250; x_wconf 81' lang='lat' dir='ltr'><strong>observarique</strong></span> 
     </span>
    </p>
   </div>
   <div class='ocr_carea' id='block_1_65' title="bbox 512 3265 3740 3347">
    <p class='ocr_par' dir='ltr' id='par_1_65' title="bbox 512 3265 3740 3347">
     <span class='ocr_line' id='line_1_65' title="bbox 512 3265 3740 3347; baseline 0.003 -26"><span class='ocrx_word' id='word_1_476' title='bbox 512 3279 746 3340; x_wconf 86' lang='lat' dir='ltr'><strong>oportet,</strong></span> <span class='ocrx_word' id='word_1_477' title='bbox 782 3276 840 3323; x_wconf 90' lang='lat' dir='ltr'><strong>ut</strong></span> <span class='ocrx_word' id='word_1_478' title='bbox 861 3285 924 3323; x_wconf 78' lang='lat' dir='ltr'><strong>ex</strong></span> <span class='ocrx_word' id='word_1_479' title='bbox 959 3283 1210 3323; x_wconf 89' lang='lat' dir='ltr'><strong>sermone</strong></span> <span class='ocrx_word' id='word_1_480' title='bbox 1241 3267 1376 3322; x_wconf 89' lang='lat' dir='ltr'><strong>nihil</strong></span> <span class='ocrx_word' id='word_1_481' title='bbox 1402 3266 1698 3338; x_wconf 80' lang='lat' dir='ltr'><strong>quidquam</strong></span> <span class='ocrx_word' id='word_1_482' title='bbox 1725 3265 1897 3320; x_wconf 88' lang='lat' dir='ltr'><strong>sacris</strong></span> <span class='ocrx_word' id='word_1_483' title='bbox 1939 3267 2276 3339; x_wconf 86' lang='lat' dir='ltr'><strong>contrarium</strong></span> <span class='ocrx_word' id='word_1_484' title='bbox 2298 3269 2544 3334; x_wconf 86' lang='lat' dir='ltr'><strong>eveniat,</strong></span> <span class='ocrx_word' id='word_1_485' title='bbox 2577 3271 2831 3342; x_wconf 86' lang='lat' dir='ltr'><strong>diemque</strong></span> <span class='ocrx_word' id='word_1_486' title='bbox 2854 3273 2938 3344; x_wconf 88' lang='lat' dir='ltr'><strong>pie</strong></span> <span class='ocrx_word' id='word_1_487' title='bbox 2999 3291 3062 3330; x_wconf 91' lang='lat' dir='ltr'><strong>ac</strong></span> <span class='ocrx_word' id='word_1_488' title='bbox 3125 3287 3314 3332; x_wconf 87' lang='lat' dir='ltr'><strong>sancte</strong></span> <span class='ocrx_word' id='word_1_489' title='bbox 3368 3277 3423 3330; x_wconf 91' lang='lat' dir='ltr'><strong>in</strong></span> <span class='ocrx_word' id='word_1_490' title='bbox 3483 3275 3579 3331; x_wconf 80' lang='lat' dir='ltr'><strong>Dei</strong></span> <span class='ocrx_word' id='word_1_491' title='bbox 3617 3292 3740 3347; x_wconf 86' lang='lat' dir='ltr'><strong>gra-</strong></span> 
     </span>
    </p>
   </div>
   <div class='ocr_carea' id='block_1_66' title="bbox 513 3360 1038 3431">
    <p class='ocr_par' dir='ltr' id='par_1_66' title="bbox 513 3360 1038 3431">
     <span class='ocr_line' id='line_1_66' title="bbox 513 3360 1038 3431; baseline -0.01 -14"><span class='ocrx_word' id='word_1_492' title='bbox 513 3363 644 3417; x_wconf 83' lang='lat' dir='ltr'><strong>tiam</strong></span> <span class='ocrx_word' id='word_1_493' title='bbox 674 3360 1038 3431; x_wconf 75' lang='lat' dir='ltr'><strong>suspicemur.</strong></span> 
     </span>
    </p>
   </div>
   <div class='ocr_carea' id='block_1_67' title="bbox 834 3472 1753 3540">
    <p class='ocr_par' dir='ltr' id='par_1_67' title="bbox 834 3472 1753 3540">
     <span class='ocr_line' id='line_1_67' title="bbox 834 3472 1753 3540; baseline -0.002 -12"><span class='ocrx_word' id='word_1_494' title='bbox 834 3473 978 3528; x_wconf 85' lang='lat' dir='ltr'><strong>Unde</strong></span> <span class='ocrx_word' id='word_1_495' title='bbox 999 3472 1324 3527; x_wconf 78' lang='lat' dir='ltr'><strong>numeranda</strong></span> <span class='ocrx_word' id='word_1_496' title='bbox 1355 3481 1476 3526; x_wconf 79' lang='lat' dir='ltr'><strong>sunt</strong></span> <span class='ocrx_word' id='word_1_497' title='bbox 1505 3479 1753 3540; x_wconf 77' lang='lat' dir='ltr'><strong>tempore.</strong></span> 
     </span>
    </p>
   </div>
   <div class='ocr_carea' id='block_1_68' title="bbox 588 3562 2080 3621">
    <p class='ocr_par' dir='ltr' id='par_1_68' title="bbox 588 3562 2080 3621">
     <span class='ocr_line' id='line_1_68' title="bbox 588 3562 2080 3621; baseline -0.002 0"><span class='ocrx_word' id='word_1_498' title='bbox 588 3566 730 3621; x_wconf 79' lang='lat' dir='ltr'><strong>XXI.</strong></span> <span class='ocrx_word' id='word_1_499' title='bbox 764 3565 1050 3620; x_wconf 84' lang='lat' dir='ltr'><strong>Enimvero</strong></span> <span class='ocrx_word' id='word_1_500' title='bbox 1100 3566 1260 3618; x_wconf 88' lang='lat' dir='ltr'><strong>etiam</strong></span> <span class='ocrx_word' id='word_1_501' title='bbox 1289 3562 1370 3616; x_wconf 85' lang='lat' dir='ltr'><strong>fas</strong></span> <span class='ocrx_word' id='word_1_502' title='bbox 1403 3573 1486 3617; x_wconf 83' lang='lat' dir='ltr'><strong>est</strong></span> <span class='ocrx_word' id='word_1_503' title='bbox 1507 3579 1536 3617; x_wconf 90' lang='lat' dir='ltr'><strong>a</strong></span> <span class='ocrx_word' id='word_1_504' title='bbox 1566 3566 1727 3617; x_wconf 70' lang='lat' dir='ltr'><strong>natali</strong></span> <span class='ocrx_word' id='word_1_505' title='bbox 1773 3563 2080 3620; x_wconf 82' lang='lat' dir='ltr'><strong>Christiano</strong></span> 
     </span>
    </p>
   </div>
   <div class='ocr_carea' id='block_1_69' title="bbox 519 3654 2077 3727">
    <p class='ocr_par' dir='ltr' id='par_1_69' title="bbox 519 3654 2077 3727">
     <span class='ocr_line' id='line_1_69' title="bbox 519 3654 2077 3727; baseline -0.001 -15"><span class='ocrx_word' id='word_1_506' title='bbox 519 3668 761 3726; x_wconf 86' lang='lat' dir='ltr'><strong>tempora</strong></span> <span class='ocrx_word' id='word_1_507' title='bbox 792 3664 1108 3727; x_wconf 83' lang='lat' dir='ltr'><strong>supputare.</strong></span> <span class='ocrx_word' id='word_1_508' title='bbox 1148 3671 1256 3709; x_wconf 91' lang='lat' dir='ltr'><strong>non</strong></span> <span class='ocrx_word' id='word_1_509' title='bbox 1284 3665 1342 3708; x_wconf 91' lang='lat' dir='ltr'><strong>ut</strong></span> <span class='ocrx_word' id='word_1_510' title='bbox 1364 3654 1537 3710; x_wconf 65' lang='lat' dir='ltr'><strong>Graeci</strong></span> <span class='ocrx_word' id='word_1_511' title='bbox 1569 3671 1598 3708; x_wconf 91' lang='lat' dir='ltr'><strong>a</strong></span> <span class='ocrx_word' id='word_1_512' title='bbox 1633 3657 1820 3710; x_wconf 89' lang='lat' dir='ltr'><strong>mundi</strong></span> <span class='ocrx_word' id='word_1_513' title='bbox 1849 3657 2077 3726; x_wconf 82' lang='lat' dir='ltr'><strong>origine,</strong></span> 
     </span>
    </p>
   </div>
   <div class='ocr_carea' id='block_1_70' title="bbox 521 3746 2081 3817">
    <p class='ocr_par' dir='ltr' id='par_1_70' title="bbox 521 3746 2081 3817">
     <span class='ocr_line' id='line_1_70' title="bbox 521 3746 2081 3817; baseline -0.001 -15"><span class='ocrx_word' id='word_1_514' title='bbox 521 3763 668 3803; x_wconf 90' lang='lat' dir='ltr'><strong>nunc</strong></span> <span class='ocrx_word' id='word_1_515' title='bbox 689 3763 888 3802; x_wconf 90' lang='lat' dir='ltr'><strong>annum</strong></span> <span class='ocrx_word' id='word_1_516' title='bbox 917 3746 1467 3817; x_wconf 87' lang='lat' dir='ltr'><strong>noningentesimum,</strong></span> <span class='ocrx_word' id='word_1_517' title='bbox 1501 3754 1753 3800; x_wconf 88' lang='lat' dir='ltr'><strong>octavum</strong></span> <span class='ocrx_word' id='word_1_518' title='bbox 1793 3756 1846 3802; x_wconf 89' lang='lat' dir='ltr'><strong>et</strong></span> <span class='ocrx_word' id='word_1_519' title='bbox 1863 3755 2081 3817; x_wconf 85' lang='lat' dir='ltr'><strong>septua-</strong></span> 
     </span>
    </p>
   </div>
   <div class='ocr_carea' id='block_1_71' title="bbox 521 3835 2077 3907">
    <p class='ocr_par' dir='ltr' id='par_1_71' title="bbox 521 3835 2077 3907">
     <span class='ocr_line' id='line_1_71' title="bbox 521 3835 2077 3907; baseline -0.001 -16"><span class='ocrx_word' id='word_1_520' title='bbox 521 3837 788 3907; x_wconf 84' lang='lat' dir='ltr'><strong>gesimnm</strong></span> <span class='ocrx_word' id='word_1_521' title='bbox 848 3845 1193 3891; x_wconf 91' lang='lat' dir='ltr'><strong>numerantes</strong></span> <span class='ocrx_word' id='word_1_522' title='bbox 1252 3849 1416 3904; x_wconf 88' lang='lat' dir='ltr'><strong>supra</strong></span> <span class='ocrx_word' id='word_1_523' title='bbox 1484 3835 1663 3891; x_wconf 81' lang='lat' dir='ltr'><strong>sexies</strong></span> <span class='ocrx_word' id='word_1_524' title='bbox 1713 3835 2077 3892; x_wconf 91' lang='lat' dir='ltr'><strong>millesimum.</strong></span> 
     </span>
    </p>
   </div>
   <div class='ocr_carea' id='block_1_72' title="bbox 519 3926 2079 3998">
    <p class='ocr_par' dir='ltr' id='par_1_72' title="bbox 519 3926 2079 3998">
     <span class='ocr_line' id='line_1_72' title="bbox 519 3926 2079 3998; baseline -0.001 -13"><span class='ocrx_word' id='word_1_525' title='bbox 519 3926 808 3998; x_wconf 81' lang='lat' dir='ltr'><strong>Pmphetis</strong></span> <span class='ocrx_word' id='word_1_526' title='bbox 831 3928 1045 3996; x_wconf 85' lang='lat' dir='ltr'><strong>quidem</strong></span> <span class='ocrx_word' id='word_1_527' title='bbox 1078 3927 1156 3982; x_wconf 91' lang='lat' dir='ltr'><strong>sic</strong></span> <span class='ocrx_word' id='word_1_528' title='bbox 1185 3926 1417 3981; x_wconf 79' lang='lat' dir='ltr'><strong>fortasse</strong></span> <span class='ocrx_word' id='word_1_529' title='bbox 1458 3927 1653 3982; x_wconf 87' lang='lat' dir='ltr'><strong>licebat</strong></span> <span class='ocrx_word' id='word_1_530' title='bbox 1679 3944 1694 3994; x_wconf 88' lang='lat'><strong>;</strong></span> <span class='ocrx_word' id='word_1_531' title='bbox 1752 3944 1936 3982; x_wconf 89' lang='lat' dir='ltr'><strong>verum</strong></span> <span class='ocrx_word' id='word_1_532' title='bbox 1966 3944 2079 3984; x_wconf 89' lang='lat' dir='ltr'><strong>me-</strong></span> 
     </span>
    </p>
   </div>
   <div class='ocr_carea' id='block_1_73' title="bbox 523 4019 2079 4090">
    <p class='ocr_par' dir='ltr' id='par_1_73' title="bbox 523 4019 2079 4090">
     <span class='ocr_line' id='line_1_73' title="bbox 523 4019 2079 4090; baseline -0.001 -15"><span class='ocrx_word' id='word_1_533' title='bbox 523 4023 628 4076; x_wconf 86' lang='lat' dir='ltr'><strong>lius</strong></span> <span class='ocrx_word' id='word_1_534' title='bbox 649 4033 731 4076; x_wconf 88' lang='lat' dir='ltr'><strong>est</strong></span> <span class='ocrx_word' id='word_1_535' title='bbox 755 4020 958 4076; x_wconf 86' lang='lat' dir='ltr'><strong>Christi</strong></span> <span class='ocrx_word' id='word_1_536' title='bbox 983 4021 1218 4075; x_wconf 87' lang='lat' dir='ltr'><strong>cultores</strong></span> <span class='ocrx_word' id='word_1_537' title='bbox 1247 4021 1314 4075; x_wconf 90' lang='lat' dir='ltr'><strong>ab</strong></span> <span class='ocrx_word' id='word_1_538' title='bbox 1333 4021 1426 4074; x_wconf 93' lang='lat' dir='ltr'><strong>illo</strong></span> <span class='ocrx_word' id='word_1_539' title='bbox 1456 4019 1712 4090; x_wconf 87' lang='lat' dir='ltr'><strong>incipere.</strong></span> <span class='ocrx_word' id='word_1_540' title='bbox 1738 4019 1888 4086; x_wconf 85' lang='lat' dir='ltr'><strong>Quod</strong></span> <span class='ocrx_word' id='word_1_541' title='bbox 1919 4021 2079 4074; x_wconf 87' lang='lat' dir='ltr'><strong>etiam</strong></span> 
     </span>
    </p>
   </div>
   <div class='ocr_carea' id='block_1_74' title="bbox 522 4110 2078 4182">
    <p class='ocr_par' dir='ltr' id='par_1_74' title="bbox 522 4110 2078 4182">
     <span class='ocr_line' id='line_1_74' title="bbox 522 4110 2078 4182; baseline -0.001 -17"><span class='ocrx_word' id='word_1_542' title='bbox 522 4121 689 4182; x_wconf 77' lang='lat' dir='ltr'><strong>agunt</strong></span> <span class='ocrx_word' id='word_1_543' title='bbox 712 4110 958 4175; x_wconf 83' lang='lat' dir='ltr'><strong>Romani,</strong></span> <span class='ocrx_word' id='word_1_544' title='bbox 1000 4111 1161 4180; x_wconf 83' lang='lat' dir='ltr'><strong>hujus</strong></span> <span class='ocrx_word' id='word_1_545' title='bbox 1185 4113 1282 4166; x_wconf 67' lang='lat' dir='ltr'><strong>aevi</strong></span> <span class='ocrx_word' id='word_1_546' title='bbox 1331 4111 1673 4166; x_wconf 87' lang='lat' dir='ltr'><strong>millesimum</strong></span> <span class='ocrx_word' id='word_1_547' title='bbox 1715 4112 2078 4182; x_wconf 86' lang='lat' dir='ltr'><strong>quadringen-</strong></span> 
     </span>
    </p>
   </div>
   <div class='ocr_carea' id='block_1_75' title="bbox 523 4205 2081 4273">
    <p class='ocr_par' dir='ltr' id='par_1_75' title="bbox 523 4205 2081 4273">
     <span class='ocr_line' id='line_1_75' title="bbox 523 4205 2081 4273; baseline -0.002 -15"><span class='ocrx_word' id='word_1_548' title='bbox 523 4206 775 4260; x_wconf 84' lang='lat' dir='ltr'><strong>tesimum</strong></span> <span class='ocrx_word' id='word_1_549' title='bbox 804 4211 858 4258; x_wconf 89' lang='lat' dir='ltr'><strong>et</strong></span> <span class='ocrx_word' id='word_1_550' title='bbox 883 4205 1334 4273; x_wconf 80' lang='lat' dir='ltr'><strong>septuagesimum</strong></span> <span class='ocrx_word' id='word_1_551' title='bbox 1363 4212 1679 4272; x_wconf 71' lang='lat' dir='ltr'><strong>praesentem</strong></span> <span class='ocrx_word' id='word_1_552' title='bbox 1703 4218 1902 4256; x_wconf 91' lang='lat' dir='ltr'><strong>annum</strong></span> <span class='ocrx_word' id='word_1_553' title='bbox 1934 4218 2081 4256; x_wconf 83' lang='lat' dir='ltr'><strong>com-</strong></span> 
     </span>
    </p>
   </div>
   <div class='ocr_carea' id='block_1_76' title="bbox 525 4294 2080 4368">
    <p class='ocr_par' dir='ltr' id='par_1_76' title="bbox 525 4294 2080 4368">
     <span class='ocr_line' id='line_1_76' title="bbox 525 4294 2080 4368; baseline -0.001 -19"><span class='ocrx_word' id='word_1_554' title='bbox 525 4306 797 4368; x_wconf 86' lang='lat' dir='ltr'><strong>putantes,</strong></span> <span class='ocrx_word' id='word_1_555' title='bbox 838 4310 1144 4365; x_wconf 89' lang='lat' dir='ltr'><strong>quanquam</strong></span> <span class='ocrx_word' id='word_1_556' title='bbox 1178 4295 1340 4364; x_wconf 90' lang='lat' dir='ltr'><strong>prisci</strong></span> <span class='ocrx_word' id='word_1_557' title='bbox 1372 4297 1448 4349; x_wconf 89' lang='lat' dir='ltr'><strong>illi</strong></span> <span class='ocrx_word' id='word_1_558' title='bbox 1480 4297 1547 4350; x_wconf 89' lang='lat' dir='ltr'><strong>ab</strong></span> <span class='ocrx_word' id='word_1_559' title='bbox 1578 4295 1709 4348; x_wconf 86' lang='lat' dir='ltr'><strong>urbe</strong></span> <span class='ocrx_word' id='word_1_560' title='bbox 1739 4294 1951 4349; x_wconf 90' lang='lat' dir='ltr'><strong>condita</strong></span> <span class='ocrx_word' id='word_1_561' title='bbox 1980 4310 2080 4347; x_wconf 89' lang='lat' dir='ltr'><strong>nu-</strong></span> 
     </span>
    </p>
   </div>
   <div class='ocr_carea' id='block_1_77' title="bbox 526 4387 2080 4459">
    <p class='ocr_par' dir='ltr' id='par_1_77' title="bbox 526 4387 2080 4459">
     <span class='ocr_line' id='line_1_77' title="bbox 526 4387 2080 4459; baseline -0.003 -13"><span class='ocrx_word' id='word_1_562' title='bbox 526 4393 827 4453; x_wconf 85' lang='lat' dir='ltr'><strong>merabant,</strong></span> <span class='ocrx_word' id='word_1_563' title='bbox 890 4389 1344 4459; x_wconf 85' lang='lat' dir='ltr'><strong>quemadmodum</strong></span> <span class='ocrx_word' id='word_1_564' title='bbox 1407 4389 1766 4443; x_wconf 84' lang='lat' dir='ltr'><strong>Athenienses</strong></span> <span class='ocrx_word' id='word_1_565' title='bbox 1823 4402 1854 4441; x_wconf 88' lang='lat' dir='ltr'><strong>a</strong></span> <span class='ocrx_word' id='word_1_566' title='bbox 1906 4387 2080 4457; x_wconf 88' lang='lat' dir='ltr'><strong>prima</strong></span> 
     </span>
    </p>
   </div>
   <div class='ocr_carea' id='block_1_78' title="bbox 521 4475 1671 4549">
    <p class='ocr_par' dir='ltr' id='par_1_78' title="bbox 521 4475 1671 4549">
     <span class='ocr_line' id='line_1_78' title="bbox 521 4475 1671 4549; baseline -0.003 -15"><span class='ocrx_word' id='word_1_567' title='bbox 521 4477 836 4549; x_wconf 81' lang='lat' dir='ltr'><strong>Olympiade</strong></span> <span class='ocrx_word' id='word_1_568' title='bbox 866 4495 880 4544; x_wconf 91' lang='lat'><strong>;</strong></span> <span class='ocrx_word' id='word_1_569' title='bbox 915 4477 1006 4531; x_wconf 90' lang='lat' dir='ltr'><strong>alii</strong></span> <span class='ocrx_word' id='word_1_570' title='bbox 1042 4492 1167 4532; x_wconf 87' lang='lat' dir='ltr'><strong>vero</strong></span> <span class='ocrx_word' id='word_1_571' title='bbox 1189 4493 1218 4531; x_wconf 90' lang='lat' dir='ltr'><strong>a</strong></span> <span class='ocrx_word' id='word_1_572' title='bbox 1249 4477 1389 4531; x_wconf 87' lang='lat' dir='ltr'><strong>bello</strong></span> <span class='ocrx_word' id='word_1_573' title='bbox 1417 4475 1671 4544; x_wconf 84' lang='lat' dir='ltr'><strong>Trojano.</strong></span> 
     </span>
    </p>
   </div>
   <div class='ocr_carea' id='block_1_79' title="bbox 599 4569 2081 4639">
    <p class='ocr_par' dir='ltr' id='par_1_79' title="bbox 599 4569 2081 4639">
     <span class='ocr_line' id='line_1_79' title="bbox 599 4569 2081 4639; baseline 0 -14"><span class='ocrx_word' id='word_1_574' title='bbox 599 4572 670 4627; x_wconf 93' lang='lat' dir='ltr'><strong>De</strong></span> <span class='ocrx_word' id='word_1_575' title='bbox 687 4571 962 4626; x_wconf 88' lang='lat' dir='ltr'><strong>mensibus</strong></span> <span class='ocrx_word' id='word_1_576' title='bbox 997 4570 1162 4639; x_wconf 88' lang='lat' dir='ltr'><strong>igitur</strong></span> <span class='ocrx_word' id='word_1_577' title='bbox 1185 4570 1297 4624; x_wconf 67' lang='lat' dir='ltr'><strong>haec</strong></span> <span class='ocrx_word' id='word_1_578' title='bbox 1327 4571 1594 4638; x_wconf 84' lang='lat' dir='ltr'><strong>descripta</strong></span> <span class='ocrx_word' id='word_1_579' title='bbox 1626 4576 1806 4634; x_wconf 87' lang='lat' dir='ltr'><strong>sunto,</strong></span> <span class='ocrx_word' id='word_1_580' title='bbox 1840 4569 1908 4622; x_wconf 87' lang='lat' dir='ltr'><strong>ad</strong></span> <span class='ocrx_word' id='word_1_581' title='bbox 1935 4585 2081 4626; x_wconf 87' lang='lat' dir='ltr'><strong>eme-</strong></span> 
     </span>
    </p>
   </div>
   <div class='ocr_carea' id='block_1_80' title="bbox 521 4661 2079 4734">
    <p class='ocr_par' dir='ltr' id='par_1_80' title="bbox 521 4661 2079 4734">
     <span class='ocr_line' id='line_1_80' title="bbox 521 4661 2079 4734; baseline -0.003 -12"><span class='ocrx_word' id='word_1_582' title='bbox 521 4667 742 4722; x_wconf 85' lang='lat' dir='ltr'><strong>rendam</strong></span> <span class='ocrx_word' id='word_1_583' title='bbox 777 4663 1206 4734; x_wconf 88' lang='lat' dir='ltr'><strong>antiquariorum</strong></span> <span class='ocrx_word' id='word_1_584' title='bbox 1230 4661 1662 4730; x_wconf 82' lang='lat' dir='ltr'><strong>disertorumque</strong></span> <span class='ocrx_word' id='word_1_585' title='bbox 1696 4661 1932 4715; x_wconf 83' lang='lat' dir='ltr'><strong>virorum</strong></span> <span class='ocrx_word' id='word_1_586' title='bbox 1978 4661 2079 4718; x_wconf 89' lang='lat' dir='ltr'><strong>hoc</strong></span> 
     </span>
    </p>
   </div>
   <div class='ocr_carea' id='block_1_81' title="bbox 520 4752 2076 4831">
    <p class='ocr_par' dir='ltr' id='par_1_81' title="bbox 520 4752 2076 4831">
     <span class='ocr_line' id='line_1_81' title="bbox 520 4752 2076 4831; baseline -0.005 -15"><span class='ocrx_word' id='word_1_587' title='bbox 520 4760 837 4831; x_wconf 89' lang='lat' dir='ltr'><strong>obsequiolo</strong></span> <span class='ocrx_word' id='word_1_588' title='bbox 864 4759 1092 4830; x_wconf 86' lang='lat' dir='ltr'><strong>gratiam</strong></span> <span class='ocrx_word' id='word_1_589' title='bbox 1126 4772 1139 4808; x_wconf 93' lang='lat'>:</span> <span class='ocrx_word' id='word_1_590' title='bbox 1180 4755 1226 4810; x_wconf 90' lang='lat' dir='ltr'><strong>si</strong></span> <span class='ocrx_word' id='word_1_591' title='bbox 1255 4755 1380 4824; x_wconf 91' lang='lat' dir='ltr'><strong>quid</strong></span> <span class='ocrx_word' id='word_1_592' title='bbox 1411 4755 1638 4807; x_wconf 85' lang='lat' dir='ltr'><strong>Iortasse</strong></span> <span class='ocrx_word' id='word_1_593' title='bbox 1661 4752 1774 4821; x_wconf 85' lang='lat' dir='ltr'><strong>spei</strong></span> <span class='ocrx_word' id='word_1_594' title='bbox 1805 4761 1888 4807; x_wconf 91' lang='lat' dir='ltr'><strong>est</strong></span> <span class='ocrx_word' id='word_1_595' title='bbox 1929 4752 2076 4809; x_wconf 62' lang='lat' dir='ltr'><strong>Grie-</strong></span> 
     </span>
    </p>
   </div>
   <div class='ocr_carea' id='block_1_82' title="bbox 2425 3470 3469 3546">
    <p class='ocr_par' dir='ltr' id='par_1_82' title="bbox 2425 3470 3469 3546">
     <span class='ocr_line' id='line_1_82' title="bbox 2425 3470 3469 3546; baseline 0.009 -22"><span class='ocrx_word' id='word_1_596' title='bbox 2425 3470 2604 3525; x_wconf 84' lang='grc' dir='ltr'>Ὅθεν</span> <span class='ocrx_word' id='word_1_597' title='bbox 2630 3473 2982 3542; x_wconf 80' lang='grc' dir='ltr'>ἀριθμητέον</span> <span class='ocrx_word' id='word_1_598' title='bbox 3016 3475 3157 3542; x_wconf 82' lang='grc' dir='ltr'>τοὺς</span> <span class='ocrx_word' id='word_1_599' title='bbox 3192 3479 3469 3546; x_wconf 80' lang='grc' dir='ltr'>χρόνους.</span> 
     </span>
    </p>
   </div>
   <div class='ocr_carea' id='block_1_83' title="bbox 2247 3557 3738 3636">
    <p class='ocr_par' dir='ltr' id='par_1_83' title="bbox 2247 3557 3738 3636">
     <span class='ocr_line' id='line_1_83' title="bbox 2247 3557 3738 3636; baseline 0.006 -24"><span class='ocrx_word' id='word_1_600' title='bbox 2247 3557 2375 3615; x_wconf 81' lang='lat' dir='ltr'><strong>KA&#39;.</strong></span> <span class='ocrx_word' id='word_1_601' title='bbox 2415 3562 2598 3615; x_wconf 87' lang='grc' dir='ltr'>Ὅσιον</span> <span class='ocrx_word' id='word_1_602' title='bbox 2631 3562 2687 3614; x_wconf 78' lang='grc' dir='ltr'>δὲ</span> <span class='ocrx_word' id='word_1_603' title='bbox 2744 3563 2834 3615; x_wconf 74' lang='grc' dir='ltr'>καὶ</span> <span class='ocrx_word' id='word_1_604' title='bbox 2877 3564 3001 3626; x_wconf 74' lang='grc' dir='ltr'>τοὺς</span> <span class='ocrx_word' id='word_1_605' title='bbox 3054 3565 3275 3634; x_wconf 85' lang='grc' dir='ltr'>χρόνους</span> <span class='ocrx_word' id='word_1_606' title='bbox 3321 3566 3573 3636; x_wconf 74' lang='grc' dir='ltr'>ἀριθμεῖν</span> <span class='ocrx_word' id='word_1_607' title='bbox 3631 3568 3738 3621; x_wconf 81' lang='grc' dir='ltr'><strong>ἀπὸ</strong></span> 
     </span>
    </p>
   </div>
   <div class='ocr_carea' id='block_1_84' title="bbox 2177 3653 3737 3730">
    <p class='ocr_par' dir='ltr' id='par_1_84' title="bbox 2177 3653 3737 3730">
     <span class='ocr_line' id='line_1_84' title="bbox 2177 3653 3737 3730; baseline 0.008 -26"><span class='ocrx_word' id='word_1_608' title='bbox 2177 3653 2401 3725; x_wconf 81' lang='grc' dir='ltr'>γενετῆς</span> <span class='ocrx_word' id='word_1_609' title='bbox 2428 3654 2519 3707; x_wconf 73' lang='grc' dir='ltr'>τοῦ</span> <span class='ocrx_word' id='word_1_610' title='bbox 2554 3655 2716 3710; x_wconf 72' lang='grc' dir='ltr'>αὑτοῦ</span> <span class='ocrx_word' id='word_1_611' title='bbox 2763 3655 2924 3710; x_wconf 80' lang='grc' dir='ltr'>Θεοῦ·</span> <span class='ocrx_word' id='word_1_612' title='bbox 2957 3657 3090 3710; x_wconf 90' lang='grc' dir='ltr'><strong>ἀλλά</strong></span> <span class='ocrx_word' id='word_1_613' title='bbox 3127 3660 3222 3730; x_wconf 83' lang='grc' dir='ltr'>μὴ,</span> <span class='ocrx_word' id='word_1_614' title='bbox 3256 3659 3332 3724; x_wconf 83' lang='grc' dir='ltr'>ὡς</span> <span class='ocrx_word' id='word_1_615' title='bbox 3378 3661 3428 3712; x_wconf 77' lang='grc' dir='ltr'><strong>οι</strong></span> <span class='ocrx_word' id='word_1_616' title='bbox 3476 3661 3572 3714; x_wconf 77' lang='grc' dir='ltr'>νῦν</span> <span class='ocrx_word' id='word_1_617' title='bbox 3608 3664 3737 3716; x_wconf 77' lang='grc' dir='ltr'><strong>Ἐλ-</strong></span> 
     </span>
    </p>
   </div>
   <div class='ocr_carea' id='block_1_85' title="bbox 2177 3744 3740 3824">
    <p class='ocr_par' dir='ltr' id='par_1_85' title="bbox 2177 3744 3740 3824">
     <span class='ocr_line' id='line_1_85' title="bbox 2177 3744 3740 3824; baseline 0.008 -28"><span class='ocrx_word' id='word_1_618' title='bbox 2177 3744 2355 3816; x_wconf 86' lang='grc' dir='ltr'>ληνες,</span> <span class='ocrx_word' id='word_1_619' title='bbox 2394 3747 2500 3798; x_wconf 85' lang='grc' dir='ltr'>ἀπὸ</span> <span class='ocrx_word' id='word_1_620' title='bbox 2522 3748 2724 3824; x_wconf 85' lang='grc' dir='ltr'>κόσμου</span> <span class='ocrx_word' id='word_1_621' title='bbox 2757 3749 3037 3817; x_wconf 84' lang='grc' dir='ltr'>γενέσεως,</span> <span class='ocrx_word' id='word_1_622' title='bbox 3068 3751 3521 3822; x_wconf 81' lang='grc' dir='ltr'>ὲξακισχιλιοστὸν</span> <span class='ocrx_word' id='word_1_623' title='bbox 3549 3755 3740 3808; x_wconf 79' lang='grc' dir='ltr'>ἐνακο-</span> 
     </span>
    </p>
   </div>
   <div class='ocr_carea' id='block_1_86' title="bbox 2181 3839 3739 3916">
    <p class='ocr_par' dir='ltr' id='par_1_86' title="bbox 2181 3839 3739 3916">
     <span class='ocr_line' id='line_1_86' title="bbox 2181 3839 3739 3916; baseline 0.006 -27"><span class='ocrx_word' id='word_1_624' title='bbox 2181 3839 2386 3891; x_wconf 90' lang='grc' dir='ltr'>σιοστὸν</span> <span class='ocrx_word' id='word_1_625' title='bbox 2419 3839 2810 3910; x_wconf 77' lang='grc' dir='ltr'>ἑϐδομηκοστὸν</span> <span class='ocrx_word' id='word_1_626' title='bbox 2833 3842 3015 3911; x_wconf 76' lang='grc' dir='ltr'>ὃγδοον</span> <span class='ocrx_word' id='word_1_627' title='bbox 3046 3843 3163 3896; x_wconf 87' lang='grc' dir='ltr'>τόδε</span> <span class='ocrx_word' id='word_1_628' title='bbox 3194 3843 3310 3906; x_wconf 82' lang='grc' dir='ltr'>έτος</span> <span class='ocrx_word' id='word_1_629' title='bbox 3339 3845 3739 3916; x_wconf 81' lang='grc' dir='ltr'>καταριθμοῦν-</span> 
     </span>
    </p>
   </div>
   <div class='ocr_carea' id='block_1_87' title="bbox 2176 3934 3738 4007">
    <p class='ocr_par' dir='ltr' id='par_1_87' title="bbox 2176 3934 3738 4007">
     <span class='ocr_line' id='line_1_87' title="bbox 2176 3934 3738 4007; baseline 0.005 -23"><span class='ocrx_word' id='word_1_630' title='bbox 2176 3949 2284 3995; x_wconf 89' lang='grc' dir='ltr'>τες.</span> <span class='ocrx_word' id='word_1_631' title='bbox 2318 3934 2615 4004; x_wconf 81' lang='grc' dir='ltr'>Προφητῶν</span> <span class='ocrx_word' id='word_1_632' title='bbox 2647 3935 2744 4004; x_wconf 86' lang='grc' dir='ltr'><strong>μὲν</strong></span> <span class='ocrx_word' id='word_1_633' title='bbox 2769 3934 2877 4006; x_wconf 88' lang='grc' dir='ltr'><strong>γὰρ</strong></span> <span class='ocrx_word' id='word_1_634' title='bbox 2903 3936 3030 3999; x_wconf 73' lang='grc' dir='ltr'>ἴσως</span> <span class='ocrx_word' id='word_1_635' title='bbox 3060 3936 3152 3988; x_wconf 74' lang='grc' dir='ltr'>καὶ</span> <span class='ocrx_word' id='word_1_636' title='bbox 3175 3935 3378 3988; x_wconf 80' lang='grc' dir='ltr'>ταῦτα·</span> <span class='ocrx_word' id='word_1_637' title='bbox 3409 3937 3632 4007; x_wconf 76' lang='grc' dir='ltr'>ἄμεινον</span> <span class='ocrx_word' id='word_1_638' title='bbox 3660 3939 3738 4002; x_wconf 75' lang='grc' dir='ltr'>δὲ,</span> 
     </span>
    </p>
   </div>
   <div class='ocr_carea' id='block_1_88' title="bbox 2177 4025 3736 4102">
    <p class='ocr_par' dir='ltr' id='par_1_88' title="bbox 2177 4025 3736 4102">
     <span class='ocr_line' id='line_1_88' title="bbox 2177 4025 3736 4102; baseline 0.003 -23"><span class='ocrx_word' id='word_1_639' title='bbox 2177 4025 2448 4096; x_wconf 83' lang='grc' dir='ltr'>τιμῶντας</span> <span class='ocrx_word' id='word_1_640' title='bbox 2491 4029 2744 4097; x_wconf 89' lang='grc' dir='ltr'>Χριστὸν.</span> <span class='ocrx_word' id='word_1_641' title='bbox 2771 4027 2863 4080; x_wconf 84' lang='grc' dir='ltr'>ἀπ’</span> <span class='ocrx_word' id='word_1_642' title='bbox 2908 4027 3069 4080; x_wconf 81' lang='grc' dir='ltr'>αὐτοῦ</span> <span class='ocrx_word' id='word_1_643' title='bbox 3103 4027 3383 4099; x_wconf 75' lang='grc' dir='ltr'>ἄρχεσθαι,</span> <span class='ocrx_word' id='word_1_644' title='bbox 3408 4031 3660 4102; x_wconf 56' lang='grc' dir='ltr'>καθάπρ</span> <span class='ocrx_word' id='word_1_645' title='bbox 3689 4034 3736 4084; x_wconf 86' lang='lat' dir='ltr'><strong>oi</strong></span> 
     </span>
    </p>
   </div>
   <div class='ocr_carea' id='block_1_89' title="bbox 2178 4119 3734 4194">
    <p class='ocr_par' dir='ltr' id='par_1_89' title="bbox 2178 4119 3734 4194">
     <span class='ocr_line' id='line_1_89' title="bbox 2178 4119 3734 4194; baseline 0.002 -23"><span class='ocrx_word' id='word_1_646' title='bbox 2178 4119 2271 4172; x_wconf 75' lang='grc' dir='ltr'><strong>νῦν</strong></span> <span class='ocrx_word' id='word_1_647' title='bbox 2292 4120 2442 4183; x_wconf 79' lang='grc' dir='ltr'>ὄντες</span> <span class='ocrx_word' id='word_1_648' title='bbox 2475 4121 2731 4191; x_wconf 81' lang='grc' dir='ltr'>Ῥωμαῖοι</span> <span class='ocrx_word' id='word_1_649' title='bbox 2765 4119 2975 4188; x_wconf 77' lang='grc' dir='ltr'>ἄγουσι,</span> <span class='ocrx_word' id='word_1_650' title='bbox 3007 4120 3266 4190; x_wconf 89' lang='grc' dir='ltr'>χιλιοστὸν</span> <span class='ocrx_word' id='word_1_651' title='bbox 3294 4124 3734 4194; x_wconf 75' lang='grc' dir='ltr'>τετρακοσιοστὸν</span> 
     </span>
    </p>
   </div>
   <div class='ocr_carea' id='block_1_90' title="bbox 2178 4211 3730 4290">
    <p class='ocr_par' dir='ltr' id='par_1_90' title="bbox 2178 4211 3730 4290">
     <span class='ocr_line' id='line_1_90' title="bbox 2178 4211 3730 4290; baseline 0.002 -28"><span class='ocrx_word' id='word_1_652' title='bbox 2178 4211 2570 4282; x_wconf 79' lang='grc' dir='ltr'>ἑϐδομηκοστὸν</span> <span class='ocrx_word' id='word_1_653' title='bbox 2621 4211 2735 4290; x_wconf 80' lang='grc' dir='ltr'>τόδε</span> <span class='ocrx_word' id='word_1_654' title='bbox 2773 4211 3215 4282; x_wconf 77' lang='grc' dir='ltr'>διαριθμούμενοι</span> <span class='ocrx_word' id='word_1_655' title='bbox 3244 4212 3389 4276; x_wconf 72' lang='grc' dir='ltr'>ἕτοςο</span> <span class='ocrx_word' id='word_1_656' title='bbox 3425 4214 3590 4266; x_wconf 82' lang='grc' dir='ltr'>καίτοι</span> <span class='ocrx_word' id='word_1_657' title='bbox 3618 4213 3730 4265; x_wconf 79' lang='grc' dir='ltr'><strong>τῶν</strong></span> 
     </span>
    </p>
   </div>
   <div class='ocr_carea' id='block_1_91' title="bbox 2179 4302 3725 4375">
    <p class='ocr_par' dir='ltr' id='par_1_91' title="bbox 2179 4302 3725 4375">
     <span class='ocr_line' id='line_1_91' title="bbox 2179 4302 3725 4375; baseline -0.001 -20"><span class='ocrx_word' id='word_1_658' title='bbox 2179 4303 2341 4357; x_wconf 79' lang='grc' dir='ltr'>πάλαι</span> <span class='ocrx_word' id='word_1_659' title='bbox 2373 4305 2656 4374; x_wconf 77' lang='grc' dir='ltr'>Ῥωμαίων</span> <span class='ocrx_word' id='word_1_660' title='bbox 2680 4303 2786 4356; x_wconf 86' lang='grc' dir='ltr'><strong>ἀπὸ</strong></span> <span class='ocrx_word' id='word_1_661' title='bbox 2819 4303 3047 4366; x_wconf 80' lang='grc' dir='ltr'>κτίσεως</span> <span class='ocrx_word' id='word_1_662' title='bbox 3079 4302 3294 4374; x_wconf 81' lang='grc' dir='ltr'>Ῥώμης</span> <span class='ocrx_word' id='word_1_663' title='bbox 3327 4304 3690 4375; x_wconf 78' lang='grc' dir='ltr'>ἀριθμούντων</span> <span class='ocrx_word' id='word_1_664' title='bbox 3711 4323 3725 4333; x_wconf 88' lang='grc'><strong>·</strong></span> 
     </span>
    </p>
   </div>
   <div class='ocr_carea' id='block_1_92' title="bbox 2176 4393 3734 4467">
    <p class='ocr_par' dir='ltr' id='par_1_92' title="bbox 2176 4393 3734 4467">
     <span class='ocr_line' id='line_1_92' title="bbox 2176 4393 3734 4467; baseline 0.001 -21"><span class='ocrx_word' id='word_1_665' title='bbox 2176 4393 2362 4464; x_wconf 78' lang='grc' dir='ltr'>ὥσπερ</span> <span class='ocrx_word' id='word_1_666' title='bbox 2394 4394 2658 4466; x_wconf 80' lang='grc' dir='ltr'>Ἀθηναῖοι</span> <span class='ocrx_word' id='word_1_667' title='bbox 2694 4395 2789 4464; x_wconf 83' lang='grc' dir='ltr'>μὲν</span> <span class='ocrx_word' id='word_1_668' title='bbox 2804 4394 2910 4447; x_wconf 90' lang='grc' dir='ltr'><strong>ἀπὸ</strong></span> <span class='ocrx_word' id='word_1_669' title='bbox 2944 4393 3298 4464; x_wconf 80' lang='grc' dir='ltr'>Ὀλυμπιάδος</span> <span class='ocrx_word' id='word_1_670' title='bbox 3328 4395 3560 4467; x_wconf 81' lang='grc' dir='ltr'>πρώτης,</span> <span class='ocrx_word' id='word_1_671' title='bbox 3582 4395 3734 4450; x_wconf 70' lang='lat' dir='ltr'><strong>mm</strong></span> 
     </span>
    </p>
   </div>
   <div class='ocr_carea' id='block_1_93' title="bbox 2176 4483 2818 4556">
    <p class='ocr_par' dir='ltr' id='par_1_93' title="bbox 2176 4483 2818 4556">
     <span class='ocr_line' id='line_1_93' title="bbox 2176 4483 2818 4556; baseline -0.003 -17"><span class='ocrx_word' id='word_1_672' title='bbox 2176 4485 2233 4539; x_wconf 78' lang='grc' dir='ltr'>δὲ</span> <span class='ocrx_word' id='word_1_673' title='bbox 2268 4485 2374 4538; x_wconf 81' lang='grc' dir='ltr'>ἀπὸ</span> <span class='ocrx_word' id='word_1_674' title='bbox 2399 4483 2506 4537; x_wconf 89' lang='grc' dir='ltr'><strong>τῶν</strong></span> <span class='ocrx_word' id='word_1_675' title='bbox 2539 4484 2818 4556; x_wconf 84' lang='grc' dir='ltr'>Τρωῖκῶν.</span> 
     </span>
    </p>
   </div>
   <div class='ocr_carea' id='block_1_94' title="bbox 2248 4571 3742 4648">
    <p class='ocr_par' dir='ltr' id='par_1_94' title="bbox 2248 4571 3742 4648">
     <span class='ocr_line' id='line_1_94' title="bbox 2248 4571 3742 4648; baseline 0.003 -21"><span class='ocrx_word' id='word_1_676' title='bbox 2248 4575 2380 4646; x_wconf 68' lang='grc' dir='ltr'>Περὶ</span> <span class='ocrx_word' id='word_1_677' title='bbox 2428 4577 2524 4646; x_wconf 83' lang='grc' dir='ltr'><strong>μὲν</strong></span> <span class='ocrx_word' id='word_1_678' title='bbox 2571 4571 2661 4628; x_wconf 80' lang='grc' dir='ltr'><strong>οὖν</strong></span> <span class='ocrx_word' id='word_1_679' title='bbox 2696 4575 2801 4628; x_wconf 88' lang='grc' dir='ltr'><strong>τῶν</strong></span> <span class='ocrx_word' id='word_1_680' title='bbox 2853 4575 3034 4645; x_wconf 89' lang='grc' dir='ltr'>μηνῶν</span> <span class='ocrx_word' id='word_1_681' title='bbox 3088 4577 3256 4648; x_wconf 74' lang='grc' dir='ltr'>ταύτῃ</span> <span class='ocrx_word' id='word_1_682' title='bbox 3313 4577 3583 4648; x_wconf 73' lang='grc' dir='ltr'>διωρίσθω</span> <span class='ocrx_word' id='word_1_683' title='bbox 3628 4579 3742 4633; x_wconf 80' lang='grc' dir='ltr'><strong>τῶν</strong></span> 
     </span>
    </p>
   </div>
   <div class='ocr_carea' id='block_1_95' title="bbox 2177 4663 3742 4736">
    <p class='ocr_par' dir='ltr' id='par_1_95' title="bbox 2177 4663 3742 4736">
     <span class='ocr_line' id='line_1_95' title="bbox 2177 4663 3742 4736; baseline 0.004 -20"><span class='ocrx_word' id='word_1_684' title='bbox 2177 4663 2370 4731; x_wconf 72' lang='grc' dir='ltr'>λογίων</span> <span class='ocrx_word' id='word_1_685' title='bbox 2397 4665 2555 4736; x_wconf 81' lang='grc' dir='ltr'>χάριν</span> <span class='ocrx_word' id='word_1_686' title='bbox 2587 4665 2792 4736; x_wconf 90' lang='grc' dir='ltr'>ἀνδρῶν</span> <span class='ocrx_word' id='word_1_687' title='bbox 2809 4680 2822 4692; x_wconf 82' lang='lat'><strong><em>°</em></strong></span> <span class='ocrx_word' id='word_1_688' title='bbox 2847 4665 2900 4717; x_wconf 84' lang='grc' dir='ltr'>εἴ</span> <span class='ocrx_word' id='word_1_689' title='bbox 2922 4682 3004 4728; x_wconf 89' lang='grc' dir='ltr'><strong>τις</strong></span> <span class='ocrx_word' id='word_1_690' title='bbox 3028 4666 3132 4731; x_wconf 84' lang='grc' dir='ltr'>ἄρα</span> <span class='ocrx_word' id='word_1_691' title='bbox 3155 4666 3304 4729; x_wconf 71' lang='grc' dir='ltr'>ἐλπὶς</span> <span class='ocrx_word' id='word_1_692' title='bbox 3328 4667 3604 4721; x_wconf 76' lang='grc' dir='ltr'>διάλεκτον</span> <span class='ocrx_word' id='word_1_693' title='bbox 3629 4674 3742 4734; x_wconf 83' lang='grc' dir='ltr'>τοῖς</span> 
     </span>
    </p>
   </div>
   <div class='ocr_carea' id='block_1_96' title="bbox 2177 4754 3742 4830">
    <p class='ocr_par' dir='ltr' id='par_1_96' title="bbox 2177 4754 3742 4830">
     <span class='ocr_line' id='line_1_96' title="bbox 2177 4754 3742 4830; baseline -0.002 -23"><span class='ocrx_word' id='word_1_694' title='bbox 2177 4755 2566 4824; x_wconf 78' lang='grc' dir='ltr'>ἐπιγινομένοις</span> <span class='ocrx_word' id='word_1_695' title='bbox 2587 4754 2803 4808; x_wconf 77' lang='grc' dir='ltr'>ἔσεσθαι</span> <span class='ocrx_word' id='word_1_696' title='bbox 2845 4755 3186 4827; x_wconf 73' lang='grc' dir='ltr'>Ἐλληνικὴνσ</span> <span class='ocrx_word' id='word_1_697' title='bbox 3227 4757 3360 4810; x_wconf 73' lang='grc' dir='ltr'>ἀλλὰ</span> <span class='ocrx_word' id='word_1_698' title='bbox 3392 4760 3492 4830; x_wconf 81' lang='grc' dir='ltr'>μὴ,</span> <span class='ocrx_word' id='word_1_699' title='bbox 3529 4760 3605 4824; x_wconf 85' lang='grc' dir='ltr'>ὼς</span> <span class='ocrx_word' id='word_1_700' title='bbox 3649 4761 3742 4815; x_wconf 72' lang='grc' dir='ltr'><strong>ἀλ-</strong></span> 
     </span>
    </p>
   </div>
   <div class='ocr_carea' id='block_1_97' title="bbox 520 4828 2067 4922">
    <p class='ocr_par' dir='ltr' id='par_1_97' title="bbox 520 4828 2067 4922">
     <span class='ocr_line' id='line_1_97' title="bbox 520 4828 2067 4922; baseline -0.006 -15"><span class='ocrx_word' id='word_1_701' title='bbox 520 4870 637 4907; x_wconf 85' lang='lat' dir='ltr'><strong>eam</strong></span> <span class='ocrx_word' id='word_1_702' title='bbox 666 4828 923 4922; x_wconf 83' lang='lat' dir='ltr'><strong>linguam,</strong></span> <span class='ocrx_word' id='word_1_703' title='bbox 957 4849 1183 4919; x_wconf 89' lang='lat' dir='ltr'><strong>ejusque</strong></span> <span class='ocrx_word' id='word_1_704' title='bbox 1213 4847 1449 4902; x_wconf 80' lang='lat' dir='ltr'><strong>studium</strong></span> <span class='ocrx_word' id='word_1_705' title='bbox 1500 4843 1742 4913; x_wconf 89' lang='lat' dir='ltr'><strong>adusque</strong></span> <span class='ocrx_word' id='word_1_706' title='bbox 1794 4845 2067 4914; x_wconf 88' lang='lat' dir='ltr'><strong>posterita-</strong></span> 
     </span>
    </p>
   </div>
   <div class='ocr_carea' id='block_1_98' title="bbox 2170 4828 3742 4922">
    <p class='ocr_par' dir='ltr' id='par_1_98' title="bbox 2180 4836 3742 4915">
     <span class='ocr_line' id='line_1_98' title="bbox 2180 4836 3742 4915; baseline 0.004 -16"><span class='ocrx_word' id='word_1_707' title='bbox 2180 4847 2286 4900; x_wconf 89' lang='grc' dir='ltr'><strong>λων</strong></span> <span class='ocrx_word' id='word_1_708' title='bbox 2320 4845 2486 4900; x_wconf 80' lang='grc' dir='ltr'>πάλαι</span> <span class='ocrx_word' id='word_1_709' title='bbox 2520 4845 2706 4910; x_wconf 72' lang='grc' dir='ltr'>ἐθνῶν,</span> <span class='ocrx_word' id='word_1_710' title='bbox 2731 4845 2823 4899; x_wconf 74' lang='grc' dir='ltr'><strong>καὶ</strong></span> <span class='ocrx_word' id='word_1_711' title='bbox 2849 4845 2940 4898; x_wconf 81' lang='grc' dir='ltr'>τοῦ</span> <span class='ocrx_word' id='word_1_712' title='bbox 2964 4841 3283 4914; x_wconf 73' lang='grc' dir='ltr'>’Ἑλληνικοῦ</span> <span class='ocrx_word' id='word_1_713' title='bbox 3313 4836 3404 4900; x_wconf 69' lang='grc' dir='ltr'><strong>νῦν</strong></span> <span class='ocrx_word' id='word_1_714' title='bbox 3430 4850 3628 4915; x_wconf 80' lang='grc' dir='ltr'>παντὸς</span> <span class='ocrx_word' id='word_1_715' title='bbox 3649 4853 3742 4906; x_wconf 74' lang='grc' dir='ltr'>καὶ</span> 
     </span>
    </p>
   </div>
   <div class='ocr_carea' id='block_1_99' title="bbox 521 4936 2078 5008">
    <p class='ocr_par' dir='ltr' id='par_1_99' title="bbox 521 4936 2078 5008">
     <span class='ocr_line' id='line_1_99' title="bbox 521 4936 2078 5008; baseline -0.006 -7"><span class='ocrx_word' id='word_1_716' title='bbox 521 4954 625 5001; x_wconf 91' lang='lat' dir='ltr'><strong>tem</strong></span> <span class='ocrx_word' id='word_1_717' title='bbox 652 4944 765 4998; x_wconf 79' lang='lat' dir='ltr'><strong>fore</strong></span> <span class='ocrx_word' id='word_1_718' title='bbox 803 4959 957 4998; x_wconf 90' lang='lat' dir='ltr'><strong>:non</strong></span> <span class='ocrx_word' id='word_1_719' title='bbox 987 4950 1188 5003; x_wconf 89' lang='lat' dir='ltr'><strong>autem,</strong></span> <span class='ocrx_word' id='word_1_720' title='bbox 1221 4948 1282 4994; x_wconf 91' lang='lat' dir='ltr'><strong>nt</strong></span> <span class='ocrx_word' id='word_1_721' title='bbox 1337 4939 1564 4992; x_wconf 89' lang='lat' dir='ltr'><strong>aliarum</strong></span> <span class='ocrx_word' id='word_1_722' title='bbox 1623 4936 1890 5006; x_wconf 89' lang='lat' dir='ltr'><strong>quondam</strong></span> <span class='ocrx_word' id='word_1_723' title='bbox 1952 4953 2078 5008; x_wconf 89' lang='lat' dir='ltr'><strong>gen-</strong></span> 
     </span>
    </p>
   </div>
   <div class='ocr_carea' id='block_1_100' title="bbox 2182 4930 3402 5006">
    <p class='ocr_par' dir='ltr' id='par_1_100' title="bbox 2182 4930 3402 5006">
     <span class='ocr_line' id='line_1_100' title="bbox 2182 4930 3402 5006; baseline 0.002 -19"><span class='ocrx_word' id='word_1_724' title='bbox 2182 4936 2370 5005; x_wconf 87' lang='grc' dir='ltr'>γένους</span> <span class='ocrx_word' id='word_1_725' title='bbox 2402 4934 2494 4989; x_wconf 79' lang='grc' dir='ltr'>καὶ</span> <span class='ocrx_word' id='word_1_726' title='bbox 2527 4935 2684 5003; x_wconf 78' lang='grc' dir='ltr'>λόγου</span> <span class='ocrx_word' id='word_1_727' title='bbox 2709 4933 2961 5006; x_wconf 79' lang='grc' dir='ltr'>τελευτὴν</span> <span class='ocrx_word' id='word_1_728' title='bbox 2989 4934 3216 5005; x_wconf 81' lang='grc' dir='ltr'>εἵμαρτο</span> <span class='ocrx_word' id='word_1_729' title='bbox 3245 4930 3402 4994; x_wconf 74' lang='grc' dir='ltr'>εἶναι.</span> 
     </span>
    </p>
   </div>
   <div class='ocr_carea' id='block_1_101' title="bbox 520 5026 2919 5106">
    <p class='ocr_par' dir='ltr' id='par_1_101' title="bbox 520 5026 2919 5106">
     <span class='ocr_line' id='line_1_101' title="bbox 520 5026 2919 5106; baseline -0.004 -14"><span class='ocrx_word' id='word_1_730' title='bbox 520 5040 673 5097; x_wconf 90' lang='lat' dir='ltr'><strong>tium.</strong></span> <span class='ocrx_word' id='word_1_731' title='bbox 701 5035 873 5092; x_wconf 70' lang='lat' dir='ltr'><strong>Graeci</strong></span> <span class='ocrx_word' id='word_1_732' title='bbox 896 5049 1112 5106; x_wconf 90' lang='lat' dir='ltr'><strong>quoque</strong></span> <span class='ocrx_word' id='word_1_733' title='bbox 1135 5047 1283 5087; x_wconf 90' lang='lat' dir='ltr'><strong>nunc</strong></span> <span class='ocrx_word' id='word_1_734' title='bbox 1315 5031 1482 5085; x_wconf 87' lang='lat' dir='ltr'><strong>totius</strong></span> <span class='ocrx_word' id='word_1_735' title='bbox 1510 5036 1564 5084; x_wconf 90' lang='lat' dir='ltr'><strong>et</strong></span> <span class='ocrx_word' id='word_1_736' title='bbox 1589 5029 1823 5101; x_wconf 80' lang='lat' dir='ltr'><strong>generis,</strong></span> <span class='ocrx_word' id='word_1_737' title='bbox 1855 5037 1906 5084; x_wconf 82' lang='lat' dir='ltr'><strong>et</strong></span> <span class='ocrx_word' id='word_1_738' title='bbox 1953 5029 2219 5086; x_wconf 84' lang='lat' dir='ltr'><strong>sermonis</strong></span> <span class='ocrx_word' id='word_1_739' title='bbox 2241 5030 2399 5084; x_wconf 75' lang='lat' dir='ltr'><strong>tinem</strong></span> <span class='ocrx_word' id='word_1_740' title='bbox 2423 5043 2544 5084; x_wconf 91' lang='lat' dir='ltr'><strong>esse</strong></span> <span class='ocrx_word' id='word_1_741' title='bbox 2578 5029 2629 5082; x_wconf 93' lang='lat' dir='ltr'><strong>in</strong></span> <span class='ocrx_word' id='word_1_742' title='bbox 2663 5026 2788 5082; x_wconf 80' lang='lat' dir='ltr'><strong>fatis</strong></span> <span class='ocrx_word' id='word_1_743' title='bbox 2819 5035 2919 5082; x_wconf 90' lang='lat' dir='ltr'><strong>est.</strong></span> 
     </span>
    </p>
   </div>
   <div class='ocr_carea' id='block_1_102' title="bbox 946 5145 1655 5202">
    <p class='ocr_par' dir='ltr' id='par_1_102' title="bbox 946 5145 1655 5202">
     <span class='ocr_line' id='line_1_102' title="bbox 946 5145 1655 5202; baseline -0.003 -3"><span class='ocrx_word' id='word_1_744' title='bbox 946 5151 1114 5202; x_wconf 73' lang='lat' dir='ltr'><strong>Testes</strong></span> <span class='ocrx_word' id='word_1_745' title='bbox 1133 5147 1186 5200; x_wconf 83' lang='lat' dir='ltr'><strong>in</strong></span> <span class='ocrx_word' id='word_1_746' title='bbox 1201 5147 1295 5200; x_wconf 79' lang='lat' dir='ltr'><strong>hoc</strong></span> <span class='ocrx_word' id='word_1_747' title='bbox 1333 5145 1467 5200; x_wconf 81' lang='lat' dir='ltr'><strong>libro</strong></span> <span class='ocrx_word' id='word_1_748' title='bbox 1489 5145 1655 5198; x_wconf 83' lang='lat' dir='ltr'><strong>citati.</strong></span> 
     </span>
    </p>
   </div>
   <div class='ocr_carea' id='block_1_103' title="bbox 794 5237 1045 5294">
    <p class='ocr_par' dir='ltr' id='par_1_103' title="bbox 794 5237 1045 5294">
     <span class='ocr_line' id='line_1_103' title="bbox 794 5237 1045 5294; baseline 0.012 -3"><span class='ocrx_word' id='word_1_749' title='bbox 794 5237 1045 5294; x_wconf 84' lang='lat' dir='ltr'><strong>Basilius.</strong></span> 
     </span>
    </p>
   </div>
   <div class='ocr_carea' id='block_1_104' title="bbox 798 5307 1006 5362">
    <p class='ocr_par' dir='ltr' id='par_1_104' title="bbox 798 5307 1006 5362">
     <span class='ocr_line' id='line_1_104' title="bbox 798 5307 1006 5362; baseline -0.005 -1"><span class='ocrx_word' id='word_1_750' title='bbox 798 5307 1006 5362; x_wconf 81' lang='lat' dir='ltr'><strong>Plelho.</strong></span> 
     </span>
    </p>
   </div>
   <div class='ocr_carea' id='block_1_105' title="bbox 797 5377 1297 5435">
    <p class='ocr_par' dir='ltr' id='par_1_105' title="bbox 797 5377 1297 5435">
     <span class='ocr_line' id='line_1_105' title="bbox 797 5377 1297 5435; baseline 0 -3"><span class='ocrx_word' id='word_1_751' title='bbox 797 5380 966 5433; x_wconf 87' lang='lat' dir='ltr'><strong>Aulus</strong></span> <span class='ocrx_word' id='word_1_752' title='bbox 999 5377 1297 5435; x_wconf 83' lang='lat' dir='ltr'><strong>Romanus.</strong></span> 
     </span>
    </p>
   </div>
   <div class='ocr_carea' id='block_1_106' title="bbox 797 5449 1136 5506">
    <p class='ocr_par' dir='ltr' id='par_1_106' title="bbox 797 5449 1136 5506">
     <span class='ocr_line' id='line_1_106' title="bbox 797 5449 1136 5506; baseline 0.012 -4"><span class='ocrx_word' id='word_1_753' title='bbox 797 5449 1136 5506; x_wconf 81' lang='lat' dir='ltr'><strong>Aristoteles.</strong></span> 
     </span>
    </p>
   </div>
   <div class='ocr_carea' id='block_1_107' title="bbox 798 5519 1053 5574">
    <p class='ocr_par' dir='ltr' id='par_1_107' title="bbox 798 5519 1053 5574">
     <span class='ocr_line' id='line_1_107' title="bbox 798 5519 1053 5574; baseline 0 -2"><span class='ocrx_word' id='word_1_754' title='bbox 798 5519 1053 5574; x_wconf 85' lang='lat' dir='ltr'><strong>Galenus.</strong></span> 
     </span>
    </p>
   </div>
   <div class='ocr_carea' id='block_1_108' title="bbox 800 5586 1417 5648">
    <p class='ocr_par' dir='ltr' id='par_1_108' title="bbox 800 5586 1417 5648">
     <span class='ocr_line' id='line_1_108' title="bbox 800 5586 1417 5648; baseline 0.013 -9"><span class='ocrx_word' id='word_1_755' title='bbox 800 5589 1102 5645; x_wconf 78' lang='lat' dir='ltr'><strong>Macrobius</strong></span> <span class='ocrx_word' id='word_1_756' title='bbox 1122 5586 1417 5648; x_wconf 81' lang='lat' dir='ltr'><strong>Romanus.</strong></span> 
     </span>
    </p>
   </div>
   <div class='ocr_carea' id='block_1_109' title="bbox 800 5657 1223 5728">
    <p class='ocr_par' dir='ltr' id='par_1_109' title="bbox 800 5657 1223 5728">
     <span class='ocr_line' id='line_1_109' title="bbox 800 5657 1223 5728; baseline 0.002 -18"><span class='ocrx_word' id='word_1_757' title='bbox 800 5657 1223 5728; x_wconf 69' lang='lat' dir='ltr'><strong>Theophrastus.</strong></span> 
     </span>
    </p>
   </div>
   <div class='ocr_carea' id='block_1_110' title="bbox 809 5727 1210 5786">
    <p class='ocr_par' dir='ltr' id='par_1_110' title="bbox 809 5727 1210 5786">
     <span class='ocr_line' id='line_1_110' title="bbox 809 5727 1210 5786; baseline 0 -3"><span class='ocrx_word' id='word_1_758' title='bbox 809 5727 1210 5786; x_wconf 80' lang='lat' dir='ltr'><strong>Demosthenes.</strong></span> 
     </span>
    </p>
   </div>
   <div class='ocr_carea' id='block_1_111' title="bbox 2664 5142 3262 5215">
    <p class='ocr_par' dir='ltr' id='par_1_111' title="bbox 2664 5142 3262 5215">
     <span class='ocr_line' id='line_1_111' title="bbox 2664 5142 3262 5215; baseline 0 -17"><span class='ocrx_word' id='word_1_759' title='bbox 2664 5142 2966 5212; x_wconf 80' lang='grc' dir='ltr'>Μάρτυρες</span> <span class='ocrx_word' id='word_1_760' title='bbox 2990 5144 3069 5212; x_wconf 86' lang='grc' dir='ltr'>τῷ</span> <span class='ocrx_word' id='word_1_761' title='bbox 3091 5145 3262 5215; x_wconf 51' lang='grc' dir='ltr'><strong>,ζόῃ-ιη</strong></span> 
     </span>
    </p>
   </div>
   <div class='ocr_carea' id='block_1_112' title="bbox 2465 5236 2754 5298">
    <p class='ocr_par' dir='ltr' id='par_1_112' title="bbox 2465 5236 2754 5298">
     <span class='ocr_line' id='line_1_112' title="bbox 2465 5236 2754 5298; baseline 0 -10"><span class='ocrx_word' id='word_1_762' title='bbox 2465 5236 2754 5298; x_wconf 77' lang='grc' dir='ltr'>Βασίλειος.</span> 
     </span>
    </p>
   </div>
   <div class='ocr_carea' id='block_1_113' title="bbox 2462 5307 2700 5376">
    <p class='ocr_par' dir='ltr' id='par_1_113' title="bbox 2462 5307 2700 5376">
     <span class='ocr_line' id='line_1_113' title="bbox 2462 5307 2700 5376; baseline -0.013 -16"><span class='ocrx_word' id='word_1_763' title='bbox 2462 5307 2700 5376; x_wconf 68' lang='grc' dir='ltr'>Πλήθων.</span> 
     </span>
    </p>
   </div>
   <div class='ocr_carea' id='block_1_114' title="bbox 2459 5373 2946 5446">
    <p class='ocr_par' dir='ltr' id='par_1_114' title="bbox 2459 5373 2946 5446">
     <span class='ocr_line' id='line_1_114' title="bbox 2459 5373 2946 5446; baseline 0.01 -17"><span class='ocrx_word' id='word_1_764' title='bbox 2459 5373 2626 5440; x_wconf 77' lang='grc' dir='ltr'>Αὖλος</span> <span class='ocrx_word' id='word_1_765' title='bbox 2668 5377 2946 5446; x_wconf 79' lang='grc' dir='ltr'>Ῥωμαῖος.</span> 
     </span>
    </p>
   </div>
   <div class='ocr_carea' id='block_1_115' title="bbox 2474 5446 2863 5518">
    <p class='ocr_par' dir='ltr' id='par_1_115' title="bbox 2474 5446 2863 5518">
     <span class='ocr_line' id='line_1_115' title="bbox 2474 5446 2863 5518; baseline 0.01 -19"><span class='ocrx_word' id='word_1_766' title='bbox 2474 5446 2863 5518; x_wconf 82' lang='grc' dir='ltr'>Ἀριστοτέλης.</span> 
     </span>
    </p>
   </div>
   <div class='ocr_carea' id='block_1_116' title="bbox 2460 5465 2712 5584">
    <p class='ocr_par' dir='ltr' id='par_1_116' title="bbox 2460 5465 2712 5584">
     <span class='ocr_line' id='line_1_116' title="bbox 2460 5465 2712 5584; baseline 0 -15"><span class='ocrx_word' id='word_1_767' title='bbox 2460 5465 2712 5584; x_wconf 54' lang='lat' dir='ltr'><strong>eam“:</strong></span> 
     </span>
    </p>
   </div>
   <div class='ocr_carea' id='block_1_117' title="bbox 2464 5586 3084 5660">
    <p class='ocr_par' dir='ltr' id='par_1_117' title="bbox 2464 5586 3084 5660">
     <span class='ocr_line' id='line_1_117' title="bbox 2464 5586 3084 5660; baseline 0.01 -21"><span class='ocrx_word' id='word_1_768' title='bbox 2464 5589 2515 5660; x_wconf 83' lang='grc' dir='ltr'><strong>Μ</strong></span> <span class='ocrx_word' id='word_1_769' title='bbox 2520 5586 2770 5660; x_wconf 18' lang='grc' dir='ltr'>αλκρόϐιος</span> <span class='ocrx_word' id='word_1_770' title='bbox 2803 5587 3084 5660; x_wconf 83' lang='grc' dir='ltr'>Ῥωμαῖος.</span> 
     </span>
    </p>
   </div>
   <div class='ocr_carea' id='block_1_118' title="bbox 2460 5658 2810 5729">
    <p class='ocr_par' dir='ltr' id='par_1_118' title="bbox 2460 5658 2810 5729">
     <span class='ocr_line' id='line_1_118' title="bbox 2460 5658 2810 5729; baseline 0.003 -20"><span class='ocrx_word' id='word_1_771' title='bbox 2460 5658 2810 5729; x_wconf 77' lang='grc' dir='ltr'>Θεόφραστος.</span> 
     </span>
    </p>
   </div>
   <div class='ocr_carea' id='block_1_119' title="bbox 2461 5727 2820 5801">
    <p class='ocr_par' dir='ltr' id='par_1_119' title="bbox 2461 5727 2820 5801">
     <span class='ocr_line' id='line_1_119' title="bbox 2461 5727 2820 5801; baseline 0.014 -22"><span class='ocrx_word' id='word_1_772' title='bbox 2461 5727 2820 5801; x_wconf 79' lang='grc' dir='ltr'>Δημοσθένης.</span> 
     </span>
    </p>
   </div>
  </div>
