4044 6220
334 325 464 379 1221

1172 326 1228 380 S.
1271 325 1515 380 MAXIMI
1556 313 1912 380 MARTYBIS
1951 323 2325 382 COMPUTUS
2361 323 2803 381 ECCLESIAST.

3418 329 3557 384 £221

333 437 395 491 TI
431 433 499 490 τὸ
549 435 864 500 κανόνιον,
906 435 1004 489 καὶ
1055 437 1112 488 τί
1152 436 1406 505 περιέχει
1450 439 1490 505 ἠ
1535 438 1748 491 τούτου
1787 437 1892 490 δύ-

2000 407 2151 505 ],ἧι
2173 467 2198 476 -
2221 437 2377 507 172
2410 435 2722 506 Cujusmodi
2751 437 2818 489 sit
2844 437 3176 502 latcrculum,
3217 447 3267 491 et
3319 457 3436 510 qua:
3477 446 3556 500 vis

1010 541 1210 594 ναμις.

397 662 470 715 B’.
486 661 551 713 'H
567 659 716 713 τοῦδε
729 659 821 713 τοῦ
842 662 1195 732 προκειμένου
1229 662 1500 732 ὑφήγησις
1526 660 1619 715 τοῦ
1640 661 1884 716 κανονίου

323 752 512 806 τοῦτον
538 751 648 822 ἔχει
681 752 769 804 τὸν
803 752 1019 823 τρόπον.
1050 753 1318 824 Τριπλοῦν
1346 753 1505 806 τοῦτο
1530 753 1883 823 καθέστηκεν,

321 842 400 905 ώς
423 843 675 914 περιέχον
706 843 764 894 ὲν
802 843 977 913 ἐαυτῷ
1013 844 1110 914 τήν
1140 861 1198 896 τε
1241 843 1348 895 τῶν
1377 843 1546 910 ἁγίων
1586 843 1884 915 παρείσϐα-

327 950 412 984 σιν
450 931 709 1003 νηστειῶν
730 934 832 987 ,καὶ
876 934 974 1004 τὴν
1016 934 1610 1006 τεσσαρεσκαιδεκάτην
1639 934 1733 987 τοῦ
1765 935 1884 988 καθ’

338 1022 620 1094 Ἐϐραίους
643 1021 855 1094 πρώτου
877 1022 1063 1093 μηνὸς.
1099 1023 1242 1090 λέγω
1273 1022 1336 1094 δὴ
1359 1023 1451 1075 τοῦ
1487 1022 1684 1076 Νισάν·
1714 1025 1792 1086 εἰς
1819 1025 1886 1094 ἢν

323 1114 385 1168 τὸ
413 1113 532 1168 κατ’
573 1114 769 1177 αὐτοὺς
800 1114 989 1184 Πάσχα
1011 1114 1237 1166 τελεῖται
1255 1130 1270 1144 ’
1299 1113 1392 1167 καὶ
1423 1114 1520 1184 τὴν
1541 1115 1769 1184 δεκάτην
1788 1113 1883 1166 τοῦ

325 1202 552 1273 ἑϐδόμου
585 1202 787 1273 μηοὸς,
821 1203 985 1274 ἤγουν
1039 1202 1131 1255 τοῦ
1171 1203 1370 1273 Θερσί*
1415 1204 1536 1256 καθ’
1563 1205 1630 1274 ἢν
1666 1205 1694 1255 ό
1727 1205 1884 1276 ἀρχι-

323 1299 482 1368 ερεὺς
513 1297 572 1350 τὸ
592 1297 816 1350 παλαιὸν
837 1297 934 1368 τὴν
963 1297 1042 1360 είς
1072 1296 1142 1350 τὰ
1167 1297 1331 1365 Ἅγια
1362 1296 1468 1350 τῶν
1488 1296 1658 1365 ἁγίων
1677 1295 1882 1350 εἴσοδον

322 1389 574 1442 ἐποιεῖτο.
611 1387 718 1440 Καὶ
738 1387 850 1440 ἐστι
878 1387 979 1458 τῆς
1013 1387 1110 1458 μὲν
1137 1387 1546 1458 παρεισϐάσεως
1583 1388 1691 1441 τῶν
1716 1388 1882 1457 ἁγίων

321 1478 582 1550 νηστειῶν
613 1481 645 1550 ἡ
694 1479 986 1551 σημείωσις
1021 1477 1080 1543 ἐξ
1117 1478 1408 1549 εὐωνύμων
1452 1479 1546 1532 τοῦ
1578 1479 1742 1533 αὐτοῦ
1781 1496 1881 1532 κα-

320 1570 494 1624 νονίου
515 1569 960 1642 διαγεγραμμένη
979 1587 992 1600 ο
1025 1571 1058 1641 ἡ
1086 1569 1141 1622 δὲ
1168 1569 1731 1640 τεσσαρεσκαιδεκάτη
1786 1568 1880 1622 τοῦ

319 1662 445 1715 καθ’
482 1662 768 1735 Ἐϐραίους
807 1661 1023 1734 πρώτου
1074 1662 1241 1732 μηνὸς
1276 1663 1340 1714 ὲκ
1388 1661 1576 1728 δεξιῶν
1619 1661 1882 1729 σύνεγγυς

2655 528 2725 580 sit
2759 528 2925 584 illius.

2059 661 2125 717 ll.
2165 661 2434 732 Propositi
2495 665 2720 717 canonis
2752 663 3019 733 expositio
3059 664 3123 718 ad
3155 664 3298 720 hunc
3335 668 3556 723 modum

1991 769 2050 808 se
2085 754 2268 807 habet.
2302 752 2397 806 Est
2427 752 2516 806 ille
2543 752 2752 808 divisus
2785 753 3072 809 trifariam.
3107 753 3361 810 Continet
3394 758 3540 811 enim

1989 845 2272 898 introitum
2298 858 2579 898 sacrorum
2607 843 2943 913 jejuniorum
2965 862 2979 910 ;
3000 855 3250 915 quartam
3283 846 3553 901 deeimam

1993 937 2152 1006 primi
2184 936 2388 990 mensis
2420 934 2721 990 secundum
2752 934 3029 1001 Hebraeos,
3074 939 3174 992 hoc
3219 950 3302 994 est
3332 938 3501 994 Nisan
3535 960 3548 993 :

1991 1029 2045 1082 in
2070 1043 2233 1098 quam
2263 1027 2474 1082 Pascha
2505 1027 2724 1080 illorum
2760 1027 2950 1080 incidit
2975 1047 2989 1083 :
3014 1046 3113 1083 nec
3148 1046 3255 1084 non
3279 1031 3548 1085 decimam

1990 1119 2203 1190 septimi
2227 1119 2454 1183 mensis,
2496 1119 2744 1173 videlicet
2771 1118 2964 1174 Thcrsi
2996 1139 3008 1170 :
3045 1137 3149 1189 qua
3188 1138 3434 1178 summus
3459 1137 3550 1182 sa-

1992 1211 2185 1266 cerdos
2211 1212 2341 1266 olim
2372 1208 2571 1263 Sancta
2593 1218 2906 1264 sanctorum
2931 1210 3133 1264 adibat.
3168 1211 3336 1268 Porro
3361 1215 3553 1268 intro-

1989 1301 2098 1358 itus
2128 1315 2408 1356 sacrorum
2429 1299 2760 1370 jejuniorum
2789 1303 3000 1354 notatio
3025 1303 3092 1355 ad
3121 1302 3398 1358 sinistram
3424 1321 3548 1374 par-

1987 1405 2131 1464 ptem
2154 1392 2380 1446 canonis
2409 1391 2680 1461 descripta
2733 1399 2857 1456 est;
2902 1401 3094 1461 quarta
3146 1392 3356 1446 decima
3416 1411 3550 1450 vero

1987 1484 2144 1553 primi
2185 1481 2387 1536 mensis
2426 1480 2636 1535 Judaici
2679 1481 2746 1533 ad
2791 1480 3036 1534 dextram
3062 1520 3077 1542 ,
3139 1497 3307 1550 prope
3351 1482 3550 1536 inscri-

1987 1583 2131 1645 ptam
2159 1575 2212 1628 in
2238 1574 2417 1628 medio
2450 1580 2644 1626 rotam.
2672 1573 2801 1626 Post
2827 1574 2965 1626 hanc
2991 1572 3173 1627 statim
3198 1573 3263 1625 ad
3299 1572 3547 1628 dextram

1986 1667 2158 1738 magis
2197 1664 2409 1720 accedit
2442 1664 2553 1730 illa,
2586 1679 2746 1733 quam
2780 1663 3039 1730 diximus,
3069 1663 3279 1717 decima
3309 1664 3426 1720 dies
3459 1680 3546 1718 se-

318 1754 413 1808 τοῦ
460 1753 601 1808 κατὰ
657 1753 818 1825 μέσον
861 1752 1311 1824 ἐγγεγραμμένου
1360 1751 1586 1823 τροχοῦ·
1637 1752 1774 1823 μετὰ
1825 1752 1881 1805 δὲ

1984 1759 2136 1830 ptimi
2166 1757 2396 1822 mensis,
2431 1756 2566 1812 adeo
2601 1763 2661 1809 ut
2703 1755 2842 1809 nihil
2867 1770 2898 1808 a
2925 1756 3151 1810 sinistra
3184 1762 3379 1824 prater
3401 1755 3548 1824 jeju-

318 1845 524 1918 ταύτην
588 1845 749 1910 εὐθὺς
808 1844 1124 1916 δεξιώτερον
1184 1845 1218 1914 ὴ
1280 1843 1530 1914 λεχθεῖσα
1558 1844 1755 1913 δεκάτη
1791 1843 1884 1897 τοῦ

1988 1852 2203 1906 niorum
2246 1850 2532 1904 introitum
2571 1848 2903 1917 descriptum
2945 1849 3235 1914 habeatur;
3278 1862 3309 1900 a
3353 1849 3546 1902 dextra

318 1934 546 2006 ἑϐδόμου
584 1937 782 2008 μηνός·
831 1935 906 1998 ὼς
939 1931 1076 1987 εἶναι
1121 1933 1288 2004 μόνην
1338 1933 1396 2000 ἐξ
1439 1934 1740 2006 ἀριστερῶν
1771 1927 1881 2005 ’τὴν

1987 1953 2120 1993 vero
2162 1947 2316 2008 parte
2347 1945 2638 2006 utrumque
2681 1938 2773 1998 sit,
2810 1949 3004 2006 quarta
3046 1937 3256 1991 decima
3289 1938 3546 1991 nimirum

316 2028 417 2097 τῆς
446 2027 856 2097 παρεισϐάσεως
894 2025 1234 2096 διαγραφήν·
1273 2027 1337 2079 ὲκ
1383 2025 1573 2090 δεξιῶν
1607 2025 1664 2079 δὲ
1705 2027 1884 2095 ἀμφο-

1985 2027 2146 2097 primi
2176 2027 2380 2081 mensis
2412 2035 2466 2080 et
2503 2018 2711 2081 decima
2754 2029 2990 2097 septimi.
3021 2026 3210 2082 Totius
3241 2035 3420 2082 autem
3450 2026 3546 2081 de-

315 2117 490 2188 τέρων
545 2117 646 2189 τῆς
694 2117 1284 2190 τεσσαρεσκαιδεκάτης
1331 2119 1475 2188 φημὶ
1523 2115 1618 2170 τοῦ
1663 2117 1879 2190 πρώτου

1987 2120 2304 2190 scriptionis
2335 2120 2483 2174 illius
2515 2120 2597 2174 vis
2630 2129 2712 2175 est
2739 2121 3030 2190 ejusmodi.

321 2210 488 2294 μηνὸς
518 2210 611 2264 καὶ
655 2210 755 2282 τῆς
796 2209 1024 2280 δεκάτης
1062 2207 1158 2261 τοῦ
1212 2207 1437 2279 ἑϐδόμου
1488 2207 1673 2280 μηνός.
1722 2207 1842 2259 Τῶν
1879 2206 1936 2260 δὲ
1972 2207 2569 2281 διαγεγραμμένων,ὲν
2621 2210 2761 2274 ὅλοις
2793 2213 2827 2281 ὴ
2898 2212 3126 2284 δύναμις
3174 2214 3312 2286 αὕτη
3383 2211 3545 2267 καθέ-

316 2314 540 2370 ατηκεν.

621 2453 718 2519 ne
748 2453 788 2522 ἠ
818 2452 887 2518 ἐξ
915 2453 1232 2523 εὐωνύμων
1258 2417 1572 2522 διαγραφή.

383 2587 456 2640 I".
490 2587 577 2641 Ἐν
597 2586 695 2658 μὲν
709 2587 786 2658 τῷ
800 2587 1061 2659 εὐωνύμῳ
1079 2588 1306 2658 κανονίῳ
1321 2589 1377 2642 ὲν
1395 2586 1591 2660 πρώτῳ
1609 2585 1771 2657 στίχῳ
1786 2587 1874 2639 αὐο

312 2679 404 2732 τοῦ
425 2678 600 2749 ὀρθῶς
615 2678 927 2750 καθιέμενοι
947 2682 994 2732 οῖ
1028 2680 1168 2734 ἑπτὰ
1189 2680 1472 2750 ἐμϐόλιμοι
1504 2679 1668 2750 μῆνές
1701 2681 1836 2732 εἰσιν
1851 2697 1869 2710 ν

313 2773 372 2824 ὲν
401 2771 458 2824 δὲ
484 2771 562 2842 τῷ
595 2772 637 2842 β’
667 2772 833 2842 στίχῳ
854 2770 921 2825 τὰ
947 2771 1008 2824 ιθ¹
1037 2773 1134 2842 τῆς
1163 2771 1386 2842 σελήνης
1410 2769 1524 2841 ἔτη,
1551 2770 1657 2823 ἀπὸ
1683 2770 1745 2823 ιθ¹
1773 2770 1872 2842 τὴν

312 2862 486 2934 ἀρχὴν
512 2863 730 2935 ἔχοντα·
765 2863 860 2916 καὶ
890 2863 1060 2927 οὕτως
1083 2863 1170 2916 διὰ
1211 2861 1448 2933 πρώτου,
1476 2862 1568 2914 καὶ
1599 2861 1870 2932 δευτέρου,

311 2954 408 3006 καὶ
445 2954 553 3006 τῶν
599 2953 833 3024 καθεξῆς
881 2955 961 3017 είς
1004 2953 1064 3006 τὸ
1103 2952 1562 3006 ὀκτωκαιδέκατον
1606 2951 1867 3023 λήγονταο

312 3048 373 3099 ὲν
393 3044 559 3116 τρίτῳ
594 3045 760 3116 στίχῳ
808 3046 863 3099 αί
890 3045 998 3098 τῶν
1047 3046 1144 3116 τῆς
1168 3045 1392 3116 σελήνης
1421 3043 1556 3098 ἐτῶν
1603 3044 1833 3097 ἐπακταί
1853 3060 1866 3075 ο

313 3138 374 3188 ὲν
399 3135 642 3206 τετάρτῳ
676 3135 841 3206 στίχῳ
877 3136 926 3188 oi
969 3135 1266 3206 Ῥωμαῖκοὶ
1306 3136 1492 3207 μῆνες,
1551 3136 1872 3208 ἰανουάριος

2084 2445 2228 2512 Quid
2253 2445 2355 2499 sibi
2384 2446 2506 2498 velit
2533 2445 2729 2500 tabella
2761 2447 2830 2500 ad
2856 2450 3130 2504 sinistram
3154 2452 3431 2522 inscripta.

2049 2580 2132 2634 ΠΙ.
2171 2581 2228 2636 In
2252 2580 2477 2636 sinistro
2507 2583 2790 2645 laterculo,
2830 2585 3058 2654 ejusque
3093 2589 3268 2657 primo
3296 2607 3458 2648 versu
3483 2593 3541 2650 in

1978 2675 2245 2730 directum
2275 2674 2639 2730 descendente
2688 2684 2894 2746 septem
2925 2685 3052 2732 sunt
3079 2680 3356 2735 embolimi
3387 2699 3541 2739 men-

1980 2783 2089 2823 ses.
2135 2768 2192 2820 ln
2222 2767 2464 2822 secundo
2507 2783 2691 2830 versu,
2738 2783 2828 2821 xxx
2859 2768 3079 2825 lunares
3117 2772 3287 2838 anni;
3319 2773 3478 2829 initio
3506 2791 3539 2830 a

1979 2871 2122 2910 nono
2165 2856 2375 2910 decimo
2409 2854 2553 2910 facto
2587 2875 2598 2910 :
2635 2855 2777 2910 unde
2813 2857 2879 2910 ad
2923 2858 3179 2926 primum,
3210 2861 3534 2928 secundum,

1977 2963 2041 3002 ac
2071 2956 2300 3004 caeteros
2354 2949 2547 3003 ordine
2575 2964 2900 3020 progressus
2945 2952 3147 3007 desinit
3190 2954 3244 3007 in
3284 2964 3538 3011 octavum

1977 3037 2285 3103 decimum;
2319 3038 2482 3092 tertio
2511 3053 2673 3092 versu
2705 3038 2976 3094 lunarium
3024 3056 3293 3098 annorum
3332 3056 3537 3116 epacta:

1976 3129 2353 3194 continentur;
2397 3135 2614 3198 quarto,
2647 3127 2880 3183 Romani
2919 3147 3134 3190 menses
3169 3135 3298 3198 duo,
3332 3134 3538 3191 Janua-

309 3227 407 3279 καὶ
455 3227 846 3298 Φεϐρουάριος·
900 3228 958 3280 ὲν
1005 3227 1238 3298 πέμπτῳ
1289 3227 1454 3298 στίχῳ
1514 3227 1570 3280 αἱ
1616 3231 1870 3281 ποσταῖαι

1976 3221 2090 3275 rius
2115 3228 2168 3275 et
2194 3220 2557 3286 Februarius;
2609 3224 2832 3291 quintus
2866 3226 3134 3282 mensium
3170 3236 3364 3298 quotas
3390 3231 3538 3284 exhi-

307 3316 490 3370 αὐτῶν
533 3291 642 3370 τῶν
694 3291 906 3389 μηνῶν,
948 3319 1027 3382 είς
1069 3291 1136 3380 ἀς
1167 3291 1450 3388 συμϐαίνει
1489 3319 1730 3386 γίνεσθαι
1772 3319 1870 3389 τὴν

1976 3313 2080 3377 bet,
2132 3312 2186 3366 in
2231 3328 2368 3383 quas
2409 3314 2760 3384 Carnisprivii
2814 3291 3288 3386 l'estum-jncidit;
3346 3330 3536 3377 sextus

307 3411 725 3482 ἀποκρεώσιμον
767 3412 987 3483 ἑορτήνο
1017 3411 1074 3463 ἐν
1107 3410 1250 3480 ἕκτῳ
1293 3410 1458 3480 στίχῳ
1490 3411 1545 3462 αἱ
1582 3409 1871 3481 προσθεταὶ

306 3504 534 3577 ἡμέραι,
589 3504 675 3557 διὰ
712 3503 935 3576 σηρικοῦ
975 3502 1376 3574 γεγραμμέναι.
1419 3503 1529 3556 Καὶ
1567 3502 1739 3555 ταῦτα
1769 3501 1870 3572 μὲν

308 3594 373 3660 ἐξ
393 3593 708 3666 εὐωνύμων.

663 3729 756 3795 Τίς
788 3729 826 3796 ἢ
852 3727 924 3782 ἐκ
957 3726 1170 3792 δεξιῶν
1202 3725 1516 3798 διαγραφή.

379 3843 450 3895 Δν.
503 3841 597 3894 Ἐκ
626 3840 810 3908 δεξιῶν
831 3840 886 3893 δὲ
915 3841 972 3894 ὲν
997 3839 1196 3912 πρώτῳ
1221 3839 1387 3911 στίχῳ
1410 3837 1480 3892 τὰ
1507 3837 1769 3910 εἰρημένα
1805 3837 1868 3891 ιϐ’

303 3932 407 4004 τῆς
441 3933 664 4002 σελήνης
688 3932 804 4003 ἐτη,
826 3931 934 3985 ἀπὸ
962 3931 1179 4003 πρώτου
1208 3932 1328 3985 καθ’
1356 3930 1544 4002 είρμὸν
1571 3930 1867 4002 ἀρχόμενα,

306 4025 406 4077 καὶ
437 4024 525 4078 διὰ
555 4022 650 4076 τοῦ
683 4023 956 4094 δευτέρου,
990 4024 1084 4076 καὶ
1112 4023 1316 4092 τρίτου,
1352 4022 1446 4076 καὶ
1479 4021 1587 4074 τῶν
1633 4019 1870 4092 καθεξῆς

306 4119 390 4179 είς
411 4115 502 4168 τὸν
547 4114 613 4167 ιθ⁹
640 4114 873 4185 λήγοντα
891 4132 906 4144 ο
942 4114 1000 4168 ὲν
1028 4113 1262 4184 δευτέρῳ
1294 4099 1459 4183 στίχῳ
1488 4113 1537 4165 οἱ
1575 4112 1870 4182 Ῥωμαϊκαὶ

308 4209 499 4281 μῆνες,
530 4207 894 4279 Σεπτέμϐριος
922 4206 1016 4260 καὶ
1040 4204 1364 4276 Ὀκτώϐριος
1383 4221 1395 4235 ·
1432 4207 1490 4258 ὲν
1515 4203 1681 4276 τρίτῳ
1704 4202 1869 4274 στίχῳ

302 4303 361 4354 ai
392 4299 595 4353 τούτων
629 4298 739 4352 τῶν
793 4297 976 4369 μηνῶν
1025 4299 1299 4361 ποσταῖαι,
1333 4297 1412 4360 είς
1441 4295 1506 4360 ἃς
1548 4296 1736 4350 πίπτει
1773 4295 1867 4349 τοῦ

304 4391 532 4461 ἑϐδόμου
579 4389 698 4444 καθ’
741 4388 1021 4461 Ἐϐραίους
1063 4388 1231 4459 μηνὸς
1264 4389 1298 4459 η
1343 4388 1540 4459 δεκάτη
1586 4389 1705 4442 κατ’
1751 4387 1869 4451 ἔτος

304 4483 534 4535 ἕκαστον
551 4498 564 4511 ·
595 4482 653 4536 ὲν
675 4480 918 4551 τετάρτῳ
939 4478 1106 4548 στίχῳ
1133 4479 1190 4530 αἱ
1215 4477 1509 4549 προσθεταὶ
1536 4477 1758 4549 ἡμέραι,
1781 4477 1868 4530 διά

307 4575 536 4647 σηρικοῦ
583 4573 960 4645 γεγραμμέναι
986 4589 999 4602 ο
1050 4574 1107 4626 ὲν
1140 4572 1373 4642 πέμπτῳ
1421 4572 1587 4641 στίχῳ
1628 4573 1676 4624 οἱ
1732 4570 1866 4623 Ῥω-

1969 3417 2160 3456 versus
2199 3402 2476 3457 addititios
2517 3403 2657 3465 dies,
2696 3406 2810 3457 sive
2843 3405 3122 3474 regulares
3163 3409 3407 3464 continet
3449 3426 3537 3466 se-

1969 3493 2084 3548 rico
2119 3494 2342 3565 scripto.
2379 3493 2504 3550 Haec
2529 3495 2595 3550 ad
2625 3496 2910 3551 sini-stram
2935 3496 3228 3554 habentur.

1969 3720 2109 3788 Quid
2145 3719 2214 3774 ad
2237 3720 2480 3775 dextram
2510 3730 2642 3776 rota:
2666 3730 2870 3792 partem
2892 3723 3011 3778 sita:
3036 3723 3221 3779 tabula
3244 3727 3530 3798 signiﬁcet.

2036 3831 2124 3886 1V.
2163 3831 2372 3887 Dextrae
2410 3832 2606 3888 tabula:
2644 3832 2856 3903 primus
2901 3848 3092 3889 versus
3134 3836 3530 3900 novemdecim,

1968 3929 2028 3975 ut
2058 3922 2194 3984 dixi,
2219 3937 2398 3977 annus
2422 3922 2562 3977 lunae
2598 3923 3004 3994 complectitur,
3048 3924 3142 3994 qui
3169 3940 3200 3979 a
3227 3925 3404 3995 primo
3438 3938 3535 3994 per

1968 4013 2290 4078 secundum,
2330 4013 2574 4077 tertium,
2606 4029 2670 4068 ac
2704 4015 2948 4084 reliquos
2981 4015 3173 4070 ordine
3207 4015 3530 4086 procedunt,

1967 4113 2131 4176 atque
2163 4104 2219 4158 in
2247 4104 2516 4159 decimum
2542 4119 2746 4159 nonum
2780 4105 3070 4172 desinunt;
3104 4105 3379 4162 secundus
3409 4121 3532 4160 ver-

1967 4213 2064 4253 sus
2099 4197 2374 4252 Romanos
2410 4210 2626 4252 menses
2668 4197 2832 4253 habet
2874 4196 3249 4268 Septembrem
3280 4207 3335 4253 et
3365 4198 3532 4254 Octo-

1969 4290 2149 4357 brem;
2209 4288 2266 4343 in
2305 4287 2467 4344 tertio
2500 4289 2620 4344 dies
2665 4297 2794 4345 sunt
2839 4289 3132 4355 mensium,
3173 4291 3228 4345 in
3261 4306 3396 4361 quas
3426 4289 3533 4345 ﬂe-

1967 4381 2137 4436 braici
2184 4380 2388 4437 mensis
2433 4382 2652 4452 septimi
2685 4382 2895 4437 decima
2926 4382 3223 4453 quotannis
3259 4381 3528 4448 incurrit;

1968 4473 2024 4528 in
2055 4480 2252 4544 quarto
2291 4474 2570 4544 regulares
2615 4473 2793 4528 serico
2837 4473 3060 4543 scripti;
3106 4473 3160 4527 in
3199 4473 3390 4543 quinto
3421 4470 3530 4527 Ro-

1967 4564 2113 4617 mani
2145 4579 2358 4619 menses
2397 4561 2622 4619 Martius
2649 4571 2702 4618 et
2741 4562 2979 4633 Aprilis;
3019 4563 3073 4616 in
3123 4569 3278 4617 sexto
3311 4577 3531 4617 eorum-

305 4669 495 4740 μαῖκοὶ
527 4668 711 4738 μῆνες,
732 4667 973 4740 Μάρτιος
997 4665 1091 4718 καὶ
1123 4664 1395 4736 Ἀπρίλιος
1412 4681 1424 4694 ·
1451 4665 1509 4717 ὲν
1531 4665 1673 4734 ἕκτῳ
1699 4664 1866 4734 στίχῳ

1976 4654 2088 4708 dem
2118 4655 2385 4710 mensium
2425 4654 2563 4718 dies,
2599 4653 2999 4740 quibusprimi
3041 4653 3249 4708 mensis
3278 4651 3527 4707 Hebraici

299 4760 360 4812 αί
391 4757 594 4811 τούτων
645 4759 916 4820 ποσταῖαι,
966 4754 1089 4808 καθ’
1134 4755 1202 4818 ἃς
1243 4754 1451 4823 γίνεται
1497 4753 1594 4807 τοῦ
1649 4753 1863 4825 πρώτου

300 4851 426 4906 καθ’
454 4849 733 4922 Ἐϐραίους
760 4849 926 4921 μηνὸς
957 4849 991 4920 ἡ
1023 4847 1584 4918 τεσσαρεσκαιδεκάτη
1611 4849 1731 4900 κατ’
1750 4847 1867 4911 ἔτος

300 4945 562 4997 ἕκαστον·
591 4943 649 4995 ὲν
681 4941 891 5011 ἑϐδόμῳ
925 4939 1091 5010 στίχῳ
1119 4940 1175 4994 αἱ
1209 4937 1500 5010 προσθεταὶ
1535 4937 1696 4992 πάλιν
1730 4939 1865 5009 ὴμέ-

302 5051 430 5107 ραι,
481 5031 946 5104 διαγεγραμμέναι
993 5029 1102 5084 ἀπὸ
1145 5028 1393 5101 σηρικοῦ.
1441 5026 1626 5082 Ταῦτα
1664 5030 1759 5081 καὶ
1808 5029 1864 5080 ὲν

300 5128 416 5189 τοῖς
440 5124 650 5191 δεξιοῖς.

536 5261 631 5326 Τίς
657 5260 696 5328 ή
726 5259 832 5313 τοῦ
852 5257 1046 5328 μέσου
1071 5256 1286 5326 τροχοῦ
1316 5254 1608 5326 διαγραφή

373 5393 450 5448 E'.
496 5391 554 5445 Ὀ
575 5391 634 5444 δὲ
659 5389 860 5446 τούτων
884 5389 1045 5460 μέσος
1069 5388 1258 5460 τροχὸς
1283 5386 1376 5440 τοῦ
1407 5386 1559 5458 ἡλίου
1594 5385 1861 5456 καθέστη-

300 5503 419 5548 κεν,
450 5483 594 5538 ἔνδον
620 5484 718 5554 μὲν
750 5481 944 5536 ἑαυτοῦ
967 5480 1036 5534 τὰ
1066 5479 1205 5534 ἑπτὰ
1230 5480 1452 5533 δίσεκτα
1485 5478 1624 5532 κατὰ
1650 5478 1862 5532 διαστο-

297 5578 400 5650 λὴν
445 5576 549 5630 ἀπὸ
617 5574 894 5645 τεσσάρων
943 5574 1024 5635 είς
1065 5572 1304 5642 τέσσαρα
1350 5570 1444 5640 έτη
1487 5571 1860 5641 κεκτημένος·

306 5669 445 5739 μετὰ
491 5668 545 5720 δὲ
589 5666 658 5720 τὰ
699 5667 938 5729 δίσεκτα,
994 5662 1155 5725 εὐθὺς
1211 5661 1349 5714 κατὰ
1396 5661 1612 5732 πρῶτον
1654 5663 1857 5733 στίχον,

300 5760 468 5831 ἤγουν
498 5757 715 5822 κύκλον,
745 5754 812 5809 τὰ
860 5760 943 5824 κη’
1006 5751 1100 5806 τοῦ
1139 5751 1287 5822 ἡλίου
1329 5749 1455 5820 ἐτη,
1490 5750 1598 5804 ἀπὸ
1643 5750 1856 5820 πρώτου

1967 4753 2163 4814 quarta
2193 4746 2402 4800 decima
2431 4745 2726 4815 quotannis
2756 4739 3048 4811 tribuitur;
3081 4743 3344 4814 septimus
3375 4742 3530 4798 deni-

1965 4851 2070 4905 que
2118 4851 2310 4892 versus
2345 4835 2623 4890 addititios
2672 4835 2810 4898 dies,
2855 4835 2969 4889 sive
2999 4835 3277 4904 regulares
3332 4847 3527 4895 rvrsus

1965 4919 2205 4976 ostendit
2230 4922 2408 4977 serico
2440 4922 2763 4991 descriptos.
2797 4921 2921 4978 Haec
2949 4922 3019 4976 ad
3048 4923 3297 4978 dextram
3337 4923 3530 4980 inscri-

1965 5018 2058 5081 pta
2086 5010 2267 5065 tabula
2298 5011 2700 5080 complectitur.

2174 5236 2315 5304 Quid
2343 5237 2398 5291 in
2429 5236 2599 5291 medio
2628 5235 2888 5304 descripta
2917 5247 3035 5290 rota
3058 5237 3342 5292 contineat.

2039 5374 2097 5429 V.
2143 5374 2316 5429 Media
2339 5374 2660 5428 tabellarum
2682 5383 2799 5427 rota
2826 5373 2926 5428 soli
2952 5373 3231 5428 tribuitur.
3262 5372 3437 5442 Hujus
3471 5374 3526 5428 in

1964 5469 2224 5524 interiore
2249 5483 2374 5523 area
2408 5475 2613 5537 septem
2654 5466 2933 5520 bisextiles
2963 5473 3111 5532 sunt,
3153 5468 3348 5536 quinto
3389 5482 3528 5536 quo-

1966 5577 2074 5632 que
2102 5576 2245 5615 anno
2295 5560 2479 5630 positi.
2531 5557 2660 5613 Post
2716 5559 2996 5615 biscxtilcs
3046 5560 3099 5613 in
3132 5561 3308 5629 primo
3340 5576 3526 5621 versu,

1967 5653 2081 5708 sive
2127 5652 2354 5715 circulo,
2390 5650 2515 5704 anni
2565 5651 2697 5706 solis
2731 5666 2922 5711 xxvm.
2965 5651 3194 5719 primus,
3230 5650 3526 5712 secundus.

1963 5754 2015 5799 et
2044 5744 2116 5798 ita
2157 5742 2413 5813 deinceps
2444 5756 2618 5812 usque
2671 5741 2740 5796 ad
2785 5740 3102 5796 vicesimum
3140 5755 3410 5807 octavum
3439 5752 3532 5792 ex-
