4044 6220
431 275 439 279 ’
502 286 644 343 ιω
1544 284 1635 341 AD
1671 282 1938 342 EUSEBII
1975 281 2369 342 CHRONICON
2405 283 2771 344 APPENDIX.
3617 285 3755 342 I121

502 402 808 474 plicantur;
842 400 1119 457 secundus
1168 416 1385 465 versus,
1417 401 1536 457 sive
1564 401 1810 457 circulus
1841 384 1987 457 octo'
2017 407 2071 455 et

2179 398 2293 453 καθ’
2332 400 2519 472 εἱρμὸν
2548 401 2643 455 καὶ
2673 397 2926 468 δευτέρου
2971 398 3135 470 μέχρι
3175 398 3245 452 τὰ
3294 405 3380 470 κη’
3409 397 3756 472 διαγεγραμ-

501 489 692 561 viginti
724 503 993 544 annorum
1027 501 1252 560 epactas
1295 491 1521 562 praebet,
1565 498 1725 561 prout
1769 506 1915 547 anno
1958 490 2072 546 cui-

2180 492 2350 563 μένα·
2409 492 2548 547 κατὰ
2596 492 2688 547 τὸν
2731 493 2983 563 δεύτερον
3029 490 3211 561 στίχον
3259 492 3353 544 καὶ
3405 490 3607 546 κύκλον
3653 494 3759 558 τὰς

499 594 607 653 que
643 591 970 652 congruunt.
1010 580 1141 639 llaec
1167 583 1236 638 de
1262 582 1442 638 media
1473 590 1617 639 rota.

2179 583 2355 638 αὐτῶν
2383 585 2488 640 τῶν
2512 594 2597 656 κη’
2630 585 2766 640 ὲτῶν
2804 585 3069 648 ὲπακτάς,
3101 584 3186 655 ἐφ’
3214 584 3445 639 ἑκάστου
3470 585 3625 651 ἔτους
3652 588 3757 653 τὰς

475 657 495 723 )
2178 677 2517 748 προσφόρους
2558 677 2835 747 ἀναλόγως
2876 678 3384 752 ἐπιγεγραμμένας.
3433 679 3623 734 Ταῦτα
3658 683 3759 735 καὶ

2176 769 2301 839 περὶ
2333 767 2426 822 τοῦ
2459 768 2622 839 μέσου
2651 769 2870 841 τροχοῦ.

2181 883 2337 949 Τίς⁷¹
2358 883 2397 951 ἡ
2430 883 2548 955 ἀπὸ
2574 889 2643 940 ιϐ’
2668 884 2779 953 τῆς
2810 886 3079 955 σελήνης
3103 886 3298 954 ἔτους,
3325 888 3463 944 ἀλλ’
3488 889 3603 943 οὐκ
3628 890 3757 945 ἀπὸ

2368 953 2601 1023 πρώτης
2620 956 2689 1009 ὲν
2715 956 2796 1023 τῷ
2823 953 3104 1028 εὐωνύμῳ
3131 953 3543 1029 διαγῂάμματι.

572 1052 661 1109 Vl.
700 1052 815 1109 Cur
861 1063 1044 1110 autem
1097 1070 1210 1110 non
1276 1070 1308 1110 a
1347 1056 1524 1126 primo
1564 1055 1777 1110 initium
1838 1054 2072 1111 habeant

2246 1068 2338 1135 (τ’.
2376 1067 2440 1121 Ἦ
2466 1068 2523 1122 δὲ
2553 1068 2703 1122 αἰτία
2731 1068 2854 1122 καθ’
2886 1069 2951 1142 ἢν
2997 1068 3098 1122 οὐκ
3134 1069 3245 1123 ἀπὸ
3274 1069 3492 1141 πρώτου
3519 1071 3671 1137 έτους
3713 1075 3752 1144 ἡ

500 1149 630 1206 anni
666 1148 887 1203 lunares
910 1148 975 1203 ad
1010 1148 1293 1205 sinistram
1316 1148 1592 1219 inscripti,
1628 1149 1723 1203 sed
1748 1163 1777 1202 a
1808 1164 1956 1204 nono
1978 1148 2072 1204 de—

2179 1158 2426 1231 ἑγγραφὴ
2455 1158 2564 1212 τῶν
2595 1160 2693 1230 τῆς
2722 1159 2953 1232 σελήνης
2979 1161 3117 1214 ἐτῶν
3141 1158 3200 1225 ἐξ
3232 1160 3525 1232 εὐωνύμων
3549 1162 3750 1234 mm.

499 1238 665 1304 cinno,
710 1253 775 1294 ac
799 1238 997 1295 deinde
1029 1240 1262 1311 primus.
1289 1240 1584 1303 secundus,
1618 1249 1673 1296 et
1701 1241 1897 1312 reliqui
1950 1241 2072 1297 sub~

2179 1251 2308 1306 ἀλλὰ
2339 1252 2449 1305 ἀπὸ
2481 1250 2569 1318 ιϐ’,
2603 1253 2698 1307 καὶ
2733 1251 2907 1317 οὕτως
2932 1252 3174 1326 πρώτου,
3216 1254 3311 1308 καὶ
3346 1255 3623 1326 δευτέρου,
3652 1260 3754 1312 καὶ

494 1329 781 1401 jiciantur,
805 1346 973 1387 causa
1001 1340 1085 1388 est
1109 1332 1404 1404 ejusmodi.
1456 1333 1629 1404 Caput
1654 1333 1987 1405 jejuniorum
2018 1334 2072 1389 in

2179 1342 2278 1396 τῶν
2333 1341 2607 1415 καθεξῆς,
2654 1343 2792 1417 αὐτη
2840 1344 3006 1401 ἐστίν.
3055 1346 3122 1400 Ἡ
3168 1347 3529 1418 παρείσόασις
3569 1350 3627 1400 ὲν
3668 1349 3753 1421 τῷ

496 1424 798 1495 penultimo
830 1439 1043 1489 mense,
1074 1424 1180 1481 hoc
1228 1433 1316 1481 est
1342 1425 1634 1481 undecimo
1671 1426 1905 1482 labentis
1944 1428 2071 1481 anni

2179 1433 2512 1505 προτελειὴῳ
2546 1435 2694 1507 μηνὶ,
2716 1435 2994 1490 τουτέστιν
3019 1436 3291 1508 ἑνδεκάτῳ
3320 1436 3416 1491 τοῦ
3449 1438 3754 1503 ἐνεστῶτος

496 1520 760 1585 perpetuo
793 1514 1082 1585 contingit,
1113 1515 1193 1570 uti
1244 1512 1510 1571 Paschale
1565 1513 1765 1570 l'esuim
1807 1515 1863 1569 in
1894 1515 2072 1585 primo

2179 1524 2381 1593 πίνεται
2404 1522 2559 1588 ἔτους
2596 1524 2715 1578 ἀεί’
2754 1524 3004 1598 καθάπερ
3033 1526 3128 1581 καλ⁹
3164 1528 3197 1599 ή
3236 1527 3541 1599 Πασχὰλιος
3582 1530 3751 1601 ἑορτὴ

497 1607 869 1664 succedentis.
902 1605 1084 1673 Quare
1123 1622 1250 1662 cum
1288 1606 1429 1664 duos
1476 1621 1650 1663 annos
1682 1614 1955 1678 occupent
1983 1621 2072 1662 sa-

2179 1615 2230 1668 ὲν
2253 1612 2330 1686 τῷ
2356 1613 2566 1693 πρώτῳ
2586 1614 2679 1669 τοῦ
2704 1616 2927 1671 εἰσιέναι
2958 1616 3262 1689 μέλλοντος.
3298 1619 3517 1693 Ἐπειδὴ
3550 1617 3648 1676 οὖν
3674 1622 3753 1677 τὰ

494 1700 927 1771 crijejuniorum
949 1701 1090 1765 dies,
1126 1700 1215 1756 vel
1250 1700 1432 1771 potius
1465 1715 1496 1755 a
1534 1699 1750 1755 duobus
1784 1699 1888 1770 ipsi
1920 1713 2072 1754 com-

2179 1702 2265 1758 δύο
2295 1691 2682 1775 μεσολαϐοῦσιν
2707 1706 2801 1777 ἐτη
2832 1709 2891 1760 αἱ
2925 1707 3078 1776 ἅγιαι
3101 1708 3211 1764 τῶν
3230 1710 3493 1782 νηστειῶν
3506 1691 3751 1784 ⁷ἡμέραι..

494 1792 930 1864 prehendantur,
960 1792 1033 1846 ita
1072 1798 1130 1846 ut
1163 1790 1382 1845 initium
1410 1791 1628 1846 illorum
1666 1790 1735 1846 ab
1766 1805 1911 1845 anno
1946 1805 2072 1845 cur—

2179 1794 2376 1867 μᾶλλον
2423 1795 2481 1850 δὲ
2533 1797 2668 1869 πρὸς
2708 1798 2890 1852 αὐτῶν
2922 1794 3079 1853 αὗται
3118 1800 3612 1872 συλλαμϐάνονταιο
3653 1806 3753 1858 καὶ

495 1891 652 1940 rente
674 1884 818 1940 lunae
846 1882 1114 1955 pendeat;
1147 1880 1272 1966 linis
1296 1888 1477 1938 autem
1511 1882 1581 1937 ab
1604 1896 1669 1937 eo
1700 1881 1794 1953 qtii
1827 1881 2072 1954 proxime

2179 1884 2241 1938 τὰ
2259 1885 2305 1918 ⁸⁸
2330 1885 2429 1957 μὲν
2450 1885 2550 1959 τὴν
2586 1887 2789 1941 οίκείαν
2811 1887 2983 1961 ἀρχὴν
3013 1890 3316 1963 ἡρτημέναι
3337 1892 3431 1946 τοῦ
3454 1894 3753 1961 ἐνεστῶτος

496 1974 769 2046 sequitur,
800 1988 1025 2031 necesse
1042 1981 1127 2029 est
1144 1981 1202 2027 ut
1224 1972 1560 2045 jejuniorum
1592 1973 1810 2028 initium
1834 1988 1898 2028 ex
1927 1987 2072 2028 anno

2179 1977 2271 2050 τῆς
2291 1978 2514 2051 σελήνης
2534 1979 2705 2046 ἔτους,
2731 1982 2872 2036 κατὰ
2892 1983 2949 2036 δὲ
2973 1981 3033 2036 τὸ
3051 1982 3203 2047 τέλος
3221 1979 3376 2049 αὖθις
3398 1985 3493 2039 τοῦ
3521 1988 3749 2043 είσιένεπ.⁹

495 2061 714 2143 decimo
746 2077 891 2117 nono
936 2063 1247 2130 metiamur,
1277 2061 1497 2133 quando
1558 2062 1797 2117 salutare
1856 2061 2071 2119 Pascha

2179 2069 2459 2141 μέλλοντος
2478 2088 2492 2102 ’
2525 2073 2737 2145 ἀνάγκη
2763 2075 2980 2139 πάντως
3006 2075 3114 2129 ἀπὸ
3133 2075 3617 2132 ἑννεακαιδεκάτου
3647 2098 3752 2134 κα-

494 2169 642 2210 anno
670 2154 813 2211 luna:
836 2155 1013 2225 primo
1040 2155 1370 2210 celebratur.
1409 2154 1500 2209 Sic
1522 2169 1588 2210 ex
1608 2168 1756 2209 anno
1794 2154 1970 2224 primo
1990 2155 2069 2226 je-

2179 2162 2470 2226 νονίζεσθαι
2514 2164 2669 2230 ἔτους
2714 2167 2813 2239 τὴν
2861 2166 3035 2239 ἀρχὴν
3080 2166 3187 2222 τῶν
3217 2168 3515 2239 νηστειῶν,
3551 2171 3640 2225 ὅτε
3685 2173 3753 2226 τδ

491 2246 775 2316 juniorum
809 2254 974 2316 caput
1005 2246 1286 2317 dirigitur,
1333 2246 1549 2316 quoties
1588 2245 1784 2302 festum
1811 2247 2072 2304 Resurre—

2179 2256 2437 2327 σωτήριον
2483 2257 2676 2328 Πάσχα
2722 2259 2779 2311 ὲν
2813 2257 3016 2330 πρώτῳ
3045 2258 3144 2330 τῆς
3197 2260 3425 2331 σελήνης
3472 2260 3585 2315 ἔτει
3628 2264 3753 2316 ὲπι-

495 2337 696 2391 ctionis
736 2336 792 2391 in
831 2336 1133 2391 secundum
1165 2334 1389 2403 incidit;
1431 2342 1486 2391 ct
1532 2351 1600 2392 ex
1633 2336 1897 2403 secundo,
1945 2353 2070 2393 cum

2179 2346 2424 2402 τελεῖται.
2454 2346 2609 2402 Οὕτω
2644 2349 2700 2403 δὲ
2731 2350 2826 2403 καὶ
2853 2349 2966 2403 ἀπὸ
3010 2349 3223 2424 πρώτου
3252 2351 3351 2421 τὴν
3383 2352 3748 2423 παρείσὸασιν

496 2427 552 2481 in
596 2425 815 2482 tertium
858 2426 1044 2492 cadit,
1106 2435 1160 2482 et
1200 2427 1270 2483 ab
1326 2427 1430 2482 hoc
1479 2442 1694 2492 rursus,
1750 2429 1970 2499 quando
2014 2430 2072 2485 in

2179 2437 2353 2502 πάλιν,
2386 2438 2475 2491 ὅτε
2501 2439 2535 2510 ή
2584 2439 2952 2512 ἁναστάσιμος
2995 2442 3157 2514 ἑορτὴ
3201 2441 3260 2496 ἐν
3293 2441 3332 2512 β·
3374 2443 3587 2511 τινε-ιιι
3606 2461 3621 2473 ·
3651 2445 3749 2498 καὶ

494 2526 752 2591 quartum
785 2518 1018 2574 incurrit
1050 2537 1063 2574 :
1112 2527 1279 2590 atque
1317 2519 1390 2575 ita
1413 2535 1600 2590 porro.
1651 2519 1734 2574 Ad
1766 2520 1913 2576 hunc
1953 2536 2072 2576 mo-

2179 2530 2279 2586 ἀπδ
2315 2530 2382 2601 β’,
2427 2531 2516 2585 ὅτε
2548 2532 2607 2586 ὲν
2648 2531 2726 2603 τῷ
2772 2533 2942 2606 τρίτῳ
2964 2548 2978 2563 ’
3015 2533 3111 2589 καὶ
3149 2533 3257 2588 ἀπὸ
3296 2533 3509 2599 τούτου,
3557 2535 3650 2589 ὅτε
3686 2538 3753 2589 ἐν

494 2608 624 2665 dum
653 2625 712 2665 se
746 2609 908 2666 habet
944 2607 1217 2664 lunarium
1252 2608 1322 2664 ad
1359 2609 1640 2665 sinistram
1670 2623 1937 2665 annorum
1974 2609 2072 2668 de-

2179 2620 2445 2694 τετάρτῳ·
2495 2622 2591 2676 καὶ
2654 2622 2843 2687 ἁπλῶς
2902 2623 3066 2699 μέχρι
3108 2625 3315 2690 τέλους.
3363 2620 3533 2691 Οὗτος
3577 2623 3669 2682 οὖν
3719 2629 3756 2681 δ

494 2701 744 2775 scriptio.
2169 2714 2269 2786 τῆς
2295 2713 2599 2786 διαγραφῆς
2644 2713 2802 2784 λόγος
2828 2715 2937 2771 τῶν
2973 2715 3075 2788 τῆς
3112 2716 3340 2791 σελήνης
3363 2717 3424 2785 ἐξ
3449 2717 3755 2790 εὐωνύμων

504 866 614 924 Cur
637 869 703 924 ab
744 886 886 925 anno
916 870 1056 925 [una
1105 886 1219 929 nx.
1277 888 1380 926 non
1422 888 1453 923 a
1488 873 1659 940 primo
1689 871 1883 927 tabella
1924 872 2053 926 sini-

1005 951 1119 995 slra
1143 940 1303 996 ducat
1332 943 1563 996 initium.

499 2902 657 2975 173
692 2900 922 2971 Quinam
950 2903 1056 2957 sint
1080 2902 1366 2970 embolimi,
1395 2913 1441 2958 et
1468 2919 1585 2974 quae
1611 2904 1822 2960 lunares
1844 2913 2062 2974 epactc.

2171 2804 2331 2862 ἐτῶν.

2176 2920 2342 2988 Τίνες
2400 2925 2455 2977 οι
2497 2921 2829 2993 ἐμϐόλιμοι,
2867 2923 2973 3063 κῖἐξ
3008 2924 3168 2990 τινες
3219 2926 3282 2980 al
3334 2925 3589 2984 ἐπακται
3639 2926 3758 2997 τῆς

2819 3010 2893 3048 σε
2977 3011 3111 3061 γης.

2819 3010 3111 3061 σεληνης.

571 3082 678 3139 Vll.
731 3082 951 3154 Septem
992 3099 1212 3140 menses
1273 3085 1630 3141 intercalares
1678 3100 1746 3140 ex
1801 3086 1868 3142 iis
1930 3101 2069 3158 quas

2241 3084 2316 3138 Z'.
2345 3083 2408 3138 Οἱ
2445 3083 2502 3138 δὲ
2531 3085 2671 3140 ἑπτὰ
2708 3085 2993 3158 ἐμϐόλιμοι
3028 3086 3196 3157 μῆνες
3218 3087 3283 3142 ἐκ
3311 3087 3420 3142 τῶν
3439 3087 3760 3161 λεγομένω

495 3186 718 3250 epactas
741 3177 885 3232 lunae
914 3176 1172 3243 dicimus,
1196 3177 1527 3247 colliguntur
1555 3185 1679 3246 post
1706 3177 1843 3233 duos
1869 3192 2064 3245 annos,

497 3271 580 3327 vel
617 3282 749 3335 tres,
780 3269 1001 3341 quando
1029 3268 1094 3322 ad
1134 3269 1488 3324 tricenarium
1529 3268 1738 3323 dierum
1780 3285 2066 3326 numerum

497 3362 847 3434 perveniunt.
874 3358 1095 3430 Epactze
1131 3376 1298 3431 porro
1335 3375 1399 3415 ex
1432 3358 1643 3415 defectu
1681 3359 1892 3416 lunaris
1940 3363 2068 3418 anni

498 3452 566 3507 ad
599 3455 832 3508 solarem
869 3453 1140 3508 oriuntur.
1190 3450 1325 3506 Nam
1371 3452 1566 3507 solaris
1615 3451 1810 3508 diebus
1845 3461 2071 3510 constat

498 3559 739 3612 cccuv;
788 3545 999 3601 lunaris
1044 3558 1249 3599 cccuv.
1299 3541 1454 3600 Unde
1500 3544 1780 3615 proprium
1824 3560 2066 3601 mensem

499 3639 661 3694 habet
698 3638 911 3694 dierum
954 3653 1105 3703 χειν,
1158 3651 1223 3691 ac
1279 3637 1544 3692 semissis.
1590 3637 1659 3689 At
1708 3651 1885 3692 annus
1928 3637 2070 3692 lunae

497 3729 728 3802 quilibet
760 3744 870 3785 uno
899 3730 1082 3800 aliquo
1120 3728 1188 3783 dc
1219 3727 1639 3783 intercalaribus
1668 3728 1908 3798 septenis
1931 3744 2069 3799 prmo

497 3824 667 3887 ditus,
708 3821 969 3878 tredecim
1011 3820 1238 3876 omnino
1291 3834 1508 3875 menses
1557 3819 1759 3887 habet;
1809 3820 1945 3876 adeo
2009 3829 2068 3876 ut

501 3915 570 3971 ad
612 3914 895 3971 duodenos
944 3914 1168 3969 ultimus
1214 3914 1318 3969 iste
1357 3928 1457 3984 pro
1497 3928 1585 3979 eo,
1637 3928 1700 3967 ac
1734 3913 2067 3982 nominatur,

500 4005 844 4062 intercalaris
887 4005 1156 4072 accedat;
1206 4013 1495 4075 propterea
1547 4018 1660 4058 non
1712 4003 1893 4058 solum
1953 4003 2073 4062 dies

498 4101 718 4172 colligat
773 4114 999 4167 cccuv,
1059 4099 1135 4154 uti
1189 4099 1371 4155 cmteri
1433 4100 1654 4155 lunares
1716 4099 1846 4154 anni
1906 4119 1920 4155 :
1976 4100 2073 4157 sed

498 4190 825 4256 cesexxxiv,
876 4191 1148 4247 tricenum
1192 4191 1403 4248 dierum
1456 4205 1644 4247 mense
1691 4191 1916 4263 insuper
1973 4191 2075 4247 ad-

499 4285 633 4342 ὀίω.

503 4398 580 4457 De
622 4399 858 4455 Hebrwis
911 4396 1194 4458 mensibus,
1249 4396 1341 4467 qui
1391 4395 1459 4449 ad
1516 4398 1790 4452 sinistram
1854 4397 2070 4454 canonis

569 4481 775 4542 partem
801 4470 1056 4525 observati
1088 4456 1234 4542 sunt,
1254 4456 1555 4537 clipeorum
1586 4478 1742 4539 quoto
1768 4467 1872 4533 die,
1895 4469 2072 4538 cujus-

2242 4456 2383 4542 ἆωι(
2415 4456 2735 4542 Ἑϐραϊκῶν
2755 4456 3020 4542 _
3062 4466 3188 4542 ,θεαί

573 4539 720 4598 ιιιοιίί
752 4551 874 4596 sunt
905 4552 955 4595 et
987 4555 1150 4610 quare
1180 4539 1397 4593 diversi.

569 4651 710 4709 Vlll.
741 4651 880 4708 Hinc
922 4652 1087 4723 igitur
1132 4651 1465 4722 pennltimus
1509 4650 1719 4707 lunaris
1757 4648 1906 4706 illius
1946 4651 2075 4705 anni

501 4747 713 4803 mensis
749 4761 859 4802 non
887 4744 1210 4799 undecimus
1238 4751 1343 4808 est,
1372 4743 1469 4799 sed
1496 4744 1873 4809 duodecimus,
1907 4757 1936 4797 a
1969 4758 2078 4814 quo

503 4846 823 4895 sanctorum
850 4835 1182 4907 jejuniorum
1219 4834 1500 4889 introitum
1539 4836 1664 4905 jure
1693 4834 1969 4898 metimur,
2003 4834 2075 4889 ob

505 4944 791 4985 excessum
828 4930 1033 4983 mensis
1072 4927 1254 4989 unius,
1295 4926 1387 4997 qui
1418 4926 1487 4981 ab
1532 4926 1824 4982 undecimo
1853 4926 2077 4982 illorum

506 5021 942 5077 observationem
996 5018 1249 5090 progredi
1301 5025 1468 5084 vetat,
1519 5027 1578 5072 ut
1628 5034 1696 5073 ne
1744 5018 1928 5089 plures
1982 5035 2083 5073 nu-

508 5128 681 5178 mero,
729 5126 891 5182 quam
946 5126 1133 5166 revera
1190 5111 1321 5173 sint,
1378 5109 1497 5166 dies
1538 5109 1645 5164 illis
1685 5109 2022 5178 imputentur
2065 5127 2080 5163 :

509 5202 654 5257 unde
689 5202 960 5257 calculum
1007 5201 1442 5257 subducentibus
1481 5214 1638 5255 error
1684 5199 1933 5270 obrepat.
1974 5199 2086 5254 Ca:-

510 5303 688 5351 terum
728 5295 783 5349 in
828 5302 1057 5365 utroque
1102 5310 1306 5361 mense,
1370 5292 1679 5356 undecimo.
1736 5294 1981 5364 inquam,
2022 5304 2077 5347 et

510 5386 856 5454 duodecimo,
886 5387 954 5442 ad
986 5388 1272 5443 sinistrum
1309 5388 1452 5443 latus
1483 5387 1712 5441 canonis
1739 5400 1849 5440 non
1885 5386 2076 5441 eadem

509 5491 676 5552 quota
717 5482 835 5537 dies
863 5481 1158 5537 ascribitur
1186 5497 1217 5538 e
1258 5481 1479 5551 regione
1511 5482 1877 5534 llomanorum
1922 5494 2079 5534 men-

508 5569 654 5628 sium
692 5588 706 5625 :
752 5569 1210 5641 quemadmodum
1252 5570 1306 5623 in
1338 5568 1530 5624 dextra
1574 5580 1728 5638 parte
1768 5568 1860 5622 uni
1905 5568 2080 5624 mensi

581 5729 630 5767 ³³
657 5730 811 5785 Deest
841 5731 1008 5783 αἰτία.
1082 5731 1127 5762 ⁸⁸
1164 5728 1206 5798 Ῑ.
1237 5727 1399 5782 κατά.

2175 3176 2430 3230 ἑπακτῶν
2478 3177 2578 3249 τῆς
2629 3177 2858 3250 σελήνης
2889 3176 3231 3250 ἀθροίζονται
3284 3181 3425 3235 κατὰ
3466 3182 3669 3238 διετίαν
3717 3189 3755 3258 ᾖ

2175 3267 2410 3338 τριετίαν
2457 3267 2690 3341 ἀριθμὸν
2727 3269 2772 3323 λ’
2824 3268 3050 3342 ἡμερῶν
3104 3270 3521 3343 ἐκπληροῦντες.
3576 3276 3648 3328 Δί
3695 3277 3758 3330 δὲ

2176 3359 2413 3413 ὲπακταὶ
2437 3358 2525 3412 διὰ
2560 3360 2660 3430 τὴν
2698 3358 2935 3430 ἔκλειψιν
2982 3358 3211 3413 δίδονται
3244 3360 3337 3413 τοῦ
3375 3361 3478 3432 τῆς
3524 3362 3757 3434 εελήνης

2177 3449 2329 3515 ἔτους
2357 3452 2491 3523 πρὸς
2520 3450 2581 3504 τὸ
2616 3450 2840 3522 ήλιακὸν
2871 3450 3007 3515 ἔτος.
3050 3451 3268 3523 Ἐπειδὴ
3292 3452 3353 3505 τὸ
3395 3452 3495 3523 μὲν
3528 3455 3759 3527 ήλιακὲιν

2176 3540 2283 3607 τξε’
2321 3541 2654 3613 καθέστηκεν
2710 3542 2955 3615 ἡμερῶν,
3006 3542 3148 3597 τὸδὲ
3196 3544 3294 3615 τῆς
3349 3544 3584 3617 σελήνης
3623 3548 3754 3601 we.

2180 3631 2341 3688 Ὅθεν
2393 3633 2489 3686 καὶ
2537 3632 2627 3686 τὸν
2677 3635 2876 3687 οίκεῖον
2927 3629 3072 3704 μῆνα
3118 3630 3199 3685 κθ¹
3240 3631 3469 3703 ἡμίσεος
3526 3635 3759 3706 ἡμερῶν

2178 3725 2457 3797 κέκτηται.
2499 3727 2613 3780 Πᾶν
2641 3724 2699 3779 δὲ
2732 3725 2960 3796 σελήνης
2992 3724 3140 3789 ἔτος,
3181 3723 3468 3795 δεχόμενον
3507 3724 3608 3778 ἕνα
3642 3725 3757 3780 τῶν

2179 3816 2489 3888 ὲμὸολίμων
2531 3815 2737 3888 μηνῶν,
2773 3814 3075 3888 δεκατριῶν
3104 3815 3311 3884 γίνεται
3340 3815 3583 3880 πάντως,
3616 3816 3758 3889 πρὸς

2177 3911 2296 3973 ταῖς
2361 3907 2681 3962 δυοκαίδεκα
2726 3906 2912 3961 τοῦτον
2962 3905 3299 3979 φερωνύμως
3351 3907 3759 3980 ἐμϐαλλόμενον

2180 3996 2326 4068 ἔχον·
2372 3995 2448 4059 ὡς
2481 3995 2827 4068 εὑρίσκεσθαι
2864 3995 3050 4050 λοιπὸν
3082 3995 3158 4068 μὴ
3200 3996 3360 4068 μόνον
3391 3996 3494 4051 τνδ¹
3529 3996 3761 4069 ήμερῶν

2180 4088 2320 4144 κατὰ
2347 4089 2415 4142 τὰ
2443 4088 2606 4143 λοιπὰ
2618 4073 2731 4160 ’τῆς
2756 4089 2983 4161 σελήνης
3018 4087 3134 4160 ἔτη,
3177 4087 3315 4143 ἀλλὰ
3339 4089 3456 4142 τπδ’
3488 4091 3555 4161 τῇ
3585 4105 3758 4160 προσ-

2181 4187 2327 4242 θέσει
2361 4187 2454 4241 τοῦ
2487 4185 2780 4258 ἐμϐολίμου
2819 4176 2987 4259 μηνὸς
3015 4186 3057 4239 λ’
3095 4184 3337 4258 ἡμερῶν.

2182 4395 2322 4464 Περὶ
2358 4392 2566 4478 τῷζέξ
2593 4393 2939 4478 figam}ng
2964 4392 3074 4448 τοῦ
3116 4392 3403 4478 iteratio!)
3432 4389 3761 4478 ζετῃρημέο

3003 4505 3020 4530 ,
3088 4477 3188 4519 και
3238 4481 3352 4530 της
3404 4478 3597 4518 autm-
3640 4477 3761 4518 ato-

2241 4536 2485 4603 σταίας·
2519 4537 2682 4603 τινες
2705 4533 2951 4600 τέήεισι,
2981 4535 3079 4590 καὶ
3102 4535 3201 4590 διὰ
3235 4535 3294 4588 τί
3322 4533 3612 4604 διάφοροι.

2244 4652 2327 4705 H'.
2374 4648 2655 4705 Ἐντεῦθεν
2675 4645 2769 4703 οὖν
2787 4650 2881 4704 καὶ
2900 4647 3313 4722 πρπελευταίον
3342 4647 3491 4719 μῆνα
3528 4645 3623 4700 τδν
3647 4644 3757 4719 πρὸ

2175 4742 2272 4798 τοῦ
2296 4742 2502 4808 τέλους,
2523 4743 2584 4796 οὐ
2614 4740 2706 4794 τδν
2734 4740 3035 4805 ἑνδέκατον,
3056 4739 3191 4793 ἀλλὰ
3215 4739 3310 4792 τὸν
3340 4736 3757 4792 δυοκαιδέκατον

2177 4834 2240 4889 τὸ
2268 4832 2477 4887 τοιοῦτο
2507 4832 2605 4903 τῆς
2643 4831 2872 4903 σελήνης
2893 4831 3154 4902 κέκτηται
3193 4828 3344 4894 ἔτος·
3382 4828 3442 4893 ἐξ
3467 4820 3532 4882 οὐ
3590 4844 3758 4900 προσ-

2176 4928 2420 5000 ηκόντως
2445 4928 2539 4982 καί
2570 4929 2604 4998 ή
2637 4923 2999 4997 παρείσδασις
3023 4921 3131 4976 τῶν
3156 4921 3328 4989 ἁγίων
3360 4919 3625 4991 νηστειιῖιν
3655 4935 3755 4972 κα-

2177 5020 2444 5085 νονίζεται
2493 5020 2559 5074 δι’
2594 5019 2761 5090 αὐτὴν
2803 5016 2898 5071 τοῦ
2948 5015 3113 5087 μηνὸς
3138 5014 3236 5085 τὴν
3268 5013 3615 5085 περισσείαν,
3648 5027 3755 5066 κω·-

2179 5113 2411 5166 λύουσαν
2444 5111 2542 5181 τὴν
2570 5110 2676 5164 ἀπὸ
2698 5109 2979 5163 ἑνδεκάτου
3016 5104 3268 5177 γενέσθαι
3316 5104 3484 5175 μηνὸς
3513 5101 3757 5175 παρατήο

2185 5221 2375 5278 ρησιν·
2414 5204 2489 5269 ὡς
2532 5204 2668 5275 μήτε
2704 5200 2921 5265 πλείους
2953 5200 2986 5271 ἢ
3019 5194 3094 5253 ὧν
3132 5196 3440 5269 ὑπάρχουσι
3481 5194 3621 5248 κατὰ
3665 5192 3754 5245 τὸν

2183 5294 2411 5368 ἀριθμὸν
2442 5294 2539 5356 τὰς
2569 5291 2744 5348 αὐτῶν
2783 5291 2997 5363 ἡμέρας
3038 5288 3391 5362 ψηφίζεσθαι,
3419 5288 3528 5340 κάκ
3555 5283 3755 5339 τούτων

2184 5385 2498 5456 διαμαρτεῖν
2564 5386 2689 5446 τοὺς
2748 5382 3099 5454 ψηφίζοντας.
3160 5382 3469 5451 Τετήρηται
3523 5376 3583 5431 δὲ
3637 5373 3754 5429 καθ’

2186 5476 2444 5547 ἑκάτερον
2471 5476 2633 5547 μῆνα,
2664 5474 2757 5528 τὸν
2788 5475 3069 5528 ἑνδέκατον
3114 5472 3257 5541 λέγω
3308 5471 3400 5525 καὶ
3429 5470 3519 5525 τὸν
3546 5468 3756 5521 δυοκαι-

2186 5568 2409 5623 δέκατον
2459 5572 2516 5622 ὲν
2554 5568 2633 5640 τῷ
2681 5567 2947 5640 εὐωνύμῳ
2994 5565 3088 5621 τοῦ
3126 5565 3371 5619 κανονίου
3415 5565 3514 5633 οὐχ
3547 5563 3581 5632 ή
3623 5558 3751 5626 αὐτὴ
