4044 6220
340 357 486 417 ηέὗ

1143 359 1204 414 S.
1245 355 1494 414 MAXIM
1536 353 1901 417 MARTYBIS
1937 351 2309 412 COMPUTUS
2343 355 2780 417 ECCLESIAS’I‘.

3428 366 3567 426 1226

338 499 470 537 ποστ
480 483 570 538 αἶα
592 482 731 535 κατὰ
750 480 848 551 τὴν
876 479 982 533 τῶν
1014 479 1335 551 Ῥωμαϊκῶν
1353 480 1657 554 διαγραφήν
1674 498 1687 511 ⁸
1722 479 1911 551 ὥσπερ

2013 494 2109 550 per
2157 492 2332 534 annos
2380 494 2573 537 omnes
2622 480 2886 537 decimam
2938 490 3189 554 quartam
3249 485 3565 545 attributam

337 575 417 627 ἑνὶ
437 572 571 646 μηνὶ
590 572 681 626 καὶ
696 571 830 635 ὅλοις
848 573 891 605 ⁸⁷
910 574 1021 635 τοίς
1037 571 1208 626 ἔτεσιν
1219 573 1278 626 ὲν
1290 570 1367 643 τῷ
1388 570 1545 643 δεξιῷ
1559 570 1657 643 τὴν
1678 569 1738 626 ιδ’
1759 588 1911 644 σεση-

339 663 649 736 μειουμένην
670 663 884 736 ὁρῶμεν
907 663 1256 735 ὑπάρχουσαν
1282 680 1295 692 ·
1328 662 1442 717 ἀλλ’
1469 661 1603 734 άλλη
1627 662 1722 716 καὶ
1742 661 1905 733 άλλη.

334 747 459 806 υἷον
484 754 563 816 εἰς
603 753 701 823 μὲν
728 752 818 805 τὸν
861 759 928 805 ια’
956 755 1083 823 παρ’
1112 751 1381 824 Ἑϐραίοις
1413 751 1594 807 Σαϐἁτ
1617 750 1907 822 λεγόμενον

333 846 368 916 ἡ
388 844 580 899 τούτου
609 845 1040 915 ἑπτακαιδεκάτη
1062 862 1075 876 ·
1095 846 1151 899 ὲν
1167 846 1393 910 ἐκείνοις
1419 843 1599 916 μέντοι
1632 846 1743 908 τοῖς
1765 843 1907 907 ἔτεσι

335 938 448 999 τοῖς
479 936 578 989 οὐκ
622 935 804 1007 ἔχουσι
828 936 920 990 τὸν
958 936 1249 1008 ἐμϐόλιμον
1269 953 1284 968 ·
1320 938 1400 1000 είς
1431 936 1488 990 δὲ
1518 935 1610 990 τὸν
1636 935 1908 991 δυοκαιδέ-

334 1043 519 1093 κατον,
551 1028 721 1099 ’Δδαρ
759 1029 1315 1100 προσαγορευόμενον,
1361 1032 1394 1100 ἠ
1429 1028 1616 1083 τούτου
1638 1029 1905 1083 ὀκτωκαι-

331 1116 554 1187 δεκάτη,
573 1120 630 1171 ἐν
646 1118 852 1183 τούτοις
875 1118 1115 1190 δηλονότι
1138 1122 1249 1185 τοῖς
1270 1119 1361 1174 τὸν
1384 1119 1675 1191 ἐμϐόλιμον
1700 1119 1901 1191 έχουσι.

332 1206 446 1261 Καὶ.
477 1207 633 1261 τοῦτό
653 1224 717 1276 γε
747 1208 887 1262 κατὰ
909 1207 1084 1276 λόγον.
1123 1208 1338 1279 Ἐπειδὴ
1360 1209 1467 1281 γὰρ
1489 1208 1570 1262 κθ¹
1598 1210 1691 1263 καὶ
1710 1209 1753 1262 λ’
1773 1211 1906 1280 ἡμεο

333 1297 445 1369 ρῶν
479 1301 607 1370 παρ’
636 1300 888 1372 ἑκάτερον
920 1300 1063 1372 μῆνα
1078 1300 1186 1354 τῶν
1212 1301 1535 1356 δυοκαίδεκα
1556 1302 1655 1373 τῆς
1675 1302 1905 1374 σελήνης

328 1388 656 1462 ψηφίζομεν,
685 1391 819 1463 πρὸς
848 1392 907 1445 τὸ
948 1392 1022 1464 μὴ
1059 1395 1245 1463 τεμεῖν
1288 1394 1494 1466 ἡμέρας
1535 1394 1621 1449 διὰ
1665 1393 1759 1448 τοῦ
1800 1393 1904 1448 ἀνὰ

329 1482 412 1535 θ’θ’
447 1483 673 1554 ἡμίσεος
720 1483 941 1548 τούτους
980 1483 1235 1555 ψηφίζειν
1286 1485 1593 1556 (συμϐαίνει
1619 1485 1727 1558 γὰρ
1759 1484 1901 1540 οὕτω

328 1576 430 1638 τάς
460 1592 520 1628 τε
558 1576 661 1629 τνδ⁹
689 1576 901 1649 ἡμέρας
942 1576 1169 1642 ἐντελῶς
1216 1577 1562 1650 ἀριθμεῖσθαι
1608 1578 1751 1641 κατὰ
1792 1581 1899 1634 πᾶν

329 1668 449 1731 ἔτος
471 1670 571 1738 τῆς
604 1667 865 1739 σελήνης,
913 1668 1006 1723 καὶ
1041 1668 1310 1739 μηδεμιᾶς
1344 1668 1659 1738 συμϐαίνειν
1685 1669 1898 1740 ἡμέρας

324 1758 621 1828 διαίρεσιν·
661 1758 737 1822 ώς
776 1758 1021 1813 ἐντεῦθεν
1062 1759 1245 1813 λοιπὸν
1290 1759 1636 1829 εὑρίσκεσθαι
1677 1760 1763 1814 διά
1801 1760 1899 1832 τὴν

328 1942 429 2013 μὲν
446 1948 515 1995 ια’
538 1940 756 2012 ἡμερῶν
777 1939 883 2005 κθ’;
908 1941 999 1997 τὸν
1030 1942 1086 1995 δὲ
1115 1942 1523 1997 δυοκαιδέκατον
1549 1942 1591 1995 λ’
1623 1941 1886 2016 ήμερῶν)·

326 2034 710 2107 προσηκόντως
733 2028 825 2087 οὖν
855 2035 912 2086 ὲν
943 2034 1041 2103 μὲν
1072 2034 1184 2097 τοῖς
1211 2034 1311 2085 οὐκ
1338 2032 1518 2104 ἔχουσι
1555 2034 1644 2086 τὸν
1676 2032 1893 2104 ἐμϐόλι-

328 2142 430 2196 μον
461 2125 551 2185 τὸν
590 2132 657 2177 ια’
699 2124 794 2179 καὶ
840 2123 938 2197 τὴν
975 2124 1161 2178 τούτου
1209 2123 1271 2189 ις’
1306 2124 1713 2196 ὲκανονίσαμεν.
1761 2123 1892 2177 Ἀπὸ

323 2217 433 2289 γάρ
469 2215 670 2286 ταύτης
711 2216 872 2289 μέχρι
904 2217 1003 2287 τῆς
1046 2216 1139 2269 τοῦ
1180 2215 1300 2270 καθ’
1347 2215 1630 2288 Ἐϐραίους
1675 2214 1891 2288 πρώτου

326 2309 495 2381 μηνὸς
522 2311 580 2365 ιδ’
606 2308 699 2365 τοῦ
728 2310 949 2363 εἰσιέναι
976 2309 1255 2381 μέλλοντος
1282 2309 1436 2372 ἔτους
1478 2308 1752 2380 ἰσάριθμοι
1784 2307 1892 2361 τῶν

323 2400 496 2470 ἁγίων
523 2401 780 2473 νηστειῶν
806 2404 861 2455 αἱ
888 2402 1090 2475 ἡμέραι
1121 2402 1467 2472 τυγχάνουσι,
1504 2401 1749 2455 τουτέστι
1793 2398 1888 2465 νζ’.

324 2492 595 2551 Τοσαῦται
626 2492 732 2564 γὰρ
774 2494 831 2548 αἱ
859 2493 966 2546 τῶν
992 2499 1040 2564 η’
1074 2483 1381 2564 ἑϐδομάδων
1414 2492 1692 2563 προδήλως
1716 2492 1850 2545 εἰσίν
1874 2508 1887 2521 ·

321 2578 437 2639 οἷον
460 2587 519 2638 αἱ
543 2584 820 2638 ὑπόλοιποι
856 2593 923 2654 ιγ’
958 2584 1122 2639 αὑτοῦ
1156 2583 1248 2639 τοῦ
1273 2590 1340 2639 ια’
1371 2584 1539 2656 μηνός
1558 2600 1572 2613 °
1597 2586 1753 2655 εἴπερ
1786 2583 1888 2648 κθ’,

321 2675 507 2740 καθὼς
535 2675 688 2746 ἔφην,
727 2670 879 2739 οὗτος
917 2675 1241 2745 ψηφίζεται·
1278 2676 1371 2728 καὶ
1401 2677 1458 2728 αἱ
1489 2673 1584 2728 τοῦ
1617 2673 1891 2728 δυοκαιδε-

323 2772 490 2825 κὰτου
518 2770 562 2824 λ’
579 2789 593 2802 ·
626 2773 720 2825 κα)⁸
746 2772 804 2825 αί
834 2771 927 2826 τοῦ
969 2771 1185 2841 πρώτου
1212 2771 1381 2843 μηνὸς
1409 2770 1470 2824 ιδ’
1477 2814 1490 2827 .
1514 2771 1681 2842 Δῆλον
1712 2770 1788 2835 δὲ,
1817 2772 1891 2836 ώς

321 2870 418 2931 ιγ’,
444 2862 535 2917 καὶ
576 2862 641 2927 λ’,
675 2863 768 2917 καὶ
806 2863 886 2930 ιδ’,
920 2863 1129 2937 ἡμέρας
1156 2862 1230 2928 νζ¹
1262 2861 1524 2918 ποιοῦσιν.
1578 2864 1666 2916 Ἐν
1694 2862 1753 2915 δὲ
1782 2865 1892 2927 τοῖς

319 2956 506 3024 ἔχουσι
527 2953 617 3007 τὸν
642 2954 938 3025 ἐμϐόλιμον
967 2954 1111 3008 ἔτεσι
1136 2954 1229 3008 τὸν
1266 2953 1676 3008 δυοκαιδέκατον
1697 2954 1894 3024 ἐτηρή-

319 3064 529 3119 σαμεν,
566 3047 661 3102 καὶ
695 3047 795 3118 τὴν
826 3046 989 3102 αὑτοῦ
1024 3045 1513 3117 ὀκτωκαιδεκάτην.
1562 3044 1657 3098 Ἐκ
1693 3042 1895 3114 ταύτης

317 3141 432 3213 γὰρ
475 3142 635 3213 μέχρι
689 3142 787 3211 τῆς
814 3139 907 3194 τοῦ
957 3139 1172 3211 πρώτου
1216 3140 1381 3211 μηνὸς
1426 3138 1490 3193 ιδ’
1532 3139 1588 3195 αἱ
1626 3137 1701 3202 VC
1734 3137 1894 3197 πάλιν
1922 3186 1945 3213 ί

326 3186 429 3213 VT
475 3186 635 3213 r‘lu"
700 3186 785 3211 --ιν
823 3186 904 3194 *ν*
963 3186 1170 3211 ’τ’-π-
1216 3186 1378 3211 ινννιντν
1426 3186 1473 3193 τ-
1534 3186 1586 3195 -ν
1635 3186 1687 3202 ἰ
1942 3202 1945 3203 ν

315 3232 660 3304 ἁθροίζονται
684 3250 697 3263 ·
726 3227 837 3286 οἷον
865 3234 921 3285 αἱ
953 3232 1117 3285 αὑτοῦ
1143 3232 1234 3287 τοῦ
1264 3232 1328 3302 ιβ’
1368 3230 1648 3286 ὑπόλοιποι
1679 3235 1770 3298 ιγ’,
1803 3229 1891 3283 διὰ
1921 3186 1965 3244 c

315 3326 381 3379 τὸ
414 3326 457 3378 λ’
500 3324 723 3397 ἡμερῶν
771 3323 958 3378 τοῦτον
1001 3323 1368 3395 ψηφίζεσθαι·
1406 3324 1501 3378 καὶ
1537 3322 1630 3376 τοῦ
1676 3322 1891 3393 ἐμϐολί-

318 3434 449 3486 μου,
478 3417 645 3488 ήγουν
687 3415 1167 3489 τρισκαιδεκάτου,
1208 3415 1283 3467 λ’·
1340 3413 1604 3478 τοσαύτας
1636 3412 1744 3485 γὰρ
1783 3414 1889 3477 πᾶς

317 3509 613 3579 ἐμϐόλιμος
644 3508 930 3578 κέκτηται·
977 3509 1069 3562 καὶ¹
1113 3505 1287 3567 αἰτοῦ
1337 3504 1550 3577 πρώτου
1602 3504 1767 3575 μηνδς
1806 3504 1885 3559 ιδ’.

317 3597 483 3652 Ὅθεν
523 3598 617 3651 ἐπὶ
668 3597 762 3651 τοῦ
795 3597 1122 3659 τελευταίου,
1164 3598 1329 3668 ἧγουν
1364 3593 1456 3649 τοῦ
1500 3594 1561 3648 ιϐ’
1594 3593 1766 3657 ἔτους,
1797 3595 1890 3647 καὶ

314 3694 417 3762 τὴν
444 3697 519 3757 ις’
537 3690 628 3743 τοῦ
654 3691 773 3745 κατ’
799 3690 960 3744 αὑτὸν
992 3697 1057 3743 ια’
1090 3690 1258 3761 μηνὸς
1283 3686 1746 3759 ὲπεσημηνάμεθα
1765 3703 1777 3715 ·
1802 3686 1889 3740 διὰ

313 3782 410 3835 τὸν
440 3781 847 3836 δυοκαιδέκατον
888 3780 1230 3850 αὐτοῦλμῆνα
1261 3778 1341 3835 κθ¹
1373 3779 1529 3849 μόνον
1584 3776 1888 3849 ψηφίζομεν

314 3874 561 3945 ἡμερῶν,
606 3873 796 3946 ὥσπερ
828 3868 921 3928 οὖν
966 3873 1164 3928 καύτὸν
1213 3871 1306 3925 τὸν
1342 3878 1443 3924 ια’·
1492 3870 1589 3939 τὴν
1616 3869 1673 3923 δὲ
1713 3868 1888 3924 αἰτίαν

316 3968 597 4040 προϊόντες
644 3965 972 4038 δηλώσομεν.
1027 3964 1276 4033 Εύλόγως
1315 3960 1406 4019 οὖν
1444 3962 1531 4019 διὰ
1582 3962 1753 4016 ταῦτα
1798 3963 1888 4015 καὶ

314 4059 418 4129 τὴν
460 4057 789 4128 μετάστασιν
823 4057 944 4126 ἴσην
982 4054 1347 4127 ὲπιτηροῦμεν
1396 4054 1487 4106 ἐπὶ
1537 4052 1738 4107 τούτων
1778 4050 1888 4104 τῶν

314 4146 696 4217 δεδηλωμένων
751 4144 955 4216 μηνῶν,
991 4144 1155 4214 ἤγουν
1198 4142 1306 4199 τῶν
1359 4141 1536 4196 αὐτῶν
1595 4139 1885 4206 ποσταίων,

314 4239 417 4306 τῆς
452 4234 865 4306 παρεισϐάσεως
895 4234 1073 4305 χάριν,
1102 4235 1160 4286 ὲν
1198 4231 1276 4303 τῷ
1314 4230 1579 4302 εὐωνύμῳ
1604 4228 1699 4283 τοῦ
1731 4247 1889 4283 κανο-

318 4329 458 4392 νίου,
494 4328 593 4399 τῆς
637 4326 729 4382 ἐπὶ
763 4326 865 4396 τῆς
901 4326 959 4380 ιδ’
984 4325 1079 4380 τοῦ
1106 4324 1320 4398 πρώτου
1375 4324 1540 4396 μηνὸς
1591 4323 1889 4395 γενομένης

312 4424 481 4492 ἡμῖν,
526 4422 584 4474 ὲν
619 4420 698 4491 τῷ
726 4419 883 4491 δεξιῷ
940 4418 1095 4491 μέρει
1141 4418 1234 4472 τοῦ
1274 4416 1440 4472 αὐτοῦ
1486 4417 1755 4477 κανονίου,
1786 4415 1887 4485 τῆς

2010 571 2322 639 cernimus;
2356 572 2448 627 sed
2478 572 2605 639 alia,
2634 581 2797 644 atque
2843 573 2968 629 alia.
2994 572 3155 630 Velut
3196 576 3250 631 in
3283 578 3568 636 undecimo

2008 677 2230 729 mense,
2279 678 2439 732 quem
2495 661 2704 719 Hebraei
2757 661 2922 719 Sabat
2971 667 3294 733 nominant,
3358 668 3567 726 decima

2008 754 2236 825 septima
2271 754 2388 811 dies
2415 755 2706 811 adnotatur
2745 756 2815 814 iis
2846 756 3005 813 annis
3027 758 3119 828 qui
3155 757 3447 813 embolimo
3473 775 3567 815 ca-

2005 856 2175 913 rent;
2234 848 2290 902 in
2347 846 2670 924 duodecimo
2720 863 2870 912 vero,
2922 848 3016 921 qui
3070 849 3140 904 ab
3192 849 3301 906 illis
3339 856 3568 906 vocatur

2004 937 2172 1002 Adar,
2204 946 2395 994 octava
2429 938 2640 995 decima
2678 940 2734 995 in
2768 940 2930 997 annis
2968 941 3258 997 embolimo
3300 942 3561 1012 praeditis.

2005 1030 2160 1097 Quod
2196 1030 2413 1102 quidem
2448 1032 2642 1088 rationi
2670 1041 3095 1089 consentaneum
3123 1042 3227 1090 est.
3258 1032 3395 1088 Cum
3419 1036 3565 1091 enim

2003 1122 2284 1179 duodenos
2336 1122 2478 1179 luna:
2524 1138 2739 1180 menses
2780 1123 3005 1180 alternis
3038 1124 3225 1196 viginti
3264 1140 3477 1191 novem,
3510 1131 3565 1181 et

1998 1215 2225 1287 triginta
2264 1214 2474 1273 dierum
2522 1224 2794 1287 putemus,
2827 1232 2894 1271 ne
2931 1215 3049 1273 dies
3094 1216 3286 1287 partiri
3331 1231 3558 1273 necesse

2004 1306 2096 1371 sit,
2126 1307 2169 1361 si
2196 1304 2382 1376 viginti
2436 1320 2627 1360 novem
2656 1320 2720 1361 ac
2758 1306 3039 1362 dimidium
3071 1306 3299 1376 singulis
3323 1306 3558 1377 impute-

2003 1414 2126 1453 mus
2164 1398 2269 1470 (sic
2301 1399 2445 1454 enim
2489 1398 2706 1463 accidit,
2740 1409 2799 1453 ut
2830 1400 2885 1454 i'n
2914 1398 3157 1469 quolibet
3198 1412 3342 1453 anno
3378 1399 3556 1454 lunari

2003 1498 2278 1546 trecentos
2318 1499 2372 1545 et
2426 1470 2856 1561 quinquaginta.
2888 1498 3122 1560 quatuor
3189 1478 3308 1544 dies
3354 1489 3563 1559 integre

2001 1598 2374 1647 numeremus,
2413 1583 2532 1638 sine
2561 1583 2669 1637 ulla
2706 1582 2812 1636 diei
2839 1581 3104 1637 fractione
3131 1598 3145 1646 ;
3172 1596 3279 1652 quo
3315 1580 3373 1635 lit
3405 1587 3465 1636 ut
3492 1595 3562 1636 ex

2002 1674 2573 1730 institutomensium
2639 1672 2828 1728 ordine
2885 1687 2951 1726 ac
3010 1672 3389 1735 successione,
3437 1677 3562 1743 post

326 1763 621 1828 διαίρεσιν·
661 1763 737 1822 ώς
776 1763 1021 1813 ἐντεῦθεν
1062 1763 1245 1813 λοιπὸν
1290 1763 1636 1829 εὑρίσκεσθαι
1677 1763 1763 1814 διὰ
1801 1763 1899 1832 τὴν

326 1851 577 1919 τοιαύτην
608 1851 673 1903 ὲκ
705 1848 916 1922 πρώτου
953 1850 1117 1921 μηνὸς
1151 1850 1466 1906 ἀκολουθίαν
1497 1854 1591 1905 καὶ
1622 1851 1773 1916 τάξιν
1802 1851 1893 1904 τὸν

2001 1766 2233 1837 primum
2264 1764 2521 1835 deinceps
2566 1763 2885 1819 undecimus
2922 1763 3038 1820 dies
3063 1764 3257 1830 habeat
3280 1777 3471 1818 novent
3506 1769 3563 1817 et

2000 1857 2224 1922 viginti,
2284 1855 2642 1911 duodecimus
2700 1870 2831 1910 vero
2884 1854 3130 1922 triginta)
3179 1871 3195 1908 :
3247 1868 3371 1907 cum
3422 1853 3559 1917 haec.

826 1866 916 1903 του
953 1866 1117 1921 μηνος
1151 1866 1466 1906 ακολουυιαν
1497 1866 1591 1905 και
1622 1866 1773 1916 ταςιν
1802 1866 1893 1904 τον

2000 1857 2224 1927 viginti,
2284 1855 2642 1911 duodecimus
2700 1870 2831 1910 vero
2884 1854 3130 1926 triginta)
3179 1871 3195 1908 :
3247 1868 3371 1907 cum
3422 1853 3559 1917 haec.

1998 1949 2240 2018 inquam,
2276 1947 2357 2002 sic
2397 1946 2652 2010 habeant,
2678 1947 2874 2001 merito
2906 1946 2962 1999 in
3011 1946 3172 2000 annis
3214 1944 3559 2015 simplicibus

1997 2040 2340 2095 undecimum
2392 2053 2656 2101 mensem,
2700 2037 2928 2108 ejusque
2957 2052 3067 2091 xvu
3109 2036 3251 2091 diem
3293 2035 3360 2089 ad
3389 2049 3557 2091 cano-

1998 2145 2121 2183 nem
2150 2128 2546 2183 adnotavimus.
2598 2126 2730 2182 Nam
2757 2129 2825 2183 ab
2862 2128 2963 2183 hoc
2986 2127 3075 2183 die
3111 2142 3284 2198 usque
3312 2127 3379 2182 ad
3405 2127 3560 2182 deci-

2001 2235 2149 2274 mum
2188 2231 2441 2291 quartum
2471 2220 2628 2291 primi
2667 2219 2873 2274 mensis
2916 2219 3128 2275 Judaici
3165 2219 3218 2273 in
3263 2234 3407 2274 anno
3434 2235 3561 2275 con-

2003 2313 2274 2386 sequenti,
2327 2312 2551 2368 totidem
2610 2320 2741 2382 quot
2791 2313 2997 2368 sanctis
3038 2312 3265 2383 jejuniis
3311 2313 3561 2369 attributi

1998 2415 2146 2468 sunt,
2193 2407 2536 2461 intercedunt
2575 2405 2729 2470 dies,
2760 2420 2953 2476 nempe
2987 2421 3116 2461 Lvu.
3154 2404 3258 2461 Tot
3297 2406 3443 2462 enim
3493 2420 3563 2461 ex

1998 2495 2428 2551 hebdomadibus
2472 2504 2598 2550 octo
2642 2496 2905 2552 conﬁunt.
2952 2495 3092 2551 Sunt
3130 2504 3308 2553 autem
3353 2496 3409 2552 bi
3441 2495 3562 2553 dies

1998 2603 2092 2641 xm
2135 2603 2200 2642 ex
2248 2587 2531 2643 undecimo
2582 2602 2770 2644 mense
2809 2588 3055 2655 residui;
3086 2589 3201 2659 qui,
3248 2595 3310 2644 ut
3353 2590 3562 2645 dictum

1995 2687 2111 2741 est,
2167 2693 2359 2734 novem
2413 2684 2468 2732 et
2521 2677 2712 2748 viginti
2763 2679 3009 2749 colligit;
3068 2687 3183 2734 tum
3251 2680 3561 2737 duodecimi

1997 2769 2202 2825 mensis
2242 2785 2392 2836 xxx;
2435 2783 2500 2823 ac
2543 2769 2699 2838 primi
2751 2768 3004 2839 denique.
3051 2784 3170 2825 xlv.
3220 2769 3562 2838 Colliguntur

1998 2874 2063 2912 ex
2109 2874 2226 2925 xm,
2264 2867 2320 2913 et
2348 2874 2478 2926 xxx,
2509 2865 2563 2914 et
2592 2873 2703 2924 xlv,
2743 2860 3030 2931 perspicue
3074 2860 3189 2915 dies
3228 2875 3358 2915 Lvn.
3390 2859 3461 2913 At
3502 2860 3560 2915 iu

2000 2952 2160 3007 annis
2202 2952 2559 3008 embolimaeis
2596 2952 2977 3007 duodecimum
3025 2967 3293 3016 mensem,
3331 2951 3560 3021 ejusque

2000 3045 2142 3099 diem
2169 3054 2420 3099 octavum
2451 3044 2723 3099 decimum
2763 3044 3131 3101 adhibuimus.
3166 3042 3247 3099 Ab
3273 3043 3378 3100 hoc
3414 3043 3561 3099 enim

2001 3152 2173 3206 usque
2225 3136 2292 3191 ad
2337 3136 2610 3199 decimum
2656 3143 2912 3206 quartum
2973 3137 3180 3192 mensis
3230 3135 3408 3211 primi,
3445 3135 3562 3189 col—

1999 3229 2239 3298 liguntur
2288 3226 2450 3283 iidem
2489 3243 2600 3281 LVII
2648 3227 2784 3293 dies,
2834 3226 3092 3282 nimirum
3137 3243 3201 3282 ex
3252 3225 3561 3282 duodecimi

1998 3321 2202 3375 mensis
2249 3319 2485 3374 residuis
2531 3334 2648 3382 ιιιι,
2699 3318 2958 3388 quoniam
3009 3318 3100 3373 ille
3155 3319 3380 3391 triginta
3440 3316 3563 3374 dies

1994 3411 2158 3467 habet
2202 3431 2215 3466 :
2266 3419 2322 3466 et
2354 3426 2421 3465 ex
2462 3410 2762 3475 embolimi,
2806 3411 2923 3466 sive
2971 3410 3113 3465 tertii
3151 3410 3369 3475 decimi,
3404 3425 3508 3464 xxx
3542 3447 3559 3474 ,

1996 3503 2221 3557 totidem
2259 3503 2403 3558 enim
2433 3504 2757 3559 embolimus
2786 3502 2967 3574 quivis
2994 3503 3223 3567 obtinet,
3249 3514 3312 3557 ac
3340 3499 3561 3557 demum

1995 3611 2063 3649 ex
2099 3594 2303 3650 mensis
2343 3594 2505 3665 primi
2537 3593 2729 3651 diebus
2774 3609 2887 3647 xlv.
2930 3592 3015 3649 Ob
3052 3594 3195 3649 hanc
3228 3607 3452 3648 causam
3500 3592 3558 3647 in

1998 3702 2141 3745 anno
2184 3695 2482 3756 postremo,
2536 3686 2629 3756 qui
2674 3696 2758 3740 est
2805 3674 3048 3741 decimus
3091 3699 3305 3751 nonus,
3349 3684 3557 3742 mensis

1996 3780 2261 3836 undecimi
2287 3795 2374 3834 xv:
2410 3780 2550 3837 diem
2585 3779 2941 3850 ascripsimus
2965 3818 2981 3843 ,
3006 3780 3261 3850 quoniam
3290 3768 3564 3834 duodeci-'

1994 3886 2142 3925 mum
2180 3871 2326 3927 illius
2368 3887 2609 3929 mensem
2656 3871 2888 3935 dierum,
2934 3888 3045 3927 non
3089 3872 3322 3944 amplius
3366 3885 3558 3927 novem

1994 3979 2060 4021 ac
2096 3962 2297 4033 viginti
2337 3962 2743 4025 constituimus,
2789 3970 2850 4016 ut
2898 3969 2952 4015 et
2997 3961 3365 4026 undecimum,
3399 3959 3560 4029 cujus

1995 4060 2075 4113 rei
2100 4058 2156 4115 in
2186 4055 2649 4126 consequentibus
2678 4054 2816 4109 ratio
2846 4053 3120 4110 reddetur.
3145 4052 3412 4121 Quocirca
3433 4052 3559 4123 jure

1994 4154 2049 4207 in
2088 4152 2156 4207 iis
2194 4166 2331 4221 quos
2361 4149 2475 4205 dixi
2506 4149 2788 4204 mensibus
2813 4186 2830 4213 ,
2873 4162 2938 4201 ae
2985 4146 3167 4218 quotis
3210 4159 3401 4201 eorum
3439 4142 3558 4198 die-

1994 4240 2120 4311 bus,
2146 4253 2367 4315 propter
2414 4244 2695 4303 introitum
2724 4240 3056 4310 jejuniorum
3075 4278 3091 4303 ,
3122 4234 3364 4292 eamdem
3390 4236 3557 4291 alter-

1992 4342 2272 4397 nationem
2322 4341 2378 4394 in
2428 4338 2656 4394 sinistro
2706 4336 2876 4391 latere
2922 4332 3149 4389 canonis
3183 4331 3558 4390 observamus.

1994 4450 2159 4505 quam
2198 4434 2255 4487 in
2289 4433 2483 4488 dextro
2521 4429 2594 4487 ad
2625 4427 2890 4483 decimam
2920 4432 3173 4496 quartam
3207 4419 3368 4493 primi
3406 4433 3562 4474 men-

315 4511 663 4574 ἀναστάσεως
691 4510 876 4564 ἕνεκεν
895 4526 908 4539 ·
936 4510 1043 4563 ἀπὸ
1064 4508 1165 4577 τῆς
1191 4507 1477 4580 Κυριακῆς
1492 4506 1880 4579 καὶδευτέρας,

1998 4529 2075 4587 sis
2107 4525 2446 4584 adhibemus.
2492 4529 2709 4591 propter
2744 4517 2943 4572 festum
2975 4509 3433 4575 resurrectionis;
3461 4506 3556 4562 ubi

314 4605 415 4659 καὶ
443 4602 551 4659 τῶν
578 4600 812 4673 καθεξῆς
834 4601 1051 4674 ἡμερῶν
1075 4602 1155 4663 εἰς
1182 4598 1281 4670 τὴν
1302 4598 1565 4654 ἐπιοῦσαν
1592 4599 1756 4667 ἁγίαν
1772 4599 1889 4661 ἤυ-

318 4695 518 4767 ριακὴν
549 4693 976 4766 μεταϐαίνοντες.
994 4692 1178 4746 Ταῦτα
1203 4692 1297 4746 καὶ
1322 4691 1452 4762 περὶ
1477 4691 1682 4745 τούτων
1706 4690 1891 4744 εἰπόν-

314 4805 430 4852 τες,
452 4786 785 4841 ὲπανακτέον
808 4787 939 4855 ἡμῖν
966 4783 1057 4838 τὸν
1084 4782 1240 4851 λόγον
1261 4783 1341 4845 εἰς
1361 4780 1461 4853 τὴν
1481 4781 1588 4834 τῶν
1602 4782 1704 4852 τῆς
1724 4780 1889 4851 σελή-

316 4896 419 4950 νης
448 4877 585 4933 ἑτῶν
607 4877 1003 4948 ἀπακρίϐωσιν.
1174 4886 1183 4895 ³

311 5098 465 5171 Περὶ¹
516 5099 845 5167 διαστολῆς
878 5100 1014 5171 τῶν
1072 5098 1182 5171 τῆς
1208 5170 1211 5171 ν
1239 5098 1507 5171 σελῄνης
1556 5097 1738 5161 ἐτῶν,
1797 5099 1896 5151 και

778 5169 997 5239 ὁμάδος
1025 5168 1142 5224 τῶν

391 5261 470 5315 8'.
497 5262 648 5315 Εἰσὶν
662 5255 760 5315 οὖν
785 5260 853 5314 τὰ
876 5260 974 5314 ὅλα
995 5261 1092 5332 τῆς
1118 5260 1347 5331 σελήνης
1377 5258 1493 5329 ἐτη.
1514 5258 1700 5323 καθὼς
1736 5259 1894 5331 sppi—

318 5352 413 5422 θη,
448 5350 514 5405 ιθ⁹
534 5370 547 5382 ·
574 5350 621 5416 ζ’
653 5352 751 5423 μὲν
793 5349 864 5404 τὰ
889 5352 1016 5413 τοὺς
1045 5349 1361 5420 ἰσαρίθμους
1392 5349 1717 5421 ἐμϐολίμους
1743 5348 1894 5421 έχον-

314 5462 392 5499 τα
435 5444 631 5515 μῆνας,
674 5446 845 5516 ἧγουν
891 5443 964 5498 τὰ
1016 5443 1127 5496 ἀπὸ
1172 5442 1290 5496 τπδ’
1334 5441 1591 5515 ἡμερῶν·
1642 5441 1895 5512 ιβ’δὲτά

321 5536 593 5607 λεγόμενα
632 5536 818 5600 κοινὰ,
846 5533 1091 5589 τουτέστι
1122 5532 1190 5586 τά
1224 5533 1484 5587 ἀπὺλτνδ.
1527 5535 1593 5587 Δί
1624 5535 1681 5588 δὲ
1714 5534 1895 5587 πᾶσαι

322 5625 435 5680 τῶν
464 5625 642 5685 αὐτῶν
669 5625 733 5679 ιθ¹
756 5626 859 5696 τῆς
892 5624 1117 5695 σελήνης
1151 5623 1286 5677 ἰτῶν
1318 5622 1540 5695 ἡμέραι,
1568 5627 1637 5695 τῇ
1672 5640 1891 5694 συμπα-

415 5782 459 5812 "
498 5782 536 5837 Ι.
567 5783 623 5835 ὲν
651 5781 814 5844 ὅλοις.

613 5878 878 5936 Ριτιιοι..
925 5876 1039 5936 (in.
1090 5877 1263 5940 XIX.

2000 4639 2031 4677 τι
2064 4616 2364 4679 Dominica,
2401 4621 2456 4668 et
2492 4610 2731 4668 secunda
2769 4607 2926 4671 feria,
2948 4603 3271 4673 ueterisque
3296 4601 3555 4671 deinceps

2000 4715 2068 4770 ad
2097 4717 2342 4769 sanetam
2380 4703 2715 4761 Dominicam
2744 4705 3060 4770 sequentem
3089 4695 3383 4751 transitum
3414 4691 3554 4747 faci-

1998 4821 2144 4861 mus.
2168 4801 2276 4858 Sed
2306 4799 2382 4855 de
2408 4799 2477 4854 iis
2509 4797 2811 4859 hactenus;
2838 4805 2982 4853 nunc
3009 4787 3079 4844 ad
3108 4799 3381 4844 annorum
3403 4783 3561 4843 luna-

1993 4896 2137 4949 rium
2164 4891 2430 4946 mtionem
2452 4883 2763 4941 accuratius
2782 4877 3159 4951 explicandam
3194 4873 3560 4937 convertenda

1992 4995 2077 5043 est
2106 4982 2303 5040 oratio.

2104 5093 2452 5162 Explicantur
2479 5088 2606 5141 anni
2630 5088 2864 5150 lunares,
2896 5094 2946 5141 ιι
2980 5101 3190 5139 summa
3223 5083 3447 5138 δίσκοι.

2066 5255 2158 5312 IX.
2193 5256 2332 5312 Anni
2371 5255 2591 5311 lunares
2620 5256 2874 5310 universe
2900 5258 3037 5309 sunt
3067 5246 3473 5317 .novemdecim,
3502 5253 3563 5313 ιιι

1990 5347 2204 5404 dictum
2253 5357 2357 5406 est.
2390 5348 2633 5415 Quorum
2683 5354 2913 5416 septem,
2950 5342 3307 5405 intercalares
3344 5355 3565 5403 mense!

2000 5442 2298 5513 accipiunt,
2350 5442 2621 5512 iidemque
2668 5439 2874 5497 diebus
2920 5441 3177 5495 constant
3222 5447 3561 5497 manu

1998 5534 2289 5590 duodecim
2320 5549 2457 5590 vero
2485 5548 2808 5590 communes
2852 5530 3195 5603 appellantur
3216 5563 3235 5589 ,
3280 5524 3375 5595 qui
3419 5523 3573 5583 scili-

1998 5633 2087 5682 cet
2139 5627 2255 5685 dies
2301 5627 2505 5682 habent
2538 5641 2753 5685 cccttv.
2794 5624 2969 5683 Porro
3018 5616 3194 5692 1³16.
3215 5616 3336 5681 dies
3374 5630 3570 5679 omnm

3133 5867 3211 5926 39
