4044 6220
365 386 504 440 4229

1186 383 1249 440 S.
1290 384 1531 444 MAXIM!
1565 386 1919 444 MARTYRIS
1956 383 2327 444 COMPUTUS
2364 381 2799 439 ECCLESIAST.

3455 385 3591 441 ιεδο

366 502 607 576 μέθοδον,
630 502 692 557 οὐ
729 503 832 575 μὴν
870 501 1098 574 ἀληθείᾳ⁸
1128 504 1228 557 καί
1264 503 1568 576 πράγματι.
1598 487 1725 570 Πῶς
1757 508 1865 578 γὰρ
1892 509 1925 578 ή

2030 512 2162 559 tate.
2197 501 2304 569 Qui
2354 501 2495 555 enim
2528 500 2650 555 dies
2680 514 2785 553 una
2821 497 3003 553 facere
3033 498 3195 563 duas,
3233 505 3332 554 aut
3359 500 3590 556 duorum

365 595 463 665 μία
489 594 588 658 τάς
613 595 724 660 δύο,
758 596 790 666 ἢ
821 597 940 650 ἀντὶ
963 596 1070 650 τῶν
1104 596 1198 650 δύο
1222 598 1435 669 ποιήσει
1476 599 1594 651 ποτ’
1627 599 1726 662 άνς
1761 599 1929 654 Τοῦτο

361 688 471 756 γὰρ
498 686 632 757 πρὸς
652 687 714 740 τὸ
739 687 1012 758 ἀμήχανον
1028 689 1122 742 καὶ
1146 687 1350 758 ἠλίθιον
1374 689 1545 761 πάντη
1572 688 1925 763 καθέστηκεν.

374 778 652 832 Ἐντεῦθεν
682 774 774 833 οὖν
813 780 1051 852 καὶπερὶ
1089 781 1187 852 τὴν
1216 780 1314 850 τῆς
1350 780 1580 852 σελήνης
1608 781 1927 851 σφάλλονται

363 867 560 937 ψῆφον,
609 869 1005 940 ἀναιρουμένης
1038 869 1139 941 τῆς
1177 868 1437 940 ἀκριϐοῦς
1466 870 1820 942 καταλήψεως
1868 873 1930 924 ἑκ

362 958 460 1029 τῆς
522 957 629 1011 τῶν
668 965 709 1013 ε’
754 958 1060 1030 ἑξηκοστῶν
1108 960 1427 1024 άσυντελοῦς
1476 961 1812 1033 ἐπικλήσεως
1862 962 1925 1013 ⁸³.

374 1051 525 1105 Ἐπεὶ
551 1051 613 1104 τὸ
640 1051 737 1121 μὲν
762 1052 869 1105 ἀπὸ
891 1051 935 1105 λ’
964 1053 1091 1116 τοὺς
1114 1053 1315 1123 ταύτης
1347 1053 1519 1123 μῆνας
1549 1057 1740 1118 ποιεῖν,
1771 1054 1832 1106 τὸ
1885 1053 1930 1085 ⁸⁵

363 1142 615 1212 συνάγειν
643 1143 718 1205 ὼς
741 1142 875 1213 ἔφην
906 1144 1034 1215 μίαν
1058 1144 1352 1216 ἑξηκοστὴν
1372 1145 1510 1215 ὑπὲρ
1532 1146 1768 1216 ἑκάστης
1795 1145 1931 1216 ἡμέ-

362 1249 487 1305 ρας,
517 1234 619 1286 οὐκ
642 1231 754 1302 εχει
780 1233 1132 1305 πλεονασμὸν,
1158 1234 1279 1289 οὐδὲ
1310 1235 1811 1308 τοσούτωνήμερῶν
1839 1236 1930 1290 τὸν

360 1323 530 1393 αὐτῆς
577 1325 719 1393 μῆνα
760 1323 1119 1395 παρίστησιν·
1162 1326 1195 1396 ἡ
1234 1324 1343 1397 γὰρ
1374 1327 1454 1388 εἰς
1496 1324 1540 1376 λ’
1570 1324 1760 1389 πάλιν,
1811 1325 1929 1379 ἀλλ’

359 1412 483 1484 οὐχὶ
525 1414 605 1476 εἰς
634 1411 716 1465 κθ¹
758 1413 929 1485 ήμισυ
960 1413 1071 1467 τῶν
1114 1414 1512 1486 ἀθροιζομένων
1560 1415 1837 1480 ἀνάλυσις,
1870 1417 1930 1470 τὸ

359 1502 658 1575 προστεθὲν
700 1502 788 1558 διά
832 1502 939 1556 τῶν
984 1503 1287 1575 ἑξηκοστῶν
1320 1505 1688 1577 ἡμισημέριον
1739 1505 1931 1558 ὑποτέ-

358 1610 586 1665 μνουσα,
609 1594 826 1657 πλείους
846 1594 986 1665 ἔχειν
1012 1595 1073 1647 οὐ
1103 1599 1420 1667 παραχωρεῖ
1438 1596 1547 1649 τῶν
1571 1594 1651 1649 κθ¹
1672 1595 1897 1667 ἡμίσεος
1913 1612 1927 1627 ο

357 1685 422 1739 τὸ
457 1686 516 1740 δὲ
551 1686 619 1741 τά
664 1693 705 1739 ε’
732 1685 873 1740 κατὰ
919 1688 1026 1740 πᾶν
1072 1685 1189 1749 ἔτος
1220 1688 1470 1756 συνάγειν
1510 1685 1796 1759 ἑξηκοστά,
1830 1688 1931 1760 τῆς

360 1779 504 1832 κατά
542 1780 604 1831 τὸ
636 1779 917 1833 ἑνδέκατον
957 1779 1361 1851 ὐποτμηθείσης
1396 1780 1555 1851 χάριν
1596 1779 1925 1853 ἀναπληρώ-

2036 597 2211 652 instar
2243 595 2440 649 habere
2480 590 2698 663 possit?
2729 588 2844 645 Hoc
2879 604 3009 646 sane
3044 605 3152 646 non
3186 590 3359 646 solum
3391 591 3594 660 impos—

2038 687 2196 742 sibile
2226 693 2332 748 est,
2374 685 2465 740 sed
2497 684 2661 739 etiam
2698 682 2977 738 stolidum.
3028 680 3164 736 liinc
3199 681 3361 752 igitur
3389 681 3595 737 lunaris

2036 778 2253 833 illorum
2298 776 2538 830 calculus
2587 773 2838 836 aberrat,
2887 786 3047 842 quem
3101 771 3173 826 ob
3225 770 3593 839 imperfectam

2037 869 2277 939 quinque
2298 865 2758 936 sexagesimarum
2787 861 3158 917 accessionem
3192 871 3448 916 accurate
3468 875 3596 915 con-

2039 961 2193 1029 sequi
2221 966 2518 1029 nequeunt.
2540 953 2674 1009 Nam
2705 952 2848 1025 quod
2873 953 3189 1008 tricenarius
3214 953 3356 1007 luna:
3380 966 3595 1006 menses

2038 1050 2355 1114 instituunt,
2406 1056 2680 1120 quatenus
2724 1060 2823 1117 pro
2861 1044 3105 1115 quolibet
3150 1043 3238 1100 die
3282 1058 3470 1109 unam,
3515 1042 3596 1097 uti

2038 1141 2242 1196 dictum
2284 1150 2391 1204 est,
2428 1137 2819 1208 sexagesimum
2864 1135 3167 1205 colligunt;
3219 1133 3342 1189 ideo
3385 1131 3593 1187 nullam

2038 1232 2452 1290 redundantiam
2489 1230 2664 1295 affert,
2685 1243 2859 1298 neque
2883 1227 3109 1283 totidem
3146 1225 3356 1281 dierum
3379 1239 3596 1280 menses

2039 1325 2186 1380 illius
2216 1323 2417 1387 eﬁic‘it;
2459 1321 2720 1392 quoniam
2751 1320 2963 1374 dierum
2997 1333 3207 1372 summa
3237 1332 3332 1388 per
3358 1318 3595 1372 tricena-

2037 1419 2181 1473 rium
2222 1432 2509 1473 numerum
2546 1416 2743 1479 divisa,
2781 1413 3098 1469 dimidiatus
3131 1412 3220 1468 ille
3245 1413 3361 1469 dies
3384 1428 3415 1468 e
3436 1427 3598 1469 sexa-

2038 1509 2262 1581 gesimis
2290 1508 2584 1564 adveniens
2625 1506 2962 1571 exhauritur,
3003 1521 3180 1575 neque
3220 1506 3403 1576 plures
3432 1521 3594 1577 quam

2035 1615 2165 1655 xxix
2201 1600 2430 1671 singulis
2474 1598 2754 1654 mensibus
2786 1598 3062 1668 relinquit.
3094 1599 3161 1652 At
3202 1612 3330 1653 vero
3354 1598 3598 1669 quolibet

2038 1706 2182 1746 anno
2228 1689 2565 1761 sexagesima
2626 1689 2882 1759 scrupula
2931 1688 3171 1758 quinque
3223 1687 3479 1759 colligere
3526 1688 3595 1743 ad

2036 1798 2160 1839 eum
2209 1782 2570 1853 supplendum
2611 1780 2776 1845 diem,
2819 1780 2911 1850 qui
2957 1780 3245 1836 undecimo
3283 1795 3425 1835 anno
3464 1794 3596 1851 sup—

362 1886 519 1932 σεως,
546 1869 862 1942 διαμαρτεῖν
897 1870 1109 1934 πάντως
1133 1873 1274 1924 ποιεῖ
1294 1873 1419 1935 τοὺς
1438 1872 1791 1943 ψηφίζοντας.
1814 1874 1925 1929 Καὶ

2030 1873 2307 1944 primitur,
2342 1872 2501 1943 plane
2530 1870 2598 1926 ad
2632 1871 2874 1927 rationes
2905 1870 3312 1925 conturbandas
3334 1870 3588 1940 pertinet.

357 1962 520 2033 δῆλον
551 1963 616 2016 ἑκ
648 1962 741 2016 τοῦ
778 1964 873 2016 καὶ
903 1963 1037 2034 μετά
1070 1962 1272 2033 ταύτην
1314 1962 1412 2035 τὴν
1451 1964 1580 2035 μίαν
1615 1965 1826 2038 ἡμέραν
1858 1967 1923 2020 ὲκ

358 2056 468 2110 τῶν
492 2054 794 2109 ὑπολοίπων
824 2054 867 2120 ζ’
911 2055 1008 2126 τῆς
1039 2055 1262 2128 σελήνης
1304 2056 1438 2110 ἑτῶν
1478 2058 1817 2130 συναγόμενα
1851 2058 1926 2112 λε’

360 2146 626 2217 ἑξῆκοστὰ
682 2145 823 2201 κατά
862 2147 923 2200 τὸ
966 2147 1118 2211 τέλος
1168 2147 1265 2217 τῆς
1298 2148 1925 2221 ἐννεακαιδεκαετηρίδος

357 2239 436 2303 ὡς
459 2238 688 2310 περιττά
714 2237 1142 2310 διαρῤίπτεσθαι.
1185 2239 1298 2292 Πᾶν
1315 2238 1371 2292 δὲ
1396 2240 1538 2294 κατά
1560 2258 1613 2294 τι
1644 2241 1793 2312 παρά
1816 2239 1925 2293 τῶν

359 2329 704 2401 ψηφιζόντων
723 2330 965 2401 ἀνοήτως
998 2329 1320 2401 ῥιπτόμενον
1345 2331 1442 2402 τήν
1469 2348 1528 2384 τε
1546 2330 1641 2385 τοῦ
1672 2332 1792 2386 ὅλου
1829 2331 1925 2385 κύ-

359 2420 491 2495 κλου
526 2421 668 2476 κατά
710 2421 871 2493 τήνδε
917 2421 1013 2492 τὴν
1055 2420 1274 2492 μέθοδον
1301 2423 1632 2477 ἀναπασίαν
1660 2424 1705 2456 ⁸⁸
1737 2423 1921 2494 δηλοῖ,

357 2515 455 2568 καί⁵
478 2515 585 2592 τῶν
612 2514 748 2585 αὐτῇ
782 2514 1132 2585 κεχρημένων
1153 2515 1417 2587 διελέγχει
1458 2517 1519 2570 τὸ
1552 2515 1794 2587 σφάλμα.
1822 2517 1924 2570 Δό-

357 2620 454 2673 γος
505 2602 614 2675 γάρ
651 2604 865 2665 αὐτοῖς,
908 2602 984 2667 ὡς
1030 2598 1201 2669 εἷπον,
1231 2603 1350 2656 ἑστί
1395 2606 1718 2672 συναγαγεῖν
1753 2604 1923 2675 μόνην

352 2694 456 2766 τὴν
490 2694 616 2765 μίαν
642 2693 883 2765 ἐκείνην·
925 2693 1099 2758 οὐδεὶς
1130 2694 1188 2748 δὲ
1221 2694 1350 2765 περί
1377 2694 1658 2767 ἀκριϐείας
1688 2694 1749 2746 τὸ
1799 2694 1923 2748 σύν-

354 2785 498 2839 ολον.
539 2784 850 2840 Διαλλάττει
873 2784 929 2839 δὲ
958 2788 1053 2839 καὶ
1078 2786 1139 2840 τὸ
1173 2788 1304 2859 παρ’
1334 2787 1517 2850 αὐτοῖς
1550 2785 1922 2859 ψηφιζόμενον

355 2878 483 2942 έτος
513 2878 646 2950 πρὸς
688 2879 748 2931 τὸ
797 2878 925 2950 παρ’
960 2880 1089 2949 ἡμῖν
1130 2878 1271 2932 κατά
1317 2879 1416 2950 τήν
1472 2879 1921 2953 ἑκκλησιαστικήν

354 2968 652 3041 παράδοσιν
664 2968 1060 3040 ἀριθμούμενον
1075 2986 1088 2999 ο
1112 2968 1296 3040 ἐπειδὴ
1322 2971 1435 3034 τοῖς
1451 2968 1560 3022 ἀπὸ
1589 2969 1758 3041 Ἀδὰμ
1777 2970 1921 3024 ἑτεσι

358 3068 436 3128 ις’
478 3059 878 3133 προστιθέασιν.
926 3059 1085 3113 Ἀλλά
1114 3059 1285 3113 ταῦτα
1314 3059 1433 3113 κατ’
1464 3058 1760 3131 ἑπιδρομὴν
1794 3061 1921 3132 περὶ

353 3153 580 3209 ἐκείνων
611 3152 874 3217 εἰπόντες,
920 3155 999 3216 εἰς
1045 3152 1106 3206 τὸ
1138 3153 1494 3224 προκείμενον
1516 3150 1917 3223 ἐπανέλθωμεν,

2030 1967 2207 2035 Atque
2240 1964 2343 2019 hoc
2386 1979 2452 2019 ex
2495 1978 2562 2018 eo
2597 1962 2960 2028 convincitur,
2991 1963 3158 2033 quod,
3202 1972 3327 2034 post
3370 1962 3591 2017 unicum

2032 2054 2185 2110 illum
2222 2055 2386 2118 diem,
2419 2054 2640 2126 triginta
2688 2054 2928 2125 quinque
2959 2057 3344 2127 sexagesimus,
3370 2070 3491 2126 quae
3518 2070 3587 2110 ex

2031 2147 2192 2203 annis
2240 2154 2449 2231 septem
2500 2145 2641 2200 lunae
2687 2145 2923 2201 residuis
2983 2146 3318 2211 conﬂantur,
3376 2146 3592 2203 evoluta

2032 2238 2250 2296 demum
2282 2238 2801 2295 enneadecaeteride
2844 2246 3106 2309 tanquam
3144 2238 3453 2310 superﬂuas
3496 2256 3593 2297 ex-

2031 2340 2299 2404 pungunt.
2345 2330 2621 2403 Quidquid
2669 2339 2851 2386 autem
2903 2346 2971 2386 ex
3024 2331 3205 2401 aliqua
3246 2340 3399 2402 parte
3446 2332 3592 2386 velut

2030 2438 2493 2494 supervacaneum
2526 2424 2581 2477 in
2614 2422 2975 2480 subducenda
3012 2422 3210 2479 s’tolide
3238 2422 3502 2493 rejicitur,
3536 2420 3589 2475 id

2028 2521 2084 2570 et
2107 2515 2244 2586 cycli
2278 2515 2446 2569 totius
2477 2514 2652 2570 labem
2688 2515 2791 2573 hac
2823 2517 2877 2570 in
2915 2515 3190 2579 methodo,
3210 2523 3265 2571 et
3283 2530 3471 2571 eorum
3494 2516 3590 2586 qui

2028 2612 2276 2669 utuntur,
2311 2618 2553 2659 errorem
2589 2605 2855 2675 coarguit.
2897 2603 3030 2658 Nam
3072 2603 3127 2657 id
3169 2619 3339 2659 unum
3378 2604 3562 2659 intuen

2029 2704 2142 2761 tur,
2178 2706 2236 2751 ut
2263 2695 2469 2751 dictum
2502 2704 2605 2760 est,
2637 2696 2814 2752 solum
2839 2707 2897 2750 ut
2922 2696 3071 2750 illum
3103 2696 3245 2751 diem
3281 2694 3585 2759 detrahant,

2028 2800 2191 2857 quam
2248 2786 2486 2857 idipsum
2536 2799 2666 2842 vero
2716 2796 2905 2841 exacte
2958 2783 3184 2848 faciant,
3238 2784 3394 2855 pensi
3451 2784 3588 2840 nihil

2030 2876 2251 2936 habent.
2286 2875 2428 2943 Quin
2458 2880 2621 2931 etiam
2651 2875 2863 2930 annalis
2911 2868 3130 2929 illorum
3186 2880 3474 2943 computus
3520 2873 3589 2927 ab

2028 2984 2095 3026 eo
2131 2969 2423 3040 discrepat.
2467 2983 2629 3039 quem
2660 2982 2761 3023 nos
2791 2983 2857 3024 ex
2904 2965 3194 3021 traditione
3222 2965 3588 3021 ecclesiastica

2028 3062 2350 3117 retinemus.
2380 3060 2590 3131 Quippe
2632 3061 2701 3115 ad
2739 3075 2913 3116 annos
2944 3058 3139 3114 Adami
3169 3058 3404 3115 sedecim
3450 3058 3589 3128 adji-

2027 3154 2202 3210 ciunt.
2236 3152 2436 3208 Verum
2480 3151 2597 3208 haec
2638 3151 2706 3207 de
2741 3151 2848 3205 illis
2880 3151 3038 3222 quasi
3072 3149 3248 3207 obiter
3278 3148 3587 3219 attigimus;

352 3247 455 3316 τὴν
481 3244 659 3301 αἰτίαν
701 3243 1020 3316 τρανοῦντες
1061 3244 1160 3315 τῆς
1185 3220 1309 3297 τῶν
1338 3220 1666 3315 ’ἐμϐολίμων
1701 3244 1760 3297 ὲν
1799 3220 1918 3307 *τοῖς

2026 3260 2168 3301 nunc
2211 3245 2281 3301 ad
2328 3244 2666 3316 propositmn
2716 3220 3002 3298 redeamus
3029 3280 3044 3304 ,
3096 3255 3425 3310 causamque
3465 3240 3589 3294 red-

349 3336 502 3391 Ιτεσι
537 3336 635 3408 τῆς
654 3335 879 3407 σελήνης
907 3335 1221 3410 προσθήκης
1256 3334 1459 3408 μηνῶν.

355 3532 475 3599 τις,
524 3531 621 3587 καί
653 3530 752 3604 διὰ
785 3532 843 3585 τι
866 3530 986 3604 τῶν
1022 3533 1352 3604 ἐμϐολίμων
1376 3533 1585 3603 μηνῶν
1620 3537 1659 3603 ἡ
1684 3535 1754 3589 ἐν
1794 3535 1918 3604 τοῖς

422 3604 584 3656 ἔτεσι
607 3600 719 3673 τῇς
762 3601 1030 3673 σελήνης
1050 3600 1406 3672 ήπροοίθήκή.
1449 3600 1563 3659 Καὶ
1603 3600 1788 3660 ποθεν
1822 3600 1915 3661 ἀεὶ

421 3672 499 3746 τὸ.
541 3670 775 3741 πρῶτον
816 3670 1081 3746 ἁρχεέαι,
1115 3670 1237 3728 ﬁmi
1294 3670 1413 3729 ποῦ
1458 3677 1524 3728 τὸ
1576 3676 1918 3730 τελευταῖον

419 3741 611 3814 λήγει.

422 3856 521 3910 II".
552 3856 793 3927 Λέγομεν
834 3853 948 3922 οὖν,
993 3858 1069 3922 ὼς
1099 3858 1186 3913 διά
1211 3858 1367 3913 τοῦτο
1400 3860 1581 3923 αὐτοῖς
1623 3859 1915 3933 ἐνεϐλήθη-

351 3964 473 4011 σαν,
514 3948 602 4002 ἴνα
639 3949 698 4015 ἑξ
740 3949 859 4013 ἑνὸς
893 3951 985 4003 καὶ
1019 3949 1114 4005 τοῦ
1151 3951 1312 4005 αὐτοῦ
1351 3952 1516 4023 μηνὸς
1550 3951 1721 4006 ταῦτα
1750 3952 1918 4024 ψηφί-

349 4036 539 4100 ζεσθαι
563 4038 936 4104 κανονισθιῖηι,
975 4040 1048 4113 μὴ
1073 4040 1306 4114 άλλωςῆ
1352 4042 1494 4097 οὕτω
1531 4044 1720 4100 παθεῖν
1759 4044 1918 4099 τοῦτο

347 4128 645 4200 δυνάμενα,
683 4128 773 4183 διὰ
803 4129 900 4201 τὴν
930 4131 1014 4200 ἐφ’
1061 4134 1289 4186 ἑκάστου
1331 4134 1437 4187 τῶν
1464 4133 1656 4189 ἕνδεκα
1688 4137 1915 4208 ὑστέρη-

351 4235 439 4272 σιν
470 4219 713 4291 ἡμερῶν,
739 4213 814 4272 ὧν
837 4220 898 4274 τὸ
918 4220 1141 4292 ἡλιακὸν
1170 4221 1307 4285 ἔτος,
1348 4223 1447 4276 οὑκ
1475 4224 1596 4295 ἔχον
1621 4224 1718 4295 τὴν
1748 4225 1917 4279 ἐλλει-

348 4310 465 4381 ψιν.
497 4310 556 4378 ἐξ
596 4310 713 4375 ἑνὸς
748 4312 842 4366 καὶ
872 4312 966 4366 τοῦ
994 4311 1155 4365 αὑτοῦ
1188 4315 1353 4384 μηνὸς
1380 4316 1680 4387 ἀρχόμενον
1701 4318 1787 4372 ἀεί
1819 4336 1918 4372 κα-

349 4402 649 4467 νονίζεται·
694 4402 838 4471 λέγω
872 4403 938 4474 δὴ
976 4402 1069 4455 τοῦ
1103 4404 1319 4475 ἑαρινοῦ
1354 4408 1445 4459 καί
1490 4406 1588 4478 τήν
1633 4408 1917 4481 ἰσημερίαν

350 4491 596 4563 έχοντος·
646 4493 704 4557 ὃς
760 4496 876 4548 ἐστι
920 4495 1058 4548 κατά
1109 4494 1208 4565 μὲν
1259 4496 1558 4567 Ῥωμαίους
1623 4499 1914 4570 Ἀπρίλιος,

1958 3368 1961 3369 ν
2020 3335 2250 3405 damus,
2302 3350 2402 3390 cur
2462 3333 2737 3391 embolimi
2807 3347 3024 3389 menses
3083 3332 3365 3387 lunaribus
3427 3332 3587 3386 annis

2018 3432 2358 3485 inserantur.

2022 3540 2180 3613 175
2208 3540 2574 3613 Quanamsit,
2599 3549 2649 3595 et
2672 3554 2776 3609 qua
2792 3538 2856 3592 de
2873 3553 3042 3613 eausa
3084 3537 3183 3613 ﬁat
3207 3537 3262 3590 in
3280 3537 3590 3613 annisllurw

2088 3606 2343 3666 ἱιιῖησῖιιηι
2379 3606 2776 3665 εηιὺοίὶηιονιιηι
2814 3608 3060 3677 adjectio.
3086 3606 3091 3607 ⁷
3116 3607 3253 3661 Item
3302 3606 3447 3661 unde
3478 3623 3590 3673 pcr-

2086 3691 2239 3753 petuo
2300 3681 2501 3751 prima:
2572 3695 2741 3733 anuus
2801 3679 2977 3743 ineat,
3039 3687 3090 3731 et
3149 3677 3238 3731 ubi
3294 3688 3591 3743 postremus

2087 3754 2330 3823 desiuat.]

2091 3863 2226 3921 Xlll.
2251 3864 2342 3920 Sic
2375 3854 2547 3936 igitur
2573 3863 2884 3925 statuimus,
2918 3860 2989 3916 ob
3021 3873 3140 3915 eam
3170 3872 3390 3914 causam
3420 3857 3585 3912 inseri

2018 3973 2234 4014 menses
2255 3958 2399 4020 illos,
2423 3963 2480 4010 ut
2496 3956 2564 4010 ab
2580 3970 2690 4009 uno
2704 3953 3001 4023 eodemque
3014 3964 3195 4006 mense
3208 3956 3467 4020 perpetuo
3483 3949 3588 4002 cal-

2018 4051 2175 4105 culus
2203 4049 2460 4117 procedat
2490 4063 2504 4099 :
2540 4044 2688 4116 quod
2718 4044 2877 4098 aliter
2913 4044 2968 4097 iu
3000 4041 3158 4097 annis
3190 4040 3312 4096 istis
3341 4039 3579 4096 obtineri

2018 4157 2129 4198 non
2161 4148 2361 4212 potest,
2390 4139 2651 4209 quoniam
2685 4136 2887 4207 singuli
2930 4132 3126 4189 diebus
3166 4132 3421 4188 undecim
3453 4131 3589 4187 deﬁ-

2019 4234 2213 4299 ciunt;
2257 4247 2366 4302 quo
2409 4231 2623 4286 defectu
2671 4244 2796 4284 cum
2845 4228 3043 4284 solaris
3084 4243 3263 4283 annus
3300 4235 3489 4288 vacet,
3517 4240 3588 4279 ex

2019 4325 2209 4381 eodem
2266 4337 2480 4392 semper
2540 4321 2718 4383 initio,
2776 4320 3031 4374 nimirum
3088 4333 3261 4375 verno
3315 4328 3370 4372 et
3423 4316 3588 4386 tequio
3642 4328 3648 4334 ·

2020 4416 2240 4472 noctiali
2272 4431 2479 4478 mense,
2499 4413 2899 4484 proﬁciscitur;
2927 4427 3085 4482 quem
3113 4410 3330 4481 quidem
3352 4406 3583 4463 Romani

2019 4505 2259 4575 Aprilem
2306 4514 2522 4567 vocant,
2583 4503 2900 4559 Macedones
2949 4502 3299 4563 Xanthicum,
3342 4497 3583 4569 Egyptii

349 4562 495 4638 κατὰ
542 4585 599 4638 δὲ
642 4586 956 4651 Μακεδόνας
995 4562 1274 4652 Ξανθικὸς,
1306 4562 1446 4641 κατὰ
1489 4588 1547 4642 δὲ
1591 4562 1917 4658 Αἰγυπτίους

2026 4562 2361 4658 Pharmuthi,
2394 4595 2602 4651 Helirzei
2644 4594 2813 4651 Nisan
2856 4615 2869 4649 :
2910 4595 3000 4650 cui
3041 4591 3242 4648 Arietis
3281 4590 3495 4660 signum
3529 4588 3585 4642 in

346 4676 647 4750 σαρμουθί,
682 4677 822 4731 κατὰ
854 4677 911 4731 δὲ
962 4677 1242 4747 Ἑϐραίους
1280 4678 1452 4732 Νισάν
1474 4695 1488 4709 ’
1524 4682 1619 4732 καὶ
1650 4680 1791 4734 κατά
1826 4681 1916 4734 τὸν

349 4766 613 4832 ζωδιακὸν
639 4765 830 4839 [ἥλιον]
860 4767 889 4819 ὁ
929 4766 1217 4837 λεγόμενος
1257 4769 1405 4838 παρά
1445 4772 1557 4832 τοῖς
1593 4768 1698 4836 ἔξω
1728 4769 1915 4841 Κριός.

361 4858 581 4930 Ἐπειδὴ
611 4859 717 4931 γάρ
751 4859 870 4912 καθ’
907 4859 1132 4913 ἑκαστον
1160 4858 1277 4923 ἔτος
1315 4862 1495 4923 αὐτοῖς
1531 4862 1564 4932 ἡ
1613 4860 1809 4932 σελήνη
1851 4863 1917 4932 τῇ

346 4951 458 5005 τῶν
478 4952 779 5022 εἰρημένων
804 4958 871 5005 ια’
893 4951 1115 5023 ἡμερῶν
1135 4951 1363 5021 ἐλλείψει
1394 4952 1681 5016 τοσαύταις
1710 4954 1914 5007 ὑποκα·

345 5041 697 5106 ταδαίνουσα,
732 5041 829 5113 τήν
877 5043 968 5112 ἀφ’
998 5038 1067 5115 ἦς
1098 5043 1297 5116 ήρξατο
1340 5042 1573 5116 ἡμέραν,
1613 5046 1710 5116 οὐχ
1744 5045 1840 5098 ἕνα
1872 5042 1921 5074 ⁸⁸

348 5134 445 5186 καὶ
483 5132 573 5186 τὸν
601 5134 761 5187 αὐτὸν
806 5134 1063 5204 κέκτηται
1105 5136 1279 5207 ἀρχὴν
1312 5135 1355 5168 ⁸⁷
1392 5136 1553 5207 μῆνα,
1601 5136 1759 5206 δῆλον
1789 5137 1916 5191 ὄντα

348 5225 505 5295 παρά
544 5226 667 5288 τοὺς
698 5226 908 5290 ἄλλους,
939 5226 1075 5279 ἀλλὰ
1113 5228 1317 5291 πάντας
1341 5226 1554 5297 ἐπίσης,
1598 5231 1662 5282 ἑκ
1693 5228 1787 5281 τοῦ
1827 5229 1917 5283 διὰ

349 5318 570 5371 πάντων
610 5316 728 5370 καθ’
773 5317 960 5388 εἱρμὸν
1023 5318 1396 5383 άναποδίζειψ
1452 5319 1526 5383 ὡς
1570 5320 1913 5389 ἁσημείωτον

351 5408 603 5479 ἑντεῦθεν
631 5410 893 5481 ὑπάρχειν
909 5409 1093 5465 λοιπὸν
1122 5412 1220 5482 τὴν
1241 5410 1285 5442 ⁸⁸
1308 5410 1415 5464 τῶν
1437 5412 1603 5483 αὐτῆς
1626 5414 1911 5484 νεομηνίας

349 5499 508 5554 ἑτῶν.
567 5501 631 5554 Ἦ
650 5502 869 5573 τεχνικὴ
907 5502 1085 5573 ψῆφος
1125 5501 1262 5572 αὕτη
1298 5502 1391 5556 καὶ
1429 5503 1647 5573 μέθοδος
1691 5505 1912 5573 γέγονεν

348 5595 436 5647 ἄπ’
457 5594 623 5664 αὐτῆς
652 5595 791 5648 κατά
816 5593 913 5666 τὴν
932 5594 1038 5648 τῶν
1066 5593 1205 5648 ἑπτὰ
1225 5594 1528 5665 ἐμϐολὶμων
1557 5596 1870 5668 προσθήκην
1893 5614 1906 5630 ·

1321 5749 1366 5778 ⁸⁵
1393 5748 1439 5815 ί..
1462 5749 1743 5807 ἀστασίαν.

421 5749 468 5781 ⁸³
498 5749 537 5812 Ι.
571 5722 908 5813 ἑπικτίσεως.
1001 5750 1044 5782 ⁸⁸
1076 5749 1114 5805 Ῑ.
1150 5748 1244 5813 τῷ.

1820 5753 1863 5783 ⁸⁸
1897 5752 1938 5819 Ι.
1971 5753 2032 5806 οὐ
2066 5752 2186 5807 καθ’
2216 5754 2331 5811 ινα.
2406 5754 2449 5788 "
2477 5753 2520 5825 Ῑ.
2551 5751 2651 5826 τὴν
2676 5752 2767 5824 ἀρ.

2024 4687 2277 4743 Zodiaco.
2312 4687 2625 4758 respondet.
2681 4685 2893 4742 Etenim
2948 4684 3202 4754 quoniam
3247 4682 3373 4735 luna
3424 4689 3585 4750 quot~

2025 4778 2185 4835 annis
2207 4778 2459 4834 undecim
2490 4777 2704 4836 diebus.
2730 4775 3058 4837 utdiximus,
3081 4788 3111 4826 a
3132 4772 3265 4828 solis
3285 4785 3429 4825 anno
3455 4770 3586 4825 deﬁ-

2025 4868 2199 4929 ciens,
2231 4867 2456 4922 totidem
2483 4881 2629 4927 eum,
2664 4865 2810 4920 unde
2836 4877 3128 4934 progressa
3163 4873 3267 4926 est,
3294 4860 3584 4916 antevertit

2020 4956 2161 5010 diem
2191 4973 2207 5020 ;
2239 4955 2361 5010 ideo
2391 4969 2497 5008 non
2526 4963 2734 5009 certum
2771 4955 2933 5010 habet
2968 4968 3035 5008 ac
3062 4953 3227 5008 ﬁxum
3263 4953 3319 5007 in
3343 4966 3453 5007 uno
3478 4953 3582 5005 ali-

2019 5060 2149 5115 quo,
2176 5055 2230 5100 et
2258 5045 2399 5100 inter
2432 5055 2661 5100 czeteros
2694 5044 2988 5101 manifesto
3014 5060 3204 5101 mense
3232 5044 3583 5116 principium,

2020 5138 2114 5192 sed
2172 5137 2242 5192 ab
2289 5138 2544 5193 omnibus
2596 5137 2877 5206 aqualiter
2927 5137 3160 5207 incipit,
3213 5138 3358 5208 quod
3393 5152 3587 5194 omnes

2020 5229 2463 5299 retrogrediendo
2512 5230 2828 5299 singillatim
2875 5237 3147 5301 peragret,
3197 5229 3333 5285 adeo
3373 5238 3435 5284 ut
3485 5229 3587 5284 ob-

2021 5334 2242 5376 scurum
2274 5322 2367 5384 sit,
2409 5336 2511 5376 nec
2541 5321 2649 5374 ulla
2676 5331 2827 5375 certa
2865 5328 2988 5374 nota
3020 5320 3301 5375 deﬁnitum
3337 5321 3581 5381 initium,

2019 5428 2052 5469 a
2085 5428 2196 5487 quo
2240 5416 2538 5472 neomeniae
2578 5415 2723 5469 illius
2771 5416 3039 5470 oriantur.
3080 5414 3221 5469 Hinc
3253 5414 3584 5468 artiﬁciosus

2017 5507 2122 5562 iste
2166 5514 2454 5576 computus
2506 5521 2571 5560 ac
2619 5505 2909 5562 methodus
2956 5506 3247 5561 adhibetur
3287 5505 3580 5574 ejusmodi,

2017 5598 2073 5652 in
2088 5613 2193 5668 qua
2215 5608 2418 5669 septem
2441 5597 2713 5653 adduntur
2727 5597 3003 5653 etnbolimi
3029 5611 3242 5652 menses
3265 5614 3281 5651 :
3299 5593 3379 5649 uti
3401 5609 3588 5666 quem-

2845 5751 2889 5786 "
2924 5752 2965 5822 [ο
3000 5751 3096 5824 τὴν
3125 5751 3320 5826 ἀρχήν·
