4044 6220
365 233 506 294 1233

1181 235 1238 290 S.
1278 234 1534 291 MAXIMI
1570 234 1932 301 MARTYRIS
1969 237 2344 296 εοιιρυτυε
2379 237 2823 295 ECCLESIAST.

3473 241 3605 297 1251

376 357 479 411 Ἕκ
512 355 687 429 ποῖον
727 357 1053 429 Ῥωμαϊκὸν
1081 355 1248 429 μῆνα
1276 358 1422 429 ’[τό
1464 358 1815 429 Πασχάλιον
1839 377 1943 415 κα-

2047 360 2288 428 Quonam
2331 375 2395 413 ea:
2423 357 2658 429 Romano
2692 373 2866 415 meme
2894 357 3121 413 methodi
3161 355 3436 412 Paschalis
3467 360 3607 412 ordi-

433 425 768 488 νονίζουσι,
800 426 900 481 καὶ
940 425 1137 498 πάντα
1159 425 1238 482 τὰ
1274 425 1385 495 τῆς
1411 425 1680 496 σελήνης
1723 430 1851 498 ἐτη,
1888 434 1942 484 οι

430 498 918 562 πεηαπλοῦντες
939 497 1125 553 ταῦτα
1154 498 1253 551 καί
1275 499 1702 566 ἐξαπλοῦντες·
1717 499 1816 554 καὶ
1839 501 1943 556 πόα

429 568 552 635 θεν,
575 568 673 621 καὶ
707 566 851 633 πῶς,
896 568 995 621 καί
1025 569 1095 621 ὲν
1139 569 1331 635 ποίοις
1361 569 1523 623 ἔτεσι
1564 570 1940 624 πεντεκαιδε-

432 634 884 710 κάτηνεκαὶέἐξ
917 637 1313 710 καί-δεκάτην
1337 637 1417 710 ,ιδ’
1456 639 1783 709 ψηφίζουσι
1833 640 1941 696 τοῦ
2004 705 2010 710 ,

326 707 337 789 ξ
432 709 562 762 καθ’
603 708 900 778 Ἐϐραίους
926 707 1158 778 πρώτου
1185 709 1397 779 μηνός.

432 822 699 890 ICT.‘TOI;
722 820 779 875 δὲ
814 819 1180 876 πενταπλοῢσι
1205 819 1374 874 ταῦτα
1404 821 1499 875 καὶ
1531 819 1851 886 ἐξαπλοῦσιν
1882 820 1941 886 ἐξ

359 911 521 970 ἄλλου
564 913 872 984 Ῥωμαϊκοῦ
910 914 1095 986 μηνὸς,
1138 912 1283 982 λέγω
1328 912 1392 984 δὴ
1437 912 1530 966 τοῦ
1571 912 1935 984 Δεκεμϐρίουο

360 1003 471 1058 άπὸ
491 1003 601 1076 γὰρ
620 1004 721 1075 τῆς
743 1005 935 1059 τούτου
964 1005 1229 1077 τετάρτης
1265 1005 1575 1076 ποιούμενοι
1613 1007 1710 1077 τὴν
1742 1007 1937 1079 ἀρχὴν,

359 1094 457 1150 τοῦ
483 1095 583 1161 τὰς
601 1096 730 1161 ὅλας
759 1096 1051 1168 νεομηνίας
1087 1095 1217 1150 είσω
1245 1096 1437 1150 ἑαυτοῦ
1471 1097 1805 1169 κεκτημένου
1843 1115 1939 1170 μη-

359 1188 474 1253 νὸς,
499 1188 561 1242 τὺ
584 1187 735 1253 τέλος
764 1189 844 1253 εἰς
868 1189 981 1261 ’τὴν
1012 1188 1107 1243 τοῦ
1147 1182 1475 1261 Ἰανουαρίου
1515 1190 1753 1246 τίθενται
1789 1189 1939 1263 πρώ-

361 1294 481 1349 την.
512 1277 611 1331 ΚΘ¹
642 1277 752 1351 γὰρ
787 1278 881 1334 ἀπ’
907 1279 1119 1348 ἐκείνης
1157 1278 1317 1350 μέχρι
1348 1279 1552 1351 ταύτης
1577 1281 1702 1334 εἰσί.
1743 1282 1939 1354 Διόπερ

361 1370 429 1422 ὲκ
447 1368 650 1441 ταύτης
674 1368 760 1439 δὴ,
789 1368 933 1440 φημὶ
956 1369 1056 1439 τῆς
1076 1368 1169 1423 τοῦ
1207 1370 1534 1443 Ἰανουαρίου
1553 1371 1794 1443 πρώτης,
1829 1376 1937 1428 πᾶν

363 1457 593 1529 σελήνης
621 1458 995 1522 κανονίζοντες
1024 1458 1172 1523 ἔτος,
1210 1454 1326 1513 εἶτα
1357 1460 1444 1519 διὰ
1474 1461 1575 1531 τὴν
1611 1460 1703 1516 τοῦ
1747 1462 1937 1533 Πάσχα

360 1546 579 1617 ψῆφον,
623 1546 693 1602 τά
743 1547 851 1601 άπὸ
894 1547 1097 1619 ταύτης
1141 1548 1302 1619 μέχρι
1344 1548 1787 1620 συμπληρώσεως
1840 1548 1933 1603 τοῦ

360 1639 630 1711 Μαρτίου,
666 1640 775 1695 τῶν
808 1645 856 1707 L,’
886 1640 1127 1712 ἡμερῶν,
1168 1640 1429 1712 ἰσάριθμα
1468 1642 1786 1710 συνάγοντες
1813 1641 1937 1713 ἐξηε-

2116 432 2403 493 nationem,
2431 446 2494 483 ac
2525 428 2793 482 lunarium
2829 440 3091 481 annorum
3120 429 3441 498 putationem
3470 444 3609 498 repe-

2118 510 2230 554 tant
2257 541 2272 562 .
2319 502 2407 569 qui
2445 499 2538 554 hos
2585 499 2887 569 quinquies,
2928 499 3196 569 seriesque
3236 497 3604 566 multiplicant.

2117 570 2185 624 Et
2209 567 2363 626 unde.
2398 587 2460 623 ac
2484 567 2766 641 quomodo,
2791 578 2845 641 et,
2869 567 3056 639 quibus
3091 567 3144 622 in
3176 570 3329 623 annis
3351 569 3607 641 decimam

2113 642 2375 712 quintam,
2404 658 2467 712 ac
2497 638 2700 695 sextam
2733 638 2988 693 decimam
3019 648 3287 712 numerent
3310 654 3426 693 eam
3447 638 3605 705 diem,

2108 708 2226 781 quae
2248 713 2302 764 in
2330 709 2561 765 Iudaico
2588 726 2758 764 mense
2786 725 2963 763 revera
2990 720 3067 763 est
3095 708 3296 762 decima
3326 717 3539 779 quarta.

2113 822 2254 879 XVI.
2284 823 2385 890 Qui
2411 838 2584 880 annos
2600 824 2741 879 luna:
2765 821 3114 893 perquinque
3144 836 3209 876 ac
3230 836 3327 877 sex
3348 821 3607 892 multipli-

2040 923 2189 980 cant,
2213 915 2282 972 ab
2311 916 2484 971 altero
2518 930 2705 970 mense
2742 912 3055 969 methodum
3101 912 3329 980 ducunt,
3359 911 3609 969 videlicet

2041 1021 2071 1060 a
2115 1005 2419 1062 Decembri.
2488 1005 2650 1076 176
2699 1002 2834 1058 Nam
2884 1019 2914 1057 a
2970 1010 3167 1074 quarto
3210 1002 3373 1073 hujus
3420 1003 3608 1073 auspi-

2039 1104 2252 1162 cantes,
2282 1112 2522 1152 mensem
2558 1096 2733 1162 illum,
2760 1095 2856 1166 qui
2883 1094 3203 1150 neomenias
3234 1094 3291 1149 in
3327 1110 3387 1151 se
3416 1109 3609 1151 omnes

2038 1190 2442 1260 complectitur,
2481 1187 2738 1244 Kalendis
2782 1185 3059 1243 Ianuariis
3108 1186 3418 1242 terminant.
3472 1184 3609 1240 Sunt

2037 1280 2183 1335 enim
2230 1280 2298 1335 ab
2338 1279 2432 1334 illo
2465 1280 2529 1334 ad
2565 1279 2711 1334 hunc
2752 1293 2947 1335 novem
2981 1286 3033 1333 et
3063 1277 3252 1348 viginti
3295 1278 3429 1333 dies.
3462 1277 3611 1345 Quo-

2038 1373 2181 1428 circa
2221 1373 2395 1443 prima
2432 1371 2677 1427 Januarii
2718 1373 2837 1428 dies
2860 1371 3045 1442 regula
3072 1378 3158 1427 est
3196 1385 3463 1426 annorum
3492 1386 3611 1426 om~

2036 1460 2186 1516 nium
2251 1461 2440 1527 lunae;
2503 1460 2573 1517 ab
2629 1460 2816 1517 eadem
2866 1475 2995 1516 vero
3063 1468 3198 1531 quot
3236 1460 3304 1514 ad
3359 1461 3613 1518 ultimam

2037 1550 2215 1605 Martii
2258 1551 2375 1606 dies
2412 1560 2789 1614 numerantur,
2828 1551 2921 1622 qui
2969 1558 3098 1606 sunt
3126 1550 3447 1623 nonaginta,
3492 1552 3612 1608 toti-

2035 1643 2157 1698 dem
2188 1643 2259 1699 ob
2296 1640 2615 1699 Paschalem
2639 1651 2958 1715 computum
2982 1643 3325 1714 sexagesima
3353 1644 3616 1715 scrupula

363 1733 553 1797 κοστὰ,
588 1733 725 1805 μετὰ
768 1733 867 1804 τὴν
894 1735 975 1796 εἰς
1008 1732 1051 1785 λ’
1095 1732 1249 1787 λύσιν
1280 1732 1484 1787 τούτων
1520 1733 1583 1805 δὴ
1631 1733 1739 1787 τῶν
1779 1733 1945 1806 τριῶν

2045 1734 2306 1813 colligunt
2354 1754 2366 1789 :
2401 1745 2514 1789 tum
2547 1734 2819 1791 divisione
2865 1733 3033 1801 facta,
3064 1741 3120 1790 et
3160 1735 3387 1791 tricenis
3417 1735 3612 1793 diebus

366 1824 572 1898 μηνῶν,
614 1823 981 1897 ἡμισημέριον
1024 1826 1208 1890 αὐτοῖς
1268 1824 1736 1895 καταλιμπάνεται
1754 1866 1770 1892 ,
1822 1842 1941 1879 του-

362 1918 513 1974 τέστι
540 1918 582 1972 λ’
605 1917 888 1990 ἑξηκοστά.
910 1917 1128 1983 Τούτοις
1154 1912 1248 1972 οὖν
1278 1920 1391 1982 τοῖς
1413 1917 1456 1970 λ’
1486 1918 1792 1988 έξηκοστοῖς
1814 1935 1938 1980 συνο

362 2010 721 2081 εμσάλλοντες
761 2010 855 2063 καὶ
881 2010 950 2063 τά
970 2013 1091 2064 κατ’
1141 2010 1259 2074 ἔτος
1285 2009 1513 2064 ἕκαστον
1531 2011 1596 2063 ἐκ
1616 2008 1725 2063 τῶν
1751 2016 1790 2063 ε’
1814 2008 1938 2080 ἐξη-

362 2102 574 2159 κοστῶν
624 2101 965 2172 συναγόμενα
1013 2103 1175 2174 μόρια
1195 2141 1211 2166 ,
1266 2101 1363 2156 καὶ
1410 2088 1688 2166 ποιοῦντες
1731 2101 1942 2174 ἡμέραν

367 2195 498 2266 μίαν
516 2212 530 2226 ·
565 2195 724 2266 τυχὸν
749 2194 806 2248 δὲ
829 2196 923 2248 καὶ
948 2195 1105 2267 πρὸς,
1128 2195 1194 2250 ἄν
1216 2211 1341 2266 περ,
1372 2194 1448 2258 ὡς
1465 2194 1631 2257 είκὸς,
1654 2194 1750 2247 καὶ
1781 2193 1941 2265 μέχρι

362 2281 528 2338 τινῶν
566 2281 789 2355 ἡμερῶν
820 2282 916 2337 τοῦ
959 2284 1235 2356 Ἀπριλίου
1265 2284 1365 2356 τὴν
1403 2283 1584 2354 ψῆφον
1626 2284 1938 2339 ἐκτείνων

362 2372 454 2427 διὰ
489 2372 587 2445 τὴν
617 2373 711 2427 τοῦ
755 2374 946 2445 Πάσχα
1005 2374 1368 2446 παρέκϐασιν.
1423 2375 1656 2447 ’Δνάγκη
1700 2375 1808 2448 γάρ
1850 2377 1942 2430 καὶ

364 2464 569 2519 τούτων
611 2466 1005 2537 συλλαμϐάνειν
1046 2466 1115 2520 τά
1147 2466 1434 2538 έξηκοστά.
1471 2468 1762 2539 Συμὸαίνει
1808 2468 1943 2522 πάν-

365 2571 475 2620 τως
524 2557 719 2621 αὐτοὺς
767 2560 833 2629 τῇ
876 2557 977 2628 τῆς
1021 2559 1152 2629 μιᾶς
1188 2558 1403 2629 ἡμέρας
1449 2557 1482 2629 ἢ
1523 2558 1741 2613 καὶδύο
1772 2575 1943 2631 προσ-

365 2647 511 2722 θήκῃ
533 2649 601 2713 ’⁸,
626 2648 726 2719 τὴν
744 2648 839 2702 τοῦ
863 2648 1081 2721 πρώτου
1101 2650 1223 2704 καθ’
1258 2649 1539 2722 Ἐϐραίους
1562 2649 1728 2720 μηνὸς
1745 2649 1825 2715 ιδ’,
1848 2650 1942 2704 καὶ

369 2746 454 2804 ιε’,
494 2738 650 2811 ἣκαὶ
688 2747 783 2806 ις’.
817 2742 928 2795 Καὶ
969 2749 1028 2795 ιε’
1069 2742 1187 2813 μὲν,
1235 2743 1295 2797 ὲν
1337 2741 1549 2805 τούτοις
1588 2743 1700 2805 τοῖς
1744 2741 1939 2809 ἔτεσιν,

364 2826 479 2886 οἷον
520 2832 599 2904 τῷ
642 2833 898 2905 πέμπτῳ,
940 2836 1034 2888 καὶ
1085 2836 1247 2905 ἕκτῳ,
1281 2836 1376 2889 καὶ
1405 2833 1473 2899 ζ’,
1508 2835 1603 2889 καὶ
1637 2842 1707 2906 η’,
1739 2836 1834 2889 καὶ
1875 2835 1939 2903 0',

366 2926 464 2979 καὶ
508 2930 559 2985 ι’.
594 2926 689 2980 καὶ
716 2932 809 2989 ια’,
829 2929 924 2980 καὶ
962 2927 1050 2990 ιϐ’,
1084 2928 1178 2980 καὶ
1228 2934 1315 2995 ιγ’,
1349 2927 1444 2980 καὶ
1472 2926 1555 2991 ιδ’,
1593 2927 1687 2981 καὶ
1733 2934 1813 2991 ιε’,
1847 2927 1943 2980 κα)⁵

2044 1826 2099 1882 in
2132 1844 2347 1885 menses
2376 1828 2621 1900 singulos
2651 1829 2958 1900 imputatis,
2983 1829 3228 1901 reliquus
3251 1840 3335 1887 est
3358 1829 3612 1886 dimidia-

2044 1931 2132 1979 tus
2188 1924 2325 1992 dies,
2383 1939 2503 1994 quae
2551 1934 2680 1979 sunt
2734 1924 2991 1995 scrupula
3045 1924 3289 1996 triginta.
3348 1923 3430 1980 Ad
3492 1924 3617 1981 hac

2044 2014 2211 2084 igitur
2277 2014 2532 2082 scrupula
2599 2024 2782 2084 partes
2845 2015 2969 2071 illas
3038 2016 3261 2086 insuper
3319 2014 3607 2085 adjiciunt,

2042 2121 2164 2176 quae
2222 2121 2289 2162 ex
2338 2106 2580 2176 quinque
2633 2107 3023 2177 sexagesimis,
3078 2107 3145 2163 de
3194 2107 3392 2177 quibus
3442 2123 3619 2178 supra

2042 2197 2413 2259 meminimus,
2459 2197 2755 2253 exsistunt.
2788 2197 2867 2251 Ita
2906 2198 3025 2252 dies
3056 2199 3270 2269 integra
3302 2198 3609 2266 coniicitur,

2042 2302 2215 2358 eoque
2259 2288 2492 2359 amplius
2537 2288 2845 2357 interdum,
2889 2290 2962 2355 si,
3000 2290 3143 2361 quod
3197 2300 3280 2347 est
3320 2298 3617 2346 consenta-

2042 2395 2227 2444 neum,
2264 2380 2331 2434 ad
2375 2382 2494 2438 dies
2531 2382 2740 2452 aliquot
2783 2382 2850 2437 de
2892 2381 3093 2454 Aprilis
3136 2395 3323 2438 mense
3368 2381 3617 2437 calculus

2042 2472 2391 2543 provehatur,
2429 2481 2489 2527 ut
2530 2482 2642 2528 tum
2678 2474 2898 2538 accidit,
2935 2489 3058 2529 cum
3105 2472 3317 2532 Pascha
3351 2472 3611 2530 diffundi-

2026 2571 2153 2618 tur.
2203 2560 2357 2617 'I‘unc
2394 2563 2539 2618 enim
2599 2564 2690 2619 illa
2738 2578 2957 2635 quoque
2998 2565 3338 2635 sexagesima
3385 2579 3612 2622 necesse

2042 2660 2129 2708 est
2173 2666 2471 2711 assumere.
2517 2652 2599 2709 Ita
2649 2653 2708 2711 ﬁt
2744 2663 2826 2721 ut,
2871 2669 2981 2711 uno
3029 2654 3271 2713 alterove
3318 2656 3613 2726 superfuso

2042 2745 2414 2815 die,quartam
2435 2746 2700 2803 decimam
2719 2746 2927 2804 Judaici
2950 2747 3158 2805 mensis
3182 2755 3496 2819 computent
3513 2763 3607 2814 xv,

2043 2836 2130 2893 vel
2157 2852 2268 2893 xvi.
2291 2837 2563 2894 Decimam
2592 2840 2841 2911 quintam
2869 2855 3032 2911 porro
3055 2839 3207 2897 hisin
3235 2840 3392 2897 annis
3422 2850 3611 2897 nume-
3690 2900 3697 2910 ,

2045 2934 2190 2994 rant,
2206 2927 2420 2999 quinto,
2453 2938 2630 2996 sexto,
2655 2930 2911 3001 septimo,
2941 2938 3154 2995 octavo,
3178 2946 3345 2997 nono,
3374 2929 3609 2996 decimo,

367 3020 467 3080 ις’,
511 3000 575 3047 ’⁷³
615 3016 802 3070 καὶιθ¹
832 3034 845 3048 °
892 3017 951 3082 ἒξ
979 3017 1071 3071 καὶ
1103 3017 1334 3089 δεκάτην
1362 3018 1420 3072 δὲ
1451 3020 1509 3072 ὲν
1553 3018 1632 3089 τῷ
1676 3018 1943 3090 ἰσαρίθμῳ

2045 3000 2940 3084 undecimo,duodecimoadecimo
2957 3022 3138 3088 tertio,
3163 3020 3376 3079 decimo
3392 3030 3609 3092 quarto.

363 3078 499 3173 ἔτει,
528 3102 639 3163 οἷον
672 3108 749 3180 τῷ
780 3109 840 3174 ἐξ
884 3078 979 3163 καὶ
1017 3108 1260 3180 δεκάτῳ·
1291 3078 1658 3181 ’συμφωνοῦσι
1690 3110 1747 3164 δὲ
1769 3078 1942 3181 ’μόνον
1969 3093 1974 3125 ¹

2045 3107 2258 3165 decimo
2292 3110 2506 3180 quinto,
2537 3111 2750 3167 decimo
2765 3121 2942 3178 sexto,
2960 3127 3025 3169 ac
3045 3111 3257 3169 decimo
3276 3126 3440 3169 nono.
3475 3109 3609 3169 Sex-

365 3201 966 3274 τεσσαρεσκαιδεκάτην
1007 3202 1100 3255 καὶ
1152 3202 1308 3255 αὐτοὶ
1328 3242 1342 3264 ,
1374 3202 1473 3274 τὴν
1504 3203 1547 3255 δ’
1587 3203 1681 3256 καὶ
1713 3208 1746 3256 ι’
1776 3201 1944 3273 ψηφί-

367 3289 554 3355 ξοντες
578 3293 635 3345 ὲν
659 3292 838 3363 μόνοις
874 3292 1083 3356 τούτοις
1105 3295 1217 3357 τοῖς
1265 3299 1306 3345 ε’
1342 3292 1508 3354 ἔτεσι,
1540 3292 1618 3364 τῷ
1655 3310 1714 3347 τε
1746 3292 1945 3365 πρώτῳ

372 3386 500 3455 παρ’
537 3385 718 3449 αὐτοῖς
760 3384 960 3457 δηλαδὴ
997 3383 1353 3457 ψηφιζομένῳ
1375 3425 1389 3449 ,
1428 3386 1674 3456 τετάρτῳ
1719 3386 1777 3439 δὲ
1817 3386 1943 3457 παρ’

367 3475 504 3546 ἡμῖν
536 3476 875 3545 τυγχάνοντι,
902 3476 998 3529 καὶ
1022 3476 1100 3547 τῷ
1132 3476 1386 3546 δευτέρῳ,
1417 3476 1510 3529 καὶ
1537 3474 1615 3546 τῷ
1646 3482 1714 3544 γ’.
1743 3475 1838 3529 καὶ
1869 3474 1947 3545 τῷ

367 3567 433 3631 δ’,
462 3566 558 3619 καὶ
588 3572 674 3637 ιη’.
699 3565 917 3620 Τούτων
943 3564 1036 3619 οὖν
1076 3565 1247 3630 οὕτως
1286 3567 1535 3637 ἐχόντων,
1569 3565 1731 3635 ἡνίκα
1759 3567 1793 3637 ἠ
1832 3565 1946 3617 Κυ-

370 3655 569 3729 ριακῆς
607 3656 652 3686 ’⁵
698 3656 730 3726 ή
779 3656 819 3708 δ’
877 3657 971 3709 καὶ
1010 3663 1040 3707 ι’
1087 3654 1177 3709 τοῦ
1236 3654 1449 3728 πρώτου
1502 3655 1623 3710 καθ’
1667 3654 1949 3727 Ἑϐραίους

370 3746 690 3816 συναντήσοι
719 3746 907 3817 μηνὸς,
950 3747 1085 3818 πρὸς
1123 3747 1369 3819 ἀνάγκης
1404 3746 1588 3801 λοιπὸν
1617 3747 1789 3803 εἰκάδι
1827 3745 1947 3800 δευ-

368 3836 508 3910 τέρᾳ
529 3836 624 3890 τοῦ
667 3837 920 3907 φέγγους,
952 3837 1044 3890 καὶ
1072 3838 1246 3893 εἰκάδι
1273 3838 1430 3909 τρίτη
1453 3837 1694 3906 γίνεσθαι
1716 3836 1777 3889 τὸ
1808 3836 1949 3890 κατὰ

368 3929 609 4002 Χριστὸν
642 3930 867 4001 Πάσχα·
916 3930 1126 3994 τούτοις
1176 3930 1498 4003 παραλόγως
1535 3930 1827 4001 ψηφίζεται
1862 3929 1952 3984 διὰ

368 4021 472 4093 τὴν
519 4023 819 4094 εἰρημένην
856 4024 1055 4079 αἰτίαν.
1095 4023 1279 4078 Ταῦτα
1317 4026 1411 4080 καὶ
1449 4026 1576 4095 περὶ
1606 4024 1699 4078 τοῦ
1735 4028 1951 4096 Πασχα-

370 4114 488 4168 λίου
517 4115 704 4187 μηνὸς,
740 4117 834 4170 καὶ
864 4116 965 4187 τῆς
998 4111 1124 4187 περὶ
1172 4119 1271 4188 τὴν
1303 4102 1950 4189 τεσσαρεσκαιδεκαταίαν

370 4205 585 4279 πλάνης
622 4208 732 4261 τῶν
759 4206 900 4261 οὕτω
926 4207 1269 4280 ψηφιζόντων
1310 4209 1549 4281 εἰρήσθω
1578 4209 1648 4264 τά
1675 4210 1790 4264 νῦν.

373 4318 516 4388 Περί
538 4315 657 4371 τῶν
676 4318 871 4388 ᾗἈδὰμ
900 4317 1069 4377 ἐτῶν.
1090 4319 1252 4371 πόσα
1279 4335 1343 4372 τε
1369 4317 1669 4388 τυγχάνει,
1700 4319 1797 4373 καὶ
1825 4317 1951 4385 πῶς
1981 4360 1985 4365 .

2046 3210 2155 3257 tam
2214 3201 2479 3257 decimam
2534 3212 2716 3259 autem
2773 3208 2829 3259 in
2887 3205 3035 3260 anno
3062 3203 3277 3260 decimo
3315 3210 3491 3260 sexto.
3550 3200 3609 3258 In

2045 3301 2239 3363 quarta
2267 3290 2479 3346 decima
2504 3291 2743 3362 putanda
2780 3291 3067 3347 nobiscum
3108 3292 3164 3347 in
3204 3292 3362 3347 annis
3398 3298 3615 3346 tantum

2047 3387 2286 3454 quinque
2327 3384 2696 3449 consentiunt,
2736 3383 2988 3438 videlicet
3034 3384 3090 3438 in
3138 3383 3315 3455 primo
3347 3383 3609 3453 ipsorum,

2048 3476 2141 3546 qui
2201 3475 2360 3531 nobis
2409 3486 2495 3531 est
2538 3484 2788 3546 quartus,
2844 3475 3110 3543 secundo,
3164 3475 3345 3538 tertio,
3393 3482 3609 3546 quarto,

2028 3567 2261 3623 'decimo
2285 3575 2496 3622 octavo.
2523 3565 2622 3624 His
2650 3568 3067 3632 animadversis,
3097 3567 3312 3638 quoties
3341 3567 3395 3621 in
3432 3567 3614 3622 Domi-

2051 3658 2230 3712 nicam
2256 3665 2452 3728 quarta
2472 3658 2685 3713 de'cima
2714 3658 2874 3729 primi
2903 3657 3122 3714 Iudaici
3164 3660 3367 3714 mensis
3401 3658 3613 3725 incidit,

2054 3763 2284 3806 necesse
2315 3758 2402 3805 est
2445 3765 2734 3821 perperam
2778 3750 2922 3821 apud
2957 3752 3081 3805 illos
3116 3750 3484 3806 Christianum
3509 3745 3614 3803 Pa-

2052 3840 2183 3896 scha
2230 3840 2299 3895 ad
2344 3841 2639 3896 secundam
2676 3849 2730 3896 et
2778 3843 3118 3906 vicesimam,
3170 3849 3264 3895 aut
3301 3840 3613 3896 vicesimam

2049 3931 2267 3985 tertiam
2304 3929 2448 3986 diem
2488 3932 2697 3987 lunaris
2745 3931 2948 3986 mensis
3001 3930 3237 3996 extendi,
3294 3929 3452 3999 cujus
3490 3943 3618 3985 cau-

2052 4035 2167 4076 sam
2196 4031 2328 4077 ante
2344 4020 2700 4077 reddidimus.
2730 4019 3004 4077 Hactenus
3033 4020 3100 4077 de
3125 4020 3370 4078 Paschali
3406 4036 3612 4084 mense.

2024 4113 2228 4185 {deque
2270 4124 2478 4180 errore,
2531 4128 2694 4184 quem
2742 4113 2798 4167 in
2850 4125 3061 4185 quartae
3089 4113 3313 4170 decima:
3341 4107 3618 4183 putatione

2054 4203 2409 4258 committunt
2431 4203 2525 4275 qui
2555 4204 2630 4259 ita
2660 4213 2999 4276 computant»

2058 4314 2134 4371 De
2188 4317 2342 4372 annis
2393 4316 2588 4372 Adami
2654 4330 2903 4388 quamam
2952 4328 3216 4387 putentur,
3267 4325 3315 4371 et
3363 4312 3618 4388 quomodo

487 4389 521 4477 ι’
544 4386 743 4477 aqua,»
780 4385 905 4477 τὸδ’]¹
935 4406 996 4441 τε
1033 4390 1212 4477 ἠξίου
1239 4391 1342 4477 καὶ
1375 4385 1665 4477 σελήνης,
1704 4390 1802 4444 καί
1845 4389 1950 4443 τοῦ

2125 4402 2215 4455 per
2232 4387 2333 4470 .eos
2366 4388 2516 4455 solis,
2561 4385 2723 4454 ίιιηὰι,
2753 4408 2814 4442 ac
2846 4385 3033 4442 bisckrti
3059 4403 3286 4457 praesens
3328 4385 3498 4440 annus
3534 4385 3622 4440 in-

444 4458 755 4539 βισρξτου,
795 4459 861 4512 τὸ
880 4458 1276 4528 ἐνιστάμενον
1311 4458 1447 4525 ἔτος
1477 4461 1833 4527 εὑρίσκεται.

447 4573 548 4627 ΙΖ’.
582 4573 900 4641 Ἀναγκαῖον
951 4574 1007 4627 δὲ
1048 4573 1183 4645 πρὸς
1227 4574 1437 4637 τούτοις
1477 4573 1671 4627 είδέναι
1719 4573 1814 4627 καὶ
1862 4573 1955 4627 τὸν

376 4664 611 4736 ἀριθμὸν
652 4665 759 4718 τῶν
809 4666 916 4719 ἀπὸ
960 4665 1129 4735 Ἀδὰμ
1162 4664 1317 4718 ἑτῶν.
1356 4666 1505 4718 Εἰσὶν
1536 4661 1628 4719 οὖν
1673 4665 1813 4719 κατὰ
1855 4665 1954 4738 τὴν

373 4754 836 4827 ἐκκλησιαστικὴν
871 4754 1049 4825 ψῆφόν
1091 4771 1150 4807 τε
1189 4754 1282 4808 καὶ
1317 4754 1611 4827 παράδοσιν
1659 4753 1818 4825 μέχρι
1856 4756 1955 4826 τῆς

375 4846 680 4918 ἐνεστώσης
724 4846 781 4899 ιδ’
821 4844 1148 4909 ίνδικτιῶνος
1168 4883 1183 4908 ,
1221 4845 1373 4908 ἔτους
1419 4844 1499 4898 λα’
1539 4832 1640 4915 τῆς
1680 4844 1956 4915 βασιλείας

387 4936 710 5008 Ἡρακλείου
749 4937 842 4991 τοῦ
887 4936 1278 4991 εὐσεϐεστάτου
1316 4935 1473 5007 ἡμῶν
1518 4935 1811 5007 βασιλέως,
1859 4936 1952 5008 ἐτη

379 5028 575 5100 ,ςρλγ’.
638 5028 728 5100 Τῷ
760 5028 870 5098 γάρ
901 5028 1073 5083 ταῦτα
1114 5028 1355 5100 μερίζειν
1381 5030 1475 5082 καὶ⁹
1505 5027 1754 5082 ἀναλύειν
1792 5026 1953 5096 γινώ-

377 5136 593 5178 σκεται·
616 5122 711 5177 τοῦ
739 5140 799 5176 τε
843 5121 1019 5193 ἡλίου,
1051 5122 1145 5175 ml.
1182 5121 1284 5191 τῆς
1314 5120 1564 5193 σελήνης,
1603 5122 1698 5175 καὶ
1748 5118 1842 5173 τοῦ
1875 5120 1954 5189 βι-

378 5216 569 5284 σὲξτου
616 5215 678 5267 τὸ
709 5213 1057 5284 ἐνιστάμενον
1097 5213 1246 5277 ἔτος*
1292 5209 1402 5267 οἷον
1436 5213 1498 5266 τὸ
1548 5213 1644 5283 μὲν
1670 5211 1764 5265 τοῦ
1807 5211 1953 5285 ἡλίου

378 5310 497 5373 ἔτος
528 5308 616 5362 διὰ
656 5306 750 5361 τοῦ
800 5309 879 5369 είς
922 5313 1003 5377 κη’
1057 5304 1331 5379 μερίζεινο
1382 5307 1617 5361 τοσαῦτα
1659 5307 1787 5379 γάρ,
1836 5323 1957 5359 του-

376 5400 560 5454 τέστιν
597 5407 703 5470 κη’,
739 5398 807 5452 τά
847 5397 940 5450 τοῦ
984 5397 1136 5468 ἡλίου
1176 5398 1270 5467 ἔτη
1304 5397 1605 5468 καθέστηκε
1627 5416 1639 5428 ο
1674 5398 1736 5451 τὸ
1772 5398 1827 5452 δὲ
1859 5398 1957 5462 τῆς

380 5491 611 5562 σελήνης
633 5492 755 5554 ἔτος
794 5490 882 5544 διὰ
911 5490 1002 5543 τοῦ
1058 5492 1137 5553 εἰς
1180 5490 1244 5542 ιθ¹
1298 5489 1477 5543 πάλιν.
1526 5489 1741 5561 Ἐπειδὴ
1776 5490 1868 5544 καὶ
1890 5488 1958 5541 τὰ

469 5608 513 5639 τι
552 5607 654 5679 ,λθ

378 5679 475 5735 καὶ
502 5684 597 5740 ις’.
626 5678 686 5711 ί⁷⁵
714 5678 754 5740 f.
787 5679 886 5740 τῆς
920 5679 1058 5741 Κυρ.

663 5652 673 5661 .
712 5606 1101 5681 οἰόθιιινηκατά
1133 5608 1304 5673 ποῖον,
1340 5606 1416 5661 uel
1465 5607 1528 5661 ἐκ
1580 5606 1732 5660 ποίου
1785 5607 2098 5679 Ῥωμαϊκοῦ
2142 5610 2332 5681 μηνός.

2130 4458 2293 4513 veniri
2319 4469 2498 4529 queat.

2129 4568 2293 4623 XVII.
2319 4568 2589 4626 Praeterea
2615 4584 2838 4626 necesse
2865 4577 2947 4625 est
2975 4569 3119 4624 scire
3145 4582 3427 4623 numerum
3454 4581 3623 4621 anno-

2057 4677 2201 4726 rum,
2219 4664 2310 4732 qui
2328 4663 2396 4718 ab
2411 4663 2618 4718 Adamo
2638 4669 2972 4733 repetuntur.
2991 4659 3158 4732 Igitur
3171 4676 3239 4716 ex
3254 4657 3624 4715 ecclesiastico

2059 4756 2290 4818 calculo,
2324 4769 2387 4809 ac
2408 4755 2703 4810 traditione
2726 4755 2792 4808 ad
2819 4761 3139 4825 praesentem
3165 4751 3430 4807 decimam
3458 4757 3622 4821 quar-

2021 4923 2025 4928 .
2061 4854 2172 4900 tam
2206 4847 2558 4903 indictionem
2587 4847 2714 4902 anni
2740 4862 2869 4901 xxx:
2898 4844 3109 4916 imperii
3134 4842 3368 4900 Heraclii
3396 4840 3624 4913 piissimi

2061 4939 2235 4993 nostri
2278 4939 2649 5010 imperatoris,
2693 4939 2822 4993 anni
2866 4948 2994 4994 sunt
3031 4953 3085 4993 vn
3122 4950 3387 4992 ucxxxm.
3416 4934 3625 5001 Quibus

2060 5029 2255 5085 divisis
2284 5046 2349 5086 ac
2386 5031 2665 5097 resolutis,
2703 5046 2945 5101 praesens
2975 5044 3153 5084 anuus
3184 5029 3340 5092 solis,
3370 5027 3530 5093 lunae,
3562 5039 3625 5080 ac

2058 5122 2262 5177 bisexti
2309 5123 2581 5193 reperitur
2622 5124 2859 5179 :etenim
2893 5123 3024 5178 solis
3051 5136 3229 5177 annus
3269 5119 3623 5183 obtinebitur,

2063 5212 2107 5266 si
2145 5227 2414 5267 summam
2464 5229 2559 5282 per
2614 5230 2782 5268 nvm
2836 5214 3072 5284 partiare
3131 5232 3145 5268 :
3200 5211 3425 5267 totidem
3483 5210 3625 5266 enim

2066 5315 2216 5369 sunt,
2246 5305 2504 5360 nimirum
2539 5320 2706 5359 xxvm
2748 5306 2885 5377 cycli
2916 5306 3110 5362 solaris
3130 5305 3259 5360 anni
3287 5325 3299 5359 :
3324 5320 3501 5360 annus
3524 5303 3625 5358 ιιι-
3658 5295 3665 5301 ’

2066 5398 2285 5454 bebitur
2321 5398 2484 5462 lunae,
2534 5402 2578 5452 si
2622 5412 2718 5468 per
2755 5414 2848 5452 xIx
2894 5396 3164 5453 diviseris.
3197 5396 3330 5450 Nam
3378 5393 3624 5457 tetidem,

2067 5491 2146 5545 uti
2178 5490 2383 5547 dictum
2411 5500 2531 5554 est,
2563 5489 2708 5546 illius
2742 5488 2871 5544 anni
2912 5497 3058 5544 sunt.
3092 5487 3183 5544 Sic
3216 5482 3392 5544 annus
3425 5484 3625 5542 bisein

2432 5610 2477 5640 "’
2506 5606 2657 5663 Deest
2698 5604 2926 5662 verbum.
3023 5607 3068 5639 τ’
3097 5605 3385 5662 Delendum
3422 5600 3650 5659 videtur;
