4044 6220
479 304 500 361 1
513 301 619 360 Ξόὅ

479 420 652 472 divisa
696 423 906 468 summa
941 421 1038 478 per
1078 409 1316 473 quatuor
1343 395 1586 452 exsistet.
1618 389 1698 445 Ad
1740 388 1851 443 httn

477 513 607 564 dum
653 516 920 558 annorum
941 475 1153 553 iisdami
1196 489 1417 564 partitio
1453 482 1875 552 unumquodque
1914 475 2034 528 illo-

481 615 599 657 rum
633 595 876 661 indicat;
911 590 1055 662 quod
1085 595 1294 642 tantum
1345 590 1449 646 est,
1499 581 1734 647 quantus
1779 578 1862 626 est
1906 567 2034 622 resi-

480 693 709 746 duorum
737 660 1002 741 annOrum
1045 692 1324 734 numerus.
1359 671 1430 727 Ut
1463 670 1507 725 si
1539 684 1605 722 ex
1647 666 1737 717 illa
1769 660 2035 715 divisione

481 798 576 852 per
609 794 801 842 xxvm,
836 775 918 829 vel
955 789 1068 836 XIX,
1107 769 1187 824 vel
1226 783 1299 832 tv,
1328 761 1564 832 supersit
1595 770 1784 819 unum,
1830 751 2034 821 primus

481 890 602 930 esse
629 873 842 926 dicetur
872 866 1006 921 solis
1041 874 1236 923 annus,
1268 863 1360 909 aut
1392 855 1551 914 lume,
1585 849 1676 902 vel
1710 843 1904 901 bisexti
1939 840 2034 894 tali

483 964 795 1020 indictione.
841 958 933 1013 Sin
976 955 1083 1009 duo
1126 958 1348 1012 restent,
1399 940 1670 1000 secundus
1702 938 1803 993 erit
1835 947 2034 988 annus.

480 1055 554 1109 ita
598 1053 814 1114 tertius,
863 1048 908 1104 si
951 1045 1094 1109 tria;
1128 1056 1190 1094 ac
1231 1038 1484 1105 deinceps
1528 1045 1700 1100 usque
1751 1026 1816 1080 ad
1864 1037 2035 1076 annos

479 1160 672 1205 XIVIII,
714 1150 807 1195 aut
837 1154 950 1200 χιι,
989 1141 1080 1188 aut
1107 1148 1179 1185 tv.
1209 1130 1299 1184 Sic
1330 1139 1605 1194 congruus
1650 1128 1704 1174 et
1764 1116 1939 1169 iniens
1981 1115 2035 1165 in

482 1232 714 1304 singulis
736 1245 912 1285 annus
935 1221 1360 1294 inrestigabitur.

487 1513 666 1570 Altera
717 1509 874 1571 ratio,
919 1522 1021 1576 qua
1084 1517 1252 1556 annus
1301 1499 1450 1562 solis,
1499 1495 1660 1556 tame,
1718 1500 1807 1544 aut
1855 1488 2040 1542 bisextt'

1103 1581 1428 1626 numeratur.

554 1690 738 1746 XVIII.
771 1689 958 1745 Potest
991 1697 1045 1743 et
1088 1687 1192 1740 alio
1228 1682 1389 1738 modo
1420 1651 1563 1776 istud
1605 1675 1855 1731 inveniri.
2074 1717 2116 1776 Β

487 1786 532 1840 si
565 1787 688 1856 quis
718 1795 986 1839 summam
1020 1780 1165 1834 illaut
1197 1788 1462 1830 annorum
1484 1770 1646 1834 6,153
1668 1784 1762 1838 per
1783 1766 1885 1822 532
1906 1763 2040 1818 diri-

486 1879 598 1941 dat,
645 1875 861 1930 habebit
909 1873 1150 1941 integras
1182 1866 1436 1938 periodos
1480 1861 1728 1916 undecim
1773 1869 2035 1912 annorum

488 1968 610 2031 5'52,
637 1975 689 2020 et
721 1981 785 2019 ex
816 1961 1133 2019 duodecima
1167 1974 1340 2014 annos
1368 1956 1494 2010 281.
1523 1953 1634 2007 llos
1659 1952 1704 2006 si
1749 1964 1844 2019 per
1871 1961 2036 2002 xxvnt

487 2057 650 2113 simili
684 2057 896 2110 ratione
929 2052 997 2107 ad
1034 2047 1450 2120 consequendos
1486 2056 1658 2098 annos
1693 2040 1824 2095 solis
1849 2035 2036 2090 distri-

488 2149 618 2203 buat
653 2165 667 2200 :
703 2146 787 2199 vel
826 2159 922 2214 per
969 2157 1081 2204 χιι,
1135 2141 1203 2193 ob
1257 2139 1496 2191 lunarem
1546 2145 1744 2186 annum
1792 2125 1920 2181 :vcl
1963 2139 2036 2189 iv,

488 2239 556 2294 οἰ
630 2237 938 2300 bisextum;
996 2233 1186 2286 horum
1246 2225 1556 2297 singillatim
1613 2221 1878 2274 labentem
1941 2215 2041 2270 de-

489 2325 618 2396 pol:
653 2324 780 2378 nit-t
850 2336 1070 2376 annum.
1135 2319 1421 2386 Caeterum.
1466 2325 1724 2366 numerus
1778 2306 1880 2361 iste
1938 2303 2040 2360 552

490 2431 752 2471 annorum
803 2413 859 2466 tit
911 2410 1092 2465 ductis
1146 2408 1199 2461 in
1265 2422 1324 2462 se
1383 2414 1568 2458 mutuo
1614 2402 1754 2454 luna:
1794 2412 1857 2450 ac
1909 2396 2042 2450 solis

491 2507 668 2562 annis.
712 2502 842 2558 Nam
873 2503 987 2557 sive
1025 2516 1115 2554 XIX
1151 2513 1324 2552 annos
1361 2510 1456 2566 per
1492 2507 1659 2548 xxvnt
1691 2488 2038 2557 multiplices,

489 2599 603 2654 sive
632 2599 730 2651 hos
768 2611 862 2666 per
898 2594 1041 2650 illos.
1091 2603 1376 2645 numerum
1405 2585 1653 2641 ettmdem
1687 2582 1888 2636 efficies
1918 2578 2039 2634 552.

493 2690 582 2744 Sic
606 2688 770 2757 igitur
793 2684 1060 2754 patefacta
1090 2682 1320 2741 ratione.
1343 2693 1448 2748 qua
1476 2677 1530 2732 in
1553 2675 1710 2730 annis
1727 2674 1792 2728 ab
1813 2672 2042 2731 Adamo.

491 2783 580 2853 qui
623 2787 750 2836 sunt
788 2778 981 2843 (MSS;
1016 2784 1070 2830 et
1107 2776 1160 2828 in
1193 2773 1506 2828 duodecima
1537 2768 1781 2841 periodo,
1829 2766 1932 2820 hoc
1960 2773 2044 2820 est

493 2874 548 2927 in
597 2871 756 2926 annis
802 2870 920 2937 ejus
955 2868 1080 2929 281,
1117 2871 1423 2921 currentem
1465 2875 1664 2915 annum
1699 2859 1852 2922 solis,
1880 2858 2041 2918 lunae,

459 2979 558 3017 -ac
631 2961 826 3016 bisexti
903 2969 1233 3028 cognoscere
1306 2967 1654 3024 possumus;
1728 2945 2046 3019 exponenda

495 3052 749 3121 deinceps
800 3048 1080 3104 methodus
1143 3054 1247 3110 est,
1305 3059 1401 3114 per
1447 3057 1632 3113 quam.
1687 3038 1835 3110 quod
1886 3045 2117 3125 caputc

496 3152 600 3208 est,
635 3141 887 3197 introitus
920 3137 1247 3208 jejuniorum
1281 3135 1421 3189 diem
1451 3149 1514 3189 ac
1541 3129 1953 3188 resurrectionis
1995 3129 2048 3182 in

497 3235 682 3291 eodem
718 3248 921 3288 canone
945 3227 1426 3300 deprehendemus.

500 3515 903 3570 Demonstratur
930 3529 1034 3583 qua
1065 3511 1266 3583 ratione
1299 3507 1502 3562 Pascha
1528 3506 1806 3583 quotannis
1837 3518 2050 3571 compu-

907 3578 1012 3636 tari
1036 3597 1101 3636 ex
1122 3580 1216 3634 illo
1237 3593 1432 3633 canone
1457 3578 1641 3646 possit.

574 3755 711 3812 XIX.
744 3754 845 3811 Ubi
879 3771 973 3825 per
1003 3755 1172 3820 illam,
1207 3769 1369 3824 quam
1397 3768 1561 3824 supra
1593 3753 1830 3808 dilucide
1859 3767 2052 3821 propo-

501 3845 746 3911 suimus,
793 3845 1141 3916 computandi
1208 3843 1555 3909 methodum,
1599 3851 1708 3896 tam
1759 3843 2049 3899 instantem

501 3953 700 3992 annum
747 3937 889 3992 luna:
943 3936 1211 4005 repereris
1261 3935 1374 4004 (ut,
1405 3933 1632 4004 exempli
1669 3949 1870 3996 causa,
1903 3933 2051 3987 deci-

500 4044 645 4083 mum
704 4029 950 4098 quintum
1008 4028 1163 4098 177
1223 4026 1465 4096 proxime
1508 4023 1792 4079 futurum:
1839 4025 1928 4078 hic
1973 4030 2057 4078 est

499 4122 666 4185 enim,
695 4121 748 4174 in
781 4133 889 4190 quo
927 4119 1165 4173 salutare
1195 4117 1403 4170 Pascha
1445 4125 1734 4186 peragetur
1774 4116 1840 4169 ab
1876 4116 1941 4168 iis
1964 4115 2054 4184 qui

499 4210 767 4281 spirituali
814 4210 920 4263 ritu
965 4207 1114 4263 festa.
1144 4208 1462 4277 celebrant),
1498 4222 1662 4275 quam
1702 4206 1835 4260 solis
1865 4205 2054 4260 simili-

501 4314 581 4357 ter
613 4309 952 4370 sequentem.
986 4306 1177 4368 utputa
1217 4299 1471 4368 primum,
1505 4313 1663 4367 quem
1696 4297 1937 4367 proxime
1965 4311 2059 4351 su-

1461 279 1550 334 AD
1589 268 1852 330 EUSEBII
1891 252 2283 321 CIIRONICON
2326 241 2685 304 APPENDIX.

1855 401 1885 439 c
1917 399 2034 437 mo-
2065 386 2108 440 Α
2135 371 2339 434 ταύτης
2371 363 2627 426 τοσαῦτα,
2655 356 2834 415 καθὼς
2873 353 3026 422 ἔφην,
3053 345 3209 440 εἰσιν.
3244 341 3400 440 ρῦτι»
3427 337 3607 440 δίκαι
3640 335 3703 389 τὸ

3561 222 3700 277 I236

2133 461 2227 516 τοῦ
2258 429 2503 530 βισέξτου
2525 452 2612 507 διά
2635 448 2728 503 τοῦ
2773 449 2852 508 εἰς
2889 437 3137 512 τετράδα.
3173 434 3270 530 Atti
3309 431 3420 501 γάρ
3449 429 3547 498 τῆς
3574 429 3704 530 dva-

2133 557 2338 617 λύσεως
2408 550 2513 604 τῶν
2560 546 2665 600 ἀπὸ
2727 541 2897 609 Ἀδὰμ
2939 533 3074 588 ἑτῶν
3126 528 3449 601 γινώσκεται
3498 520 3704 576 τούτων

2133 652 2361 704 ’ἑκαστον
2408 645 2581 696 ἐκεῖνο
2630 634 2813 704 σαφῶς
2862 629 3101 699 ὑπάρχον
3151 623 3214 676 τὸ
3266 618 3547 690 ἰσάριθμον
3596 612 3708 667 τῶν

2137 735 2599 807 ὑπολειπομένων·
2629 728 2764 782 ἐτῶν
2786 743 2798 756 ·
2827 718 2959 784 οἷον,
3007 721 3056 772 εἰ
3097 718 3194 787 μὲν
3228 714 3284 767 ἓν
3327 710 3591 780 ἁπομένοι
3620 705 3709 759 διὰ

2135 832 2233 901 τῆς
2269 831 2348 891 εἰς
2393 799 2504 895 κη’,
2558 822 2591 892 ἢ
2633 819 2716 882 ιϐ’,
2761 817 2794 887 ἢ
2833 815 2911 876 εἰς
2954 807 3184 880 τετράδα
3231 802 3568 862 ἁναλὺσεως’
3625 799 3709 850 ὅτι

2138 890 2350 993 πρώτόν
2382 890 2499 970 ἐστι
2537 890 2599 967 τό
2640 907 2982 976 ἐνιστάμενον
3023 900 3118 954 τοῦ
3156 895 3383 968 ήλίου,ἣ
3416 893 3515 961 τῆς
3549 890 3710 960 σελη-

2136 1013 2324 1085 νης,ῆ
2379 1009 2474 1062 τοῦ
2515 1003 2768 1075 βισέξτουν
2800 997 2941 1052 κατὰ
3001 992 3157 1064 τήνδε
3222 989 3319 1059 τὴν
3384 983 3710 1052 ἐπινέμησιν

2137 1075 2252 1166 ἔτος
2274 1117 2288 1131 ο
2314 1075 2368 1152 ἐἰ
2401 1099 2456 1150 δὲ
2485 1096 2597 1157 δύο,
2625 1095 2706 1145 ὅτι
2734 1089 2983 1158 δεύτερον
3003 1100 3016 1113 ·
3047 1082 3188 1135 οὓτω
3205 1080 3262 1133 δὲ
3282 1079 3374 1131 καὶ
3400 1082 3469 1143 γ’,
3503 1075 3596 1126 ἐάν
3622 1079 3668 1138 γ
3690 1087 3705 1098 '

2138 1164 2244 1247 και
2264 1189 2496 1258 καθεξῆς
2526 1185 2685 1256 μέχρι
2709 1180 2815 1234 τῶν
2853 1175 3013 1246 κη’,ιῆ
3041 1173 3124 1235 ιϐ’,
3154 1171 3187 1241 ἦ
3210 1169 3316 1222 τῶν
3344 1167 3384 1219 δ’
3410 1164 3566 1218 ἑτῶν.
3601 1164 3710 1215 Καὶ

2137 1281 2278 1336 οὕτω
2320 1280 2382 1333 τὸ
2428 1253 2732 1349 πρόσφορον
2787 1269 2881 1322 καὶ
2915 1262 3261 1332 ἐνιστάμενον
3321 1257 3436 1319 ἔτος
3478 1253 3709 1306 ἑκάστου

2137 1375 2340 1428 τούτων
2363 1366 2794 1438 διαγινώσκεται.

2139 1484 2272 1550 Πῶς
2307 1484 2508 1546 ἄλλως
2539 1478 2605 1532 τὸ
2637 1476 2770 1550 ἕτρς
2784 1471 2900 1550 τοᾷ
2918 1470 3135 1550 fallor},
3155 1458 3710 1550 καίψτῆςνσελήνης,

2468 1532 2566 1603 καὶ
2619 1545 2722 1599 τοῦ
2746 1532 3050 1608 ’βισέξτου
3099 1532 3430 1605 ψηφίζεται.

2215 1665 2320 1718 IH'.
2339 1659 2562 1715 Ἕστιδὲ
2592 1655 2749 1708 πάλιν
2774 1648 2945 1704 ταῦτα
2967 1643 3221 1717 ψηφίξειν
3251 1643 3343 1696 καὶ
3371 1638 3492 1693 καθ’
3526 1638 3717 1706 ἕτερον

2145 1756 2358 1826 τρόπον.
2380 1753 2440 1805 Εἰ
2462 1751 2566 1818 γάρ
2586 1763 2666 1808 τις
2699 1744 2766 1797 τά
2787 1739 2923 1794 αὐτὰ
2958 1737 3126 1809 ,ςρλτ
3143 1731 3465 1826 ἕτημερίσει
3489 1731 3568 1792 εἰς
3596 1725 3714 1797 φλβ⁰

2143 1819 2258 1915 ἔτη,
2285 1843 2502 1914 εὑρήσει
2543 1842 2609 1890 ια’
2647 1834 2744 1905 μὲν
2767 1830 3045 1902 περιόδους
3067 1826 3172 1880 ἀπὸ
3205 1824 3320 1893 (ρλβ’
3346 1821 3480 1875 ἑτῶν
3508 1819 3706 1873 τετελεο

2147 1911 2364 2005 σμένας,
2389 1931 2484 2001 τὴν
2500 1928 2556 1982 δὲ
2570 1921 2985 1991 δυοκαιδεκάτην
3007 1918 3229 1988 ἔχουσαν
3250 1915 3342 1983 ἐτη
3371 1919 3514 1967 am’.
3529 1911 3712 1966 Ταῦτα

2145 2002 2239 2078 οὖν
2259 2025 2324 2077 τὰ
2347 2028 2475 2075 σπα⁸
2515 2017 2654 2072 κατὰ
2680 2016 2769 2068 τὸν
2812 2014 2994 2082 ὅμοιον
3039 2009 3234 2080 τρόπον
3260 2009 3339 2069 εἰς
3375 2011 3461 2074 κη’
3498 2003 3588 2056 διὰ
3625 2002 3718 2055 τὸν

2144 2113 2314 2182 ἥλιον,
2351 2111 2382 2180 ἢ
2409 2110 2487 2171 εἰς
2522 2105 2585 2159 ιθ¹
2617 2104 2702 2156 διὰ
2731 2101 2826 2172 τὴν
2852 2099 3103 2170 σελήνην,
3133 2097 3211 2158 εἰς
3242 2094 3480 2164 τέσσαρα
3508 2091 3595 2144 διὰ
3627 2091 3718 2142 τὸν

2149 2202 2381 2274 βίσεξτον
2413 2198 2758 2271 μεριζόμενα,
2787 2191 2987 2246 τούτων
3026 2190 3250 2242 ἑκάστου
3275 2186 3337 2239 τὸ
3370 2185 3728 2254 ἐνιστάμενον

2147 2296 2262 2359 ἔτος
2292 2296 2432 2346 ποιεῖ
2469 2292 2686 2352 πάντως
2711 2283 3091 2354 γινώσκεσθαι.
3121 2279 3201 2333 Τὰ
3229 2279 3286 2333 δὲ
3315 2277 3430 2348 (ρλβ’
3454 2277 3546 2347 ἔτη
3575 2277 3716 2328 κατὰ

2149 2383 2462 2456 συμπλοκὴν
2507 2381 2744 2450 γίνονται
2772 2375 2878 2429 τῶν
2924 2391 2983 2428 τε
3006 2374 3102 2443 τῆς
3140 2371 3364 2441 σελήνης
3403 2368 3539 2421 ἐτῶν
3581 2367 3714 2437 πρὸς

2147 2477 2214 2530 τά
2240 2476 2332 2529 τοῦ
2367 2475 2540 2546 ἡλίου,
2574 2469 2794 2524 καὶτῶν
2841 2466 3030 2520 τούτου
3057 2463 3189 2536 πρὸς
3225 2463 3294 2514 τά
3325 2459 3556 2528 ἐκείνης.
3594 2457 3716 2510 Εἴτε

2148 2567 2256 2638 γὰρ
2304 2535 2473 2619 τὰίθ¹
2509 2535 2620 2626 τοῖς
2652 2568 2737 2632 κη’
2777 2535 3119 2616 συντεθῶσιν,
3149 2553 3256 2607 εἴτε
3302 2552 3371 2605 τὰ
3404 2559 3491 2623 κη’
3522 2554 3631 2613 τοῖς
3651 2535 3716 2602 ιϐ’

2151 2637 2526 2728 συμπλακῶσι,
2557 2653 2646 2706 τὸν
2673 2649 2903 2722 ἀριθμὸν
2937 2647 3043 2701 τῶν
3079 2645 3196 2715 (ρλβ’
3233 2641 3365 2694 ἐτῶν
3417 2637 3719 2711 ἐκπληροῦ-

2153 2764 2256 2804 σιν.
2304 2747 2486 2810 Οὕτως
2539 2740 2632 2797 οὖν
2665 2739 2961 2810 δειχθέντος
3007 2737 3096 2790 διά
3140 2754 3198 2789 τε
3243 2734 3350 2786 τῶν
3403 2732 3511 2785 ἀπὸ
3549 2730 3720 2800 ’Δδᾶει

2151 2839 2308 2901 ἐτῶν,
2333 2838 2496 2908 ἤγουν
2521 2835 2628 2888 τῶν
2659 2832 2831 2903 ,ς-ρλγ⁹
2861 2831 2947 2884 διά
2967 2846 3025 2881 τε
3054 2828 3152 2898 τῆς
3183 2823 3482 2892 ἐνεστώσης
3501 2821 3717 2874 δυοκαι-

2151 2930 2381 2999 δεκάτης
2431 2925 2702 2997 περιόδου,
2734 2922 2980 2976 τουτέστι
3027 2920 3136 2974 τῶν
3189 2925 3334 2979 and,
3385 2915 3479 2968 τοῦ
3515 2913 3718 2986 τρόπου

2154 3019 2274 3074 καθ’
2301 3019 2366 3072 ὃν
2390 3020 2449 3071 τὸ
2472 3017 2819 3086 ἐνιστάμενον
2841 3013 2931 3068 τοῦ
2960 3029 3020 3065 τε
3052 3010 3204 3082 ἡλίου
3231 3009 3323 3063 καὶ
3345 3008 3444 3075 τῆς
3467 3006 3719 3074 σελήνης,

2151 3109 2367 3163 καὶτοῦ
2411 3108 2650 3179 βισέξτου
2673 3106 2792 3168 ἔτος
2833 3102 3190 3172 γινώσκεται·
3227 3100 3491 3171 προσήκει
3536 3096 3722 3148 λοιπὸν

2149 3199 2419 3264 ὑποδεῖξαι
2449 3199 2546 3268 τὴν
2577 3197 2812 3268 μέθοδον.
2835 3195 2892 3262 ἐξ
2915 3191 2982 3266 ἦς
3014 3194 3112 3263 τὴν
3143 3191 3482 3263 κυριωτάτην
3507 3188 3723 3257 ἡμέραν

2148 3293 2246 3362 τῆς
2271 3291 2678 3362 παρεισσάσεως
2716 3289 2809 3342 καὶ
2844 3289 2942 3358 τῆς
2966 3284 3312 3344 ἀναστάσεως
3351 3283 3415 3333 ὲκ
3443 3279 3597 3333 τοῦδε
3628 3277 3723 3330 τοῦ

2152 3382 2395 3435 κανονίου
2423 3379 2700 3450 συντόμως
2731 3377 3054 3432 καταλαϐεῖν
3085 3375 3153 3430 ⁷³.

2163 3493 2495 3560 Ἀπόδειξις
2537 3491 2643 3546 τοῦ
2691 3493 2933 3558 τρόπον,
2989 3489 3116 3542 καθ’
3149 3487 3220 3560 ὃν
3266 3503 3376 3560 τις.
3394 3483 3474 3560 Δτὸ
3510 3482 3723 3560 Πάσχα

2221 3567 2350 3618 καθ’
2381 3553 2639 3618 ἓᾶιάστον
2679 3553 2811 3616 ἔτος
2851 3559 3126 3629 ψηφίζειν
3164 3559 3231 3611 ἐκ
3276 3553 3448 3609 τοῦδε
3485 3554 3593 3607 τοῦ
3623 3569 3723 3605 και

2219 3635 2424 3688 νονίου
2450 3632 2795 3701 δυνήσεται.

2222 3744 2324 3801 ῙΘ’.
2367 3741 2764 3814 Εὑρισκομένου
2814 3741 2990 3794 τοίνυν
3031 3739 3125 3793 διὰ
3151 3737 3250 3807 τῇς
3285 3735 3549 3809 εὐκρινῶς
3582 3736 3724 3787 ἀνω-

2156 3839 2299 3910 τέρω
2340 3835 2596 3908 ρηθείσης
2629 3833 2809 3903 ψήφου
2849 3831 2942 3884 τοῦ
2975 3848 3034 3884 τε
3065 3829 3353 3891 ἐνεστῶτος
3377 3829 3476 3898 τῆς
3498 3827 3726 3899 σελήνης

2154 3930 2304 3993 ἔτους
2351 3927 2504 3998 (φέρε
2551 3927 2723 3978 εἰπεῖν
2761 3923 2834 3986 ὡς
2877 3923 2969 3975 ἐπὶ
3013 3920 3107 3975 τοῦ
3160 3921 3382 3972 εἰσιέναι
3443 3919 3727 3988 μέλλοντος

2156 4019 2632 4075 πεντεκαιδεκάτου
2653 4031 2666 4044 ’
2689 4013 2844 4068 τοῦτο
2865 4015 2972 4083 γὰρ
3012 4013 3242 4085 ὑπάρχει
3274 4012 3333 4065 τὸ
3373 4013 3433 4065 ὲν
3461 4004 3507 4078 ᾧ
3547 4010 3725 4081 μέλλει

2155 4113 2217 4166 τὸ
2248 4113 2512 4182 σωτήριον
2540 4109 2728 4177 Πάσχα
2753 4106 3022 4159 τελεῖσθαι
3043 4107 3154 4169 τοῖς
3190 4103 3570 4174 πνευματικῶς
3596 4102 3719 4171 ἐορ-

2156 4204 2462 4273 τάζουσιν)’
2491 4195 2608 4254 εἶτα
2657 4198 2818 4252 πάλιν
2877 4198 2969 4250 καὶ
3025 4195 3115 4249 τοῦ
3169 4195 3392 4248 εἰσιέναι
3445 4191 3715 4262 μέλλοντος

2158 4298 2308 4360 ἔτους
2356 4296 2454 4366 τῆς
2506 4293 2730 4362 σελήνης
2768 4292 2814 4321 ⁷⁸
2860 4289 3280 4358 γινωσκομένου,
3331 4285 3564 4339 τουτέστι
3616 4282 3708 4336 τοῦ

500 4410 626 4448 mus
666 4393 960 4463 ingressuri
1011 4410 1024 4446 :
1067 4405 1247 4459 quaere
1293 4390 1346 4443 in
1397 4390 1586 4444 dextro
1632 4389 1856 4444 canonis
1891 4388 2050 4443 latere

2160 4387 2373 4461 πρώτου
2395 4404 2406 4413 ·
2435 4385 2591 4438 τοῦτο
2632 4383 2740 4452 γάρ
2786 4382 2907 4434 ἐστι
2949 4378 3008 4432 τὸ
3042 4378 3420 4450 εἰσερχόμενον
3440 4395 3452 4408 ο
3481 4376 3555 4429 δεῖ
3577 4374 3715 4428 κατᾶ

499 4499 715 4539 versum
757 4484 810 4536 in
851 4498 959 4552 quo
992 4481 1130 4536 idem
1182 4481 1271 4534 ille
1319 4496 1496 4534 annus
1540 4479 1786 4533 decimus
1832 4477 2058 4548 quintus

501 4575 776 4642 ascriptus
837 4581 922 4628 est
970 4592 982 4626 :
1028 4585 1093 4626 ac
1135 4571 1178 4626 si
1225 4570 1365 4624 diem
1415 4571 1591 4638 ipsum
1643 4569 2061 4627 resurrectionis

503 4678 665 4718 nosse
696 4662 879 4723 libeat,
913 4659 1238 4732 quaerendus
1277 4669 1359 4714 est
1399 4657 1677 4713 Romanus
1713 4659 1933 4722 mensis,
1966 4661 2057 4729 qui

501 4771 565 4812 ex
596 4755 826 4810 adverso
865 4753 1059 4809 decimi
1090 4753 1264 4822 quinti
1304 4752 1429 4806 anni
1470 4751 1678 4805 lunaris
1716 4751 1768 4806 in
1813 4753 2058 4821 proximo

503 4857 632 4901 tota:
663 4860 872 4901 canone
900 4847 1039 4906 situs
1059 4853 1144 4900 est
1176 4863 1188 4898 :
1217 4860 1374 4914 quem
1402 4843 1637 4913 Aprilem
1664 4859 1786 4899 esse
1805 4844 2056 4912 reperies.

502 4939 626 4994 Mox
691 4937 757 4992 ad
831 4937 1078 4992 eumdem
1149 4934 1511 4991 adlimrentem
1573 4933 1759 4998 diem,
1811 4935 2063 4989 videlicet

503 5031 776 5086 Kalendas
826 5030 1066 5100 colliges,
1119 5029 1377 5099 quoniam
1423 5026 1638 5098 quidem
1684 5028 1739 5082 in
1794 5026 2062 5088 Kalendas

505 5124 718 5194 Apriles
753 5124 882 5179 luna
922 5137 1014 5174 xiv
1052 5121 1260 5175 Judaici
1300 5119 1464 5174 Nisan
1503 5119 1702 5174 incidet
1751 5135 1892 5176 anno
1923 5120 2062 5174 lunae

506 5231 592 5268 xv.
627 5215 706 5269 Ad
752 5213 895 5266 hunc
941 5213 1172 5280 primum
1210 5211 1410 5281 Aprilis
1451 5211 1590 5267 diem
1633 5209 1890 5266 addenda;
1937 5219 2066 5265 sunt

502 5307 704 5370 enecta:
742 5302 986 5371 proxime
1015 5301 1294 5371 sequentis
1331 5300 1457 5358 anni
1503 5301 1656 5361 solis,
1685 5316 1844 5371 quem
1880 5303 2059 5370 proxi-

507 5407 651 5445 mum
691 5406 816 5446 esse
867 5390 1108 5452 diximus
1153 5409 1168 5446 :
1213 5406 1289 5446 eae
1315 5398 1442 5446 sunt
1474 5407 1571 5455 vn,
1605 5390 1670 5444 ad
1702 5391 1934 5460 primum
1973 5407 2063 5445 an-

507 5497 634 5536 nmn
665 5485 794 5534 solis
831 5483 1116 5536 adnotatas.
1150 5480 1224 5534 Ita
1271 5481 1460 5536 divisis
1487 5497 1583 5535 vm
1620 5497 1714 5552 per
1752 5499 1850 5544 vn,
1892 5482 2060 5537 relin-

578 5639 626 5679 ‘V'
658 5637 808 5692 Deest
837 5639 960 5690 δυντ
976 5637 1194 5707 σόμεθα.
1274 5639 1318 5670 τε
1352 5635 1456 5687 Γω-
1505 5636 1674 5705 ἡλίου.

2161 4479 2312 4543 τάξιν
2337 4476 2540 4530 ἐπιδεῖν
2566 4477 2623 4528 ὲν
2651 4474 2729 4545 τῷ
2759 4472 2916 4544 δεξιῷ
2945 4472 3099 4543 μέρει
3133 4470 3227 4523 τοῦ
3270 4470 3514 4523 κανονίου
3538 4467 3598 4520 τὸ
3631 4481 3720 4518 σε·

2165 4575 2348 4636 λιδιον,
2372 4575 2429 4626 ὲν
2463 4565 2508 4640 ᾧ
2530 4571 2972 4640 καταγέγραπται
2996 4566 3055 4620 τὸ
3090 4564 3221 4619 αὐτὸ
3245 4559 3722 4615 πεντεκαιδέκατον

2161 4668 2297 4730 ἔτος.
2329 4665 2435 4718 Καὶ
2460 4666 2508 4717 εἰ
2543 4664 2642 4736 μὲν
2678 4661 2846 4732 αὐτὴν
2868 4660 2966 4731 τὴν
2988 4655 3351 4724 άναστάσιμον
3375 4651 3566 4723 ἑορτὴν
3595 4647 3725 4702 εἰδέα

2159 4778 2246 4812 ναι
2273 4758 2520 4828 θέλομεν,
2554 4757 2644 4809 τὸν
2669 4756 2786 4808 κατ’
2828 4753 2955 4806 εὐθὺ
2987 4748 3080 4804 τοῦ
3117 4744 3602 4800 πεντεκαιδεκάτου
3631 4741 3724 4809 τῆ,

2155 4849 2393 4920 σελήνης
2425 4850 2674 4920 κείμενον
2721 4847 2872 4908 ἔτους
2931 4839 3234 4911 Ῥωμαϊκὸν
3272 4837 3416 4908 μῆνα
3462 4833 3725 4906 ζητοῦμεν

2165 4945 2222 4995 ἐν
2265 4941 2343 5012 τῷ
2383 4940 2730 5012 πλησιάζοντι
2777 4937 2854 5007 τῷ
2890 4933 3065 5007 τροχῷ
3088 4929 3319 5000 κανονίῳ
3343 4946 3356 4958 ο
3408 4929 3502 4981 καὶ
3543 4927 3726 4979 τοῦτον

2165 5032 2504 5102 εὑρίσκοντες
2539 5027 2807 5098 Ἀπρίλιον
2831 5027 2978 5088 ὄντα,
3008 5023 3104 5094 τὴν
3143 5017 3551 5091 παρακειμένην
3582 5015 3730 5085 αὐτῷ

2168 5120 2445 5182 ποσταίαν,
2465 5120 2631 5190 ῆγουν
2661 5117 2757 5187 τὴν
2776 5115 2996 5186 πρώτην
3021 5111 3327 5184 κρατοῦμεν
3346 5127 3360 5140 ·
3384 5107 3571 5179 ἐπειδὴ
3590 5106 3728 5160 κατὰ

2165 5209 2368 5278 ταύτην
2384 5208 2481 5279 τὴν
2511 5207 2730 5280 πρώτην
2756 5205 2848 5260 τοῦ
2889 5204 3161 5275 Ἀπριλίου
3188 5201 3354 5272 μηνὸς
3377 5203 3410 5270 ἡ
3433 5200 3496 5254 δι’
3519 5199 3726 5268 γίνεται

2165 5302 2256 5355 τοΞ
2287 5301 2536 5371 ιρέγγους,
2572 5301 2734 5372 ἤγουν
2767 5295 2859 5350 τοῦ
2894 5295 3105 5368 πρώτου
3140 5293 3259 5347 καθ’
3302 5291 3584 5361 Ἑϐραίους
3626 5305 3724 5358 μηο

2168 5393 2275 5457 νὸς,
2317 5391 2458 5460 λέγω
2494 5391 2558 5463 δὴ
2602 5391 2695 5444 τοῦ
2738 5389 2930 5442 Νισάν.
2965 5387 3120 5440 Κατὰ
3147 5385 3207 5438 τὸ
3247 5385 3378 5438 αὐτὸ
3413 5390 3474 5435 ει’
3499 5383 3616 5444 ἔτος
3641 5380 3725 5432 ἀεὶ

2168 5484 2264 5556 τῆς
2313 5483 2538 5553 σελήνης
2575 5483 2666 5535 καὶ
2714 5481 3051 5550 ἐμϐάλλομεν
3087 5480 3220 5548 αὐτῇ
3274 5479 3336 5547 τῇ
3397 5474 3582 5545 πρώτῃ
3635 5471 3726 5522 τοῖι
