4044 6220
347 186 488 244 1257

1149 191 1208 250 S.
1247 189 1495 249 MAXIMI
1537 191 1900 251 MARTYBIS
1931 193 2312 253 COMPUTUS
2350 193 2786 253 ECCLESIAST.

3434 197 3570 252 1238

358 302 636 375 ’Δπριλιου
658 305 755 368 τὰς
769 305 1006 369 ἐπακτὰς
1025 305 1119 360 τοῦ
1139 308 1364 363 εἰσιέναι
1379 309 1662 381 μέλλοντος
1690 311 1916 383 ἡλιακοῦ

2019 315 2210 385 quitur
2243 329 2284 380 ι,
2315 329 2382 368 ex
2417 328 2526 382 qua
2569 312 2760 368 feriam
2791 314 3172 384 cognoscimus
3215 310 3579 368 Kalendarum

343 394 518 457 ἔτους,
550 394 715 464 ήγουν
750 395 842 448 τοῦ
881 395 1116 469 πρώτου,
1147 399 1238 452 τὸν
1270 400 1497 472 ἀριθμὸν
1524 401 1688 467 οὔσας
1716 404 1781 468 ζ’,
1820 406 1914 459 καὶ

341 488 400 540 ἐν
426 484 577 555 αὐτῷ
601 485 677 556 τῷ
707 485 906 558 πρώτῳ
934 488 1042 541 ἔτει
1067 490 1160 543 τοῦ
1187 490 1335 562 ήλίου
1361 494 1907 566 καταγεγραμμένας.

341 575 526 639 Οὕτως
567 573 659 630 οὖν
685 577 782 642 τάς
813 586 864 649 η’
893 579 1186 652 μερίζομεν
1221 585 1301 646 είς
1335 581 1378 648 ζ’
1399 600 1413 615 ·
1445 585 1536 638 καὶ
1561 586 1626 638 ἐκ
1651 585 1750 655 τῆς
1778 584 1910 639 ὑπο⁶

341 666 748 739 λιμπανομένης
796 671 924 740 μιᾶς
945 671 1157 744 ήμέρας
1193 673 1530 745 γινώσκομεν
1556 676 1653 746 τὴν
1686 675 1913 747 ἑϐδομα-

342 757 512 830 ῐικὴν,
546 757 622 822 ὼς
642 761 832 832 πρώτη
863 762 1200 835 καθέστηκεν
1225 767 1256 836 ή
1281 766 1472 836 πρώτη
1506 765 1600 819 τοῦ
1641 766 1916 840 ’Δπριλίου

319 848 528 925 ¹μηνὸς,
557 849 834 904 τουτέστιν
864 852 993 921 ἁγία
1028 855 1278 927 Κυριακή
1301 873 1314 886 ·
1350 858 1443 910 καὶ
1470 857 1533 909 ἐκ
1573 857 1776 930 ταύτης
1805 857 1916 912 λοι-

310 942 435 1047 γοτὸν
465 943 545 1006 είς
591 942 690 1014 τὴν
725 944 982 999 ἐπιοῦσαν
1011 947 1173 1015 ἁγίαν
1210 947 1612 1021 ὑπερτιθέμεθα
1636 949 1915 1022 Κυριακὴν

333 1035 434 1106 τὴν
466 1035 565 1106 τῆς
611 1035 958 1100 ἀναστάσεως
997 1039 1190 1109 ἑορτήν
1215 1055 1229 1070 ο
1264 1040 1383 1110 ἥτις
1416 1047 1465 1112 η’
1497 1039 1592 1092 τοῦ
1637 1039 1911 1110 Ἀπριλίου

334 1126 616 1199 προδήλως
648 1129 814 1183 ἐστίν.
865 1129 1080 1202 Ἐπειδὴ
1106 1133 1167 1185 τὸ
1203 1130 1486 1202 Ἑϐραῖκδν
1527 1131 1738 1202 Πάσχα,
1770 1131 1911 1202 λέγω

333 1217 399 1288 δὴ
423 1217 522 1290 τὴν
545 1217 587 1271 δ’
628 1221 721 1272 καὶ
743 1227 772 1272 ι’
801 1220 896 1274 τοῦ
934 1220 1194 1290 φέγγους,
1220 1223 1387 1294 ήγουν
1409 1223 1502 1276 τοῦ
1551 1221 1768 1294 πρώτου
1791 1219 1910 1274 καθ’

2019 402 2308 475 Aprilium,
2339 421 2531 475 nempe
2562 402 2939 480 Dominicam:
2969 420 2998 457 a
3039 419 3146 475 qua
3179 403 3233 458 in
3264 413 3576 474 sequentem

2020 495 2354 554 Dominicam
2443 497 2862 552 resurrectionis
2933 497 3174 553 solemne
3221 495 3576 570 diﬂ'unditur,

2018 601 2188 659 quam
2232 587 2579 660 manifestum
2621 599 2704 643 est
2742 598 2986 643 octavam
3025 587 3224 658 Aprilis
3265 601 3387 642 esse
3414 585 3576 641 diem.

2019 676 2130 734 Nos
2160 680 2303 734 enim
2340 678 2547 734 Pascha
2580 678 2912 746 Judzeorum,
2944 680 2997 734 id
3028 688 3113 736 est
3142 696 3231 735 xlv
3261 681 3434 746 lunae,
3467 680 3580 735 sive

2020 767 2228 822 mensis
2253 766 2467 820 illorum
2500 767 2682 837 primi,
2710 783 2935 825 necesse
2965 779 3048 825 est
3069 770 3475 829 transcendere.
3515 785 3579 825 ac

2021 856 2068 911 si
2103 855 2158 910 in
2187 854 2528 917 Dominicam
2585 857 2851 923 incurrat,
2891 859 3116 913 alteram
3156 858 3210 913 in
3240 858 3577 914 Dominieam

2019 945 2309 1000 transitum
2359 944 2558 1010 facere,
2605 948 2717 1002 sive
2774 948 2830 1002 in
2880 946 3070 1002 feriam
3117 949 3432 1014 secundam,
3484 957 3579 1002 aut

2019 1036 2258 1100 tertiam,
2299 1036 2353 1090 in
2381 1037 2624 1092 eamdem
2656 1037 2929 1093 tranferre
2959 1037 3314 1096 Dominicam.
3347 1038 3502 1107 Quod
3529 1040 3578 1096 si

2018 1127 2259 1184 Sabbato
2292 1145 2382 1183 xiv
2423 1130 2725 1201 contingat,
2767 1132 3026 1202 postridie
3062 1131 3270 1187 Pascha
3305 1132 3415 1199 lict,
3447 1133 3574 1188 luna

2013 1238 2103 1287 xv,
2147 1223 2603 1294 quemadmodum
2655 1239 2778 1278 cum
2835 1240 2865 1279 a
2916 1222 3472 1296 Dominicaj’lalteram
3519 1227 3574 1280 in

347 1308 632 1380 Ἐϐραίους
687 1311 890 1382 μηνὸς,
964 1312 1309 1384 ὑπερϐαίνειν
1373 1315 1634 1386 προσήκει
1693 1312 1909 1378 πάντως

2011 1313 2348 1370 Dominicam
2391 1314 2730 1379 diﬂ‘unditur,
2756 1316 2882 1370 luna
2912 1332 3001 1370 xxi
3053 1317 3272 1371 accidit.
3315 1316 3473 1378 Nam,
3518 1326 3576 1370 ut

333 1401 502 1469 ἡμᾶς,
537 1401 644 1454 εἴτε
679 1403 962 1472 Κυριακῆς
999 1402 1228 1472 φθάσει,
1263 1404 1398 1476 πρὸς
1423 1405 1521 1476 τὴν
1550 1403 1715 1476 ἄλλην
1747 1403 1907 1472 ἁγίαν

2005 1404 2120 1477 iam
2169 1405 2430 1469 diximus,
2484 1422 2591 1461 non
2643 1408 2784 1461 ultra
2827 1418 3081 1478 septenos
3120 1407 3236 1462 dies
3272 1422 3301 1461 a
3347 1404 3575 1461 Iudaico

329 1491 620 1562 Κυριακὴν
654 1495 1098 1564 μεταϐαίνοντας,
1121 1497 1230 1550 εἴτε
1247 1497 1524 1569 δευτέρας,
1558 1498 1666 1551 εἴτε
1696 1499 1904 1569 τρίτης,

2011 1497 2281 1554 Paschate
2308 1499 2368 1553 [it
2395 1499 2704 1565 translatio,
2737 1499 2838 1554 hoc
2861 1509 2944 1554 est
2968 1515 2998 1553 a
3029 1515 3118 1554 xlv
3146 1499 3292 1553 luna.

331 1591 414 1653 εἰς
447 1589 545 1661 τὴν
574 1589 742 1662 αὐτὴν
770 1592 969 1662 ὁμοίως
1000 1595 1304 1666 Κυριακήν.
1344 1596 1406 1648 El
1438 1595 1496 1649 δὲ
1525 1595 1806 1666 Σαϐϐάτῳ,
1836 1597 1904 1666 τῇ
1944 1594 2222 1667 ἐπαύριον,
2254 1592 2796 1658 πεντεκαιδεκαταίας
2821 1592 2986 1664 οὗσης
3017 1593 3079 1646 τὸ
3136 1594 3432 1665 τηνικαῦτα
3476 1591 3572 1662 δηφ

327 1685 464 1759 λαὸὴ
501 1688 598 1758 τῆς
643 1687 892 1760 σελήνης.
923 1690 1130 1763 ’Ὥσπερ
1174 1686 1266 1744 οὖν
1295 1691 1531 1761 ὁπηνίκα
1559 1691 1720 1746 πάλιν
1759 1690 1867 1744 άπὸ
1903 1691 2190 1762 Κυριακῆς
2223 1692 2302 1752 είς
2330 1689 2428 1762 τὴν
2448 1689 2708 1743 ἐπιοῦσαν
2734 1690 2893 1758 ἁγίαν
2941 1687 3221 1760 Κυριακὴν
3277 1687 3572 1759 ποιούμεθα

323 1778 429 1848 τὴν
462 1779 772 1850 ὑπέρθεσιν,
804 1782 994 1836 εἰκάδα
1026 1782 1248 1854 πρώτην
1281 1783 1531 1856 ἐχούσης.
1567 1785 1656 1848 Ὧς
1677 1783 1784 1854 γάρ
1807 1784 1908 1855 ἤδη
1944 1784 2210 1847 λέλεκται,
2254 1783 2418 1855 μέχρι
2455 1783 2612 1854 μόνον
2637 1783 2680 1848 ζ’
2705 1783 2930 1855 ἡμερῶν
2958 1781 3253 1852 ποιούμεθα
3304 1779 3401 1852 τήν
3464 1779 3573 1833 ἁπδ

323 1868 424 1923 τοῦ
474 1869 761 1942 Ἐϐραῖκοῦ
796 1873 986 1944 Πάσχα
1034 1875 1361 1946 μετάϐασινο
1396 1879 1563 1947 ῆγουν
1613 1877 1710 1946 τῆς
1743 1876 1784 1928 δ’
1836 1875 1931 1928 καὶ
1972 1881 2003 1927 ι’
2058 1875 2153 1928 τοῦ
2203 1875 2469 1944 φέγγουςο
2516 1874 2824 1948 περαιτέρω
2858 1874 2916 1927 δὲ
2952 1872 3217 1955 οὐδαμῶς.
3254 1872 3361 1926 Καὶ
3403 1869 3570 1926 ταῦτα

325 1963 430 2032 μὲν
462 1964 583 2035 περὶ
619 1963 712 2017 τοῦ
744 1965 954 2036 Πάσχα.

323 2080 467 2150 Περὶ
510 2081 622 2150 τῆς
661 2088 694 2134 ι’
737 2082 1158 2172 τοῦγέϐδίέιουῄ
1173 2085 1382 2172 μηνὸς,
1433 2084 1559 2150 πῶς
1594 2083 1690 2138 καὶ
1742 2081 1890 2148 αὕτη

1999 2077 2078 2132 De
2106 2075 2550 2147 scptimijmensis
2594 2074 2676 2129 die
2705 2091 2760 2158 ξ,
2780 2075 3045 2172 ραοηιοάο
3082 2077 3242 2132 etiam
3271 2079 3388 2148 ipsa
3429 2097 3567 2150 repe.

847 2156 1375 2224 καταλαμϐάνεται.

396 2267 479 2320 ις’.
514 2267 578 2320 Εἰ
612 2265 668 2320 δέ
690 2267 788 2338 τὴν
820 2274 848 2322 ι’
871 2267 964 2320 τοῦ
996 2267 1115 2322 καθ’
1156 2267 1434 2339 Ἑϐραίους
1467 2267 1692 2338 ἑϐδόμου
1729 2267 1894 2338 μηνδς

321 2357 524 2427 γνῶναι
551 2357 796 2429 θελήσειέ
838 2375 943 2421 τις,
987 2361 1045 2413 ἐν
1083 2357 1162 2429 τῷ
1186 2357 1506 2430 δεξιωτέρῳ,
1530 2348 1773 2411 τουτέστι
1814 2353 1894 2426 τῷ

325 2450 464 2523 μετὰ
489 2451 549 2504 τὸ
573 2452 763 2522 Πάσχα
785 2451 1244 2522 διαγεγραμμένῳ
1264 2450 1512 2519 κανονίῳ,
1547 2449 1635 2504 τὸν
1663 2447 1896 2519 πλησιὰ·

317 2542 483 2608 ζοντα
513 2543 591 2615 τῷ
623 2543 770 2614 αὐτῷ
789 2545 887 2614 τῆς
921 2543 1150 2614 σελήνης
1189 2549 1228 2596 ε’
1251 2545 1345 2597 καὶ
1377 2551 1408 2597 ι’
1442 2542 1551 2596 ἔτει
1591 2539 1893 2614 Ῥωμαϊκὸν

323 2635 474 2706 μῆνα
503 2635 772 2690 σκοπείτω
805 2636 970 2706 (λέγω
999 2635 1058 2689 δὲ
1083 2636 1174 2690 τὸν
1200 2634 1590 2708 Σεπτέμϐριον)
1611 2649 1624 2663 °
1660 2634 1754 2686 καί
1794 2633 1894 2704 τὴν

319 2725 732 2799 παρακειμένην
759 2728 924 2781 αὑτοῦ
955 2729 1219 2782 ποσταίαν
1249 2727 1466 2799 κρατῶν
1506 2733 1591 2780 καθ
1619 2725 1892 2798 ὑπάρχου-

321 2829 442 2878 σαν,
465 2813 730 2884 γνώσεται
762 2818 881 2889 μὲν,
908 2817 984 2882 ὡς
1012 2820 1132 2871 κατ’
1157 2817 1326 2890 αὑτήν
1357 2820 1502 2872 ἐστιν
1533 2817 1640 2882 ἀεὶ,
1669 2817 1810 2871 κατὰ
1833 2817 1894 2869 τὸ

318 2905 454 2958 αὐτὸ
514 2913 576 2960 ει’
624 2909 720 2980 τῆς
779 2909 1006 2980 σελήνης
1062 2910 1202 2975 ἔτος,
1254 2913 1286 2981 ή
1334 2916 1365 2962 ι’
1408 2909 1502 2964 τοῦ
1560 2907 1723 2962 αὑτοῦ
1773 2907 1892 2962 καθ’

330 2996 610 3070 Ἐϐραίους
637 2999 822 3070 μηνός.
847 3001 908 3052 Εἰ
931 3001 989 3054 δὲ
1010 3002 1102 3054 καὶ
1122 3002 1221 3072 τὴν
1241 3001 1592 3073 ἐϐδομαδικὴν
1610 2999 1891 3072 βουληθείη

320 3089 518 3161 μαθεῖν
551 3091 784 3162 ἡμέραν,
819 3095 883 3165 τῇ
914 3096 1051 3165 αὐτῇ
1077 3095 1170 3148 τοῦ
1206 3094 1577 3167 Σεπτεμϐρίου
1609 3095 1776 3167 μηνὸς
1800 3112 1896 3148 πο-

320 3181 506 3253 σταία,
541 3181 683 3251 λέγω
718 3182 774 3236 δὲ
801 3186 867 3254 τῇ
904 3185 1080 3239 είκὰδι
1120 3189 1330 3260 πρώτῃ,
1361 3185 1458 3251 τὰς
1486 3185 1895 3258 παρακειμένας

317 3271 429 3324 ἀπὸ
463 3271 691 3342 σηρικοῦ
733 3272 1040 3344 προσθετὰς
1078 3275 1293 3346 ἡμέρας
1320 3274 1589 3339 ἐπιϐάλοι,
1625 3273 1762 3346 μετὰ
1803 3275 1896 3328 καὶ

309 3361 427 3414 τῶν
451 3362 704 3417 ἐπακτῶν
726 3363 819 3417 τοῦ
847 3365 1140 3430 ἐνεστῶτος
1172 3366 1322 3438 ήλίου
1351 3367 1504 3432 ἔτους
1522 3383 1537 3399 ο
1566 3361 1676 3422 οἷον
1700 3367 1776 3431 ὡς
1802 3368 1894 3421 ἐπὶ

2688 2147 2885 2201 riatur.

2066 2256 2185 2313 XX.
2224 2257 2284 2312 Si
2329 2257 2547 2328 septimi
2592 2257 2798 2312 mensis
2842 2255 3058 2312 Iudaici
3102 2257 3370 2314 decimum
3428 2260 3568 2318 diem

1995 2365 2161 2406 nosse
2186 2352 2404 2406 studeat
2443 2349 2664 2420 aliquis,
2697 2350 2750 2405 in
2790 2347 3097 2407 dexteriore
3130 2351 3357 2408 canonis
3396 2360 3568 2424 parte,

1994 2460 2116 2516 quae
2167 2441 2454 2498 Paschalis
2501 2442 2754 2498 versibus
2796 2443 3042 2512 proxima
3091 2451 3214 2509 est,
3261 2444 3572 2516 inquiralur

1995 2537 2203 2591 mensis
2232 2533 2514 2590 Romanus
2542 2548 2686 2588 anno
2711 2534 2852 2588 luna:
2879 2534 3072 2604 quinto
3105 2534 3317 2591 decimo
3344 2551 3571 2608 respone

1993 2626 2129 2683 dens
2164 2627 2234 2686 (is
2263 2636 2348 2682 est
2398 2623 2764 2695 September),
2798 2640 2905 2678 una
2939 2641 3062 2680 cum
3098 2635 3264 2696 quota
3305 2626 3414 2693 die,
3449 2645 3570 2700 quae

1993 2728 2076 2774 est
2122 2735 2213 2773 xxI
2257 2717 2512 2774 :noverit
2555 2732 2688 2788 ergo
2730 2725 2994 2788 perpetuo
3040 2732 3185 2772 anno
3229 2717 3371 2774 luna:
3401 2737 3470 2776 xv
3511 2722 3565 2776 in

1993 2810 2239 2870 eamdem
2269 2810 2411 2866 diem
2435 2809 2677 2866 incidere
2703 2806 2972 2864 decimam
2999 2809 3143 2866 diem
3172 2807 3384 2867 Judaici
3416 2828 3566 2868 men-

1995 2907 2094 2962 sis.
2125 2901 2279 2970 Quod
2317 2901 2364 2957 si
2400 2901 2588 2957 feriam
2620 2909 2878 2972 prteterea
2913 2901 3180 2972 requirit,
3217 2902 3282 2958 ad
3329 2920 3419 2958 xxi
3464 2903 3567 2959 Se-

1993 2993 2258 3067 ptembris
2298 2993 2574 3064 regulares
2623 2991 2914 3057 addantur,
2964 2992 3055 3063 qui
3090 2993 3265 3048 serico
3311 2993 3377 3048 ad
3412 2994 3564 3048 illum

1994 3088 2138 3143 diem
2185 3084 2562 3149 ascribuntur,
2615 3099 2724 3138 una
2765 3099 2888 3140 cum
2929 3085 3139 3155 epactis
3179 3085 3306 3140 anni
3347 3086 3562 3151 solaris,

1994 3196 2114 3250 qua:
2141 3186 2271 3236 sunt
2317 3187 2548 3249 septem.
2583 3175 2861 3232 Summam
2907 3178 3118 3233 dierum
3163 3196 3332 3248 xxxiv
3361 3179 3566 3235 dividat

1995 3289 2091 3346 per
2121 3287 2221 3336 vn,
2257 3271 2638 3343 relinquentur
2668 3287 2742 3335 vn,
2776 3284 2897 3341 qua:
2929 3265 3174 3325 indicant
3211 3271 3402 3326 feriam
3441 3285 3565 3326 esse

1996 3379 2071 3426 vn,
2117 3363 2232 3418 sive
2268 3359 2634 3417 Parasceven.
2680 3359 2879 3416 Eadem
2927 3359 3213 3417 methodus
3257 3360 3564 3416 adhibenda

310 3452 409 3506 τοῦ
433 3453 652 3527 πρώτου
678 3453 830 3519 ἔτους
853 3455 952 3520 τὰς
975 3456 1020 3522 ζ’
1044 3431 1253 3529 ἡμέρας
1272 3475 1287 3488 ·
1319 3460 1413 3514 καὶ
1435 3431 1576 3512 ούτω
1615 3457 1714 3521 τάς
1744 3458 1892 3523 ὅλας,

1999 3454 2158 3510 annis
2189 3453 2476 3520 omnibus,
2527 3468 2648 3522 quae
2693 3452 2748 3507 in
2795 3451 2978 3508 dextra
3014 3463 3167 3525 parte
3208 3455 3434 3510 canonis
3469 3469 3564 3510 oc-

311 3547 486 3616 ἡγουν
513 3546 612 3609 τὰς
649 3547 741 3612 λδ’,
775 3551 854 3614 είς
890 3551 987 3614 τὰς
1017 3551 1060 3615 ζ’
1097 3553 1330 3625 μερίσει,
1370 3553 1464 3607 καὶ
1507 3554 1572 3606 ἐκ
1622 3553 1730 3606 τῶν
1757 3552 1889 3605 ὑπο-

311 3637 730 3710 λιμπανομένων
777 3641 836 3706 ἐξ
879 3643 1165 3716 ἰσάριθμον
1210 3646 1415 3699 εἵσεται
1465 3647 1682 3704 πάντως
1725 3640 1920 3712 οὖσαν,

309 3731 413 3800 τὴν
444 3730 820 3804 ἐϐδομαδικὴν,
854 3736 1098 3790 τουτέστι
1133 3738 1509 3810 Παρασκευήν.
1535 3737 1695 3792 Κατὰ
1717 3735 1888 3789 ταῦτα

307 3820 368 3876 δέ
401 3825 661 3896 χρήσεταί
699 3845 783 3891 τις
827 3829 921 3882 καὶ
950 3831 1035 3899 ἐφ’
1072 3831 1286 3903 ἑκάστῳ
1328 3831 1437 3885 ἔτει
1463 3831 1569 3886 τῶν
1595 3832 1662 3886 ἐκ
1696 3829 1885 3895 δεξιῶν

305 3917 662 3986 τεταγμένων
712 3919 806 3972 τοῦ
853 3922 1129 3975 κανονίου·
1179 3922 1500 3994 βουλόμενος
1541 3921 1733 3994 μαθεῖν
1775 3921 1886 3974 εἴτε

306 4006 410 4078 τῂν
438 4008 482 4062 δ’
509 4011 604 4064 καὶ
637 4018 668 4064 ι’
702 4014 798 4065 τοῦ
837 4013 956 4066 καθ’
1002 4013 1284 4085 Ἑϐραίους
1309 4013 1527 4086 πρώτου
1562 4012 1746 4084 μηνὸς,
1777 4012 1886 4066 εἴτε

307 4099 410 4169 τὴν
440 4099 534 4154 τοῦ
566 4101 790 4173 ἑϐδόμου
824 4103 1076 4175 δεκάτην,
1107 4106 1292 4175 ἥντινα
1326 4113 1354 4158 ι’
1381 4105 1476 4160 τοῦ
1507 4104 1732 4174 ἐϐδόμου
1776 4121 1882 4174 μη-

1998 3552 2226 3600 currunt
2260 3562 2275 3600 :
2310 3544 2425 3600 sive
2454 3544 2578 3614 quis
2604 3558 2694 3597 xiv
2718 3543 2880 3612 primi
2920 3544 3125 3611 mensis
3157 3541 3368 3600 Iudaici
3401 3559 3564 3600 nosse

1995 3641 2166 3704 velit,
2201 3639 2316 3694 sive
2345 3655 2376 3692 x
2423 3637 2631 3694 mensis
2679 3637 2914 3707 septimi.
2950 3637 3102 3693 lianc
3141 3653 3306 3709 porro
3347 3639 3563 3711 septimi

1994 3730 2200 3787 mensis
2233 3747 2270 3784 x
2297 3729 2442 3784 diem
2479 3745 2586 3783 nun
2619 3735 2754 3790 tam,
2785 3729 2929 3799 quod
2973 3729 3030 3784 in
3059 3745 3121 3785 ea
3163 3731 3406 3787 solemne
3437 3745 3562 3801 per-

1993 3835 2218 3892 agamus
2259 3819 2428 3874 ullum
2465 3818 2612 3889 (non
2642 3818 2784 3873 enim
2832 3819 2944 3874 ullo
2974 3819 3135 3875 modo
3180 3821 3482 3877 celebratur
3531 3835 3562 3875 a

1987 3911 2190 3982 nobis),
2219 3926 2384 3982 quam
2426 3919 2486 3966 ut
2515 3925 2703 3966 eorum
2739 3911 2922 3966 studio
2961 3911 3421 3978 satisfaceremus,
3467 3913 3562 3983 qui

1988 4007 2126 4063 nihil
2187 4007 2441 4076 ignorare
2493 4006 2719 4070 volunt,
2767 4005 3179 4061 describendam
3230 4006 3557 4078 putavimus.

1991 4097 2270 4153 Hactenus
2295 4096 2362 4152 de
2389 4095 2581 4151 dextra
2615 4095 2844 4150 canonis
2868 4104 3042 4165 parte.

306 4189 398 4256 νρς
422 4191 482 4244 οὐ
509 4191 726 4265 τελετῆς
749 4194 945 4264 μᾶλλον
970 4197 1050 4260 είς
1074 4197 1239 4268 αὐτὴν
1264 4197 1556 4269 γινομένης
1580 4199 1712 4269 ἡμῖν
1739 4195 1881 4267 (ούδέ
1916 4190 2026 4263 γάρ
2058 4189 2291 4243 τελεῖται
2344 4188 2406 4240 τὸ
2453 4186 2690 4258 σύνολον)
2739 4186 3130 4260 διεγράψαμεν,
3187 4188 3220 4260 ἢ
3253 4187 3360 4241 τῶν
3411 4186 3560 4254 (ii-Cu

305 4282 520 4350 ἀγνοεῖν
545 4281 804 4338 θελόντων
833 4286 990 4357 χάριν
1019 4287 1394 4359 φιλομαθείας.
1417 4291 1603 4344 Ταῦτα
1631 4291 1727 4344 καὶ
1752 4287 1881 4360 περὶ
1917 4283 2026 4340 τῶν
2051 4284 2115 4337 ἐκ
2136 4280 2323 4349 δεξιῶν
2351 4279 2444 4334 τοῦ
2473 4279 3035 4352 κανονίουκειμένων.

304 4398 464 4479 Περζ
495 4398 606 4468 τῆς
627 4401 784 4479 ,τῶν-ι
817 4403 1001 4473 ἁγίων·
1053 4406 1356 4479 ’νηστειῶν
1405 4406 1876 4479 παρεισϐάσεως,
1909 4406 1917 4463 1

1998 4400 2061 4457 De
2089 4399 2312 4455 introitu
2342 4407 2646 4479 sanctorum
2661 4396 3006 4479 jejuniorum,
3035 4411 3139 4479 qua
3169 4395 3372 4450 ratione
3403 4403 3558 4466 quot-

380 4470 506 4536 πῶς
547 4470 643 4524 καὶ
680 4470 903 4540 ταύτην
929 4476 1077 4529 κατὰ
1113 4475 1236 4532 πᾶν
1257 4478 1393 4544 ἔτος
1417 4470 1808 4549 τιὶθώσκομεν.

377 4580 508 4637 KA'.
546 4585 609 4638 Εἰ
653 4585 710 4640 δὲ
745 4588 838 4641 καὶ
883 4587 982 4659 τὴν
1025 4589 1382 4661 παρείσϐασιν
1426 4591 1531 4646 τῶν
1571 4592 1741 4661 ἁγίων
1785 4610 1881 4664 νη-

304 4674 498 4730 στειῶν
519 4676 716 4731 εἰδέναι
743 4677 987 4750 θελήσειέ
1015 4698 1118 4745 τις,
1143 4684 1206 4736 ἐκ
1235 4683 1332 4754 τῆς
1361 4683 1420 4748 ἐξ
1443 4684 1738 4755 εὐωνύμων
1765 4685 1882 4738 δια-

301 4765 524 4837 γραφῆς
547 4766 609 4818 τὸ
637 4768 776 4822 κατὰ
807 4768 1095 4843 διάμετρον
1119 4771 1212 4825 τοῦ
1237 4779 1302 4824 ει’
1329 4774 1426 4841 τῆς
1455 4773 1684 4844 σελήνης
1707 4773 1879 4838 ἔτους,

297 4857 396 4910 τοῦ
422 4857 572 4921 ὄντος
591 4859 653 4912 ἐκ
671 4859 860 4925 δεξιῶν
878 4903 892 4926 ,
914 4865 1174 4934 σκοπήσει
1193 4865 1260 4918 δι’
1284 4865 1565 4944 ἀκριϐείας
1588 4865 1650 4941 ἐξ
1665 4866 1880 4936 ἁριστεο

300 4946 413 5018 ρῶν
441 4947 501 5000 τὸ
533 4948 597 5002 δι’
609 4950 707 5020 τῆς
723 4951 950 5023 σελήνης
971 4953 1088 5017 ἔτος
1126 4943 1617 5026 διαγεγραμμένον.
1641 4943 1880 5027 Εἴπομεν

297 5035 430 5106 γὰρ,
448 5037 522 5100 ὡς
543 5037 684 5090 τέλει
701 5040 746 5070 ⁷⁷
769 5039 862 5092 τοῦ
885 5041 1175 5106 ἐνεστῶτος
1194 5043 1344 5106 ἔτους
1367 5045 1398 5113 ἡ
1419 5039 1776 5114 παρείσϐασις
1799 5058 1880 5094 τε·

294 5124 468 5180 ὶεῖται
499 5128 604 5181 τῶν
633 5131 802 5198 ἁγίων
847 5133 1126 5203 νηστειῶν.
1167 5125 1452 5206 Εὑρίσκων
1474 5129 1567 5188 οὖν
1598 5135 1659 5187 τὸ
1683 5133 1818 5188 αὐτὸ
1838 5134 1880 5187 δ’

294 5217 391 5269 καὶ
422 5217 453 5269 ι’
475 5217 574 5286 τῆς
603 5220 832 5291 σελήνης
861 5221 999 5298 ἔτος,
1025 5223 1120 5275 τὸν
1143 5223 1544 5294 παρακείμενον
1577 5222 1880 5296 Ῥωμαϊκὸν

296 5309 444 5379 μῆνα
475 5314 758 5390 σκοπήσει,
784 5314 1025 5380 τουτέστι
1053 5314 1144 5367 τὸν
1170 5315 1552 5388 Φεϐρουάριον,
1580 5318 1671 5371 καὶ
1686 5317 1872 5370 τούτου

290 5397 392 5469 Δτὴν
434 5404 698 5478 ποσταίαν
735 5403 1024 5475 λαμϐάνων
1067 5405 1289 5475 πλησίον
1321 5409 1484 5462 αὑτοῦ
1515 5409 1868 5480 τεταγμένην,

366 5558 409 5591 ⁷⁷
442 5558 478 5612 θ’.
511 5561 567 5611 ἐν
600 5559 756 5615 τέλει.

2430 4469 2588 4523 annis
2609 4465 2997 4540 investigandas
3025 4466 3116 4518 sit.

2057 4581 2199 4638 XXI.
2241 4580 2345 4648 Qui
2374 4589 2692 4638 sanctorum
2709 4579 3042 4650 ieiuniorum
3066 4579 3346 4635 introitum
3370 4581 3559 4650 explo-

1987 4689 2112 4729 rare
2156 4673 2423 4738 voluerit,
2456 4680 2676 4744 quairat.
2705 4672 2982 4728 sinistram
3022 4671 3251 4727 canonis
3279 4671 3556 4732 tabellam.

1989 4766 2045 4845 in
2076 4780 2250 4836 eaque
2288 4781 2355 4822 ex
2387 4765 2620 4820 adverso
2646 4763 2856 4818 lunaris
2875 4764 3001 4819 anni
3032 4779 3121 4831 xv,
3147 4762 3240 4835 qui
3274 4764 3327 4818 in
3367 4764 3558 4818 dextra

1986 4867 2140 4926 parte
2177 4865 2430 4927 repertus
2463 4865 2566 4922 est,
2607 4863 2860 4910 accurate
2901 4854 3130 4926 vestiget
3168 4871 3372 4909 annum
3416 4855 3559 4910 luna:

1987 4968 2096 5020 xiv.
2119 4945 2240 5006 Jam
2264 4951 2409 5006 enim
2433 4949 2819 5008 admonuimus
2844 4951 2896 5004 in
2922 4947 3084 5004 tinem
3114 4949 3396 5020 praisentis
3425 4949 3556 5003 anni

1988 5050 2305 5114 sanctorum
2333 5040 2669 5111 ieiuniorum
2718 5039 3006 5095 introitum
3055 5041 3288 5109 cadere;
3336 5041 3558 5097 invento

1987 5150 2130 5189 anno
2162 5150 2253 5188 xlv
2295 5134 2455 5194 lunae,
2497 5131 2836 5201 adiacentem
2875 5131 2924 5187 ei
2971 5130 3275 5186 Romanum
3313 5147 3553 5189 mensem

1993 5225 2267 5285 observet,
2299 5237 2493 5293 nempe
2526 5219 2883 5277 Februarium
2910 5238 2925 5275 :
2963 5221 3122 5292 cuius
3152 5229 3378 5292 quotum
3410 5223 3552 5277 diem

1989 5316 2280 5384 ascriptum
2329 5322 2499 5378 notet,
2540 5328 2612 5368 iv.
2661 5311 2741 5367 Ad
2785 5312 2932 5369 hunc
2977 5313 3472 5385 regulares-addat
3502 5330 3554 5368 iv

1983 5408 2162 5463 serico
2205 5406 2438 5477 scriptos
2487 5421 2611 5460 cum
2654 5405 2999 5476 insequentis,
3038 5406 3171 5470 anni,
3215 5405 3376 5478 primi
3423 5405 3553 5476 solis
