4044 6220
377 225 512 281 liii
1190 234 1247 290 S.
1287 235 1535 293 MAXIM!
1576 237 1936 298 MARTYRIS
1970 243 2350 306 COMPUTUS
2389 253 2824 314 ECCLESIAST.
3468 273 3604 330 £9.42

373 359 464 395 την
499 341 597 398 ἑὰν
627 346 941 423 συμφθάσῃ,
978 350 1230 424 Κυριακή
1267 353 1546 427 προδήλως
1584 357 1643 412 ἑν
1665 358 1742 431 τῷ
1778 344 1921 433 δεξιᾷ

373 433 599 461 --.ηιμ
633 436 917 461 ..μω-Α---
977 441 1041 461 ιη
1118 443 1129 461 .
1347 447 1405 461 ...
1548 448 1576 461 -
1698 451 1725 461 -
1762 453 1787 461 -
1862 454 1907 461 ._

2036 381 2155 422 cam
2188 368 2243 424 in
2274 369 2463 427 dextro
2485 391 2725 445 canone;
2757 380 2846 435 hic
2864 396 2937 435 vn
2967 385 3266 455 transgredi
3289 386 3404 445 dies
3436 405 3603 461 opor-

370 433 601 506 κανονίῳ
633 436 941 509 ψηφίζεται.
977 441 1041 495 Ἡ
1072 443 1179 517 γάρ
1205 447 1485 520 προσθήκη
1512 448 1611 521 τῆς
1635 451 1727 505 τοῦ
1759 453 1921 523 βισέξ.

2677 433 2724 445 κ,
2971 433 3266 455 --η--,,----
3292 433 3403 445 -.νυ
3439 433 3599 461 νγ...-

2045 466 2140 522 tet,
2192 461 2445 518 nimirum
2491 481 2521 519 a
2567 471 2805 525 secunda
2835 470 2967 528 feria
3001 474 3057 527 in
3087 470 3459 547 Dominicam;
3493 481 3603 538 illic

370 542 464 579 του
496 527 730 599 ἡμέρας,
767 529 864 601 τὴν
888 532 986 602 τῆς
1023 537 1152 604 μιᾶς
1186 537 1447 591 ὑπόϐασιν
1474 542 1531 594 ἑν
1568 541 1647 612 τῷ
1675 542 1921 615 εύωνύμιε

2041 563 2159 614 vm,
2198 567 2228 606 a
2276 551 2556 611 Dominica
2603 557 2657 612 in
2696 561 2919 615 alteram
2965 560 3319 622 Dominicam.
3361 527 3459 621 Ut.
3483 582 3606 638 post

370 620 532 672 ποιεῖ.
582 620 676 672 Δεῖ
718 617 811 675 οὖν
861 624 1094 695 ὁπηνίκα
1149 627 1238 681 διά
1281 630 1343 683 τὸ
1391 630 1629 700 βίσεξτον
1677 634 1921 707 Σιϐϐάτιε

2041 647 2167 695 octo
2211 641 2328 699 dies
2372 645 2627 704 introitus
2660 649 2855 706 festum
2886 661 3074 709 exacta
3107 656 3320 712 ratione
3363 617 3604 716 Domrini-

370 709 672 763 πίπτουσαν
716 712 916 784 ἴδοιμεν
943 717 1042 787 τήν
1085 734 1143 771 τε
1174 717 1267 772 τοῦ
1308 722 1657 790 Ἰανουαρίου,
1698 726 1793 778 καὶ
1835 727 1921 781 Φε-

2038 745 2158 786 cam
2185 735 2435 805 attingat.
2467 736 2580 793 Hoc
2613 740 2757 795 enim
2786 743 2945 798 modo
2974 745 3137 800 distat
3184 746 3394 802 sinistri
3437 763 3604 805 cano-

368 800 657 873 ϐρουαρίου
695 806 860 876 μηνὸς
901 810 1180 876 ποσταίαν,
1224 814 1281 864 ἑν
1324 814 1471 884 αὑτῷ
1506 814 1584 887 τῷ
1627 817 1921 890 εὐωνύμῳ·

2037 821 2123 878 nis
2141 800 2427 881 translatio
2450 828 2518 884 ab
2545 829 2632 884 illa
2653 830 2829 887 dextri
2866 852 2880 889 :
2912 837 3055 904 quod
3083 800 3234 907 prior

370 893 651 966 Κυριακῆς
671 895 729 949 δὲ
769 898 866 969 τὴν
906 898 999 952 τοῦ
1039 902 1284 974 Μαρτίου
1312 904 1405 959 καὶ
1447 906 1722 978 Ἀπριλίου
1764 910 1921 981 μηνὸς

2036 926 2211 982 usque
2255 914 2395 970 diem
2440 929 2659 988 propter
2700 893 3004 978 bisextilem
3054 893 3198 981 diem
3239 893 3596 984 extenditur:

364 986 427 1037 ἑν
453 984 529 1056 τῷ
558 985 715 1057 δεξιῷ
753 990 980 1062 κανονίῳ
1000 1008 1014 1022 ·
1057 994 1115 1045 ἑν
1139 994 1312 1067 τούτῳ
1341 997 1439 1068 μὲν
1466 997 1566 1062 τὰς
1592 998 1638 1062 ζ’
1668 1000 1921 1069 μεταϐαί-

2034 1002 2206 1058 dextri
2235 1022 2363 1062 vero
2392 1013 2619 1067 canonis
2659 1029 2729 1068 vu
2765 1029 2872 1069 non
2896 1017 3128 1082 excedit,
3159 1018 3252 1074 sed
3278 1034 3346 1075 eo
3373 1035 3600 1077 numero

365 1094 476 1132 νειν
501 1080 740 1151 ἡμέρας
772 1082 847 1146 ὡς
870 1084 976 1138 ἀπὸ
995 1084 1250 1158 δευτέρας
1282 1090 1362 1152 είς
1390 1089 1673 1162 Κυριακὴν
1693 1092 1921 1163 φερομέ-

2033 1093 2520 1155 circumscribitur.
2572 1102 2697 1159 Haec
2741 1105 2811 1162 de
2858 1080 3123 1164 cautione
3149 1110 3416 1167 hisextilis
3446 1113 3596 1169 anni.

366 1185 519 1231 νους’
546 1173 604 1223 ἑν
651 1173 844 1245 ἐκείνῳ
868 1174 925 1227 δὲ
964 1175 1064 1240 τάς
1103 1184 1153 1248 η’
1195 1179 1548 1248 μεθίστασθαι
1588 1182 1823 1247 πάντως,
1861 1183 1937 1248 ὡς
1972 1184 2079 1239 ἀπὸ
2110 1187 2391 1263 Κυριακῆς
2410 1195 2488 1257 είς
2516 1196 2796 1268 Κυριακὴν
2822 1199 3149 1270 ἀγομένους·
3187 1201 3273 1256 ἵνα
3310 1203 3450 1274 μετὰ
3501 1203 3600 1268 τὰς

365 1268 416 1334 η’
438 1263 770 1338 διακριϐωθῃ
805 1267 924 1322 κατ’
952 1270 1164 1342 ἐκείνην
1189 1273 1287 1344 τὴν
1324 1275 1607 1346 Κυριακὴν
1650 1275 1938 1348 ὁριζομένη
1979 1278 2203 1345 δεόντως
2225 1285 2257 1353 ἡ
2281 1285 2377 1355 τῆς
2402 1263 2811 1360 παρεισϐἀσεῷς
2838 1263 3017 1365 ἑορτή.
3042 1263 3200 1349 κατὰ
3254 1263 3443 1352 τοῦτον
3488 1263 3599 1370 γὰρ

364 1355 455 1409 τὸν
481 1358 680 1428 τρόπον
718 1362 750 1431 ἡ
782 1360 839 1413 ἑν
870 1359 948 1432 τῷ
979 1362 1239 1434 εὐωνύμῳ
1285 1364 1573 1434 μετάθεσις
1621 1365 1986 1438 παραλλάττει
2019 1372 2154 1440 πρὸς
2209 1374 2308 1444 τὴν
2367 1378 2425 1430 ἑν
2463 1355 2540 1449 τῷ
2588 1379 2747 1452 δεξιῷ
2785 1355 3072 1455 γινομένην
3113 1386 3437 1456 μετάστασιν
3470 1355 3598 1443 ’.ὅτι

365 1449 459 1501 καὶ
487 1451 677 1521 μέχρις
701 1450 891 1522 ὀγδόης
920 1453 1129 1523 ἡμέρας
1153 1456 1449 1510 ἐκτείνεται
1479 1457 1567 1511 διὰ
1589 1458 1649 1512 τὲ
1677 1457 1936 1530 βίσεξτον,
1989 1462 2093 1531 τῆς
2139 1465 2197 1517 ἑν
2244 1466 2321 1537 τῷ
2366 1469 2525 1541 δεξιῷ
2559 1449 2825 1546 μηδαμῶς
2848 1449 2948 1541 τάς
3000 1449 3044 1542 Cl
3075 1449 3443 1551 διερχομένης,
3483 1481 3598 1535 ἀλλ’

363 1539 470 1606 ἕως
515 1542 825 1597 αὐτῶνκαὶ
861 1546 1019 1615 μόνον
1053 1544 1391 1619 ὁριζομένης.
1442 1549 1626 1605 Ταῦτα
1662 1552 1757 1605 xui.
1803 1554 2056 1625 περὶτῆς
2086 1557 2228 1612 κατά
2254 1561 2314 1614 τὸ
2340 1539 2582 1632 βίσεξτον
2603 1539 2939 1642 διιπείλούσης⁷
2980 1539 3230 1640 γενέσθαί

364 1647 524 1698 σεως.

364 1746 501 1816 Περὶ
529 1744 649 1816 τῶν
674 1743 945 1800 ὲπακτῶν
980 1746 1086 1802 τοῦ

467 1815 743 1886 χάνουσι,
776 1818 873 1870 καί
908 1817 1005 1872 διὰ
1031 1819 1089 1871 τι
1113 1815 1352 1888 ταύταις
1375 1815 1820 1899 προσχρώμεθα.

430 1910 558 1963 Kl".
605 1908 690 1972 Ὠς
726 1907 793 1963 ἂν
836 1909 892 1962 δὲ
923 1910 1056 1981 μηδὲ
1096 1911 1125 1963 ὁ
1157 1912 1285 1983 περὶ
1314 1913 1422 1966 τῶν
1460 1913 1555 1967 τοῦ
1593 1914 1744 1986 ἡλίου
1774 1914 1928 1982 λόγος

362 2001 492 2071 ἡμῖν
524 1998 879 2065 άνεξέταστος
923 2002 1229 2072 ἀπομείνοι,
1256 2003 1485 2075 λέγομεν
1514 2006 1755 2071 ἑπακτάς
1788 2001 1926 2060 εἶναι

361 2093 470 2147 τῶν
500 2088 593 2145 τοῦ
625 2091 774 2163 ήλίου
820 2091 957 2146 ὲτῶν
984 2093 1082 2158 τάς
1113 2095 1220 2148 άπὸ
1260 2097 1361 2166 τῆς
1392 2096 1752 2168 ἑϐδομαδικῆς
1786 2098 1948 2170 ἡμέ-Δ

362 2201 484 2258 ρας,
513 2182 572 2248 ἑξ
598 2180 666 2256 ἧς
700 2184 760 2237 τὸ
794 2185 1017 2254 ἡλιακὸν
1057 2186 1175 2250 ἔτος
1208 2187 1531 2259 άπάρχεται,
1566 2190 1705 2244 κατὰ
1735 2191 1929 2244 ἀναπο-

357 2275 550 2346 δισμδν
591 2274 880 2338 λειπούσας
928 2277 987 2328 ἑν
1033 2278 1097 2347 τῇ
1146 2277 1281 2348 αὐτῇ
1326 2278 1579 2349 ἑϐδομὰδι
1625 2280 1785 2352 μέχρι
1826 2281 1926 2352 τῆς

360 2366 605 2440 πρώτης,
631 2367 795 2438 ἧγουν
809 2369 906 2438 τῆς
932 2368 1093 2437 ἁγίας
1117 2369 1428 2441 Κυρωκῆς’
1456 2364 1566 2424 οἷον
1601 2371 1731 2442 φέρε
1753 2373 1926 2425 εἰπεῖν

357 2459 436 2524 ὼς
463 2460 554 2513 ἑπὶ
580 2457 673 2512 τοῦ
713 2458 1003 2523 ἐνεστῶτος
1033 2466 1117 2531 κη’
1148 2459 1319 2525 ἑτους.
1370 2461 1608 2533 Ἤρξατο
1646 2462 1755 2534 γάρ
1786 2464 1926 2519 κατὰ

358 2551 458 2622 τὴν
479 2548 699 2622 πρώτην
719 2549 812 2603 τοῦ
842 2550 1114 2621 Ἀπριλίου
1142 2551 1332 2624 μηνὸς,
1353 2552 1461 2607 άπὸ
1485 2553 1737 2624 ἑϐδόμης,
1759 2555 1925 2626 ῆγουν

359 2640 638 2697 Σαϐϐάτου
677 2641 906 2713 ἡμέρας.
943 2643 1053 2705 Τὰς
1089 2638 1180 2694 οὖν
1222 2642 1526 2707 διελθούσας
1568 2645 1779 2715 ἡμέρας
1823 2646 1925 2715 τῆς

358 2733 529 2805 αὐτῆς
553 2732 838 2804 ἑϐδομάδος
875 2733 978 2797 ἕως
1006 2734 1104 2802 τῆς
1133 2734 1414 2806 Κυριακῆς
1455 2735 1697 2798 ἑπακτάς
1725 2736 1923 2808 κέκτη-

357 2841 482 2879 ται·
527 2825 768 2879 τουτέστι
797 2825 894 2896 τὴν
943 2825 1318 2897 Παρασκευὴν,
1350 2827 1447 2897 τὴν
1493 2833 1553 2891 ε’,
1586 2826 1683 2898 τὴν
1714 2827 1784 2896 ιδ’,
1825 2828 1924 2899 τὴν

358 2923 432 2985 γ’,
451 2915 547 2987 τὴν
573 2916 640 2987 β’,
669 2917 763 2970 καὶ
788 2915 955 2986 αὐτὴν
983 2916 1080 2986 τὴν
1109 2917 1268 2985 ἁγίαν
1291 2918 1603 2989 Κυριακὴν·
1636 2919 1710 2982 ὠς
1742 2917 1925 2972 ἐντεῠ-

358 3009 452 3064 θεν
479 3007 539 3074 ἒξ
569 3010 829 3080 ὑπάρχειν
863 3008 962 3071 τὰς
1000 3007 1167 3061 αὐτοῦ
1207 3006 1302 3061 τοῦ
1338 3016 1421 3080 κη’
1465 3009 1616 3074 ἔτους
1655 3010 1917 3075 ἑπακτάς.

1128 1750 1306 1837 ὴλιίου
1329 1769 1344 1782 ·
1390 1753 1550 1819 τινες
1592 1748 1765 1847 αῇταέ
1793 1771 1921 1825 τυτκ

2117 1755 2191 1810 De
2222 1762 2419 1827 epactis
2446 1764 2606 1832 solis;
2633 1784 2749 1839 qua:
2778 1775 2904 1837 sint,
2933 1784 2982 1828 et
3013 1777 3127 1847 quis
3155 1794 3335 1834 earum
3366 1798 3511 1840 usus.

2096 1909 2284 1970 XXIII.
2320 1918 2498 1989 Atque
2526 1934 2583 1978 ut
2610 1941 2679 1980 ne
2706 1928 2838 2001 solis
2869 1930 3086 1999 quidem
3126 1943 3331 2001 epaetaa
3367 1951 3396 1990 ι
3436 1938 3597 1994 nobis

2026 1997 2372 2072 inexplorata:
2387 2000 2776 2082 relinquantur,
2794 1997 3013 2087 epactas
3032 1997 3296 2078 annorum
3312 2027 3443 2082 solis
3463 2026 3596 2082 deii-

2025 2092 2206 2189 nimus
2227 2097 2472 2157 residuas
2501 2103 2852 2164 hebdomadis
2872 2109 3035 2167 ferias
3056 2124 3179 2183 post
3192 2131 3335 2181 eam,
3363 2133 3482 2189 quae
3503 2133 3593 2175 so-

2025 2179 2189 2236 larem
2213 2199 2412 2243 annum
2436 2195 2774 2266 auspicatur;
2800 2215 2918 2268 quae
2938 2179 3083 2258 retro
3105 2206 3161 2260 in
3180 2179 3594 2266 eadem-hebdo-

2026 2272 2183 2366 mada
2199 2275 2264 2329 ad
2284 2279 2529 2346 primam,
2551 2284 2665 2341 sive
2680 2285 3012 2345 Dominicam
3032 2309 3203 2366 usque
3219 2310 3591 2357 numerantur.

2024 2358 2340 2460 Exemplum
2374 2386 2387 2421 :
2426 2368 2524 2426 Hic
2549 2388 2726 2432 annus
2755 2379 2847 2447 qui
2873 2389 2957 2436 est
2986 2358 3341 2455 solisxxvm,
3370 2390 3534 2460 cmpit
3561 2404 3593 2445 a

2027 2450 2253 2513 Kalend.
2305 2458 2477 2530 April.
2529 2464 2664 2521 feria
2723 2485 2828 2535 vn,
2882 2475 2996 2530 sive
3045 2450 3595 2537 Sabhato.'Proinde

2024 2556 2244 2640 epactas
2289 2551 2452 2608 habet
2498 2561 2799 2625 praeteritos
2849 2578 3037 2623 omnes
3074 2569 3212 2631 dies.
3263 2572 3356 2640 qui
3403 2573 3590 2628 eadem

2023 2634 2360 2697 hebdomade
2384 2643 2451 2698 ad
2477 2645 2809 2705 Dominicam
2836 2655 3128 2723 pertinent,
3158 2658 3262 2713 hoc
3281 2634 3373 2714 “est
3401 2661 3589 2719 feriam

2024 2742 2078 2790 ν,
2121 2744 2195 2793 tv,
2234 2748 2317 2794 ιιι,
2353 2748 2414 2813 ιι,
2443 2742 2496 2789 et
2534 2736 2892 2798 Dominicam.
2932 2743 3111 2812 Quare
3143 2764 3195 2802 γι
3233 2758 3436 2819 epacta:
3465 2764 3592 2807 sunt

2024 2820 2153 2874 anni
2193 2838 2381 2879 xxvm.
2424 2827 2557 2883 Cum
2600 2847 2730 2903 ergo
2763 2850 2993 2905 sequens
3027 2855 3224 2905 annus,
3260 2843 3352 2913 qui
3383 2844 3590 2912 primus

2022 2914 2125 2967 erit
2172 2917 2325 2985 solis,
2364 2934 2393 2973 a
2448 2920 2582 2977 feria
2636 2926 2829 2994 prima,
2876 2928 2989 2986 sive
3016 2927 3295 2988 Dominica
3324 2935 3484 2998 ineat,
3511 2951 3587 2989 vn

2023 3002 2183 3059 habet
2209 3020 2448 3078 epactas,
2481 3029 2600 3083 quae
2624 3016 2691 3071 ab
2722 3014 2959 3074 Sahhato
2985 3038 3156 3093 usque
3185 3025 3249 3079 ad
3283 3024 3590 3095 praeceden—

360 3100 523 3155 Ὅθεν
547 3099 732 3170 ἐπειδὴ
759 3100 820 3151 τὸ
855 3100 1077 3152 εἰσιέναι
1114 3098 1322 3169 μέλλον,
1359 3101 1499 3171 φημὶ
1521 3101 1577 3154 δὲ
1603 3102 1664 3154 τὸ
1686 3101 1916 3172 πρῶτον,

2027 3105 2131 3152 tem
2172 3099 2507 3159 Dominicam
2546 3120 2922 3166 numerantur.
2960 3113 3037 3167 Ita
3076 3116 3346 3172 secundus
3389 3134 3585 3188 annus.

356 3194 467 3249 ἀπὸ
509 3190 730 3265 πρώτης
756 3192 1006 3263 ἄρχεται,
1037 3192 1310 3244 τουτέστιν
1351 3192 1509 3261 ἁγίας
1540 3194 1841 3264 Κυριακῆς,
1879 3191 1922 3255 ζ’

356 3285 591 3356 ἡμέρας,
619 3285 783 3355 ἤγουν
808 3283 904 3347 τὰς
936 3282 1042 3336 ἀπὸ
1062 3280 1338 3336 Σαϐϐάτου
1374 3284 1533 3355 μέχρι
1564 3286 1660 3356 τῆς
1687 3284 1923 3336 διελθού-

358 3394 460 3445 σης
478 3377 639 3444 ἁγίας
661 3375 942 3446 Κυριακῆς
964 3374 1364 3446 ἀριθμουμένας
1385 3375 1621 3439 ἑπακτὰς
1642 3376 1921 3446 κέκτηται.

369 3468 602 3537 Ὁμοίως
657 3466 713 3521 δὲ
761 3468 856 3520 καὶ
904 3465 964 3518 τὸ
997 3464 1244 3537 δεύτερον
1287 3466 1424 3529 ἔτος,
1468 3466 1657 3537 ὅτιπερ
1703 3468 1766 3519 ἑκ
1822 3466 1923 3537 τῆς

356 3560 502 3615 κατὰ
530 3560 627 3631 τὴν
655 3558 922 3629 ἑϐδομάδα
954 3559 1211 3629 δευτέρας
1244 3559 1453 3628 ἡμέρας
1480 3558 1718 3629 ἄρχεται,
1758 3559 1924 3629 μόνην

356 3652 456 3725 τὴν
482 3652 631 3723 μίαν,
656 3652 897 3705 τουτέστι
927 3651 1025 3721 τὴν
1054 3650 1212 3719 ἁγίαν
1243 3649 1544 3721 Κυριακὴν,
1578 3649 1817 3721 ὲπακτὴν
1842 3650 1925 3704 κέ-

356 3760 585 3816 κτηται·
631 3744 706 3807 ὡς
748 3744 847 3798 οὐκ
890 3743 1055 3813 ἄλλην
1099 3742 1308 3815 ἡμέραν
1344 3743 1376 3812 ἢ
1417 3742 1581 3813 μόνην
1620 3742 1785 3813 αὐτὴν
1824 3742 1921 3814 τὴν

356 3837 639 3909 Κυριακὴν
666 3835 807 3890 κατὰ
836 3834 936 3906 τὴν
963 3835 1130 3906 αὐτὴν
1170 3833 1434 3905 ἑϐδομάδα
1466 3836 1922 3907 προηγησαμένην

352 3929 498 3999 ῑχον.
530 3929 743 3992 Ταύτας
767 3927 822 3980 δὲ
858 3926 956 3991 τάς
989 3926 1202 3998 ἡμέρας
1230 3925 1523 3997 τηροῦμεν,
1554 3926 1619 3980 ἶν’
1646 3927 1922 3998 ἑϐδομαδι-

357 4019 491 4084 κῶς,
536 4020 813 4074 τουτέστιν
839 4018 948 4073 ἀπὸ
985 4018 1157 4090 ἀρχῆς
1195 4017 1510 4088 ἑϐδομάδος.
1556 4019 1663 4071 πᾶν
1703 4017 1921 4090 ⁴ἡλιακὸν

356 4111 475 4176 ξτος
516 4112 899 4181 κανονίσωμεν,
935 4112 1013 4174 είς
1035 4107 1249 4178 εὕρεσιν
1271 4108 1371 4178 τῆς
1399 4108 1757 4180 ἑϐδομαδικῆς
1786 4111 1921 4181 ὴμέ-

356 4219 459 4278 ρας
477 4218 491 4233 '
516 4202 749 4272 ὁπηνίκα
771 4200 972 4271 ταύτην
995 4200 1085 4253 καὶ
1111 4201 1189 4262 είς
1214 4198 1443 4251 ἑκάστου
1474 4199 1639 4271 μηνὸς
1664 4201 1920 4254 ποσταίαν

352 4288 705 4365 βουληθῶμεν
750 4288 958 4362 μαθεῖν.
1011 4291 1073 4343 Εἰ
1110 4289 1184 4360 μὴ
1227 4287 1335 4361 γάρ
1379 4287 1551 4351 οὕτως
1591 4289 1768 4350 τοῦτο.
1814 4290 1920 4344 άπὸ

2027 3190 2281 3259 quoniam
2316 3209 2344 3246 a
2377 3194 2511 3250 feria
2545 3201 2778 3255 secunda
2807 3202 3195 3260 hebdomadica
3230 3209 3438 3279 incipit,
3467 3226 3590 3283 epa-

2025 3290 2142 3338 ctas
2184 3284 2345 3341 habet
2388 3303 2428 3350 l,
2480 3289 2583 3345 hoc
2628 3302 2713 3347 est
2755 3307 2996 3350 sanctam
3049 3297 3409 3369 Dominicam,
3461 3319 3584 3359 cum

2025 3376 2226 3431 nullam
2254 3379 2502 3446 alteram,
2539 3394 2733 3452 praeter
2763 3384 3120 3455 Dominicam,
3172 3391 3224 3444 in
3271 3393 3456 3448 eadem
3488 3395 3584 3451 he—

2023 3465 2294 3523 bdomada
2318 3472 2720 3529 antecedentem
2753 3477 2962 3533 haheat.
3001 3478 3260 3536 Caeterum
3295 3484 3392 3539 has
3440 3485 3587 3555 ipsas

2024 3557 2140 3613 dies
2187 3562 2504 3628 retinemus,
2557 3574 2616 3620 ut
2664 3562 3072 3636 hebdomadice,
3116 3573 3167 3627 id
3202 3583 3285 3629 est
3321 3576 3388 3630 ab
3431 3578 3586 3632 initio

2025 3649 2377 3709 hebdomadis
2424 3670 2624 3710 annum
2681 3673 2894 3713 omnem
2954 3663 3083 3717 solis
3136 3664 3470 3730 ordinenms,
3518 3669 3584 3722 ad

2025 3738 2451 3811 investigandam
2497 3744 2707 3811 feriam,
2748 3748 3180 3821 quandocunque
3211 3768 3330 3807 eam
3368 3753 3423 3808 in
3454 3770 3587 3825 qua-

1975 3834 1982 3840 '
2024 3829 2153 3885 libet
2189 3833 2275 3887 die
2318 3836 2523 3890 mensis
2566 3837 2809 3893 obtinere
2848 3840 3114 3898 volumus.
3155 3843 3289 3897 Nam
3334 3845 3440 3899 nisi
3484 3846 3585 3902 hoc

2020 3923 2205 3988 modo,
2255 3939 2285 3978 a
2339 3928 2512 4003 prima
2571 3929 2659 3984 die
2709 3931 3082 3999 hebdomadis,
3130 3950 3224 3989 seu
3281 3935 3583 4003 Dominica,

2021 4028 2196 4068 annus
2225 4016 2450 4084 quilibet
2483 4019 2614 4073 solis
2656 4021 2895 4090 regulam
2925 4024 3126 4092 capiat,
3166 4040 3270 4078 non
3304 4034 3482 4095 potest
3516 4027 3584 4081 ab

2019 4102 2107 4169 iis,
2152 4104 2243 4173 qui
2287 4107 2527 4164 calculos
2569 4110 2870 4167 subducere
2900 4113 3192 4179 voluerint,
3233 4115 3585 4174 hebdomadis

2017 4189 2135 4247 dies
2166 4193 2220 4246 in
2256 4195 2363 4250 ullo
2393 4212 2578 4254 mense
2606 4199 2954 4270 deprehendi.
2994 4201 3099 4268 Sit,
3133 4206 3361 4276 exempli
3396 4221 3580 4272 causa,

2015 4298 2257 4353 praesens
2280 4302 2456 4344 annus
2470 4291 2623 4355 solis,
2650 4299 2706 4346 ut
2723 4302 2845 4348 ante
2860 4294 3020 4365 179
3041 4296 3242 4350 dictum
3269 4306 3371 4360 est,
3391 4313 3581 4363 xxvnl,

353 4386 453 4459 τῆς
479 4387 618 4440 κατὰ
651 4385 745 4457 τὴν
780 4384 1044 4455 ἑϐδομάδα
1068 4383 1289 4455 πρώτης
1320 4384 1548 4455 ἡμέρας,
1576 4383 1739 4455 ἧγουν
1762 4381 1920 4451 ἁγίας

2020 4374 2114 4445 qui
2154 4391 2183 4430 a
2237 4377 2475 4434 Sabbatn
2506 4389 2719 4450 emptus
2751 4389 2855 4437 est.
2897 4385 3060 4454 Igitur
3090 4386 3192 4440 nisi
3223 4385 3289 4439 a'd
3318 4386 3585 4445 Kalendas

354 4481 657 4553 Κυριακῆς,
706 4480 812 4532 πᾶν
855 4478 1073 4549 ἡλιακὸν
1110 4477 1227 4541 ἔτος
1273 4476 1594 4547 κανονισθῇ,
1645 4477 1920 4546 ἀμήχανον

2021 4467 2233 4537 Apriles
2270 4485 2364 4524 sex
2399 4481 2523 4526 ante
2561 4472 2857 4526 Salibatum
2887 4474 3003 4529 dies
3032 4474 3443 4541 addidissemus,
3486 4493 3582 4534 ne-

353 4573 454 4645 τὴν
493 4564 848 4643 ἑϐδομαδικὴν
886 4568 1097 4639 ἡμέραν
1144 4571 1200 4620 ἑν
1231 4567 1540 4638 ὀἱῳδήποτε
1575 4563 1924 4636 καταλαμϐἁο

352 4682 468 4721 νειν
516 4664 643 4736 μηνὶ
680 4664 805 4725 τοὺς
840 4660 1095 4732 ψηφίζειν
1134 4660 1432 4722 ἐθέλοντας.
1484 4653 1608 4711 υἷον
1655 4658 1707 4710 τί
1745 4656 1919 4724 λέγω;

352 4756 417 4812 τὸ
452 4772 524 4810 πα
535 4756 643 4828 ρὸν,
671 4754 745 4817 ὡς
776 4752 931 4823 ἔφην,
954 4757 1039 4823 κη’
1071 4750 1211 4833 ἔτος,
1248 4749 1508 4820 Σαϐϐάτῳ
1529 4747 1688 4801 λαϐὸν
1708 4747 1807 4816 τὴν
1831 4747 1922 4817 ἁρ-

363 4847 486 4922 χὴν,
521 4847 569 4900 εἰ
620 4845 692 4917 μὴ
743 4843 839 4908 τάς
882 4845 986 4917 πρὸ
1032 4842 1124 4896 τοῦ
1175 4839 1450 4894 Σαϐϐάτου
1498 4838 1558 4905 ἒξ
1603 4838 1815 4910 ἡμέρας
1852 4840 1918 4908 τῇ

585 4933 677 4988 τοῦ
712 4933 984 5003 Ἀπριλίου
1009 4931 1173 5003 μηνὸς
1197 4926 1545 5000 ἐπεϐάλομεν,
1574 4928 1672 4981 οὐκ
1695 4927 1760 4980 ἂν
1780 4928 1921 4983 Σάϐ-

354 5030 517 5084 ϐατον
570 5022 734 5080 οὖσαν
774 5025 943 5096 αὐτὴν
997 5021 1380 5092 ἑγινώσκομεν.
1430 5016 1640 5090 Ἐπειδὴ
1684 5019 1793 5090 γάρ
1841 5020 1919 5083 είς

348 5119 711 5192 Παρασκευὴν
749 5119 846 5189 τὴν
874 5115 1164 5187 κατάληξιν
1190 5113 1315 5183 ἔσχε
1346 5112 1405 5164 τὸ
1432 5109 1635 5164 διελθὸν
1673 5110 1754 5174 κζ’
1779 5110 1916 5173 ἔτος,

350 5215 408 5265 αἱ
438 5209 711 5282 ίσάριθμοι
746 5208 845 5277 τῆς
892 5204 1252 5277 Παρασκευῆς
1293 5203 1493 5274 ἡμέραι
1538 5201 1781 5254 λεκτικαὶ
1820 5202 1918 5271 μὲν

350 5300 561 5357 ἐκείνου
599 5299 975 5370 τυγχάνουσιν,
1011 5300 1091 5360 εἰς
1134 5298 1301 5366 αὐτὴν
1333 5295 1748 5368 περαιωθέντος,
1792 5294 1916 5348 τούυ

347 5411 447 5449 του
495 5392 552 5447 δὲ
606 5391 860 5454 ἑπακταὶ,
910 5389 997 5443 διὰ
1044 5389 1105 5441 τὺ
1139 5389 1436 5457 ἐπάγεσθαι
1482 5391 1546 5459 τῇ
1583 5387 1772 5460 πρώτῃ
1821 5387 1914 5440 τοῦ

363 5485 638 5555 ’Δπριλίου
676 5483 771 5537 καὶ
804 5483 973 5552 ταύτῃ
1010 5480 1381 5551 διασημαίνειν
1423 5481 1531 5552 τὴν
1562 5479 1914 5551 ἑϐδομαδικὴν

350 5576 588 5647 ἡμέραν,
629 5574 722 5644 ἀφ’
755 5568 823 5643 ἦς
868 5572 928 5624 τὸ
954 5570 1081 5624 αὐτὸ
1118 5578 1203 5642 κη’
1247 5570 1363 5634 ἔτος
1395 5571 1691 5642 άπήρξατο.
1730 5570 1913 5633 Οὕτως

351 5668 461 5747 γάρ
488 5669 523 5742 ἦ
550 5685 605 5720 τε
630 5665 767 5720 κατὰ
790 5666 884 5736 τὴν
914 5664 1261 5736 ἑϐδομαδικὴν
1298 5666 1559 5735 ἁρμονίαν
1592 5664 1909 5734 φυλάττεται

2018 4573 2293 4629 quaquam
2347 4561 2468 4618 illas
2516 4563 2571 4617 in
2626 4561 2919 4619 Sahbatum
2968 4564 3228 4620 incidisse
3273 4583 3579 4626 nossemus.

2019 4648 2154 4704 Cum
2203 4654 2345 4706 enim
2377 4655 2689 4722 praecedens
2718 4671 2914 4719 annus,
2954 4657 3045 4727 qui
3080 4665 3198 4711 erat
3239 4661 3369 4715 solis
3409 4678 3579 4727 xxvu,

2023 4740 2075 4793 in
2103 4739 2440 4799 Parascevcn
2472 4745 2714 4809 desierit,
2744 4748 2869 4801 huic
2908 4750 3130 4819 aequalis
3157 4749 3364 4821 dierum
3392 4769 3581 4809 nume-

2020 4846 2137 4895 rus.
2183 4838 2275 4906 qui
2324 4854 2524 4892 annum
2563 4841 2712 4895 illum
2744 4842 3070 4907 terminavit,
3099 4843 3256 4913 cujus
3288 4843 3581 4903 Parasceve

2016 4926 2259 4980 clausula
2290 4928 2412 4989 luit,
2437 4932 2717 4998 pratsentis
2750 4933 2876 4986 anni
2916 4945 3040 4988 sunt
3064 4944 3285 5004 epactae,
3314 4937 3468 5005 quasi
3497 4936 3581 4991 ad-

2019 5020 2226 5074 dititias
2254 5020 2406 5076 dicas
2427 5062 2441 5084 ,
2478 5023 2621 5091 quod
2661 5022 2915 5090 Kalendis
2944 5026 3144 5096 Aprilis
3171 5027 3456 5090 addantur,
3489 5043 3580 5082 eo-

2017 5125 2121 5180 que
2145 5111 2303 5164 mndo
2333 5112 2520 5167 feriam
2552 5113 2809 5179 indicent,
2839 5131 2868 5170 a
2894 5133 2999 5185 qua
3030 5133 3205 5175 annus
3238 5118 3376 5173 idem
3408 5134 3576 5174 xxvm

2016 5216 2244 5257 exorsus
2274 5210 2379 5257 est.
2411 5202 2486 5256 lta
2515 5204 2714 5275 quippe
2753 5206 2807 5261 in
2852 5207 3238 5264 hebdomadica
3273 5210 3413 5265 serie
3451 5225 3577 5279 per-

2015 5294 2252 5363 petuitas
2281 5294 2528 5364 quaedam
2571 5299 2936 5354 successionis
2967 5307 3199 5366 tenetur,
3241 5308 3293 5356 et
3330 5301 3454 5355 anni
3488 5312 3575 5355 so-

2013 5387 2156 5443 lares
2194 5389 2262 5442 ah
2292 5388 2648 5445 hebdomadis
2678 5387 2854 5459 initio,
2884 5393 3096 5448 hocest
3123 5393 3420 5453 Dominica,
3454 5400 3573 5447 tam

2015 5488 2177 5547 quam
2216 5480 2403 5549 regula
2436 5481 2731 5550 pendentes
2763 5498 2958 5539 cursus
2995 5499 3124 5541 suos
3148 5484 3428 5541 insistunt.
3460 5482 3568 5540 Un-

2013 5570 2080 5625 de
2120 5571 2494 5642 cujuscunque
2538 5575 2738 5630 mensis
2766 5576 2882 5631 dies
2910 5579 3226 5648 congruenti
3260 5576 3403 5635 feriae
3436 5579 3569 5634 citra

2015 5662 2209 5719 calculi
2238 5679 2477 5721 errorem
2512 5675 2689 5736 potest
2721 5666 2961 5723 attribui.
