4044 6220
491 218 629 274 ιω

1485 211 1585 266 AD
1614 205 1882 266 EUSEBII
1919 204 2315 266 CHRONICON
2347 199 2710 264 APPENDIX.
2759 267 2766 273 ο

3600 189 3732 253 1134

493 341 707 400 πάντως
748 334 1016 403 συνέχεια,
1060 331 1213 401 καὶὴ
1253 330 1360 383 τῶν
1391 331 1630 404 ἡλιακῶν
1672 328 1808 382 ἑτῶν
1851 327 1926 390 ὼς
1963 325 2072 379 ἀπὸ
2123 325 2298 398 ἀρχῆς
2359 320 2668 392 ἑϐδομάδος,
2703 319 2870 389 ἡγουν
2917 315 3136 386 πρώτης
3181 312 3414 384 ἡμέρας,
3467 308 3739 371 κανονίξε-

493 451 577 485 ται
629 427 997 501 κίνησις..Ἐξ
1062 421 1235 497 οὗπερ
1281 425 1400 478 οὐδὲ
1451 425 1548 494 μία
1581 427 1695 486 τοῖς
1751 422 2008 493 ψηφίζειν
2067 419 2308 473 ἐθέλουσι
2357 417 2565 486 γίνεται
2619 411 2794 480 πλάνη
2855 409 2989 478 πρὸς
3017 406 3112 476 τὴν
3155 409 3212 460 έν
3257 405 3556 474 οίῳδὴποτε
3609 407 3739 474 μηνὶ

493 521 750 576 ποσταίαν
778 519 875 588 τῆς
911 515 1267 586 έϐδομαδικῆς
1307 514 1518 585 ἡμέρας
1560 511 1895 583 κατάληψινξ

493 643 612 710 Qua
656 640 858 692 ratione
886 636 1021 705 {cria
1059 609 1361 706 quocunqne
1403 632 1487 688 die
1526 633 1721 687 mensis
1753 629 2058 698 investigari

2181 623 2294 688 πῶς
2327 617 2442 687 τὴν
2475 613 2883 710 έσδτζιίίὶίῖίὲῖίἷ.
2901 609 3531 710 τιξέξξξῖξὲεξὶκάστου
3546 614 3743 682 μηνὸς

1179 714 1372 774 potest.

559 819 751 877 XXIV.
778 819 974 874 Eadem
993 817 1188 888 quippe
1205 813 1422 870 method
1432 829 1496 870 us
1515 820 1599 869 est
1617 809 1951 882 inquirendae
1971 825 2067 862 cu-

497 927 797 983 ;uscunque
815 911 921 966 diei
948 908 1150 964 mensis
1168 906 1336 970 feriae,
1357 921 1521 976 quam
1538 905 1605 960 ad
1627 905 1894 960 Kalendas
1911 903 2070 974 Apri-

498 1023 570 1064 :es
622 1003 996 1060 adhibuimus.
1041 998 1310 1054 Nimirum
1365 1011 1423 1054 ut
1476 998 1709 1053 labentis
1763 997 1890 1052 anni
1936 996 2070 1051 solis

499 1104 711 1168 epactas
733 1093 1054 1163 adjiciamus
1077 1091 1142 1145 ad
1172 1089 1386 1145 dierum
1429 1104 1738 1152 numerum,
1774 1088 1867 1160 qui
1899 1104 1928 1141 a
1959 1086 2069 1140 Ka-

497 1189 672 1245 lendis
711 1185 917 1256 Aprilis
986 1182 1056 1238 ad
1096 1199 1244 1246 eum,
1299 1183 1391 1253 qui
1445 1180 1729 1252 quaeritur,
1775 1179 2072 1249 cujuslibet

499 1283 700 1338 mensis
726 1279 870 1334 diem
907 1277 1185 1332 ﬂuxerunt
1222 1295 1234 1329 :
1268 1285 1380 1330 tum
1414 1275 1699 1328 collectam
1726 1288 1792 1327 ex
1819 1271 2074 1327 omnibus

501 1387 765 1429 summam
805 1386 902 1442 per
926 1386 1000 1424 vn
1043 1368 1368 1440 partiamur.
1417 1366 1572 1432 Quod
1616 1366 1762 1421 enim
1803 1366 2072 1435 reliquum

501 1473 581 1522 est
616 1463 807 1518 feriam
848 1460 1298 1517 hebdomadicam
1323 1459 1571 1529 ejusdem
1613 1457 1828 1512 numeri
1865 1456 2074 1526 praebe-

503 1553 598 1608 bit.
640 1552 826 1607 Potest
858 1557 912 1605 et
969 1549 1077 1605 alio
1127 1547 1288 1603 modo
1336 1547 1587 1618 reperiri.
1640 1545 1870 1616 Epactas
1927 1545 2075 1600 solas

503 1659 624 1697 cum
665 1641 860 1720 diebus
905 1640 1177 1695 mensium
1220 1653 1385 1709 supra
1421 1653 1591 1692 xxvm
1623 1637 1741 1692 dies
1778 1651 2072 1690 excurren-

502 1736 669 1800 tibus,
710 1735 777 1790 ad
807 1741 1163 1804 quotcunque
1213 1746 1434 1787 menses
1465 1743 1770 1801 prOpagare
1797 1728 2072 1784 calculum

503 1828 714 1890 libebit,
745 1825 1096 1897 componito,
1149 1824 1296 1877 velut
1337 1823 1573 1894 sumptis
1621 1837 1689 1876 ex
1744 1819 1915 1891 Aprili
1950 1837 2012 1881 ιι,
2042 1834 2074 1874 e

504 1919 645 1975 Maio
668 1936 749 1986 ιιι,
797 1927 850 1972 et
878 1919 958 1974 sic
983 1915 1241 1986 deinceps
1272 1915 1338 1969 ad
1371 1913 1713 1985 propositum
1731 1927 1906 1982 usque
1921 1927 2074 1966 men-

2583 681 2883 740 :rootalar
2914 681 3085 736 ἐστίν
3111 681 3325 750 εὑρεῖν.

2240 802 2366 858 ΚΔ⁹.
2420 801 2512 872 Τῷ
2558 797 2706 870 αὐτῷ
2747 796 2856 870 γὰρ
2893 796 3079 868 τρόπῳ
3131 796 3226 850 καὶ
3259 797 3338 860 είς
3377 797 3474 867 τὴν
3508 796 3742 850 ἑκάστου

2170 896 2337 968 μηνδς
2375 892 2636 947 ποσταίαν
2681 887 2979 962 κεχρῆσθαι
3013 889 3278 960 προσήκει
3316 888 3414 961 τὴν
3454 888 3742 959 ἑϐδομαδι-

2171 989 2273 1060 κὴν
2316 985 2669 1058 ἐρευνῶντας,
2721 976 2873 1052 ᾧπερ
2916 981 3231 1053 κεχρήμεθα
3270 984 3364 1036 καὶ
3407 983 3485 1044 εἰς
3516 982 3617 1050 τὴν
3647 980 3743 1034 τοῦ

2183 1076 2458 1148 Ἀπριλίου
2489 1073 2729 1146 πρώτην.
2760 1066 2884 1126 Οἷον
2915 1072 3014 1134 τὰς
3040 1069 3282 1134 ὲπακτάς
3320 1071 3632 1124 ἐπιϐάλλειν
3651 1070 3743 1124 τοῦ

2171 1167 2464 1228 ἐνεστῶτος
2494 1161 2717 1236 ἡλιακοῦ
2747 1161 2899 1224 ἔτους
2922 1163 3043 1224 ταῖς
3073 1161 3168 1213 ἀπ’
3200 1160 3370 1230 αὐτῆς
3396 1161 3494 1231 τῆς
3520 1158 3746 1231 πρώτης

2170 1259 2263 1312 τοῦ
2304 1256 2601 1330 ’Δπριλίου,
2636 1254 2796 1325 μέχρι
2827 1253 2925 1323 τῆς
2952 1253 3009 1305 έν
3052 1252 3345 1323 οίῳδὴποτε
3388 1251 3518 1323 μηνὶ
3553 1251 3747 1321 ζητου-

2175 1350 2343 1422 μένης
2369 1351 2500 1419 ἡμῖν
2530 1345 2791 1408 ποσταίας
2811 1361 2823 1373 ο
2851 1343 2947 1396 κα)⁸
2973 1342 3070 1406 τὰς
3093 1342 3220 1404 ὅλας
3252 1343 3330 1404 είς
3353 1343 3442 1394 τὸν
3476 1340 3618 1393 ἑπτὰ
3646 1357 3746 1410 με-

2175 1440 2366 1516 ρίζειν,
2403 1441 2499 1493 κα)⁸
2514 1441 2582 1492 ὲκ
2606 1438 2713 1492 τῶν
2740 1434 3130 1508 άπομενουσῶν
3161 1434 3449 1506 ἰσάριθμον
3470 1429 3638 1488 οὖσαν
3662 1451 3750 1501 γι-

2172 1512 2452 1605 νώσκομεν
2493 1531 2590 1603 τὴν
2615 1531 2715 1602 τῆς
2744 1528 3036 1598 ἑϐδομάδος
3079 1527 3311 1597 ἡμέραν.
3353 1527 3424 1578 Ἢ
3459 1525 3626 1578 πάλιν
3653 1512 3754 1576 καὶ

2173 1627 2293 1681 κατ’
2315 1625 2472 1680 ἄλλον
2496 1622 2717 1695 τρόπον,
2745 1621 2912 1683 αὑτάς
2942 1636 2998 1672 τε
3038 1617 3134 1680 τὰς
3167 1617 3410 1679 ὲπακτὰς
3437 1616 3626 1687 μόνας,
3654 1617 3757 1669 καὶ

2171 1719 2273 1782 τὰς
2339 1716 2474 1789 μετὰ
2526 1715 2626 1779 τὰς
2657 1711 2743 1785 κη’
2772 1712 2880 1766 τῶν
2931 1711 3114 1781 μηνῶν
3170 1709 3450 1782 περιττάς,
3496 1706 3609 1777 οἷον
3653 1708 3755 1762 τοῦ

2185 1806 2462 1876 Ἀπριλίου
2500 1803 2599 1867 τὰς
2630 1799 2742 1864 δύο,
2803 1802 2898 1855 καὶ
2934 1801 3112 1856 Μαΐου
3141 1798 3239 1864 τὰς
3273 1797 3341 1866 γ’,
3365 1799 3592 1852 καὶτῶν
3619 1799 3758 1851 καθ-

2174 1897 2300 1969 εξῆς
2331 1896 2550 1967 ὁμοίως,
2573 1893 2731 1964 ἄχρις
2767 1888 2827 1947 οὗ
2855 1893 2948 1946 ἐὰν
2981 1891 3222 1962 Θέλωμεν
3260 1888 3513 1961 ψηφίζειν
3545 1889 3752 1960 μηνόςσ

504 2030 642 2078 sem,
668 2013 828 2080 cujus
854 2011 974 2066 dies
1001 2025 1196 2065 omnes
1225 2008 1289 2063 ad
1331 2023 1477 2063 eum.
1507 2022 1618 2077 quo
1650 2007 1719 2060 de
1748 2005 2070 2076 quaerimus,

2181 1985 2290 2042 εἶτα
2319 1986 2419 2058 τὴν
2449 1984 2786 2056 ζητουμένην
2811 1984 2944 2054 ἡμῖν
2974 1983 3030 2034 ὲν
3055 1980 3204 2051 αὐτῷ
3227 1981 3487 2034 ποσταίαν
3511 1979 3758 2041 ἐκείναις

503 2106 846 2175 adjicientes,
881 2117 1148 2158 summam
1179 2116 1274 2171 per
1307 2115 1381 2153 vn
1413 2098 1741 2158 dividimus;
1773 2096 1917 2166 quod
1948 2095 2074 2151 reli-

501 2211 672 2267 quum
703 2205 821 2256 est,
877 2194 970 2248 dat
1013 2194 1202 2248 feriam
1241 2191 1550 2262 quaesitam.
1601 2189 1682 2245 Ob
1720 2188 1864 2242 hanc
1914 2189 2078 2258 igitur

502 2301 727 2342 causam
763 2285 888 2338 anni
922 2284 1054 2338 solis
1083 2290 1308 2352 epactas
1343 2281 1544 2336 habere
1573 2281 1862 2345 dicuntur;
1889 2291 1943 2335 et
1965 2295 2081 2336 eas-

501 2381 624 2434 dem
660 2392 781 2442 nos,
823 2377 902 2430 uti
941 2385 1367 2431 consentaneum
1408 2383 1513 2438 est,
1547 2373 1890 2428 adhibemus.

657 2568 887 2636 Quinam
913 2568 1042 2622 satis
1075 2569 1204 2622 anni
1225 2577 1410 2636 epacta
1433 2583 1614 2620 carere
1645 2565 1916 2619 dicantur.

557 2679 722 2736 XXV.
739 2680 814 2734 Ex
828 2695 934 2751 quo
953 2680 1080 2733 anni
1095 2695 1306 2744 omnes,
1327 2679 1466 2749 quia
1491 2676 1768 2731 Dominica
1795 2675 2083 2745 incipiunt,

503 2775 651 2828 velut
673 2771 904 2842 primus,
930 2771 1219 2841 septimus,
1253 2767 1904 2831 duodecimus,'decimus
1931 2774 2083 2822 octa-

502 2880 606 2919 vus
632 2905 646 2927 ,
691 2863 812 2919 sine
838 2863 1048 2934 epactis
1074 2878 1194 2917 esse
1214 2861 1474 2916 dicuntur
1495 2900 1509 2923 ,
1544 2860 1687 2930 quod
1721 2859 1925 2914 nullam
1944 2873 2082 2928 prai-

2178 2080 2560 2151 ὲμϐάλλοντες,
2585 2079 2665 2141 είς
2695 2077 2785 2131 τὸν
2813 2073 2856 2139 ζ’
2887 2075 3048 2130 πάλιν
3073 2071 3364 2146 μερίζομεν
3383 2090 3396 2103 -
3432 2073 3526 2126 καὶ
3553 2073 3617 2123 ὲκ
3641 2069 3759 2123 τῶν

2176 2173 2564 2244 ἀπομενουσῶν
2609 2172 2707 2244 τὴν
2761 2169 3116 2240 έϐδομαδικὴν
3159 2166 3374 2230 πάντως
3400 2166 3758 2236 εὑρίσκομεν.

2177 2265 2391 2335 Ταύτης
2409 2259 2500 2318 οὖν
2521 2264 2706 2317 ἕνεκεν
2725 2263 2825 2333 τῆς
2851 2260 3027 2324 αἰτίας
3057 2261 3297 2323 ὲπακτὰς
3325 2259 3465 2330 ἔχειν
3501 2257 3762 2325 λέγονται

2177 2356 2247 2408 τά
2281 2353 2374 2409 τοῦ
2403 2354 2558 2425 ἡλίου
2593 2353 2710 2424 ἔτη,
2747 2353 2841 2406 καὶ
2872 2350 2960 2404 διὰ
2986 2350 3190 2419 ταύτην
3221 2350 3410 2412 αὑταῖς
3453 2346 3765 2418 προσηκόν-

2179 2465 2287 2510 τως
2315 2444 2651 2518 κεχρήμεθα.

2180 2560 2328 2615 Ποῖα
2379 2558 2500 2613 τῶν
2550 2559 2658 2613 τοῦ
2691 2558 2869 2627 ἡλίου
2903 2555 3052 2610 ἐτῶν
3087 2555 3393 2612 ἁνέπακτα
3447 2553 3756 2624 τυγχάνει.

2251 2672 2379 2728 KE'.
2399 2673 2560 2728 Ὅθεν
2588 2673 2656 2726 τὰ
2688 2671 2794 2726 ἀπὸ
2810 2671 3094 2744 Κυριακῆς
3120 2671 3393 2743 ἀρχόμενα
3421 2668 3537 2740 ἔτη,
3562 2665 3673 2723 οἷον
3697 2672 3765 2725 τὸ

2183 2769 2416 2841 πρῶτον,
2455 2765 2516 2820 τὸ
2558 2765 2802 2836 ἕϐδομον,
2827 2764 2890 2817 τδ
2929 2764 3358 2827 δυοκαιδέκατον,
3389 2761 3449 2815 τδ
3472 2759 3560 2833 ιη’,
3589 2761 3766 2816 ἀνέπ-

2181 2877 2323 2915 ακτα
2343 2859 2589 2929 λέγομεν,
2609 2857 2698 2910 διὰ
2716 2856 2777 2910 τὸ
2801 2855 2932 2927 μηδὲ
2956 2856 3081 2927 μίαν
3103 2855 3315 2927 ἡμέραν
3337 2854 3768 2925 προηγουμένην

504 2955 786 3012 cedentem
828 2954 969 3009 diem
1018 2953 1274 3008 habeant.
1334 2950 1468 3004 Nam
1527 2952 1676 3020 prior
1727 2966 1849 3006 esse
1907 2950 2077 3020 prima

2183 2953 2346 3023 ἔχειν.
2387 2952 2500 3004 Οὐκ
2547 2951 2662 3003 ἔστι
2693 2947 2800 3020 γὰρ
2841 2948 2946 3019 πρὸ
2973 2947 3070 3018 τῆς
3098 2945 3316 3018 πρώτης
3349 2945 3512 3015 ἄλλην
3543 2946 3763 3015 εὑρεῖν.

507 3047 659 3102 nutle
699 3052 901 3116 potest.
933 3043 1147 3098 Etenim
1188 3059 1298 3098 non
1340 3043 1421 3097 sic
1460 3052 1683 3113 cpactas
1715 3042 1966 3097 obtinere
1992 3055 2077 3096 so-

2195 3044 2346 3098 Ἑπεὶ
2386 3040 2628 3104 ὲπακτάς
2651 3041 2713 3094 τὸ
2743 3038 2967 3112 ἡλιακὸν
2993 3039 3110 3102 ἔτος
3133 3037 3274 3091 κατὰ
3303 3037 3362 3090 τὸ
3390 3036 3486 3107 τῆς
3519 3036 3769 3106 σελήνης

507 3136 577 3191 lis
616 3151 815 3202 annus,
848 3133 1123 3204 quomodo
1153 3135 1316 3197 lunze,
1348 3133 1571 3186 dicitur.
1601 3132 1815 3202 Quippe
1851 3131 1984 3185 nihil
2005 3130 2077 3184 illi

2181 3134 2298 3199 ἔτος
2350 3134 2410 3186 οὐ
2458 3132 2741 3203 κέκτηται.
2779 3130 2912 3184 Οὐδὲ
2938 3127 3046 3201 γὰρ
3077 3127 3333 3200 ὑστεροῦν
3355 3126 3590 3199 ὑπάρχει
3619 3125 3770 3197 πρὸς

510 3229 662 3284 deest
711 3227 777 3281 ad
821 3226 1118 3298 explendas
1162 3241 1364 3280 ccccxv
1405 3224 1542 3284 dies.
1580 3225 1656 3278 uti
1694 3224 1820 3278 luna
1847 3221 2077 3277 undenis

2183 3227 2281 3290 τὰς
2301 3223 2427 3292 τξέ,
2459 3224 2709 3296 καθάπερ
2743 3224 2921 3276 ἐκεῖνο
2945 3220 3042 3285 τὰς
3074 3218 3139 3274 ια’
3158 3237 3170 3250 °
3200 3219 3268 3272 δι’
3299 3219 3365 3282 ἃς
3396 3219 3490 3271 καὶ
3513 3219 3616 3289 τὴν
3650 3218 3768 3272 τῶν

509 3319 726 3387 deﬁcit;
757 3319 984 3388 ideoque
1005 3325 1210 3388 septem
1229 3315 1650 3371 intercalaribus
1681 3314 1960 3370 mensibus
1986 3327 2077 3366 au-

2185 3316 2324 3371 έπτὰ
2350 3315 2657 3388 ὲμϐολίμων
2693 3314 2904 3385 δέχεται
2933 3312 3249 3383 προσθήκην
3289 3311 3471 3383 μηνῶν
3494 3313 3522 3364 ὁ
3546 3311 3648 3382 τῆς
3670 3313 3771 3363 ἐν-

507 3423 665 3486 getur
689 3412 1198 3467 decemnovennalis
1227 3413 1446 3484 cyclus;
1494 3410 1586 3466 sed
1619 3409 1690 3463 ob
1721 3409 1774 3464 id
1805 3423 1994 3472 unum,
2021 3414 2077 3461 ut

2181 3407 2752 3478 νεακαιδεκαετηρίδος
2768 3404 2981 3467 κύκλοςο
3014 3403 3151 3458 ἀλλὰ
3169 3404 3325 3473 μόνον
3352 3402 3444 3456 τοῦ
3475 3402 3574 3472 τὴν
3606 3403 3771 3457 ἑϐδο-

509 3506 564 3558 in
608 3503 887 3558 mensibus
932 3503 1219 3559 duodecim
1269 3501 1460 3557 feriam
1511 3505 2077 3570 assequamur;prout

2185 3500 2416 3572 μαδικὴν
2437 3501 2496 3551 ὲν
2513 3499 2624 3560 τοῖς
2639 3495 2960 3551 δυοκαίδεκα
2985 3495 3147 3565 μησὶν
3170 3493 3382 3564 ἡμέραν
3403 3491 3768 3562 ψηφίζεσθαι,

482 3597 582 3658 ,οὺ
609 3593 833 3650 exordio
880 3594 1140 3648 solarium
1181 3608 1449 3648 annorum
1501 3589 1882 3646 hebdomadici
1932 3589 2081 3644 orbis

511 3687 754 3744 revoluta
785 3686 958 3741 series
983 3701 1012 3738 a
1044 3685 1344 3755 majoribus
1365 3692 1588 3756 accepta
1608 3683 1868 3754 postulat.
1889 3679 2084 3734 Hacte-

512 3793 617 3834 nus
646 3777 714 3832 (ιο
745 3777 1018 3834 solaribus
1041 3777 1268 3848 epactis.

2183 3592 2326 3648 κατὰ
2356 3591 2456 3663 τὴν
2472 3593 2526 3643 ὲν
2565 3590 2704 3662 ἀρχῇ
2726 3589 2834 3643 τῶν
2853 3587 3092 3659 ἡλιακῶν
3119 3585 3253 3640 έτῶν
3274 3585 3371 3656 τῆς
3400 3585 3770 3656 ἑϐδομαδικῆς

2183 3681 2450 3754 ἁρμονίας
2481 3678 2762 3749 συνέχειάν
2804 3694 2862 3730 τε
2903 3678 2997 3731 καὶ⁸
3022 3678 3420 3749 παρατήρησιν.
3444 3675 3632 3730 Ταῦτα
3664 3679 3781 3731 καῖ

2185 3791 2250 3828 πε
2261 3773 2314 3845 pl.
2345 3772 2453 3826 τῶν
2479 3769 2732 3824 ὲπακτῶν
2761 3768 2854 3823 τοῦ
2887 3768 3058 3839 ἡλίου.

511 3895 588 3949 De
623 3891 885 3948 addititiis
928 3894 1034 3948 sive
1083 3892 1412 4015 regulbaribrs
1458 3906 1476 3945 :
1515 3889 1651 3945 unde
1703 3890 1953 3960 originem
1990 3888 2084 3943 Ita—

1245 3980 1342 4015 ean
1377 4003 1390 4015 .

1245 3980 1390 4017 eam.

2183 3891 2323 3960 Περὶ
2370 3888 2490 3944 τῶν
2533 3883 2907 3957 προσθετῶν·
2938 3885 3099 3960 τίνες
3120 3900 3202 3949 τε,
3239 3882 3336 3937 καὶ
3375 3883 3558 3937 πόθεν
3581 3884 3769 3937 αὐταὶ

2761 3954 3191 4025 τυγχάνουσιν.

2256 4067 2400 4136 KG’.
2429 4069 2495 4121 Ai
2526 4067 2583 4120 δὲ
2613 4064 3144 4138 προσθεταὶὴμέραι,
3173 4065 3372 4128 αἵτινες
3399 4063 3503 4117 ἀπὸ
3529 4065 3763 4134 σηρικοῦ

2185 4160 2566 4233 γεγραμμέναι
2619 4159 2775 4221 είσὶν,
2819 4156 2883 4220 ἃς
2936 4157 3030 4210 καὶ
3085 4155 3468 4227 συνεμϐάλλειν
3499 4158 3613 4218 ταῖς
3649 4157 3758 4207 έπ-

2185 4256 2374 4317 ακταῖς
2404 4252 2496 4306 τοῦ
2524 4249 2751 4322 ἡλιακοῦ
2779 4249 2929 4312 ἔτους
2959 4247 3257 4319 εἰρήκαμεν
3282 4250 3348 4318 τῇ
3379 4245 3598 4316 ποσταία⁵
3638 4245 3760 4299 τῶν

2197 4344 2519 4416 Ῥωμαῖκῶν
2566 4342 2771 4412 μηνῶν,
2797 4341 2890 4394 καὶ
2925 4339 3098 4404 οὕτως
3147 4339 3413 4393 ποιεῖσθαι
3440 4337 3521 4391 τὸν
3546 4338 3624 4400 εἰς
3658 4336 3760 4390 τὸν

2185 4439 2229 4504 ζ’
2275 4437 2562 4510 μερισμὸν,
2597 4431 2788 4488 τοῦτον
2842 4433 3024 4504 έχουσι
3067 4431 3159 4486 τὸν
3202 4430 3377 4501 λόγον.
3409 4429 3764 4498 Διττῶς·τῆς

2187 4527 2541 4600 ὲϐδομαδικῆς
2573 4526 2805 4598 ἡμέρας,
2830 4523 2906 4587 ὡς
2925 4523 3160 4596 ἐδείχθη,
3190 4521 3590 4593 ψηφιζομένης·
3618 4523 3767 4575 κατά

2187 4641 2244 4678 τε
2278 4622 2378 4693 τὴν
2397 4622 2504 4674 τῶν
2531 4619 2668 4672 ὅλων
2690 4617 2933 4688 ἄθροισιν
2957 4615 3178 4687 ἡμερῶν
3194 4631 3208 4646 ·
3230 4609 3339 4667 οἷον
3361 4614 3467 4667 ἀπὸ
3492 4615 3592 4684 τῆς
3617 4614 3767 4685 πρὼ·

2185 4732 2285 4786 της
2309 4712 2402 4766 τοῦ
2443 4709 2718 4782 Ἀπριλίου
2760 4707 2948 4779 μέχρις
2975 4706 3142 4776 αὐτῆς
3177 4706 3274 4776 τῆς
3298 4703 3392 4758 τοῦ
3423 4703 3765 4775 ζητουμένου

2187 4803 2354 4877 μηνὸς
2385 4800 2665 4863 ποσταίας,
2705 4798 2846 4852 κατά
2871 4815 2928 4850 τε
2961 4795 3061 4866 τὴν
3093 4795 3202 4849 τῶν
3238 4794 3375 4866 μετὰ
3409 4792 3509 4858 τὰς
3537 4801 3626 4865 κη’
3662 4811 3764 4846 πε-

2185 4895 2379 4968 ριττῶν
2405 4892 2626 4965 ἡμερῶν
2656 4890 3008 4962 διακράτησιν
3025 4907 3037 4918 ·
3063 4886 3264 4950 ταύτας
3295 4885 3359 4957 δὴ
3383 4884 3479 4950 τὰς
3497 4886 3768 4955 περιττάς

2189 4986 2350 5057 μέχρι
2393 4985 2489 5055 μὲν
2519 4979 2892 5052 Σεπτεμϐρίου
2923 4977 3088 5050 μηνὸς
3120 4984 3185 5047 ιγ’
3214 4975 3630 5048 εὑρισκομένας,
3666 4976 3764 5045 μέ-

2185 5095 2276 5150 χρι
2299 5077 2356 5130 δὲ
2400 5074 2725 5146 ὐκτωϐρῐου
2752 5079 2831 5136 ιε’,
2851 5072 2961 5125 τῶν
2989 5078 3056 5141 ιγ’
3078 5069 3370 5139 ἀφελόντας
3389 5068 3486 5132 τὰς
3511 5066 3553 5131 ζ’
3574 5067 3766 5130 ⁷⁸,τάς

2186 5168 2282 5221 καὶ¹
2323 5168 2380 5219 ὲν
2412 5165 2488 5236 τῷ
2537 5164 2889 5234 Σεπτεμϐρίῳ
2934 5163 3020 5216 διά
3075 5160 3301 5233 σηρικοῦ
3359 5156 3758 5228 κατετάξαμεν.

2199 5257 2494 5329 Ὠσπεροῦν
2535 5257 2627 5310 καὶ
2659 5257 2766 5308 τῶν
2798 5262 2855 5308 ιε’
2888 5254 2986 5318 τὰς
3012 5253 3103 5307 δύο
3124 5251 3400 5315 τελοῦντες
3432 5251 3756 5321 ἑϐδομάδας.

2189 5352 2352 5420 ἡγουν
2380 5351 2477 5414 τὰς
2510 5350 2566 5402 ιδ’
2601 5343 2829 5420 ἡμέρας,
2857 5346 2954 5419 τὴν
2979 5345 3106 5418 μίαν
3135 5345 3242 5399 άπδ
3273 5343 3500 5416 σηρικοῦ
3534 5341 3759 5410 διεγρά-

2187 5439 2368 5509 ψαμεν
2402 5439 2457 5492 ἐν
2483 5438 2556 5508 τῷ
2602 5435 2913 5508 ὐκτωϐρίῳ
2933 5453 2944 5465 ·
2972 5437 3163 5489 ταυτὸν
3194 5435 3298 5506 γάρ
3324 5436 3437 5486 ἐστι
3465 5432 3562 5494 τάς
3593 5448 3656 5484 τε
3687 5433 3766 5498 tr

587 4075 772 4131 XXVI.
810 4073 1106 4146 Regulares
1133 4075 1250 4130 dies
1289 4075 1458 4128 rubro
1499 4072 1684 4128 colore
1726 4069 1918 4134 notati,
1949 4084 2083 4140 quos

511 4170 878 4224 Romanorum
898 4167 1163 4222 mensium
1183 4167 1361 4236 quolis
1376 4165 1566 4221 diebus
1583 4179 1706 4218 cum
1721 4162 1925 4232 epactis
1942 4161 2085 4216 sola-

511 4260 666 4313 tihns
693 4255 970 4312 addendos
993 4269 1115 4309 esse
1150 4253 1494 4308 decrevimus
1514 4294 1528 4318 ,
1555 4261 1612 4308 ut
1639 4267 1864 4308 summae
1886 4265 1980 4320 per
2010 4266 2080 4304 vn

513 4351 734 4422 partitio
764 4349 946 4414 ﬁeret,
970 4347 1111 4402 hanc
1143 4347 1345 4402 habent
1373 4347 1665 4402 rationem.
1699 4343 1835 4398 Cum
1871 4341 2083 4397 duobus

513 4444 690 4500 modis
735 4439 1182 4497 hebdomadicam
1219 4438 1433 4501 feriam,
1465 4447 1522 4492 ut
1558 4439 1762 4492 dictum
1790 4445 1892 4499 est,
1933 4449 2082 4488 com-

514 4546 800 4608 putemus;
835 4536 1012 4606 primo
1043 4533 1290 4588 collectis
1320 4531 1513 4586 diebus
1544 4529 1802 4585 omnibus
1832 4544 1861 4581 τι
1886 4527 2083 4581 Kalen-

514 4630 600 4683 dis
644 4628 847 4698 Aprilis
895 4640 1068 4694 usque
1117 4623 1183 4677 ad
1224 4622 1559 4693 propositam
1592 4621 1774 4683 diem;
1815 4617 2081 4684 secundo,

515 4721 648 4776 solis
689 4733 855 4790 supra
888 4732 1060 4771 xxvm
1095 4713 1386 4784 superﬂuis
1425 4711 1651 4766 retentis
1685 4731 1696 4764 :
1729 4709 1796 4764 de
1829 4709 1916 4764 his
1947 4707 2082 4778 ipsis

515 4812 827 4882 stlperlluis,
855 4825 975 4880 qua:
1005 4807 1071 4861 ad
1107 4806 1443 4877 Septembris
1471 4803 1652 4862 ﬁnem,
1683 4819 1779 4855 ιιιι
1804 4801 2078 4865 conliunt;

517 4905 582 4960 ad
632 4902 922 4958 Octobrem
953 4915 1082 4954 vero
1107 4915 1195 4956 xv.
1221 4907 1451 4967 septem,
1494 4893 1671 4967 quoad
1712 4895 1858 4956 licet,
1901 4893 2080 4947 detra.

517 4995 699 5050 bimus
733 5010 744 5044 :
779 4995 915 5047 tiunt
937 5008 1000 5046 ex
1037 5005 1132 5044 xm
1169 4988 1388 5059 quidem
1425 4987 1655 5056 re!iquis
1688 5002 1780 5040 sex
1805 5025 1819 5048 ,
1851 4999 1988 5054 quas
2015 4983 2079 5036 ad

519 5085 887 5156 Septembrem
939 5081 1245 5136 rubricatas
1291 5079 1680 5149 apposnimus:
1717 5078 1783 5131 de
1834 5093 1900 5130 λν
1952 5092 2081 5131 vero

517 5179 768 5233 deductis
823 5175 1178 5231 hebdomadis
1213 5174 1447 5233 duabus,
1483 5173 1583 5225 hoc
1614 5177 1696 5224 est
1745 5168 1937 5224 diebus
1962 5183 2076 5232 xw,

517 5269 794 5325 residuam
831 5283 992 5321 unam
1037 5267 1202 5320 rubro
1235 5265 1415 5319 colore
1448 5263 1514 5317 ad
1551 5261 1836 5316 Octobrem
1885 5260 2077 5330 appin-

518 5363 718 5416 ximus.
748 5359 880 5414 Nam
915 5361 1030 5414 sive
1053 5374 1148 5412 xm
1177 5357 1315 5420 dies,
1345 5364 1438 5409 aut
1473 5372 1542 5409 xv
1581 5355 1933 5415 retineamus,
1967 5351 2080 5405 sive

517 5467 610 5508 sex
640 5452 806 5513 solas,
841 5457 921 5506 vel
953 5464 1117 5504 unam
1148 5449 1213 5502 ad
1245 5446 1461 5503 eosdem
1495 5445 1632 5500 duos
1668 5458 1879 5500 menses
1910 5441 2080 5512 appli-

2115 4676 2158 4730 D

436 5630 484 5654 ιη
589 5610 633 5645 ⁷⁸
666 5609 786 5666 Leo.
819 5606 914 5668 τὰς
949 5613 1019 5669 ς’.
