4044 6220
255 277 398 369 ιε.ιὸ

1063 281 1120 337 S.
1166 278 1416 337 MAXIM!
1456 277 1814 335 MARTYRIS
1851 276 2240 336 COMPUTUS
2279 274 2719 335 ECCLESIAST.

3362 278 3497 335 1256

258 400 349 453 καὶ
376 397 475 464 τὰς
514 405 574 453 ιε’
601 400 855 473 τηρῆσαι,
888 400 981 454 καὶ⁸
1011 400 1179 473 μόνας
1217 399 1317 464 τὰς
1360 405 1415 465 ς’
1440 400 1533 454 καὶ
1557 399 1654 470 τὴν
1678 406 1748 462 α’,
1772 399 1829 452 ὲν

1935 413 2148 462 cemus,
2175 396 2309 452 nihil
2339 397 2407 452 ad
2443 396 2630 452 feriam
2664 393 3023 468 indagandum
3058 394 3255 460 τοῖαι,
3276 396 3497 467 quando

259 495 367 556 τοίς
393 492 573 554 αὐτοῖς
601 492 694 546 δύο
713 491 1007 557 κατατάξαι
1030 493 1166 565 μησὶ
1189 492 1290 563 τῆς
1310 491 1668 563 ἑδδομαδικῆς
1692 490 1827 564 ήμέ-

255 601 356 657 ρας
384 584 545 656 χάριν
572 585 874 657 εὐρήσεωςο
903 585 1043 640 κατά
1065 586 1166 659 τὴν
1196 584 1620 657 συμπαράληψιν
1645 584 1829 656 δηλον-

257 679 335 734 ότι
360 677 470 732 τῶν
485 678 738 732 έπακτῶν
757 677 852 732 τοῦ
878 678 1172 744 ἐνεστῶτος
1191 677 1422 751 ἡλιακοῦ
1443 679 1619 743 ἔτους,
1646 680 1829 732 ὁποῖον

254 771 295 826 3‘
324 769 393 827 ἂν
418 771 501 842 εἴη
527 770 589 824 τὸ
617 770 1008 843 ψηφιζόμενον,
1033 773 1143 827 εἴτε
1169 771 1386 845 πρῶτον
1416 771 1525 825 εἴτε
1555 770 1825 844 δεύτερον,

253 864 447 937 μέχρις
500 862 687 928 άπλῶς
716 862 824 918 ’τοῦ
863 872 948 937 κη’
968 865 1142 929 ἔτους.
1186 865 1244 920 '0
1280 864 1337 919 δὲ
1386 864 1548 929 αὐτὸς
1574 866 1666 918 καὶ
1700 863 1828 934 περὶ

256 946 357 1007 τῶν
401 953 465 1018 δ’,
519 954 639 1012 καὶ.
665 955 794 1027 μιᾶς
834 954 942 1008 άπὸ
990 955 1216 1027 σηρικοῦ
1263 953 1576 1027 προσθετῶν
1607 951 1828 1025 ήμερῶν

252 1046 405 1116 λόγος
446 1046 593 1100 ἐστὶν
620 1046 678 1100 ἔν
703 1063 763 1101 τε
801 1046 1053 1119 Μαρτίῳ,
1094 1047 1187 1101 καὶ
1210 1046 1563 1119 Φεϐρουαρίῳ
1589 1044 1683 1099 καὶ
1725 1044 1830 1098 Ἰα-

252 1138 486 1210 νουαρίῳ
549 1140 1077 1211 κατατεταγμένωνο
1132 1142 1181 1193 εί
1235 1140 1330 1193 καὶ
1373 1138 1463 1193 διὰ
1509 1136 1832 1210 προσθήκης

252 1230 474 1304 ήμερῶν
528 1232 558 1285 ό
616 1232 983 1305 ὲκδηματικὸς
999 1233 1045 1266 ⁷⁸
1097 1232 1277 1286 αὐτῶν
1330 1231 1488 1302 λόγος
1517 1232 1612 1286 καὶ
1649 1228 1829 1285 κανὼν

247 1324 439 1395 γέγονε
472 1325 730 1390 ἐναντίως
774 1329 888 1391 τοῖς
926 1324 985 1391 ἐξ
1011 1325 1354 1399 ἀφαιρέσεως
1400 1322 1831 1395 κανονιζομένοις

249 1417 417 1489 μησίν
435 1433 451 1445 ·
480 1412 592 1471 οἷον
622 1417 700 1489 τῷ
728 1417 1088 1490 Σεπτεμϐρίῳ
1118 1418 1211 1472 καὶ
1254 1414 1569 1488 Ὀκτωόρίῳ
1588 1433 1601 1448 ·
1640 1413 1828 1469 καθότι

173 1527 177 1530 ν
245 1505 341 1561 τοῦ
395 1505 637 1572 ἐλθόντος
688 1508 915 1579 ἡλιακοῦ
959 1508 1111 1573 ἔτους
1159 1505 1697 1577 έκεῖνοι”λογίζονται
1738 1506 1830 1559 καὶ

1932 489 2217 560 praesentis
2247 490 2374 543 anui
2392 488 2527 545 solis
2549 496 2751 558 epactas
2772 488 2934 544 simul
2962 497 3350 544 assumuntur:
3377 488 3499 560 qui-

1936 566 2152 653 cunque
2173 582 2387 637 demum
2413 589 2760 652 computetur
2786 597 2984 646 annus,
3020 582 3251 653 primus,
3292 588 3384 635 aut
3412 598 3499 638 se-

1933 675 2169 741 cundus,
2202 687 2379 743 usque
2419 672 2488 727 ad
2526 689 2718 727 xxvm.
2769 672 2974 729 Eadem
3012 674 3153 729 ratio
3182 680 3264 728 est
3285 689 3358 734 IV.
3393 680 3447 728 et
3482 690 3501 730 ι

1932 768 2335 824 rubricatorum
2392 767 2748 838 regularium,
2794 781 2931 837 quos
2976 765 3045 820 ad
3091 764 3367 830 Martium,
3394 763 3501 821 Fe-

1934 859 2215 917 bruarium
2242 868 2296 915 et
2334 859 2649 915 Ianuarium
2690 857 3046 928 ascripsimus
3083 876 3094 913 :
3126 857 3228 913 etsi
3256 872 3354 927 per
3384 857 3501 912 die-

1933 969 2056 1007 rum
2078 951 2408 1007 additionem
2440 950 2832 1008 hebdomadica
2862 950 3102 1020 ipsorum
3142 950 3281 1023 ratio
3330 957 3384 1003 et
3413 965 3501 1003 re-

1929 1045 2055 1116 gula
2080 1053 2317 1108 constat,
2349 1051 2541 1099 contra
2568 1058 2733 1114 quam
2768 1043 2947 1098 evenit
2976 1042 3044 1096 iis
3072 1042 3372 1098 mensibus.
3405 1041 3500 1113 qui

1931 1137 2320 1193 detractionem
2352 1135 2687 1203 admittunt;
2715 1134 2877 1191 veluti
2912 1131 3241 1204 Septembri,
3268 1140 3323 1188 et
3342 1129 3501 1188 Octo-

1930 1229 2012 1285 bri
2036 1247 2051 1295 ;
2079 1229 2336 1297 quoniam
2371 1227 2618 1298 sequenti
2639 1241 2785 1281 anno
2816 1225 2950 1280 solis
2975 1224 3319 1287 tribuuntur,
3348 1232 3402 1279 et
3430 1222 3499 1278 ad

1929 1330 2052 1370 eum
2079 1316 2372 1386 pertinent.
2404 1315 2559 1370 Haud
2589 1315 2733 1371 enim
2764 1314 2924 1369 aliter
2951 1330 3017 1369 ex
3049 1314 3301 1384 praesenti
3332 1329 3497 1379 anno,

1926 1413 1985 1461 et
2013 1407 2133 1476 ejus
2176 1406 2383 1475 epactis
2432 1403 2676 1461 calculus
2704 1405 2831 1459 iniri
2866 1405 3071 1476 potuit,
3107 1416 3166 1460 ut
3200 1404 3499 1461 hebdoma-

1926 1500 2107 1556 ‘dicam
2138 1501 2328 1557 feriam
2359 1500 2764 1572 inquirentibus
2785 1502 3082 1557 exhiberet.
3113 1501 3323 1573 Quippe
3340 1518 3498 1572 pror-

246 1599 405 1653 είσίν.
438 1600 513 1653 Οὐ
534 1599 644 1671 γάρ
677 1599 851 1664 ἄλλως
879 1598 912 1671 ἢ
949 1598 1121 1664 οὕτως
1158 1598 1379 1670 ἔμελλον
1427 1597 1492 1652 ἂν
1522 1598 1586 1652 ὲκ
1615 1597 1710 1651 τοῦ
1742 1598 1853 1651 ἐνοη

1930 1608 2027 1649 sus
2067 1594 2133 1649 ad
2166 1594 2221 1649 id
2245 1594 2482 1664 expedit,
2515 1601 2573 1648 ut
2598 1595 2883 1650 translatio
2914 1593 3027 1648 ﬁeri
3055 1595 3225 1666 possit
3251 1609 3281 1648 a
3313 1593 3499 1650 Domi-

247 1689 502 1752 εστῶτος,
526 1690 692 1762 ἤγουν
718 1689 828 1744 τῶν
861 1690 1026 1744 αὑτοῦ
1061 1688 1319 1743 ὲπακτῶν
1354 1686 1702 1760 ψηφίζεσθαι,
1733 1688 1830 1741 καὶ

1931 1687 2076 1751 nica,
2109 1694 2163 1743 et
2194 1687 2436 1743 secunda
2473 1688 2730 1754 tertiove,
2763 1702 2828 1742 ac
2854 1688 3014 1758 180
3042 1688 3396 1759 sequentibus
3427 1686 3501 1745 fe:

245 1780 348 1853 τὴν
389 1747 749 1852 ἑϐδομάδικήν
794 1780 1010 1853 ⁴ήμέραν
1034 1779 1201 1852 δήλην
1242 1747 1482 1833 ἐθέλουσι
1506 1747 1823 1851 *παριστᾷω

1930 1780 2028 1837 riis
2073 1783 2128 1835 In
2157 1780 2384 1835 alteram
2439 1777 2801 1845 Dominicam,
2846 1781 2901 1834 in
2942 1780 3135 1835 dextro
3182 1795 3247 1835 ac
3275 1781 3498 1837 sinistro

247 1873 664 1945 Δυσιτελεῖγάρ
693 1873 911 1937 πάντως
940 1875 1021 1937 είς
1049 1871 1111 1926 τὸ
1140 1871 1240 1943 τὴν
1270 1870 1561 1943 μετάθεσιν
1580 1870 1688 1924 ἀπὸ
1702 1871 1819 1923 Ku-

1930 1873 2184 1928 canonio.
2218 1871 2461 1947 Quorum
2486 1873 2713 1928 alterum
2745 1872 2810 1927 ad
2850 1872 3155 1945 ingressum
3183 1881 3499 1930 sanctorum

248 1965 467 2039 ρωκῆς,
497 1966 591 2020 καὶ
620 1964 688 2036 β’,
721 1965 814 2019 καὶ
844 1965 1053 2038 τρίτης,
1083 1965 1179 2019 καὶ
1209 1963 1318 2018 τῶν
1346 1963 1584 2034 καθεξῆς
1617 1964 1698 2027 είς
1728 1961 1827 2034 τὴν

1930 1966 2295 2037 ieiuniorum,
2332 1966 2449 2022 sive
2485 1964 2840 2038 Carnisprivii
2886 1967 3086 2023 festum
3124 1985 3139 2023 :
3173 1968 3403 2023 alterum
3429 1965 3499 2022 ad

247 2056 416 2130 ἄλλην
459 2057 622 2127 άγίαν
658 2057 948 2130 Κυριακὴν
994 2054 1324 2129 ποιήσασθαι
1357 2057 1415 2109 ὲν
1442 2054 1520 2127 τῷ
1544 2053 1705 2126 δεξιῷ
1735 2054 1831 2109 καὶ

1931 2056 2172 2112 salutare
2196 2054 2409 2111 Pascha
2429 2055 2685 2113 refertur.
2711 2056 2986 2114 Hactenus
3007 2057 3074 2115 de
3097 2052 3390 2115 rubricatis
3411 2073 3500 2114 re-

245 2150 512 2223 εὐωνύμῳ
543 2151 801 2223 κανονίῳ·
836 2150 898 2204 τὸ
932 2149 1052 2220 μὲν,
1088 2150 1165 2214 ὡς
1192 2147 1405 2222 εἴρηται
1435 2148 1524 2202 διὰ
1554 2146 1654 2220 τὴν
1717 2147 1833 2200 εἴσ-

1938 2147 2241 2219 gularibus.
2275 2156 2336 2201 ut
2358 2148 2633 2212 omnibus,
2665 2164 2789 2221 qua:
2844 2164 3054 2207 canone
3080 2151 3187 2207 isto
3208 2152 3499 2208 continen-

253 2241 376 2299 οδον
406 2243 516 2297 τῶν
551 2244 722 2313 άγίων
753 2242 1039 2317 νηστειῶν,
1072 2244 1238 2315 ήγουν
1269 2242 1366 2314 τὴν
1409 2239 1824 2314 ἀποκρεάπιμον

1932 2248 2023 2294 tur
2070 2239 2357 2309 expositis,
2387 2255 2581 2295 eorum
2608 2240 2680 2297 sit
2720 2241 2985 2297 studiosis
3024 2242 3320 2299 lectoribus
3347 2257 3499 2299 com-

241 2335 462 2408 ἑορτὴν,
500 2335 562 2390 τὸ
589 2335 666 2401 δὲ,
694 2335 784 2390 διὰ
828 2334 892 2389 τὸ
928 2335 1197 2408 σωτήριον
1239 2335 1452 2405 Πάσχα.
1497 2332 1685 2388 Ταῦτα
1732 2333 1828 2387 καὶ

1933 2330 2227 2401 prehensio
2258 2331 2458 2388 facilis.
2885 2406 2890 2412 _

244 2426 504 2501 περὶτῶν
533 2428 640 2482 ἀπὸ
670 2426 894 2500 σηρικοῦ
922 2427 1234 2500 προσθετῶν
1264 2426 1508 2499 ἡμερῶν,
1542 2426 1618 2491 ὡς
1649 2426 1715 2481 ἂν
1737 2425 1827 2481 διά
1858 2425 2075 2480 πάντων
2097 2425 2197 2495 τῆς
2233 2425 2375 2479 κατὰ
2401 2426 2522 2480 τόδε
2541 2426 2604 2480 τὸ
2652 2428 2897 2483 κανόνιον
2942 2428 3271 2504 ἐξηγήσεως,
3293 2446 3502 2501 τρανω-

244 2520 435 2592 Oeten;
478 2523 511 2593 ή
566 2521 675 2575 τῶν
711 2522 770 2575 ὲν
800 2520 949 2593 αὐτῷ
992 2521 1259 2593 κειμένων
1315 2520 1615 2592 κατάληψις
1667 2518 1825 2592 ῥᾳδία
1852 2519 2075 2591 γένηται
2103 2519 2215 2582 τοῖς
2242 2517 2565 2588 φιλοπόνοις.

320 2638 459 2707 Περὶ
490 2636 608 2692 τῶν
632 2635 908 2693 ὲπακτῶν
948 2636 1058 2710 τῆς
1090 2638 1378 2710 σελήνης,
1416 2637 1542 2705 πῶς
1580 2633 1756 2694 αὗται

849 2706 1228 2779 ψηφίζονται.

321 2818 448 2875 KZ'.
469 2818 686 2873 Τούτων
705 2819 763 2874 δὲ
786 2820 959 2886 οὕτως
979 2823 1102 2894 είρη
1110 2820 1304 2893 μένων,
1317 2821 1398 2874 δεῖ
1411 2819 1657 2894 περὶτῶν
1678 2823 1735 2874 ἐν
1749 2819 1827 2893 τῷ

244 2910 516 2983 εὐωνύμῳ
545 2912 775 2983 κανονίῳ
800 2912 1149 2984 τεταγμένων
1175 2913 1424 2966 ὲπακτῶν
1462 2912 1561 2984 τῆς
1599 2911 1827 2985 σελήνης

2032 2638 2111 2693 De
2134 2639 2332 2707 epactis
2355 2638 2516 2704 lunw,
2541 2638 2978 2711 quemadmodum
3001 2651 3383 2711 computentur.

1996 2821 2211 2879 XXVII.
2244 2821 2343 2880 IIis
2383 2823 2811 2894 animadversis,
2836 2825 2904 2883 de
2947 2827 3155 2897 epactis
3184 2827 3347 2892 lunas,
3377 2843 3501 2900 qua

1931 2916 1986 2972 in
2017 2918 2246 2974 sinistro
2283 2933 2493 2975 canone
2521 2927 2671 2986 sunt,
2706 2935 2887 2977 sermo
2918 2920 3499 2978 rursusinstituendus

244 3003 345 3059 καὶ
372 2998 526 3067 αὖθις
551 3003 931 3070 ἐπαναλαϐεῖν,
965 3007 1060 3060 καὶ
1091 3004 1261 3073 δεῖξαι
1296 3004 1413 3069 πῶς
1449 2998 1611 3059 αὗται
1642 3004 1826 3077 ψηφί-
1852 3044 1853 3055 η

1930 3017 2038 3074 est,
2071 3024 2136 3065 ac
2163 3009 2650 3068 demonstrandum
2672 3011 2943 3084 quomodo
2962 3014 3264 3085 computari
3285 3021 3339 3071 et
3364 3013 3499 3086 ipsa!

243 3096 453 3161 ζονται.
487 3095 607 3167 Χρὴ
638 3096 816 3151 τοίνυν
845 3097 907 3150 τὸ
934 3097 1288 3168 ἐνιστάμενον
1319 3096 1419 3167 τῆς
1449 3096 1676 3168 σελήνης
1708 3095 1828 3161 έτος

244 3188 735 3244 ἑνδεκαπλασιάσαι
752 3207 766 3220 ’
811 3185 924 3245 οἷον
951 3189 1028 3254 ὡς
1056 3189 1149 3244 ἐπὶ
1178 3189 1273 3245 τοῦ
1305 3188 1568 3263 παρόντος
1594 3190 1638 3244 δ’
1664 3190 1756 3243 καὶ
1797 3197 1826 3243 ι’

246 3282 346 3337 καὶ
377 3283 478 3346 τὰς
509 3284 574 3337 ὲκ
597 3281 693 3337 τοῦ
723 3280 1206 3355 πολυπλασιασμοῦ
1228 3283 1595 3354 συναγομένας
1617 3282 1830 3354 ήμέρας

250 3374 361 3446 ρνδ¹
412 3374 631 3444 ποιῆσαι
664 3375 814 3448 παρὰ
844 3373 939 3430 δύο
974 3374 1208 3448 ἡμέρας,
1236 3374 1326 3429 διὰ
1357 3373 1420 3427 τὸ
1473 3373 1686 3446 πρῶτον
1731 3374 1830 3445 τῆς

247 3463 480 3536 σελήνης
519 3464 639 3530 ἔτος
676 3467 721 3520 θ’
750 3467 911 3538 μόνον
941 3467 1184 3530 ὲπακτὰς
1208 3466 1353 3538 ἔχειν
1375 3482 1389 3496 ·
1427 3466 1521 3520 καὶ
1546 3463 1719 3529 οὕτως
1748 3466 1830 3529 είς

244 3558 342 3610 τὸν
373 3555 437 3621 λ’,
466 3556 552 3611 διά
583 3558 711 3621 τοὺς
752 3558 1083 3629 ἐμϐολίμους
1128 3560 1302 3630 μῆνας
1346 3557 1547 3624 ταύτας
1587 3558 1825 3631 μερίσαι.

247 3648 408 3719 Λέγω
452 3648 510 3704 δὲ
551 3650 651 3714 τὰς
701 3649 812 3720 ρν6¹
839 3650 1060 3715 καὶτὰς
1085 3650 1538 3722 ὑπολειπομένας,
1582 3650 1829 3704 τουτέστι

246 3741 348 3805 τάς
392 3741 487 3795 δύο
518 3742 752 3815 ἡμέρας,
778 3742 1020 3807 ἑπακτάς
1050 3742 1195 3815 ἔχειν
1234 3742 1295 3797 τὸ
1317 3744 1416 3816 τῆς
1459 3744 1687 3816 σελήνης
1712 3743 1829 3808 ἔτος

245 3830 605 3903 γινώσκεται·
640 3832 705 3897 ἃς
757 3835 852 3886 καὶ
901 3833 1385 3906 διαγεγραμμένας
1427 3833 1540 3905 ἔχει
1591 3832 1654 3887 τὸ
1698 3834 1830 3889 αὐτὸ

243 3920 290 3973 δ’
324 3919 416 3974 καὶ
446 3926 476 3972 ι’
502 3920 621 3985 ἔτος
659 3921 717 3973 ὲν
749 3922 884 3992 τῷδε
914 3922 991 3992 τῷ
1016 3924 1270 3994 κανονίῳ.
1291 3921 1479 3988 Οὕτως
1502 3919 1595 3978 οὖν
1618 3925 1713 3978 καὶ
1741 3925 1828 3978 ἐπ’

246 4011 411 4066 ἄλλου
470 4012 668 4076 παντὸς
714 4011 867 4077 ἔτους
922 4013 1152 4085 σελήνης
1210 4016 1473 4087 προσήκει
1508 4018 1700 4069 ποιεῖν.
1726 4010 1831 4071 Αὖ-

244 4121 340 4159 ται
387 4103 445 4158 δὲ
492 4104 728 4158 ὲπακταὶ
755 4107 961 4179 ἡμέραι
996 4107 1374 4178 τυγχάνουσιν,
1399 4106 1465 4171 ἃς
1489 4106 1549 4161 τὸ
1590 4108 1708 4171 ἔτος
1731 4108 1830 4178 τῆς

248 4196 477 4268 σελήνης
506 4197 684 4269 πάντη
716 4215 775 4251 τε
805 4200 900 4252 καὶ
932 4199 1149 4264 πάντως
1177 4199 1300 4271 ἕχον
1335 4201 1647 4273 εὑρίσκεται
1688 4201 1829 4256 κατὰ

244 4287 347 4359 τήν
392 4288 657 4360 τριακάδα
702 4288 925 4363 πρώτην
960 4288 1053 4343 τοῦ
1086 4291 1333 4363 Μαρτίου
1377 4290 1565 4364 μηνός.
1609 4292 1827 4365 Ἐπειδὴ

1930 3096 2185 3155 debeant.
2221 3097 2391 3169 igitur
2421 3110 2732 3158 currentem
2778 3118 2980 3158 annum
3012 3103 3155 3159 luna:
3186 3119 3283 3174 per
3328 3104 3500 3161 unde.

1928 3189 2034 3244 cim
2062 3189 2427 3262 multiplicare
2463 3201 2680 3263 oportet
2710 3210 2724 3245 :
2749 3202 2808 3248 ut
2841 3195 3073 3266 exempli
3114 3210 3303 3263 causa,
3328 3195 3495 3263 hunc,

1930 3284 2023 3353 qui
2047 3282 2229 3355 agitur
2256 3285 2421 3340 modo
2447 3301 2561 3341 xw.
2589 3283 2869 3342 Summam
2903 3286 3028 3342 inde
3059 3288 3345 3344 collectam
3373 3287 3496 3345 die-

1928 3387 2050 3427 rum
2100 3385 2244 3439 οων,
2270 3373 2512 3431 duobus
2552 3375 2798 3433 minuere
2834 3392 2848 3429 :
2886 3376 3030 3447 quod
3064 3378 3275 3449 primus
3320 3393 3499 3434 annus

1936 3465 2077 3520 luna:
2108 3481 2163 3520 rx
2186 3467 2565 3522 tantummodo
2593 3476 2815 3538 epactas
2842 3467 3058 3524 habeat.
3091 3468 3285 3526 Postea
3308 3470 3363 3525 in
3389 3488 3497 3527 xxx

1929 3558 2122 3630 partiri
2163 3573 2272 3614 cur
2317 3558 2444 3615 illos
2489 3558 2609 3616 dies
2638 3569 2862 3631 propter
2892 3559 3216 3617 embolimos
3256 3575 3494 3619 menses.

1929 3645 2221 3719 Reliquum
2249 3655 2335 3704 est
2366 3648 2615 3714 biduum,
2640 3662 2762 3718 quae
2779 3647 2908 3703 anni
2932 3647 3093 3703 istius
3113 3655 3318 3718 epacta:
3342 3655 3495 3711 sunt,

1928 3749 1984 3796 et
2006 3740 2074 3795 ad
2101 3740 2350 3795 eumdem
2368 3754 2571 3794 annum
2593 3728 2736 3794 lunae
2754 3754 2848 3793 xiv
2875 3739 2931 3793 in
2947 3753 3159 3796 canone
3186 3739 3494 3811 descriptae.

1929 3832 2073 3889 Idem
2107 3834 2160 3887 in
2185 3831 2400 3889 caeteris
2433 3831 2688 3887 omnibus
2716 3831 2877 3888 annis
2906 3832 3049 3888 luna:
3080 3832 3261 3888 facere
3301 3846 3498 3888 conve-

1930 3927 2032 3984 nit.
2063 3923 2238 3980 Porro
2267 3930 2476 3994 epacta:
2496 3922 2613 3977 istae
2632 3920 2747 3977 dies
2777 3930 2926 3987 sunt,
2954 3938 3094 3994 quos
3122 3938 3324 3978 annum
3356 3923 3499 3979 luna

1930 4032 2162 4091 prorsus
2210 4014 2413 4071 habere
2465 4013 2852 4083 cognoscimus
2880 4013 2936 4069 in
2978 4014 3068 4070 die
3115 4013 3294 4068 Martii
3342 4027 3493 4069 xxxi.

1930 4109 2082 4176 Quos
2111 4107 2331 4179 quidem
2360 4104 2505 4162 scire
2540 4105 2790 4170 interest,
2824 4114 2885 4160 ut
2919 4114 3143 4177 quotum
3180 4106 3322 4162 lunt:
3350 4105 3495 4181 diem

1932 4201 1988 4257 in
2019 4200 2266 4272 quolibet
2281 4198 2551 4254 mensium
2577 4197 2868 4254 duodecim
2904 4206 3243 4273 computare.
3266 4204 3321 4254 et
3348 4198 3498 4253 inve-

1934 4293 2137 4365 stigare
2157 4291 2451 4363 possimus.

241 4377 451 4443 ταύτας
485 4380 573 4434 ἀεὶ
596 4380 714 4434 δέον
769 4382 917 4435 ἐστὶν
964 4380 1163 4436 εἰδέναι
1222 4384 1386 4438 πόσαι
1432 4384 1760 4456 τυγχάνουσι
1801 4404 1814 4415 ·
1848 4371 2184 4440 λυσιτελοῦσι
2229 4383 2336 4457 γάρ
2385 4385 2466 4449 είς
2513 4383 2572 4438 τὸ
2613 4383 2712 4458 τὴν
2754 4385 3015 4440 ποσταίαν
3053 4384 3154 4455 τῆς
3180 4383 3407 4454 σελήνης
3438 4383 3497 4435 ἑν

228 4469 461 4543 ,ὶκάστῳ
488 4470 596 4525 τῶν
632 4471 952 4526 δυοκαίδεκα
978 4472 1163 4546 μηνῶν
1187 4473 1524 4546 ψηφίζεσθαι
1554 4477 1650 4531 καὶ
1676 4476 2049 4551 εὑρίσκεσθαι.

320 4588 453 4656 Πῶς
479 4590 550 4644 ἐν
576 4589 810 4655 ἑκάστῳ
842 4590 991 4668 μηνί
1022 4590 1134 4660 τῆς
1162 4592 1432 4661 σελήνης
1458 4596 1761 4651 ποσταίαν

1968 4596 2245 4665 Quomodo
2274 4597 2328 4651 in
2358 4612 2666 4668 unoquoque
2697 4563 2870 4651 mense
2908 4596 3047 4652 (una
3067 4602 3284 4664 quotam
3322 4592 3461 4648 diem

847 4663 1228 4732 εὑρίσκομεν.

316 4777 451 4830 κη’.
472 4770 595 4830 Οἷον
618 4776 718 4840 τὰς
747 4776 855 4831 ἀπὸ
872 4777 973 4848 τῆς
1002 4776 1514 4849 πρώτηςἈπριλίου
1544 4780 1704 4852 μέχρι
1721 4780 1822 4851 τῆς

239 4868 591 4940 ζητουμένης
632 4871 691 4922 ὲν
729 4869 1026 4940 οίῳδήποτε
1069 4870 1201 4940 μηνὶ
1243 4869 1534 4942 Ῥωμαῖκῷ
1558 4870 1820 4936 ποσταίας

239 4962 465 5034 ⁴ἡμέρας
513 4960 855 5032 άθροίζομεν.
890 4961 1000 5015 Καὶ
1051 4961 1256 5026 ταύτας
1305 4961 1667 5035 ὲπιόάλλομεν
1720 4961 1821 5027 τὰς

239 5053 543 5125 εἰρημένας
572 5051 674 5121 τῆς
700 5051 927 5123 σελήνης
973 5053 1236 5117 ἐπακτάς·
1266 5052 1335 5115 ἃς
1384 5052 1610 5124 ἔχουσα,
1642 5053 1821 5118 καθὼς

241 5148 407 5217 ἔφην,
429 5144 742 5218 εὑρίσκεται
768 5144 909 5200 κατὰ
933 5144 1030 5217 τὴν
1057 5148 1176 5219 είρη
1185 5146 1353 5218 μένην
1379 5147 1643 5218 τριακάδα
1673 5147 1820 5221 πρώ-

242 5254 348 5308 την
384 5234 479 5289 τοῦ
529 5235 775 5307 Μαρτίου
817 5233 1000 5306 μηνός.
1045 5235 1156 5288 Kal.
1188 5238 1268 5300 είς
1295 5236 1392 5302 τὰς
1417 5236 1500 5291 κθ⁹
1524 5238 1694 5309 ἥμισυ
1722 5236 1821 5301 τὰς

2560 4669 2867 4738 reperimus.

1932 4758 1970 4781 ε
2002 4778 2241 4837 XXVIII.
2277 4779 2403 4836 Dies
2447 4794 2659 4842 omnes,
2694 4778 2787 4846 qui
2824 4792 2854 4831 a
2903 4776 3162 4835 Kalendis
3194 4777 3394 4848 Aprilis
3423 4777 3493 4834 ad

1928 4872 2079 4929 diem
2111 4873 2321 4928 mensis
2350 4871 2644 4942 cujuslibet
2682 4869 2915 4949 Romani
2956 4869 3251 4936 ﬂuxerunt,
3284 4870 3496 4941 colligi-

1928 4979 2082 5020 mus.
2114 4963 2211 5020 His
2245 4974 2467 5035 epactas
2491 4964 2652 5031 lunae,
2682 4962 2751 5019 de
2777 4964 2979 5034 quibus
3000 4963 3205 5019 dictum
3231 4969 3338 5027 est,
3355 4961 3493 5032 adji-

1926 5059 2129 5121 cimus,
2181 5072 2544 5128 quascunque
2572 5055 2660 5113 die
2703 5055 2884 5111 Martii
2919 5072 3047 5112 xxxt
3081 5056 3270 5113 sortita
3306 5055 3490 5113 fuerit.

1929 5148 2212 5205 Summam
2233 5165 2329 5220 per
2345 5166 2474 5204 xxix
2504 5150 2608 5221 1/2
2631 5149 2900 5220 partimur
2919 5166 2933 5217 ;
2950 5150 3220 5221 reliquum
3237 5136 3333 5207 est
3362 5158 3493 5206 setas

1928 5243 2096 5298 lunae.
2133 5239 2261 5297 Haec
2290 5241 2358 5296 de.
2389 5241 2537 5298 lunae
2564 5250 2877 5315 epactarum
2917 5240 3190 5309 methodo,
3221 5251 3275 5298 et
3307 5242 3494 5298 inven-

241 5328 378 5394 ὅλας
413 5327 740 5400 μερίζομεν’
776 5327 870 5380 καὶ
909 5325 1009 5390 τὰς
1053 5327 1430 5397 άπομενούσας
1461 5329 1688 5401 ἔχουσαν
1719 5329 1818 5401 τὴν

1930 5335 2075 5393 tione
2111 5335 2256 5392 dicta
2288 5333 2429 5391 sint.

244 5419 497 5491 σελήνην
531 5421 891 5492 γινώσκομεν.
922 5421 1107 5476 Ταῦτα
1152 5422 1248 5476 καὶ
1280 5422 1409 5495 περὶ
1444 5422 1542 5494 τῆς
1583 5422 1690 5477 τῶν
1721 5424 1818 5477 ἑπ-

244 5510 433 5565 ακτῶν
470 5512 568 5583 τῆς
599 5512 826 5584 σελήνης
861 5511 1081 5584 μεθόδου
1109 5530 1168 5567 τε
1197 5515 1291 5569 καὶ
1319 5513 1602 5585 εὑρέσεως.

344 5670 393 5706 τ’
421 5671 461 5740 τ.
488 5670 855 5743 ἑϐδομαδικὸς.
