4044 6220
528 253 663 310 ιιι-ι

602 369 674 420 Ile
701 370 899 435 apum
926 359 1080 423 solis,
1102 352 1365 428 quomodo
1395 364 1442 409 et
1476 355 1606 423 ipsa
1634 358 2019 420 computentur.

602 545 795 603 XXIX.
826 540 1178 614 Explic‘andae
1199 547 1327 595 sunt
1353 537 1612 604 deinceps
1632 540 1835 605 epacta:
1865 531 2093 613 splares,

531 656 596 696 ac
628 632 1086 710 quemadmodum
1123 629 1455 699 investigare
1480 640 1574 681 eas
1610 630 1880 694 oporteat.
1912 622 2098 690 Itaque

532 728 815 802 proposito
847 738 992 780 anno
1018 721 1155 778 solis
1203 718 1467 790 quolibet,
1507 726 1567 771 ut
1601 715 1704 769 hoc
1739 714 1859 783 ipso
1887 726 2097 768 xxvni:

534 801 777 884 totidem,
811 830 921 873 una
969 814 1222 884 dempta,
1272 807 1622 864 numeranda:
1662 814 1791 861 sunt
1829 803 1968 868 dies,
1998 801 2100 855 hoc

532 924 616 972 est
643 927 813 968 xxvrr.
837 908 1179 976 Quadrantes
1220 910 1424 967 autem,
1471 900 1624 956 nullo
1670 898 1938 955 detracto.
1968 903 2101 967 quot

535 1016 762 1062 summa:
787 1002 886 1055 toti
907 1001 1243 1067 competunt.
1263 989 1608 1056 assumendi;
1630 995 1760 1059 puta
1776 1001 1945 1041 xxvm
1969 1000 2104 1054 qua--

535 1098 820 1156 dril‘ariam
837 1094 1050 1160 divisis,
1082 1093 1219 1147 liunt
1241 1091 1428 1160 utique
1449 1088 1566 1144 dies
1589 1102 1663 1141 vu
1688 1103 1702 1153 ;
1721 1085 1921 1155 quibus
1950 1082 2103 1138 addi-

536 1193 629 1253 tis.
663 1202 931 1247 summam
992 1201 1155 1240 xmv
1181 1183 1391 1238 dierum
1425 1196 1520 1249 per
1549 1194 1624 1232 vn
1663 1176 1845 1233 divide
1884 1182 2106 1246 propter

538 1280 929 1338 hebdomadas.
958 1277 1281 1338 Residuum,
1301 1275 1401 1328 hoc
1421 1279 1507 1327 est
1527 1287 1580 1326 v1
1601 1270 1742 1333 dies.
1770 1284 1870 1340 pro
1900 1266 2104 1337 epactis

537 1375 808 1430 obtinebit
838 1372 928 1426 hic
953 1385 1130 1426 annus
1154 1382 1509 1439 xxvut,_quas
1528 1365 1596 1419 ad
1625 1363 1877 1420 eumdem
1902 1374 2104 1416 annum

540 1469 826 1539 posuimus
857 1466 913 1520 in
945 1477 1156 1519 canone
1188 1480 1201 1515 :
1233 1468 1295 1516 ut
1346 1458 1415 1514 ad
1450 1468 1683 1537 caeteros
1736 1468 1858 1525 qua:
1908 1452 2109 1522 cuique

541 1557 944 1628 competebant.
974 1554 1117 1607 Idem
1151 1552 1238 1607 fac
1269 1551 1324 1606 in
1350 1549 1459 1604 alio
1487 1546 1682 1619 quovis
1713 1559 1880 1610 anno,
1907 1550 1966 1599 ut
1987 1542 2108 1613 ejus

543 1655 765 1723 epactas
785 1661 980 1717 assequ
988 1659 1100 1703 are.

581 1850 857 1919 Quomodo
890 1848 1141 1920 wquales,
1176 1857 1267 1900 aut
1288 1845 1589 1920 excedente:
1616 1845 1835 1901 invicem
1861 1852 2076 1913 epaclu

1010 1918 1231 1973 habeant
1254 1917 1380 1970 anni
1412 1916 1633 1971 salares.

618 2036 787 2096 XXX.
806 2038 1004 2092 Annus
1034 2035 1215 2091 omnis
1240 2032 1442 2089 solaris
1471 2031 1613 2086 diem
1641 2045 1765 2085 cum
1809 2031 2114 2100 quadrante

552 2148 652 2204 pro
678 2130 885 2203 epaetis
919 2129 1197 2197 relinquit.
1225 2127 1358 2193 Quae
1389 2125 1520 2180 nihil
1544 2123 1690 2177 aliud
1722 2131 1854 2179 sunt
1887 2122 2114 2176 omnino

554 2230 750 2294 praeter
772 2222 917 2276 diem
950 2220 1102 2273 illum
1135 2233 1260 2273 cum
1291 2216 1618 2287 quadrante,
1636 2213 1730 2283 qui
1758 2218 1880 2282 post
1911 2210 2108 2265 hebdo-

554 2313 745 2369 madas
791 2326 868 2366 LI!
916 2311 1158 2380 integras
1202 2307 1271 2362 de
1303 2320 1507 2361 cccuv
1546 2302 1645 2375 1/4
1683 2309 1977 2373 superest:
2017 2300 2114 2357 sed

555 2404 717 2468 duos,
747 2403 833 2458 vel
865 2409 1000 2467 tres,
1049 2399 1136 2454 vel
1185 2405 1445 2468 quatuor,
1485 2406 1539 2452 et
1586 2396 1653 2451 ad
1694 2401 1901 2465 septem
1943 2408 2118 2462 usque

558 2494 760 2550 habere
784 2493 1008 2557 dicitur,
1049 2490 1193 2562 quod
1232 2489 1374 2545 diem
1408 2490 1561 2544 illum
1589 2497 1643 2544 et
1670 2488 1773 2559 1/2
1809 2486 1878 2542 ad
1907 2501 1967 2542 se
1992 2502 2118 2542 mu-

560 2595 654 2641 tuo
674 2584 1073 2647 transmittant,
1109 2592 1164 2639 et
1195 2588 1520 2653 augeantur.
1558 2580 1694 2635 Nam
1740 2578 1808 2634 ad
1852 2579 2119 2651 integram

559 2672 978 2737 hebdomadam,
1020 2683 1382 2744 septenosque
1418 2671 1535 2727 dies
1562 2669 1757 2725 ordine
1779 2671 1837 2723 lit
1868 2684 2121 2740 progres-

562 2768 665 2824 sio.
715 2764 869 2821 Unde
896 2781 1091 2820 rursus
1137 2762 1204 2818 ad
1238 2763 1455 2818 initium
1492 2760 1724 2817 reditur.
1755 2758 1889 2814 Cum
1938 2766 2121 2813 autem

564 2858 835 2914 bisextilis
864 2872 1044 2912 annus
1067 2864 1174 2919 est,
1207 2863 1370 2926 atque
1391 2870 1457 2909 ex
1480 2852 1823 2924 quadriennii
1851 2851 2124 2922 quadran-

562 2952 711 3008 tibus
752 2950 874 3006 dies
916 2965 1025 3005 una
1057 2948 1354 3018 colligitur,
1382 2962 1445 3001 ea
1488 2944 1813 3009 accedente,
1847 2944 2122 3014 sequentis

1542 238 1632 293 AD
1670 233 1937 292 EUSEBII
1974 220 2367 291 CU‘RONICON
2406 235 2767 295 APPENDIX.

3625 236 3753 292 1243

2118 351 2167 409 Α
2192 348 2332 416 Περὶ
2386 349 2502 403 τῶν
2541 348 2814 405 ἐπακτῶν
2852 350 2957 406 τοῦ
3012 348 3216 417 ἡλίου,
3260 346 3387 414 πῶς
3439 347 3539 404 και
3591 345 3759 404 αὗται

2787 418 3161 489 ψηφίζονται.

2264 527 2372 581 ΚΘ⁹
2380 567 2391 581 .
2427 530 2517 582 Δεῖ
2529 528 2584 582 δὲ
2596 530 2689 585 καὶ
2702 527 2945 601 περὶτῶν
2962 527 3199 599 ἡλιακῶν
3212 527 3469 584 ὲπακτῶν
3479 530 3764 601 γνωρίσαι,

2196 618 2314 683 πῶς
2329 619 2423 674 καὶ
2434 619 2632 685 ταύτας
2648 621 2765 675 ἐστὶ
2778 621 3122 676 καταλαϐεῖν.
3140 622 3185 673 Χ
3195 620 3260 692 ρὴ
3272 620 3451 675 τοίνυν
3462 620 3544 692 τῷ
3559 623 3767 676 ἐνιστα-

2201 712 2347 783 μένῳ
2394 712 2604 784 ἡλιακῷ
2645 712 2774 778 ἔτει,
2804 712 2936 783 φέρε
2963 714 3135 767 εἰπεῖν
3161 712 3237 774 ὡς
3264 713 3354 765 ἐπὶ
3378 712 3473 766 τοῦ
3505 714 3767 784 παρόντος

2199 810 2284 875 κη’
2330 803 2505 869 ἔτους,
2553 804 2871 875 ἰσαρίθμους
2920 803 3068 874 αὐτῷ
3105 808 3325 875 κρατεῖν
3360 805 3579 877 ἡμέρας
3626 807 3771 880 παρὰ

2203 896 2333 966 μίαν
2372 895 2538 967 μόνην
2565 897 2801 968 ἡμέραν,
2834 896 3113 949 τουτέστιν
3136 895 3218 961 κζ’
3241 896 3475 967 ἡμέρας,
3510 897 3771 968 ἰσάριθμα

2201 987 2259 1040 δὲ
2291 987 2525 1058 τέταρτα
2582 987 2711 1059 παρ’
2740 987 2859 1041 οὐδὲ
2908 987 2965 1041 ἓν
3009 987 3265 1060 τέταρτον
3294 984 3449 1052 αὖθις
3482 1005 3775 1061 συμπαρα-

2202 1079 2514 1151 λαμϐάνειν·
2555 1080 2830 1134 τουτέστιν
2858 1087 2965 1151 κη’,
2990 1080 3082 1143 ὅδ’,
3111 1079 3251 1152 ᾇπερ
3282 1079 3527 1133 ποιοῦσιν
3565 1080 3775 1151 ἡμέρας

2203 1171 2485 1243 προδήλως
2529 1172 2699 1226 ἑπτά·
2732 1173 2826 1225 καὶ
2856 1170 3029 1234 οὕτως
3056 1171 3157 1234 τὰς
3182 1171 3331 1235 ὅλας,
3356 1172 3527 1242 ἧγουν
3564 1170 3667 1234 τὰς
3705 1170 3774 1224 λδ

2207 1262 2450 1333 μερίζειν
2482 1264 2560 1326 εἰς
2585 1262 2682 1334 τὴν
2708 1262 2752 1328 ζ’
2794 1261 2882 1316 διὰ
2905 1262 3006 1326 τὰς
3025 1261 3341 1333 ἑδδομάδας.
3368 1262 3480 1316 Καὶ
3509 1261 3609 1324 τὰς
3644 1262 3776 1314 iam.

2204 1353 2441 1417 λοίπους,
2472 1354 2716 1407 τουτέστι
2736 1353 2835 1416 τὰς
2862 1360 2913 1419 ς’
2941 1353 3175 1425 ἡμέρας,
3198 1354 3441 1417 ὲπακτὰς
3466 1352 3590 1423 ἔχον
3615 1352 3779 1422 γινώ-

2207 1459 2396 1497 σκεται
2436 1443 2497 1496 τὸ
2540 1442 2673 1497 αὐτὸ
2711 1449 2796 1515 κη’
2826 1443 2973 1507 ἔτος·
3000 1442 3065 1507 ἃς
3087 1446 3145 1497 ὲν
3178 1442 3328 1515 αὐτῷ
3360 1444 3453 1497 καὶ
3480 1443 3780 1515 διεγράψα-

2211 1554 2309 1609 μεν
2353 1537 2412 1589 ὲν
2451 1535 2585 1607 τῷδε
2624 1536 2703 1608 τῷ
2734 1535 2982 1607 κανονίῳ,
3004 1535 3148 1591 καθὰ
3181 1536 3407 1600 καὶτοῖς
3443 1536 3654 1601 λοιποῖς
3684 1537 3783 1603 τὰς

2211 1630 2573 1701 προσφόρους.
2612 1628 2797 1693 Οὕτως
2829 1624 2921 1682 οὖν
2969 1628 3063 1683 καὶ
3097 1629 3182 1681 ἐπ’
3223 1627 3381 1682 ἄλλου
3428 1629 3631 1693 παντός
3672 1631 3785 1681 ἐστι

2212 1725 2385 1776 ποιεῖν
2408 1724 2487 1787 εἰς
2515 1721 2733 1795 εὕρεσιν
2763 1720 2873 1776 τῶν
2901 1721 3066 1775 αὑτοῦ
3088 1720 3363 1775 ἐπαιτῶν.

2206 1833 2343 1901 Πῶς
2391 1834 2488 1889 καὶ
2536 1834 2695 1900 Ισας,
2730 1833 2827 1888 καὶ
2875 1832 3150 1901 περιττὰς
3203 1830 3494 1897 ἀλλήλων
3520 1830 3793 1895 ἐπακτὸς

2582 1904 2797 1975 έχουσι
2827 1906 2899 1958 τὰ
2925 1902 3030 1957 τοῦ
3069 1903 3247 1970 ἡλίου
3279 1902 3404 1968 ἔτη.

2281 2019 2358 2072 Λθ.
2390 2017 2658 2072 Ἕκαστον
2694 2017 2795 2089 μὲν
2837 2016 2946 2087 γὰρ
2975 2016 3092 2080 ἔτος
3123 2015 3274 2087 ἡλίου
3304 2015 3433 2086 μίαν
3461 2014 3731 2083 τέταρτον
3745 2014 3795 2045 ⁶⁹

2213 2110 2475 2182 κέκτηται
2500 2110 2762 2182 ἑπακτὴν,
2792 2110 2893 2163 οὐκ
2924 2108 3089 2179 ἄλλην
3110 2105 3275 2162 οὖσαν
3295 2109 3357 2160 τὸ
3390 2107 3608 2160 σύνολον
3633 2107 3670 2177 ἦ
3696 2106 3799 2175 τὴν

2213 2202 2353 2273 μετὰ
2382 2202 2483 2266 τὰς
2526 2202 2605 2273 νβ’
2642 2202 2943 2274 ἑϐδομάδας
2970 2199 3390 2272 περιττεύουσαν
3423 2200 3485 2252 ὲκ
3515 2196 3626 2250 τῶν
3663 2196 3798 2262 τξεκ

2210 2291 2253 2345 δ’
2276 2292 2529 2364 ἡμερῶν
2568 2291 2660 2346 δύο
2685 2292 2762 2358 δὲ,
2801 2293 2896 2346 καὶ
2925 2298 2996 2361 γ’,
3032 2292 3127 2346 καὶ
3156 2291 3219 2354 θ’,
3241 2290 3335 2344 καὶ
3370 2290 3561 2363 μέχρις
3600 2288 3801 2352 ἁπλῶς

2211 2381 2322 2437 τῶν
2352 2383 2394 2448 ζ’
2420 2383 2636 2451 λέγεται
2685 2384 2829 2455 ἔχειν
2867 2383 2956 2437 διὰ
2982 2384 3081 2455 τὴν
3115 2382 3174 2449 ἐξ
3203 2381 3446 2453 ἀλλήλων
3474 2383 3555 2445 εἰς
3584 2379 3804 2450 ἄλληλα

2215 2472 2507 2545 γινομένην
2527 2473 2728 2546 ταύτης
2760 2473 2817 2528 δὲ
2844 2473 2943 2543 τῆς
2973 2474 3102 2545 μιᾶς
3129 2472 3386 2543 τέταρτον
3412 2471 3803 2543 παραπομπήν

2216 2587 2278 2624 τε
2309 2569 2402 2624 καὶ
2433 2567 2679 2642 αὔξησιν.
2711 2569 2856 2632 Ἕως
2886 2568 2995 2640 γὰρ
3027 2568 3126 2638 τῆς
3149 2566 3507 2638 ἑδδομαδικῆς
3534 2565 3805 2636 συμπλη-

2226 2659 2462 2733 ρώσεως,
2489 2660 2656 2731 ἤγουν
2684 2661 2790 2714 τῶν
2830 2660 2875 2725 ζ’
2917 2659 3160 2731 ἡμερῶν,
3193 2659 3314 2713 καθ’
3352 2657 3537 2730 εἱρμὸν
3577 2658 3635 2709 ἐν
3683 2659 3809 2720 τοὶς

2220 2752 2394 2806 ἐτεσιν
2422 2752 2760 2823 αὐξανομένη
2782 2751 2941 2807 πάλιν
2964 2752 3287 2824 ἀπάρχεται.
3311 2749 3510 2803 Καθότι
3535 2749 3591 2801 δὲ
3618 2746 3809 2818 βίσεξ-

2221 2846 2310 2899 τόν
2356 2848 2509 2909 ἐστι,
2539 2845 2630 2899 καὶ
2686 2847 2749 2897 ὲκ
2787 2844 2898 2899 τῶν
2949 2844 3224 2914 τετάρτων
3253 2843 3351 2914 τῆς
3378 2840 3808 2911 τετραετηρίᾶος

2222 2938 2571 3011 ἀθροισθεῖσα
2617 2939 2714 3009 μία
2759 2938 2961 3010 ἡμέρα,
3012 2937 3134 2990 κατ’
3190 2933 3533 3005 ὲπίκλησιν⁸¹
3588 2932 3808 3003 ταύτης

564 3040 956 3094 incrementum
986 3036 1115 3091 anni
1156 3052 1266 3090 uno
1296 3037 1384 3091 die
1414 3035 1473 3090 fit
1498 3034 1699 3104 majus.
1729 3033 1865 3088 Nam
1895 3049 1994 3105 pro
2017 3048 2125 3087 uuo

2228 3031 2454 3103 περιττή
2494 3048 2609 3094 πως
2638 3031 2671 3102 ἡ
2701 3029 2810 3083 τῶν
2843 3028 3098 3083 ὲπακτῶν
3117 3026 3213 3081 τοῦ
3241 3025 3614 3096 διαδεχομένου
3640 3023 3810 3088 ἔτους

563 3128 790 3185 biduum
815 3128 1011 3199 accipit
1048 3146 1061 3182 :
1096 3126 1241 3197 quod
1279 3127 1333 3179 in
1366 3140 1511 3179 anno
1552 3125 1672 3196 ipso
1712 3141 1878 3179 xxviu
1906 3140 2129 3180 cernere

565 3223 712 3278 licet.
730 3219 938 3291 Quippe
962 3218 1288 3274 antecedens
1306 3218 1481 3288 ipsum
1506 3232 1706 3282 annus,
1737 3216 1841 3272 hoc
1854 3224 1937 3272 est
1960 3232 2126 3277 xxvu.

575 3321 814 3387 quatuor
835 3313 1101 3369 duntaxat
1133 3312 1331 3377 habet;
1368 3319 1425 3365 at
1466 3309 1557 3363 ille
1582 3317 1804 3380 propter
1831 3310 1934 3364 diei
1968 3308 2130 3364 unius

569 3406 939 3462 accessionem
965 3419 1061 3459 sex
1099 3403 1199 3459 sibi
1230 3402 1488 3457 vindicat.
1512 3400 1667 3456 Unde
1701 3417 1875 3472 neque
1905 3402 1957 3455 in
1980 3416 2129 3455 cam-

570 3500 693 3554 dem
733 3498 924 3553 fei‘iam
955 3510 1135 3551 annus
1181 3495 1273 3550 ille
1306 3509 1453 3549 xxv”
1486 3493 1682 3557 desiit,
1724 3509 1753 3548 a
1781 3509 1887 3563 qua
1918 3492 2144 3549 initium.

573 3588 783 3645 habuit.
807 3588 941 3642 Nam
970 3587 1015 3643 si
1044 3587 1161 3643 dies
1188 3594 1400 3640 tantum
1424 3586 1643 3643 haberet
1664 3600 1882 3649 cccuv,
1903 3586 1956 3639 in
1986 3599 2137 3639 eam-

575 3680 697 3738 dem
728 3680 1085 3755 desineret,a
1116 3696 1224 3751 qua
1267 3687 1508 3751 coeperat
1544 3700 1555 3734 :
1592 3680 1738 3734 velut
1785 3694 1815 3732 a
1859 3678 2135 3731 Doniinica

575 3775 633 3829 in
665 3772 1025 3836 Dominicam.
1084 3782 1177 3829 aut
1214 3789 1243 3827 a
1269 3772 1507 3829 secunda
1555 3771 1689 3827 feria
1734 3773 1786 3825 in
1819 3770 2135 3827 secundam.

577 3863 686 3924 Sed
724 3867 980 3938 quoniam
999 3866 1192 3922 diebus
1222 3872 1439 3920 constat
1454 3879 1699 3928 cccuvn,
1732 3861 1850 3918 ideo
1875 3864 1927 3917 in
1960 3872 2139 3934 poste-

576 3961 775 4016 riorem
810 3973 894 4024 ea,
935 3957 1081 4013 unde
1127 3956 1314 4027 cmpit,
1346 3954 1540 4010 feriam
1595 3953 1814 4009 desinit.
1847 3950 1960 4007 Hoc
1986 3959 2070 4007 est
2108 3966 2138 4004 a

578 4050 860 4131 Dominica
891 4050 947 4103 in
988 4048 1179 4103 feriam
1231 4047 1547 4107 secundam,
1576 4047 1659 4101 vel
1693 4045 1762 4099 ab
1804 4043 1991 4099 hacin
2036 4053 2142 4096 ter-

580 4145 742 4209 tiam,
777 4150 832 4198 et
877 4143 950 4196 ita
984 4142 1261 4212 deinceps.
1307 4139 1389 4196 Ob
1440 4142 1580 4195 hanc
1638 4153 1859 4193 causam
1898 4138 2143 4193 tenenda:

583 4245 711 4291 sunt
735 4235 865 4291 solis
885 4243 1112 4305 epactaa,
1136 4243 1190 4289 et
1223 4235 1347 4299 hoc,
1378 4248 1487 4303 quo
1512 4232 1716 4286 dictum
1739 4239 1844 4297 est,
1877 4231 2037 4286 modo
2054 4247 2148 4301 pu-

2227 3121 2526 3193 ὲπαύξησις
2556 3121 2789 3190 γίνεται,
2816 3121 2908 3175 δύο
2940 3121 3154 3193 ἡμέρας
3193 3119 3312 3173 ἀντὶ
3356 3119 3480 3189 μιᾶς
3512 3115 3811 3187 προσλαμ-

2230 3215 2513 3279 ϐάνοντος·
2546 3214 2621 3279 ὡς
2646 3214 2793 3268 ἐστιν
2836 3214 2964 3267 ἰδεῖν
3001 3213 3086 3265 ἐπ’
3112 3210 3278 3266 αὑτοῦ
3305 3209 3402 3263 τοῦ
3436 3207 3808 3283 προκειμένου

2229 3315 2336 3376 κη’.
2370 3306 2653 3378 Τέσσαρας
2690 3307 2800 3378 γὰρ
2829 3305 3041 3376 ἔχοντος
3068 3302 3162 3358 τοῦ
3201 3302 3307 3374 πρὸ
3339 3300 3520 3363 αὑτοῦ,
3550 3299 3810 3353 τουτέστι

2229 3398 2323 3452 τοῦ
2348 3397 2447 3463 κζ’,
2475 3398 2532 3465 ἒξ
2560 3398 2717 3452 τοῦτο
2744 3398 2830 3452 διὰ
2860 3397 2957 3468 τὴν
2980 3395 3164 3450 ἐκτῶν
3191 3394 3461 3466 τετάρτων
3499 3392 3812 3465 ἁθροισθείο

2235 3506 2330 3544 σαν
2356 3490 2569 3563 ἡμέραν
2593 3492 2875 3562 ἐκτήσατο.
2908 3489 3067 3543 Ὅθεν
3097 3488 3215 3542 οὐδὲ
3239 3488 3317 3551 εἰς
3348 3486 3444 3557 τὴν
3471 3485 3639 3554 αὐτὴν
3660 3485 3813 3557 ἠμέ-

2236 3596 2355 3652 ραν,
2387 3579 2445 3647 ἐξ
2480 3575 2546 3651 ἦς
2596 3579 2896 3652 ὰπήρξατο,
2942 3579 3034 3633 καὶ
3080 3575 3342 3647 κατέληξε
3383 3575 3445 3629 τὸ
3486 3574 3675 3644 λεχθὲν
3723 3574 3811 3639 κζ’

2236 3670 2371 3734 ἔτος.
2428 3670 2642 3742 Ἐπειδὴ
2672 3671 2760 3723 διὰ
2807 3671 2902 3742 μὲν
2947 3670 3055 3723 τῶν
3080 3668 3184 3733 τξε¹
3212 3670 3291 3732 εἰς
3320 3667 3417 3739 τὴν
3448 3664 3508 3732 ἐξ
3531 3661 3602 3740 ἦς
3624 3668 3815 3739 ἀπήρ-

2238 3759 2364 3826 ξατο
2394 3761 2687 3832 καταλήγει
2714 3763 2928 3826 πάντως
2948 3778 2960 3792 ·
3000 3756 3108 3814 οἷον
3139 3760 3245 3814 ἀπὸ
3276 3758 3561 3830 Κυριακῆς
3582 3761 3662 3823 εἰς
3693 3758 3815 3813 Κυ-

2240 3850 2462 3921 ριακὴν,
2493 3850 2526 3921 ἢ
2556 3849 2812 3926 δευτέρας
2838 3852 2916 3915 εἰς
2936 3850 3218 3921 δευτέραν.
3250 3848 3347 3901 Διὰ
3368 3848 3422 3901 δὲ
3442 3848 3551 3901 τῶν
3574 3847 3700 3912 τξς¹
3728 3848 3819 3910 εις

2238 3940 2336 4012 τὴν
2390 3940 2527 4012 μετὰ
2563 3940 2658 4012 τὴν
2705 3941 2798 4010 ἀφ’
2835 3937 2903 4013 ἦς
2938 3941 3148 4012 ἡμέραν
3188 3939 3495 4011 ἀπήρξατο⁶
3523 3938 3817 3992 τουτέστιν

2242 4035 2350 4088 ἀπὸ
2378 4034 2659 4107 Κυριακῆς
2676 4036 2753 4098 εἰς
2777 4033 3107 4106 δευτέραν,ἢ
3136 4033 3244 4087 ἀπὸ
3267 4033 3467 4103 ταύτης
3487 4033 3562 4095 εἰς
3590 4031 3818 4102 τρίτην

2244 4126 2338 4180 καὶ
2383 4124 2508 4197 ἑξῆς
2552 4125 2771 4195 ὁμοίως.
2802 4124 2901 4179 Διὰ
2944 4123 3117 4178 ταῦτὰ
3148 4140 3228 4176 τοι
3271 4123 3528 4194 προσήκει
3554 4120 3824 4174 πτοεῖσθαι

2243 4216 2337 4271 τοῦ
2395 4217 2544 4288 ἡλίου
2599 4217 2851 4271 ὲπακτῶν
2905 4215 3003 4287 τὴν
3052 4216 3454 4288 παρατήρησιν,
3483 4213 3564 4265 καὶ
3590 4209 3821 4277 ταύτας

584 4326 779 4385 taudaz.
818 4318 1108 4389 Nimirum,
1141 4331 1199 4379 ut
1247 4324 1428 4378 denuo
1468 4333 1779 4393 repetamus
1822 4322 1984 4383 idem,
2019 4298 2128 4375 toti

2246 4308 2499 4381 ψηφίζειν
2518 4309 2657 4362 κατὰ
2677 4308 2768 4361 τὸν
2783 4305 3166 4378 ἀποδειχθέντα
3196 4306 3422 4378 τρόπον·
3450 4298 3568 4365 οἷον,
3587 4302 3675 4353 ἴνα
3705 4304 3823 4356 καὶ

584 4421 707 4475 dem
737 4418 876 4480 dies,
908 4424 1109 4487 quotus
1148 4422 1467 4470 numeratur
1506 4430 1682 4470 annus
1714 4415 1943 4484 quilibet
1977 4414 2145 4479 solis,

586 4527 695 4568 una
725 4512 906 4565 minus
923 4505 1267 4563 assumendae
1292 4514 1453 4574 sunt;
1480 4505 1675 4561 deinde
1703 4506 1856 4575 181
1876 4504 2149 4575 quadran-

585 4612 671 4662 tes
705 4604 917 4673 integro
941 4616 1168 4656 numero
1206 4600 1327 4655 sine
1377 4597 1719 4653 detractione
1762 4606 2145 4668 congruentes.

589 4698 813 4752 Summa
828 4710 924 4766 per
946 4710 1018 4748 vu
1055 4690 1342 4748 dividenda
1382 4710 1394 4745 :
1436 4688 1579 4760 quod
1621 4690 1887 4760 reliquum
1916 4696 2021 4756 est,
2053 4689 2151 4746 da-

589 4789 670 4846 bit
693 4794 914 4860 epaclas
961 4787 1089 4840 anni
1127 4784 1275 4840 illius
1303 4798 1464 4855 quem
1493 4783 1810 4853 quaerimus.
1836 4780 2007 4838 Porro
2048 4799 2152 4839 nu-

590 4897 802 4938 merum
830 4879 1044 4934 dierum
1076 4878 1246 4941 annis,
1288 4891 1472 4947 parem
1513 4891 1622 4930 una
1648 4875 1739 4931 die
1795 4875 2148 4931 minuendum

591 4972 979 5046 praecepimus,
1010 4970 1269 5041 quoniam
1301 4968 1511 5040 primus
1550 4983 1731 5023 annus.
1759 4968 1940 5023 nullas
1988 4968 2153 5022 habet

595 5064 864 5134 ascriptas
883 5071 1126 5133 epactas,
1172 5060 1320 5130 quod
1356 5076 1385 5114 a
1417 5060 1591 5130 prima
1620 5058 1757 5114 feria
1801 5059 1904 5114 hoc
1924 5066 2016 5115 est
2046 5058 2154 5114 Do-

593 5156 795 5212 minica
835 5154 1141 5210 deﬁniatur.
1190 5152 1471 5222 Siquidem
1522 5166 1700 5207 annus
1737 5152 1917 5206 omnis
1959 5166 1989 5205 a
2050 5149 2155 5205 Do-

594 5248 800 5303 minica
823 5247 1113 5318 incipiens,
1149 5255 1207 5300 ut
1248 5260 1413 5316 supra
1454 5244 1657 5300 dictum
1688 5253 1791 5307 est,
1821 5243 2023 5297 nullam
2059 5257 2156 5312 pe-

597 5340 747 5396 nitus
785 5348 1028 5410 epactam
1056 5338 1252 5401 habet,
1288 5338 1394 5392 nisi
1418 5337 1463 5393 si
1507 5352 1628 5406 quae
1656 5346 1782 5390 sunt
1830 5335 2154 5405 fragmenta,

596 5435 745 5490 velut
783 5433 1060 5505 quadrans
1083 5473 1099 5498 ,
1132 5441 1225 5487 aut
1271 5431 1592 5496 dimidium,
1631 5438 1725 5485 aut
1763 5429 1971 5485 dimidii
2022 5442 2157 5498 qua-

600 5526 787 5593 drans,
822 5542 941 5598 qua:
958 5525 1027 5581 ad
1055 5525 1501 5581 hebdomadicam
1523 5523 1707 5578 feriam
1728 5520 2155 5591 investigandam

2252 4402 2411 4455 πάλιν
2444 4401 2712 4472 εἴπωμεν,
2736 4400 2836 4464 τὰς
2856 4398 3167 4472 ἰσαρίθμους
3202 4396 3363 4451 αὑτοῦ
3395 4394 3483 4449 τοῦ
3521 4393 3826 4463 ἐνισταμέ-

2248 4513 2337 4550 νου
2381 4482 2607 4567 ἡλιακοῦ
2650 4493 2823 4557 ἔτους.
2867 4487 2976 4546 οἷον
3021 4491 3065 4545 δ’
3098 4490 3161 4545 ἂν
3200 4491 3285 4560 εἴη
3322 4489 3386 4543 τὸ
3423 4485 3824 4559 ψηφιζόμενον,

2249 4588 2546 4661 λαμϐάνειν
2577 4584 2789 4658 ἡμέρας
2821 4583 2971 4657 παρὰ
3006 4583 3171 4655 μόνην
3210 4583 3336 4653 μίαν
3363 4581 3594 4653 ἡμέραν.
3626 4579 3726 4633 καὶ
3752 4581 3828 4634 τὰ

2254 4682 2516 4756 ἰσάριθμα
2533 4679 2769 4750 τέταρτα
2788 4679 2914 4756 παρέ
2939 4676 3061 4731 οὐδὲ
3084 4676 3141 4730 ἓν
3167 4675 3445 4747 τέταρτον,
3458 4674 3550 4726 καὶ
3573 4670 3829 4744 μερίζειν

2251 4777 2330 4840 εἰς
2354 4774 2445 4828 τὸν
2473 4771 2518 4838 ζ’
2536 4788 2552 4803 °
2584 4771 2679 4826 καὶ
2699 4770 2796 4834 τὰς
2815 4769 3136 4831 ὑπολοίπους
3158 4765 3402 4829 ὲπακτὰς
3422 4764 3541 4836 ἔχον
3567 4764 3830 4835 εὑρίσκε-

2251 4882 2341 4919 ται
2363 4863 2580 4926 πάντως
2600 4860 2731 4915 αὐτὸ
2751 4860 2813 4913 τὺ
2838 4861 2916 4924 εἰς
2942 4860 3040 4930 τὴν
3067 4856 3292 4928 ζήτησιν
3322 4857 3454 4927 ἡμῖν
3476 4854 3827 4926 παρακείμε-

2253 4976 2343 5014 νον
2376 4958 2512 5021 ἔτος.
2537 4956 2648 5019 Τὰς
2684 4952 2998 5025 ἰσαρίθμους
3022 4951 3080 5004 δὲ
3110 4950 3204 5003 τοῦ
3236 4949 3389 5012 ἔτους
3425 4949 3640 5019 ἡμέρας
3672 4949 3829 5015 παρὰ

2260 5052 2386 5123 μίαν
2414 5049 2627 5121 ἡμέραν
2653 5048 2826 5100 ποιεῖν
2857 5046 3101 5115 εἴπομεν,
3130 5041 3319 5112 ἐπειδὴ
3346 5040 3408 5094 τδ
3446 5039 3663 5110 πρῶτον
3704 5039 3830 5102 ἔτος

2256 5145 2514 5214 τέταρτον
2550 5143 2632 5205 εις
2661 5136 2902 5210 ἐπακτὴν
2913 5137 2958 5169 υ
2985 5135 3105 5207 ἕχον
3133 5134 3605 5206 καταγεγραπται,
3648 5131 3741 5184 διὰ
3768 5132 3831 5183 τὸ

2257 5235 2366 5291 ἀπὸ
2398 5233 2620 5307 πρώτης
2640 5273 2654 5297 ,
2683 5231 2848 5302 ἤγουν
2887 5229 3046 5297 ἁγίας
3071 5226 3354 5298 Κυριακῆς
3385 5224 3516 5279 αὐτὸ
3542 5222 3828 5288 κανονεξε-

2259 5327 2401 5382 σθαι.
2443 5327 2558 5379 Πᾶν
2602 5323 2709 5394 γὰρ
2761 5311 2879 5385 ἔτος
2904 5319 3013 5375 ἀπὸ
3049 5319 3331 5392 Κυριακῆς
3376 5316 3698 5389 ἀρχόμενον,
3751 5312 3832 5375 ὡς

2256 5418 2512 5490 ἀνωτέρω
2558 5415 2828 5481 λέλεκται,
2874 5413 2996 5467 οὐδὲ
3047 5412 3174 5484 μίαν
3221 5411 3464 5483 ἑπακτὴν
3495 5410 3557 5463 τὸ
3604 5408 3829 5462 σύνολον

2261 5512 2543 5582 κέκτηται,
2579 5506 2716 5579 πλὴν
2755 5508 2886 5569 ἴσως
2939 5503 3319 5578 ποστημορίων
3351 5501 3533 5570 τινῶν,
3571 5496 3684 5555 οἷον
3734 5516 3827 5553 τε·

670 5684 716 5715 ”
752 5683 817 5739 Id
849 5695 921 5740 est
954 5685 977 5738 l
1025 5683 1145 5744 ικι.
1220 5683 1260 5715 ⁸¹
1293 5682 1333 5742 Ῑ.
1365 5680 1665 5741 ὲπέκτησιν.
1757 5679 1801 5711 ⁸⁸
1840 5677 1878 5734 f.
1914 5674 2164 5739 οὐδεμίαν
2204 5674 2365 5728 Euax.

3854 5662 3870 5697 ἴ
