4044 6220
347 310 486 367 49.19

1132 320 1188 374 S.
1231 320 1480 376 MAXIMI
1522 322 1884 380 MA‘IITYRIS
1920 327 2298 388 COMPUTUS
2321 328 2781 392 ‘ECCLESIAST.

3461 342 3594 399 I250

347 427 571 498 τάρτου·
607 431 637 503 ἡ
677 432 918 501 ἡμίσεος,
954 433 985 504 ἡ
1019 423 1241 507 ἡμίσεος
1268 441 1548 512 τετάρτου·
1583 442 1725 516 ἆπερ
1757 445 1916 500 οὐδα-

2020 448 2152 502 nihil
2173 449 2330 518 plane
2347 450 2658 514 conferunt,
2679 454 2851 507 donec
2866 461 2987 525 post
3013 455 3187 508 annos
3204 453 3596 524 quatuorjdiem

348 518 464 587 μῶς
492 521 832 575 συντελοῦσιν
869 527 948 589 εἰς
985 527 1341 600 ἑϐδομαδικῆς
1373 534 1586 605 ἡμέρας
1623 535 1918 608 ἐξεύρεσιν,

345 609 447 673 ἕως
470 610 535 663 ἂν
557 611 643 665 διὰ
667 614 765 684 τῆς
785 621 1193 690 τετραετηρίδος
1211 623 1424 695 ἡμέραν
1447 626 1574 696 μίαν
1601 629 1916 698 ποιήσωσιν.

345 717 477 784 Πῶς
505 721 703 790 ἄλλως
724 725 828 804 Ξάς
849 745 922 804 τε
937 728 1040 782 τοῦ
1068 731 1245 804 ἡλίου
1268 733 1363 786 καὶ
1387 733 1494 801 τῆς
1517 736 1780 804 σελήνης
1803 738 1923 790 ἐπι·

603 795 860 863 τηρῆσαι
892 795 1153 853 δυνατόν
1176 803 1346 855 ἐστιν
1369 795 1650 872 ἐπάκτάς.

413 881 536 936 AA'.
567 886 677 939 Kal.
699 888 784 941 ἵνα
810 893 1088 963 συντόμως
1118 896 1256 949 εἴπω
1287 898 1414 968 περί
1433 913 1492 949 τε
1517 897 1623 951 τῶν
1647 897 1742 950 τοῦ
1766 898 1916 970 ἡλίου

340 977 433 1028 καὶ
473 978 572 1049 τῆς
619 981 848 1055 σελήνης
893 987 1162 1055 ὲπακτῶν,
1198 991 1290 1044 καὶ
1335 991 1435 1062 τῆς
1483 990 1688 1044 τούτων
1729 991 1918 1063 ριαδίας

339 1070 723 1141 καταλήψεως,
765 1077 798 1146 ἡ
839 1077 937 1147 μὲν
995 1079 1213 1152 σελήνη,
1258 1083 1422 1153 ἤγουν
1479 1083 1539 1135 τὸ
1573 1083 1691 1136 κατ’
1749 1084 1918 1154 αὐτὴν

340 1161 690 1233 ἐνιστάμενον
717 1167 854 1231 ἔτος,
872 1170 1138 1234 τοσαύτας
1165 1174 1407 1238 ἐπακτὰς
1432 1176 1543 1246 ἔχει
1572 1175 1788 1239 πάντως
1808 1178 1916 1237 ἀεὶ,

339 1251 472 1315 ὅσας
499 1254 712 1327 ἡμέρας
756 1258 1065 1329 εὑρίσκεται
1095 1265 1405 1335 κεκτημένη
1445 1265 1584 1318 κατὰ
1623 1267 1722 1336 τὴν
1763 1282 1918 1336 τρια-

341 1345 480 1398 κάδα
511 1347 732 1419 πρώτην
758 1351 849 1403 τού
869 1354 1111 1424 Μαρτίου
1143 1359 1308 1429 μηνός
1324 1374 1335 1384 ’
1355 1360 1382 1411 ὁ
1398 1358 1451 1411 δὲ
1474 1359 1643 1427 ἥλιος,
1663 1358 1828 1429 ἤγουν
1854 1358 1913 1410 τὸ

338 1436 690 1509 ἐνιστάμενον
713 1442 874 1496 αὐτοῦ
897 1444 1035 1508 ἔτος,
1067 1447 1385 1519 ἰσαρίθμους
1411 1449 1670 1518 κέκτηται
1698 1448 1912 1512 πάντως

337 1527 425 1578 ἀεὶ
468 1528 564 1590 τὰς
607 1530 811 1594 οἰκείας
854 1533 1098 1597 ὲπακτὰς
1129 1539 1193 1607 τῇ
1239 1537 1559 1610 ἑϐδομαδικῇ
1595 1538 1800 1611 ἡμέρα,
1834 1539 1914 1600 είς

336 1618 405 1687 ἡν
436 1622 774 1691 καταντῆσαν
802 1625 861 1677 τὸ
894 1627 1000 1698 πρὸ
1042 1629 1206 1682 αὑτοῦ
1253 1631 1369 1693 ἔτος
1410 1630 1721 1703 ἐπεραιώθη
1772 1631 1913 1684 κατὰ

2028 556 2192 594 unum
2218 555 2618 598 ευοςυπιιιιεῐιι.

2025 740 2477 807 Quemadmodum
2516 746 2640 800 solis
2675 747 2894 870 ειιίιιηιε
2924 760 3131 816 spectas
3181 751 3336 804 aliter
3369 753 3596 808 invenire

2746 830 2899 870 lceat.

2746 830 2899 871 lceat.

2092 902 2282 958 XXXI.
2319 905 2386 960 Ut
2425 907 2491 960 de
2526 908 2658 962 solis
2686 897 2899 978 epactis
2927 919 2980 964 et
3007 912 3165 974 luna,
3193 912 3370 982 deque
3399 913 3592 970 harum

2021 991 2166 1047 facili
2219 996 2532 1053 inventione
2567 999 2742 1054 dicam
2782 1001 3057 1069 breviter;
3096 1007 3242 1074 quod
3291 1005 3358 1059 ad
3408 1007 3594 1061 lunam

2019 1088 2248 1152 attinet,
2304 1090 2466 1158 hujus
2521 1108 2698 1148 annus
2758 1096 2983 1164 quilibet
3043 1097 3202 1151 datus
3256 1106 3332 1151 tot
3381 1114 3595 1170 semper

2018 1187 2239 1248 epactas
2274 1182 2472 1250 habet,
2530 1193 2661 1254 quot
2693 1186 2902 1240 dierum
2935 1197 3068 1243 astas
3103 1189 3248 1242 illius
3279 1200 3362 1244 est
3412 1189 3590 1245 Martil

2019 1271 2106 1325 die
2137 1289 2285 1326 χχιιι.
2319 1273 2410 1328 Sol
2444 1283 2648 1343 autem,
2679 1279 2791 1334 sive
2835 1296 3014 1336 annus
3047 1281 3167 1347 ejus
3200 1298 3452 1340 currens.
3485 1292 3592 1337 tot-

2014 1360 2155 1415 idem
2178 1363 2364 1434 utique
2392 1365 2551 1420 hahet
2578 1376 2817 1437 epactas,
2854 1379 3021 1440 quota
3056 1370 3186 1424 feria
3215 1378 3320 1434 est,
3344 1373 3399 1425 in
3427 1384 3590 1440 quam

2014 1454 2345 1512 antecedens
2401 1473 2579 1512 annus
2633 1459 2794 1515 desiit
2835 1461 3010 1530 pridie
3063 1460 3292 1516 Kalend.
3349 1463 3587 1532 Apriles.

2017 1541 2140 1599 Ilaec
2190 1546 2258 1602 de
2309 1551 2518 1618 epactis
2578 1552 2752 1616 solis,
2801 1560 2853 1608 et
2888 1568 3076 1608 earum
3137 1554 3390 1610 methodo
3443 1554 3590 1610 dicta

2011 1637 2304 1693 sulliciant.

337 1713 437 1784 τὴν
469 1713 745 1784 λεχθεῖσαν
783 1720 1051 1789 τριακάδα
1087 1722 1307 1793 πρώτην
1349 1723 1442 1776 τοῦ
1481 1724 1645 1778 αὐτοῦ
1667 1725 1911 1796 Μαρτίου
1945 1730 2130 1798 μηνός.
2161 1732 2345 1787 Ταῦτα
2392 1737 2486 1789 καὶ
2523 1738 2648 1809 περὶ
2685 1738 2937 1792 ὲπακτῶν
2986 1739 3132 1810 ἡλίου
3176 1740 3270 1794 καὶ
3321 1741 3419 1812 τῆς
3463 1741 3586 1794 τούέ

335 1825 443 1861 των
467 1809 752 1881 εὑρέσεως.

335 1927 475 1996 Περὶ
496 1925 602 2021 ἰῆς
631 1929 781 2021 κατὰ
801 1931 997 2001 σάρκα
1021 1934 1122 2020 τοῦ
1141 1935 1412 2021 Σωτῆρος
1429 1938 1788 2021 γεννήσεως,
1802 1938 1918 2021 ,τοῦ

2024 1937 2099 1991 De
2145 1941 2420 2020 nativitate
2455 1941 2654 2021 Christi
2688 1945 2972 1999 secundum
3019 1964 3262 2012 carnem,
3312 1952 3472 2021 deque
3499 1955 3590 2007 ba“

409 2014 469 2049 τε
495 1998 936 2079 βαπτίσματος,
981 2006 1078 2079 καὶ
1102 2008 1206 2059 τοῦ
1219 1998 1480 2079 Δετᾶθοίλς,
1505 1998 1653 2076 ποίῳ
1677 1998 1914 2079 γεγόνα-

403 2083 508 2146 σιν
539 2070 717 2149 ἠξίου
748 2071 855 2149 ,θεαί
889 2076 1158 2142 σελήνης
1210 2075 1348 2143 ἔτει,
1397 2070 1494 2132 κάι
1540 2070 1694 2148 ποίᾳί
1723 2070 1912 2149 ήμέριι

405 2136 509 2204 τῆς
545 2139 888 2208 ἑϐδομάδος.

403 2229 527 2282 AB'.
551 2230 767 2286 Τούτων
794 2234 965 2300 οὕτως
987 2239 1312 2309 εἰρημένων,
1337 2240 1446 2294 τῶν
1469 2240 1912 2310 ἀναγκαιοτάτων

330 2323 480 2375 ἐστὶν
506 2325 946 2398 ἐπισημήνασθαι
991 2333 1084 2386 καὶ
1116 2333 1176 2385 τὸ
1205 2333 1302 2404 τῆς
1337 2335 1725 2404 κοσμογενείας
1771 2335 1906 2398 ἔτος,

329 2417 392 2468 ὲν
493 2418 590 2488 τὴν
619 2420 987 2492 ὑπερκόσμιον
1015 2425 1074 2477 ἐν
1107 2425 1295 2496 κόσμῳ
1319 2427 1610 2498 πεποίηται
1637 2428 1909 2497 σαρκωσιν

328 2509 399 2561 ὲκ
430 2510 528 2579 τῆς
569 2512 731 2580 ἁγίας
761 2513 1022 2568 Θεοτόκου
1053 2518 1146 2570 καὶ
1178 2517 1267 2571 ἀεὶ
1317 2519 1596 2588 Παρθένου
1637 2519 1853 2590 Μαρίας
1879 2521 1908 2572 ό

332 2601 540 2674 Κύριος
565 2604 722 2675 ἡμῶν
755 2608 850 2660 καὶ
891 2608 1020 2672 Θεὸς
1065 2610 1268 2680 Ἰησοῦς
1303 2613 1556 2684 Χριστός.
1592 2610 1697 2666 Ἦν
1724 2609 1815 2668 οὖν
1849 2613 1908 2666 τὸ

327 2693 631 2761 τηνικαῦτα
661 2697 792 2766 ,εφα’
825 2698 962 2763 ἔτος,
997 2701 1137 2754 κατὰ
1157 2703 1253 2774 τὴν
1291 2705 1349 2755 ἐν
1375 2703 1577 2768 δέλτοις
1597 2705 1762 2776 ἱεροῖς
1786 2707 1909 2758 ἀνα-

328 2783 569 2855 γραφὴν,
612 2785 719 2838 τῶν
766 2788 873 2841 ἀπὸ
923 2789 1092 2862 Ἀδέιμ
1137 2792 1553 2863 ἀριθμουμένων
1601 2795 1756 2847 ἐτῶν.
1819 2795 1905 2848 Ἐν

327 2874 506 2945 τούτῳ
539 2875 646 2946 γὰρ
674 2877 703 2930 ὅ
729 2895 788 2930 τε
821 2879 1216 2952 εύαγγελισμὸς
1250 2883 1440 2951 γέγονε
1477 2884 1576 2954 τῆς
1603 2885 1902 2956 Παρθένου,

329 2966 425 3018 καὶ
463 2969 497 3038 ἡ
526 2967 584 3034 ἐξ
613 2970 781 3041 αὐτῆς
812 2971 976 3023 αὑτοῦ
1004 2971 1236 3045 ᾶιρθορος
1269 2976 1363 3028 καὶ
1394 2977 1702 3045 πανάγαθος
1725 2979 1906 3050 γέννη-

328 3074 437 3121 σις.
475 3060 632 3123 Ἔτος
662 3057 804 3133 δὲῆν
837 3062 987 3133 ἡλίου
1017 3064 1078 3117 τὸ
1101 3063 1188 3133 ιγ’,
1224 3066 1452 3138 σελήνης
1481 3068 1542 3121 τὸ
1569 3075 1618 3133 ι’,
1649 3071 1830 3142 ἡμέρα
1849 3070 1906 3123 δὲ

327 3149 432 3220 τῆς
459 3150 748 3222 ἑϐδομάδος
778 3153 870 3206 τοῦ
904 3155 1000 3226 μὲν
1029 3157 1424 3230 εύαγγελισμοῦ
1459 3158 1503 3230 β’
1523 3178 1535 3190 ·
1561 3161 1660 3232 τῆς
1691 3162 1748 3214 δὲ
1771 3179 1904 3230 ¹γενο-

327 3244 536 3311 νήσεως
563 3242 622 3295 δ’.
647 3243 800 3297 Οὖτω
824 3245 878 3298 δὲ
909 3247 1082 3300 καὶτὸ
1109 3248 1408 3319 πάμφωτον
1433 3251 1597 3304 αὑτοῦ
1629 3253 1721 3305 καὶ
1742 3253 1907 3324 ὑπέρ·-

327 3350 506 3402 φωτον
546 3333 827 3406 βάπτισμα
863 3337 941 3408 τῷ
970 3338 1096 3407 ,εφλ’
1124 3341 1364 3408 γέγονεν.
1402 3343 1560 3406 Ἔτος
1587 3343 1642 3396 δὲ
1663 3339 1731 3415 ἦν
1751 3343 1902 3415 ἡλίου

329 3427 430 3496 μὲν
464 3425 543 3490 ιδ’,
576 3427 804 3499 σελήνης
837 3428 893 3481 δὲ
924 3430 985 3482 τὸ
1001 3437 1071 3494 α’,
1099 3432 1279 3504 ἡμέρα
1308 3433 1364 3486 δὲ
1389 3435 1489 3504 τῆς
1518 3434 1809 3506 ἑϐδομάδος
1830 3437 1898 3506 γ’.

326 3517 496 3571 Πάλιν
521 3517 576 3570 δὲ
607 3518 667 3571 τὸ
694 3521 958 3591 σωτήριον
987 3523 1150 3576 αὑτοῦ
1184 3524 1372 3588 πάθος,
1411 3525 1575 3595 ἤγουν
1601 3528 1634 3597 ἡ
1659 3527 1902 3600 σταύρω-

329 3627 434 3673 σις,
461 3610 569 3663 τῶν
596 3610 642 3642 ⁸³
671 3611 849 3679 ,εφλδ’.
882 3613 1043 3678 Ἔτος
1068 3614 1124 3666 δὲ
1154 3611 1219 3686 ἦν
1251 3616 1402 3687 ἡλίου
1430 3618 1526 3686 μὲν
1558 3626 1648 3689 ιη’,
1673 3619 1902 3692 σελήνης

324 3701 380 3754 δὲ
415 3709 477 3765 ε’,
521 3703 701 3774 ἡμέρα
735 3703 792 3755 δὲ
821 3704 1100 3775 προδήλως
1133 3708 1460 3780 Παρασκευὴ
1483 3726 1496 3739 ·
1539 3709 1614 3772 ὡς
1654 3709 1792 3763 εἶναι
1833 3711 1901 3764 τὰ

323 3793 435 3846 ἀπὸ
459 3794 558 3865 τῆς
586 3796 1048 3868 ὲνανθρωπήσεως
1073 3800 1234 3852 αὑτοῦ
1263 3801 1425 3872 μέχρι
1447 3801 1547 3872 τῆς
1580 3802 1672 3855 νῦν
1695 3806 1901 3856 ἐνιστα-

329 3882 495 3953 μένης
554 3884 902 3954 ίνδικτιῶνος,
959 3887 1110 3952 ἔτους
1161 3889 1240 3942 λα’
1272 3891 1372 3958 τῆς
1410 3891 1680 3961 βασιλείας
1729 3895 1897 3959 Ἡρα-

325 3975 506 4028 κλείου
538 3973 631 4029 τοῦ
670 3978 1261 4052 εύσεὸεστάτουὴμῶν
1294 3983 1574 4052 βασιλέως,
1617 3986 1709 4056 ἐτη
1762 3988 1895 4058 χλγ’.

325 4065 408 4118 Τὰ
423 4066 479 4118 δὲ
502 4068 608 4121 ἀπὸ
630 4069 723 4122 τοῦ
747 4073 1012 4143 σωτηρίου
1042 4071 1412 4144 βαπτίσματος
1433 4078 1526 4130 καὶ
1555 4077 1645 4130 τοῦ
1671 4078 1895 4144 πάθους,

321 4156 459 4228 δῆλα
498 4159 659 4214 πάλιν
697 4163 762 4216 ὲκ
798 4163 1000 4219 τούτων
1039 4164 1394 4237 καθέστηκεν,
1425 4169 1498 4233 ὡς
1528 4169 1596 4223 τὰ
1637 4171 1738 4241 μέν
1761 4173 1898 4226 εἰσιν

322 4250 419 4321 κδ’,
452 4251 521 4306 τὰ
548 4252 605 4306 δὲ
635 4261 736 4325 χα’.

320 4365 426 4418 Διὰ
448 4366 507 4419 τί
552 4365 812 4451 διαφόρῳ
852 4370 1086 4451 ςῷ--τῆς
1132 4375 1498 4451 Ινδικτιῷιςος
1531 4378 1652 4451 ’ἔτει
1692 4379 1759 4434 τὸ
1786 4379 1896 4449 τῆς

395 4437 734 4516 Terrigenae
773 4440 879 4516 τοῦ
922 4437 1141 4516 Κυρίου
1180 4437 1542 4507 κανονίζειίαι
1583 4449 1750 4516 ἕτος’
1796 4437 1893 4505 καῖ

396 4505 520 4573 πῶς
546 4511 583 4576 ὴ
611 4509 929 4576 ὶνδικτιὼν,
962 4505 1058 4565 καὶ
1087 4515 1272 4569 πόθεν
1292 4505 1625 4586 ψηφίζεται.

393 4598 513 4654 AI".
552 4600 663 4670 Ἐφ’
699 4603 926 4656 ἑκάστου
969 4603 1026 4656 δὲ
1064 4606 1266 4660 τούτων
1309 4608 1405 4678 τὴν
1457 4611 1798 4682 ἐπινέμησιν,
1827 4613 1893 4684 ἣν
1926 4651 1970 4706 D

323 4686 631 4741 ίνδικτιῶνα
671 4691 720 4742 οἰ
785 4691 1046 4762 Ῥωμαῖοι
1094 4697 1590 4768 προσαγορεύουσι,
1641 4700 1893 4772 διάτορον

315 4772 485 4830 οὖσαν
515 4779 834 4852 εὑρίσκομεν
851 4800 863 4812 ·
895 4784 968 4846 ὡς
990 4785 1268 4855 διαφώνως
1294 4788 1496 4861 ταύτης
1518 4789 1894 4865 ψηφιζομένης

317 4867 384 4922 ἐκ
420 4887 480 4922 τε
506 4871 613 4924 τῶν
644 4873 750 4926 ἀπὸ
793 4874 962 4947 Ἀδὰμ
1012 4877 1147 4932 ὲτῶν
1173 4881 1266 4933 καὶ
1305 4879 1411 4934 τῶν
1450 4883 1542 4953 ἀφ’
1578 4878 1637 4936 οὗ
1670 4885 1892 4955 γέγονεν

316 4959 479 5032 αὕτη.
523 4962 716 5032 Γέγονε
751 4965 807 5017 δὲ
848 4967 990 5020 κατὰ
1025 4973 1153 5034 τοὺς
1196 4974 1741 5044 ίστοριογραφοῦντας
1783 4979 1892 5032 ἀπὸ

315 5052 626 5120 Αὐγούστου
653 5056 945 5128 Καίσαρος,
976 5059 1052 5130 τῷ
1081 5061 1316 5134 δευτέρῳ
1344 5063 1453 5116 ἔτει
1485 5065 1585 5136 τῆς
1617 5066 1891 5136 βασιλείας

314 5137 503 5199 αὐτοῦ.
542 5145 676 5200 Τότε
699 5148 754 5201 δὲ
781 5145 848 5219 ἦν
885 5150 984 5222 τῆς
1016 5155 1400 5224 κοσμογενείας
1432 5156 1491 5209 τὸ
1522 5157 1642 5223 ,ευξ’
1661 5175 1675 5188 ο
1722 5159 1886 5232 ἅπερ,

312 5239 396 5300 είς
429 5237 518 5290 τὸν
554 5244 615 5291 ιε’
646 5241 902 5311 λυόμενα,
943 5243 1004 5296 τὸ
1054 5245 1203 5309 τέλος
1238 5247 1336 5317 τῆς
1390 5249 1714 5314 ίνδικτιῶνος
1753 5270 1892 5324 παρ-

316 5327 551 5398 ίστησιν,
571 5331 737 5402 ἡγουν
760 5334 890 5387 αὐτὸ
916 5342 974 5388 ιε’
992 5334 1138 5400 ἔτος·
1168 5339 1224 5391 ὲν
1242 5331 1286 5406 ᾧ
1303 5338 1504 5411 ταύτης
1527 5342 1733 5406 ἐκεῖνος
1749 5343 1889 5402 κατὰ

310 5417 374 5469 τὸ
404 5418 561 5485 δόξαν
608 5420 830 5493 θέμενος
855 5425 954 5498 τὴν
984 5426 1175 5498 ἀρχὴν,
1231 5429 1446 5500 πρῶτον
1483 5431 1542 5483 τὸ
1585 5431 1890 5489 τελευταῖον

313 5511 634 5582 πεποίηκεν.
681 5515 766 5578 Ὠς
805 5518 1050 5595 ἐντεῦθεν
1083 5519 1141 5574 ἓν
1185 5520 1303 5587 ἔτος
1346 5523 1666 5596 προτρέχειν
1705 5525 1889 5580 λοιπὸν

310 5607 411 5675 τὴν
456 5606 564 5660 ἀπὸ
606 5607 858 5685 δευτέρου
912 5615 1064 5679 ἔτους
1108 5616 1206 5687 τῆς
1255 5616 1529 5688 βασιλείας
1579 5622 1886 5689 Αὐγούστου

404 5721 449 5752 ⁸³
471 5721 510 5788 f.
547 5719 646 5791 τῷ.

2090 2011 2354 2084 ptismate,
2385 2022 2433 2064 et
2491 2016 2735 2080 passione
2761 2057 2774 2078 ,
2823 2029 2980 2084 quoto
3017 2035 3155 2072 anno
3191 2011 3316 2075 solis
3352 2011 3416 2076 ac
3446 2030 3585 2079 tunc

2085 2083 2412 2150 contigerint,
2435 2091 2483 2134 et
2515 2099 2744 2151 quanam
2777 2083 3116 2143 hebdomadis
3147 2091 3250 2144 die.

2025 2269 2029 2273 -
2085 2235 2296 2291 XXXII.
2360 2237 2454 2294 Ilis
2510 2240 2585 2294 ita
2636 2243 2973 2307 constitutis,
3011 2246 3064 2300 in
3105 2249 3296 2318 primis
3331 2267 3585 2308 necessa-

2012 2327 2151 2380 rium
2183 2337 2265 2384 est
2303 2345 2505 2384 annum
2543 2333 2693 2388 orbis
2725 2335 2930 2390 conditi
2976 2345 3219 2392 notatum
3263 2340 3496 2406 habere,
3529 2344 3586 2398 in

2010 2439 2118 2492 quo
2149 2420 2312 2476 Jesus
2345 2423 2597 2480 Christus
2629 2426 2807 2492 Dens,
2837 2443 2899 2483 ac
2935 2429 3198 2488 Dominus
3224 2441 3411 2489 noster
3438 2435 3585 2488 illam

2008 2514 2212 2568 mundo
2258 2515 2634 2571 sublimiorem
2677 2519 3111 2576 incarnationem
3165 2540 3194 2578 ε
3234 2536 3425 2580 sancta
3462 2525 3583 2581 Dei-

2006 2623 2160 2677 para,
2196 2623 2520 2688 semperque
2553 2608 2779 2681 Virgine
2808 2613 2976 2668 Maria
3008 2617 3246 2686 suscepit
3278 2618 3332 2671 in
3357 2620 3580 2674 mundo.

2009 2700 2136 2754 Erat
2165 2711 2294 2758 tune
2335 2704 2500 2772 igitur
2540 2720 2718 2761 annus
2769 2707 2955 2760 mundi
2989 2708 3124 2762 5501
3155 2752 3170 2774 ,
3221 2718 3281 2762 ιιι
3307 2727 3371 2766 ex
3405 2714 3583 2769 sacris

2008 2795 2202 2850 litteris
2236 2805 2486 2861 constat,
2529 2813 2824 2868 earumque
2869 2801 3276 2870 computatione
3311 2818 3579 2858 annorum

2004 2882 2073 2934 ab
2103 2881 2328 2936 Adamo.
2359 2882 2472 2937 I‘Ioc
2506 2885 2654 2939 enim
2691 2901 2837 2941 anno
2878 2890 3223 2942 annuntiatio
3257 2890 3462 2962 Virgini
3501 2893 3583 2947 fa-

2006 2981 2092 3026 cla
2119 2983 2222 3035 est,
2257 2983 2310 3027 et
2335 2975 2652 3046 incorrupta
2687 2977 3189 3050 benignissimaque
3220 2982 3289 3036 de
3326 2983 3442 3051 ipsa
3480 2997 3581 3038 na-

2008 3066 2190 3121 tivitas
2220 3067 2441 3123 accidit.
2485 3069 2680 3124 Annus
2708 3080 2827 3126 erat
2864 3073 2996 3127 solis
3031 3089 3152 3136 xm,
3182 3075 3324 3129 luna:
3351 3091 3479 3131 vero
3520 3094 3576 3145 Χ,

2006 3157 2124 3212 dies
2154 3158 2505 3216 hebdomada:
2537 3169 2780 3231 tempore
2818 3166 3172 3236 evangelismi
3215 3165 3350 3221 feria
3382 3182 3443 3230 ιι.
3474 3183 3578 3223 na-

2007 3249 2235 3307 tivitatis
2270 3268 2342 3306 ιν.
2399 3251 2491 3308 Sic
2547 3253 3070 3323 splendidissimus,
3130 3257 3242 3311 imo
3288 3259 3580 3328 splendore

2006 3341 2182 3410 major
2206 3344 2351 3396 omni
2385 3344 2689 3414 haptismus
2717 3347 2960 3416 ejusdem
2990 3350 3214 3419 contigit
3244 3365 3388 3404 anno
3413 3351 3575 3417 5550,

2006 3449 2151 3489 anno
2194 3438 2326 3492 solis
2355 3453 2480 3501 xw,
2523 3440 2666 3494 luna:
2696 3457 2733 3508 ι,
2764 3440 2898 3496 feria
2936 3459 3016 3497 Ill.
3064 3442 3276 3498 Rursus
3320 3445 3580 3503 salutaris

2007 3527 2512 3599 illius.passio,sive
2539 3534 2857 3594 crucilixio.
2886 3550 3030 3588 anno
3064 3535 3236 3601 5554,
3267 3551 3412 3592 anno
3443 3538 3580 3593 solis

2003 3633 2158 3686 xvnl,
2201 3619 2342 3674 luna:
2393 3637 2446 3685 ν,
2497 3621 2616 3691 ipso
2668 3623 2855 3692 utique
2906 3621 3240 3679 Parasccves
3273 3626 3384 3682 die.
3417 3626 3580 3682 Colli-

2002 3710 2207 3773 guntur
2241 3705 2310 3759 ab
2339 3707 2714 3761 incarnatione
2746 3707 2920 3777 ipsius
2953 3725 3124 3778 usque
3157 3710 3224 3763 ad
3253 3724 3577 3780 praesentem

2004 3793 2355 3849 indictioncm
2393 3797 2523 3850 anni
2579 3813 2708 3851 χχχι
2767 3799 2983 3869 imperii
3043 3800 3279 3856 Ileraclii
3337 3805 3576 3873 piissimi

2004 3889 2178 3942 nostri
2215 3890 2580 3957 imperatoris,
2605 3891 2735 3944 anni
2773 3892 2898 3945 655.
2946 3890 2990 3945 A
3039 3893 3268 3947 salutari
3308 3910 3436 3948 vero
3479 3894 3577 3949 ba-

1999 3981 2224 4052 ptismo,
2251 3989 2304 4036 et
2331 3983 2584 4052 passione
2603 3991 2736 4052 quot
2774 3984 2903 4038 anni
2944 3984 3082 4054 lapsi
3123 3986 3235 4039 sint
3258 3999 3325 4039 ex
3356 3986 3423 4040 iis
3453 4001 3572 4040 nia-

2002 4074 2262 4128 nifestum
2296 4081 2379 4128 est
2409 4074 2696 4138 omnibus,
2740 4075 2998 4129 nimirum
3030 4074 3100 4129 ab
3132 4073 3227 4130 illo
3255 4089 3431 4131 annos
3470 4074 3575 4130 Ilu-

2002 4165 2148 4220 xisse
2181 4165 2310 4233 604,
2342 4165 2410 4221 ab
2441 4165 2542 4221 hac
2562 4165 2686 4220 601.

2001 4367 2110 4424 Cur
2141 4367 2348 4421 diuerso
2380 4366 2683 4421 indictionis
2737 4383 2878 4420 anno
2932 4367 3225 4422 nativitatis
3278 4365 3573 4422 ﬂaminica

2069 4449 2286 4492 notatur
2344 4455 2542 4502 annus,
2601 4445 2650 4490 et
2708 4439 2966 4509 quomodo
3019 4438 3234 4491 indictio
3265 4477 3280 4502 ,
3333 4447 3382 4492 et
3434 4441 3574 4493 unde

2066 4519 2296 4578 putetur.

2069 4599 2304 4655 XXXIII.
2337 4599 2394 4654 In
2429 4600 2514 4656 his
2538 4600 2765 4671 singulis
2796 4598 3012 4654 diversa
3037 4598 3308 4668 reperitur
3341 4598 3572 4654 indictio

1998 4692 2098 4764 (sic
2125 4695 2270 4746 enim
2301 4709 2332 4746 a
2381 4691 2642 4746 Romanis
2689 4691 2959 4760 vocatur),
3006 4698 3266 4759 tanquam
3319 4706 3426 4746 non
3459 4705 3570 4745 uno

1994 4785 2157 4840 modo
2190 4796 2504 4840 numeretur
2535 4785 2602 4838 ab
2631 4785 2789 4839 annis
2833 4783 3022 4837 Adami
3047 4824 3059 4844 .
3110 4790 3163 4836 et
3195 4798 3261 4837 ex
3297 4800 3407 4854 quo
3455 4783 3569 4854 pri-

1995 4894 2142 4932 mum
2178 4879 2425 4932 instituta
2464 4884 2566 4931 est.
2618 4873 2747 4930 Orta
2795 4883 2879 4930 est
2907 4885 3085 4929 autem
3118 4914 3132 4938 ,
3199 4885 3261 4929 ut
3318 4875 3566 4931 historici

1994 4970 2389 5042 prodiderunt,
2445 4982 2589 5021 anno
2632 4968 2807 5038 primo
2852 4966 3081 5037 Augusti
3122 4966 3391 5030 Caesaris,
3445 4967 3566 5037 ejus

1993 5064 2204 5133 imperii
2250 5061 2521 5122 secundo,
2557 5062 2648 5129 qui
2692 5059 2791 5114 fuit
2835 5074 3010 5114 annus
3064 5061 3252 5113 mundi
3287 5059 3448 5114 5460.
3497 5060 3562 5115 Hi

1994 5172 2090 5227 per
2123 5155 2187 5209 I5
2223 5154 2407 5216 divisi,
2436 5154 2684 5206 ultimum
2745 5151 3060 5206 indictionis
3102 5167 3344 5219 annum,
3393 5153 3447 5207 id
3482 5163 3568 5208 est

1992 5265 2192 5304 annum
2223 5247 2475 5318 quintum
2503 5245 2776 5300 decimum
2812 5245 3071 5300 exhibent
3101 5263 3116 5300 :
3164 5245 3219 5299 in
3264 5261 3373 5316 quo
3401 5245 3566 5315 hujus

1992 5340 2207 5394 initium
2240 5338 2328 5392 ille
2363 5344 2609 5392 statuens
2645 5335 2895 5388 ultimum
2939 5349 3063 5390 esse
3104 5335 3336 5404 primum
3370 5336 3598 5406 voluit.;

1992 5432 2068 5486 Ita
2110 5431 2167 5485 lit
2192 5437 2251 5485 ut
2282 5443 2392 5483 uno
2417 5443 2560 5481 anno
2586 5433 2886 5495 praecurrat
2907 5425 3154 5490 indictio,
3180 5442 3300 5495 quae
3331 5425 3398 5480 ab
3418 5439 3562 5478 anno

1995 5524 2224 5594 Augusti
2270 5520 2512 5577 secundo
2559 5526 2900 5581 numeratur,
2945 5533 3092 5579 eam,
3134 5533 3255 5588 qua:
3299 5517 3369 5570 ab
3411 5517 3562 5571 orbis

1995 5617 2218 5672 exordio
2246 5613 2486 5677 ducitur,
2517 5611 2737 5681 quando
2772 5610 2900 5664 anni
2945 5609 3137 5662 Adami
3181 5623 3275 5679 per
3321 5625 3387 5664 xv
3422 5605 3562 5663 divi-
