4044 6220
551 342 678 398 1251

1565 336 1656 390 AD
1697 334 1966 392 EUSEBII
2001 337 2398 398 CHRONICON
2433 334 2801 392 APPENDIX.

3660 335 3794 392 12:3!

541 456 763 511 duntur.
793 452 1030 510 Proinde
1079 451 1180 506 fuit
1212 450 1441 506 indictio
1476 467 1526 503 xu
1577 449 1879 504 secundum
1925 453 2095 507 calcu-

2210 450 2584 524 ψηφιζομένην
2632 447 2950 508 ίνδικτιῶνα,
2999 450 3095 519 τῆς
3142 449 3250 503 ἀπὸ
3303 450 3532 514 κτίσεως
3585 451 3785 522 κόσμου

542 548 650 600 Ιιιιη
684 545 850 600 istum
879 585 894 604 ,
939 560 1083 598 anno
1115 560 1225 614 quo
1256 541 1554 597 secundum
1591 556 1829 596 .carnem
1865 539 2115 596 Salvator

537 645 621 692 est
650 645 808 693 ortus
837 657 849 690 :
891 645 946 690 at
974 652 1040 690 ex
1074 637 1166 690 illo
1197 635 1413 688 calculo
1457 633 1559 687 fuit
1589 649 1688 694 xu.
1717 634 1974 702 quoniam
2007 649 2117 688 uno

538 727 830 783 antevertit
860 741 1023 781 anno.
1057 725 1148 780 Sic
1179 725 1591 780 sacratissimus
1633 724 1938 794 baptismus
1976 723 2116 778 indi-

537 820 772 872 ctionem
818 817 978 872 habet
1017 834 1050 872 ιι
1082 828 1136 871 et
1187 831 1270 879 xl,
1321 825 1376 870 et
1421 815 1679 870 salutaris
1729 815 1914 885 passio
1944 833 2034 870 xxv
2061 825 2116 871 et

538 926 627 964 xv.
662 909 875 980 Quippe
914 924 1060 963 anno
1109 907 1338 978 Augusti
1388 923 1520 962 mn
1573 907 1747 962 nostri
1801 907 2004 969 instar,
2053 915 2114 962 ut

537 1002 717 1068 homo,
751 1011 911 1055 natus
948 1001 993 1054 is
1023 1007 1127 1064 est,
1153 1000 1245 1069 qui
1282 1007 1407 1054 ante
1447 1001 1643 1054 sacula
1677 1007 1934 1068 tanquam
1969 999 2112 1055 Deus

535 1109 599 1146 ex
625 1091 785 1146 Patre
821 1099 984 1145 natus
1015 1090 1216 1144 fuerat.
1247 1089 1482 1145 Proinde
1524 1090 1569 1144 si
1609 1105 1716 1143 XLII
1750 1107 1845 1160 per
1877 1107 1944 1144 xv
1973 1090 2113 1145 divi-

536 1186 638 1248 dis,
667 1201 844 1239 annus
896 1184 1134 1254 prodibit
1177 1183 1494 1238 indictionis
1526 1200 1598 1236 ιιιι
1633 1201 1647 1237 :
1677 1199 1816 1252 quo,
1866 1191 1925 1237 ut
1966 1184 2110 1238 dixi-

533 1293 676 1340 mus,
700 1279 906 1333 Christi
933 1277 1132 1332 natalis
1164 1276 1375 1342 incidit,
1402 1276 1866 1346 quemadmodum
1909 1293 2110 1332 rursus

531 1371 664 1428 5601
704 1387 799 1440 per
843 1387 911 1425 xv
954 1370 1129 1424 divisa
1177 1368 1309 1422 dant
1344 1385 1418 1422 ιιι.
1446 1367 1629 1424 Potest
1655 1377 1835 1424 autem
1879 1377 2110 1439 utroque

531 1461 882 1534 computandi
936 1461 1098 1514 modo
1147 1475 1389 1530 prmsens
1441 1460 1756 1514 iudictionis
1809 1475 1986 1515 annus
2016 1475 2111 1514 ea-

529 1555 651 1610 dem
689 1555 898 1608 ratione
931 1552 1286 1622 deprehendi.
1321 1552 1390 1608 Ut
1433 1552 1478 1604 si
1529 1567 1706 1606 annos
1743 1551 1934 1606 Adami
1985 1569 2108 1622 pro-

530 1656 648 1717 pter
687 1663 806 1700 eam
858 1661 1114 1712 causam,
1177 1659 1340 1715 quam
1393 1643 1674 1709 diximus,
1712 1659 1820 1696 uno
1875 1645 2108 1712 amplius

529 1749 841 1794 numeratos
879 1737 1018 1792 6154
1048 1778 1063 1799 ,
1119 1753 1214 1808 per
1262 1736 1328 1790 15
1381 1735 1594 1791 dividas
1621 1775 1635 1798 ,
1667 1745 1758 1788 aut
1790 1735 1836 1790 si
1868 1749 2040 1790 annos
2075 1751 2107 1789 a

2217 541 2611 614 ψηφιζομένης,
2648 539 2790 593 κατά
2809 539 2904 610 τὴν
2934 539 3043 592 τῶν
3067 541 3175 593 ἀπὸ
3217 541 3379 612 Ἀδάμ
3416 543 3556 594 ἑτῶν
3587 545 3665 606 είς
3700 546 3786 598 τὴν

2220 641 2278 687 ιε’
2307 633 2602 703 γενομένην
2651 631 2923 684 ἀνάλυσιν.
2952 631 3112 684 Ὅθεν
3138 633 3279 685 κατᾶ
3324 634 3530 705 ταύτην
3567 637 3669 704 μὲν
3700 638 3792 707 τὴν

2216 727 2394 797 ψῆφον
2429 727 2546 789 ἔτος
2586 725 2912 788 ἱνδικτιῶνος
2950 733 3016 778 ια’
3041 721 3128 795 ῆν,
3174 729 3231 779 ἑν
3257 720 3300 794 ᾧ
3331 728 3555 795 γέγονεν
3591 730 3624 798 ἠ
3656 733 3793 782 κατὰ

2219 819 2396 890 σάρκα
2445 817 2538 870 τοῦ
2578 818 2826 889 Σωτῆρος
2862 818 3143 886 γέννησιςο
3185 820 3302 872 κατ’
3347 820 3563 890 ἐκείνην
3608 821 3665 873 δὲ
3708 823 3789 892 ιβ’,

2214 909 2302 962 διὰ
2327 909 2386 963 τὸ
2415 909 2471 962 ἓν
2510 909 2909 980 προλαμϐάνειν
2942 909 3080 974 ἔτος.
3116 911 3270 965 Οὕτω
3302 913 3358 966 δὲ
3393 914 3575 966 καὶτὸ
3611 915 3793 967 παγίς-

2218 1019 2309 1073 ρον
2336 1001 2613 1073 βάπτισμα
2644 1009 2675 1055 ι’
2704 1003 2797 1056 καὶ
2830 1009 2918 1065 ια’,
2966 1004 3060 1056 καὶ
3099 1004 3159 1057 τὸ
3208 1007 3473 1078 σωτήριον
3518 1008 3693 1071 πάθος
3734 1015 3789 1060 ιδ’

2213 1095 2306 1148 καὶ
2339 1101 2419 1148 ιε’.
2452 1095 2540 1165 Τῷ
2585 1096 2692 1166 γὰρ
2740 1103 2830 1167 μγ¹
2867 1097 2962 1166 τῆς
3009 1095 3288 1165 βασιλείας
3329 1098 3642 1166 Αὐγούστου
3695 1102 3789 1171 τὴν

2213 1186 2334 1240 καθ’
2365 1189 2512 1258 ἡμᾶς
2545 1189 2621 1251 ὼς
2660 1188 2944 1260 ἄνθρωπος
2991 1191 3282 1262 πεποίηται
3333 1193 3588 1264 γέννησιν
3624 1197 3654 1247 ὁ
3687 1194 3789 1263 πρὸ

2211 1279 2317 1332 τῶν
2346 1281 2557 1336 αἰώνων
2608 1285 2670 1336 ἑκ
2715 1283 2926 1354 Πατρὸς
2957 1285 3236 1355 γεννηθεὶς
3267 1286 3341 1351 ὡς
3382 1287 3536 1351 Θεός.
3570 1289 3650 1342 Τά
3697 1284 3787 1342 οὖν

2215 1371 2300 1442 tt?!
2327 1372 2655 1445 μεριζόμενα
2683 1375 2833 1446 παρὰ
2861 1375 2950 1427 τὸν
2972 1382 3074 1436 ιε’,σ
3093 1375 3158 1445 ιβ’
3191 1380 3288 1447 τῆς
3323 1378 3654 1443 ίνδικτιῶνος
3679 1379 3789 1435 ἔτει

2210 1465 2554 1536 γεγενῆσθαι,
2607 1466 2786 1530 καθὼς
2815 1466 2971 1537 ἐστιν,
3024 1471 3260 1541 παριστᾷ
3296 1470 3390 1523 τοῦ
3439 1472 3647 1544 Κυρίου
3690 1474 3788 1543 τὴν

2209 1557 2490 1627 γέννησινο
2526 1557 2712 1632 ὥσπερ
2740 1555 2832 1614 οὖν
2866 1563 2958 1615 καὶ
2981 1563 3040 1614 ὲν
3076 1568 3142 1616 ια’
3177 1562 3336 1616 πάλιν
3375 1563 3444 1615 τὰ
3468 1572 3607 1632 ,εφω
3636 1583 3789 1639 μερι-

2210 1649 2409 1720 ζόμενα
2443 1653 2521 1713 εἰς
2563 1652 2654 1704 τὸν
2695 1654 2856 1706 αὐτὸν
2906 1655 3154 1726 ἀριθμόν.
3187 1657 3340 1709 Ἐστι
3383 1656 3440 1708 δὲ
3483 1657 3571 1710 διά
3604 1660 3790 1728 ἀμφο-

2207 1738 2379 1810 τέρων
2404 1740 2510 1792 τῶν
2543 1739 2738 1812 ψήφων
2777 1743 2870 1795 καί
2893 1743 2955 1796 τὸ
2982 1743 3075 1798 νῦν
3121 1743 3467 1814 ἐνιστάμενον
3513 1745 3614 1815 τῆς
3663 1745 3787 1799 ἰνδι-

529 1831 774 1886 secundo
808 1830 1152 1900 imperatoris
1179 1828 1411 1898 Augusti
1441 1826 1545 1880 674
1573 1842 1668 1896 per
1700 1826 1950 1880 eumdem
1978 1842 2095 1896 par-

2207 1829 2429 1894 κτιώνος
2447 1830 2564 1894 ἔτος
2581 1831 2721 1886 κατὰ
2751 1833 2840 1886 τὸν
2860 1834 3043 1905 ὅμοιον
3067 1835 3264 1906 τρόπον
3293 1835 3474 1906 εὑρεῖν
3492 1850 3505 1862 ·
3537 1830 3649 1888 οἷον
3674 1841 3790 1900 τοῖς

527 1922 666 1976 tiare
721 1921 879 1990 182
936 1934 1268 1973 numerum:
1304 1917 1598 1987 utrobique
1629 1917 1914 1986 przesentis
1973 1917 2099 1970 anni

527 2013 785 2068 conficies
814 2011 1164 2066 indictionem
1195 2026 1302 2064 xiv.
1349 2008 1548 2062 Eadem
1584 2009 1637 2062 in
1683 2007 1844 2061 annis
1873 2007 2101 2078 reliquis

527 2103 814 2158 methodus
845 2100 1151 2155 adhibenda
1173 2143 1188 2168 ,
1225 2111 1282 2154 ut
1324 2098 1623 2170 cujuslibet
1655 2097 1971 2152 indictionis
1998 2114 2102 2152 nu-

532 2209 741 2249 merum
769 2192 1048 2246 obtineas.

2209 1923 2306 1994 μὲν
2333 1923 2440 1976 ἀπὸ
2481 1923 2651 1993 Ἀδάμ
2677 1924 2764 1978 διὰ
2790 1925 2887 1996 τήν
2914 1927 3210 2000 εἰρημένην
3239 1928 3415 1980 αἰτίαν
3441 1928 3584 1980 κατά
3613 1931 3789 2000 πρόσ-

2208 2013 2354 2068 θεσιν
2376 2015 2492 2080 ἑνδς
2523 2016 2676 2080 ἔτους
2699 2018 3010 2088 γενομένοις
3033 2019 3219 2091 ,ςρλδ⁷,
3251 2021 3348 2072 καὶ
3374 2022 3454 2083 είς
3474 2020 3565 2074 τὸν
3588 2027 3646 2073 ιε’
3673 2021 3790 2073 λυο-

2211 2103 2418 2173 μένοις·
2463 2107 2575 2168 τοῖς
2602 2105 2659 2158 δὲ
2708 2106 2815 2159 ἀπὸ
2840 2105 2884 2176 β’
2924 2107 3074 2172 ἔτους
3118 2109 3219 2178 τῆς
3257 2107 3533 2180 βασιλείας
3571 2109 3787 2179 Αὐγού-

2210 2210 2334 2246 στου
2370 2195 2549 2264 μόνοις
2586 2191 2704 2248 οὖσι
2752 2196 2844 2248 τὸν
2875 2196 3102 2268 ἀριθμὸν
3127 2197 3252 2268 χοδ’,
3282 2198 3374 2251 καὶ
3395 2201 3476 2261 εἰς
3505 2198 3600 2251 τὸν
3624 2198 3788 2251 αὐτὸν

525 2285 756 2357 ἀριθμὸν
799 2284 1177 2354 μεριζομένοις
1200 2300 1214 2312 ·
1254 2281 1312 2349 ἑξ
1333 2281 1610 2352 ἑκατέρων
1638 2279 1747 2353 γὰρ
1771 2281 1830 2335 ιδ’
1870 2283 2194 2352 γινώσκεται
2225 2288 2287 2341 τὸ
2309 2288 2402 2342 νῦν
2455 2290 2846 2363 ἑνιστάμενονη
2874 2291 3042 2345 Τοῦτο
3098 2292 3153 2346 δὲ
3187 2294 3279 2347 καὶ
3323 2293 3408 2346 ἐπ’
3431 2293 3595 2347 ἄλλου
3645 2311 3784 2349 παν-

523 2380 615 2443 τὸς
653 2381 822 2431 ποιεῖν
851 2379 1116 2450 προσήκει
1150 2378 1276 2440 τοὺς
1307 2377 1396 2430 τὸν
1429 2377 1659 2430 ἑκάστου
1695 2379 1794 2448 τῆς
1831 2378 2156 2445 ίνδικτιῶνος
2186 2382 2338 2448 ἔτους
2363 2384 2673 2440 διασκοπεῖν
2699 2386 2978 2452 ἐθέλοντας
3005 2389 3251 2460 ἀριθμόν.

523 2494 601 2548 De
630 2511 875 2564 responso
907 2494 1033 2548 dato
1055 2492 1356 2577 Zacharile,
1387 2506 1434 2550 et
1460 2494 1686 2552 Joannis
1719 2514 1782 2551 ac
1805 2499 2100 2557 Saluatoris

1221 2583 1396 2619 annis.

590 2653 829 2708 XXXIV.
887 2655 961 2710 De
1003 2657 1230 2711 oraculo
1275 2673 1533 2727 quoque,
1574 2659 1719 2728 quod
1767 2659 1835 2716 de
1887 2660 2097 2720 Joanne

519 2745 764 2816 Baptista
791 2745 998 2800 editum
1037 2756 1122 2801 est
1168 2746 1470 2814 Zachariae,
1499 2750 1659 2819 cujus
1691 2761 1816 2807 ante
1851 2755 2095 2809 memini-

520 2850 642 2890 mus
668 2876 682 2899 ,
719 2849 867 2888 nunc
904 2844 960 2888 ut
991 2836 1126 2890 ordo
1155 2839 1428 2906 postulat,
1465 2843 1776 2898 accuratius
1819 2843 1925 2898 dici
1961 2861 2097 2900 con-
2141 2890 2148 2904 .

518 2927 684 2991 venit,
711 2937 878 2997 quoto
925 2943 1070 2982 anno
1109 2930 1241 2984 solis
1271 2945 1334 2984 ac
1363 2917 1517 2987 lunae.
1550 2935 1861 3005 contigerit.
1921 2936 1997 2992 Ac
2046 2940 2094 2993 si

517 3019 641 3088 quis
694 3019 973 3074 attendere
1033 3022 1200 3083 velit,
1243 3021 1402 3077 facile
1452 3024 1748 3096 intelliget,
1800 3037 2093 3100 utrumque

515 3127 640 3165 eum
679 3127 827 3178 esse,
858 3113 950 3182 qui
981 3112 1183 3169 Christi
1213 3117 1446 3171 natalem
1494 3121 1739 3189 proxime
1773 3125 2087 3179 antecessit.

516 3200 703 3271 Itaque
729 3202 860 3258 solis
899 3219 995 3267 xu,
1031 3204 1173 3259 luna:
1201 3221 1252 3260 Ix
1286 3207 1420 3270 fuit,
1455 3211 1657 3264 mensis
1694 3209 1958 3271 Romanis
1991 3215 2088 3271 Se-

516 3293 778 3363 ptember,
813 3295 1039 3365 ejusque
1073 3297 1190 3352 dies
1221 3315 1390 3362 nvu,
1420 3300 1550 3354 feria
1589 3319 1639 3356 v.
1668 3302 1800 3358 Nam
1828 3308 1972 3375 quod
2021 3311 2087 3364 ad

512 3386 746 3440 natalem
767 3386 993 3443 Joannis
1033 3392 1244 3454 attinet,
1274 3392 1494 3447 eosdem
1531 3395 1618 3450 hic
1649 3413 1821 3452 annos
1865 3400 1998 3455 solis
2033 3410 2087 3456 et

513 3475 674 3537 lunae,
704 3493 842 3546 quos
877 3478 1177 3538 Salvatoris
1217 3484 1493 3547 nativitas,
1531 3485 1744 3541 habuit.
1789 3487 1894 3544 Sed
1940 3508 2088 3547 men-

512 3567 591 3622 sis
620 3567 868 3624 diversus
903 3571 1002 3626 fuit
1027 3611 1042 3638 ,
1105 3574 1352 3630 videlicet
1386 3575 1582 3633 Junius
1607 3619 1621 3640 ,
1676 3581 1904 3651 ejusque
1955 3600 2081 3639 xm

511 3657 651 3721 dies,
685 3659 817 3714 feria
863 3677 924 3716 ιι.
977 3665 1169 3720 Annus
1211 3683 1316 3736 quo
1348 3671 1666 3740 martyrium
1697 3673 1854 3735 obiit,
1893 3687 1956 3727 ac
1987 3674 2082 3730 de-

509 3750 741 3806 collatus
767 3761 871 3818 est,
898 3756 1030 3811 solis
1061 3773 1240 3812 annus
1279 3756 1380 3812 luit
1418 3776 1551 3826 xm,
1595 3764 1735 3817 luna:
1773 3779 1846 3826 Iv,
1874 3767 2079 3821 mensis

508 3840 818 3911 Augustus,
856 3845 1083 3917 ejusque
1112 3850 1228 3904 dies
1269 3867 1419 3917 χχιιι,
1454 3851 1584 3908 feria
1616 3869 1698 3907 ιιι.
1737 3855 2080 3928 Colliguntur

507 3935 634 3989 anni
663 3935 865 3992 Christi
891 3940 944 3992 in
967 3953 1130 3995 carne
1156 3958 1322 3996 χχχιιι
1349 3984 1364 4009 ,
1401 3947 1518 4001 dies
1561 3962 1801 4015 Luxu;
1849 3948 2079 4006 Joannis

506 4039 636 4080 vero
671 4025 924 4096 Baptista:
952 4031 1079 4084 anni
1117 4048 1318 4099 χχχιιι,
1366 4037 1482 4092 dies
1545 4053 1715 4093 urit.
1767 4037 1974 4095 Desunt
2009 4039 2077 4095 ad

505 4117 802 4186 explendos
826 4117 1122 4176 Salvatoris
1154 4123 1272 4180 dies
1304 4142 1439 4180 xin.

2199 2507 2338 2575 Περὶ
2378 2509 2480 2588 tor}
2519 2509 2667 2589 κατέι
2699 2509 2816 2589 εὐαί
2847 2511 3162 2589 Ζαχαρίας
3193 2510 3631 2589 χρῃματισμοῦ,
3681 2512 3782 2563 καί

2404 2577 2522 2631 τῶν
2551 2580 2656 2634 τοῦ
2699 2580 2968 2634 Ἰωάννου
2994 2577 3090 2633 καὶ
3117 2577 3385 2649 Σωτῆρος
3409 2577 3583 2635 ἐτῶν.

2270 2671 2389 2723 ΛΔ’.
2423 2671 2692 2742 Προσήκει
2721 2672 2777 2724 δὲ
2821 2674 2912 2726 καὶ
2956 2672 3047 2726 τὸν
3074 2673 3199 2744 περὶ
3247 2673 3495 2726 Ἰωάννου
3534 2673 3630 2726 τοῦ
3671 2674 3785 2726 Βι-

2200 2761 2424 2814 πτιστοῦ
2475 2761 2763 2833 γενόμενον
2823 2764 3207 2833 χρηματισμὸν
3258 2763 3335 2833 τῷ
3383 2765 3654 2836 Ζαχαρία,
3717 2762 3782 2821 οὗ

2201 2850 2433 2923 πρόσθεν
2466 2852 2838 2922 ἐμνήσθημεν,
2865 2853 2922 2904 ἑν
2950 2851 3099 2918 τάξει
3123 2854 3190 2906 δι’
3219 2853 3502 2926 ἀκριϐείας
3531 2856 3784 2926 ὑπομνη-

2204 2942 2444 3012 ματίσαι.
2480 2943 2620 2996 κατὰ
2649 2947 2798 2997 ποῖον
2825 2939 2978 3007 οὗτος
3000 2945 3151 3015 ήλίου
3187 2946 3278 2998 καὶ
3305 2944 3529 3015 σελήνης
3552 2946 3784 3014 γέγονεν

2198 3032 2334 3096 ἔτος.
2357 3035 2465 3087 Καὶ
2497 3037 2608 3097 τοῖς
2635 3036 2730 3105 μὲν
2757 3036 3106 3089 ἑπιστατοῦσι
3142 3037 3301 3107 δῆλον
3329 3037 3485 3090 τοῦτο
3506 3038 3782 3110 καθέστη-

2198 3141 2313 3187 κεν,
2347 3125 2421 3187 ὼς
2461 3125 2719 3197 ἑκάτερον
2750 3126 2809 3179 τὸ
2850 3127 2954 3199 πρὸ
2988 3127 3085 3198 τῆς
3118 3127 3210 3180 τοῦ
3253 3128 3503 3200 Σωτῆρος
3533 3130 3778 3200 ὑπάρχει

2195 3215 2527 3284 γεννήσεως·
2570 3211 2680 3270 οἷον
2713 3218 2865 3287 ήλίου
2896 3219 2995 3289 μὲν
3031 3218 3092 3271 τὸ
3127 3218 3216 3290 ιβ’,
3251 3219 3478 3291 σελήνης
3509 3220 3564 3272 δὲ
3608 3222 3668 3273 τὸ
3704 3223 3775 3282 θ’.

2198 3304 2305 3376 μὴν
2347 3304 2403 3356 δὲ
2446 3305 2585 3358 κατὰ
2632 3305 2935 3376 Ῥωμαίους
2977 3308 3345 3380 Σεπτέμϐριος
3388 3305 3476 3380 ἦν,
3507 3311 3700 3363 εἰκάδα
3729 3310 3777 3375 ζ’

2194 3395 2352 3467 ἔχων,
2377 3397 2567 3468 ήμέρα
2588 3398 2687 3468 τῆς
2717 3399 3004 3470 ἑϐδομάδος
3029 3407 3088 3453 ε’.
3119 3401 3192 3453 Τὸ
3218 3401 3324 3472 γὰρ
3351 3402 3450 3470 τῆς
3478 3401 3641 3454 αὐτοῦ
3667 3402 3778 3459 τοῦ

2206 3488 2448 3542 Ἰωάννου
2478 3491 2785 3562 γεννήσεως
2808 3492 2868 3545 τὸ
2891 3491 3024 3546 αὐτὸ
3047 3489 3114 3564 ἦν
3141 3493 3289 3564 ήλίου
3319 3511 3376 3547 τε
3415 3495 3507 3548 καὶ
3537 3495 3774 3567 σελήνης

2188 3579 2324 3646 ἔτος,
2355 3583 2411 3634 ὲν
2433 3575 2477 3650 ᾧ
2497 3583 2716 3650 γέγονεν
2747 3585 2779 3654 ἡ
2806 3583 2897 3638 τοῦ
2926 3585 3175 3657 Σωτῆρος
3199 3586 3475 3656 γέννησις·
3505 3589 3585 3650 εἰς
3605 3587 3632 3640 ὃ
3655 3590 3771 3659 μὴν

2187 3673 2466 3744 προδήλως
2514 3675 2720 3745 ἕτερος,
2764 3676 2980 3740 Ἰούνιος
3028 3677 3124 3741 ὦν,
3174 3681 3266 3731 καὶ
3307 3679 3492 3732 εἰκάδα
3525 3679 3567 3731 δ’
3597 3680 3766 3750 ἔχων,

2184 3765 2364 3836 ἡμέρα
2388 3765 2444 3818 δὲ
2476 3767 2574 3836 τῆς
2605 3767 2892 3838 ἑϐδομάδος
2913 3769 2977 3840 β’.
3003 3770 3170 3824 Πάλιν
3194 3771 3249 3824 δὲ
3275 3771 3334 3823 τὸ
3362 3771 3460 3841 τῆς
3481 3771 3642 3824 αὑτοῦ
3670 3790 3772 3826 τεα

2183 3855 2469 3921 λειώσεως,
2501 3859 2666 3929 ῆγουν
2697 3859 2996 3933 ἀποτομῆς,
3029 3862 3178 3934 ἡλίου
3205 3864 3300 3933 μὲν
3327 3863 3387 3916 τὸ
3414 3863 3498 3929 ζι’,
3527 3865 3768 3936 σελήνης

2185 3948 2242 4002 δὲ
2276 3949 2336 4002 τὸ
2367 3949 2438 4002 δ”
2477 3949 2581 4020 μὴν
2626 3950 2684 4004 δὲ
2717 3950 3046 4020 Αὔγουστος,
3088 3955 3279 4009 εἰκάδα
3319 3955 3362 4008 0'
3392 3956 3543 4028 ἔχων.
3573 3957 3766 4029 ἡμέρα

2186 4038 2284 4108 τῆς
2308 4036 2600 4108 ἑϐδομάδος
2628 4048 2698 4109 γ’.
2738 4043 2826 4106 Ὣς
2875 4039 3012 4098 εἶναι
3039 4044 3106 4098 τά
3146 4047 3243 4116 μὲν
3287 4047 3426 4100 κατὰ
3455 4049 3628 4119 σάρκα
3659 4048 3762 4102 τοῦ

2184 4131 2433 4202 Σωτῆρος
2484 4132 2577 4203 ἐτη
2625 4134 2725 4200 λγ’,
2759 4135 2973 4206 ἡμέρας
3015 4137 3135 4190 πθ”
3178 4138 3245 4191 τὰ
3285 4139 3342 4192 δὲ
3376 4140 3611 4194 Ἰωάννου
3652 4140 3758 4193 τοῦ

504 4206 808 4264 Βιιπτιστοῦ
839 4211 932 4285 ἑτη
963 4213 1062 4283 λγ’,
1103 4218 1312 4289 ἡμέρας
1341 4220 1439 4288 ᾆξ’,
1479 4223 1734 4288 ἐλάττους
1772 4225 1853 4296 κβ¹
1888 4226 2245 4296 τυγχάνουσαι
2273 4226 2409 4297 πρὸς
2436 4226 2534 4290 τὰς
2567 4227 2660 4281 τοῦ
2691 4229 2940 4302 Σωτῆρος
2977 4232 3210 4306 ἡμέρας.

575 4303 654 4358 Tu
688 4322 836 4374 vero,
866 4322 896 4361 a
927 4307 1035 4362 Deo
1058 4316 1434 4372 conservande
1465 4318 1702 4383 domine,
1731 4321 1924 4374 horum
1956 4336 2075 4374 om-
2105 4327 2149 4380 D

501 4396 652 4450 nium
685 4399 1008 4468 compendio
1049 4403 1146 4455 tibi
1188 4405 1444 4460 traditam
1479 4410 1685 4464 habens
1742 4411 2026 4466 scientiam
2051 4451 2065 4474 ,

501 4488 881 4558 religiosorum
906 4491 1208 4550 Salvatoris
1239 4498 1410 4552 nostri
1439 4498 1701 4554 festorum
1747 4501 2066 4556 solemnita~

499 4586 584 4634 tes
631 4580 896 4638 observa:
933 4593 990 4638 ut
1041 4598 1296 4656 perpetua
1348 4597 1401 4642 te
1446 4606 1569 4644 cum
1601 4593 1808 4661 angelis
1837 4593 1889 4646 in
1929 4592 2070 4646 ccelo

497 4673 718 4737 chorea,
743 4683 796 4730 et
825 4677 1158 4734 celebritatis
1187 4681 1444 4751 excipiat,
1479 4682 1736 4751 precibus
1787 4693 1841 4739 et
1899 4683 2071 4738 inter-

496 4766 840 4822 cessionibus
871 4769 1280 4838 gloriosissima:
1321 4783 1375 4828 et
1421 4773 1783 4830 immaculata
1835 4775 2070 4831 dominae

496 4862 696 4909 nostrae
739 4870 802 4910 ac
843 4855 1120 4927 Deiparaé,
1166 4876 1489 4934 semperque
1525 4862 1769 4936 Virginis
1801 4865 1982 4920 Mariae
2013 4874 2069 4920 et

492 4945 735 5000 omnium
770 4957 1104 5004 sanctorum.
1134 4951 1334 5009 Amen.

2261 4321 2398 4373 Ἀλλ’
2425 4322 2585 4392 ἔχων,
2618 4324 2949 4394 θεοφύλακτε
2981 4327 3234 4394 δέσποτα,
3258 4331 3459 4383 τούτων
3480 4330 3754 4398 ὲπιτόμως

2177 4411 2580 4482 ὑποδειχθείσαν
2628 4414 2725 4484 τὴν
2770 4417 2993 4487 εἴδησιν,
3043 4419 3267 4489 ἀντέχου
3316 4421 3414 4491 τῆς
3432 4421 3536 4473 τῶν
3589 4421 3758 4493 ἱερῶν

2176 4501 2267 4554 τοῦ
2295 4502 2541 4572 Σωτῆρος
2586 4508 2618 4575 ή
2630 4507 2744 4576 μῶν
2792 4509 3023 4563 τελετῶν
3065 4513 3215 4584 ἱερᾶς
3245 4516 3636 4586 πανηγύρεωςο
3669 4519 3759 4570 ἵνα

2174 4592 2300 4664 ἑξῆς
2327 4594 2617 4667 άδιαδὸχως
2649 4615 2705 4651 σε
2731 4601 3110 4676 διαδεχομένην
3138 4606 3236 4677 τὴν
3265 4608 3323 4660 ἐν
3364 4609 3609 4679 οὐρανοῖς
3636 4614 3755 4680 μετ’

2173 4687 2417 4754 ἀγγέλων
2451 4704 2510 4740 τε
2553 4693 2908 4762 χοροστασίαν
2938 4696 3032 4748 καὶ
3079 4700 3403 4770 πανήγυριν,
3435 4701 3625 4770 εὐχαῖς
3660 4703 3759 4756 καὶ

2173 4779 2491 4850 πρεσϐείαις
2527 4784 2627 4852 τῆς
2673 4787 2991 4854 πανενδόξου
3021 4791 3115 4843 καὶ
3160 4793 3428 4863 ἀχράντου
3461 4793 3757 4866 δεσποίνης

2171 4869 2328 4938 ήμῶν
2361 4870 2623 4925 Θεοτόκου
2654 4875 2746 4927 καὶ
2775 4876 2860 4927 ἀεὶ
2886 4876 3163 4949 Παρθένου
3198 4881 3433 4951 Μαρίας,
3466 4880 3558 4932 καὶ
3612 4883 3752 4936 πάν-

2168 4977 2276 5012 των
2315 4960 2422 5014 τῶν
2455 4963 2645 5031 ἁγίων.
2694 4966 2886 5037 Ἀμήν.

2363 5073 3737 5103 ν-Ἦυῇ-

1385 5168 1502 5279 S.
1593 5170 2123 5286 MAXIMI
2203 5173 2846 5290 COMPUTI

1648 5389 1936 5479 PARS
2008 5391 2587 5486 SECUNDA.

850 5591 1166 5660 Explicatur
1206 5601 1461 5657 secundus
1502 5622 1694 5659 canon.

552 5676 941 5751 183I.Cum,
975 5695 1032 5739 ut
1056 5687 1190 5742 ordo
1219 5693 1548 5759 postulabat,
1582 5697 1634 5750 in
1657 5698 1928 5766 superiori
1953 5715 2048 5754 ex-

476 5770 744 5839 positione
765 5773 1096 5833 declaratum
1127 5778 1305 5847 fuerit,
1337 5785 1534 5855 quibus
1553 5795 1603 5842 et
1619 5797 1750 5859 quot
1778 5789 1833 5844 in
1857 5792 2039 5859 annis,

2413 5593 2724 5685 Ἐξήγησις
2749 5621 2855 5674 τοῦ
2884 5622 3162 5693 δευτέρου
3191 5629 3497 5684 κανονίου.

2228 5707 2304 5758 A'.
2353 5705 2566 5780 Ἐπειδὴ
2611 5714 3072 5785 προεστειλάμεθα
3128 5719 3264 5772 κατὰ
3304 5720 3456 5784 τάξιν
3505 5725 3583 5785 εἰς
3633 5723 3729 5790 τὴν

2154 5793 2254 5867 ήδη
2288 5799 2582 5871 γενομένην
2611 5801 2867 5876 ἐξήγησιν
2898 5809 2953 5861 ἑν
2986 5808 3090 5860 τίσι
3128 5813 3217 5864 καὶ
3255 5815 3440 5876 πόσοις
3467 5813 3607 5867 ἔτεσι
3627 5812 3727 5882 τῆς
