4044 6220
502 329 632 383 1235

683 445 724 494 Α
979 444 1017 494 Β
1248 440 1289 492 Γ
1532 444 1568 490 Δ
1811 439 1849 490 Ε

615 534 664 584 'F
674 533 804 600 μϐό-
1179 533 1342 601 Σελή-
1483 532 1618 583 ‘Em
1731 531 1924 601 Περιτ-

615 624 781 686 ).ι,).Οι.
1149 641 1244 694 νης
1279 623 1393 693 ἐτη.
1473 622 1619 674 κταξ.
1764 619 1881 674 ταί.

966 827 1003 874 Δ
1253 825 1298 874 Δ
1527 821 1592 874 lB
1803 821 1865 874 ΙΑ

973 916 1011 966 Ε
1260 914 1302 965 Β
1517 914 1606 966 ΚΓ
1803 914 1866 965 ΙΔ

593 1001 807 1072 mea.
956 1003 1013 1068 ετ
1260 1001 1301 1054 r
1537 1006 1574 1052 A
1805 1004 1867 1054 lA

963 1092 999 1142 z
1216 1155 1221 1163 .
1254 1093 1295 1144 A
1528 1092 1591 1142 re
1801 1093 1864 1142 1A

595 1181 806 1254 Ἐμϐὁλ,
959 1184 1006 1234 ιι
1245 1182 1284 1235 E
1503 1182 1613 1249 xq
1809 1182 1874 1234 ιιι

959 1275 1002 1327 θ
1248 1275 1306 1342 q
1546 1275 1582 1326 z
1807 1273 1872 1326 ιιι

965 1367 986 1418 ἰ
1245 1365 1284 1419 Ζ
1519 1366 1590 1417 ΙΗ
1803 1363 1870 1417 IE

611 1455 811 1512 Εαδόλ.
956 1459 1024 1511 1A
1241 1458 1286 1510 Η
1503 1456 1598 1509 ΚΘ
1800 1453 1868 1508 ιιι

950 1553 1014 1604 lB
1234 1551 1276 1603 Θ
1527 1552 1548 1602 1
1797 1548 1863 1600 IE

953 1642 1018 1694 ll‘
1260 1643 1278 1693 l
1492 1642 1588 1692 ΚΑ
1806 1639 1869 1691 lE

600 1735 812 1805 Ἐμεόλ.
949 1737 1010 1787 Li
1222 1736 1286 1786 ιιι
1521 1732 1562 1782 B
1804 1730 1868 1783 ιε

951 1828 1013 1878 lE
1213 1826 1280 1877 lB
1509 1825 1569 1876 ΙΔ
1801 1822 1866 1876 IE

949 1923 1029 1986 lC,’
1211 1919 1275 1971 II‘
1491 1917 1586 1972 ΚΕ
1800 1915 1866 1968 ιιι

597 2012 806 2083 mea.
942 2013 1002 2064 ιι
1203 2012 1266 2062 ιιι
1499 2011 1559 2076 q
1801 2008 1869 2062 ιιι

947 2106 1017 2156 1H
1208 2103 1274 2155 IE
1508 2102 1569 2153 ιΖ
1797 2099 1864 2152 lE

595 2194 806 2265 Ἐμϐόλ.
945 2194 1011 2245 re
1200 2195 1283 2262 ις
1473 2193 1571 2244 KH
1782 2188 1864 2257 lC,’

958 2287 1003 2337 Α
1203 2285 1264 2338 ΙΖ
1503 2284 1544 2336 Θ
1801 2283 1866 2336 lE

961 2379 1003 2428 Β
1211 2379 1284 2431 1H
1514 2379 1560 2429 K
1799 2376 1860 2428 ΙΔ

597 2469 810 2540 mea.
958 2471 998 2522 r
1211 2470 1279 2523 ie
1514 2471 1557 2522 Α
1798 2469 1860 2521 ιιι

571 2627 728 2701 184
754 2629 850 2682 Est
897 2627 1060 2698 igitur
1087 2627 1357 2698 ejusmodi
1399 2629 1599 2684 tabulae
1658 2629 1975 2701 descriptio.
2015 2633 2069 2687 ln
2103 2643 2146 2699 Α

494 2721 672 2774 medio
689 2728 792 2772 sxta
815 2725 899 2773 est
926 2719 1115 2788 ingens
1133 2728 1271 2780 rota,
1299 2720 1555 2789 utrinque
1587 2721 1816 2791 singulis
1846 2723 2072 2776 canoni-

497 2812 599 2865 bus
623 2814 842 2882 stipata.
871 2811 931 2866 In
963 2822 1080 2867 rota
1104 2828 1255 2866 zonae
1273 2819 1420 2877 sunt,
1439 2814 1727 2869 vclcirculi
1760 2831 1836 2879 ix,
1853 2817 1945 2886 qui
1969 2816 2073 2872 hoc

493 2904 658 2959 modo
689 2921 747 2959 se
782 2905 1004 2959 habent.
1035 2904 1252 2958 Primus
1283 2905 1549 2972 circulus,
1580 2907 1672 2976 qui
1701 2909 1938 2963 extimus
1965 2917 2071 2974 est,

495 3011 668 3051 annos
701 3012 871 3050 xxvm
907 2996 1040 3050 solis
1068 2997 1310 3058 exhibet,
1348 2995 1504 3052 initio
1538 3011 1648 3052 non
1686 3014 1717 3052 a
1757 3000 1934 3068 primo
1968 3000 2073 3053 du-

495 3100 603 3151 cto,
657 3087 754 3142 sed
799 3102 828 3140 a
879 3103 997 3150 xm,
1027 3103 1139 3149 xiv,
1165 3094 1218 3141 et
1247 3088 1319 3141 ita
1350 3088 1638 3158 deinceps;
1669 3091 1945 3145 secundus
1974 3105 2073 3143 an-

495 3196 690 3235 norum
721 3188 973 3250 epactas;
1021 3179 1216 3236 tertius
1247 3179 1449 3235 Iuliani
1479 3182 1825 3253 quadriennii
1850 3183 2077 3238 bisexti-

498 3275 610 3335 les;
643 3282 874 3344 quartus
905 3288 1080 3327 annos
1114 3275 1248 3328 solis
1277 3289 1449 3327 xxvm
1484 3276 1680 3329 iterum
1727 3275 2014 3330 inchoatos
2044 3290 2076 3330 ιι

498 3367 692 3436 primo.
745 3363 827 3420 οι»
854 3365 906 3419 id
956 3380 1086 3420 vero
1134 3365 1188 3419 in
1235 3367 1411 3435 primo
1457 3367 1663 3423 circulo
1691 3383 1720 3421 a
1751 3385 1870 3432 xm,
1899 3369 1956 3424 in
1989 3383 2077 3423 se-

496 3459 679 3511 cundo
710 3472 740 3510 a
785 3460 963 3528 primo
995 3458 1123 3511 anni
1157 3474 1325 3512 xxviii
1380 3459 1512 3513 solis
1543 3459 1833 3530 incipiunt,
1869 3468 1929 3516 ut
1961 3470 2078 3515 stu-

496 3550 684 3604 diosus
714 3549 884 3603 lector
915 3547 1133 3604 facilius
1165 3551 1518 3620 intelligeret,
1551 3567 1709 3620 quem
1742 3551 1819 3606 illi
1853 3567 2077 3622 compu-

498 3645 616 3690 tant
664 3638 896 3708 primum
944 3639 1076 3694 solis
1128 3655 1353 3702 annum,
1390 3640 1533 3710 apud
1583 3655 1685 3695 nos
1723 3656 1846 3696 esse
1875 3657 1996 3707 xm,
2023 3649 2077 3695 et

497 3730 798 3784 secundum
839 3745 961 3793 xiv,
1009 3741 1063 3785 et
1097 3731 1172 3784 ita
1206 3746 1390 3801 porro.
1437 3732 1625 3786 eadem
1658 3732 1883 3786 omnino
1909 3734 2078 3788 ratio-

497 3837 594 3889 ne;
647 3822 702 3876 in
750 3823 1020 3892 superiori
1065 3839 1195 3878 vero
1245 3831 1398 3894 parte
1445 3839 1617 3877 annos
1648 3826 1949 3894 posuimus,
1983 3824 2074 3895 qni

497 3930 686 3969 revera
727 3930 791 3969 ex
842 3915 1134 3970 traditione
1167 3916 1540 3971 ecclesiastica
1575 3918 1648 3970 ita
1696 3924 2072 3972 numerantur.

1511 327 1596 380 AD
1635 324 1903 382 EUSEBH
1945 322 2338 378 CHRONICON
2378 323 2736 378 APPENDIX.

3601 322 3738 380 1256

2342 439 2381 490 Ε
2629 441 2666 489 Δ
2908 435 2946 487 Γ
3186 435 3228 486 Β
3483 433 3527 484 Δ

2273 529 2448 600 Προσ-
2591 531 2700 588 Πο-
2810 527 2995 596 Μῆνες
3117 527 3282 582 Ἐπα·
3430 526 3598 596 Σελή-

2271 621 2442 675 Θεταί.
2533 624 2734 676 σταῖαι.
2822 621 2956 674 Ῥωο
3134 617 3284 675 κταξ.
3394 635 3493 688 νης
3520 619 3641 689 ἔτη.

2803 709 2998 779 μαίων.

2624 821 2665 872 B
2827 820 3037 890 Ἀπρίλ.
3207 821 3270 872 lB
3493 822 3533 873 Δ

2335 914 2377 966 Δ
2601 915 2695 966 ιιιι
2824 913 3006 984 Μάρτ.
3194 913 3285 965 ΚΓ
3490 913 3532 966 ιι

2621 1003 2640 1054 ι
2833 1001 3041 1071 Ἀπρίλ.
3206 1003 3246 1052 Α
3479 1004 3539 1068 ς

2330 1094 2375 1148 Δ
2609 1098 2653 1149 Λ
2829 1094 3008 1164 Μάρτ.
3208 1093 3273 1145 ιιι
3496 1096 3535 1148 z

2595 1188 2666 1239 ιιι
2837 1185 3042 1256 Ἀπρίλ.
3189 1186 3298 1252 κς
3490 1188 3538 1240 ιι

2617 1278 2652 1328 Ζ
2844 1275 3058 1347 Ἀπρίλ.
3222 1277 3257 1327 Ζ
3493 1276 3536 1329 Θ

2333 1371 2374 1425 Δ
2588 1369 2674 1420 ΚΖ
2843 1367 3022 1435 mam.
3204 1367 3277 1420 ιιι
3506 1369 3526 1419 ι

2607 1461 2670 1511 lE
2845 1457 3054 1528 Ἀπρίλ.
3185 1457 3281 1512 ΚΘ
3481 1459 3547 1511 lA

2613 1559 2651 1604 A
2840 1550 3050 1620 Ἀπρίλ.
3226 1551 3245 1601 ι
3490 1550 3553 1602 ΙΒ

2333 1648 2370 1696 Δ
2583 1646 2623 1696 Κ
2638 1646 2675 1696 Α
2845 1643 3024 1714 Μάρτ.
3184 1645 3280 1700 ΚΑ
3489 1641 3550 1695 ll?

2610 1734 2674 1785 ιιι
2852 1732 3065 1802 ’Λπρίλ.
3211 1734 3251 1784 B
3492 1734 3551 1785 ιιι

2626 1828 2670 1878 Α
2853 1824 3063 1894 Ἀπριλ.
3200 1825 3264 1876 ll‘
3489 1825 3553 1878 lE

2345 1923 2385 1974 A
2595 1920 2690 1972 ΚΑ
2838 1920 3016 1990 Μάρτ.
3181 1920 3272 1971 ΚΔ
3475 1921 3554 1986 ις

2618 2013 2658 2066 E
2835 2011 3044 2083 Ἀπρίλ.
3203 2012 3242 2062 Ε
3493 2014 3554 2064 iz

2341 2106 2380 2156 A
2592 2102 2685 2154 K8
2830 2101 3009 2170 Μάρτ.
3193 2102 3273 2169 ις
3501 2102 3566 2154 ιιι

2609 2194 2667 2245 lZ
2837 2190 3047 2261 Ἀπρίλ.
3202 2193 3260 2243 ιι
3493 2193 3557 2244 ιθ

2593 2288 2649 2352 q
2847 2285 3058 2356 Ἀπρίλ.
3217 2286 3258 2336 θ
3506 2289 3550 2339 Α

2333 2383 2370 2432 Δ
2580 2368 2690 2443 KG
2827 2376 3006 2446 Μάρτ.
3213 2378 3261 2429 Κ
3519 2378 3558 2429 Β

2601 2469 2664 2524 ir
2839 2469 3048 2541 Ἀπριῑλ.
3221 2472 3265 2522 Α
3513 2471 3552 2521 r

2251 2632 2434 2684 Ἔστιν
2465 2625 2556 2682 οὖν
2581 2631 2614 2699 ἡ
2644 2627 2736 2681 τοῦ
2761 2627 3005 2682 κανονὶου
3028 2627 3302 2699 διαγραφὴ
3329 2628 3572 2697 τοιαύτη.
3591 2631 3749 2683 Κατὰ

2173 2725 2234 2777 τὸ
2279 2723 2440 2793 μέσον
2475 2721 2638 2776 αὑτοῦ
2676 2721 2868 2790 τροχὸν
2909 2720 3019 2791 ἔχει
3059 2721 3261 2790 μέγαν·
3309 2721 3649 2792 ἑκατέρωθεν
3698 2724 3750 2776 δὲ

2173 2814 2264 2869 δύο
2297 2814 2538 2868 κανόνια.
2572 2813 2680 2866 Καὶ
2703 2815 2732 2867 ὁ
2769 2814 2865 2882 μὲν
2890 2813 3081 2883 τροχὸς
3097 2811 3358 2882 κέκτηται
3374 2812 3551 2878 ζώνας
3575 2815 3750 2874 ἐννέα,

2171 2906 2419 2960 τουτέστι
2471 2905 2735 2968 κυκλουςο
2785 2906 2832 2957 οἱ
2881 2905 2938 2957 δὲ
2990 2904 3178 2958 κύκλοι
3215 2904 3386 2957 ταῦτα
3413 2905 3538 2958 καθ’
3563 2907 3750 2978 εἱρμὸν

2175 2998 2540 3071 περιέχουσιν.
2582 2991 2706 3052 Οἷον
2744 2998 2773 3050 ὁ
2806 2997 2902 3067 μὲν
2941 2996 3177 3068 πρῶτος,
3210 2998 3376 3065 ἤγουν
3408 2998 3438 3050 ὁ
3465 2998 3750 3071 ὲξώτερος,

2174 3091 2243 3144 τὰ
2285 3088 2371 3161 κη’
2398 3089 2493 3144 τοῦ
2523 3088 2675 3160 ἡλίου
2708 3089 2826 3158 ἔτη,
2857 3089 2960 3142 οὐκ
2994 3089 3102 3142 ἀπὸ
3129 3088 3344 3161 πρώτου
3374 3090 3532 3155 ἔτους
3565 3092 3753 3162 ἔχοντα

2174 3183 2274 3254 τὴν
2301 3183 2492 3254 ἀρχὴν,
2524 3181 2660 3234 ἀλλὰ
2681 3180 3152 3252 τρισκαιδεκάτου,
3177 3183 3270 3234 καὶ
3292 3185 3753 3254 τεσσαρεσκαιδε-

2176 3276 2366 3337 κάτου,
2422 3277 2516 3326 καὶ
2560 3274 2666 3326 τῶν
2710 3273 2972 3345 καθεξῆς
3003 3276 3032 3326 ὁ
3071 3272 3113 3344 β’
3143 3274 3242 3337 τὰς
3280 3275 3390 3327 τῶν
3441 3276 3586 3330 ἑτῶν
3626 3279 3753 3335 ἑπα-

2177 3367 2308 3430 κτάς
2329 3385 2340 3397 ·
2375 3369 2403 3419 ὁ
2430 3373 2477 3435 γ’
2501 3366 2568 3420 τὰ
2593 3365 2730 3419 κατὰ
2757 3367 2856 3437 τὴν
2879 3366 3267 3437 τετραετηρίδα
3289 3366 3540 3436 βίσεξτα·
3566 3369 3596 3420 ὀ
3623 3369 3666 3421 δ’
3692 3370 3752 3422 τὰ

2174 3455 2262 3530 κη’
2313 3459 2407 3510 τοῦ
2463 3458 2616 3528 ἡλίου
2666 3457 2760 3527 ἔτη
2791 3458 2972 3521 πάλιν,
3005 3458 3112 3511 ἀπὸ
3142 3457 3356 3529 πρώτου
3380 3457 3541 3523 ἔτους
3568 3459 3750 3531 ἔχοντα

2176 3549 2276 3619 τὴν
2309 3549 2503 3619 ἀρχήν.
2525 3547 2624 3600 Διὰ
2653 3546 2809 3600 τοῦτο
2831 3547 2887 3600 δὲ
2918 3548 3056 3601 κατὰ
3082 3549 3178 3618 μὲν
3204 3548 3293 3600 τὸν
3319 3548 3541 3619 πρῶτον
3562 3550 3754 3602 κύκλον

2176 3643 2284 3695 ἀπὸ
2315 3641 2363 3710 γ’
2397 3642 2490 3695 καὶ
2525 3648 2574 3704 ι’,
2613 3640 2754 3694 κατά
2785 3641 2874 3694 τὸν
2908 3641 2948 3694 δ’
2977 3641 3033 3694 δὲ
3066 3641 3172 3694 ἀπὸ
3193 3641 3407 3712 πρώτου
3445 3642 3519 3695 τὰ
3549 3642 3636 3713 κη’
3663 3643 3750 3696 τοῦ

2177 3735 2328 3804 ἡλίου
2354 3734 2729 3804 κατετάγησαν
2755 3733 2870 3804 ἔτη,
2891 3733 2977 3785 ἵνα
3002 3733 3366 3803 εὐσημείωτον
3388 3734 3619 3804 γένηται
3646 3737 3748 3797 τοίς

2179 3825 2553 3896 φιλομαθέσιν,
2581 3824 2656 3889 ὡς
2683 3824 2742 3876 τὸ
2773 3826 2899 3896 παρ’
2929 3824 3156 3887 ἐκείνοις
3187 3824 3561 3896 ψηφιζόμεναν
3588 3826 3634 3878 α’
3664 3826 3748 3879 τοῦ

2180 3918 2329 3989 ἡλίου
2363 3916 2480 3978 ἔτος
2506 3918 2632 3986 παρ’
2664 3919 2794 3987 ἡμῖν
2841 3918 2960 3969 ἐστι
2983 3915 3029 3985 γ’
3061 3917 3157 3970 καὶ
3192 3915 3242 3981 ι’,
3273 3918 3367 3970 καὶ
3408 3919 3468 3970 τὸ
3498 3917 3568 3988 β’,
3595 3917 3637 3971 δ’
3664 3919 3751 3972 καὶ

499 4004 623 4060 ΙΙεεο
658 4015 787 4061 sunt
825 4009 880 4061 in
917 4017 1156 4076 quatuor
1184 4015 1320 4061 rotae
1345 4007 1605 4071 circulis;
1642 4016 1696 4060 at
1727 4009 2013 4064 interiores
2043 4025 2075 4062 ν

2180 3986 2234 4071 il,
2251 4010 2345 4062 καὶ
2370 4008 2438 4062 τὰ
2461 4009 2623 4062 λοιπὰ
2651 3986 2790 4061 κατὰ
2821 4008 2912 4062 τὸν
2940 4009 3125 4080 ὅμοιον
3155 4009 3317 4078 τῆσδε
3343 4011 3442 4080 τῆς
3473 3986 3750 4080 διαστολῆς

497 4102 688 4155 circuli
719 4117 892 4156 annos
927 4103 1067 4156 luna:
1105 4103 1387 4156 continent
1414 4113 1538 4156 octo
1564 4111 1618 4157 ct
1646 4101 1836 4172 viginti
1875 4117 2075 4157 ennea-

495 4191 923 4253 dccaetcridum,
975 4192 1029 4244 in
1071 4192 1270 4260 quibus
1303 4207 1398 4245 xiv
1431 4191 1594 4260 primi
1629 4192 1832 4245 mensis
1859 4189 2074 4244 Juelaici

498 4284 553 4336 in
589 4271 925 4336 Dominicam
952 4281 1200 4336 incidens
1218 4283 1286 4336 ab
1307 4283 1416 4336 illis
1448 4298 1536 4342 xv,
1567 4282 1651 4335 vel
1685 4298 1772 4335 xu
1799 4290 2076 4352 computa-

497 4383 608 4428 tur.
625 4375 894 4428 Cazterum
925 4372 1119 4426 ordine
1143 4375 1398 4443 qualibet
1426 4375 1903 4430 enneadecaeteris
1933 4374 2075 4428 indi-

497 4475 673 4530 catur,
705 4469 879 4534 prima
909 4463 1129 4536 quidem
1165 4481 1260 4534 per
1287 4466 1522 4533 primum
1564 4468 1697 4520 solis
1727 4481 1949 4530 annum,
1981 4467 2075 4536 qui

496 4565 693 4627 quarto
727 4556 935 4610 circulo
973 4557 1270 4626 inscriptus
1301 4565 1382 4610 est
1417 4575 1428 4609 :
1469 4566 1592 4625 post
1617 4572 1800 4627 quem,
1838 4564 1896 4610 ut
1939 4557 2073 4624 dixi,

498 4651 718 4704 lunares
749 4649 876 4703 anni
905 4649 1328 4716 describuntur;
1362 4650 1603 4704 secunda
1647 4643 2075 4706 enneadecaete-

497 4744 575 4799 ris
601 4759 698 4814 per
729 4751 1066 4812 sequentem.
1095 4741 1157 4797 Et
1183 4743 1254 4797 ita
1286 4743 1512 4813 singula:
1540 4758 1637 4813 per
1667 4743 2075 4813 suprascriptos

499 4851 672 4890 annos
718 4835 871 4890 solis.
924 4833 1021 4889 His
1061 4836 1206 4890 enim
1253 4833 1321 4889 ad
1353 4835 1596 4904 ejusdem
1631 4836 1837 4889 numeri
1870 4834 2078 4904 signiﬁ-

496 4927 702 4982 candas
751 4925 1302 4983 enneadecaeteridas
1349 4927 1433 4983 usi
1483 4941 1695 4992 sumus,
1741 4941 1809 4980 ne
1855 4935 2078 4997 propter

496 5035 592 5074 eas
638 5019 745 5072 alio
793 5019 1002 5074 circulo
1044 5035 1182 5089 opus
1232 5027 1410 5086 esset;
1461 5034 1525 5072 ac
1575 5019 1799 5074 circulis
1828 5026 2072 5072 tantum-

498 5110 661 5164 modo
710 5125 743 5164 v
791 5111 1085 5180 cujuslibet
1122 5111 1658 5167 enneadecaeteridis
1695 5126 1870 5167 annos
1914 5111 2073 5164 attri-

498 5200 749 5264 buimus,
805 5201 1064 5269 quoniam
1117 5203 1174 5257 in
1220 5203 1370 5257 nulla
1429 5218 1656 5273 prorsus
1703 5202 1846 5258 ultra
1900 5216 2073 5258 annos

501 5292 740 5360 quinque
770 5289 823 5344 in
855 5291 1194 5348 Dominicam
1221 5294 1421 5350 cadere
1461 5294 1942 5350 animadvertimus
1981 5311 2070 5360 xv,
2100 5326 2142 5384 ο

499 5382 582 5436 vel
627 5397 716 5434 xvi
769 5381 1006 5449 illorum,
1039 5399 1201 5452 quam
1237 5399 1338 5439 nos
1373 5400 1463 5440 xxv
1489 5393 1894 5456 computamus,
1929 5383 2072 5454 quod

501 5474 717 5528 nonnisi
763 5474 819 5528 in
861 5490 992 5541 uno,
1047 5477 1132 5531 vel
1182 5477 1416 5541 duobus,
1469 5479 1553 5532 vel
1587 5478 1785 5540 tribus,
1817 5479 1900 5533 vel
1930 5493 2070 5550 qua-

501 5572 645 5628 tuor,
673 5566 982 5638 quinqueve
1013 5569 1173 5625 annis
1205 5569 1282 5636 ﬁt,
1315 5571 1372 5626 in
1403 5570 1652 5640 pluribus
1686 5587 1795 5627 non
1845 5570 2067 5628 accidit.

569 5721 616 5756 ⁸⁵
645 5723 679 5776 θ’.
714 5725 792 5779 ιδ’.

2174 4101 2394 4172 τρόπον.
2437 4101 2714 4174 Ἀνωτέρω
2743 4101 2800 4153 δὲ
2834 4101 3037 4156 τούτων
3069 4103 3144 4166 ὠς
3177 4101 3354 4173 ἀληθῆ
3388 4103 3456 4156 τὰ
3485 4104 3624 4156 κατὰ
3652 4104 3750 4175 τὴν

2176 4193 2630 4264 ὲκκλησιαστικὴν
2662 4194 2958 4264 παράδοσιν
2980 4193 3328 4265 ψηφιζόμενα
3353 4195 3747 4265 κατετάξαμεν.

2175 4285 2359 4338 Ταῦτα
2407 4285 2502 4355 μὲν
2535 4288 2591 4338 ὲν
2623 4288 2734 4349 τοῖς
2773 4285 3033 4356 τέσσαρσι
3067 4285 3161 4339 τοῦ
3195 4285 3390 4358 τροχοῦ
3422 4286 3657 4350 κύκλοις·
3693 4288 3748 4340 οι

2173 4376 2230 4428 δὲ
2271 4375 2475 4429 τούτων
2509 4376 2658 4440 ἐντὸς
2709 4375 3172 4449 διαγεγραμμένοι
3218 4385 3258 4430 ε’
3311 4377 3496 4434 κύκλοι
3538 4378 3605 4432 τὰ
3639 4378 3751 4433 τῶν

2175 4465 2481 4537 εἰρημένων
2541 4463 2623 4536 κη’
2687 4466 3333 4539 ἐννεακαιδεκαετηρίδων
3374 4469 3473 4539 τῆς
3525 4468 3754 4540 σελήνης

2174 4558 2520 4629 περιέχουσιν
2563 4557 2656 4628 ἔτη
2680 4576 2694 4590 ο
2731 4561 2788 4611 ἐν
2814 4553 2894 4622 οἷς
2933 4560 3013 4622 εἰς
3061 4557 3282 4629 πρώτην
3322 4559 3556 4629 ἡμέραν,
3589 4539 3752 4630 ἤγουν

2178 4649 2338 4716 ἁγίαν
2381 4646 2688 4718 Κυριακὴν,
2720 4655 2762 4699 ε’
2817 4647 2909 4701 καὶ
2961 4645 3013 4711 ι’,
3047 4648 3080 4718 ἢ
3120 4645 3172 4712 ς’
3200 4648 3294 4702 καὶ
3341 4646 3392 4710 ι’,
3425 4651 3627 4704 ἐκεῖνοι
3656 4651 3752 4719 τὴν

2176 4739 2216 4792 δ’
2233 4739 2328 4792 καὶ
2355 4736 2694 4809 ι’ψηφίζουσι
2722 4737 2816 4790 τοῦ
2850 4736 2969 4790 καθ’
3008 4737 3291 4810 Ἑϐραίους
3319 4738 3540 4809 πρώτου
3569 4740 3749 4810 μηνός.

2176 4830 2436 4902 Δηλοῦται
2483 4831 2540 4883 δὲ
2594 4830 2734 4884 κατὰ
2785 4829 2936 4892 τάξιν
2966 4831 2999 4900 ἡ
3031 4831 3128 4901 μὲν
3175 4829 3364 4900 πρώτη
3395 4831 3494 4901 τῆς
3532 4831 3752 4901 σελήνης

2176 4923 2746 4993 ὲννεακαιδεκαετηρὶς
2789 4921 2879 4974 διὰ
2925 4921 3017 4975 τοῦ
3048 4921 3265 4992 πρώτου
3310 4923 3453 4976 κατὰ
3484 4924 3580 4976 τὸν
3608 4923 3751 4993 ἣλιον

2175 5015 2328 5079 ἔτους
2376 5013 2469 5067 τοῦ
2518 5016 2595 5078 εἰς
2638 5014 2729 5066 τὸν
2765 5012 3022 5084 τέταρτον
3051 5015 3503 5086 ἐγγεγραμμένου
3535 5014 3748 5077 κύκλον,

2179 5107 2292 5176 μεθ’
2332 5105 2411 5170 ὃν,
2443 5106 2518 5170 ὡς
2555 5107 2710 5176 ἔφην,
2738 5106 2810 5159 τὰ
2833 5107 2972 5161 αὐτὰ
2999 5108 3098 5178 τῆς
3125 5107 3355 5179 σελήνης
3379 5109 3750 5179 διεγράφησαν

2175 5198 2268 5271 ἐτη
2286 5216 2298 5230 ·
2335 5200 2368 5269 ἡ
2407 5198 2462 5250 δὲ
2496 5196 2537 5268 β’
2567 5197 2656 5251 διὰ
2679 5198 2770 5251 τοῦ
2802 5197 2845 5269 β’
2866 5217 2878 5229 ·
2914 5201 3008 5254 καὶ
3035 5200 3218 5264 ἁπλῶς
3251 5203 3307 5254 αἱ
3334 5202 3504 5254 πᾶσαι
3529 5199 3615 5252 διὰ
3643 5199 3750 5250 τῶν

2176 5292 2583 5364 ὑπερκειμένων
2623 5291 2719 5344 τοῦ
2752 5292 2902 5364 ἡλίου
2951 5292 3107 5346 ἐτῶν.
3143 5292 3364 5357 Τούτοις
3403 5293 3512 5363 γὰρ
3540 5293 3619 5355 εἰς
3652 5291 3751 5360 τὴν

2174 5387 2284 5440 τῶν
2309 5386 2606 5458 ἰσαρίθμων
2629 5385 3274 5460 ἑννεακαιὸεκαετηρίδων
3301 5383 3749 5457 συνεχρησάμεϐα

2177 5480 2472 5551 σημασίαν,
2509 5481 2597 5534 ἴνα
2639 5480 2712 5552 μὴ
2767 5480 2856 5533 διὰ
2900 5481 3103 5544 ταύτας
3157 5480 3314 5535 ἄλλον
3364 5479 3746 5550 διαγράφωμεν

2176 5571 2393 5627 κύκλον.
2421 5572 2588 5624 Πέντε
2617 5573 2671 5626 δὲ
2705 5573 2862 5644 μόνον
2885 5572 3102 5636 κύκλοις
3122 5571 3190 5626 τὰ
3209 5573 3446 5643 ἑκάστης
3470 5573 3747 5624 ἐννεακαι-
