4044 6220
373 322 510 380 1257

1128 316 1187 374 S.
1228 315 1473 373 MAXIM]
1509 311 1866 372 MARTYRiS
1901 310 2275 369 COMPUTUS
2311 308 2747 367 ECCLESIAST.

3443 307 3581 363 {258

365 432 742 505 δεκαετηρίδος
773 430 1148 502 τετηρήκαμεν
1177 429 1272 500 ἐτη
1289 447 1302 461 ’
1332 429 1517 499 ἐπειδὴ
1544 428 1664 483 οὐδὲ
1695 428 1790 500 μιᾷ
1818 444 1917 480 πε-

2028 425 2231 480 Etenim
2286 440 2381 495 per
2431 423 2679 496 quamvis
2724 418 3290 478 enneadecaeteridem
3325 420 3382 476 in
3422 425 3581 479 annis

369 522 603 597 ραιτέρω
632 522 738 576 τῶν
767 520 806 575 ε’
836 521 968 576 ἐτῶν
997 522 1076 584 εἰς
1097 520 1375 593 Κυριακὴν
1403 520 1613 593 ἡμέραν
1649 516 1917 573 συναντῶ-

372 629 469 667 σαν
498 613 803 684 εὑρήκαμεν
825 612 921 682 τὴν
954 613 1080 683 παρ’
1106 611 1330 675 ἐκείνοις
1357 609 1729 682 ψηφιζομένην
1756 608 1795 664 ε’
1827 610 1921 664 καὶ

370 703 423 772 ι’,
455 705 488 777 ἦ
518 701 570 771 ς’
594 703 687 758 καὶ
720 701 770 767 ι’,
785 704 864 766 εἰς
905 703 971 773 ἢν
1014 702 1133 757 καθ’
1167 704 1311 774 ἡμᾶς
1335 699 1375 756 δ’
1406 701 1497 756 καὶ
1536 698 1566 754 ι’
1608 700 1917 772 ψηφίζεται,

367 794 482 849 ἀλλ’
514 794 545 864 ἢ
588 794 646 846 ὲν
678 794 777 858 ἐνὶ,
809 792 843 865 ἢ
870 793 1035 857 δυσὶν,
1077 793 1110 865 ἢ
1136 793 1332 864 τρισὶν,
1360 794 1393 864 ἢ
1423 793 1726 864 τέσσαρσιν,
1758 793 1791 863 ἢ
1838 790 1879 845 ε’
1902 808 1918 824 ·

368 886 535 940 πλείω
559 885 614 939 δέ
644 883 909 956 οὐδαμῶς.
937 884 1093 939 Κατὰ
1118 886 1293 938 πᾶσαν
1325 885 1421 954 μὲν
1443 883 1550 956 γάρ
1587 882 1920 938 ἐννεακαιδε-

367 976 660 1049 καετηρίδα
692 975 748 1029 ἐν
787 961 847 1029 τε
878 979 989 1039 τοῖς
1019 975 1326 1046 δεκατρισὶν
1353 974 1527 1027 έτεσιν
1565 970 1605 1027 ε’
1630 974 1722 1027 καὶ
1751 973 1803 1040 ι’,
1830 973 1923 1027 καὶ

365 1068 445 1139 τῷ
476 1068 556 1121 ἐνὶ
598 1064 659 1132 ἒξ
686 1067 782 1120 καὶ
806 1064 837 1120 ι’
866 1066 963 1138 τὴν
1004 1063 1044 1119 δ’
1086 1067 1179 1120 καὶ
1209 1063 1363 1133 ι’,ιώς
1388 1064 1542 1135 ἔφην,
1579 1063 1920 1135 ψηφίζουσιν.

367 1160 481 1213 Οὐκ
503 1158 620 1213 ἔστι
648 1158 703 1212 δὲ
723 1160 800 1223 εἰς
821 1156 1101 1229 Κυριακὴν
1130 1157 1360 1229 ἡμέραν.
1397 1156 1486 1221 Ἐξ
1506 1148 1565 1209 οξ
1598 1154 1697 1209 κᾶν
1720 1157 1768 1208 εἰ
1795 1156 1924 1226 περὶ

365 1249 463 1321 τὴν
489 1250 587 1321 τῆς
611 1250 836 1321 σελήνης
864 1248 1179 1319 σφάλλονται
1210 1246 1442 1320 ἡμέραν,
1466 1247 1600 1301 ἀλλά
1629 1263 1691 1316 γε
1718 1245 1845 1316 περὶ
1865 1245 1925 1299 τὸ

364 1341 510 1396 κατά
551 1340 782 1412 Χριστὸν
828 1342 889 1394 οὐ
927 1339 1345 1413 διαμαρτάνουσι
1385 1337 1575 1408 Πάσχα
1598 1338 1648 1392 δ.
1730 1376 1745 1391 .
1820 1380 1835 1395 .
1908 1374 1925 1391 .

366 1431 459 1487 τοῦ
487 1431 753 1485 τελεῖσθαι
781 1430 939 1502 μέχρι
974 1429 1075 1499 τῆς
1113 1428 1206 1482 τοῦ
1248 1429 1481 1498 φέγγους
1510 1426 1719 1491 εἰκάδος
1747 1424 1794 1480 α’
1816 1443 1830 1456 ⁸
1860 1427 1927 1497 ἢν

364 1524 464 1594 οὐχ
498 1521 931 1595 ὑπερϐαίνουσιν,
963 1521 1068 1574 ἀπὸ
1090 1520 1344 1592 δευτέρας
1376 1520 1474 1590 τὴν
1514 1517 1554 1573 ε’
1583 1519 1676 1573 καὶ
1716 1516 1747 1572 ι’
1762 1506 1933 1589 ψηφίέ

365 1612 767 1685 ζοντες·ῶσπερ
794 1612 914 1666 οὐδὲ
943 1612 1050 1665 άπὸ
1068 1609 1114 1680 γ’
1137 1612 1233 1683 τὴν
1259 1611 1309 1677 ς’
1341 1612 1435 1665 καὶ
1460 1609 1517 1665 ι’.
1535 1612 1686 1665 Ἐπεὶ
1706 1611 1931 1681 ταύτην,

365 1707 507 1775 λέγω
537 1705 594 1760 δὲ
622 1705 718 1777 τὴν
746 1703 797 1771 ς’
820 1707 911 1759 καὶ
943 1702 993 1769 ι’,
1018 1704 1112 1758 ἐὰν
1136 1705 1244 1758 ἀπὸ
1266 1705 1362 1776 τῆς
1377 1703 1518 1759 κατὰ
1544 1704 1639 1776 τὴν
1663 1704 1933 1774 ἑϐδομάδα

2021 531 2143 580 χιιι,
2173 514 2435 571 decimam
2467 514 2709 584 quintam
2747 531 2762 567 :
2794 512 2849 567 in
2881 524 3010 575 uno,
3042 526 3133 565 XVI
3163 516 3376 580 putant,
3403 519 3464 565 ut
3497 513 3584 568 di-

2016 613 2163 662 ctum
2188 613 2293 671 est,
2336 620 2456 662 eam
2485 619 2607 676 qua
2635 618 2725 658 xlv
2757 617 2945 659 revera
2970 611 3074 658 est.
3107 601 3211 657 Sed
3247 601 3303 656 in
3343 600 3583 658 Domini-

2019 715 2138 755 cam
2164 714 2242 755 ea:
2272 714 2381 754 non
2417 698 2688 754 incidunt.
2718 696 2876 752 Unde
2909 696 3031 752 licet
3061 696 3118 751 in
3157 694 3244 751 die
3292 694 3412 765 ipso
3446 695 3588 749 lunae

2018 785 2190 857 fugiat
2236 787 2357 842 illos
2407 787 2584 854 ratio,
2635 800 2744 841 nou
2795 794 2975 841 tamen
3032 786 3088 841 in
3134 783 3446 840 Christiano
3482 783 3589 839 Pa-

2024 881 2210 936 schate
2252 893 2407 935 error
2440 878 2651 949 obrepit
2682 918 2696 932 .
2728 917 2744 933 .
2778 915 2795 931 .
2827 917 2843 932 .
2872 877 3133 933 celebrari
3183 891 3355 948 usque
3396 876 3464 930 ad
3494 893 3587 931 xu

2021 972 2162 1027 lunae
2183 987 2343 1042 quam
2367 986 2478 1025 non
2503 970 2914 1036 transcendunt,
2942 984 3066 1024 cum
3093 968 3332 1025 secunda
3356 968 3486 1024 feria
3518 985 3588 1022 xv

2020 1069 2334 1133 computant
2366 1081 2379 1117 :
2411 1060 2866 1132 quemadmodum
2896 1075 3020 1116 cum
3062 1060 3222 1117 tertia
3266 1075 3357 1116 ινι
3404 1075 3589 1115 nume-

2022 1161 2167 1209 rant.
2217 1152 2350 1207 Nam
2394 1152 2441 1209 si
2492 1153 2634 1208 hanc
2683 1154 2855 1224 ipsam
2902 1168 2994 1207 xv:
3027 1152 3161 1209 feria
3194 1169 3231 1208 ιι
3273 1162 3585 1214 numerent,

2025 1247 2214 1316 utique
2260 1244 2756 1316 transgrediuntur.
2808 1243 3016 1314 Quippe
3064 1260 3151 1299 XVI
3195 1252 3250 1300 et
3286 1262 3340 1299 vi
3382 1247 3590 1303 faciunt

2026 1350 2157 1391 χχιι.
2183 1332 2264 1389 0b
2288 1334 2429 1389 hanc
2455 1348 2674 1388 causam
2704 1348 2875 1391 annos
2902 1333 3042 1389 luna
3065 1349 3251 1390 eorum
3278 1335 3487 1392 calculo
3512 1338 3586 1392 ita

2028 1431 2245 1496 putatos
2277 1423 2480 1494 duplici
2517 1429 2719 1494 puncto
2757 1423 3061 1480 notavimus
3094 1442 3107 1480 :
3140 1425 3389 1481 similiter
3414 1442 3587 1484 annos

2027 1530 2144 1577 eos.
2194 1514 2391 1584 quibus
2439 1512 2716 1568 Dominica
2747 1514 2832 1568 die
2863 1528 2950 1567 xvi
2984 1514 3095 1583 illa,
3131 1530 3290 1585 quam
3322 1515 3580 1584 diximus,

2030 1606 2368 1669 observatur,
2421 1613 2622 1675 puncto
2672 1605 2871 1674 triplici
2923 1604 3288 1663 distinximus.
3343 1607 3454 1664 Hoc
3503 1624 3588 1667 est

2030 1705 2348 1765 punctorum
2383 1695 2594 1748 illorum
2626 1696 2918 1765 negotium,
2954 1711 3073 1766 qua:
3118 1697 3438 1766 quibusdam
3483 1714 3586 1754 an-

367 1796 617 1868 δευτέρας
654 1797 979 1867 ψηφίσωσιν,
1011 1796 1389 1869 ὑπερϐαίνουσι
1433 1796 1682 1859 πάντωςο
1708 1792 1782 1860 ις’
1813 1794 1920 1865 γὰρ

2028 1788 2107 1843 nis
2152 1788 2294 1841 lunae
2335 1793 2461 1842 sunt
2512 1786 2807 1857 adscripta,
2852 1796 2907 1842 et
2951 1787 3020 1841 ad
3057 1786 3348 1845 discrimen
3396 1806 3586 1848 eorum

367 1886 460 1941 καὶ
489 1883 541 1951 ς’
574 1884 657 1957 κβ⁸
689 1884 951 1942 ποιοῦσιν.
1008 1885 1098 1938 Διὸ
1150 1886 1242 1939 καί.
1289 1885 1357 1938 τὰ
1390 1885 1558 1948 οὕτως
1590 1887 1718 1956 παρ’
1741 1886 1921 1948 αὐτοῖς

367 1974 706 2046 ψηφιζόμενα
737 1975 839 2046 τῆς
884 1974 1110 2047 σελήνης
1147 1975 1241 2045 ἐτη
1274 1974 1728 2046 ἐσημειωσάμεοα
1757 1974 1843 2028 διά
1878 1971 1922 2045 β’

369 2064 631 2135 στιγμῶν.
673 2064 900 2135 Ὁμοίως
927 2064 983 2117 δέ
1013 2064 1106 2118 καὶ
1135 2062 1203 2117 τά
1231 2064 1288 2117 ἐν
1311 2059 1393 2128 οἷς
1420 2066 1498 2129 εἰς
1521 2065 1800 2137 Κυριακὴν
1826 2063 1923 2135 τὴν

366 2156 662 2229 εἰρημένην
691 2154 744 2222 ς’
771 2156 866 2211 καὶ
896 2153 927 2209 ι’
964 2155 1207 2228 τηροῦσι,
1220 2156 1308 2210 διὰ
1334 2156 1496 2229 τριῶν
1521 2156 1781 2228 στιγμῶν.
1814 2158 1923 2210 Καὶ

366 2239 521 2310 οὗτος
560 2248 589 2300 ὁ
629 2246 758 2317 περὶ
793 2246 900 2300 τῶν
934 2245 1175 2316 στιγμῶν
1212 2246 1366 2315 λόγος
1394 2244 1502 2299 τῶν
1528 2246 1756 2300 ἐνόντων
1782 2247 1924 2301 τισὶν

364 2338 513 2394 ἔτεσι
543 2338 641 2411 τῆς
668 2337 916 2409 σελήνης,
949 2337 1010 2402 ἐξ
1036 2331 1110 2392 ὧν
1141 2339 1174 2408 ή
1212 2338 1459 2410 διαστολὴ
1492 2338 1699 2406 γίνεται
1732 2337 1841 2392 τῶν
1868 2339 1925 2392 ἐν

362 2423 449 2494 οἷς
473 2429 645 2483 εἰκάδι
675 2427 739 2499 β’,
767 2430 861 2482 καὶ
888 2430 946 2482 ἐν
976 2423 1056 2493 οἷς
1095 2428 1267 2483 εἰκάδι
1295 2426 1365 2497 γ’,
1392 2429 1487 2482 καὶ
1524 2431 1582 2483 ἐν
1603 2424 1683 2492 οἷς
1710 2429 1813 2500 πρὸ
1830 2428 1923 2482 τοῦ

378 2518 666 2592 Ἐϐραῖκοῦ
718 2520 908 2590 Πάσχα
950 2520 1013 2573 τὸ
1061 2520 1200 2574 κατὰ
1246 2519 1476 2591 Χριστὸν
1506 2519 1656 2590 παρὰ
1696 2520 1756 2574 τὸ
1781 2519 1926 2583 εἰκὸς

364 2610 754 2676 κανονίζουσιν.
797 2612 883 2665 Ἐν
921 2612 1028 2683 γὰρ
1071 2614 1181 2675 τοῖς
1209 2610 1307 2675 τάς
1341 2611 1434 2664 δύο
1467 2611 1698 2682 στιγμάς
1742 2611 1924 2682 έχουσι

366 2698 526 2753 τοῦτο
561 2698 821 2764 ποιοῦσιν,
860 2701 940 2764 εἰς
974 2699 1253 2771 Κυριακὴν
1282 2699 1496 2771 ἡμέραν
1523 2698 1619 2771 τὴν
1651 2701 1775 2771 παρ’
1796 2700 1925 2769 ἡμῖν

366 2787 499 2862 γ’⁸⁸,
533 2792 626 2846 καὶ
659 2788 711 2855 ι’,
734 2789 774 2844 ε’
805 2792 900 2845 καὶ
928 2788 981 2853 ι’,
1004 2790 1156 2844 αὐτοὶ
1179 2789 1273 2843 τοῦ
1313 2791 1544 2859 φέγγους
1576 2790 1923 2863 ψηφίζοντες.

368 2884 464 2948 Εἰς
509 2882 578 2954 ἢν
630 2884 753 2936 ὅσον
787 2883 885 2954 μὲν
930 2882 997 2935 δι’
1035 2882 1202 2953 αὐτὴν
1247 2881 1346 2954 τὴν
1388 2879 1429 2935 ε’
1462 2882 1556 2937 καὶ
1595 2879 1625 2934 ι’
1653 2880 1926 2954 ἑορτάζειν

364 2969 591 3039 ὤφελον,
640 2969 794 3025 τοῦτό
822 2986 884 3037 γε
921 2968 1015 3024 τοῦ
1046 2970 1268 3033 κανόνος
1315 2971 1682 3042 ἐγχωροῦντος
1720 2974 1924 3037 ποιεῖν,

363 3062 490 3117 ὅσον
503 3060 557 3114 δὲ
575 3061 662 3114 διὰ
682 3060 775 3131 τὴν
791 3059 833 3114 δ’
854 3063 947 3115 καὶ
976 3058 1005 3114 ι’
1031 3063 1097 3133 τῇ
1129 3061 1274 3133 ἑξῆς,
1301 3062 1465 3132 ἡγουν
1486 3064 1551 3133 τῇ
1585 3060 1629 3133 β’
1654 3062 1753 3133 τῆς
1776 3062 1925 3116 ἐϐδο-

372 3153 538 3225 μάδος
572 3153 938 3224 ὑπάρχουσαν,
972 3153 1077 3225 πρὸ
1122 3153 1214 3207 τοῦ
1262 3153 1381 3208 καθ’
1419 3155 1697 3227 Ἐϐραίους
1737 3157 1926 3228 Πάσχα

367 3243 432 3298 τδ
476 3244 615 3298 κατὰ
643 3245 871 3315 Χριστὸν
904 3244 1208 3315 ἐλέγχονται
1260 3245 1643 3313 κανονίζοντες,
1677 3248 1771 3304 καί¹
1803 3250 1930 3322 περὶ

369 3335 469 3406 τὴν
507 3335 678 3407 ἀληθῆ
704 3335 882 3406 ψῆφον
902 3335 1364 3406 διαμαρτάνοντες.
1391 3340 1453 3393 Εἰ
1484 3337 1591 3412 γὰρ
1618 3340 1712 3392 καὶ
1743 3342 1775 3411 ἡ
1804 3356 1929 3393 συν-

372 3426 648 3496 έμπτωσις
672 3425 766 3479 τοῦ
793 3426 932 3480 κατά
957 3427 1187 3497 Χριστὸν
1217 3429 1351 3500 πρὸς
1390 3428 1452 3482 τὸ
1493 3427 1777 3500 Ἐϐραῖκδν
1817 3428 1930 3482 δια-

370 3518 624 3571 ϐάλλεται
662 3518 872 3588 Πάσχα,
906 3518 957 3571 τί
987 3517 1032 3571 δ’
1056 3518 1120 3572 άν
1153 3536 1235 3583 τις
1267 3519 1407 3573 εἴποι
1437 3520 1563 3591 περὶ
1593 3520 1692 3591 τῆς
1721 3537 1928 3591 προεμ-

374 3609 660 3674 πτώσεως;
684 3609 974 3680 Συμϐαίνει
1000 3610 1056 3663 δέ
1084 3605 1237 3675 αὖθις
1257 3610 1493 3674 ἐκείνους
1515 3610 1575 3664 τὸ
1604 3611 1716 3664 ἴσον
1735 3611 1928 3676 τελεῖν,

375 3700 480 3757 κᾶν
511 3704 622 3765 τοῖς
646 3700 761 3754 to"
792 3739 808 3755 .
884 3740 900 3756 .
972 3743 987 3756 .
1068 3740 1085 3756 .
1160 3741 1176 3757 .
1245 3743 1262 3759 .
1338 3742 1353 3756 .
1382 3702 1574 3756 ἐτεσιν.
1611 3703 1699 3757 Ἐν
1723 3703 1932 3767 τούτοις

374 3794 483 3867 γάρ
530 3793 917 3849 πεντεκαιδεκά
991 3835 1004 3849 .
1080 3833 1096 3849 .
1173 3834 1188 3849 .
1262 3831 1278 3847 .
1359 3833 1373 3847 .
1446 3832 1461 3848 .
1540 3831 1556 3848 .
1633 3831 1648 3847 .
1682 3793 1780 3865 τὴν
1832 3793 1931 3864 τῆς

376 3888 456 3950 εἰς
486 3886 767 3958 Κυριακὴν
795 3886 1017 3957 ,ἡμέραν
1053 3885 1191 3956 ψηφί

378 3974 560 4041 ζοντες
587 3976 680 4029 τοῦ
714 3977 935 4048 νομικοῦ
967 3977 1175 4047 Πάσχα.
1215 3976 1303 4039 Ὠς
1326 3976 1392 4031 ἂν
1429 3975 1605 4030 τοίνυν
1636 4016 1651 4030 .
1728 4015 1744 4030 .
1821 4018 1834 4031 .
1914 4018 1929 4032 .

372 4068 509 4139 δῆλα
538 4068 822 4122 καὶταῦτα
852 4071 964 4132 τοῖς
997 4067 1378 4138 ἐντυγχάνουσι
1449 4108 1462 4120 .
1544 4104 1556 4119 .
1632 4108 1648 4122 .
1728 4111 1741 4123 .
1816 4108 1831 4121 .
1915 4107 1929 4120 .

381 4160 518 4233 μόνῃ
546 4164 744 4232 στιγμῇ
776 4160 1232 4232 διεσημηνάμεθα.
1267 4160 1417 4214 Εἰσὶν
1453 4154 1546 4213 οὖν
1570 4160 1638 4214 τά
1669 4160 1934 4232 μηδεμίαν

379 4266 1930 4312 στιγμην...............

379 4266 466 4307 οτι

378 4254 653 4415 κατίάμξὴν
675 4345 876 4398 οἰκείαν
903 4344 1153 4414 ἐξάγουσι
1181 4345 1359 4417 ψῆφον
1389 4348 1449 4401 τὸ
1468 4348 1657 4417 Πάσχα
1674 4362 1686 4376 ·
1712 4347 1933 4419 πρώτην

2022 1878 2311 1948 pertinent,
2366 1877 2563 1948 quibus
2619 1877 2676 1932 in
2732 1894 2846 1933 xxu
2910 1885 3002 1932 aut
3053 1895 3190 1935 xxm
3239 1880 3379 1936 lunae
3440 1883 3585 1939 diem

2020 1968 2226 2024 Pascha
2269 1969 2376 2024 illis
2407 1968 2597 2023 incidit
2628 1986 2642 2022 :
2675 1976 2790 2023 tum
2819 1969 2980 2025 etiam
3016 1970 3214 2040 quibus
3242 1984 3365 2029 ante
3399 1972 3586 2030 Judai-

2018 2075 2145 2115 cum
2189 2058 2420 2125 Pascha,
2456 2060 2822 2116 Christianum
2868 2063 2938 2118 ab
2968 2063 3181 2127 iisdem,
3205 2076 3392 2122 contra
3421 2083 3584 2138 quam

2021 2159 2252 2222 oportet,
2284 2153 2562 2208 indicitur.
2598 2152 2723 2208 Haec
2752 2154 2896 2208 enim
2939 2154 3006 2210 iis
3040 2157 3198 2211 annis
3232 2144 3456 2223 faciunt,
3490 2161 3586 2229 qui

2022 2244 2233 2300 duobus
2284 2245 2504 2315 punctis
2558 2246 2765 2316 praediti
2821 2254 2997 2314 sunt;
3034 2254 3095 2301 ut
3146 2246 3422 2304 Dominica
3472 2250 3583 2314 die,

2021 2350 2183 2405 quam
2215 2349 2317 2390 nos
2346 2351 2446 2390 xm
2474 2336 2656 2391 lunam
2690 2344 2964 2407 putamus,
2991 2352 3108 2392 eam
3152 2337 3257 2408 ipsi
3298 2354 3367 2393 xv
3396 2355 3588 2395 nume-

2024 2435 2163 2484 rent.
2194 2427 2329 2482 Tum
2359 2428 2524 2492 enim,
2558 2436 2823 2499 quantum
2868 2431 2933 2484 ad
2965 2446 3036 2485 xv
3069 2432 3281 2497 attinet,
3313 2432 3588 2488 celebrare

2022 2514 2231 2571 Pascha
2273 2515 2593 2579 debuerant,
2636 2532 2760 2571 cum
2795 2517 2897 2571 hoc
2931 2517 3046 2572 ﬁeri
3085 2534 3182 2589 per
3210 2535 3471 2576 canonem
3519 2521 3589 2575 1i-

2022 2612 2162 2660 ceat.
2210 2603 2489 2671 Quatenus
2541 2613 2721 2662 autem
2767 2623 2859 2661 xlv
2907 2611 3153 2678 sequenti
3197 2611 3305 2672 die.
3356 2612 3460 2668 hoc
3504 2622 3589 2669 est

2024 2696 2158 2753 feria
2197 2698 2433 2754 secunda
2464 2697 2835 2764 hebdomadis,
2868 2699 3114 2765 incurrit,
3146 2709 3272 2757 ante
3300 2701 3587 2760 Iudaicum

2022 2785 2229 2844 Pascha
2259 2787 2621 2842 Christianum
2661 2787 2780 2843 illos
2827 2796 3065 2844 statuere
3087 2832 3102 2855 ,
3139 2798 3195 2845 et
3226 2806 3257 2844 a
3287 2793 3431 2849 veris
3476 2794 3591 2848 cal-

2023 2879 2162 2935 culis
2205 2880 2475 2945 aberrare,
2534 2879 2672 2934 ratio
2720 2882 2839 2950 ipsa
2885 2879 3181 2955 convincit.
3231 2881 3366 2937 Nam
3415 2884 3464 2939 si
3504 2886 3590 2940 vel

2022 2970 2140 3043 ipse
2186 2970 2467 3027 Paschalis
2515 2973 2688 3028 nostri
2738 2987 2863 3027 cum
2918 2971 3146 3029 Jud‘aico
3185 2989 3486 3032 concursus
3532 2978 3591 3032 in

2025 3062 2184 3132 culpa
2233 3069 2349 3127 est,
2399 3062 2531 3133 quid
2580 3063 2869 3118 dicendum
2911 3074 3014 3128 est.
3059 3065 3106 3120 si
3155 3066 3258 3121 hoc
3304 3068 3468 3138 etiam
3520 3069 3593 3123 sit

2028 3153 2160 3207 illud
2191 3154 2469 3209 anterius?
2494 3154 2771 3226 Contingit
2804 3162 2982 3211 autem
3014 3172 3207 3213 rursus
3248 3157 3368 3214 illos
3398 3159 3593 3215 eodem

2026 3245 2301 3300 celebrare
2341 3245 2519 3309 modo,
2566 3246 2650 3302 his
2681 3250 2839 3305 annis
2919 3287 2932 3301 .
3012 3290 3027 3305 .
3105 3292 3119 3304 .
3198 3293 3213 3305 .
3291 3292 3306 3306 .
3384 3290 3400 3305 .
3477 3291 3493 3307 .
3574 3293 3590 3307 .

2026 3332 2085 3389 In
2131 3336 2218 3391 his
2266 3337 2414 3391 enim
2460 3336 2723 3393 decimam
2785 3340 3031 3411 quintam
3106 3382 3122 3398 .
3199 3384 3215 3397 .
3295 3383 3310 3397 .
3384 3381 3402 3397 .
3472 3358 3594 3415 quae

2029 3422 2084 3478 in
2130 3423 2413 3480 Dominica
2457 3426 2543 3481 die
2589 3436 2937 3498 computatur
3010 3469 3027 3485 .
3102 3469 3118 3486 .
3195 3469 3215 3488 .
3292 3471 3308 3486 .
3386 3433 3596 3505 .legalis

2028 3510 2336 3570 Paschalis.
2398 3511 2469 3568 Ut
2524 3515 2689 3586 igitur
2766 3558 2780 3572 .
2859 3558 2874 3571 .
2954 3558 2969 3573 .
3047 3558 3064 3575 .
3140 3519 3425 3577 manifesta
3480 3522 3597 3577 haec

2028 3605 2321 3661 lectoribus
2388 3649 2402 3661 .
2481 3649 2495 3663 .
2575 3650 2589 3663 .
2669 3650 2683 3664 .
2749 3610 3009 3682 singulari
3040 3621 3240 3682 puncto
3269 3614 3593 3671 notavimus.

2032 3695 2169 3751 Sunt
2199 3697 2363 3769 igitur
2391 3714 2510 3770 quae
2539 3709 2741 3771 puncto
2772 3703 2918 3757 omni
2949 3714 3137 3759 carent
3202 3747 3216 3761 .
3295 3746 3309 3761 .
3387 3747 3404 3763 .
3481 3746 3498 3762 .
3576 3747 3594 3762 .

2030 3876 2239 3932 Pascha
2289 3880 2356 3935 ad
2405 3897 2533 3937 suas
2574 3885 2816 3941 rationes
2863 3888 3307 3955 accommodant;
3339 3904 3459 3959 quae
3500 3904 3594 3943 xxI

2032 3971 2399 4026 ecclesiastica
2458 3975 2715 4030 methodo
2761 3985 3124 4047 computatur.
3170 3979 3241 4033 At
3288 3956 3379 4049 qui
3436 3980 3597 4034 unico
3635 3956 3646 3969 δ

2032 4070 2234 4131 puncto
2283 4064 2550 4135 duplicive
2597 4074 2725 4123 sunt
2774 4067 2971 4133 aﬂ‘ecti,
3020 4069 3053 4124 ii
3105 4078 3254 4137 sunt,
3297 4071 3353 4125 in
3398 4070 3598 4142 quibus

2033 4167 2140 4206 non
2190 4154 2365 4209 solum
2398 4172 2513 4211 χχιι
2547 4157 2657 4222 die,
2703 4158 2797 4213 sed
2828 4158 2990 4213 etiam
3024 4168 3149 4215 ante
3183 4161 3353 4232 lega‘e
3389 4160 3599 4216 Pascha

2033 4241 2397 4299 Christianum
2441 4248 2510 4302 ab
2558 4248 2626 4304 iis
2667 4248 2925 4304 indicitur
2970 4271 2984 4306 :
3022 4252 3155 4306 adeo
3200 4259 3260 4306 ut
3295 4252 3387 4322 qui
3430 4267 3601 4307 unum

2033 4334 2233 4391 habent
2279 4349 2560 4409 punctum.
2593 4341 2677 4397 his
2713 4351 2933 4413 prepter
2964 4344 3258 4400 bissextum
3314 4344 3450 4399 illud
3508 4359 3602 4399 ac-

378 4437 475 4489 καὶ
524 4436 708 4491 εἰκάδα
757 4437 895 4491 κατά
941 4437 1038 4507 τὴν
1086 4438 1536 4510 ἐκκλησιαστικὴν
1583 4439 1931 4512 ὑπάρχουσαν

2036 4425 2213 4493 cidat;
2249 4431 2339 4499 qui
2371 4429 2572 4501 duplici
2625 4432 2838 4504 praediti
2884 4441 3031 4499 sunt,
3059 4442 3280 4504 propter
3309 4433 3425 4489 dies
3455 4433 3598 4498 illos.

384 4524 619 4593 μέθοδον.
644 4524 721 4576 Τά
741 4524 795 4578 δὲ
818 4525 945 4594 μίαν
968 4525 1000 4596 ἢ
1020 4524 1111 4578 δύο
1143 4526 1452 4595 κεκτημένα
1486 4527 1739 4597 στιγμάς,
1766 4530 1824 4580 ἐν
1856 4523 1937 4592 οἷς

380 4618 459 4680 εἰς
476 4615 661 4669 εἰκάδα
681 4614 721 4685 β’
737 4617 797 4670 οὐ
823 4618 996 4687 μόνον,
1015 4617 1147 4670 ἀλλὰ
1165 4618 1258 4671 καὶ
1280 4619 1338 4670 τὸ
1364 4619 1520 4672 κατὰ.
1540 4620 1770 4690 Χριστὸν
1782 4620 1874 4673 τοῦ
1888 4621 1934 4652 ⁸⁸

379 4706 604 4777 νομικοῦ
640 4709 674 4778 ὴ
696 4708 740 4740 ⁸³
766 4707 1013 4762 λέλεκται
1041 4709 1405 4773 κανονεζουσιν
1424 4726 1437 4737 ⁸
1467 4711 1514 4761 εἰ
1559 4711 1653 4763 καὶ
1689 4714 1801 4773 τοῖς
1839 4711 1937 4779 μὲν

377 4793 491 4854 οἷον
526 4802 633 4864 τοῖς
670 4799 796 4868 μίαν
832 4799 1011 4870 ἔχουσι
1041 4798 1136 4869 τὴν
1158 4799 1387 4870 στιγμὴν
1413 4798 1500 4852 διὰ
1534 4800 1595 4852 τὸ
1619 4799 1891 4869 βίσσεξτον
1919 4819 1932 4832 ·

379 4892 493 4953 τοίς
544 4890 601 4942 δὲ
638 4890 734 4952 τὰς
773 4889 863 4943 δύο
910 4890 1138 4959 στιγμὰς
1163 4889 1251 4942 διὰ
1283 4890 1380 4953 τὰς
1402 4893 1465 4943 ὲκ
1492 4890 1597 4942 τῶν
1626 4889 1931 4960 ἐξηκοστῶν

380 4979 765 5052 ἀθροιζομένας
811 4981 991 5043 αὐτοῖς
1018 4979 1247 5052 ἡμέρας
1273 4982 1340 5035 τὰ
1371 4980 1427 5033 δὲ
1461 4981 1636 5050 τρισὶν
1666 4982 1937 5050 ἐνσημαν-

380 5070 543 5124 θέντα
573 5072 842 5139 στιγμαῖς,
869 5070 926 5121 ἐν
960 5064 1040 5132 οἷς
1070 5070 1150 5132 εἰς
1187 5069 1369 5122 εἰκάδα
1397 5066 1467 5137 γ’,
1496 5068 1630 5139 πρὸς
1668 5067 1761 5122 καί
1794 5085 1933 5121 τισιν

380 5163 587 5235 ἑτέροις
609 5162 994 5232 ποστημορίοις
1024 5162 1369 5219 ἐκτείνουσιν,
1417 5160 1551 5232 ὅπερ
1590 5160 1812 5215 ἄτοπον.
1851 5160 1938 5212 Ἔν

380 5253 604 5317 ταύταις
627 5253 683 5306 δέ
712 5256 830 5317 ταῖς
856 5252 1169 5325 εἰρημέναις
1192 5252 1232 5304 ε’
1259 5252 1475 5317 ζώναις,
1512 5253 1675 5323 ἤγουν
1703 5254 1811 5315 τοῖς
1842 5250 1938 5304 κύ-

382 5345 550 5411 κλοις,
578 5345 936 5416 συνετάξαμεν
967 5347 1079 5407 τοῖς
1102 5344 1242 5397 έτεσι
1272 5344 1372 5415 τῆς
1403 5345 1628 5417 σελήνης
1650 5344 1708 5409 ἐξ
1731 5343 1938 5399 εὐωνύ-

385 5453 501 5506 μων
524 5434 590 5489 τὰ
612 5435 703 5488 τοῦ
725 5435 872 5507 ἡλίου
897 5436 990 5507 ἐτη
1019 5436 1153 5506 μετὰ
1186 5436 1402 5489 καὶτῶν
1424 5434 1487 5490 ιϐ’
1504 5435 1714 5490 κύκλων
1737 5436 1933 5501 αὐτῶν,

381 5524 550 5595 {now
583 5525 1167 5596 εἰκοσιοκταετηρίδων,
1197 5524 1303 5577 άπὸ
1345 5524 1572 5596 σηρικοῦ
1612 5526 1933 5598 γεγραμμέ-

2039 4518 2133 4586 qui
2176 4534 2242 4574 ex
2290 4522 2532 4577 collectis
2580 4524 2927 4595 sexagesimis
2968 4525 3268 4592 accedunt;
3302 4525 3395 4593 qui
3427 4523 3602 4578 tribus

2041 4610 2274 4681 denique
2300 4615 2471 4667 notati
2500 4621 2646 4680 sunt,
2678 4615 2731 4668 in
2762 4616 2830 4670 iis
2852 4615 2918 4669 ad
2948 4630 3078 4669 χχιιι
3111 4629 3285 4685 usque
3310 4613 3452 4669 diem
3476 4629 3601 4669 cum

2039 4704 2452 4759 excurrentibus
2479 4704 2682 4775 aliquot
2722 4706 2992 4775 scrupulis
3024 4703 3232 4760 Pascha
3264 4704 3598 4759 diffunditur.

2041 4790 2195 4859 Quod
2234 4802 2316 4851 est
2363 4797 2679 4853 absurdum.
2709 4797 2972 4853 Caeterum
3004 4798 3059 4852 in
3095 4799 3206 4854 illis
3232 4798 3471 4868 quinque
3510 4812 3603 4852 zo-

2041 4885 2147 4951 nis,
2179 4884 2487 4951 circulisvc,
2519 4888 2588 4942 ad
2619 4904 2791 4944 annos
2823 4889 2962 4945 luna.-
2987 4891 3194 4947 solares
3230 4890 3299 4944 ad
3326 4890 3602 4945 sinistram

2041 4977 2414 5046 ascripsimus,
2441 4994 2547 5033 una
2573 4993 2697 5034 cum
2722 4996 2813 5034 aut
2837 4981 3003 5051 cyclis
3035 4981 3297 5052 ipsorum,
3324 4981 3414 5050 qui
3445 4981 3605 5036 anuis

2041 5067 2237 5137 singuli
2268 5076 2518 5122 constant
2548 5079 2669 5125 octo
2697 5078 2750 5125 et
2780 5073 2967 5142 viginti
3002 5091 3015 5129 :
3047 5089 3078 5128 e
3111 5073 3312 5143 quibus
3336 5071 3606 5127 enneade-

2044 5159 2342 5215 caeterides
2386 5162 2606 5216 rubrica
2643 5162 2868 5233 depictae
2905 5175 3035 5221 sunt
3086 5184 3101 5220 :
3154 5148 3226 5221 ut.
3266 5164 3604 5235 singularum

2044 5249 2172 5303 anni
2214 5250 2313 5312 illi.
2361 5251 2416 5306 in
2460 5253 2659 5322 quibus
2706 5254 2971 5310 decimam
3015 5263 3286 5326 quartam,
3324 5255 3414 5312 isti
3453 5254 3606 5309 deci-

2044 5356 2186 5397 mam
2209 5342 2367 5414 185
2381 5345 2648 5415 quintam,
2663 5346 2746 5401 vel
2763 5354 2969 5402 sextam
2983 5347 3246 5404 decimam
3266 5355 3601 5417 computant,

2042 5437 2195 5504 quoti
2250 5437 2361 5491 sint
2409 5435 2463 5491 in
2511 5436 2665 5507 cyclo
2710 5437 2859 5501 solis,
2907 5445 2962 5493 et
3013 5438 3173 5507 cujus
3225 5439 3383 5509 cycli,
3434 5436 3607 5507 possit

2046 5525 2266 5591 agnosci
2302 5544 2315 5580 :
2350 5532 2517 5596 atque
2543 5542 2610 5582 ex
2649 5528 3070 5599 congruentibus
3106 5528 3335 5596 epactis,
3376 5540 3498 5595 quae
3524 5532 3613 5580 se-'

455 5680 502 5715 ⁸⁸
526 5680 571 5750 Ῑ.
596 5680 657 5733 δ’·
734 5680 779 5711 ⁸⁷
816 5678 1000 5734 Excute
1036 5680 1091 5733 in
1125 5678 1408 5747 exemplari
1447 5681 1643 5735 littera:
1667 5697 1769 5738 non
1802 5688 1943 5749 potui

2028 5690 2079 5735 nt
2101 5682 2185 5736 hic
2216 5682 2342 5757 legi,
2378 5702 2468 5740 nec
2491 5683 2736 5765 describi.
2810 5685 2857 5718 ⁸⁸
2887 5684 2929 5757 f.
2964 5685 3068 5757 πρὸ
3097 5685 3214 5739 τοῦ.
3288 5685 3334 5716 ⁸⁸
3363 5685 3406 5754 Ῑο
3444 5680 3479 5757 ἦ

668 5774 936 5837 Panos.
974 5774 1091 5836 Gn.
1124 5774 1296 5836 XIX.

3225 5780 3302 5843 1ιο
