4044 6220
426 282 450 337 1
460 282 562 338 εει)

1433 269 1522 324 AD
1559 266 1824 324 EUSEBII
1861 265 2258 323 CHRONICGN
2297 264 2669 322 APPENDI'X.

3512 265 3645 320 ΙΞθθ

426 397 604 455 eundo
647 392 853 450 circulo
900 387 1144 460 ejusdem
1186 394 1316 441 rotae
1352 395 1482 441 sunt
1527 385 1818 455 inscriptas,
1859 382 1988 438 feria

2114 402 2194 436 νων
2226 383 2400 438 αὐτῶν
2439 385 2502 454 δὴ
2541 383 2647 436 τῶν
2665 381 3250 453 ’ὲννεαδεκαετηρίδωνσ
3297 382 3384 434 ἵνα
3433 381 3644 450 γνωσθῇ

427 483 766 546 conﬁciatur,
800 476 1370 549 compositisﬁnvicem
1401 476 1528 528 anni
1577 474 1708 529 solis
1755 475 1983 545 epactis,

427 586 482 631 et
509 573 738 629 Romani
769 572 969 626 mensis
995 571 1206 633 diebus,
1239 581 1344 621 una
1391 581 1514 619 cum
1565 564 1857 618 rubricatis
1899 578 1990 618 re-

428 665 705 738 gularibus
752 681 766 717 :
818 677 881 716 ac
932 677 1142 716 summa
1191 676 1286 730 per
1329 675 1402 713 vn
1452 658 1646 714 deinde
1674 658 1865 713 divisa.
1910 656 1992 712 Ob

432 759 570 812 hanc
619 756 763 811 enim
809 769 1030 810 causam
1079 751 1238 806 annis
1285 751 1424 804 lunae
1463 750 1670 804 solares
1704 748 1770 802 ad
1805 749 1992 802 laevam

431 849 795 920 adjunximus.
815 846 1086 901 Hactenus
1101 844 1166 898 de
1184 853 1317 898 rotae
1337 843 1595 898 medianae
1609 841 1990 910 descriptione.

2093 475 2271 539 πάσης
2303 475 2923 547 ὲννεακαιδεκαετηρίδος
2961 474 3075 538 ἔτος
3107 478 3185 539 είς
3207 475 3235 528 δ
3264 474 3301 528 ε’
3332 477 3428 529 καὶ
3456 474 3507 542 ι’,
3533 477 3566 547 ἢ
3595 477 3651 543 ἒξ

2094 567 2187 620 καὶ
2233 572 2285 624 ι’,
2310 568 2501 620 ἐκεῖνοι
2557 566 2653 637 τήν
2682 565 2721 619 δ’
2761 567 2853 619 καὶ
2896 565 2925 619 ι’
2961 566 3276 637 ψηφίζουσι,
3301 568 3500 620 πόστον
3539 568 3653 630 ἔτος

2092 658 2260 729 ήλίου,
2287 660 2379 713 καὶ
2413 661 2569 723 ποίας
2601 660 3154 731 εἰκοσιοκταετηρίδος
3190 660 3513 731 καθέστηκε.
3548 664 3655 714 κάκ

2093 749 2198 803 τῶν
2233 749 2395 802 αὑτοῦ
2425 750 2743 820 προσφόρων
2767 750 3038 812 ὲπακτῶν,
3063 749 3171 802 τῶν
3191 749 3657 820 ἐγγεγραμμένων

2095 840 2236 894 κατὰ
2263 841 2352 893 τὸν
2381 838 2424 911 β’
2453 840 2648 894 κύκλον
2683 839 2774 892 τοῦ
2801 839 2963 893 αὐτοῦ
2992 839 3207 911 τροχοῦ,
3237 843 3270 910 ἡ
3295 840 3392 909 τῆς
3424 838 3658 908 ὲὸδομά-

432 939 519 1002 δος
565 937 746 1010 ἡμέρα
793 935 1114 1005 δια-γνωσθῇ,
1144 936 1283 988 κατά
1318 951 1377 987 τε
1421 934 1518 1004 τὴν
1553 931 1867 1004 συμπλοκὴν
1895 931 2001 984 τῶν
2029 931 2121 984 τοῦ
2167 933 2319 1004 ήλίου
2371 933 2521 996 ἔτους
2576 932 2846 996 ὲπακτῶν,
2913 933 3137 1002 καὶτῆς
3181 931 3278 985 τοῦ
3349 928 3658 1000 Ῥωμαῖκοῦ

437 1029 601 1101 μηνὸς
645 1029 924 1094 ποσταίας,
961 1029 1053 1080 καὶ
1090 1026 1196 1080 τῶν
1242 1027 1348 1080 ἀπὸ
1399 1025 1619 1099 σηρικοῐὲ
1668 1025 1995 1098 προσθετῶν,
2061 1027 2156 1080 καὶ
2199 1029 2297 1099 τῆς
2331 1029 2410 1092 είς
2443 1027 2485 1092 ζ’
2515 1028 2621 1080 τῶν
2663 1027 3063 1098 ἀθροιζομένων
3089 1015 3417 1089 ἀναλύσεως.
3441 1024 3660 1090 Ταύτης

434 1121 541 1192 γὰρ
577 1122 758 1174 ἕνεκεν
795 1121 892 1189 τῆς
920 1119 1093 1181 αἰτίας
1108 1122 1230 1182 τοῖς
1260 1118 1358 1186 τῆς
1387 1118 1612 1189 σελήνης
1637 1116 1777 1171 ἔτεσι
1800 1115 1869 1169 τὰ
1891 1114 1983 1168 τοῦ
2016 1116 2164 1187 ήλίου
2205 1119 2565 1188 συνετάξαμεν
2599 1117 2692 1188 ἔτη
2715 1116 2772 1180 ἐξ
2804 1117 3112 1187 εὐωνύμων.
3162 1118 3344 1170 Ταῦτα
3395 1117 3524 1185 περὶ
3559 1114 3658 1182 τῆς

436 1215 494 1265 ὲν
525 1213 602 1283 τῷ
630 1212 778 1282 μέσῳ
806 1211 984 1282 τροχῷ
1008 1211 1329 1283 διαγραφῆς.

927 1342 1003 1397 De
1035 1344 1214 1398 tabula
1259 1345 1494 1398 sinistra.

507 1455 593 1512 lll.
649 1454 726 1509 Ex
759 1453 969 1510 duabus
1015 1455 1264 1520 tabellis,
1321 1456 1518 1526 quibus
1561 1457 1813 1528 utrinque
1867 1466 1990 1512 rota

440 1548 694 1618 stipatur,
735 1561 856 1617 quae
887 1546 952 1602 ad
983 1547 1261 1602 sinistram
1291 1547 1544 1603 deorsum
1573 1549 1744 1604 tendit
1791 1565 1821 1603 a
1847 1565 1993 1604 sum-

2326 1339 2470 1406 ,Περὶ
2512 1338 2615 1393 τοῦ
2647 1337 2714 1402 ἐξ
2745 1337 3063 1405 εὐωνύμων
3101 1337 3403 1390 κανονίου.

2165 1454 2240 1508 l".
2280 1453 2358 1506 Τὰ
2379 1453 2434 1505 δὲ
2453 1449 2795 1523 ἑκατέρωθεν
2826 1449 2918 1502 δύο
2949 1449 3182 1514 κανόνια,
3217 1451 3275 1503 τὸ
3308 1452 3405 1521 μὲν
3433 1450 3494 1517 ἐξ
3518 1454 3662 1507 εὐω-

2097 1545 2278 1616 νύμων
2323 1543 2522 1598 ἄνωθεν
2571 1545 2662 1596 ἐπὶ
2713 1543 2780 1595 τὰ
2824 1541 2972 1594 κάτω
3023 1543 3340 1614 φερόμενον,
3397 1544 3664 1615 κέκτηται

441 1653 548 1704 ιιιο,
576 1638 678 1691 ista
711 1639 988 1692 continet:
1013 1638 1068 1692 in
1100 1638 1274 1708 primo
1303 1654 1463 1694 versu
1493 1650 1700 1709 septem
1731 1648 1857 1696 sunt
1878 1656 1992 1695 em-

2114 1636 2219 1691 τάδε
2239 1653 2252 1666 ⁸
2289 1637 2346 1688 ὲν
2378 1635 2454 1706 τῷ
2493 1643 2538 1690 α’
2585 1635 2749 1704 στίχῳ
2769 1650 2781 1663 ·
2815 1633 2940 1696 τοὺς
2969 1631 3011 1696 ζ’
3036 1633 3359 1705 ἐμϐολίμους
3395 1635 3568 1704 μῆνας
3601 1637 3662 1687 ἐν

442 1731 627 1787 bolimi
660 1746 877 1786 menses
926 1729 994 1784 ad
1029 1745 1159 1786 suos
1191 1730 1395 1802 quique
1433 1731 1574 1785 luna:
1617 1747 1790 1787 annos
1829 1732 1997 1786 ascri-

443 1822 554 1893 pti;
590 1822 645 1876 in
680 1821 944 1886 secundo,
980 1822 1106 1875 anni
1151 1821 1290 1875 lunae
1324 1837 1438 1884 xix,
1477 1823 1570 1891 qui
1599 1837 1708 1876 non
1741 1836 1770 1875 a
1801 1822 1995 1892 primo,

2097 1733 2206 1793 τοῖς
2259 1729 2586 1799 προσήκουσι
2633 1727 2732 1797 τῆς
2785 1727 3008 1798 σελήνης
3045 1726 3189 1779 ἔτεσι
3245 1729 3659 1798 κατατεταγμέ-

2099 1834 2252 1881 νους’
2309 1817 2364 1869 ὲν
2408 1816 2486 1886 τῷ
2537 1816 2578 1886 β’
2615 1816 2778 1886 στίχῳ
2817 1815 2884 1868 τὰ
2914 1815 2976 1868 ιϐ’
3009 1816 3104 1886 τῆς
3132 1815 3359 1886 σελήνης
3392 1816 3507 1886 ἐτη,
3557 1818 3662 1869 οὐχ

443 1911 538 1967 red
564 1925 596 1964 a
626 1919 824 1982 quarto
855 1911 1124 1982 incipiunt
1157 1925 1335 1978 anno;
1379 1912 1434 1965 in
1463 1912 1643 1977 tertio,
1699 1913 1828 1966 anni
1860 1913 2001 1966 lunae

2114 1905 2210 1960 ὶπδ
2245 1905 2459 1977 πρώτου
2491 1904 2662 1967 ἔτους,
2713 1903 2826 1956 ἀλλ’
2851 1903 2958 1956 ἀπὸ
2998 1903 3038 1955 δ’
3062 1905 3158 1974 τὴν
3190 1905 3362 1976 ἀρχὴν
3390 1905 3658 1974 λαχόνταο

445 2016 538 2058 ιιι
564 2017 595 2057 a
630 2002 806 2071 primo
837 2002 1094 2073 deinceps
1121 2000 1315 2056 ordine
1343 2002 1774 2072 progredientes.
1807 2003 1864 2057 Id
1903 2018 2000 2058 au-

2114 2001 2159 2050 ὲν
2191 1995 2267 2066 τῷ
2301 2003 2347 2064 γ’
2387 1995 2556 2066 στίχῳ
2593 1995 2659 2047 τὰ
2695 1994 2756 2046 ιθ⁰
2783 1995 2879 2064 τῆς
2907 1995 3134 2064 σελήνης
3160 1995 3274 2064 ἔτη,
3309 1996 3417 2048 ἀπὸ
3443 1995 3665 2067 πρώτου

443 2103 553 2149 tem
584 2095 688 2149 hoc
718 2094 879 2149 etiam
919 2094 1041 2149 loco
1071 2100 1355 2164 propterea
1385 2094 1588 2148 factum
1617 2102 1718 2160 est,
1752 2102 1811 2149 ut
1843 2110 2003 2165 quem

2114 2095 2254 2156 ἔτους
2299 2094 2417 2145 καθ’
2467 2092 2654 2162 εἱρμὸν
2700 2089 3024 2159 τεταγμένα.
3077 2090 3246 2142 Τοῦτο
3280 2089 3334 2142 δὲ
3382 2091 3662 2145 κάνταῦθα

445 2187 520 2240 illi
554 2187 787 2257 primum
822 2201 1024 2242 annum
1052 2185 1191 2240 lunae
1223 2195 1564 2256 computant,
1609 2187 1696 2242 hic
1729 2187 1873 2258 apud
1905 2202 2003 2242 nos

2114 2185 2342 2253 γέγονεν,
2383 2185 2467 2236 ἵνα
2513 2183 2572 2234 τὸ
2621 2184 2748 2252 παρ’
2786 2182 3011 2244 ἐκείνοις
3055 2181 3419 2252 ψηφιζόμενον
3448 2183 3666 2254 πρῶτον

445 2293 570 2333 esse
605 2286 834 2348 quartus
874 2277 1194 2332 ostendatur
1225 2296 1237 2331 :
1263 2286 1317 2333 et
1343 2278 1619 2334 secundus
1651 2279 1898 2350 quintus,
1933 2289 2007 2333 at-

445 2384 550 2439 que
576 2368 652 2422 ita
683 2369 940 2439 deinceps
975 2385 1147 2439 usque
1176 2371 1244 2425 ad
1286 2386 1488 2426 annum
1530 2389 1640 2426 xix.
1698 2371 1801 2428 Sed
1832 2372 2007 2443 primo

447 2463 567 2514 loco
613 2475 786 2516 annos
836 2460 1154 2532 posuimus,
1186 2465 1638 2533 quemadmodum
1683 2480 1714 2518 a
1743 2465 1899 2520 nobis
1921 2481 2009 2522 ec-

447 2552 756 2608 clesiastica
804 2555 1016 2608 ratione
1065 2564 1450 2624 computantur
1489 2558 1734 2627 :qui’bus
1789 2557 2007 2612 illorum

447 2645 658 2698 calculo
717 2651 1030 2700 numeratos
1078 2646 1453 2716 subjecimus:
1497 2648 1647 2718 quod
1706 2649 1878 2703 nostri
1930 2649 2008 2703 illi

448 2734 560 2788 veri
611 2748 674 2788 ac
707 2733 927 2804 legitimi
962 2735 1088 2789 sint.
1134 2733 1191 2788 ln
1227 2752 1279 2791 ιν
1321 2752 1535 2793 versum
1586 2747 1806 2808 epactas
1841 2753 2011 2792 anno-

450 2840 570 2880 rum
597 2824 956 2894 conjecimus,
989 2826 1089 2880 hoc
1139 2833 1220 2881 est
1248 2837 1466 2882 aetatem
1517 2832 1676 2896 ulnae,
1710 2845 1830 2899 quae
1869 2844 2011 2883 anno

2102 2275 2199 2345 τῆς
2229 2275 2452 2344 σελήνης
2484 2273 2599 2336 ἔτος
2631 2273 2838 2344 δηλωθῇ
2885 2271 2923 2325 δ’
2955 2272 3012 2324 δν
3038 2275 3164 2344 παρ’
3189 2276 3340 2344 ἡμῖν,
3378 2275 3468 2328 καὶ
3499 2277 3559 2328 τὸ
3592 2276 3626 2345 β
3645 2315 3664 2340 ,

2105 2372 2166 2431 ε’,
2197 2365 2289 2418 καὶ
2331 2364 2500 2428 οὕτως
2546 2366 2601 2418 ὲν
2653 2366 2762 2428 τοῖς
2808 2363 3039 2434 καθεξῆς
3067 2366 3190 2436 ἄχρι
3232 2366 3325 2418 τοῦ
3378 2367 3439 2420 ιθ⁹
3489 2368 3669 2430 ἔτους.

2107 2460 2489 2532 Προετάγησαν
2535 2457 2591 2510 δὲ
2623 2457 2782 2510 πάλιν
2827 2457 2931 2510 τῶν
2975 2458 3201 2522 ὲκείνοις
3249 2459 3672 2531 ἀριθμουμένων

2105 2552 2174 2604 τὰ
2196 2552 2323 2622 παρ’
2359 2552 2509 2621 ήμῑν,
2543 2550 2680 2602 κατὰ
2707 2550 2804 2620 τὴν
2831 2548 3283 2621 ὲκκλησιαστικὴν
3312 2551 3673 2622 ἐξαρίθμησιν

2107 2641 2465 2712 ψηφιζόμενα,
2503 2641 2590 2694 διὰ
2628 2641 2722 2712 τὴν
2775 2643 2830 2693 ὲν
2876 2640 3080 2705 τούτοις
3120 2643 3392 2714 ἀλήθειαν.
3458 2646 3548 2698 Ἐν

2107 2736 2147 2788 δ’
2189 2736 2351 2805 στίχῳ
2395 2735 2490 2798 τὰς
2523 2733 2628 2786 τῶν
2660 2733 2794 2786 ἐτῶν
2838 2735 3098 2798 ὲπακτὰς,
3145 2736 3309 2804 ήγουν
3341 2736 3574 2807 ἡμέρας,
3603 2736 3674 2799 ξς

2109 2824 2250 2894 ἔχειν
2303 2826 2407 2878 πᾶν
2461 2824 2578 2887 ἔτος
2612 2824 2837 2895 σελήνης
2882 2823 3193 2892 ψηφίξουσι,
3225 2826 3362 2878 κατὰ
3392 2827 3492 2896 τὴν
3523 2826 3677 2897 πρώ-

449 2916 571 2985 ejus
619 2914 859 2984 quolibet
899 2912 1176 2970 Ianuariis
1225 2915 1482 2971 Kalendis
1533 2917 1822 2987 competit;
1872 2918 1927 2972 in
1982 2935 2010 2972 ν

2114 2932 2209 2985 την
2241 2914 2332 2967 τοῦ
2374 2915 2698 2986 ἰανουαρίου
2733 2915 2918 2985 μηνός
2945 2917 3001 2966 ἐν
3028 2914 3102 2986 τῷ
3131 2923 3169 2967 ε’
3211 2917 3374 2987 στίχῳ
3406 2915 3506 2980 τὰς
3533 2918 3680 2970 κατὰ

451 3022 633 3073 versu,
668 3016 876 3076 quarta:
929 3006 1154 3061 decimae
1207 3007 1370 3076 primi
1401 3009 1604 3063 mensis
1640 3008 2010 3064 redundantes

2114 3008 2209 3078 τὴν
2231 3007 2824 3078 τεσσαρεσκαιδεκάτην
2849 3006 2940 3059 τοῦ
2967 3000 3179 3078 πρώτου
3208 3008 3371 3078 μηνὸς
3393 3009 3678 3081 περιττὰς,

452 3098 591 3164 dies,
619 3108 709 3153 aut
753 3098 1012 3169 aequales,
1043 3112 1163 3167 quae
1211 3105 1340 3152 sunt
1379 3099 1511 3169 ipsae
1537 3099 1758 3155 decimae
1781 3109 2005 3171 quartaa.

2114 3096 2274 3166 ήκαὶ
2312 3097 2450 3161 ἴσας,
2487 3093 2595 3150 οἷον
2629 3095 2795 3159 αὐτὰς
2821 3096 2960 3164 λέγω
3001 3096 3098 3160 τὰς
3147 3097 3225 3149 ιδ’.
3262 3097 3446 3150 Ταῦτα
3479 3098 3581 3168 μὲν
3618 3097 3683 3150 τδ

453 3190 578 3246 Haec
609 3191 662 3245 in
693 3191 915 3246 sinistra
953 3191 1137 3245 tabula
1169 3193 1538 3247 continentur.

705 3325 782 3380 De
810 3326 1005 3381 tabella
1032 3343 1147 3395 qua:
1179 3324 1246 3379 ad
1275 3325 1512 3380 dextram
1536 3329 1642 3382 sila
1665 3338 1768 3408 est.

533 3433 619 3488 IV.
661 3434 792 3500 Quae
821 3435 887 3489 ad
917 3436 1167 3491 dextrum
1197 3437 1345 3492 latus
1373 3445 1455 3492 est
1483 3437 1699 3502 tabella,
1729 3438 1783 3492 in
1810 3454 1968 3494 versu
1991 3456 2013 3493 ι

458 3539 630 3580 annos
672 3526 813 3581 lunae
848 3543 940 3580 xix
971 3528 1188 3582 exhibet
1230 3526 1481 3584 ineuntes
1511 3545 1541 3583 a
1569 3540 1792 3599 quarto,
1825 3531 2012 3587 eodem

458 3619 620 3688 plane
671 3618 850 3681 modo,
888 3635 995 3688 quo
1024 3620 1078 3673 in
1126 3619 1346 3674 sinistra
1380 3619 1639 3692 descripti
1675 3629 1802 3677 sunt
1833 3622 1887 3676 in
1918 3638 2016 3676 se—

459 3711 637 3765 cundo
681 3727 864 3775 versu,
928 3720 1046 3766 uta
1081 3713 1237 3768 nobis
1281 3713 1584 3783 computari
1633 3715 1839 3781 solent;
1890 3714 1943 3768 in
1979 3730 2016 3767 ιι

459 3815 622 3854 versu
673 3799 888 3854 illorum
927 3810 1132 3870 epactae
1171 3809 1317 3867 sunt,
1354 3803 1470 3857 sive
1518 3803 1655 3868 dies,
1683 3812 1815 3874 quot
1842 3804 2018 3860 eccle-

457 3891 681 3947 siastico
727 3892 936 3946 calculo
980 3891 1152 3961 pridie
1177 3892 1445 3948 Kalendas
1484 3893 1683 3964 Aprilis
1711 3896 1855 3949 aetati
1883 3896 2020 3950 luna:

459 3983 699 4052 quolibet
732 3998 874 4037 anno
906 3983 1257 4051 tribuuntur;
1288 3984 1340 4038 in
1379 3999 1439 4038 ιιι
1479 3985 1588 4039 duo
1633 4000 1846 4042 menses
1897 3984 2022 4040 Ro-

460 4075 608 4128 mani
642 4082 793 4138 sunt,
843 4073 1068 4129 Martius
1099 4083 1153 4130 et
1202 4074 1446 4145 Aprilis;
1496 4077 1549 4129 in
1593 4091 1643 4129 tv
1685 4091 1843 4131 versu
1873 4092 2022 4131 men-

462 4159 604 4214 sium
631 4159 944 4212 eorumdem
973 4157 1110 4222 dies,
1153 4158 1208 4212 in
1244 4173 1383 4228 quos
1411 4159 1621 4213 decima
1645 4169 1836 4230 quarta
1860 4160 2019 4230 primi

461 4248 675 4303 Iudaici
712 4249 917 4304 mensis
942 4248 1194 4312 incurrit,
1219 4249 1331 4302 sive
1355 4247 1563 4304 Pascha
1588 4251 1730 4321 quod
1762 4252 1838 4305 illi
1867 4260 2022 4321 quot-

2112 3187 2510 3258 ἐξεὺωνύμων.

2416 3325 2552 3393 Περὶ
2584 3323 2688 3376 τοῦ
2717 3323 2784 3377 ἐκ
2817 3323 3028 3389 δεξιῶν
3057 3324 3357 3377 κανονίου.

2184 3437 2255 3489 Δ’.
2297 3435 2368 3489 Tb
2402 3436 2458 3488 δὲ
2487 3437 2549 3488 ὲκ
2581 3436 2766 3502 δεξιῶν
2807 3437 2864 3488 ὲν
2895 3435 2972 3505 τῷ
3001 3441 3046 3487 α’
3084 3436 3251 3504 στίχῳ
3293 3436 3358 3487 τὰ
3389 3434 3454 3487 ιθ¹
3481 3434 3682 3504 κέκτη-

2117 3547 2202 3581 ται
2244 3529 2342 3600 τῆς
2395 3529 2617 3601 σελήνης
2662 3529 2776 3598 ἐτη,
2824 3528 2932 3580 ἀπὸ
2963 3528 3004 3580 δ’
3041 3527 3192 3590 ἔτους
3238 3526 3333 3596 τὴν
3367 3526 3540 3597 ἀρχὴν
3581 3526 3680 3578 λα·

2119 3620 2298 3684 δόντα,
2333 3620 2466 3691 πρὸς
2496 3617 2592 3690 τὴν
2636 3620 2803 3689 αὐτὴν
2842 3621 2933 3672 καὶ
2980 3620 3099 3689 ἴσην
3135 3619 3415 3688 ἐγγραφὴν
3457 3617 3567 3670 τῶν
3617 3617 3676 3680 ἐξ

2119 3713 2408 3783 εὐωνύμων
2466 3712 2810 3782 τεταγμένων
2872 3715 2928 3764 ὲν
2978 3711 3053 3782 τῷ
3108 3711 3147 3781 β’
3180 3712 3365 3780 στίχῳ.
3422 3712 3519 3762 καὶ
3554 3710 3676 3761 καθ’

2118 3804 2263 3873 ἡμᾶς
2289 3802 2666 3872 ψηφιζομένων
2695 3801 2828 3854 ὲτῶν
2850 3817 2863 3831 ⁸
2903 3803 2958 3854 ὲν
3000 3801 3076 3872 τῷ
3107 3801 3149 3871 β’
3181 3801 3346 3870 στίχῳ
3373 3800 3471 3862 τὰς
3499 3799 3680 3852 αὐτῶν

2120 3893 2378 3956 ὲπακτὰς,
2410 3893 2574 3963 ήγουν
2622 3893 2852 3964 ἡμέρας,
2898 3890 2964 3955 ἃς
2998 3891 3118 3961 ἕχον
3149 3892 3253 3944 πᾶν
3284 3890 3400 3952 ἔτος
3429 3890 3678 3960 εὑρίσκε-

2121 4001 2211 4036 ται
2244 3982 2384 4036 κατὰ
2407 3984 2506 4053 τὴν
2533 3983 2982 4054 ὲκκλησιαστικὴν
3030 3983 3206 4052 ψῆφον
3249 3985 3327 4044 εἰς
3377 3981 3478 4050 τήν
3520 3997 3673 4051 τρια-

2124 4072 2258 4125 κάδα
2305 4079 2351 4124 α’
2388 4071 2478 4124 τοῦ
2525 4071 2767 4142 Μαρτίου
2807 4072 3004 4142 μηνόςο
3043 4073 3098 4123 ὲν
3144 4070 3221 4140 τῷ
3249 4076 3295 4138 γ’
3340 4069 3506 4138 στίχῳ
3553 4071 3673 4131 τοὺς

2124 4163 2214 4216 δύο
2259 4164 2592 4234 Ῥωμαῖκοὺς
2634 4164 2822 4233 μῆνας,
2868 4164 3108 4232 Μάρτιον
3144 4161 3237 4214 καὶ
3283 4161 3579 4230 Ἀπρίλιονο
3614 4158 3672 4209 ὲν

2124 4255 2201 4324 τῷ
2227 4254 2266 4305 δ’
2299 4255 2463 4323 στίχῳ
2497 4255 2594 4317 τὰς
2623 4253 2799 4306 αὐτῶν
2826 4262 2934 4306 τῶν
2963 4252 3148 4323 μηνῶν
3182 4251 3463 4315 ποσταίας,
3489 4254 3549 4303 ὲν
3592 4244 3674 4310 αἷς

464 4340 623 4394 annis
663 4341 973 4408 celebrant;
998 4341 1052 4394 in
1083 4358 1112 4395 v
1145 4341 1418 4412 regulares
1449 4343 1616 4397 rubro
1659 4344 1840 4398 colore
1866 4342 2010 4412 picti.

2127 4347 2358 4415 συναντᾷ
2403 4345 2612 4408 πάντως
2653 4347 2686 4416 ἡ
2745 4345 2784 4397 δ’
2835 4347 2925 4398 καὶ
2968 4353 2996 4397 ι’
3029 4344 3121 4398 τοῦ
3161 4343 3378 4416 πρώτου
3416 4343 3539 4396 καθ’
3593 4343 3678 4394 Ἐο-

465 4431 588 4486 Ιίιιιε
620 4432 674 4485 in
728 4434 894 4488 altera
947 4432 1146 4488 tabella
1189 4433 1554 4504 reperiuntur.
1613 4433 1706 4489 Est
1755 4445 1932 4489 autem
1966 4435 2020 4488 in

467 4525 568 4580 hac
589 4525 777 4579 dextra
813 4526 1006 4580 tabella
1037 4524 1314 4580 Paschalis
1340 4525 1635 4596 inscriptus
1686 4541 1881 4590 canon,
1923 4543 2014 4582 cu-

460 4615 556 4683 jus
585 4629 614 4667 a
651 4614 810 4669 nobis
847 4623 928 4668 est
964 4615 1212 4685 proxime
1257 4613 1526 4668 declarata
1558 4617 1716 4680 ratio,
1749 4623 1808 4670 ut
1860 4616 2023 4686 hujus

463 4721 565 4775 ope
605 4721 804 4759 annum
836 4706 1129 4776 quemlibet
1157 4705 1317 4769 lunae,
1352 4713 1514 4774 prout
1543 4707 1612 4760 ab
1639 4707 1747 4761 illis
1777 4713 2018 4776 putatur,

465 4806 627 4868 atque
678 4799 732 4853 in
767 4798 1000 4852 secunda
1036 4798 1219 4851 tabula
1255 4798 1574 4868 proponitur
1602 4813 1630 4850 a
1661 4798 1842 4862 nobis,
1889 4814 2020 4854 nec—

467 4905 574 4944 non
610 4890 663 4943 in
699 4889 981 4958 interjecta
1011 4897 1150 4950 rota,
1173 4887 1398 4959 ejusque
1425 4888 1644 4943 circulis
1670 4888 1937 4959 quinque;
1965 4897 2024 4942 ut

468 4984 634 5044 hunc,
686 4982 929 5050 inquam,
967 4995 1192 5045 annum,
1225 4994 1332 5050 quo
1372 4995 1460 5033 xw
1483 4977 1764 5036 Paschalis
1803 4981 2021 5035 illorum

471 5074 682 5127 calculo
714 5078 798 5126 est
820 5088 908 5136 xv,
954 5071 1037 5124 vel
1071 5087 1158 5125 xvr
1179 5111 1195 5135 ,
1242 5071 1332 5142 qui
1363 5073 1507 5127 volet
1533 5073 1773 5129 invenire
1825 5073 2018 5142 possit,

466 5174 521 5217 et
552 5171 742 5218 exacte
775 5163 1055 5218 subductis
1103 5164 1327 5219 calculis
1366 5167 1596 5235 probare
1648 5176 1825 5220 utrum
1859 5167 1933 5220 ita
1964 5182 2022 5222 se

469 5267 558 5306 res
589 5252 803 5314 habeat,
837 5253 916 5306 uti
949 5252 1319 5322 disputatione
1357 5263 1544 5310 nostra
1573 5256 1879 5312 docuimus.

2124 4436 2344 4506 ϐραίους
2401 4436 2584 4507 μηνὸς,
2621 4437 2784 4506 ήγουν
2815 4436 2873 4489 τὸ
2911 4437 3028 4489 κατ’
3067 4437 3262 4498 αὐτοὺς
3307 4436 3517 4505 Πάσχα,
3561 4435 3680 4486 καθ’

2124 4527 2348 4579 ἕκαστον
2408 4527 2555 4590 ἔτος·
2622 4529 2679 4581 ἐν
2709 4527 2785 4598 τῷ
2831 4534 2871 4580 ε’
2930 4528 3094 4598 στίχῳ
3140 4529 3238 4591 τὰς
3292 4529 3397 4580 ἀπὸ
3455 4528 3680 4598 σηρικοῦ

2126 4617 2441 4688 προσθετάς.
2479 4618 2660 4671 Ταῦτα
2687 4621 2789 4672 κάν
2827 4619 2903 4688 τῷ
2934 4618 3106 4688 δεξιῷ.
3142 4620 3414 4689 Διεγράςρη
3459 4619 3514 4670 δὲ
3545 4619 3684 4672 κατὰ

2125 4707 2240 4758 τόδε
2276 4706 2335 4758 τὸ
2366 4705 2534 4771 δεξιὸν
2579 4709 2740 4779 μέρος
2785 4709 2846 4760 τὸ
2878 4708 2969 4760 τοῦ
3007 4708 3198 4778 Πάσχα
3240 4711 3506 4773 κανόνιον,
3557 4711 3684 4781 περὶ

2126 4788 2186 4848 οὗ
2211 4797 2308 4867 τὴν
2341 4796 2596 4867 ἐξήγησιν
2623 4798 2822 4869 ἀρτίως
2857 4800 3229 4869 πεποιήκαμεν
3248 4815 3262 4830 ·
3301 4801 3365 4851 ἵν’
3396 4802 3464 4852 ἐκ
3496 4800 3682 4853 τούτου

2129 4889 2234 4940 πᾶν
2272 4888 2388 4952 ἔτος
2425 4889 2648 4960 σελήνης
2678 4892 2765 4943 ὑπ’
2793 4891 3013 4942 ἐκείνων
3051 4892 3148 4960 μὲν
3182 4889 3569 4962 ψηφιζόμενον,
3597 4893 3684 4942 ἐν·

2129 4981 2288 5049 ταγὲν
2329 4981 2386 5034 δὲ
2425 4981 2518 5035 νῦν
2552 4983 2637 5050 ὑφ’
2671 4981 2824 5052 ἡμῶν
2853 4982 2908 5034 ἔν
2955 5000 3015 5035 τε
3047 4983 3123 5053 τῷ
3155 4984 3417 5054 εὐωνύμῳ
3455 4984 3684 5053 κανονίῳ

2130 5074 2221 5125 καὶ
2250 5073 2326 5143 τῷ
2354 5072 2505 5144 μέσῳ
2535 5074 2707 5144 τροχῷ
2737 5075 2876 5127 κατὰ
2922 5075 3017 5136 τὰς
3048 5075 3189 5128 ἔνδον
3216 5075 3380 5139 οὔσας
3422 5083 3461 5128 ε’
3511 5075 3682 5140 ζώνας

2130 5164 2208 5227 εἰς
2236 5163 2263 5216 ὃ
2288 5170 2327 5215 ε’
2356 5165 2447 5217 καὶ
2479 5171 2528 5226 ι’,
2557 5165 2588 5234 ἢ
2622 5171 2670 5228 ς’
2694 5165 2784 5217 καὶ
2815 5164 2842 5216 ι’
2879 5164 2976 5234 τὴν
3006 5166 3296 5237 εἰρημένην
3327 5168 3368 5219 δ’
3404 5168 3496 5220 καὶ
3528 5175 3555 5220 ι’
3581 5168 3685 5238 ψη»

2130 5257 2392 5326 φίζουσιν,
2453 5258 2586 5330 εὕρῃ
2643 5261 2747 5323 πᾶς
2796 5260 2824 5311 ὁ
2883 5260 3224 5330 βουλόμενος,
3275 5265 3368 5315 καὶ
3417 5263 3680 5333 δοκιμάσῃ

470 5343 624 5396 τοῦτο
653 5343 715 5396 δι’
737 5343 1016 5416 ἀκριϐείας
1044 5343 1312 5415 ψηφίζων,
1341 5347 1388 5398 εί
1416 5346 1586 5411 οὕτως
1616 5347 1726 5418 ἔχοι
1751 5348 1930 5410 καθὼς
1949 5347 2023 5418 τῷ
2056 5347 2195 5417 λόγῳ
2225 5347 2647 5417 διεστειλάμεθα.

702 5476 1105 5532 Demonstratur
1139 5478 1371 5560 exemplo
1412 5482 1529 5550 quis
1558 5483 1628 5534 sit
1666 5499 1792 5537 usus

1134 5565 1377 5604 canonis.

546 5652 608 5711 Υ.
649 5654 758 5727 Age
787 5671 912 5711 vero
943 5664 1067 5712 ante
1110 5663 1290 5716 omnia
1322 5664 1422 5718 hoc
1453 5665 1628 5734 ipsum
1660 5664 1939 5734 faciamus,
1973 5677 2026 5724 et

2144 5483 2461 5557 'l‘zddszfzc
2491 5484 2595 5557 τοῦ
2640 5487 2879 5557 τρόπου,
2912 5489 3038 5540 καθ’
3066 5487 3135 5542 ὄν
3180 5505 3266 5552 τις
3320 5490 3679 5557 κεχρημένιῖς

2203 5555 2422 5608 εἵσεται
2447 5556 2516 5608 τὰ
2543 5556 2611 5607 ἐν
2633 5555 2776 5620 τῷδε
2803 5558 2879 5622 τῷ
2908 5559 3164 5623 κανονὶῳ
3197 5554 3676 5628 διαγεςῇιψμὲνὰ.

2209 5669 2278 5722 E'.
2322 5669 2428 5721 Καὶ
2460 5669 2563 5738 πρό
2589 5685 2650 5738 γε
2679 5671 2784 5723 τῶν
2810 5671 2980 5724 ἄλλων
3016 5673 3171 5742 ἡμεῖς
3197 5671 3350 5725 τοῦτο
3379 5673 3681 5741 ποιήσωμεν
