4044 6220
336 334 471 392 ηθι

1126 334 1182 388 5.
1222 332 1468 388 MAXIMI
1505 328 1859 385 MARTYRIS
1893 329 2268 386 COMPUTUS
2308 329 2744 386 ECCLESIAST.

3394 333 3530 389 ηδε

335 450 414 511 είς
441 450 705 515 ύπόδειξιν
736 451 842 505 τῶν
879 450 1329 520 ἐντυγχανόντων,
1382 451 1443 503 τὸ
1493 451 1621 519 παρ’
1666 448 1891 511 ἐκείνοις

1991 459 2212 502 czeteros
2244 448 2490 515 exemplo
2522 446 2836 513 doceamus,
2877 447 3154 517 proposito
3186 462 3330 502 anno
3357 464 3423 503 eo
3449 453 3545 521 qui

332 537 394 602 ἒξ
425 541 518 592 κα)⁴
565 539 593 592 ι’
620 542 716 611 τῆς
755 542 982 613 σελήνης
1014 542 1152 605 ἔτος,
1186 543 1313 613 ἡμῖν
1351 542 1407 595 δὲ
1446 539 1811 610 ψηφιζόμενον
1845 539 1887 591 θ’

331 630 426 682 καὶ
452 636 506 694 ι’,
540 632 619 693 εἰς
669 631 828 701 μέσον
866 632 1173 702 προθέντες.
1213 633 1306 695 Εἰς
1333 630 1489 685 τοῦτο
1516 632 1625 703 γὰρ
1667 630 1726 683 τὸ
1771 629 1888 693 ἔτος

332 720 795 792 ἑπτακαιδεκάτην
833 722 925 777 τοῦ
966 726 1104 779 κατὰ
1144 724 1440 795 Ῥωμαίους
1478 723 1750 797 Ἀπριλίου
1780 740 1888 794 μη-

330 815 418 879 νὸς
464 817 548 869 ἀεὶ
594 818 685 871 καὶ
728 819 941 881 πάντως
986 822 1019 889 ἡ
1066 819 1107 871 δ’
1149 821 1240 872 καὶ
1301 825 1327 871 ι’
1380 819 1566 872 πίπτει
1618 818 1711 872 τοῦ
1767 821 1887 874 καθ’

342 906 623 979 Ἐϐραίους
673 908 887 980 πρώτου
931 911 1116 980 μηνός.
1157 911 1254 963 Διά
1286 909 1442 963 τοῦτο
1473 910 1579 983 γὰρ
1607 912 1699 964 καὶ
1726 914 1783 964 ὲν
1810 912 1887 984 τῷ

328 996 486 1067 δεξιῷ
514 997 739 1068 κανονίῳ
780 1000 980 1071 ταύτην
1006 1001 1104 1070 τὴν
1135 996 1198 1062 ιζ’
1227 1000 1305 1063 εἰς
1332 999 1492 1063 αὐτὸν
1518 1000 1887 1072 κατετάξαμεν

328 1087 418 1139 τὸν
459 1088 750 1158 Ἀπρίλιον.
789 1090 996 1143 οὐκοῦν
1018 1091 1116 1154 τὰς
1143 1091 1249 1143 ἀπὸ
1275 1089 1494 1162 πρώτης
1520 1092 1613 1145 τοῦ
1656 1093 1889 1146 Ἰανουα-

330 1179 446 1248 ρίου
485 1179 649 1249 μηνὸς
685 1180 810 1250 ἄχρι
843 1180 942 1249 τῆς
974 1180 1065 1235 τοῦ
1107 1182 1380 1254 Ἀπριλίου
1417 1182 1480 1245 ιζ’
1522 1183 1884 1255 ἀθροίζοντες,

327 1268 584 1340 ποιοῦμεν
624 1270 833 1341 ἡμέρας
868 1271 977 1342 ρξ’·
1017 1268 1133 1325 εἶτα
1176 1274 1358 1326 λοιπὸν
1391 1273 1476 1327 διὰ
1518 1276 1616 1345 μὲν
1641 1275 1739 1346 τῆς
1777 1275 1885 1328 τῶν

316 1350 405 1424 ις’
438 1359 571 1413 έτῶν
598 1360 1022 1425 πενταπλιῖηεως
1050 1369 1123 1427 π’,
1157 1363 1245 1417 διὰ
1272 1364 1329 1417 δὲ
1357 1364 1456 1434 τῆς
1483 1365 1591 1418 τῶν
1636 1369 1755 1419 κατ’
1789 1368 1886 1420 αύ-

325 1453 423 1515 si;
449 1452 750 1524 έξηκοστῶν
780 1452 1101 1524 ἀναλήψεως
1131 1461 1182 1522 γ’
1201 1471 1215 1485 θ
1255 1454 1341 1508 διὰ
1371 1455 1426 1508 δὲ
1456 1455 1615 1510 πάλιν
1652 1457 1750 1528 τῆς
1787 1458 1884 1511 αὒ-

322 1543 432 1596 τῶν
458 1543 565 1596 τῶν
603 1550 677 1607 ις’
703 1544 840 1597 ἐτῶν
866 1538 1240 1609 έξαπλὼσεως
1281 1546 1393 1612 μετ’.
1463 1548 1552 1610 Ὠς
1599 1545 1735 1602 εἶναι
1785 1549 1882 1613 τὰς

326 1635 503 1697 πάσας
536 1641 665 1699 σπς¹
685 1653 699 1664 ·
727 1635 792 1698 ἃς
820 1638 897 1697 εἱς
925 1635 1015 1690 τὸν
1059 1636 1102 1689 λ’
1138 1636 1470 1710 μερίζοντες,
1503 1639 1562 1704 ἒξ
1608 1641 1701 1693 καί⁵
1733 1648 1763 1693 ι’
1787 1642 1883 1713 τὴν

321 1723 417 1778 τοῦ
450 1723 663 1794 πρώτου
701 1726 867 1797 μηνὸς
915 1726 955 1779 δ’
1003 1728 1098 1780 καὶ
1128 1727 1162 1780 ι’
1192 1729 1533 1800 εὑρίσκομεν.
1580 1731 1794 1804 Ταύτην
1825 1733 1881 1786 δὲ

1990 539 2059 593 ab
2089 539 2197 593 illis
2223 540 2363 593 lunae
2387 555 2498 602 xvi,
2530 554 2560 592 a
2593 539 2748 593 nobis
2787 555 2875 593 xix
2898 549 3233 594 numeratur.
3261 539 3376 595 Hoc
3399 545 3545 597 enim

1989 644 2132 683 anno
2170 646 2260 683 xiv
2288 630 2447 699 primi
2486 628 2701 683 Iudaici
2745 631 2949 686 mensis
2994 639 3256 700 perpetuo
3293 631 3438 686 cadit
3489 634 3546 686 in

1988 721 2187 793 Aprilis
2215 738 2347 776 xvu.
2394 720 2528 776 Nam
2578 729 2859 793 propterea
2902 724 2956 776 in
3002 722 3197 777 tabella
3247 722 3436 777 dextra
3477 724 3544 778 ad

1988 827 2229 868 mensem
2252 813 2493 883 Aprilem
2525 813 2669 868 diem
2697 829 2809 866 xv"
2835 814 3136 882 posuimus.
3168 811 3338 884 Igitur
3369 814 3486 869 dies
3516 829 3547 867 a

1987 900 2241 957 Kalendis
2257 902 2533 958 Januariis
2554 904 2620 958 ad
2638 903 2840 973 Aprilis
2863 904 3132 959 decimum
3153 906 3440 975 septimum
3472 906 3550 959 in-

1987 992 2243 1061 terjectos
2286 995 2593 1065 colligimus
2639 1009 2869 1050 numero
2909 1010 3013 1049 cvn
3041 1035 3056 1060 ,
3104 1005 3217 1050 tum
3256 997 3414 1051 annis
3455 1012 3545 1051 xvi

1986 1084 2277 1154 quinquies
2313 1086 2707 1154 multiplicatis,
2745 1100 2885 1139 Lxxx
2922 1087 3060 1141 dies.
3109 1085 3393 1142 Accedunt
3433 1096 3545 1142 tres

1987 1175 2102 1240 alii,
2127 1190 2267 1245 quos
2301 1176 2637 1246 sexagesima
2674 1176 2929 1246 scrupula
2960 1176 3027 1231 de
3062 1175 3256 1232 diebus
3288 1176 3545 1250 decerpta

1988 1267 2304 1321 coniiciunt.
2352 1265 2564 1323 Rursus
2605 1267 2767 1323 iidem
2801 1268 2929 1321 anni
2960 1283 3051 1322 xvi
3080 1268 3257 1322 sexies
3285 1269 3548 1340 multipli-

1988 1360 2098 1413 cati
2120 1374 2241 1413 xcvr
2275 1359 2393 1414 dies
2419 1360 2783 1414 accumulant.
2840 1359 2907 1415 Ut
2938 1376 3005 1415 ex
3044 1360 3297 1417 omnibus
3326 1363 3547 1417 redacta

1985 1467 2220 1516 summa,
2273 1453 2389 1508 dies
2429 1453 2704 1508 exsistunt
2738 1467 3025 1517 cccxxxvr,
3079 1453 3280 1524 quibus
3316 1469 3413 1524 per
3437 1471 3546 1509 xxx

1984 1541 2195 1609 divisis,
2244 1543 2506 1599 decimam
2535 1552 2739 1599 sextam
2771 1530 3087 1599 invenimus.
3111 1559 3229 1602 eam
3259 1560 3400 1611 esse,
3427 1560 3548 1616 quae.

1985 1650 2174 1690 revera
2203 1637 2273 1691 sit
2304 1636 2466 1704 primi
2499 1636 2702 1691 mensis
2748 1645 2941 1705 quarta
2973 1637 3201 1692 decima.
3254 1638 3385 1705 Quae
3426 1639 3548 1708 qui—

1984 1727 2105 1782 dem
2144 1728 2198 1781 in
2237 1742 2398 1797 quam
2431 1727 2783 1783 hebdomadas
2833 1726 3023 1782 feriam
3055 1729 3262 1783 incidat
3309 1745 3473 1785 nosse
3500 1730 3544 1784 si

327 1815 515 1886 μαθεῖν
545 1818 593 1869 εί
627 1817 970 1889 βουληθῶμεν
1011 1821 1090 1882 εἰς
1129 1820 1286 1873 ποίαν
1316 1821 1573 1891 ἐμπίπτει
1602 1823 1702 1893 τῆς
1730 1824 1881 1877 ἑϐδο-

1986 1818 2188 1877 luheat.
2224 1824 2649 1877 consentaneum
2698 1824 2783 1871 est
2820 1817 3111 1873 observare
3158 1833 3362 1875 annum
3412 1820 3546 1875 solis

326 1909 491 1980 μάδος
517 1911 750 1980 ἡμέραν,
776 1910 916 1964 κατὰ
952 1911 1048 1982 μὲν
1076 1913 1174 1983 τὴν
1203 1912 1422 1985 πρώτην
1453 1915 1885 1969 ἐννεακαιδεκαε-

319 2000 514 2070 τηρίδα
545 2002 865 2074 προσφόρως
891 2003 952 2055 τὸ
994 2004 1093 2075 τῆς
1133 2003 1356 2080 πρώτης
1394 2007 1884 2079 εἰκοσιοκταετηρί-

319 2091 411 2155 δος
438 2091 720 2163 ἰσάριθμον
755 2093 846 2145 τοῦ
889 2094 1040 2164 ἡλίου
1070 2095 1206 2160 ἔτος,
1234 2095 1377 2164 λέγω
1408 2096 1464 2150 δὲ
1513 2098 1573 2151 τὸ
1597 2097 1657 2163 ἓξ
1687 2100 1782 2152 καὶ
1830 2106 1881 2162 ι’,

321 2182 382 2248 ἐξ
425 2183 736 2253 εὐωνύμων,
770 2185 846 2248 ὡς
900 2185 1055 2256 ἔφην,
1092 2187 1353 2257 σύνεγγυς
1397 2190 1739 2260 τεταγμένων
1790 2190 1882 2244 τοῦ

321 2273 486 2326 αὐτοῦ
530 2274 631 2344 τῆς
682 2275 908 2347 σελήνης
955 2275 1106 2340 ἔτους
1151 2277 1582 2349 διασκοποῦμεν·
1652 2280 1743 2332 καὶ
1787 2278 1884 2342 τὰς

319 2360 486 2415 αὐτοῦ
519 2361 879 2433 λαμϐάνοντες
933 2365 1197 2429 ἐπακτάς,
1248 2367 1306 2419 ὲν
1350 2366 1427 2438 τῷ
1471 2367 1515 2438 β’
1544 2366 1633 2426 τοῦ
1687 2368 1882 2439 τροχοῦ

320 2451 504 2523 κύκλῳ
523 2453 1012 2526 διαγεγραμμένας,
1040 2453 1204 2521 οὔσας
1229 2457 1319 2510 τὸν
1346 2457 1579 2529 ἀριθμὸν
1612 2465 1683 2523 ς’,
1716 2477 1885 2531 προσ-

322 2543 591 2615 πλέκομεν
620 2548 740 2607 ταῖς
774 2546 837 2610 ιζ’
870 2547 961 2600 τοῦ
1003 2547 1276 2617 Ἀπριλίου
1310 2548 1474 2620 μηνὸς
1501 2549 1755 2620 ἡμέραις,
1791 2551 1884 2604 καὶ

318 2632 400 2695 είς
421 2633 514 2687 τὸν
544 2633 590 2696 ζ’
624 2634 915 2705 μερίζομεν
934 2652 947 2665 ·
984 2637 1093 2688 κὰκ
1117 2636 1225 2689 τῶν
1259 2638 1643 2707 άπομενουσῶν
1672 2638 1762 2693 δύο
1784 2640 1883 2709 τὴν

318 2726 418 2795 τῆς
447 2724 744 2795 ἑϐδομάδος
786 2727 996 2798 ἡμέραν
1028 2727 1390 2799 γινώσκομεν,
1425 2731 1504 2793 εἰς
1538 2733 1604 2802 ἢν
1647 2732 1882 2801 Ἑϐραῖοι

316 2815 380 2868 τὸ
424 2817 616 2888 Πάσχα
652 2818 882 2873 τελοῦσι.
937 2821 1027 2873 Διὸ
1077 2823 1141 2891 τῇ
1192 2822 1298 2892 πρὸ
1348 2822 1567 2894 ταύτης,
1602 2825 1767 2895 ἤγουν
1814 2828 1880 2896 τῇ

316 2906 450 2979 ἁγίᾳ
482 2910 754 2981 Κυριακῇ,
802 2916 843 2963 ε’
881 2912 974 2965 καὶ
1025 2919 1055 2965 ι’
1102 2914 1425 2968 ἐκεῖνοιτοῦ
1457 2916 1688 2984 φέγγους
1716 2916 1884 2989 ψηφί-

319 2997 521 3065 ζοντες,
572 2999 677 3073 πρὸ
725 3000 817 3054 τοῦ
868 3002 1149 3073 Ἐϐραῖκοῦ
1191 3005 1251 3058 τὸ
1279 3006 1417 3060 κατὰ
1461 3008 1713 3077 Χριστὸν,
1745 3011 1882 3083 ὅπερ

315 3091 379 3143 ού
410 3091 585 3191 θέμις,
614 3093 949 3191 κανονίζουσι
980 3096 1186 3166 Πάσχα.
1219 3098 1431 3169 Ταύτης
1452 3095 1545 3153 οὖν
1571 3100 1752 3159 ἕνεκεν
1785 3104 1882 3175 τῆς
1907 3135 1950 3191 C

316 3183 531 3250 αἰτίας,
593 3185 668 3249 ὡς
724 3186 823 3257 ήδη
879 3185 1157 3252 λέλεκται,
1211 3187 1358 3241 δυσὶν
1416 3191 1879 3264 ὲπεσημηνάμεθα

317 3280 571 3347 στιγμαῖς
600 3277 659 3331 τὸ
686 3279 815 3331 αὐτὸ
844 3278 902 3344 ἒξ
934 3279 1026 3333 καὶ
1056 3287 1085 3333 ι’
1102 3281 1237 3345 ἔτος.
1258 3282 1366 3335 Καὶ
1389 3281 1562 3347 οὔτως
1589 3285 1686 3353 μὲν
1715 3302 1880 3356 προσ-

316 3368 442 3438 ήκει
479 3368 732 3439 ψηφίζειν
781 3371 921 3425 κατὰ
959 3372 1058 3442 τὴν
1106 3373 1328 3445 πρώτην
1373 3376 1880 3448 ἐννεακαιδεκαετη-

318 3458 440 3530 ρίδα
480 3459 540 3512 τὸ
568 3460 700 3513 αὐτὸ
748 3460 808 3525 ἐξ
857 3463 948 3515 καὶ
987 3469 1017 3515 ι’
1046 3463 1144 3534 τῆς
1194 3466 1421 3535 σελήνης
1453 3466 1602 3531 ἔτος·
1640 3470 1777 3522 κατὰ
1820 3470 1878 3523 δὲ

315 3549 416 3620 τὴν
450 3557 503 3615 ς’
535 3553 1156 3625 ὲννεακαιδεκαετηρίδα,
1187 3557 1233 3607 εί
1258 3556 1429 3610 ’πάλιν
1464 3558 1777 3630 θελήσωμεν
1804 3563 1880 3614 εί-

315 3644 463 3699 δέναι
500 3645 629 3716 ποίᾳ
652 3645 749 3716 τῆς
772 3646 1060 3717 ἑϐδομάδος
1088 3649 1269 3720 ἡμέρα
1295 3649 1393 3721 τήν
1442 3649 1504 3715 ἒξ
1535 3652 1628 3704 καὶ
1677 3659 1707 3704 ι’
1735 3653 1879 3705 ἐκεῖ·

317 3754 398 3791 νοι
438 3737 761 3809 ψηφίζουσιν
813 3740 905 3793 ἐπὶ
931 3739 1024 3794 τοῦ
1068 3741 1229 3795 αὐτοῦ
1282 3742 1452 3809 ἔτους,
1500 3745 1662 3817 ἤγουν
1693 3745 1786 3799 τοῦ
1820 3746 1878 3813 ἒξ

317 3832 411 3885 καὶ
460 3836 513 3895 ι’,
561 3830 655 3884 τοῦ
711 3830 956 3896 συνόντος
1003 3833 1150 3904 αὐτῷ
1198 3834 1257 3898 ἐξ
1316 3834 1609 3906 εὐωνύμων
1652 3837 1876 3908 ἡλιακοῦ

316 3923 489 3987 ἔτους,
531 3923 671 3992 λέγω
719 3925 775 3977 δὲ
822 3924 914 3977 τοῦ
964 3924 1043 3990 κζ’
1094 3926 1192 3997 τῆς
1235 3927 1278 3979 δ’
1332 3928 1879 3999 εἰκοσιοκταετηρίδος

318 4014 671 4085 ὑπάρχοντος,
722 4014 820 4078 τὰς
866 4015 1106 4079 ὲπακτὰς
1150 4016 1531 4087 λαμϐάνοντες,
1578 4017 1744 4081 οὔσας
1786 4018 1880 4071 τὸν

317 4105 546 4177 ἀριθμὸν
573 4113 634 4169 ε’,
677 4108 742 4177 τῇ
791 4108 926 4178 αὐτῇ
970 4107 1063 4160 τοῦ
1105 4108 1376 4178 Ἀπριλίου
1416 4108 1585 4180 μηνὸς
1628 4108 1672 4172 ζ’
1712 4108 1805 4162 καὶ⁸
1847 4116 1877 4161 ι’

319 4196 704 4267 συμπλέκομεν
723 4214 736 4227 ·
768 4197 859 4250 καὶ
889 4200 968 4261 είς
995 4198 1085 4251 τὸν
1109 4198 1152 4263 ζ’
1193 4198 1291 4264 τὰς
1320 4198 1400 4269 κβ¹
1436 4199 1767 4271 μερίζοντες,
1814 4202 1878 4253 ὲκ

315 4284 416 4354 τῆς
449 4285 823 4357 ἁπομενούσης
852 4287 1137 4359 Κυριακὴν
1180 4289 1278 4359 τὴν
1305 4290 1402 4359 τῆς
1432 4288 1719 4360 ἑϐδομάδος
1745 4289 1899 4365 ἡμέτ

319 4391 423 4444 ραν
460 4375 804 4446 εὑρίσκομεν.
843 4377 936 4429 Ἐκ
976 4376 1178 4445 ταύτης
1225 4378 1323 4448 μὲν
1359 4373 1450 4431 οὖν
1480 4379 1576 4449 τῆς
1622 4379 1761 4433 κατὰ
1789 4380 1879 4433 τὸν

1986 1909 2040 1962 in
2082 1908 2259 1977 primo
2290 1908 2410 1982 ejus
2447 1908 2621 1981 cyclo,
2648 1910 2859 1964 numeri
2895 1909 3137 1981 ejusdem
3174 1926 3299 1965 cum
3344 1911 3545 1975 lunari,

1983 1998 2087 2052 hoc
2117 2005 2201 2053 est
2230 2015 2341 2062 xvr,
2370 2014 2529 2069 quem
2562 2000 2627 2053 ad
2648 2000 3057 2059 dextramanni
3100 2002 3260 2057 istius
3285 2001 3448 2066 lunae,
3479 2017 3545 2057 ac

1983 2103 2150 2159 prope
2178 2088 2354 2160 ipsum
2384 2091 2618 2158 positum
2649 2107 2772 2147 esse
2794 2091 3099 2148 docuimus.
3128 2091 3300 2163 Hujus
3324 2103 3544 2166 epactas

1984 2181 2041 2235 in
2094 2182 2334 2237 secundo
2377 2189 2507 2235 rotae
2540 2181 2749 2237 circulo
2780 2180 3104 2253 descriptas,
3154 2199 3275 2254 qua;
3305 2193 3432 2239 sunt
3465 2200 3543 2251 vi,

1985 2272 2236 2327 addimus
2277 2288 2390 2331 xvn
2425 2272 2629 2344 Aprilis
2678 2272 2906 2339 diebus;
2948 2288 3009 2326 ac
3030 2281 3203 2327 totum
3232 2275 3287 2328 in
3317 2291 3388 2328 vn
3420 2291 3544 2347 par-

1983 2367 2170 2420 timur.
2207 2364 2308 2430 Qui
2336 2366 2575 2435 reliquus
2605 2373 2690 2421 est
2725 2366 2967 2421 liinarius
3000 2364 3190 2420 feriam
3221 2367 3460 2433 exhibet,
3486 2368 3543 2423 in

1984 2472 2089 2525 qua
2116 2454 2288 2511 Judaei
2327 2454 2534 2510 Pascha
2564 2458 2863 2511 celebrant.
2886 2456 2966 2511 Ob
2996 2456 3048 2509 id
3080 2457 3432 2514 antecedente
3464 2458 3544 2513 illi

1984 2545 2092 2612 die,
2149 2544 2403 2598 nimirum
2452 2543 2775 2615 Dominica,
2821 2563 2889 2600 xv
2945 2547 3087 2603 luna:
3137 2557 3543 2619 computantes,

1984 2643 2108 2690 ante
2144 2633 2427 2689 Judaicum
2470 2633 2700 2700 Pascha,
2745 2637 2889 2705 quod
2934 2638 3089 2693 nefas
3135 2648 3239 2703 est,
3273 2640 3546 2697 Christia-

1984 2741 2113 2780 num
2162 2733 2429 2781 statuunt.
2479 2723 2775 2796 Propterea
2808 2741 2910 2783 nos
2952 2727 3098 2783 hunc
3126 2730 3302 2803 ipsum
3338 2748 3543 2791 annum

1984 2833 2095 2879 xvi,
2127 2825 2187 2872 ut
2211 2818 2322 2888 jam
2357 2817 2560 2873 dictum
2589 2827 2697 2882 est,
2737 2818 2940 2889 duplici
2981 2832 3183 2890 puncto
3205 2826 3541 2879 notavimus.

1983 2910 2063 2963 Ad
2090 2910 2237 2965 hunc
2272 2912 2489 2965 modum
2522 2925 2816 2967 numerare
2846 2913 3101 2968 convenit
3143 2914 3198 2969 in
3237 2916 3413 2985 primo
3447 2931 3541 2988 cy-

1984 3001 2071 3055 clo
2115 3002 2275 3073 186
2298 3003 2779 3058 decemnovennali
2818 3018 3020 3058 annum
3055 3006 3219 3061 istum
3262 3007 3402 3062 luna:
3429 3025 3541 3063 xvi.

1982 3094 2103 3149 Jam
2128 3110 2256 3148 vero
2286 3096 2333 3149 si
2364 3095 2418 3151 in
2447 3096 2602 3165 cyclo
2638 3095 3116 3151 decemnovennali
3151 3113 3204 3151 vt
3240 3098 3380 3155 scire
3409 3098 3545 3154 veli-

1985 3201 2406 3256 mus,.quanam
2459 3187 2818 3243 hebdomadis
2864 3187 2996 3244 feria
3019 3189 3283 3245 decimam
3331 3200 3544 3248 sextam

1985 3279 2064 3337 illi
2096 3289 2381 3334 numerent
2413 3281 2466 3333 iu
2494 3293 2637 3334 anno
2667 3278 2855 3334 eodem
2880 3295 2990 3347 1m,
3018 3282 3145 3335 anni
3174 3282 3326 3349 solis,
3352 3284 3441 3354 qui
3475 3285 3546 3341 ad

1984 3371 2105 3440 ejus
2138 3370 2416 3425 sinistram
2457 3372 2668 3441 positus
2706 3377 2811 3433 est,
2842 3377 3011 3434 etest
3054 3388 3204 3427 xxvii
3233 3376 3369 3445 cycli
3399 3377 3547 3431 sola-

1983 3463 2063 3517 ris
2108 3477 2183 3525 tv,
2219 3461 2496 3517 sumenda)
2525 3469 2654 3521 sunt
2683 3473 2889 3531 epacue
2913 3478 2966 3524 v,
3016 3468 3069 3517 et
3095 3463 3163 3517 ad
3199 3480 3308 3517 xvu
3340 3464 3545 3534 Aprilis

1986 3553 2305 3625 adjiciendae
2334 3573 2347 3608 :
2379 3554 2504 3609 inde
2536 3568 2802 3609 summam
2845 3552 3057 3608 dierum
3091 3570 3203 3608 xm
3235 3571 3331 3626 per
3355 3572 3433 3611 vn
3457 3557 3547 3613 di-

1983 3643 2251 3707 videntes,
2304 3644 2566 3712 reliquam
2603 3642 2859 3699 faciemus
2903 3642 3256 3703 Dominicam.
3305 3664 3426 3718 qua:
3461 3657 3546 3705 est

1986 3736 2252 3793 illiusdiei
2280 3735 2433 3792 feria.
2457 3735 2531 3789 Ex
2566 3736 2667 3791 hac
2693 3735 2858 3807 igitur
2880 3752 2992 3800 xu,
3019 3752 3179 3807 quam
3210 3740 3286 3793 illi
3315 3740 3369 3796 in
3393 3751 3545 3797 sexto

1985 3828 2463 3885 decemnovennali
2498 3827 2652 3898 cyclo
2695 3835 3035 3897 computant,
3063 3827 3436 3886 Christianum
3476 3833 3545 3889 ah

1987 3920 2054 3975 iis
2081 3919 2291 3974 Pascha
2324 3919 2379 3972 in
2406 3932 2543 3972 nm
2570 3918 2710 3972 lunae
2733 3916 2878 3972 diem
2923 3917 3203 3974 confertur
3235 3939 3248 3974 :
3286 3922 3543 3990 quoniam

1987 4011 2042 4065 in
2070 4009 2445 4078 insequentem
2488 4007 2822 4063 Dominicam
2864 4009 3235 4064 ecclesiastica
3267 4011 3321 4065 id
3359 4013 3545 4082 regula

1989 4098 2273 4156 transferri
2303 4099 2581 4169 praecipit;
2608 4114 2675 4154 ει
2704 4115 2767 4155 ea
2790 4114 2938 4163 vero,
2968 4115 3132 4169 quam
3160 4102 3213 4155 in
3241 4102 3416 4172 prima
3448 4118 3532 4157 en.

1985 4190 2430 4246 neadecaeteride
2452 4198 2762 4255 numerant,
2793 4191 2938 4261 quod
2971 4205 3034 4246 ea
3070 4192 3363 4264 secundam
3391 4193 3443 4248 in
3467 4192 3543 4248 fe-

1986 4282 2123 4335 riam
2160 4282 2387 4347 incidat,
2435 4280 2643 4338 Pascha
2673 4281 2728 4339 iu
2778 4297 2891 4337 xm
2924 4283 3065 4339 luna;
3088 4283 3231 4339 diem
3261 4283 3541 4355 competit.

1986 4379 2101 4431 Hoc
2146 4377 2313 4446 igitur
2343 4385 2505 4446 pacto
2533 4378 2579 4432 si
2609 4379 2735 4447 quis
2764 4380 2924 4435 annis
2949 4380 3111 4445 lunae,
3163 4382 3255 4451 qui
3295 4381 3349 4436 in
3380 4397 3412 4435 v
3437 4382 3547 4436 cir-

319 4475 375 4535 ς¹
400 4466 999 4542 ὲννεακαιδεκαετηρίδα
1018 4471 1390 4543 ψηφιζομένης
1417 4474 1598 4537 αὐτοῖς
1625 4474 1683 4541 ’ἐξ
1710 4474 1802 4528 καὶ
1827 4480 1876 4537 ι’,

1986 4470 2125 4524 culis
2155 4477 2286 4523 rota:
2307 4468 2554 4538 inscripti
2582 4476 2732 4533 sunt,
2759 4473 2838 4524 uti
2864 4470 3012 4533 velit,
3047 4470 3100 4527 in
3125 4472 3367 4541 quolibet
3397 4473 3549 4528 inve-

318 4560 492 4615 εἰκάδι
522 4567 589 4629 γ’,
619 4562 678 4615 τὸ
709 4562 848 4616 κατὰ
887 4562 1120 4633 Χριστὸν
1164 4564 1498 4628 κανονίζουσι
1542 4566 1737 4637 Πάσχα
1759 4583 1772 4596 ·
1805 4565 1880 4627 ὡς

317 4653 400 4717 είς
425 4651 525 4723 τὴν
548 4652 674 4723 έξῆς
703 4652 860 4721 ἁγίαν
890 4653 1171 4725 Κυριακὴν
1195 4654 1357 4709 αὑτοῦ
1391 4656 1709 4726 τελουμένου
1739 4657 1881 4713 κατὰ

316 4741 419 4814 τὴν
450 4741 900 4814 ὲκκλησιαστικὴν
938 4743 1266 4813 παράδοσιν·
1302 4747 1362 4799 ἒκ
1399 4745 1454 4798 δὲ
1489 4747 1588 4817 τῆς
1614 4746 1756 4800 κατὰ
1783 4746 1881 4818 τὴν

316 4840 367 4886 α’
411 4833 1039 4905 ὲννεακαιδεκαετηρίδα,
1090 4836 1178 4889 διὰ
1217 4837 1278 4889 τὸ
1328 4835 1659 4907 συμφθάνειν
1699 4838 1777 4900 εἰς
1836 4838 1879 4907 β’

318 4925 531 4995 ἡμέραν
554 4925 652 4995 τῆς
679 4925 985 4996 ἑϐδομάδος,
1013 4926 1185 4981 εἰκάδι
1213 4927 1257 4998 β’
1282 4926 1372 4986 τοῦ
1406 4928 1659 4996 φέγγους.
1697 4927 1883 4992 Οὕτως

321 5017 420 5087 μὲν
446 5019 493 5069 εἰ
535 5019 785 5088 χρήσοιτο
816 5036 901 5082 τις
925 5021 1052 5091 περὶ
1078 5020 1184 5073 τῶν
1209 5021 1266 5072 έν
1296 5019 1376 5090 τῷ
1415 5020 1592 5092 τροχῷ
1617 5020 1757 5074 κατὰ
1783 5021 1882 5084 τὰς

316 5117 360 5162 ε’
388 5108 560 5173 ζώνας
585 5110 811 5164 ἐνόντων
847 5112 945 5182 τῆς
990 5111 1215 5183 σελήνης
1255 5111 1411 5174 ἐτῶν,
1449 5111 1779 5183 διερευνήσει
1823 5113 1881 5164 ὲν

314 5200 535 5268 ἑκάστῳ
578 5200 676 5270 τὴν
724 5201 822 5272 τῆς
873 5201 1161 5272 ἑϐδομάδος
1214 5208 1261 5257 α’
1297 5202 1529 5274 ἡμέραν,
1564 5202 1598 5272 ἢ
1650 5202 1749 5271 τὴν
1794 5200 1837 5270 βυ
1862 5217 1874 5230 .

312 5291 447 5361 περὶ
474 5290 529 5342 δὲ
558 5290 663 5345 τῶν
692 5294 749 5344 ὲν
774 5290 852 5361 τῷ
882 5290 1143 5365 εὐωνύμῳ
1165 5292 1671 5363 διαγεγραμμένων,
1705 5291 1880 5362 ζητῶν

317 5382 414 5434 καὶ
445 5381 653 5446 τούτοις
677 5383 722 5415 ⁹⁰
754 5383 853 5453 τὴν
902 5382 1037 5452 μετὰ
1065 5382 1161 5454 τὴν
1193 5381 1413 5454 πρώτην
1444 5384 1537 5437 καὶ
1570 5383 1613 5453 β’
1654 5383 1882 5454 ἑϐδομα-

1987 4560 2206 4630 stigahit
2259 4559 2446 4613 feriam
2487 4576 2527 4624 ι,
2562 4570 2657 4615 aut
2680 4574 2764 4615 tt:
2801 4561 2944 4631 quod
2974 4561 3041 4615 ad
3073 4576 3169 4617 eos
3211 4577 3341 4618 vero
3379 4564 3548 4634 perti-

1986 4656 2098 4714 net,
2131 4650 2222 4720 qui
2252 4649 2319 4704 ad
2344 4649 2626 4705 sinistram
2668 4651 2829 4720 positi
2862 4656 3012 4717 sunt,
3044 4650 3091 4707 si
3123 4652 3365 4723 inquirat
3398 4669 3541 4719 eam,

1988 4755 2109 4814 quae
2149 4741 2379 4811 primam
2438 4741 2800 4797 secundamve
2836 4744 3104 4811 sequitur,
3139 4758 3198 4797 ιιι
3243 4745 3327 4800 vel
3364 4762 3415 4799 iv
3464 4746 3550 4801 fe-

1988 4834 2148 4898 riam,
2183 4847 2248 4887 ac
2270 4841 2493 4889 caeteras
2524 4832 2803 4903 deinceps,
2842 4841 3005 4904 prout
3031 4835 3138 4889 erit
3158 4836 3297 4907 cycli
3329 4838 3547 4895 decem-

1988 4924 2309 4980 novennalis
2355 4938 2572 4989 annus,
2623 4925 2717 4995 qui
2763 4928 3105 4997 proponitur,
3159 4937 3545 4999 congruentem

1988 5015 2127 5089 cycli
2159 5015 2356 5071 solaris
2387 5015 2668 5085 indagabit
2706 5029 2907 5070 annum
2935 5035 2950 5084 ;
2996 5017 3165 5087 cujus
3185 5030 3405 5089 epactas
3450 5021 3549 5075 ad-

1984 5107 2175 5177 junget
2204 5106 2268 5161 ad
2305 5107 2445 5162 diem
2467 5105 2695 5161 Romani
2726 5108 2953 5172 mensis,
2991 5109 3046 5164 in
3082 5125 3243 5180 quem
3269 5126 3360 5165 xiv
3387 5110 3546 5181 primi

1988 5198 2195 5255 mensis
2260 5198 2453 5254 incidit
2497 5214 2643 5253 anno
2688 5199 2782 5254 illo
2827 5201 2988 5267 lunaz,
3031 5201 3100 5257 de
3128 5215 3237 5273 quo
3265 5203 3545 5273 queritur.

1988 5288 2192 5346 Deinde
2234 5290 2530 5360 partitione
2566 5289 2713 5345 facta
2744 5306 2840 5361 per
2872 5308 2966 5358 vn,
3007 5307 3076 5348 ex
3107 5307 3174 5349 eo
3212 5291 3403 5348 feriam
3450 5292 3550 5347 ob-

1988 5383 2203 5439 tinebit.

316 5470 474 5540 τικὴν
502 5471 730 5543 ἡμέραν,
763 5469 872 5525 οἷον
901 5473 1000 5544 τὴν
1032 5480 1101 5541 γ’,
1135 5473 1228 5527 καὶ
1256 5473 1353 5544 τὴν
1377 5474 1439 5537 δ’,
1471 5475 1564 5527 καὶ
1605 5474 1705 5539 τὰς
1738 5474 1866 5544 ἑξῆς
1917 5474 2051 5546 πρὸς
2097 5476 2157 5528 τὺ
2204 5475 2303 5545 τῆς
2349 5474 2723 5547 ψηφιζομένης
2760 5475 3386 5549 ὲννεακαιδεκαετηρίδος
3433 5473 3551 5545 ἔτος

318 5560 667 5632 διακριϐὠσει
719 5563 777 5616 τὸ
823 5565 1128 5637 πρόσφορον
1172 5566 1271 5637 τῆς
1299 5567 1870 5641 εἰκοσιοκταετηρίδος,
1904 5568 1998 5622 καὶ
2024 5569 2211 5622 τούτου
2254 5568 2351 5633 τὰς
2396 5570 2639 5635 ὲπακτὰς
2683 5570 3006 5642 προσπλέξει
3044 5574 3109 5645 τῇ
3168 5569 3400 5644 ποσταία
3457 5569 3550 5637 τοῦ

387 5738 436 5775 ⁸⁸
459 5740 503 5808 f.
531 5743 589 5800 ἐν
607 5742 836 5807 τούτοις.
