4044 6220
440 262 576 323 ΗΒῚ
1448 262 1534 319 ΔΙ)
1572 260 1833 317 EUSEBH
1872 256 2033 315 CRM

2137 257 2263 316 CON
2301 253 2642 313 APPENDIX
2800 254 2809 259 ’
3534 249 3675 304 1288

438 384 620 441 sextili
667 398 817 445 vero,
863 383 1220 439 Decembris:
1252 398 1412 453 quem
1465 382 1532 436 ad
1596 396 1834 435 mensem
1888 379 2005 433 bis-

2145 378 2326 451 μερῶν
2348 397 2360 409 ·
2393 379 2479 431 ὅτε
2503 368 2787 449 βίσσεξτόν
2806 375 2937 433 ἐστι.
2957 371 3043 425 διὰ
3060 372 3169 424 τῶν
3187 371 3277 424 τοῦ
3302 373 3434 424 Δεκε
3444 371 3673 443 μϐρίου¹.

440 486 654 534 sextum
686 476 1083 531 adnotavimus.
1124 475 1255 529 Nam
1306 482 1589 545 propterea
1642 473 1853 527 duobus
1904 471 2008 526 illis

438 568 724 624 mensibus
760 565 1011 621 Martium
1064 567 1433 636 adjunximus.
1487 563 1581 619 Sic
1611 563 1775 636 igitur
1804 578 1869 618 ex
1920 562 2010 616 illa

442 668 564 713 rota
600 659 788 714 feriam
824 658 1294 729 investigabimus,
1345 658 1565 729 quando
1594 656 1838 711 calculus
1867 663 2012 709 recta

446 750 587 804 serie
603 757 968 819 promovetur,
993 747 1259 818 abAprili,
1277 748 1354 803 uti
1370 748 1573 803 dictum
1590 758 1691 813 est,
1711 746 1776 801 ad
1793 744 2010 806 Maium,

446 838 665 893 Junium
693 848 747 893 et
776 847 1026 894 caeteros.

536 1035 809 1105 Quomodo
839 1038 1075 1093 calculus
1102 1040 1408 1110 retrogrado
1430 1042 1613 1095 ordine
1635 1040 1919 1112 dirigatur.

528 1150 609 1205 Vl.
638 1150 742 1205 Sed
781 1167 904 1205 cum
959 1159 1107 1207 retro
1156 1153 1428 1207 subducto
1470 1152 1682 1207 calculo
1730 1168 1826 1222 per
1871 1151 2016 1207 Mar-

449 1240 609 1304 tium,
644 1239 1001 1295 Februarium
1035 1250 1090 1296 et
1130 1240 1476 1306 Ianuarium,
1529 1243 2023 1312 antecedentesque

452 1343 667 1384 menses
697 1345 793 1399 per
818 1341 1039 1400 epactas
1070 1333 1354 1400 praesentis
1386 1333 1538 1395 anni,
1582 1332 1675 1401 qui
1705 1340 1791 1388 est
1828 1346 2020 1392 xxvul,

453 1419 643 1475 feriam
706 1420 992 1492 explorare
1033 1420 1305 1487 volumus,
1361 1439 1536 1489 neque
1587 1423 1844 1493 prmteriti
1897 1425 2026 1478 anni

454 1527 601 1566 xxv"
675 1519 898 1583 epactas
971 1516 1303 1570 assumimus
1352 1534 1365 1570 :
1417 1516 1464 1569 si
1522 1514 1740 1585 quidem
1802 1514 1858 1568 in
1901 1516 2029 1569 duo-

454 1603 559 1661 bus
598 1620 788 1660 versus
838 1605 999 1676 primi
1038 1605 1321 1663 mensibus
1364 1606 1418 1661 id
1454 1615 1666 1677 agatur,
1712 1613 1932 1676 epactas
1969 1605 2028 1669 6,

2112 469 2237 522 ἔνθα
2270 471 2362 522 καὶ
2396 470 2456 521 τὸ
2488 466 2762 538 βίσσεξτον
2786 464 3073 536 διεγράφη.
3107 463 3321 535 Ταύτης
3339 463 3449 535 γάρ
3486 464 3681 518 ἕνεκεν

2112 562 2208 632 τῆς
2266 562 2441 624 αἰτίας
2482 563 2538 612 ὲν
2578 561 2691 622 τοῖς
2739 557 2857 611 δυσὶ
2888 557 3095 619 τούτοις
3131 556 3263 627 μησὶ
3299 557 3389 609 τὸν
3432 557 3681 628 Μάρτιον

2114 652 2503 724 κατετάξαμεν.
2533 652 2717 715 Οὕτως
2748 653 2844 723 μὲν
2859 645 2950 704 οὖν
2980 653 3041 703 ὲκ
3070 649 3221 703 τοῦδε
3244 649 3335 702 τοῦ
3359 648 3558 721 τροχοῦ
3577 649 3683 719 τὴν

2116 746 2472 816 ἑϐδοματικὴν
2502 745 2843 816 εὑρίσκομεν,
2870 744 2957 797 ὅτε
2990 743 3089 813 τὴν
3113 742 3291 813 ψῆφον
3331 742 3454 796 καθ’
3488 741 3684 814 εἱρμὸν

2116 834 2426 905 ἐξανύομεν,
2473 834 2561 887 διά
2597 851 2656 886 τε
2696 833 2788 886 τοῦ
2830 831 3122 903 Ἀπριλίου,
3173 830 3354 894 καθὼς
3384 831 3559 903 ἔφην,
3583 832 3688 884 καὶ

2118 924 2316 989 Μαΐου,
2351 926 2444 979 καὶ
2477 926 2717 987 Ἰουνίου,
2743 923 2835 976 καὶ
2868 922 2978 974 τῶν
3012 922 3128 976 καθ’
3156 923 3300 993 ἑξῆς.

2393 1040 2533 1109 Περὶ
2555 1038 2663 1107 τῆς
2676 1036 3146 1104 ἀναποδιζούσης
3167 1038 3393 1106 ψήφου.

2191 1151 2278 1220 (Γ.
2321 1153 2580 1222 Ὀπηνίκα
2612 1153 2667 1206 δὲ
2692 1152 2829 1206 κατὰ
2854 1152 3234 1222 ἀναποδισμὸν,
3261 1147 3371 1205 οἷον
3400 1152 3489 1206 διὰ
3524 1149 3691 1223 Μαρ-

2120 1243 2257 1305 τίου,
2283 1245 2377 1296 καὶ
2397 1243 2778 1314 Φεὸρουαρίου,
2805 1244 2897 1297 καὶ
2937 1242 3281 1315 Ίανουαρίου,
3310 1245 3403 1296 καὶ
3438 1243 3547 1297 τῶν
3578 1244 3692 1305 πρὸ

2121 1335 2324 1388 τούτων
2357 1334 2559 1405 μηνῶν,
2587 1336 2651 1387 ὲκ
2663 1334 2771 1387 τῶν
2791 1334 3041 1388 ἐπακτῶν
3065 1334 3158 1389 τοῦ
3184 1334 3475 1398 ἐνεστῶτος
3505 1335 3690 1398 ἔτους,

2127 1426 2289 1496 ἤγουν
2320 1425 2413 1479 τοῦ
2437 1432 2543 1496 κη’,
2573 1426 2670 1496 τὴν
2703 1414 3054 1497 ἑϐδοματικὴν
3091 1425 3446 1497 βουληθῶμεν
3470 1427 3693 1497 μαθεῖν,

2126 1518 2187 1569 οὐ
2211 1515 2616 1587 προσχρώμενοι
2665 1519 2783 1579 ταῖς
2810 1516 2902 1570 τοῦ
2928 1516 3221 1581 διελθόντος
3259 1518 3338 1582 κζ’
3367 1518 3522 1582 ἔτους
3554 1522 3697 1571 ἑπα-

2129 1611 2283 1671 κταῑς
2316 1610 2395 1670 εἰς
2425 1607 2520 1678 τὴν
2566 1608 2769 1677 ταύτης
2816 1607 3148 1677 κατάληψιν.⁹
3176 1610 3226 1661 εἱ
3263 1611 3359 1679 μὲν
3387 1611 3445 1661 ὲν
3470 1611 3588 1670 τοῖς
3616 1612 3699 1671 εἰς

459 1711 597 1767 quas
620 1696 734 1766 jam
770 1697 1096 1767 reperimus,
1145 1697 1211 1752 ad
1258 1699 1438 1753 datam
1477 1699 1621 1754 diem
1670 1699 1893 1769 Aprilis,
1935 1705 2030 1752 aut

2137 1700 2219 1753 τὸν
2245 1698 2458 1770 πρῶτον
2508 1699 2683 1769 στίχον
2718 1698 3065 1769 τεταγμένοις
3101 1700 3234 1769 μησὶ
3259 1700 3463 1770 ταύτην
3496 1702 3698 1771 ζητοῦο

458 1787 610 1853 Julii,
632 1804 741 1843 una
769 1806 890 1845 eum
916 1787 1123 1859 epaetis
1153 1789 1219 1844 ad
1253 1789 1491 1861 Aprilem
1516 1790 1681 1845 rubro
1727 1790 1909 1844 colore
1941 1789 2025 1858 pi~

463 1881 588 1942 ctis,
623 1895 743 1951 qua:
771 1891 897 1935 sunt
925 1878 979 1945 6,
1032 1868 1378 1951 adjungimus
1434 1881 1488 1935 in
1527 1895 1673 1935 anno
1725 1879 2020 1942 communi,

465 1987 528 2026 ac
561 1988 829 2028 summam
865 1973 1130 2043 partimur
1159 1974 1212 2028 in
1248 1973 1297 2028 7.
1338 1970 1395 2026 In
1426 1972 1692 2029 bissextili
1726 1986 1858 2027 vero
1898 1986 2025 2041 epa-

462 2071 585 2119 ctas
610 2063 732 2119 illas
761 2062 1029 2133 capimus,
1062 2078 1182 2132 quae
1213 2062 1279 2117 ad
1311 2060 1514 2117 Julium
1545 2062 1834 2117 rubricata:
1874 2068 2024 2121 sunt,

466 2166 663 2221 nempe
686 2153 738 2213 5,
775 2167 898 2206 cum
929 2151 962 2206 6
988 2151 1131 2216 aliis,
1171 2157 1225 2205 et
1262 2167 1357 2222 per
1389 2150 1638 2210 eumdem
1688 2165 1973 2205 numerum
1998 2149 2027 2201 7

468 2257 737 2295 summam
772 2242 1086 2302 dividimus.
1144 2242 1277 2298 Nam
1309 2244 1425 2298 dies
1473 2244 1549 2297 illi
1600 2243 1879 2309 rubricati,
1932 2242 2026 2313 qui

2127 1809 2248 1862 μεν,
2271 1792 2368 1855 τὰς
2400 1791 2731 1862 δηλωθείσας
2786 1791 2844 1858 ἓξ
2891 1794 3134 1857 ὲπακτάς
3168 1797 3235 1864 τῇ
3263 1792 3357 1847 τοῦ
3409 1795 3697 1866 ’Δπριλίου

2124 1881 2219 1934 καὶ
2273 1881 2490 1934 Ἰουνίου
2549 1880 2715 1952 μηνὸς
2768 1882 2998 1953 ποσταία
3032 1882 3167 1954 μετὰ
3191 1884 3298 1936 τῶν
3322 1883 3429 1936 ἀπὸ
3459 1883 3697 1954 σηρικοῦ

2126 1972 2535 2044 παρακειμένων
2557 1972 2634 2043 τῷ
2667 1973 2946 2044 Ἀπριλίῳ,
2972 1975 3213 2027 τουτέστι
3231 1975 3340 2027 τῶν
3370 1973 3695 2047 ς’ήμερῶν.

2125 2065 2212 2119 ὅτε
2246 2063 2517 2134 βίσσεξτον
2552 2065 2652 2119 οὐκ
2680 2064 2824 2128 ἔστι,
2848 2065 3238 2136 συμϐάλλομεν,
3279 2068 3374 2119 ml.
3411 2068 3493 2129 εἱς
3523 2067 3622 2120 τὸν
3655 2066 3697 2132 ζ’

2126 2153 2223 2220 τὰς
2264 2156 2388 2219 ὅλας
2415 2154 2735 2227 μερίζομεν·
2759 2157 2847 2209 ὅτε
2873 2157 2930 2210 δὲ
2968 2156 3253 2225 βίσσεξτὸν.
3280 2160 3417 2217 ἐστι,
3454 2158 3555 2220 τὰς
3587 2157 3699 2209 ἀπὸ

2129 2248 2351 2320 σηρικοῦ
2375 2250 2776 2320 παρακειμένας
2809 2249 2888 2320 τῷ
2932 2250 3151 2322 Ἰουλίῳ,
3175 2250 3464 2321 ἤγουντὰς
3488 2257 3526 2303 ε’
3554 2250 3697 2321 ὴμέ-

470 2335 526 2388 in
557 2334 782 2389 sinistro
819 2334 987 2389 latere
1029 2335 1190 2405 positi
1225 2341 1376 2400 sunt,
1426 2335 1754 2391 adhibentur
1784 2336 1839 2389 in
1885 2349 2028 2389 anno

2137 2358 2249 2413 ρας,
2285 2343 2402 2410 μετ’
2423 2339 2600 2393 αὐτῶν
2627 2340 2734 2393 τῶν
2762 2341 2820 2407 ἒξ
2864 2341 3135 2407 ὲπακτῶν,
3175 2343 3268 2394 καὶ
3297 2345 3376 2405 είς
3405 2342 3498 2394 τὸν
3525 2343 3697 2410 δηλω-

466 2425 754 2490 bissextili,
786 2426 1005 2495 quando
1049 2428 1365 2497 retrogrado
1403 2428 1595 2482 ordine
1629 2434 2027 2497 computamus.

2137 2430 2289 2487 θέντα
2347 2432 2636 2503 μερίζομεν
2680 2432 2927 2503 ἀριθμόν.
2981 2434 3112 2497 Ταῖς
3151 2432 3267 2503 γὰρ
3303 2434 3369 2497 ἐξ
3399 2433 3699 2502 εὐωνύμων

478 2515 542 2570 At
569 2518 625 2571 in
651 2516 921 2571 bissexlili
964 2516 1136 2572 dextri
1172 2518 1360 2573 lateris
1395 2517 1557 2572 simul
1591 2518 1882 2575 rubricatis
1923 2518 2031 2571 uti.

2137 2520 2235 2575 ἀπὸ
2288 2521 2512 2592 σηρικοῦ
2556 2522 2912 2593 τεταγμέναις
2938 2523 3173 2594 ἡμέραις
3199 2523 3507 2594 xsxpﬁcﬁat
3525 2539 3697 2593 προσ-

470 2626 612 2666 mur.
643 2610 767 2667 Haec
794 2611 860 2666 de
890 2612 1104 2667 duobus
1132 2629 1323 2668 versus
1367 2612 1528 2684 primi
1583 2612 1859 2668 mensibus
1904 2627 2032 2682 prm-

2137 2612 2274 2683 ἡκει,
2303 2612 2574 2682 βισσέξτου
2597 2614 2782 2683 χωρὶς.
2807 2613 2946 2667 κατὰ
2972 2613 3124 2684 τήνδε
3145 2614 3243 2683 τὴν
3269 2614 3701 2678 ἁναποδίζουσαν

472 2702 786 2759 scribimus.
817 2702 874 2758 In
909 2704 993 2760 his
1024 2720 1208 2775 porro,
1247 2706 1339 2775 qui
1370 2706 1670 2761 secundum
1699 2721 1912 2767 versum
1939 2720 2033 2760 oc-

2137 2705 2304 2777 ῲῆφον
2323 2722 2335 2735 ·
2367 2706 2452 2759 ὅτε
2473 2706 2528 2759 δὲ
2557 2705 2828 2776 βίσσεξτόν
2854 2710 2989 2769 ἐστι,
3010 2710 3126 2771 ταῖς
3149 2707 3417 2775 ὲκλδεξιῶν
3430 2707 3567 2777 ὁμοῦ
3590 2708 3700 2760 άπὸ

473 2803 694 2866 ουριιηι,
732 2794 869 2853 Maio
896 2808 948 2853 et
975 2796 1254 2861 Januario,
1281 2798 1336 2852 in
1366 2812 1508 2851 anno
1546 2813 1712 2852 xxvm
1735 2837 1751 2859 ,
1811 2806 2032 2867 epactas

2137 2797 2359 2868 σηριχοῦ
2409 2798 2838 2869 γεγραμμέναις.
2898 2798 3081 2852 Ταῦτα
3136 2799 3233 2869 μὲν
3263 2800 3343 2862 εἰς
3374 2800 3503 2861 τοὺς
3536 2801 3597 2851 ὲν
3628 2797 3703 2867 τῷ

473 2887 508 2942 6
540 2888 607 2943 ad
636 2889 920 2961 quaesitum
953 2890 1169 2949 illorum
1203 2890 1347 2945 diem
1374 2890 1627 2944 addimus
1652 2905 1758 2950 una
1785 2905 1907 2951 cum
1932 2907 2033 2944 nu-

2137 2886 2332 2961 πρώτῳ
2384 2890 2550 2959 στίχῳ
2597 2889 2689 2941 δύο
2723 2889 2926 2960 μῆναςο
2965 2892 3021 2942 ὲν
3045 2891 3101 2943 δὲ
3136 2893 3248 2953 τοῖς
3284 2892 3363 2953 εἰς
3387 2889 3483 2942 τὸν,
3512 2889 3555 2958 β’
3584 2890 3701 2942 πί-

472 2994 628 3034 mero
650 2959 714 3035 ad
738 2959 1057 3036 Ianuarium
1084 2979 1250 3034 rubro
1281 2981 1463 3036 colore
1508 2980 1677 3051 picto,
1719 2981 1812 3051 qui
1848 2991 1933 3036 est
1980 2980 2027 3041 7.

2137 2997 2248 3053 χον,
2309 2981 2385 3052 τῷ
2425 2998 2482 3034 τε
2516 2983 2673 3053 Μαΐῳ
2717 2982 2857 3051 λέγω
2912 2984 3013 3041 καί·
3050 2982 3127 3053 τῷ
3185 2983 3520 3053 Ἰανουαρίῳ,
3559 2982 3704 3034 κατὰ

478 3069 757 3125 Summam
813 3088 909 3143 per
950 3072 1199 3129 eumdem
1256 3089 1542 3127 numerum
1589 3074 1873 3142 partimur.
1914 3073 2031 3128 Dixi

2137 3070 2249 3123 τόδε
2276 3070 2333 3124 τὸ
2360 3071 2445 3143 κη’
2475 3071 2613 3137 ἔτος,
2651 3074 2817 3136 αὑτὰς
2844 3074 2943 3137 τὰς
2983 3072 3047 3139 ἒξ
3084 3074 3323 3137 ὲπακτὰς
3357 3074 3704 3144 ἐμϐάλλομεν

477 3176 765 3220 numerum
792 3165 857 3220 ad
884 3162 1203 3219 Ianuarium
1225 3166 1520 3235 appictum,
1557 3164 2033 3235 quodpraatcritus

2137 3160 2310 3213 αὐτῶν
2368 3165 2432 3232 τῇ
2486 3162 2785 3234 ζητουμένη
2840 3167 2972 3235 ἡμῖν
3019 3165 3249 3233 ποσταία
3288 3164 3423 3235 μετὰ
3445 3164 3557 3218 τῶν
3596 3164 3705 3218 ἀπὸ

479 3273 657 3313 annus
689 3273 833 3315 xxvu
864 3257 1196 3312 bissextilem
1229 3258 1513 3323 habuerit;
1555 3259 1836 3327 pertinent
1856 3264 2033 3312 autem

2137 3252 2360 3324 σηρικοῦ
2396 3258 2810 3327 παρακειμένων
2834 3257 2911 3328 τῷ
2955 3258 3289 3328 Ἰανουαρίῳ.
3317 3258 3567 3311 τουτέστι
3593 3257 3703 3310 τῶν

479 3349 763 3412 rubricati,
790 3345 864 3404 uti
883 3349 1137 3411 diximus.
1166 3349 1375 3405 numeri
1400 3348 1467 3402 ad
1499 3363 1670 3403 annos
1705 3349 2036 3403 bissextiles.

2138 3344 2182 3410 ζ’
2211 3348 2457 3418 ἡμερῶν·
2492 3350 2586 3403 καὶ
2607 3351 2686 3413 5i;
2712 3349 2803 3403 τὸν
2851 3350 3014 3404 αὐτὸν
3050 3350 3279 3422 ἀριθμὸν
3329 3349 3509 3403 ταῦτα
3548 3349 3703 3419 μερί-

481 3438 664 3510 ζομεν,
694 3444 790 3494 Διά
822 3440 979 3495 τοῦτο
999 3438 1054 3494 δὲ
1089 3437 1236 3505 εἷπον
1266 3442 1365 3505 τὰς
1396 3442 1799 3513 παρακειμένας
1827 3441 1904 3511 τῷ
1937 3439 2260 3510 Ἰανουαρίῳ,
2292 3441 2475 3511 ἐπειδὴ
2501 3441 2563 3495 τὸ
2584 3441 2786 3495 διελθὸν
2824 3442 2960 3505 ἔτος,
2984 3444 3151 3514 ἥγουν
3201 3443 3260 3496 τὸ
3293 3441 3394 3508 κζ,
3430 3442 3705 3512 βία-σεξτον

482 3532 594 3610 εἶχε
613 3551 629 3567 ·
663 3539 753 3589 καὶ
783 3534 949 3597 ἔστιν,
987 3530 1060 3597 ὡς
1100 3534 1255 3606 ἔφην,
1290 3537 1322 3606 ἡ
1360 3536 1423 3588 ἐκ
1450 3534 1637 3598 δεξιῶν
1687 3531 1935 3587 τῶνάπὸ
1958 3529 2183 3601 σηρικσῦ
2218 3532 2563 3603 καταγραφὴ,
2588 3532 2673 3585 διὰ
2695 3533 2754 3586 τὸ
2783 3532 3076 3603 βίσσεξτον.

790 3648 865 3702 De
900 3648 1277 3711 observatione.
1294 3648 1574 3702 bissextilis
1614 3648 1757 3702 armi.

559 3737 760 3801 Vll._ln
804 3738 905 3794 hac
949 3746 1113 3793 retro-
1151 3738 1505 3809 computandi
1556 3738 1809 3792 methodo
1862 3735 2039 3791 Martii

482 3830 729 3890 habenda
782 3830 922 3884 ratio
978 3837 1062 3885 est
1095 3850 1107 3883 :
1144 3837 1202 3884 ut
1230 3831 1345 3888 sive
1390 3837 1512 3900 post
1562 3830 1880 3892 bissextum,
1926 3828 2040 3884 sive

484 3923 691 3992 absque
720 3922 979 3982 bisseno,
1010 3922 1287 3992 regulares
1318 3924 1369 3976 ei
1409 3920 1733 3977 Decembris,
1768 3922 2040 3991 imputene

485 4021 598 4075 tur.
632 4014 725 4083 qui
760 4021 888 4067 sunt
919 4014 954 4067 4
983 4014 1290 4073 rubricati~z
1325 3996 1461 4069 adeo
1493 4022 1560 4068 ut.
1581 4028 1757 4084 neque
1798 4012 2043 4083 Septem-

486 4106 614 4167 bri,
661 4120 761 4160 nec
812 4103 1105 4159 Februario
1171 4105 1393 4175 ascripti
1439 4112 1725 4162 sumantur
1755 4120 2037 4175 unquam:

486 4205 559 4253 ut
579 4196 632 4250 in
665 4204 808 4250 recta
825 4195 1101 4264 putatione
1128 4210 1191 4248 ac
1212 4196 1464 4250 methodo
1487 4195 1599 4251 ﬁeri
1621 4202 1871 4267 Oportere
1890 4210 2045 4249 mon-

494 4287 787 4343 stravimus
818 4306 831 4340 :
866 4285 959 4342 sed
996 4288 1564 4358 perpetuoregulares
1594 4286 1684 4341 isti
1713 4287 1745 4339 4
1779 4286 1926 4340 rubri
1952 4301 2045 4339 ca-

2312 3647 2450 3715 Περὶ
2472 3646 2582 3714 τῆς
2605 3647 2709 3700 τοῦ
2725 3646 2950 3711 βισσέξ
2954 3663 3056 3700 του
3080 3644 3561 3714 παρατηρήσεως.

2211 3736 2280 3789 Ζ⁰-.
2315 3734 2471 3789 Κατὰ
2496 3735 2699 3805 ταύτην
2718 3735 2775 3789 δὲ
2803 3735 2962 3788 πάλιν
2989 3735 3086 3806 τὴν
3104 3735 3516 3799 ἁναποδίζουσιν
3546 3734 3701 3805 μέθο-

2139 3828 2249 3893 δον,
2267 3826 2357 3880 τὸν
2372 3827 2611 3898 Μάρτιον
2638 3825 3077 3897 ἐπισημήνασθαι
3094 3824 3220 3895 χρὴ,
3251 3825 3387 3892 πρὸς
3409 3824 3471 3876 τὸ
3490 3826 3702 3886 πάντως

2142 3920 2303 3973 αὑτὸν
2318 3919 2411 3972 καὶ
2445 3919 2580 3989 μετὰ
2600 3917 2894 3989 βίσσεξτον,
2916 3917 3009 3969 καὶ
3020 3916 3140 3987 δίχα
3160 3914 3457 3986 βισσέξτου,
3487 3914 3575 3968 διὰ
3599 3915 3703 3968 τῶν

2143 4014 2237 4067 τοῦ
2257 4010 2584 4083 Δεκεμϐρίου
2611 4010 2936 4082 ψηφίζεσθαι
2963 4009 3201 4080 ἡμερῶν·
3224 4009 3365 4077 λέγω
3397 4007 3573 4061 δὲτῶν
3598 4005 3700 4059 ἀπὸ

2148 4103 2372 4176 σηρικοῦ
2418 4105 2693 4174 τεσσάρων
2713 4123 2727 4135 ο
2780 4103 2874 4155 καὶ
2905 4104 3038 4174 μήτε
3075 4100 3165 4154 διὰ
3197 4100 3303 4153 τῶν
3332 4099 3427 4153 τοῦ
3468 4100 3696 4166 Σεπτεμ-

2148 4198 2321 4271 6ρίου,
2409 4199 2544 4268 μήτε
2608 4196 2696 4248 διὰ
2762 4193 2870 4248 τῶν
2932 4192 3025 4246 τοῦ
3085 4192 3484 4264 Φεϐρουαρίου,
3530 4188 3694 4241 καθά-

2150 4309 2255 4362 περ
2306 4292 2547 4359 εἴπομεν,
2602 4288 2772 4340 ποιεῖν
2819 4287 2876 4338 ὲν
2922 4288 2986 4356 τῇ
3041 4284 3160 4337 καθ’
3207 4284 3394 4355 εἱρμὸν
3434 4283 3588 4352 ψήφῳ
3639 4295 3698 4331 τε

499 4379 738 4447 piantur,
770 4378 862 4447 qui
891 4376 1184 4439 Decembri.
1206 4377 1550 4446 respondent.
1572 4377 1636 4430 Et
1659 4383 1717 4430 ut
1744 4391 1852 4430 uno
1883 4377 2033 4431 verb:

2298 4358 2535 4451 μεθόδῳ,
2570 4378 2703 4432 ἀλλὰ
2743 4379 2897 4449 μόνον
2948 4377 3014 4430 δι’
3070 4376 3247 4429 αὐτῶν
3292 4377 3399 4427 τῶν
3464 4373 3571 4427 cla-:6
3614 4388 3703 4440 ση-

494 4479 785 4539 utrumque
821 4470 1109 4525 calculum,
1143 4470 1441 4534 absolvam,
1485 4470 1540 4523 in
1571 4472 1809 4540 septenis
1849 4470 2047 4525 tabulae

490 4561 761 4624 versibus,
805 4560 873 4615 ad
907 4560 1191 4616 duodecim
1229 4558 1502 4615 Romanos
1534 4575 1747 4617 menses
1797 4562 2049 4632 utrinque

490 4653 697 4723 positos
721 4661 903 4708 rectus
928 4652 1174 4713 calculus
1218 4651 1548 4716 assumitur,
1586 4651 1642 4707 in
1673 4652 1886 4708 duobus
1922 4670 2049 4709 vero

492 4726 660 4802 rubro
689 4742 868 4797 colore
888 4742 1169 4811 inscriptis
1194 4741 1462 4803 versibus,
1488 4740 1579 4809 qui
1605 4755 1634 4794 a
1655 4757 1869 4796 summo
1892 4750 2050 4797 deor-

492 4851 614 4895 sum
636 4834 934 4903 pertinent,
978 4833 1298 4903 retrograda
1332 4832 1621 4886 methodus
1659 4833 1833 4886 locum
1872 4833 2047 4899 habet,

495 4924 695 4983 additis
724 4924 936 4994 epactis
952 4925 1224 4979 currentis
1248 4923 1373 4978 anni
1407 4924 1622 4982 solaris.
1648 4939 1714 4977 ex
1741 4924 1939 4992 quibus
1968 4942 2052 4980 se-

495 5021 639 5085 ptem
664 5014 873 5068 tabellaa
894 5030 1082 5069 versus
1101 5014 1334 5068 ordinati
1365 5023 1511 5069 sunt.
1538 5013 1632 5069 His
1662 5012 1729 5069 de
1749 5022 1881 5070 rotae
1907 5016 2053 5071 illius

495 5106 860 5177 explicatione
920 5107 1101 5170 dictis,
1149 5106 1359 5161 facilem
1413 5107 1739 5171 lectoribus,
1789 5116 2050 5177 quantum

500 5198 616 5252 ﬁeri
647 5197 844 5268 potuit,
875 5198 1015 5256 siam
1040 5200 1374 5268 aperuimus,
1406 5214 1511 5268 qua
1542 5197 1731 5253 feriam
1761 5200 2054 5255 hebdoma-

499 5290 586 5347 dis
611 5290 853 5360 eujusvis
888 5290 1212 5362 investigare
1241 5301 1513 5361 poterunt.

500 5385 680 5448 ζονται
728 5386 931 5457 στίχοι..
964 5385 1147 5439 Ταῦτα
1178 5388 1271 5439 καὶ
1320 5387 1443 5456 περὶ
1478 5384 1628 5439 τοῦδε
1650 5386 1742 5439 τοῦ
1769 5385 1962 5457 τροχοῦ
2009 5386 2435 5457 σαφηνίσαντες,
2466 5378 2664 5451 εὐχερῆ
2726 5379 2839 5441 τοῖς
2883 5375 3263 5446 ἐντυγχάνουσι
3308 5375 3624 5449 τὴνπάοης
3648 5373 3727 5424 δι’·

2157 4470 2303 4544 ρικοῦ
2370 4468 2646 4539 τεσσάρων
2704 4466 2942 4538 ἡμερῶν,
3006 4464 3111 4518 τῶν
3159 4461 3575 4535 παρακειμένων
3632 4459 3706 4529 τῷ

2154 4559 2467 4631 Δεκεμϐρίῳ
2502 4559 2650 4631 μηνί.
2704 4558 2811 4611 Καὶ
2873 4556 3061 4619 ἁπλῶς
3103 4558 3293 4615 εἰπεῖν,
3341 4555 3407 4607 ἵν’
3443 4552 3707 4622 ὲπιτὸμως

2155 4653 2283 4724 περὶ
2325 4650 2645 4722 ἀμφοτέρων
2705 4648 3044 4716 διαλάϐωμεν
3097 4646 3205 4698 τῶν
3236 4645 3467 4716 ψήφωνο
3499 4645 3558 4695 ἐν
3616 4643 3707 4713 μὲν

2154 4746 2265 4804 τοῖς
2290 4740 2332 4805 ζ’
2355 4740 2448 4793 τοῦ
2487 4740 2730 4793 κανονίου
2761 4737 2959 4806 στίχοις
2993 4739 3071 4800 εἰς
3104 4736 3228 4798 τοὺς
3260 4734 3598 4805 ἑκατέρωθεν
3626 4749 3706 4785 τε-

2153 4834 2454 4905 ταγμένους
2510 4829 2882 4884 δυοδεκαίδεκα
2922 4828 3259 4898 Ῥωμαῖκοὺς
3295 4826 3467 4896 μῆνας
3490 4828 3554 4895 τῇ
3592 4822 3705 4877 καθ’

2157 4927 2343 4998 εἱρμὸν
2372 4925 2536 4995 ψήφῳ
2580 4921 2897 4994 κεχρήμεθα
2923 4920 3064 4973 κατὰ
3101 4920 3208 4972 πᾶν
3239 4920 3400 4982 ἔτος·
3435 4935 3493 4969 ιν
3523 4916 3579 4969 δὲ
3606 4918 3709 4975 τοῖς

2157 5018 2329 5090 ὀρθῶς
2382 5014 2720 5086 καθιεμένοις
2762 5012 2911 5065 δυσὶν
2952 5013 3065 5064 ἀπὸ
3110 5010 3336 5081 σηρικοῦ
3395 5024 3593 5078 στίχοις
3637 5008 3698 5075 τῇ

2160 5113 2276 5164 κατ’
2310 5106 2668 5177 άναποδισμὸν
2704 5103 2909 5174 μεθόδῳ
2958 5097 3375 5175 προσχρώμεθα,
3401 5100 3541 5153 κατὰ
3573 5116 3701 5168 συμ-

2161 5200 2385 5269 πλοκὴν,
2413 5198 2487 5259 ὼς
2512 5197 2667 5265 ἐίσην,
2699 5192 3087 5247 τῶνςὲπακτῶν
3114 5191 3276 5245 αὑτοῦ
3309 5192 3403 5245 τοῦ
3430 5192 3702 5261 ἐνισταμέ-

2161 5310 2251 5345 νου
2282 5287 2506 5360 ήλιακοῦ
2539 5286 2710 5349 ἔτους,
2734 5286 2801 5338 δι’
2820 5280 2894 5339 ὧν
2928 5286 3096 5339 καὶοί
3128 5284 3407 5354 λεχθέντες
3438 5284 3481 5350 ζ’
3511 5281 3709 5339 κανονει

501 5476 663 5529 αὑτοῦ
698 5477 997 5549 κατάληψιν
1026 5477 1380 5548 ἑὸδοματικῆς
1406 5478 1613 5549 ἡμέρας
1674 5478 1811 5532 κατὰ
1841 5478 1902 5532 τὸ
1963 5479 2181 5532 δυνατὸν
2212 5479 2604 5546 πεποιήκαμεν.

738 5595 1011 5662 Quomodo
1025 5594 1380 5662 computanda
1410 5596 1477 5650 sit
1504 5604 1633 5650 mtas
1657 5595 1815 5665 ιιιηω.

580 5685 707 5745 Vill.
733 5687 975 5742 Primum
1011 5688 1152 5744 luna:
1185 5695 1399 5755 epactas
1456 5687 1754 5756 accipimus
1790 5702 1897 5742 una
1934 5703 2055 5743 cum

2256 5589 2387 5655 Πῶς
2418 5588 2511 5642 δεῖ
2530 5586 2644 5655 τὴν
2669 5585 2896 5668 ἡμέραν
2918 5583 3025 5651 τῆς
3042 5580 3308 5649 σελήνης
3326 5579 3621 5649 vagamur.

2237 5684 2317 5736 H'.
2335 5686 2401 5734 α’.
2422 5679 2466 5731 Κ
2476 5676 2640 5749 ρατοῦ
2647 5664 2745 5748 μεν
2760 5675 2856 5738 τὰς
2876 5672 3116 5737 ὲπακτὰς
3139 5674 3236 5743 τῆς
3255 5671 3478 5743 σελήνης
3499 5669 3586 5723 καὶ
3623 5664 3735 5749 τὴγ.
