4044 6220
409 305 544 361 I269

1173 311 1230 366 S.
1275 309 1525 366 MAXIMI
1565 309 1927 365 MARTYRIS
1969 309 2350 370 COMPUTUS;
2379 315 2816 374 ECCBESIAST.

3485 326 3506 379 1
3517 327 3618 381 ειη

400 422 496 475 τοῦ
529 425 816 488 ἐνεστῶτος
861 426 1231 494 Αίγυπτιακοῦ
1283 428 1448 498 μηνδς
1487 428 1770 492 ποσταίαν,
1794 429 1888 481 καὶ
1910 427 1969 481 τὸ

2071 433 2349 502 proposito
2379 432 2467 489 die
2503 435 2734 493 labentis
2767 437 3072 510 Egyptiaci
3111 441 3335 494 mensis.
3380 441 3459 495 Ad
3509 442 3620 497 haec

400 516 573 586 ἥμισυ
597 517 702 570 τῶν
723 517 904 589 μηνῶν
932 517 1039 571 τῶν
1073 519 1179 573 ἀπὸ
1206 518 1347 586 Θὼθ,
1379 522 1471 574 καὶ
1500 521 1628 591 μίαν
1651 520 1963 592 καθολικὴν.

402 605 512 658 Καὶ
557 607 606 658 εί
649 607 747 676 μὲν
796 606 839 658 λ’
885 606 1086 672 ταύτας
1135 611 1458 681 εὑρήσομεν,
1507 610 1539 681 ἢ
1582 610 1735 681 παρὰ
1764 610 1861 674 τὰς
1900 610 1963 672 λ’,

402 693 666 758 τοσαύτας
724 695 948 767 ἔχουσαν
986 698 1082 768 τὴν
1124 699 1350 771 σελήνην
1382 699 1718 771 γινώσκομεν
1743 717 1754 729 ·
1814 702 1862 752 εί
1907 701 1964 754 δὲ

403 783 542 858 ὑπὲρ
576 785 672 850 τὰς
703 787 772 851 λ’,
801 788 1012 852 ὲκείνας
1031 789 1186 842 πάλιν
1215 789 1351 860 μετά
1371 790 1468 860 τὴν
1493 790 1773 862 ὑφαίρεσιν
1789 790 1964 845 αὐτῶν

403 875 512 930 τῶν
539 877 850 948 τριάκοντα.

474 967 538 1039 β’.
573 968 798 1032 Ἄλλως.
821 969 900 1022 Τὰ
923 969 1425 1040 ἁπὸΔιοκλητιανοῦ
1455 970 1549 1042 ἔτη
1582 972 1731 1042 παρά
1766 971 1823 1024 ἓν
1849 971 1965 1034 ἔτος

403 1058 699 1124 ποιοῦ-ντες,
749 1061 1040 1132 μερίζομεν
1085 1064 1163 1124 είς
1186 1062 1276 1115 τὸν
1319 1061 1383 1115 ιθ¹
1421 1063 1514 1116 καὶ
1545 1063 1612 1117 τὰ
1644 1063 1803 1116 λοιπὰ
1833 1080 1964 1134 κρα-

401 1147 621 1213 τοῦμεν,
673 1151 766 1203 καὶ¹
814 1150 1022 1214 τούτοις
1084 1151 1443 1224 ὲπιὸάλλομεν
1495 1153 1634 1225 ὑπὲρ
1699 1152 1818 1214 ἐνὸς
1867 1151 1964 1222 μὲν

404 1237 575 1302 ἔτους,
625 1239 718 1293 ἐὰν
767 1239 923 1294 τοῦτο
958 1241 1115 1312 μόνον
1163 1241 1321 1313 τυχὸν
1355 1243 1683 1315 καταλειφθῇ
1709 1243 1846 1314 μετὰ
1876 1243 1965 1296 τὸν

406 1330 690 1402 μερισμὸν,
736 1331 944 1403 ἡμέρας
985 1339 1036 1384 ι’·
1083 1333 1223 1404 ὑπὲρ
1260 1333 1301 1402 β’
1336 1333 1392 1386 δὲ
1425 1332 1560 1386 ὲτῶν
1591 1340 1636 1386 κ’
1664 1349 1678 1364 ·
1726 1331 1870 1404 ὑπὲρ
1909 1332 1968 1388 δὲ

405 1429 452 1491 γθ
478 1422 597 1476 οὐδὲ
620 1423 776 1494 μίαν·
807 1423 993 1496 ὥσπερ
1019 1425 1110 1478 καὶ
1135 1426 1225 1480 ἐπὶ
1249 1429 1361 1489 τοῖς
1396 1433 1446 1491 ς’
1478 1426 1597 1479 οὐδὲ
1629 1426 1780 1497 μίαν
1803 1426 1835 1496 ἢ
1857 1424 1964 1478 τῶν

406 1515 472 1580 θ’,
501 1516 534 1587 ἢ
570 1515 675 1570 τῶν
703 1516 766 1586 ιβ’
788 1533 802 1548 ο
831 1517 863 1588 ἢ
895 1517 1078 1582 ἁπλῶς
1119 1517 1218 1588 τῆς
1273 1517 1560 1572 ὁποιασοῦν
1592 1517 1923 1590 τριετηρίδος
1946 1535 1958 1547 ·

406 1607 544 1679 ὑπὲρ
593 1607 650 1659 δὲ
705 1607 810 1661 τῶν
851 1609 891 1662 δ’
939 1609 1098 1663 πάλιν
1152 1608 1289 1662 ἐτῶν
1329 1608 1380 1672 ι’,
1427 1609 1520 1662 κα)⁸
1571 1609 1709 1680 ὑπὲρ
1761 1608 1867 1662 τῶν
1905 1617 1944 1662 ε’

403 1704 474 1751 κ’.
507 1698 615 1751 Καὶ
638 1696 809 1762 οὕτως
841 1699 1072 1770 καθεξῆς
1109 1699 1247 1771 ὑπὲρ
1290 1699 1398 1752 τῶν
1429 1700 1496 1764 ζ’,
1531 1701 1624 1753 καὶ
1649 1699 1756 1754 τῶν
1791 1708 1854 1766 ι’,
1869 1703 1964 1754 καὶ

403 1788 512 1842 τῶν
548 1796 612 1842 ια’
636 1790 679 1822 ’ί
701 1807 713 1819 ·
739 1791 831 1843 καὶ
857 1790 978 1844 τῶνν
995 1791 1130 1861 μετά
1162 1792 1258 1854 τὰς
1303 1792 1642 1863 τριετηρίδας
1664 1792 1964 1864 ψηφιζομέ-

403 1895 530 1934 νων.
591 1880 914 1950 Κρατοῦμεν
968 1881 1164 1944 τοίνυν,
1211 1881 1285 1946 ὡς
1317 1881 1473 1955 ἔφην,
1525 1883 1592 1936 τὰ
1628 1884 1964 1956 ἁπομένοντα

405 1971 498 2043 ἔτη
549 1971 641 2023 καὶ
692 1971 788 2035 τὰς
831 1972 970 2042 ὑπὲρ
1019 1973 1220 2027 τούτων
1279 1976 1488 2046 ἡμέρας
1534 1975 1675 2029 κατὰ
1719 1976 1809 2029 τὸν
1836 1977 1966 2030 ὑπο-

403 2061 680 2132 δειχθέντα
734 2063 949 2134 τρόπον·
1015 2067 1106 2118 καὶ
1129 2065 1227 2137 τὴν
1261 2067 1520 2120 ποσταὶαν
1540 2066 1634 2121 τοῦ
1676 2067 1964 2131 ἐνεστῶτος

405 2153 770 2222 Αἰγυπτιακοῦ
819 2157 1003 2226 μηνὸς,
1062 2161 1154 2212 καὶ
1201 2159 1260 2212 τὸ
1288 2161 1456 2230 ἥμισυ
1485 2160 1592 2214 τῶν
1629 2161 1826 2231 μηνῶν
1858 2161 1964 2214 τῶν

405 2245 514 2299 ἀπὸ
575 2244 716 2309 Θὼθ,
745 2249 838 2301 καὶ
889 2249 1017 2318 μίαν
1078 2251 1401 2322 καθολικήνο
1433 2252 1524 2306 καὶ
1572 2252 1770 2315 είςτὸν
1799 2251 1841 2304 λ’
1872 2251 1966 2316 τὰς

405 2338 534 2402 ὅλας
555 2339 864 2411 μερίζομεν.

477 2429 544 2498 γ’.
585 2432 811 2496 Ἄλλως.
843 2435 1162 2506 Κρατοῦμεν
1192 2437 1287 2501 τὰς
1323 2439 1563 2502 suam;
1590 2440 1686 2509 τῆς
1721 2439 1964 2510 σελήνης,

406 2524 499 2576 καὶ
542 2525 680 2597 ὑπὲρ
725 2527 962 2580 ἑκάστου.
985 2529 1290 2599 Ῥωμαϊκοῦ
1341 2532 1524 2601 μηνὸς,
1574 2533 1678 2584 ἀπὸ
1725 2534 1969 2602 Σεπτεμ-

408 2615 564 2686 ϐρίου
577 2617 862 2688 ἀρχόμενοι
889 2618 1048 2690 μέχρι
1077 2620 1168 2672 τοῦ
1195 2621 1560 2692 ψηφιζομένου
1588 2623 1712 2692 μίαν
1736 2624 1965 2694 ἡμέραν

408 2706 504 2758 καὶ
545 2705 639 2777 τὴν
684 2710 942 2761 ποσταίαν
987 2709 1150 2762 αὑτοῦ
1199 2709 1292 2762 τοῦ
1339 2711 1626 2775 ἐνεστῶτος
1666 2711 1968 2782 Ῥωμαῖκοῦ

411 2795 598 2866 μηνὸς,
631 2797 723 2849 καὶ
766 2797 858 2849 δύο
901 2797 1211 2864 καθολικὰς,
1259 2802 1351 2853 καὶ
1387 2802 1466 2864 είς
1510 2801 1599 2853 τὸν
1634 2800 1674 2853 λ’
1706 2801 1802 2864 τὰς
1845 2801 1969 2865 ὅλας

411 2885 725 2956 μερίζομεν.

477 2977 537 3030 δ’.
575 2978 796 3044 Ἀλλως.
845 2980 1171 3052 Κρατοῦμεν
1201 2982 1299 3046 τὰς
1329 2983 1571 3048 ἐπακτὰς
1602 2985 1698 3057 τῆς
1744 2986 1971 3058 σελήνης

409 3070 554 3140 παρὰ
567 3069 714 3140 μίαν,
740 3073 832 3125 καὶ
856 3073 955 3136 τὰς
983 3073 1090 3126 ἀπὸ
1121 3075 1444 3146 Ὶανουαρίου
1467 3077 1676 3148 ἡμέρας
1690 3077 1846 3151 μέχρι
1873 3079 1973 3150 τῆς

407 3159 743 3232 ζητουμένης
771 3163 926 3232 ἡμῖν·
963 3164 1057 3215 καὶ
1095 3163 1162 3216 τὰ
1196 3165 1397 3218 τούτων
1418 3164 1491 3230 ᾆξ’
1518 3168 1594 3198 ⁸⁸⁸
1633 3169 1725 3220 καὶ
1763 3171 1841 3234 έίς
1883 3171 1973 3225 τὸν

406 3252 451 3304 λ’
490 3252 587 3317 τὰς
612 3252 737 3318 ὅλας
767 3254 1076 3326 μερίζομεν.

479 3343 540 3400 ε’.
574 3345 801 3412 Ἀλλως.
832 3348 1156 3419 Κρατοῦμεν
1193 3350 1289 3413 τὰς
1320 3351 1564 3416 ὲπακτὰς
1596 3354 1692 3424 τῆς
1726 3354 1971 3425 σελήνης,

410 3436 505 3490 καὶ
526 3436 587 3489 τὸ
609 3438 777 3508 ἥμισυ
803 3437 910 3490 τῶν
944 3439 1129 3510 μηνῶν
1169 3440 1276 3493 τῶν
1310 3443 1416 3496 ἀπὸ
1438 3443 1531 3497 τοῦ
1572 3444 1841 3515 Ἀπριλίου
1883 3446 1976 3516 μέ-

410 3545 503 3600 χρι
531 3529 624 3582 τοῦ
673 3529 1068 3600 ψηφιζομένου,
1115 3532 1208 3585 καὶ
1256 3534 1352 3596 τὰς
1394 3535 1688 3605 τριακάδας
1736 3537 1972 3608 πρώτας,

414 3623 507 3675 καὶ
536 3622 633 3694 τὴν
667 3623 926 3676 ποσταίαν
964 3622 1058 3676 τοῦ
1097 3625 1386 3690 ἐνεστῶτος
1422 3629 1616 3698 μηνόςο
1648 3629 1738 3682 καὶ
1778 3631 1854 3693 είς
1884 3630 1998 3684 τὸν⁴

408 3712 455 3765 λ’
479 3712 574 3776 τὰς
603 3713 729 3777 ὅλας
765 3711 1075 3784 μερίζομεν.

486 3809 560 3867 ς’.
597 3803 824 3866 Ἀλλως.
886 3803 1474 3877 Ἐνδεκαπλασιάζομεν
1515 3806 1574 3859 τὸ
1613 3809 1710 3878 τῆς
1753 3807 1975 3879 σελήνης

415 3895 554 3959 ἔτος,
581 3896 672 3949 καὶ
695 3893 999 3967 κρατοῦμεν
1021 3897 1118 3960 τὰς
1147 3897 1254 3950 ἀπὸ
1283 3897 1501 3969 πρώτης
1529 3898 1850 3969 Ἰανουαρίου
1878 3899 1974 3969 μέ-

413 4007 506 4061 χρι
531 3989 628 4060 τῆς
653 3988 985 4060 ζητουμένης
1009 3991 1237 4061 ἡμέρας,
1259 3992 1354 4044 καὶ
1377 3991 1444 4044 τὰ
1469 3991 1669 4045 τούτων
1701 3990 1772 4058 ξε
1793 4009 1806 4022 ·
1831 3995 1974 4061 τρεῖς

412 4097 473 4133 τε
505 4079 802 4143 καθολικῶς
827 4079 1201 4151 ἀφαιροῦντες,
1230 4081 1370 4135 οὕτω
1401 4081 1498 4145 τὰς
1524 4082 1648 4144 ὅλας
1686 4080 1974 4152 μερίζομεν

413 4173 494 4234 είς
519 4172 605 4224 τὸν
625 4171 685 4224 λ’.

487 4261 551 4326 ζ’.
583 4263 810 4328 Ἀλλως.
842 4261 1160 4335 Κρατοῦμεν
1195 4265 1293 4330 τὰς
1317 4267 1560 4330 ὲπακτὰς
1590 4266 1688 4338 τῆς
1729 4265 1972 4338 σελήνης,

414 4357 512 4411 καὶ
543 4357 767 4421 ταύταις
809 4357 865 4411 ἐν
912 4376 971 4411 τε
1011 4357 1092 4429 τῷ
1135 4359 1443 4432 Ἰανουαρίῳ
1495 4360 1589 4413 καὶ
1630 4359 1992 4432 Φεϐρουαρίῳ.

2067 524 2347 580 dimidium
2398 526 2665 582 mensium
2712 544 3019 594 numerum,
3063 531 3209 600 quia
3243 528 3418 586 Thoth
3449 531 3618 604 elapsi

2066 625 2213 682 sunt,
2245 631 2368 670 cum
2396 633 2505 672 uno
2534 619 2790 690 regulari.
2841 619 2897 673 Si
2941 635 3151 677 summa
3195 621 3411 691 triginta
3452 622 3620 676 conﬁ-

2065 709 2192 775 ciat,
2222 717 2314 764 aut
2335 711 2516 766 minus
2548 711 2793 782 triginta,
2821 711 3044 767 totidem
3074 711 3191 767 dies
3213 712 3394 766 lunam
3419 714 3620 770 habere

2062 803 2459 874 cognoscimus.
2482 803 2577 859 Sin
2611 804 2846 858 tricenos
2879 803 2996 859 dies
3010 803 3503 873 excedat,demptis
3527 807 3620 860 tri-

2061 892 2209 962 ginta
2226 899 2359 964 quot
2377 904 2723 965 supererunt,
2742 894 2968 949 totidem
2980 897 3124 950 aetati
3144 897 3284 953 luna:
3296 899 3617 954 tribuemus.

2119 983 2238 1038 Alia
2269 985 2427 1040 ratio.
2477 987 2662 1041 Annos
2694 1001 2726 1041 a
2757 985 3092 1042 Diocletiano
3121 1003 3229 1043 uno
3260 989 3443 1044 minus
3470 992 3621 1060 capi-

2064 1090 2186 1131 mus
2217 1091 2417 1146 eosque
2445 1077 2712 1147 partimur
2765 1079 2965 1146 innx;
3015 1079 3060 1132 si
3117 1079 3395 1135 residuum
3442 1094 3621 1136 annus

2065 1167 2259 1222 unicus
2297 1168 2389 1232 sit,
2425 1169 2492 1222 ad
2539 1185 2662 1224 eum
2707 1168 2992 1239 adjicitnus
3023 1186 3095 1237 x;
3133 1170 3179 1224 si
3228 1171 3336 1226 duo
3389 1181 3616 1236 restent,

2068 1275 2172 1325 xx;
2212 1259 2256 1314 si
2286 1266 2429 1324 tres,
2459 1259 2613 1314 nihil.
2647 1261 2783 1315 Cum
2813 1277 3024 1326 novem,
3071 1270 3165 1316 aut
3189 1262 3495 1326 duodecim,
3526 1270 3619 1316 aut

2065 1352 2288 1408 omnino
2324 1354 2550 1423 quilibet
2582 1353 2776 1408 tertius
2820 1368 2998 1408 annus
3019 1353 3258 1410 exstitit:
3294 1353 3516 1424 perinde
3535 1355 3620 1406 ni-

2067 1443 2142 1498 hil
2171 1444 2408 1499 additur.
2457 1446 2525 1500 At
2568 1461 2668 1516 pro
2721 1454 2957 1516 quatuor
3002 1447 3159 1502 annis
3195 1462 3264 1500 x:
3323 1445 3484 1516 189
3521 1461 3620 1515 pro

2065 1538 2307 1608 quinque
2334 1538 2564 1594 addendi
2605 1546 2732 1594 sunt
2761 1555 2849 1593 xx.
2881 1539 3056 1608 Atque
3103 1539 3185 1593 ita
3223 1539 3480 1608 deinceps
3521 1553 3620 1609 pro

2065 1646 2139 1686 val
2168 1646 2231 1686 ac
2269 1649 2322 1694 κ,
2367 1632 2484 1687 dies
2528 1648 2553 1685 κ
2594 1632 2965 1702 adjiciuntur;
3033 1632 3109 1685 uti
3167 1639 3223 1686 et
3267 1646 3365 1702 pro
3400 1647 3494 1685 xm
3558 1645 3620 1684 ac

2067 1723 2311 1794 reliquis,
2343 1724 2432 1793 qui
2461 1737 2626 1792 supra
2659 1723 2954 1778 triennium
3001 1723 3276 1794 quodlibet
3303 1731 3616 1778 excurrunt.

2067 1818 2335 1874 Residuos
2375 1818 2540 1888 igitur
2569 1833 2763 1883 annos,
2816 1833 2880 1873 ac
2910 1818 3152 1889 singulos
3198 1832 3296 1888 pro
3343 1817 3450 1874 illis
3503 1817 3619 1873 dies

2064 1911 2166 1965 hoc
2192 1911 2350 1965 modo
2383 1913 2649 1966 sumimus
2662 1926 2784 1966 cum
2815 1910 3093 1982 proposito
3118 1909 3204 1966 die
3226 1910 3429 1966 mensis
3452 1908 3618 1982 Egy-

2065 2001 2226 2071 ptiaci
2254 2040 2268 2063 ,
2301 2001 2500 2070 quibus
2527 2000 2808 2057 dimidium
2851 2002 3060 2058 accedit
3087 1997 3309 2057 numeri
3327 2003 3616 2068 mensium,

2064 2091 2157 2161 qui
2188 2106 2218 2144 a
2245 2090 2421 2146 Thoth
2451 2093 2623 2163 elapsi
2665 2101 2814 2159 sunt,
2844 2109 2967 2148 cum
3007 2109 3114 2148 uno
3157 2093 3394 2166 regulari
3422 2112 3435 2149 :
3469 2110 3619 2152 sum-

2067 2199 2206 2238 mam
2241 2199 2336 2253 per
2362 2200 2470 2238 xxx
2497 2183 2807 2240 dividimus.

2138 2440 2329 2494 Aliter.
2363 2439 2675 2508 Accipimus
2711 2446 2930 2509 epactas
2971 2438 3131 2501 lunae,
3165 2445 3216 2492 et
3251 2451 3350 2506 pro
3379 2434 3619 2506 quolibet

2067 2532 2436 2587 Romanorum
2472 2545 2676 2593 mense,
2726 2530 2882 2584 initio
2916 2530 2984 2584 ab
3024 2529 3196 2598 Aprili
3246 2527 3407 2592 facto,
3450 2542 3623 2596 usque

2069 2624 2134 2679 ad
2159 2625 2515 2695 pr0positum,
2545 2623 2792 2691 singulos
2828 2621 2943 2676 dies
2991 2621 3321 2691 colligimus,
3363 2635 3426 2675 ac
3459 2635 3622 2691 regu-

2068 2717 2210 2772 lares
2239 2715 2397 2771 duos.
2431 2713 2706 2770 Summam
2737 2729 2834 2784 per
2859 2729 2964 2767 xxx
2987 2712 3270 2782 partimur.

2140 2973 2331 3030 Aliter.
2365 2974 2605 3045 Epactas
2632 2975 2772 3029 lunae
2815 2974 3025 3030 unitate
3067 2974 3246 3028 minus
3273 2985 3396 3026 cum
3432 2969 3624 3025 diebus

2074 3083 2105 3122 a
2136 3065 2395 3123 Kalendis
2416 3065 2693 3122 Ianuariis
2722 3067 2788 3121 ad
2827 3066 2969 3122 diem
2999 3065 3094 3136 qui
3129 3063 3392 3134 quaeritur
3422 3060 3625 3132 elapsis

2073 3160 2446 3231 componimus
2465 3177 2480 3224 ;
2499 3158 2750 3213 addimus
2762 3159 3024 3213 et'horum
3040 3156 3427 3227 sexagesimam
3443 3166 3626 3223 quam-

2073 3269 2178 3324 que
2212 3260 2440 3323 partem.
2467 3249 2661 3306 Totum
2693 3249 2888 3305 deinde
2916 3265 3017 3319 per
3038 3265 3142 3303 xxx
3171 3247 3483 3303 dividimus.

2143 3344 2336 3400 Aliter.
2371 3343 2604 3414 Epactas
2647 3344 2790 3398 luna:
2826 3357 2950 3397 cum
2986 3342 3214 3397 dimidio
3255 3340 3521 3396 mensium
3559 3341 3626 3394 ab

2073 3435 2241 3508 Aprili
2277 3451 2446 3506 usque
2470 3436 2536 3491 ad
2563 3435 2850 3505 quaesitum
2879 3449 3118 3490 mensem
3136 3474 3150 3498 ,
3185 3442 3299 3487 tum
3321 3431 3626 3488 tricesimos

2073 3527 2276 3596 primos
2307 3541 2551 3596 quosque
2571 3525 2689 3581 dies
2720 3539 2828 3579 una
2851 3539 2973 3578 cum
3004 3522 3280 3593 proposita
3311 3521 3516 3577 mensis
3540 3520 3628 3576 die

2075 3623 2130 3676 in
2153 3634 2320 3674 unum
2331 3617 2742 3688 componimus,
2773 3600 3129 3686 quoddeinde.
3149 3613 3415 3684 partimur
3430 3613 3485 3668 in
3500 3628 3628 3668 xxx.

2145 3800 2332 3855 Aliter.
2393 3798 2613 3852 Annum
2664 3796 2807 3850 lunae
2862 3795 2917 3850 in
2964 3809 3019 3848 xi
3090 3793 3365 3859 ducimus,
3407 3808 3471 3848 ac
3512 3793 3629 3848 dies

2075 3905 2262 3945 omnes
2293 3889 2386 3958 qui
2415 3903 2445 3942 a
2469 3886 2741 3942 Kalendis
2755 3885 3030 3942 Ianuariis
3048 3887 3114 3940 ad
3130 3886 3468 3956 propositum
3489 3882 3630 3939 diem

2073 3981 2365 4046 ﬂuxerunt,
2401 3995 2524 4034 cum
2552 3979 2748 4033 horum
2791 3978 3127 4048 sexagesima
3174 3991 3389 4048 quaque
3433 3983 3628 4046 parte;

2075 4072 2198 4126 inde
2219 4071 2399 4125 tribus
2425 4068 2770 4141 regularibus
2790 4067 3042 4138 abjectis,
3085 4081 3354 4124 summam
3393 4081 3488 4138 per
3524 4081 3634 4121 xxx

2072 4161 2382 4218 tribuimus.

2144 4255 2336 4309 Aliter.
2367 4252 2599 4324 Epactas
2631 4253 2772 4307 luna:
2800 4251 2854 4306 in
2887 4248 3147 4308 Januario
3167 4257 3218 4306 et
3244 4247 3540 4304 Februario
3559 4245 3636 4301 in-

2075 4358 2289 4419 tegros,
2337 4346 2393 4400 in
2457 4345 2649 4401 Martio
2698 4345 2909 4400 unitate
2966 4343 3148 4399 minus
3210 4341 3524 4411 accipimus,
3579 4338 3636 4393 in

419 4450 647 4522 πλήρεσι
673 4450 987 4524 κεχρήμεθα
1007 4469 1021 4482 ο
1054 4452 1204 4521 παρὰ
1227 4431 1350 4522 μίαν
1373 4453 1427 4505 δὲ
1456 4454 1622 4524 μόνην
1652 4457 1708 4508 ὲν
1836 4456 1982 4526 Μαρ-

2082 4438 2254 4510 Aprili
2281 4453 2343 4492 ac.
2357 4437 2602 4508 reliquis,
2626 4437 2870 4508 integras
2904 4455 2918 4490 :
2953 4435 3079 4490 item
3111 4447 3212 4504 pro
3230 4431 3459 4502 singulis
3482 4445 3636 4485 men-

417 4543 516 4613 τίῳ
534 4559 547 4573 ·
579 4545 634 4595 ὲν
666 4543 722 4596 δὲ
752 4543 830 4613 τῷ
865 4542 1124 4614 Ἀπριλίῳ
1158 4544 1253 4596 καὶ
1283 4547 1392 4608 τοῖς
1417 4548 1532 4614 μετ’
1561 4547 1720 4600 αὐτὸν
1753 4547 1977 4618 πλήρεις

418 4635 902 4707 συλλαμϐάνοντες,
931 4637 1022 4689 καὶ
1047 4636 1174 4706 μίαν
1196 4635 1365 4708 ρλλην
1391 4637 1529 4706 ὑπὲρ
1555 4639 1783 4691 ἑκάστου
1810 4638 1976 4710 μηνὸς

418 4730 546 4800 ἄχρι
575 4727 667 4782 τοῦ
689 4714 1057 4799 ψηφιζομένου
1078 4743 1092 4754 ·
1122 4727 1214 4781 δύο
1233 4728 1287 4780 δὲ
1322 4727 1478 4798 μόνον
1504 4727 1642 4799 ὑπὲρ
1661 4728 1755 4781 τοῦ
1781 4728 1978 4796 Αὐγού-

421 4837 577 4873 στου·
628 4821 721 4873 καὶ
764 4820 861 4890 τὴν
890 4819 1150 4871 ποσταίαν
1194 4817 1288 4870 τυῦ
1326 4819 1519 4889 μηνός·
1564 4819 1656 4872 καὶ
1696 4821 1773 4882 είς
1813 4818 1904 4871 τὸν
1934 4819 1977 4871 λ’

418 4912 518 4975 τὰς
555 4910 680 4974 ὅλας
716 4910 1025 4982 μερίζομεν.

490 5011 560 5075 ην,
597 5002 822 5065 Ἀλλως,
856 5001 1178 5073 Κρατοῦμεν
1212 5002 1308 5066 τὰς
1341 5003 1581 5068 ὲπακτὰς
1607 5005 1704 5075 τῆς
1732 5004 1980 5075 σελήνης,

423 5095 518 5148 καὶ
543 5094 641 5158 τὰς
674 5094 782 5148 ἀπὸ
821 5093 1042 5164 πρώτης
1088 5093 1360 5166 Ἀπριλίου
1394 5095 1551 5166 μέχρι
1584 5096 1684 5165 τῆς
1723 5096 1986 5168 ζητουμέ-

421 5205 543 5259 νης,
583 5189 675 5242 καὶ
718 5189 816 5259 τὴν
853 5187 1111 5258 ποσταίαν
1157 5186 1250 5240 τοῦ
1295 5188 1486 5258 μηνός⁹
1523 5189 1615 5241 καὶ
1658 5191 1737 5252 εἰς
1775 5189 1863 5242 τὸν
1903 5187 1984 5243 κθ¹

419 5281 592 5352 ἥμισυ
624 5280 722 5344 τὰς
753 5280 876 5342 ὅλας
908 5277 1214 5350 μερίζομεν.

421 5392 563 5463 Περὶ
595 5391 710 5446 τῶν
734 5393 850 5463 ἀπὸ
881 5391 1303 5463 Δεοκζητιανοῇ
1329 5389 1508 5463 ἐτῶνο
1551 5391 1675 5459 πῶς
1707 5409 1769 5463 τε
1798 5394 1985 5463 ψηφί-

495 5458 708 5525 ζονται,
739 5462 834 5515 καὶ
865 5459 990 5527 πῶς
1018 5459 1092 5514 δι’
1129 5458 1326 5514 αὐτῶν
1360 5461 1426 5515 τὸ
1456 5463 1561 5531 τῆς
1592 5458 1988 5532 σέλήνήςὲὐ-

492 5535 767 5601 ρίσκεται
790 5531 943 5598 ἔτος.

497 5621 552 5675 α
612 5623 692 5676 Τὰ
722 5622 826 5677 ἀπὸ
855 5621 1231 5692 Διοκλητιανοῦ
1264 5622 1355 5694 ἐτη
1389 5625 1545 5696 μέχρι
1575 5626 1668 5696 τῆς
1709 5625 1986 5696 παρούσης

493 5737 534 5767 ἰ
579 5740 619 5808 ί.
657 5745 743 5806 ιγ’.
819 5738 862 5770 σι
891 5739 929 5806 ί.
969 5735 1040 5801 ξεν
1075 5737 1247 5805 ιιιὶηῙ.

2085 4532 2236 4588 sibus
2265 4544 2434 4600 usque
2455 4529 2522 4583 ad
2541 4529 2897 4600 propositum,
2915 4526 3158 4597 singulos
3180 4524 3304 4579 dies
3315 4535 3638 4577 annumera-

2083 4640 2236 4688 mus,
2269 4638 2368 4693 pro
2391 4625 2634 4694 Augusto
2666 4636 2794 4676 vero
2809 4620 2967 4684 duos,
2995 4617 3191 4688 quibus
3221 4615 3402 4670 addita
3425 4611 3636 4686 (ιυεείιί

2083 4714 2288 4770 mensis
2312 4713 2421 4778 die,
2453 4727 2665 4769 summa
2698 4727 2793 4782 per
2825 4726 2932 4764 xxx
2961 4708 3240 4764 dividitur.

2151 4987 2341 5042 Aliter.
2369 4985 2600 5056 Epactas
2632 4984 2774 5038 lunae
2798 4997 2921 5038 cum
2941 4981 3134 5038 diebus
3156 4996 3186 5036 a
3203 4978 3458 5035 Kalendis
3481 4976 3638 5047 Apri-

2083 5081 2226 5136 libus
2254 5080 2321 5135 ad
2348 5078 2632 5151 quaesitum
2667 5077 2900 5134 evolutis
2920 5092 3045 5132 cum
3067 5073 3346 5146 pr0posita
3375 5071 3462 5126 die
3487 5085 3639 5126 com-

2086 5173 2358 5244 ponimus.
2393 5169 2667 5226 Summam
2695 5187 2791 5242 per
2831 5186 2958 5226 xxnx
2999 5168 3103 5240 l/2
3141 5167 3423 5239 partimur.

2088 5395 2167 5450 De
2189 5395 2338 5450 annis
2371 5412 2403 5448 α
2434 5392 2796 5454 Diocletiano;
2830 5390 3084 5460 quomodo
3125 5396 3420 5460 putentur,_
3450 5393 3499 5438 et
3539 5400 3643 5455 qua

2263 5466 2467 5519 ratione
2492 5472 2620 5519 wtas
2650 5464 2790 5517 luna:
2819 5455 2875 5516 in
2905 5461 3014 5515 illis
3041 5455 3349 5514 invenienda
3375 5455 3461 5510 sit.
3604 5473 3610 5480 ·

2163 5621 2253 5677 1x.
2287 5620 2426 5676 Anni
2460 5635 2488 5674 a
2532 5616 2866 5674 Diocletiano
2913 5612 2980 5669 ad
3023 5617 3344 5683 praesentem
3371 5606 3645 5665 .indictio':
