4044 6220
259 284 395 342 ιεει
1119 285 1344 342 ISAACI
1377 283 1686 343 MONACHI
1722 282 2098 342 COMPUTUS
2134 283 2579 345 ECCLESIAST.
3337 292 3475 355 1282

257 404 368 460 τῶν
403 404 782 478 ῥηθησομένων
815 402 1102 462 ἀποδοῦναί
1135 423 1219 461 σοι
1269 405 1523 477 μεθόδους
1544 422 1559 436 ·
1604 404 1739 476 πρὸς
1765 404 1822 458 δὲ
1851 455 1854 464 ,

1876 409 1895 466 l
1919 402 2201 473 judicasti,
2236 406 2329 476 qui
2353 421 2563 471 eorum,
2589 404 2656 462 de
2682 406 2884 478 quibus
2912 405 3112 464 dicturi
3129 423 3339 475 sumus,
3360 413 3473 469 vias

260 498 355 553 καὶ
394 496 495 559 τὰς
544 497 637 550 ἐπὶ
691 496 911 561 ταύταις
952 496 1059 549 τῶν
1110 496 1281 565 λόγων
1327 498 1536 560 αἰτίαςο
1590 497 1671 568 (οὐ
1715 496 1823 568 γὰρ

1922 510 1987 551 ac
2014 496 2256 553 rationes
2290 499 2386 554 tibi
2421 499 2781 561 traderemus,
2825 506 2941 554 tum
2974 501 3283 556 earumdem
3323 501 3475 559 insu-

258 588 466 658 ἀγνοῶν
510 588 584 659 μὴ
628 588 802 651 οὕτως
848 590 995 660 ἡμᾶς
1027 588 1268 661 ἔχοντας,
1300 591 1363 644 τὸ
1406 589 1641 644 τοιοῦτον
1691 589 1822 660 ἡμῖν

1921 600 2019 656 per
2045 585 2255 641 viarum
2278 588 2659 657 rationumque
2690 592 2887 645 causas
2926 588 3056 661 (non
3093 591 3236 644 enim
3268 591 3361 645 tali
3401 591 3476 646 fa-

255 676 609 751 τεθαρρηκὼς
668 677 982 750 σπούδασμα
1043 680 1406 751 προσανέθου’
1476 679 1696 748 εὔλογον
1765 678 1822 732 δὲ

1921 676 2124 732 cultate
2154 677 2447 735 destitutos
2475 695 2576 736 nos
2601 696 2722 737 esse
2753 682 3025 747 nesciens,
3057 680 3111 736 id
3152 682 3308 739 nobis
3346 698 3477 755 ope-

254 772 449 842 ἡγήσω
486 772 551 840 τῇ
583 769 1109 842 φιλίᾳααρίσασθαι,
1140 772 1297 842 φύσει
1338 771 1672 844 τυραννούσῃ
1696 771 1822 834 τοὺς

1918 776 1996 831 ris
2017 776 2276 833 audacter
2321 778 2629 848 imposuisti
2664 795 2891 834 :verum
2925 782 3179 837 amicitiae
3230 783 3477 839 tribuen-

255 866 392 936 αὐτῇ
427 863 627 935 κυρίως
650 863 963 935 χρωμένους
993 866 1087 917 καὶ
1109 864 1204 926 τὰς
1230 863 1444 934 ψήφους
1473 861 1719 917 ἐντεῦθεν
1746 861 1823 914 δε-

1919 865 2046 921 dum
2089 867 2190 923 hoc
2236 868 2488 939 putasti:
2523 883 2644 939 quae
2689 870 3028 941 tyrannidem
3074 872 3364 942 quamdam
3418 872 3474 928 in

255 955 443 1020 κάξειν
479 953 1028 1027 παρασκευαζούσῃ·)
1072 954 1167 1008 καὶ
1199 957 1381 1026 ἡμεῖς,
1415 955 1490 1018 ὡς
1531 953 1818 1020 ἐπέταξας,

1919 974 2013 1014 eos
2034 974 2289 1016 exercere
2313 961 2471 1026 solet,
2513 960 2605 1030 qui
2640 976 2701 1017 se
2728 969 2874 1017 totos
2904 962 2981 1016 illi
3006 964 3349 1032 permittunt,
3381 977 3476 1017 eo-

254 1048 509 1119 κινοῦμεν
536 1047 636 1118 ἡδη
662 1047 760 1119 τὴν
789 1050 945 1118 χεῖρα
980 1048 1113 1116 πρὸς
1150 1044 1397 1118 τοῦργον,
1428 1046 1525 1119 τὴν
1566 1047 1664 1119 σὴν
1694 1046 1821 1117 περὶ

1917 1067 2149 1121 rumque
2176 1050 2430 1121 sulfragia
2476 1066 2540 1106 ac
2570 1053 2773 1122 judicia
2803 1054 3162 1124 corrumpit);
3200 1053 3322 1108 ideo
3349 1068 3470 1120 nos,

252 1143 404 1213 ἡμᾶς
442 1139 621 1211 ψῆφον
650 1138 1079 1208 δυσωπηθέντες,
1127 1139 1220 1192 καὶ⁹
1265 1137 1404 1192 κατά
1434 1139 1494 1192 τὸ
1531 1136 1820 1190 ἀκόλουθον

1917 1158 2017 1212 pro
2046 1158 2112 1198 co
2134 1157 2197 1199 ac
2224 1144 2466 1212 jussisti.
2513 1159 2731 1199 manum
2764 1158 2891 1199 ecce
2918 1143 3267 1199 admovemus
3298 1145 3471 1215 operi,

257 1231 379 1304 μηδ’
413 1232 573 1301 ἡμεῖς
598 1228 836 1282 ὁντινοῦν
859 1228 956 1298 τῆς
980 1228 1184 1282 ἑαυτῶν
1215 1229 1340 1300 περὶ
1362 1227 1422 1281 τὸ
1463 1227 1818 1299 προκείμενον

1918 1240 2070 1289 tuum
2098 1232 2165 1288 de
2185 1234 2345 1290 nobis
2369 1234 2636 1303 judicium
2678 1233 2918 1301 reveriti,
2950 1240 3027 1299 et,
3071 1232 3215 1303 quod
3244 1250 3473 1290 consen-

251 1322 549 1394 ἀδυναμίας
586 1321 940 1391 ποιησάμενοι
983 1319 1157 1388 λόγον.
1190 1321 1376 1384 Ὅπως
1407 1319 1450 1372 δ’
1482 1319 1547 1373 ἂν
1574 1320 1816 1390 ἀπαντὴο

1918 1334 2134 1383 tancum
2164 1334 2271 1391 est,
2291 1328 2497 1387 nullam
2522 1327 2909 1383 imbecillitatis
2937 1337 3137 1383 nostra:
3157 1327 3221 1382 ad
3247 1327 3300 1380 id
3328 1328 3474 1398 quod

254 1432 368 1470 σειε
394 1415 455 1469 τὸ
483 1415 653 1487 πέρας
698 1416 848 1486 ἡμῖν,
884 1413 1121 1481 εὐλόγως
1163 1412 1376 1467 κεῖσθαί
1411 1429 1492 1466 σοι
1527 1413 1658 1483 παρ’
1696 1411 1823 1482 ἐμοὶ

1917 1417 2255 1488 propositum
2289 1426 2372 1473 est
2392 1417 2730 1472 elﬁciendum
2758 1418 3024 1471 rationem
3058 1417 3343 1473 ducentes.
3377 1415 3475 1473 Ut-

249 1507 353 1579 τὴν
385 1507 541 1579 χάριν
580 1506 923 1577 ὁμολογήσω’
952 1504 1046 1557 τοῦ
1091 1505 1188 1575 μὲν
1226 1502 1586 1574 κατορθῶσαι,
1621 1503 1702 1556 ὅτι
1752 1502 1815 1555 σὺ

1915 1523 2130 1577 cunque
2150 1524 2279 1564 vero
2309 1524 2625 1565 successum
2663 1508 2821 1564 nobis
2850 1508 3035 1571 fuerit,
3060 1508 3356 1564 debitorem
3385 1524 3474 1568 me

252 1599 470 1663 πάντως
513 1599 611 1672 ἔσῃ
656 1598 778 1661 δοὺς
823 1599 920 1662 τὰς
969 1598 1247 1670 ἀφορμάςυ
1286 1595 1380 1650 τοῦ
1424 1595 1468 1649 δ’
1502 1595 1813 1664 ἀποτυχεῖν,

1916 1600 2009 1655 tibi
2044 1601 2230 1671 gratiae
2253 1599 2482 1666 fatebor,
2517 1600 2684 1672 quod,
2710 1601 2823 1656 sive
2870 1616 2983 1657 rem
3030 1615 3098 1655 ex
3135 1601 3303 1656 animi
3341 1616 3472 1657 sen-

250 1690 336 1744 ὃτι
372 1690 445 1762 μὴ
484 1690 668 1756 ἀξίους
714 1689 873 1753 ὄντας
919 1689 1101 1754 ἀξίους
1142 1687 1237 1742 τοῦ
1285 1686 1603 1759 πράγματος
1630 1685 1847 1767 κέκριη

1875 1757 1884 1780 ,
1917 1693 2086 1748 tentia
2113 1692 2412 1762 perfecero,
2450 1703 2505 1747 tu
2530 1694 2660 1747 mihi
2698 1693 2821 1763 ejus
2850 1694 2988 1749 bene
3032 1693 3281 1765 gerenda:
3307 1709 3472 1750 occa-

1875 1781 2117 1808 ’,ΛΑ-...Μ
2147 1784 2371 1808 .l-.l!-a:_
2415 1784 2524 1808 Α..-
2550 1787 2759 1808 -,--..--ε
2815 1801 2920 1808 -Α-
2981 1795 3205 1808 ..-ι---..-
3298 1796 3352 1808 ι--
3387 1802 3467 1808 ..--

252 1799 376 1855 κας.
1680 1783 1683 1785 ’
1847 1783 1885 1808 ν
1914 1783 2119 1838 sionem
2143 1784 2372 1852 dedisti;
2413 1784 2527 1841 sive
2547 1787 2762 1856 assequi
2815 1801 2925 1841 non
2979 1795 3232 1857 potuero,
3297 1796 3355 1842 tu
3383 1802 3471 1843 mo

1913 1877 2208 1948 quamlibet
2239 1878 2523 1949 imparem,
2557 1878 2816 1933 idoneum
2852 1878 2903 1933 ei
2945 1878 3024 1933 rei
3048 1877 3325 1947 judicaSIi.

597 1978 732 2048 Περὶ
769 1976 889 2033 τῶν
918 1975 1185 2045 ἡλιακῶν
1211 1977 1471 2030 κύκλων.

1379 1991 1471 2028 ων.
2398 1989 2474 2044 De
2503 1990 2665 2060 cyclis
2695 1988 2976 2044 coloribus.

319 2094 396 2148 A'.
435 2093 588 2146 Ἐστι
619 2091 683 2164 δὴ
728 2089 940 2167 πρῶτον
976 2091 1109 2160 ἡμῖν
1145 2086 1252 2141 τῶν
1305 2084 1679 2158 προκειμένων
1732 2082 1813 2146 εἰς

1981 2097 2023 2152 Ι.
2055 2096 2239 2151 Prima
2288 2098 2448 2154 nobis
2508 2098 2785 2166 omnium,
2838 2098 3115 2171 cyclorum
3154 2108 3212 2153 ut
3245 2105 3465 2166 vocant,

250 2185 440 2255 σκέψιν
476 2184 536 2237 τὸ
577 2183 702 2254 περὶ
751 2180 861 2233 τῶν
909 2179 1254 2250 καλουμένων
1299 2177 1534 2249 ἡλιακῶν
1576 2173 1808 2238 κύκλων,

1912 2185 2171 2241 solarium
2219 2189 2497 2259 preposita
2553 2189 2919 2243 consideratio
2967 2196 3071 2253 est,
3126 2204 3225 2243 cur
3246 2196 3300 2244 et
3329 2191 3465 2261 cycli

247 2279 396 2341 ὅπως
428 2294 485 2329 τε
508 2274 693 2329 κύκλοι
713 2272 1024 2336 καλοῦνται,
1059 2271 1150 2324 καὶ
1181 2270 1268 2323 διὰ
1298 2269 1373 2333 τί,
1411 2268 1568 2338 μέχρι
1590 2265 1698 2320 τῶν
1725 2271 1811 2335 κη’

1913 2285 2193 2343 vocentur,
2225 2287 2279 2334 et
2335 2280 2401 2335 ad
2458 2296 2629 2335 nvut
2672 2279 2943 2350 progressi
2995 2295 3186 2335 rursus
3235 2279 3303 2334 ad
3356 2282 3468 2351 pri-

246 2369 543 2441 προῖόντες,
595 2365 753 2419 πάλιν
798 2363 967 2434 ἀρχὴν
996 2360 1357 2429 λαμϐάνουσιν
1387 2358 1493 2413 ἀπὸ
1525 2356 1617 2410 τοῦ
1659 2353 1809 2427 πρώ-

1910 2383 2056 2422 mum
2102 2369 2355 2438 redeant;
2402 2371 2532 2425 item
2591 2387 2712 2441 quae
2756 2371 2829 2427 sit
2874 2371 3163 2426 methodus
3212 2387 3319 2442 qua
3370 2387 3466 2444 cy-

244 2475 340 2512 του
362 2476 376 2490 -
403 2458 482 2510 ἑτι
505 2456 560 2509 δὲ
581 2455 671 2508 καὶ
694 2454 800 2508 τίνι
823 2452 1027 2525 μεθόδῳ
1048 2451 1331 2520 ζητοῦντες
1349 2448 1500 2503 τόνδε
1526 2446 1648 2501 τινὰ
1669 2444 1810 2499 κατὰ

1909 2460 2051 2513 clum
2080 2461 2378 2529 quemlibet
2404 2462 2530 2517 (lato
2550 2477 2699 2518 anno
2727 2470 2930 2535 quotus
2956 2464 3030 2518 sit
3061 2444 3251 2518 exacte
3276 2479 3464 2535 perve-

244 2548 309 2603 τὺ
333 2547 677 2617 ἐνιστάμενον
710 2545 824 2610 ἔτος
857 2544 1113 2607 ποσταῖός
1152 2543 1289 2607 ἐστι,
1333 2539 1571 2613 ἀκριϐῶς
1616 2536 1683 2591 ἂν
1719 2535 1809 2589 δυ-
1909 2550 2191 2620 διίεοιηυε,

243 2635 476 2708 ναίμεθα
500 2635 813 2707 λαμϐάνειν.

330 2747 446 2817 Ἐφ’
469 2740 513 2816 ᾧ
534 2748 625 2800 καὶ
653 2746 900 2817 λέγομεν,
928 2745 1009 2799 ὃτι
1039 2743 1227 2798 κύκλοι
1256 2742 1354 2815 μὲν
1380 2739 1688 2805 καλοῦνται,
1721 2737 1808 2792 διὰ

1970 2749 2046 2806 De
2073 2767 2181 2822 quo
2207 2751 2336 2806 illud
2361 2751 2677 2820 asserimus,
2718 2754 2902 2825 cyclos
2934 2754 3151 2825 quidem
3175 2763 3460 2827 propterea

240 2836 305 2892 τὸ
335 2836 561 2890 ἕκαστον
593 2836 794 2889 τούτων
833 2838 1158 2890 ἐνιαυσιαῖον
1194 2834 1464 2907 περιέχειν
1500 2831 1804 2901 διάστημα·

1906 2841 2197 2905 nominari,
2233 2840 2376 2911 quod
2417 2843 2789 2913 unusquisque
2819 2859 3059 2899 annuum
3087 2844 3251 2900 habet
3292 2847 3462 2901 interm

240 2926 429 2997 ἐπειδὴ
455 2924 563 2995 γὰρ
594 2926 620 2978 ὁ
641 2925 881 2988 ἐνιαυτὸς
914 2926 979 2996 τῇ
1006 2922 1098 2977 τοῦ
1137 2922 1286 2996 ἡλίου
1315 2924 1525 2994 κινήσει
1559 2934 1807 2991 παραμε-

1906 2933 2144 3001 vallum;
2171 2948 2292 2986 nam
2313 2933 2442 3004 quia
2483 2935 2615 2990 solis
2640 2951 2805 2992 cursu
2828 2937 3083 3000 metimur
3106 2952 3340 3004 annum,
3371 2954 3461 2995 so-

238 3022 480 3090 τρεῖται·
516 3019 549 3089 ἡ
591 3016 647 3070 δὲ
673 3015 766 3069 τοῦ
800 3015 949 3086 ἡλίου
992 3014 1204 3085 κίνησις
1250 3010 1520 3075 κυκλικῶς
1559 3011 1835 3099 ὲνεργουη

1863 3076 1872 3097 ,
1907 3021 1974 3075 lis
2000 3035 2129 3075 vero
2158 3031 2336 3076 motus
2360 3022 2414 3076 in
2437 3022 2622 3078 orbem
2648 3026 2919 3091 evolutus,
2939 3036 2991 3081 et
3019 3026 3087 3081 ab
3117 3043 3224 3081 uno
3257 3036 3460 3099 puncto

243 3075 404 3180 p'évq,
444 3075 670 3161 καίάπὸ
708 3105 799 3160 τοῦ
822 3075 998 3159 ἀὐτοῦ
1041 3075 1266 3176 σημείου
1306 3105 1384 3167 εἰς
1412 3102 1473 3157 τὸ
1502 3100 1633 3155 αὐτὸ
1653 3075 1840 3154 *ἀντο-⁴

1861 3076 1973 3167 Ξιιιί
2012 3111 2154 3167 idem
2192 3127 2445 3169 reversus
2485 3112 2674 3169 deﬁnit
2729 3130 2970 3184 annum;
3028 3075 3288 3189 tempori;
3325 3119 3458 3175 illud

240 3198 629 3269 καθισταμένη,
670 3198 761 3250 τὸν
803 3196 1045 3250 ἐνιαυτὸν
1087 3196 1296 3268 ὁρίζει·
1331 3193 1572 3256 εἰκότως
1611 3191 1704 3245 καὶ
1745 3189 1805 3243 τὸ

1900 3201 2240 3256 intervallum
2268 3203 2411 3273 quod
2467 3205 2725 3260 solarium
2770 3206 3097 3261 circuituum
3146 3208 3318 3278 spatia
3350 3209 3459 3263 cir-

237 3286 554 3360 ὀριζόμενον
592 3287 837 3359 χρονικδν
877 3287 1149 3359 διάστημα
1203 3284 1308 3339 ὑπὸ
1355 3283 1464 3337 τῶν
1515 3282 1606 3369 τοῦ
1654 3281 1802 3369 ἡλίου

1898 3294 2294 3358 cumseribunt,
2319 3295 2556 3351 circulus
2579 3296 2760 3351 vocari
2783 3298 2978 3351 meruit
3008 3313 3022 3350 :
3048 3314 3156 3369 quo
3178 3314 3301 3353 cum
3325 3300 3454 3355 anni

239 3376 512 3430 κυκλικῶν
560 3376 845 3446 κινήσεων,
878 3374 907 3427 ὃ
949 3374 1044 3428 καὶ
1091 3372 1334 3427 ἐνιαυτὸν
1378 3368 1670 3439 καλοῦμεν,
1703 3365 1802 3421 κύ-

1898 3394 2133 3457 quoque‘
2151 3388 2512 3459 appellatione
2525 3388 2738 3458 juncta,
2763 3404 2977 3444 annuus
3004 3365 3244 3445 circulus
3279 3390 3455 3446 nomi-

238 3468 367 3530 κλος
407 3466 608 3537 ἐκλήθη
628 3483 641 3497 ·
677 3465 1158 3536 συνεπινοουμένης
1185 3464 1277 3516 καὶ⁵
1307 3463 1405 3533 τῆς
1433 3459 1526 3513 τοῦ
1556 3459 1800 3512 ἐνιαυτοῦ
1900 3484 2081 3535 “sum

238 3558 501 3634 κλήσεως,
534 3555 761 3620 ἐντελῶς
804 3555 1000 3619 κύκλος
1045 3553 1311 3617 ἐνιαύσιος
1356 3552 1442 3622 εἴη
1473 3550 1540 3604 ἂν
1582 3549 1798 3619 ὠνομα-

238 3649 454 3721 σμένος.

310 3742 535 3813 Προῖασι
560 3740 604 3794 δ’
636 3740 686 3792 οί
717 3737 974 3794 ἐνιαύσιοι
997 3730 1142 3791 οῦτοι
1175 3736 1364 3789 κύκλοι
1391 3733 1487 3787 τοῦ
1510 3731 1659 3804 ἡλίου
1701 3730 1797 3800 ἀφ’

1961 3741 2129 3797 Porro
2157 3742 2380 3798 annales
2407 3741 2498 3798 isti
2517 3741 2705 3798 circuli
2729 3742 2860 3798 solis
2883 3742 2951 3798 ab
2979 3757 2998 3797 ι
3030 3742 3097 3798 ad
3125 3759 3295 3800 xxvnr
3321 3758 3449 3816 pro-

236 3833 355 3896 ἐνὸς
384 3831 509 3903 ἄχρι
535 3830 644 3885 τῶν
673 3836 778 3901 κη’,
810 3830 905 3883 καὶ
931 3829 1090 3883 πάλιν
1121 3828 1294 3899 ἀρχὴν
1318 3826 1680 3897 λαμϐάνουσιν
1703 3824 1796 3893 ἀφ’

1893 3833 2229 3903 gressionem
2257 3831 2494 3898 iaciunt;
2541 3832 2774 3904 indeque
2822 3834 2892 3889 ab
2940 3850 3053 3889 uno
3110 3850 3303 3891 rursus
3358 3838 3444 3890 in-

236 3925 375 3989 ένδς,
396 3923 460 3976 δι’
495 3923 671 3977 αἰτίαν
694 3921 961 3992 τοιαύτην.

1893 3926 2167 3979 choantur
2202 3939 2217 3975 ι
2255 3925 2398 3993 quod
2434 3924 2505 3980 ob
2534 3924 2672 3979 hanc
2695 3939 2916 3979 causam
2942 3924 3160 3980 accidit.

234 4039 341 4093 Διά
398 4038 455 4092 τί
493 4034 669 4105 μέχρι
734 4033 854 4089 τῶν
900 4034 1310 4158 κηέἆτροῒασιν
1356 4033 1410 4086 οἱ
1463 4030 1570 4085 τοῦ
1613 4029 1794 4097 ἡλίου

901 4123 974 4159 κυ
1057 4122 1132 4159 οι.

1897 4035 2054 4106 195
2116 4035 2291 4102 Quare
2331 4035 2402 4088 ad
2453 4051 2624 4117 XXVIll
2678 4051 2841 4160 «(sque
2898 4037 3185 4104 procedunt
3245 4035 3443 4092 salares

2503 4154 2511 4160 .
2552 4123 2696 4160 circa
2724 4123 2762 4160 ι.

901 4122 1132 4159 κυκλοι.

2503 4154 2511 4162 .
2552 4122 2761 4177 circuit.

309 4222 391 4301 Β.
418 4220 525 4274 Τοῦ
547 4219 876 4293 δημιουργοῦ
896 4219 1003 4273 τῶν
1030 4219 1165 4273 ὅλων
1198 4218 1331 4273 Θεοῦ
1351 4218 1508 4291 τήνδε
1536 4219 1634 4291 τὴν
1655 4219 1794 4289 ὁρω-
1901 4201 1906 4209 1

1901 4201 1911 4209 ’
1959 4214 2023 4270 ll.
2062 4214 2197 4270 Cum
2231 4215 2427 4273 artifex
2459 4231 2641 4272 rerum
2664 4215 2907 4271 omnium
2935 4215 3080 4272 Deus
3111 4224 3275 4271 totam
3303 4217 3442 4272 hanc

237 4314 407 4386 μένην
435 4316 611 4368 πᾶσαν
642 4313 815 4367 κτίσιν
837 4314 896 4366 έν
924 4313 1157 4384 ἡμέραις
1183 4311 1242 4377 ἓξ
1261 4314 1341 4377 είς
1367 4312 1426 4366 τὸ
1449 4309 1587 4367 εἶναι
1613 4329 1791 4383 παρα-

1892 4314 2195 4367 creatarum
2225 4322 2405 4363 rerum
2438 4308 2848 4363 universitatem
2891 4309 3110 4364 molitus
3153 4309 3221 4363 sit
3251 4307 3441 4363 diebus

232 4408 514 4476 γαγόντος,
554 4408 618 4477 τῇ
653 4406 697 4459 δ’
741 4404 939 4476 ἑϐδόμῃ
969 4406 1479 4476 καταπαυσαμένου,
1515 4406 1590 4469 ὡς
1620 4407 1653 4475 ἡ
1691 4405 1789 4475 τῆς
1819 4415 1829 4470 1

1842 4415 1864 4470 )
1892 4398 2115 4478 omnino
2139 4414 2230 4454 sex
2252 4439 2268 4466 ,
2296 4398 2525 4469 septima
2549 4398 2898 4469 requieverit,
2934 4408 2993 4453 ut
3013 4406 3096 4453 est
3126 4398 3180 4451 in
3212 4398 3439 4452 historia

232 4498 502 4561 Γενέσεως
530 4498 730 4568 ἱστορεῖ
751 4495 948 4567 βίϐλος,
970 4497 999 4549 ὁ
1024 4496 1139 4567 μετ’
1158 4496 1371 4568 ἐκείνην
1392 4498 1491 4570 τὴν
1520 4496 1789 4567 ἑϐδομάδα

1889 4490 2153 4547 Genesis:
2186 4498 2399 4560 tempus
2452 4490 2707 4560 deinceps
2750 4504 2931 4555 omne,
2966 4489 3106 4559 quod
3141 4491 3437 4545 secundum

234 4590 830 4661 συμπαρεκτεινόμενος
881 4590 1024 4652 ἄπας
1071 4589 1259 4661 χρόνος
1305 4592 1417 4653 τοῖς
1448 4587 1597 4643 οὖσιν
1642 4590 1789 4644 ἐϐδο-

1888 4582 2034 4636 illam
2065 4581 2459 4636 hebdomadam
2497 4595 2619 4636 cum
2671 4594 2849 4634 rerum
2879 4579 3222 4634 successione
3266 4579 3441 4633 conti-

232 4680 480 4753 ματικῶς
506 4683 626 4735 κατ’
642 4682 855 4752 εκείνην
879 4681 1435 4753 μετρεῖται.Κάπειδὴ
1454 4682 1593 4736 καὶ.αό
1615 4681 1783 4753 ἡλιος,

1887 4684 1998 4723 nuo
2038 4679 2387 4742 propagatur,
2432 4669 2501 4724 ad
2543 4669 2732 4740 primae
2769 4669 2916 4722 illius
2962 4668 3179 4722 modum
3225 4685 3321 4738 per
3353 4685 3440 4727 sec

226 4770 330 4841 τὴν
370 4770 502 4823 ίδίαν
526 4770 841 4840 ποιούμενος
867 4769 1100 4841 κίνησιν,
1131 4769 1238 4822 ἀπὸ
1275 4767 1369 4821 τοῦ
1412 4767 1574 4822 αὑτοῦ
1619 4772 1699 4832 εἰς
1726 4769 1787 4823 τὸ

1887 4763 2194 4832 ptenarium
2250 4777 2534 4817 numerum
2576 4760 2830 4832 exigitur.
2894 4759 2959 4814 Et
3022 4761 3276 4831 quoniam
3355 4762 3438 4818 sol

226 4863 362 4917 αὐτὸ
390 4866 610 4935 σημεῖον
632 4863 699 4916 δι’
730 4861 950 4933 ἡμερῶν
980 4862 1086 4928 τξε’
1127 4862 1219 4915 καὶ
1247 4861 1285 4913 δ’
1320 4861 1543 4929 ἔγγιστα
1571 4862 1782 4916 ἀποκα-

1885 4853 2162 4923 proprium
2203 4854 2425 4922 explens
2456 4853 2664 4918 orbem,
2709 4853 2778 4907 ab
2808 4867 2917 4906 uno
2956 4860 3157 4922 puncto
3199 4853 3264 4907 ad
3294 4853 3436 4908 idem

227 4955 496 5018 θίσταται,
537 4955 629 5007 καὶ
680 4953 943 5006 ποιεῖτον
987 4951 1254 5006 ἐνιαύσιον
1292 4952 1490 5006 κύκλον
1534 4951 1782 5006 ἐντεῦθεν

1881 4958 2082 4998 οεοωιν
2137 4943 2354 5007 diebus,
2414 4950 2469 4998 et
2525 4943 2632 4998 diei
2684 4942 3072 5012 propemodum
3136 4942 3436 5012 quadrante

224 5044 491 5108 τοσαύτας
517 5043 816 5116 περιέχειν’
838 5043 891 5096 αί
911 5043 968 5096 δὲ
1000 5040 1257 5097 τοσαῦται
1278 5040 1480 5114 ἡμέραι
1512 5040 1661 5113 παρὰ
1690 5042 1781 5095 τὸν

1883 5036 2180 5091 revolvitur
2219 5045 2378 5104 atque
2401 5049 2640 5088 annuum
2665 5035 2952 5088 circuitum
2979 5032 3201 5088 totidem
3241 5033 3433 5089 diebus

224 5137 326 5207 τῆς
347 5136 631 5207 ἑϐδομάδος
654 5134 851 5189 κύκλον
885 5132 1235 5207 μεριζόμεναι
1260 5132 1336 5204 νβ’
1364 5132 1605 5188 ποιοῦσιν
1631 5134 1781 5187 ἐϐδο-

1882 5132 2218 5181 constantem
2246 5124 2409 5178 eﬂicit
2441 5143 2454 5179 :
2493 5140 2613 5193 quae
2643 5124 2861 5195 quidem
2902 5125 3020 5179 dies
3050 5139 3145 5194 per
3185 5134 3437 5195 septena~

226 5226 403 5297 μάδας
432 5227 525 5279 καὶ
548 5224 758 5299 ἡμέραν
791 5225 918 5296 μίαν
935 5265 950 5290 ,
996 5226 1090 5278 καὶ
1115 5224 1241 5297 α’[δν
1261 5241 1274 5255 ·
1306 5225 1538 5297 φανερὸν
1558 5263 1573 5289 ,
1599 5225 1680 5279 ὅτι
1718 5224 1778 5277 οὐ

1882 5217 2022 5271 rium
2055 5217 2322 5272 circulum
2356 5216 2660 5272 distributae
2709 5224 2906 5288 praeter
2953 5218 3334 5275 hebdomadas-
3359 5234 3432 5275 ιιι

222 5320 395 5371 πᾶσαι
416 5316 525 5370 τῶν
558 5317 693 5371 ἑτῶν
721 5317 777 5370 αἱ
810 5315 975 5388 ἀρχαὶ
1001 5315 1143 5368 κατά
1181 5315 1278 5388 τὴν
1304 5317 1470 5389 αὐτὴν
1504 5318 1598 5374 καὶ
1651 5317 1779 5388 μίαν

1881 5323 2044 5363 unam
2075 5308 2215 5363 diem
2258 5306 2502 5363 efﬁciunt
2538 5323 2661 5362 cum
2701 5308 3026 5377 quadrante,
3078 5309 3425 5365 manifestum

219 5407 331 5462 τῶν
381 5408 479 5477 τῆς
525 5407 813 5478 ἑϐδομάδος
845 5405 1067 5478 ἡμερῶν
1105 5405 1395 5478 ἄρχονται·
1442 5406 1578 5461 ἀλλὰ
1613 5424 1779 5479 μετα-

1879 5407 1963 5456 est
1994 5416 2100 5454 non
2129 5399 2371 5455 omnium
2406 5415 2672 5454 annorum
2703 5400 2860 5455 initia
2896 5401 2965 5456 ab
3001 5417 3109 5456 una
3138 5402 3434 5473 eademque

217 5499 499 5553 ϐαίνουσιν
547 5498 652 5552 ἀπὸ
702 5498 800 5571 μὲν
854 5495 1077 5570 πρώτης
1120 5500 1199 5561 είς
1241 5498 1539 5570 δευτέραν,
1574 5500 1681 5555 ἀπό
1720 5498 1777 5559 δὲ

1879 5490 1967 5546 die
2006 5489 2359 5546 hebdomadis
2398 5491 2677 5562 incipere:
2721 5490 2818 5547 sed
2861 5507 2891 5546 a
2932 5492 3105 5564 prima
3136 5492 3429 5549 transitum

215 5592 477 5667 δευτέρας
502 5593 580 5656 είς
612 5591 820 5664 τρίτην,
857 5590 950 5645 καὶ
982 5588 1230 5662 καθεξῆς.

1878 5580 1944 5635 ad
1988 5581 2280 5637 secundam
2328 5580 2552 5639 facere:
2591 5583 2658 5638 ab
2709 5583 2807 5639 hac
2854 5584 2921 5639 ad
2980 5586 3218 5651 tertiam,
3272 5583 3426 5641 dein.

1879 5689 2110 5746 cepsque
2135 5682 2383 5730 cteteras.
