4044 6220
570 321 708 377 ίῖεό

1541 312 1630 368 AD
1661 306 1931 367 EUSEBII
1968 306 2358 365 CHRONICON
2406 308 2771 366 APPENDIX.

3653 312 3782 366 ιεει

638 436 851 494 Clarius
883 436 986 491 hoc
1028 434 1119 491 flet
1168 442 1436 503 exempto,
1472 430 1698 502 prolatis
1739 429 1976 493 duobus,
2029 435 2123 483 aut

2295 428 2632 501 Σαφέστερον
2652 429 2708 482 δὲ
2734 426 2889 483 τοῦτο
2912 429 2984 483 δι’
3009 429 3405 499 ύποδείγματος
3426 430 3783 500 ποιησόμεθα,

569 531 730 586 etiam
773 529 1019 599 pluribus
1071 526 1252 604 annis,
1301 524 1393 595 qui
1435 529 1558 593 post
1608 521 1795 576 mundi
1842 520 2122 575 conditum

570 619 813 689 proxime
844 617 1094 675 fuerunt.
1143 613 1435 683 Postquam
1477 610 1622 666 enim
1681 609 1892 680 primus
1946 624 2123 665 annus

570 709 732 778 erepit
762 707 893 761 feria
924 705 1116 774 prima,
1148 718 1213 759 ac
1265 710 1534 757 trecentos
1561 701 1855 771 {sexaginta
1888 700 2126 772 quinque

571 814 696 855 cum
757 798 1059 868 quadrante
1106 796 1225 850 dies
1274 795 1555 865 explicuit,
1608 794 1899 864 insequens
1947 808 2125 849 annus

572 887 843 945 secundus
868 885 1191 958 ab,secunda
1208 884 1393 953 utique
1415 883 1549 938 feria
1571 891 1764 937 nactus
1784 891 1868 937 est
1889 881 2122 949 initium,

572 981 767 1035 tertius
801 994 831 1032 τι
863 978 1045 1041 tertia,
1083 984 1138 1031 et
1183 976 1263 1030 sic
1293 974 1569 1044 deinceps.
1601 974 1811 1044 Quippe
1843 972 2126 1042 quadrans

571 1071 662 1127 ille
688 1071 818 1134 diei,
844 1070 935 1140 qui
960 1066 1026 1123 ad
1047 1080 1248 1122 ccccxv
1275 1067 1392 1121 dies
1419 1066 1684 1121 accedens
1712 1073 2008 1120 vertentem
2032 1079 2129 1117 ex-

572 1162 683 1232 plet
711 1175 931 1225 annum,
961 1173 1301 1229 nequaquam
1334 1157 1564 1229 singulis
1596 1157 1755 1213 annis
1789 1156 2122 1225 imputatur;

574 1255 670 1310 sed
710 1261 833 1324 post
861 1267 1034 1307 annos
1063 1259 1321 1321 quatuor,
1359 1251 1570 1321 integro
1593 1251 1706 1321 jam
1739 1251 1972 1305 collecto
2014 1250 2122 1305 die.

572 1344 707 1401 Nam
742 1352 934 1415 quater
960 1345 1224 1416 repetitus
1249 1343 1524 1413 quadrans
1541 1357 1705 1398 unum
1731 1341 1922 1398 efficit.
1950 1340 2127 1411 Atque

574 1437 665 1492 hic
694 1438 784 1493 ille
811 1437 928 1492 dies
950 1436 1234 1491 absolutus
1263 1435 1330 1489 ad
1358 1449 1559 1489 cchxv
1589 1434 1706 1491 dies
1731 1433 1946 1489 additur
1970 1450 1986 1488 :
2018 1448 2127 1503 quo

579 1529 639 1583 fit
667 1536 725 1583 ut
750 1544 927 1583 annus
959 1528 1062 1583 iste
1088 1527 1297 1583 dierum
1328 1527 1399 1581 sit
1429 1540 1675 1591 cccuvi,
1706 1541 1866 1596 quem
1896 1540 1997 1581 nos
2016 1524 2128 1579 Ro-

575 1635 733 1674 mana
759 1620 941 1689 lingua
972 1619 1252 1674 bissextum
1278 1619 1639 1675 nominamus.
1671 1618 1938 1685 Quocirca
1968 1619 2129 1690 quin-

576 1720 666 1765 tus
701 1725 879 1766 annus
907 1709 1119 1774 mundi,
1155 1725 1264 1765 non
1288 1719 1348 1765 ut
1380 1710 1590 1781 priores
1614 1710 1704 1763 alii
1727 1725 1757 1763 a
1780 1710 1915 1765 feria
1937 1710 2127 1781 quinta

583 1804 724 1872 cepit
771 1801 1079 1867 exordium,
1110 1802 1205 1857 sed
1232 1816 1262 1855 a
1291 1780 1465 1866 sexta,
1497 1810 1716 1871 propter
1744 1800 1910 1855 unius
1943 1815 2128 1856 acces-
2156 1780 2200 1838 Β

578 1896 787 1951 sionem
810 1893 939 1959 diei,
957 1894 1048 1964 qui
1069 1909 1135 1949 ex
1157 1892 1548 1963 quadrantibus
1566 1893 1826 1948 collectus
1846 1892 1913 1946 ad
1930 1906 2131 1949 annum

577 1992 831 2055 quartum
858 1984 1190 2054 praateritum
1217 1982 1463 2052 adjectus
1487 1989 1591 2037 est.
1621 1980 1757 2036 Tum
1787 1980 1981 2035 deinde
2011 1995 2134 2036 sex-

579 2085 690 2143 tus,
712 2078 997 2148 septimus,
1021 2084 1074 2131 et
1101 2084 1326 2130 octavus
1348 2075 1471 2142 ritc,
1500 2075 1578 2129 uti
1603 2074 1774 2130 series
1802 2074 2132 2143 postulabat,

580 2168 932 2224 hebdomade:
959 2168 1079 2223 dies
1103 2167 1374 2230 obierunt,
1409 2167 1512 2221 hoc
1541 2176 1625 2220 est
1656 2182 1755 2229 vn,
1788 2182 1803 2220 ι
1838 2172 1893 2221 et
1925 2181 1998 2230 n;
2036 2180 2135 2247 no-

579 2277 685 2318 nus
723 2269 902 2316 autem
934 2276 1042 2315 non
1068 2261 1308 2326 tertiam,
1337 2262 1432 2316 sed
1461 2268 1709 2330 quartam
1737 2260 1959 2315 habuit:
1987 2258 2135 2331 quod

581 2353 639 2406 in
670 2350 1024 2420 sequentibus
1057 2349 1246 2404 eadem
1278 2351 1489 2404 ratione
1523 2349 1774 2421 contigit.

652 2525 732 2582 Ex
762 2526 831 2582 iis
864 2534 1107 2597 apparet,
1137 2526 1184 2582 si
1217 2527 1434 2597 quidem
1464 2543 1640 2583 annus
1666 2528 1859 2583 diebus
1894 2534 2135 2583 tantum-

582 2620 743 2675 modo
785 2626 995 2674 constet
1032 2634 1253 2686 cccnxv,
1297 2622 1417 2676 sine
1464 2621 1573 2675 ulla
1601 2620 1917 2691 quadrantis
1952 2636 2137 2676 acces-

584 2713 761 2775 sione,
789 2719 996 2784 septem
1021 2727 1130 2767 non
1158 2714 1392 2784 amplius
1421 2714 1653 2769 evolutis
1680 2714 1861 2779 annis,
1898 2714 2139 2784 singulo-

583 2820 703 2859 rum
726 2805 879 2860 initia
901 2805 967 2860 ad
985 2806 1228 2862 eamdem
1254 2805 1441 2860 feriam
1460 2822 1580 2861 esse
1607 2807 1867 2861 reditura.
1885 2803 1994 2861 Sed
2014 2822 2138 2860 cum

583 2897 856 2967 quadrans
885 2898 1105 2968 insuper
1130 2897 1370 2963 accedat,
1398 2898 1555 2968 cujus
1586 2899 1757 2968 gratia
1786 2906 1982 2968 quarto
2012 2913 2143 2968 quo-

585 3005 689 3058 que
708 3005 848 3045 anno
876 2990 933 3043 fit
961 3006 1102 3045 unus
1117 2988 1234 3045 die's
1263 2990 1524 3059 reliquus,
1542 2991 1633 3059 qui
1660 2990 2138 3060 ex,quadrantibus

2228 519 2321 572 δύο
2372 520 2404 591 ἢ
2447 522 2537 574 καὶ
2595 521 2764 573 πλείω
2816 523 3296 593 προχειρισάμενοι
3346 522 3457 575 τῶν
3505 521 3648 592 μετὰ
3698 523 3789 593 τὴν

2229 614 2401 684 ἀρχὴν
2422 614 2519 684 τῆς
2542 615 2927 685 κοσμογενείας
2956 615 3111 670 ὲτῶν.
3136 614 3242 668 Τοῦ
3268 615 3377 686 γὰρ
3400 613 3619 686 πρώτου
3644 615 3792 675 ἔτους

2230 707 2338 760 ἀπὸ
2371 706 2582 779 ἡμέρας
2619 706 2842 777 πρώτης
2882 705 3210 777 ἀρξαμένου,
3257 709 3358 760 κάν
3394 707 3503 769 τξε¹
3555 708 3791 778 ἡμέραις

2231 798 2325 851 καὶ
2353 797 2480 867 0.'/6'
2504 797 2947 869 περιενεχθέντος
2966 841 2981 863 ,
3025 801 3087 852 τὸ
3115 800 3230 869 μετ’
3259 800 3389 853 αὐτὸ
3436 798 3480 869 β’
3525 799 3649 861 ἔτος
3691 800 3794 852 ἀπὸ

2231 886 2442 957 ἡμέρας
2489 886 2745 959 δευτέρας
2800 887 2999 960 ἤρξατο
3050 890 3297 953 πάντως,
3348 891 3442 944 καὶ
3495 890 3561 943 τὸ
3612 891 3795 961 τρίτον

2230 977 2490 1041 ὡσαύτως
2528 979 2635 1032 άπὸ
2667 980 2876 1051 τρίτης,
2912 980 3007 1033 καὶ
3035 981 3251 1051 ἐφεξῆς.
3283 982 3355 1034 Τὸ
3386 983 3495 1053 γὰρ
3532 982 3795 1053 τέταρτον

2235 1069 2400 1140 μέρος
2443 1070 2543 1139 τῆς
2585 1072 2794 1142 ἡμέρας
2848 1072 2908 1125 τὸ
2939 1073 3330 1143 προσκείμενον
3352 1076 3471 1135 ταῖς
3514 1072 3795 1134 τοιαύταις

2230 1160 2335 1225 τξε⁹
2362 1162 2595 1232 ἡμέραις
2619 1163 2697 1225 εἰς
2726 1163 2824 1232 τὴν
2851 1163 2943 1217 τοῦ
2982 1164 3229 1217 ἐνιαυτοῦ
3256 1164 3465 1218 τελείαν
3496 1166 3795 1235 ἁπάρτισιν

2231 1252 2291 1305 ού
2323 1252 2443 1306 καθ’
2483 1252 2711 1307 ἕκαστον
2757 1254 2876 1318 ἔτος
2907 1255 3253 1327 ἀριθμεῖται,
3286 1256 3421 1310 ἀλλὰ
3452 1257 3594 1310 κατὰ
3623 1257 3669 1308 δ’
3701 1256 3792 1328 ἐτη

2230 1344 2361 1425 ,μιᾶς
2383 1343 2597 1414 ἡμέρας
2626 1346 3012 1416 συναγομένης.
3036 1347 3302 1418 Τετράκις
3323 1347 3431 1418 γὰρ
3451 1348 3512 1401 τὸ
3550 1349 3685 1417 α’[ᾶ
3714 1350 3791 1403 ἓν.

2231 1436 2378 1506 Αὐτὴ
2405 1438 2436 1507 ἡ
2459 1436 2640 1489 τελεία
2671 1436 2851 1509 ἡμέρα
2881 1438 3225 1508 προστίθεται
3250 1442 3371 1503 ταῖς
3390 1439 3495 1506 τξε¹
3521 1440 3790 1510 ἡμέραις⁹

2233 1529 2326 1581 καὶ
2357 1528 2564 1597 γίνεται
2595 1528 2656 1581 τὸ
2687 1528 2803 1592 ἔτος
2843 1530 3020 1582 έκεῖνο
3050 1529 3174 1595 τξς¹
3218 1531 3458 1602 ἡμερῶν,
3489 1531 3520 1583 δ
3565 1533 3665 1584 καὶ
3697 1550 3794 1584 κα-

2232 1616 2400 1672 λεῖται
2431 1620 2558 1688 παρ’
2586 1620 2715 1688 ἡμῖν
2749 1617 3066 1688 Ῥωμαῖκῶς
3092 1618 3385 1688 βίσσεξτον.
3428 1620 3501 1673 Τὸ
3548 1619 3662 1672 ἀπὸ
3699 1621 3797 1689 τῆς

2233 1711 2618 1779 κοσμογενείας
2643 1711 2750 1779 ἄρα
2784 1710 3028 1781 πέμπτον
3048 1709 3166 1772 ἔτος
3188 1712 3285 1763 οὐκ
3312 1711 3514 1781 ἡρξατο
3536 1713 3631 1780 ἀφ’
3654 1713 3793 1781 ἡμέ-

2233 1820 2331 1874 ρας
2374 1802 2630 1873 πέμπτης
2674 1802 2981 1865 ἀκολούθως
3010 1804 3122 1864 τοῖς
3163 1802 3269 1872 πρὸ
3318 1802 3505 1865 αὑτοῦ,
3545 1804 3665 1856 ἀλλ’
3703 1806 3795 1874 ἀφ’

2231 1892 2394 1963 ἕκτης
2413 1891 2501 1944 διὰ
2517 1891 2613 1962 τὴν
2627 1893 2725 1962 τῆς
2745 1892 2852 1945 ἀπὸ
2866 1892 2971 1945 τῶν
2994 1894 3120 1964 α’[δ’
3142 1892 3415 1964 τετάρτων
3438 1893 3797 1964 συναχθείσης

2237 1985 2371 2055 μιᾶς.
2401 1982 2613 2053 ἡμέρας
2658 1983 2955 2054 γενομένην
3003 1983 3315 2054 προσθήκην
3346 1982 3424 2052 τῷ
3469 1983 3794 2054 παρελθόντι

2231 2077 2271 2130 δ’
2302 2076 2431 2129 ἔτει.
2462 2078 2572 2129 Καὶ
2613 2075 2810 2145 ἐφεξῆς
2840 2076 2901 2129 τὸ
2932 2076 3029 2145 μὲν
3061 2075 3238 2140 ἕκτον,
3280 2076 3375 2130 καλ⁵
3404 2076 3659 2146 ἕϐδομον,
3703 2078 3795 2129 καὶ

2233 2175 2281 2237 η’
2312 2166 2430 2228 ἔτος
2459 2166 2878 2238 ἀπαραλείπτως
2912 2165 3052 2219 κατὰ
3081 2165 3233 2230 τάξιν
3255 2166 3353 2229 τὰς
3374 2166 3474 2236 τῆς
3498 2166 3799 2238 ὲὸδομάδος

2235 2257 2521 2331 περιῆλθον
2542 2258 2774 2329 ἡμέρας,
2805 2259 3050 2310 τουτέστι
3077 2259 3175 2329 τήν
3201 2274 3261 2310 τε
3286 2257 3351 2322 ζ’,
3379 2258 3474 2311 καὶ
3502 2259 3679 2329 αὐτὴν
3700 2259 3796 2328 τὴν

2235 2348 2492 2421 πρώτην,
2556 2349 2651 2402 καὶ
2694 2349 2791 2421 τὴν
2835 2349 3124 2420 δευτέραν
3159 2349 3219 2402 τὸ
3258 2349 3314 2401 δὲ
3360 2349 3546 2402 ἔνατον
3587 2351 3650 2404 ού
3698 2350 3794 2418 τὴν

2234 2442 2444 2515 τρίτην,
2477 2442 2614 2495 ἀλλὰ
2646 2442 2743 2513 τὴν
2769 2442 2830 2505 δ’,
2864 2443 2962 2495 κάν
2990 2445 3101 2505 τοῖς
3132 2442 3329 2515 ἐφεξῆς
3362 2442 3583 2511 ὁμοίως.
3636 2464 3653 2479 α

2304 2532 2537 2604 Φανερὸν
2567 2527 2658 2584 οὖν
2688 2534 2751 2585 ὲκ
2800 2530 3025 2597 τούτων,
3053 2530 3162 2594 ὡς,
3204 2533 3253 2583 εί
3308 2532 3406 2601 μὲν
3460 2534 3705 2602 περιεῖχε
3736 2532 3794 2583 τὸ

2238 2625 2356 2688 ἔτος
2384 2623 2487 2688 τξε¹
2520 2623 2680 2695 μόνον
2719 2622 2948 2694 ἡμέρας,
2978 2621 3051 2692 μὴ
3078 2621 3469 2693 προσκειμένου
3494 2620 3591 2674 τοῦ
3624 2621 3666 2673 δ’
3700 2621 3795 2691 μέ-

2242 2736 2386 2790 ρους,
2411 2716 2481 2772 δι’
2513 2717 2651 2771 ἑπτὰ
2674 2715 2739 2771 ἂν
2776 2715 2911 2770 ἐτῶν
2941 2716 3116 2787 μόνων
3146 2717 3201 2770 αἱ
3238 2716 3439 2769 τούτων
3470 2716 3635 2786 ἀρχαὶ
3661 2718 3795 2787 πρὸς

2239 2813 2336 2883 τὴν
2373 2811 2471 2880 τῆς
2506 2808 2795 2880 ἑϐδομάδος
2830 2809 3037 2879 ἡμέραν
3080 2806 3543 2861 ἁποκαθίσταντο·
3578 2807 3704 2859 ἐπεὶ
3739 2806 3795 2864 δὲ

2240 2904 2496 2976 πρόσεστι
2532 2901 2756 2964 ταύταις
2791 2902 2884 2954 καὶ
2927 2900 2988 2953 τὸ
3030 2899 3176 2970 a'/6',
3211 2899 3304 2952 καὶ
3340 2898 3430 2951 διὰ
3467 2898 3629 2951 τοῦτο
3662 2898 3796 2954 κατὰ

2240 2996 2280 3049 δ’
2321 2997 2414 3066 ἔτη
2447 2993 2840 3065 παραλείπεται
2866 2991 3048 3065 ἡμέρα
3070 2998 3138 3056 α’,
3169 2994 3202 3063 ἡ
3234 2991 3340 3044 ἀπὸ
3364 2989 3473 3043 τῶν
3516 2991 3796 3061 τεσσάρων

584 3090 817 3151 quatuor
853 3081 1109 3147 efficitur,
1140 3080 1262 3135 ideo
1289 3096 1386 3150 per
1422 3096 1595 3137 annos
1623 3090 1824 3151 octo_et
1852 3084 2040 3153 viginti
2072 3083 2135 3137 ad

2244 3085 2579 3157 συναγομένη
2611 3084 2765 3154 α’[δη
2797 3083 2883 3138 διὰ
2915 3090 2999 3153 κη’
3036 3082 3173 3135 ἑτῶν
3208 3082 3496 3150 συνάγεται
3518 3082 3795 3137 ἀποκατά-

585 3174 801 3228 easdem
830 3172 1176 3229 hebdomade
1206 3174 1367 3230 ferias
1391 3190 1660 3231 annorum
1702 3176 2000 3247 primordia
2049 3192 2138 3231 re-

589 3272 869 3319 vocantur.
900 3263 1034 3321 Nam
1060 3266 1106 3322 si
1141 3282 1216 3323 vn
1244 3267 1466 3324 duxeris
1498 3268 1552 3321 in
1602 3284 1675 3331 iv,
1709 3269 1812 3323 hoc
1839 3276 1922 3323 est
1955 3269 2141 3323 initio-

587 3373 709 3412 rum
736 3357 862 3412 anni
892 3358 1241 3425 mutationes,
1263 3359 1752 3429 quaetutdiximus,
1783 3360 2140 3431 quadriennio

588 3466 802 3522 quoque
857 3451 1124 3516 incidunt,
1186 3452 1423 3508 confient
1471 3460 1599 3508 octo
1644 3462 1699 3509 et
1746 3455 1959 3525 viginti.
2008 3454 2139 3521 Qua:

588 3556 755 3599 causa
794 3551 879 3597 est
929 3558 1027 3598 cur
1066 3559 1241 3614 neque
1278 3544 1545 3613 pluribus,
1590 3560 1766 3616 neque
1789 3548 2139 3617 paucioribus

594 3634 773 3701 annis,
793 3650 953 3706 quam
983 3652 1176 3702 xxvm,
1201 3639 1366 3692 annui
1394 3637 1586 3692 circuli
1616 3638 1748 3695 solis
1771 3641 2133 3711 explicantur.

660 3815 919 3887 Superest
949 3826 1007 3871 ut
1039 3829 1186 3874 certa
1218 3819 1357 3874 ratio
1387 3818 1652 3883 tradatur,
1688 3834 1785 3890 per
1808 3834 1969 3890 quam
1999 3835 2143 3874 anno

587 3910 780 3979 quovis
811 3910 994 3964 oblato
1023 3911 1295 3966 ineuntem
1321 3912 1531 3982 cyclum
1566 3913 1698 3968 solis
1727 3926 1921 3981 capere
1965 3912 2142 3981 possi-

590 4016 731 4056 mus.
767 4000 838 4055 Ea
884 4017 1010 4057 vero
1035 4013 1117 4081 est
1149 4002 1440 4071 ejusmodi.

723 4178 994 4237 Methodus
1023 4169 1318 4237 inveniendi.
1341 4191 1523 4251 quotus
1538 4157 1616 4237 sit
1646 4183 1823 4253 cyclus
1853 4184 2005 4238 solis.

664 4334 746 4391 iil.
782 4335 971 4392 Annos
1014 4337 1082 4391 ab
1121 4337 1276 4392 initio
1320 4340 1502 4393 mundi
1553 4341 1619 4394 ad
1650 4340 1926 4395 ineuntem
1963 4354 2141 4409 usque

2244 3196 2429 3242 στασις
2452 3177 2557 3231 τῶν
2593 3176 2735 3230 κατὰ
2769 3175 2836 3227 τὰ
2876 3174 2968 3244 ἐτη
3007 3172 3188 3244 ἀρχῶν
3227 3174 3361 3244 πρὸς
3393 3174 3494 3236 τὰς
3524 3173 3629 3242 τῆς
3656 3172 3799 3225 ἑϐδο-

2242 3272 2404 3343 μάδος
2429 3269 2657 3340 ἡμέρας.
2695 3264 3303 3334 Πολλαπλασιαζομένου
3344 3265 3452 3335 γὰρ
3484 3264 3580 3320 τοῦ
3613 3264 3657 3327 ξ’
3684 3266 3799 3334 ἢτοι

2239 3363 2345 3417 τῶν
2378 3362 2475 3431 τῆς
2498 3359 2787 3430 ὲὸδομάδος
2810 3357 3030 3428 ἡμερῶν
3056 3357 3148 3410 ἐπὶ
3169 3356 3257 3409 τὸν
3286 3355 3349 3420 δ’,
3381 3358 3628 3409 τουτέστι
3664 3358 3800 3411 κατὰ

2239 3456 2337 3518 τὰς
2368 3452 2807 3524 τετραετηρίδας,
2836 3450 2909 3513 ὡς
2945 3448 3284 3519 διείληπται,
3333 3448 3668 3519 μεταϐάσεις
3697 3449 3799 3503 τῶν

2240 3545 2421 3617 ἀρχῶν
2469 3543 2575 3607 τῶν
2609 3542 2744 3595 ἐτῶν
2789 3541 3024 3609 γίνονται
3065 3540 3171 3611 κη’.
3211 3541 3319 3593 Καὶ
3374 3540 3515 3609 αὕτη
3574 3543 3722 3599 ἐστὶν
3769 3544 3800 3611 ἡ

2242 3637 2388 3690 αἰτία
2409 3635 2500 3689 τοῦ
2531 3636 2666 3705 μήτε
2697 3633 2956 3686 πλειόνων
2984 3633 3108 3704 μήτ’
3123 3631 3417 3685 ἐλαττόνων
3441 3633 3553 3685 τῶν
3576 3640 3662 3703 κη’
3680 3634 3799 3695 τοὺς

2242 3727 2545 3791 ἐνιαυσίους
2560 3726 2651 3781 τοῦ
2681 3726 2832 3796 ἡλίου
2860 3722 3330 3796 συγκορυφοῦσθαι
3359 3722 3613 3787 κύκλους.

2312 3821 2509 3877 Λοιπὸν
2537 3820 2579 3873 δ’
2605 3820 2669 3874 ἂν
2705 3817 2791 3889 εἴη
2822 3818 2916 3871 καὶ
2943 3817 3041 3887 τὴν
3087 3815 3308 3887 μέθοδον
3344 3816 3608 3877 ἐκθεῖναι,
3641 3816 3707 3868 δι’
3736 3812 3800 3886 ἧς

2243 3916 2308 3969 ἂν
2341 3915 2461 3969 καθ’
2495 3916 2675 3968 ὁποῖον
2742 3913 2859 3976 ἔτος
2906 3909 3194 3981 ζητοῦντες
3234 3911 3528 3981 λαμϐάνειν
3578 3909 3669 3962 τὸν
3720 3911 3802 3961 ἑν-

2244 4007 2454 4061 εοτῶτα
2483 4005 2678 4059 κύκλον
2711 4003 2802 4057 τοῦ
2833 4003 3002 4075 ἡλίου,
3035 4001 3226 4057 τοῦτον
3257 4002 3651 4076 λαμϐάνωμεν.
3694 4004 3801 4059 Καὶ

2245 4100 2389 4154 ἐστιν
2422 4099 2578 4168 αὓτη.

2244 4191 2505 4257 Μέθοδος
2545 4189 2618 4243 δι’
2654 4185 2742 4260 ςῆς
2768 4190 3178 4325 εὑρξτΟέΞἘοςό
3222 4188 3328 4243 τοῦ
3373 4191 3546 4257 ἡλίου
3573 4191 3794 4257 κύκλος

2316 4350 2389 4403 Γ’.
2418 4348 2499 4402 Τὰ
2525 4348 2630 4401 ἀπὸ
2662 4347 2760 4416 τῆς
2789 4347 3173 4418 κοσμογενείας
3205 4346 3299 4420 ἔτη
3329 4348 3490 4422 μέχρι
3514 4348 3603 4402 καὶ
3628 4347 3792 4400 αὐτού

592 4443 688 4497 per
725 4444 892 4483 xxvm
933 4429 1217 4498 partimur,
1252 4436 1305 4483 et
1333 4429 1593 4499 quidquid
1624 4439 1707 4484 est
1750 4431 1890 4482 infra
1944 4446 2135 4492 XXVI",

2248 4440 2339 4494 τοῦ
2369 4439 2712 4509 ἐνισταμένου
2739 4438 2892 4500 ἔτους
2918 4437 3301 4508 λαμϐάνοντες,
3334 4440 3429 4492 καὶ
3454 4439 3624 4493 ταῦτα
3652 4441 3794 4509 παρᾶ

592 4516 774 4589 cyclus
798 4529 881 4574 est
909 4518 1058 4582 solis,
1094 4519 1185 4589 qui
1220 4519 1500 4589 quaeritur.
1529 4519 1768 4588 Exempli
1795 4520 1989 4589 gratia,
2014 4521 2135 4574 anni

2246 4532 2315 4585 τὰ
2334 4539 2416 4602 κη’
2441 4530 2771 4602 μερίζοντες,
2790 4531 2857 4585 τὰ
2874 4530 3117 4583 κάτωθεν
3138 4529 3245 4582 τῶν
3262 4537 3346 4601 κη’
3363 4531 3594 4594 κύκλους
3610 4532 3794 4601 ἔχομεν

593 4609 661 4662 ab
682 4606 810 4661 orbe
838 4607 1055 4661 condito
1076 4608 1144 4662 ad
1170 4608 1314 4662 hunc
1342 4622 1542 4662 annum
1574 4616 1930 4663 numerantur
1975 4608 2139 4672 6881,

592 4699 660 4753 de
709 4698 908 4768 quibus
943 4698 1194 4769 demptis,
1233 4699 1410 4770 quoad
1440 4700 1585 4763 licet,
1629 4699 1721 4762 28,
1765 4701 1968 4755 residui
2018 4710 2145 4757 sunt

591 4790 681 4844 21.
712 4788 866 4846 Unde
888 4790 1073 4861 cyclus
1096 4799 1181 4847 est
1211 4792 1273 4847 2|
1307 4806 1450 4847 anno
1477 4792 1663 4847 mundi
1695 4791 1862 4849 688i.

663 5067 797 5123 Cum
831 5080 1007 5125 autem
1028 5087 1095 5127 ex
1120 5072 1267 5128 omni
1300 5073 1549 5129 methodo
1578 5076 1882 5147 expeditior
1916 5092 2143 5148 quaeque

596 5162 934 5231 praeferatur,
966 5158 1115 5218 illam
1134 5164 1308 5235 ipsam
1337 5165 1391 5219 in
1427 5164 1724 5223 faciliorem
1753 5178 2146 5224 commutantes

596 5254 667 5307 ita
692 5244 1072 5311 t'ractabimus.
1730 5272 1733 5275 λ

663 5344 794 5400 Post
824 5348 1148 5416 completum
1195 5348 1570 5404 centenarium
1601 5350 1926 5420 quemlibet,
1962 5351 2143 5405 ultimi

596 5438 803 5505 cyclum
822 5453 919 5507 pro
947 5439 1125 5494 radice
1149 5447 1445 5501 sumentes.
1489 5440 1556 5494 ad
1578 5442 1878 5497 centenarii
1908 5457 2145 5513 sequen.

598 5527 666 5581 tls
688 5541 859 5583 annos
890 5530 1170 5585 addimus:
1197 5546 1259 5586 ac
1283 5546 1494 5586 summa
1522 5547 1618 5603 per
1638 5531 1708 5585 28
1730 5534 1903 5589 divisa
1934 5533 2146 5600 eodem,

595 5632 705 5688 quo
739 5633 925 5690 supra,
960 5622 1142 5685 modo,
1176 5621 1320 5692 quod
1365 5624 1627 5692 quaeritur
1679 5626 2007 5680 obtinemus.
2039 5623 2145 5679 Ex-

594 5709 761 5784 erupli
783 5724 961 5782 causa
990 5712 1046 5767 in
1077 5728 1220 5768 anno
1248 5714 1548 5786 proposito,
1577 5717 1836 5785 quoniam
1869 5719 2146 5788 praeterito

2247 4621 2522 4694 ἡλιακούς.
2560 4615 2684 4675 Οἷον
2716 4620 2791 4684 ὡς
2825 4621 2882 4672 ἐν
2916 4618 3293 4689 ὑποδείγματι,
3322 4620 3391 4671 τὰ
3425 4620 3535 4673 ἀπὸ
3565 4619 3662 4689 τῆς
3706 4635 3794 4670 κο-

2248 4714 2564 4785 σμογενείας
2602 4712 2695 4783 ἐτη
2754 4711 2913 4783 μέχρι
2945 4709 3040 4763 τοῦ
3090 4710 3378 4774 ὲνεστῶτός
3425 4712 3532 4763 είσι
3583 4717 3792 4781 ,ςωπαη

2247 4806 2310 4856 ὲκ
2347 4802 2550 4856 τούτων
2597 4801 3008 4873 ἀφαιρουμένων
3040 4799 3148 4852 τῶν
3179 4806 3289 4870 κη’,
3329 4800 3523 4863 ὁσάκις
3552 4802 3792 4873 ἐγχωρεῖ.

2246 4894 2663 4949 καταλείπονται
2691 4900 2795 4947 κα’.
2823 4894 2933 4946 Καὶ
2955 4893 3104 4945 ἐστιν
3132 4894 3161 4944 ό
3189 4891 3329 4946 κατὰ
3360 4893 3422 4945 τὸ
3457 4893 3795 4963 ἐνιστάμενον

2246 4996 2440 5061 ,ςωπω
2463 4988 2579 5052 ἔτος
2608 4987 2803 5051 κύκλος
2829 4987 2984 5057 ἡλίου
3015 4993 3122 5040 κοτ’.

2329 5081 2478 5132 Ἐπεὶ
2504 5079 2560 5131 δὲ
2581 5079 2763 5150 πάσης
2797 5077 3021 5148 μεθόδου
3051 5077 3148 5150 τὴν
3172 5076 3594 5149 προχειροτέραν
3623 5076 3797 5147 ἑγκρί·

2247 5185 2428 5239 νομεν.
2451 5168 2545 5220 καὶ
2575 5166 2778 5237 ταύτην
2811 5169 2891 5230 είς
2920 5167 2983 5221 τὸ
3017 5167 3430 5241 προχειρότερον
3457 5165 3800 5237 μεταποιοῦν-

2247 5276 2336 5321 τες
2360 5258 2528 5320 οὕτως
2569 5256 2634 5310 ἂν
2669 5255 3083 5327 μεθοδεύσομεν.

2316 5348 2452 5402 Καθ’
2477 5349 2710 5418 ἑκάστην
2738 5348 3127 5420 συμπλήρωσιν
3155 5348 3662 5421 έκατονταετηρίδος
3686 5363 3802 5400 σκο-

2250 5437 2479 5517 ποῦντες
2537 5438 2627 5491 τὸν
2661 5438 2930 5492 ἐνεστῶτα
2984 5439 3104 5492 τότε
3132 5438 3351 5504 κύκλον,
3387 5440 3483 5492 καὶ
3521 5438 3708 5492 τοῦτον
3732 5438 3802 5499 ὡς

2249 5531 2496 5603 θεμέλιον
2536 5531 2773 5601 ἔχοντες.
2807 5531 3166 5602 προστίθεμεν
3196 5535 3307 5596 τοῖς
3330 5534 3468 5585 κατὰ
3494 5533 3593 5602 τὴν
3621 5529 3801 5585 ἐπιοῦ-

2252 5645 2347 5680 σαν
2379 5625 2862 5696 ἑκατονταετηρίδα
2899 5625 3063 5689 ἔτεσι,
3104 5626 3197 5678 καὶ⁵
3232 5628 3300 5678 τά
3327 5626 3673 5695 συναγόμενα
3715 5641 3811 5695 με-

2254 5717 2488 5792 ρίζοντες
2522 5716 2669 5791 παρὰ
2702 5716 2792 5771 ι’δν
2818 5722 2925 5789 κη’,
2960 5715 3100 5770 κατὰ
3127 5716 3217 5770 τὸν
3243 5714 3548 5772 δηλωθέντα
3588 5718 3806 5789 τρόπον.
