4044 6220
308 293 464 352 ΐὲ85

1220 308 1443 367 ΙΞΑΑΟΙ
1479 313 1785 373 MONACHI
1823 319 2199 381 COMPUTUS
2222 327 2679 392 'ECCLESI‘KST.
3411 354 3547 411 £286

318 411 517 483 ἔχομεν
540 413 601 468 τὸ
628 415 975 490 ζητούμενον.
1004 416 1127 477 Οἷον
1156 424 1231 490 ὡς
1252 428 1309 482 ἐν
1344 429 1699 504 ὑποδείγματι
1740 437 1859 492 κατέ

1981 445 2296 502 centenario
2340 457 2604 515 vertente,
2661 451 2763 508 hoc
2806 463 2892 511 est
2941 459 3119 516 sexies
3166 462 3455 522 millesimo
3490 478 3545 525 et

314 502 380 556 τὸ
429 507 786 577 προκείμενον
834 510 985 576 ἔτος,
1020 515 1179 579 ἐπεὶ,
1240 502 1734 596 συμπληρουμένης
1784 529 1859 601 τῆ.

2388 502 2395 503 ,
2445 502 2604 515 γήρα,
2662 502 2762 508 ἠγ-
2809 502 2891 511 ν..-
2941 502 3119 516 ..νη-ν-
3166 502 3455 522 uua-uolunt
3490 502 3545 525 co

1969 534 2457 607 octingentesimo,
2498 543 2685 613 cyclus
2719 555 2835 600 erat
2865 549 3001 606 solis
3044 567 3192 619 xxiv,
3244 554 3392 611 hunc
3442 575 3547 615 nu-

314 594 697 669 παρελθούσης
711 600 1236 678 ἐκατονταετηρίδος,
1262 612 1427 683 ἡγουν
1450 614 1544 668 τοῦ
1563 594 1677 681 ,gw'
1692 594 1878 684 haec,

315 685 393 738 κδ’
418 681 486 758 ἦν
517 688 546 740 6
575 687 670 742 τοῦ
701 690 852 761 ἡλίου
892 694 1109 761 κύκλος,
1144 681 1313 755 ταῦτα
1349 706 1427 759 κδ’
1466 707 1774 779 κρατοῦμεν

315 777 565 850 θεμέλιον
599 783 729 853 παρ’
761 784 890 856 ὃλην
953 788 1051 860 τὴν
1097 791 1453 868 ἐνισταμένην
1496 777 1881 874 ἑκατονταετη-

313 871 467 942 ρίδα’
496 874 589 926 καὶ
619 875 1233 951 τούτοιςηπροστιθέντες
1256 887 1324 941 τὰ
1353 889 1514 961 μέχρι
1548 892 1640 946 τοῦ
1662 892 1757 947 νῦν
1786 871 1879 948 καὶ

311 962 478 1017 αὐτοῦ
505 963 597 1037 ἐτη
632 973 745 1034 πα’,
773 967 843 1022 τὰ
871 972 1135 1044 γενόμενα
1177 984 1251 1048 ρε¹
1283 982 1575 1054 μερίζομεν
1611 986 1760 1058 παρὰ
1789 988 1878 1042 τὸν

306 1061 421 1127 κη’,
451 1057 546 1110 καὶ
575 1057 643 1111 τὰ
667 1062 1104 1136 καταλειπόμενα
1139 1070 1231 1122 καὶ
1257 1070 1399 1126 οὕτω
1427 1075 1516 1128 κα¹
1540 1080 1716 1150 φαμὲν
1738 1074 1876 1133 εἶναι

306 1146 401 1200 τὸν
426 1148 624 1203 κύκλον
653 1150 747 1205 τοῦ
777 1154 948 1224 ἡλίου.

382 1240 619 1310 Εῠλογον
654 1243 699 1297 δ’
749 1246 817 1299 ἂν
870 1248 954 1322 εἴη
986 1251 1080 1305 καὶ
1131 1252 1231 1324 τὴν
1273 1256 1363 1309 ἐπὶ
1406 1261 1519 1322 τοῖς
1570 1262 1877 1334 εἰρημένοις

304 1329 727 1389 ἀνακύπτουσαν
759 1337 1115 1409 προθεμένοις
1158 1343 1391 1416 ἀπορίαν
1431 1329 1875 1408 ἐνταυθοῖ-’λῦσαι

306 1426 450 1478 κατὰ
479 1426 540 1479 τὸ
587 1428 888 1502 ἐγχωροῦν.
915 1434 1066 1488 Ἐστι
1098 1435 1153 1488 δέ
1186 1436 1346 1509 α’ύτη.
1382 1439 1454 1492 Τὸ
1505 1440 1718 1512 πρῶτον
1758 1443 1875 1511 ἔτος

306 1514 418 1567 τῶν
450 1516 693 1585 ἡλιακῶν
726 1519 939 1576 κύκλων
985 1524 1093 1578 ἀπὸ
1119 1526 1329 1597 ἡμέρας
1358 1528 1601 1601 πρώτης,
1630 1533 1873 1588 τουτέστι

301 1606 616 1678 Κυριακῆς,
649 1608 857 1682 ἔφαμεν
879 1613 1177 1685 ἄρχεσθαι,
1212 1618 1354 1671 καθά
1384 1619 1447 1692 δὴ
1500 1622 1592 1675 καὶ
1620 1623 1728 1677 ἀπὸ
1774 1626 1874 1697 τῆς

305 1701 692 1768 κοσμογενείας
746 1704 980 1775 πρῶτον.
1025 1708 1183 1763 Ἀλλὰ
1222 1710 1351 1774 νῦν,
1380 1713 1544 1784 ἡνίκα
1587 1717 1615 1768 6
1659 1718 1874 1790 πρῶτος

1982 636 2214 688 merum,
2258 626 2405 681 velut
2453 630 2715 698 radicem,
2765 642 2880 692 toto
2921 652 3185 710 sequente
3228 651 3548 706 centenario

1978 713 2297 781 retinemus,
2334 719 2401 773 ad
2432 738 2593 791 quem
2626 726 2878 785 residuos
2918 732 2984 785 ad
3028 734 3174 790 hunc
3198 752 3373 797 annos
3414 744 3550 814 adji-

1980 802 2185 861 cientes
2224 808 2312 874 81,
2363 825 2631 869 summam
2676 816 2802 874 inde
2843 822 3146 883 confectam
3190 830 3293 887 105
3338 849 3436 905 per

1981 893 2295 964 dividimus,
2330 903 2475 971 quod
2504 906 2775 977 reliquum
2816 920 2922 975 est,
2968 931 3163 990 nempe
3200 921 3291 990 21,
3328 893 3545 999 cyclum

1982 985 2115 1041 solis
2140 1003 2263 1045 esse
2289 990 2543 1061 dicimus.

2012 1247 2153 1306 'Sed
2199 1268 2309 1309 non
2360 1257 2457 1312 abs
2507 1274 2567 1315 re
2618 1259 2778 1317 fuerit
2826 1268 3180 1336 quaestionem
3228 1279 3543 1349 quamdam,

1975 1353 2095 1408 quae
2122 1356 2187 1396 ex
2211 1343 2278 1399 iis
2298 1359 2419 1415 quae
2436 1347 2577 1404 dicta
2601 1361 2728 1406 sunt
2744 1356 2939 1421 oritur,
2968 1358 3074 1425 hic,
3097 1343 3276 1433 quoad
3302 1368 3356 1423 in
3380 1343 3541 1429 nubis

1976 1428 2141 1486 situm
2168 1442 2271 1500 est,
2298 1436 2620 1497 dissolvere.
2647 1443 2739 1499 Est
2773 1456 2952 1503 autem
2986 1428 3275 1521 ejusmodi.
3296 1458 3539 1520 Primum

1974 1536 2176 1578 annum
2227 1529 2505 1599 cyclorum
2565 1536 2825 1592 solarium
2879 1556 2907 1595 a
2960 1545 3136 1613 prima
3202 1549 3358 1618 feria,
3423 1558 3542 1613 sive

1974 1611 2278 1685 Dominica,
2307 1621 2552 1679 inchoari
2577 1624 2839 1695 diximus,
2870 1611 2998 1688 item
3039 1645 3098 1690 ut
3136 1654 3314 1699 annus
3345 1647 3536 1702 mundi

1973 1706 2181 1776 primus
2227 1711 2462 1769 indidem
2523 1721 2779 1790 occmpit.
2845 1723 3014 1796 Atqui
3070 1728 3254 1796 hodie,
3319 1738 3537 1805 quoties

299 1790 531 1861 ’ἡλιακδς
573 1794 732 1866 ἐνστῇ
769 1795 987 1861 κύκλος,
1040 1801 1147 1854 ἀπὸ
1180 1801 1391 1875 ἡμέρας
1422 1803 1469 1875 β’
1497 1806 1744 1878 ἄρχεται,
1777 1811 1859 1864 ml

1971 1798 2180 1867 primus
2220 1802 2323 1856 init
2366 1805 2500 1862 solis
2542 1807 2804 1879 circulus,
2860 1815 3019 1887 196
3058 1818 3247 1893 incipit
3277 1825 3413 1881 feria
3446 1844 3535 1885 se-

300 1884 366 1936 οὓ
398 1884 640 1956 πρώτης.
688 1888 797 1941 Kal
834 1890 887 1942 τί
914 1890 979 1946 ἂν
1023 1891 1107 1964 εἴη
1152 1892 1213 1947 τὸ
1254 1894 1424 1951 αἴτιον
1468 1899 1569 1970 τῆς
1600 1902 1740 1956 κατὰ
1774 1903 1870 1976 τὴν

301 1971 531 2043 πρώτην
577 1975 788 2047 ἡμέραν
814 1979 1020 2052 ταύτην
1060 1982 1357 2057 διαφορᾶς;
1401 1988 1511 2041 Καὶ
1538 1989 1676 2064 αὕτη
1715 1971 1865 2067 μὲνὴ

300 2063 508 2118 ἀπορία
526 2082 539 2095 ·
574 2065 756 2139 λυθείη
783 2069 829 2122 δ’
862 2071 927 2125 ἂν
947 2071 1120 2138 οὕτως
1146 2077 1287 2131 κατὰ
1310 2077 1370 2131 τὸ
1407 2078 1648 2151 εὔλογον.

371 2154 482 2225 Τῆς
518 2156 722 2227 κυρίως
772 2158 946 2231 ἀρχῆς
997 2162 1091 2215 τοῦ
1114 2163 1286 2229 ἔτους,
1330 2166 1453 2236 ἡτις
1501 2171 1619 2223 ἐστὶ
1652 2171 1774 2227 καθ’
1800 2174 1867 2247 ἡν

295 2246 514 2318 ἡμέραν
551 2250 579 2302 6
636 2249 962 2323 δημιουργὸς
1004 2254 1111 2309 τῶν
1154 2256 1290 2311 ὅλων
1326 2258 1469 2324 Θεὸς
1510 2263 1611 2333 τῆς
1663 2264 1866 2319 τούτων

295 2338 566 2406 γενέσεως
587 2339 807 2412 ἡρξατο,
832 2343 1201 2417 ἀγνοουμένης
1225 2349 1282 2401 ἐν
1312 2348 1439 2421 ποίᾳ
1467 2350 1575 2404 τῶν
1597 2352 1687 2405 τοῦ
1713 2352 1867 2419 ἔτους

295 2429 448 2483 ἐστὶν
481 2431 720 2502 ἡμερῶν,
748 2433 922 2488 ἄλλων
951 2436 1117 2501 ἄλλας
1145 2439 1316 2509 ἀρχὰς
1337 2441 1742 2515 ὑποτιθεμένων
1769 2446 1863 2500 τοῦ

295 2521 476 2587 ἔτους·
524 2524 744 2597 ἐπειδὴ,
774 2528 902 2580 ὅταν
955 2529 1146 2601 ἐπιστῇ
1199 2532 1228 2584 6
1259 2534 1390 2603 παρ’
1434 2536 1564 2605 ἡμῖν
1615 2537 1861 2608 Σεπτέμ-

290 2614 471 2685 δριος,
500 2615 559 2669 ὃν
587 2616 760 2689 ἀρχὴν
796 2618 1095 2690 ποιούμεθα
1132 2620 1226 2674 τοῦ
1254 2621 1428 2688 ἔτους,
1463 2622 1511 2688 ξ’
1554 2627 1701 2680 ἐστὶν
1730 2628 1863 2698 ἡμέ-

298 2725 396 2778 ραο
435 2709 563 2763 ὅταν
608 2710 664 2764 δὲ
709 2712 739 2763 6
796 2712 1118 2785 Ὀκτὼϐριος
1141 2755 1156 2780 ,
1199 2714 1274 2785 βό
1306 2717 1640 2790 οἰκειοτέραν
1688 2720 1861 2792 ἀρχὴν

296 2800 596 2873 ποιούμεθα
622 2803 733 2856 τῶν
766 2804 1009 2876 ἡλιακῶν
1037 2806 1250 2861 κύκλων
1277 2809 1374 2880 τὴν
1400 2809 1494 2863 τοῦ
1534 2810 1858 2884 Ὀκτωϐρίου

291 2893 490 2965 ἀρχὴν,
517 2893 551 2964 ἡ
576 2893 674 2965 τὴν
704 2894 797 2949 τοῦ
832 2896 1222 2971 Σεπτεμϐρίου.
1252 2898 1423 2955 Τοῦτο
1447 2901 1504 2955 δέ
1531 2903 1859 2979 σαφέστερον

291 2987 592 3057 ποιήσομεν
618 2988 719 3041 κάν
764 2990 831 3059 τῇ
865 2989 1071 3061 μεθόδῳ
1118 2990 1212 3045 τοῦ
1242 2993 1698 3067 ἡμεροευρεσίου’
1736 2998 1859 3069 ἡτις

290 3078 389 3130 καὶ
420 3076 532 3149 ἔχει
565 3077 758 3143 οὕτως.

626 3193 888 3261 Μέθοόος
915 3195 1020 3249 τοῦ
1041 3196 1526 3268 ἠμεροευρεσίου.

360 3286 433 3339 Δ’.
471 3285 639 3339 Ὅταν
673 3285 829 3357 τήνδε
861 3287 981 3342 τινὰ
1005 3289 1096 3342 τοῦ
1142 3292 1491 3363 ἐνισταμένου
1527 3293 1695 3365 μηνὸς
1720 3296 1857 3367 ἡμέ-

289 3392 393 3446 ραν
421 3374 671 3446 ζητῶμεν
702 3377 900 3449 εὑρεῖν,
925 3379 982 3431 ἐν
1009 3380 1114 3433 τίνι
1147 3381 1254 3433 τῶν
1276 3382 1376 3453 τῆς
1408 3383 1695 3455 ἑϐδομάδος
1722 3388 1857 3457 ἡμε-

288 3467 402 3537 ρῶν
436 3468 743 3540 συμϐαίνει,
777 3470 1124 3542 λαμϐάνομεν
1180 3474 1270 3527 τὸν
1309 3473 1540 3546 ἀριθμὸν
1576 3476 1684 3530 τῶν
1716 3496 1855 3551 παρ-

284 3559 551 3613 ελθόντων
591 3560 805 3615 κύκλων
854 3561 947 3615 τοῦ
980 3562 1152 3632 ἡλίου,
1198 3564 1334 3635 πλὴν
1379 3566 1473 3619 τοῦ
1526 3568 1850 3634 ἐνεστῶτοςο

282 3650 383 3703 καὶ
412 3649 586 3721 τούτῳ
630 3650 990 3723 προστίθεμεν
1032 3655 1130 3718 τάς
1161 3671 1220 3707 τε
1265 3655 1371 3710 ἀπὸ
1415 3657 1514 3727 τῆς
1545 3657 1718 3730 ἀρχῆς
1757 3658 1851 3712 τοῦ

286 3741 460 3813 μηνὸς
491 3742 700 3796 ἐκείνου
745 3743 958 3817 ἡμέρας
991 3745 1116 3818 ἄχρι
1152 3747 1246 3799 καὶ
1286 3747 1458 3819 αὐτῆς
1506 3749 1604 3819 τῆς
1655 3748 1851 3822 ζητου-

286 3830 483 3902 μένης,
510 3830 590 3883 ἔτι
632 3848 692 3884 τε
737 3833 836 3904 τὴν
869 3833 1112 3903 ἐπακτὴν
1161 3834 1254 3886 τοῦ
1290 3835 1452 3888 αὐτοῦ
1496 3836 1682 3906 μηνὸς,
1728 3838 1851 3908 ἡτις

282 3918 432 3974 ἐστὶν
482 3921 823 3993 Ὀκτωϐρίουη
848 3923 947 3993 μὲν
983 3923 1163 3995 ἡμέρα
1198 3922 1267 3977 α’.
1314 3923 1443 3977 Ἀπὸ
1475 3925 1582 3996 γὰρ
1609 3926 1707 3997 τῆς
1752 3945 1850 3981 κυ-

281 4012 414 4082 ρίως
445 4013 618 4084 ἀρχῆς
645 4012 739 4066 τοῦ
780 4014 952 4079 ἔτους,
992 4016 1114 4085 ἡτις
1148 4016 1295 4068 ἐστὶν
1321 4014 1503 4087 ἡμέρα
1536 4022 1607 4080 α’,
1639 4017 1672 4088 ἡ
1709 4018 1849 4072 κατὰ

276 4102 380 4175 τὴν
411 4110 459 4158 α’
496 4105 595 4177 μὲν
624 4105 718 4159 τοῦ
772 4106 1129 4177 Ὀκτωϐρίου,
1173 4108 1231 4160 ἐν
1261 4107 1448 4179 ἡμέρᾳ
1487 4106 1530 4176 β’
1563 4110 1844 4181 γινομένη,

281 4196 411 4266 μιᾶς
435 4184 646 4269 ἡμέρας
668 4201 809 4256 ποιεῖ
835 4198 1142 4270 μετάθεσιν.

707 4309 934 4363 Ὀκτὼϐ.
1113 4311 1189 4364 λα’
1234 4320 1283 4365 α’

694 4380 995 4450 Νοέμϐριος
1149 4381 1194 4434 λ’
1238 4381 1281 4434 δ’

693 4450 925 4520 Δεκέμϐ.
1115 4451 1194 4504 λα’
1227 4459 1281 4516 ς’

706 4520 964 4592 Ἰανουάρ.
1113 4520 1194 4574 λα’
1234 4521 1279 4592 β’

699 4591 997 4663 Φεβρουάρ·
1109 4598 1195 4663 κη’
1241 4599 1282 4644 ε’

699 4658 958 4732 Μάρτιοςζ
1114 4658 1195 4732 λα’
1243 4668 1284 4714 ε’

711 4731 980 4802 Ἀπρίλιος
1120 4801 1124 4802 ν
1153 4731 1196 4784 λ’
1234 4739 1283 4785 α’

696 4801 872 4865 mare);
1116 4801 1193 4854 λα’
1233 4809 1282 4869 γ’

705 4872 919 4936 Ἰούνιος
1100 4932 1105 4935 _
1149 4872 1193 4924 λ’
1224 4879 1279 4936 ς’

704 4941 918 5005 Ἰούλιος
1110 4942 1190 4996 λα’
1228 4948 1278 4996 α’

690 5011 995 5080 Αὔγουστος
1107 5015 1186 5066 λα’
1234 5013 1276 5066 δ’

690 5081 960 5154 Σεπτέμϐ.
1148 5083 1191 5135 λ’
1230 5081 1275 5147 ζ’

338 5196 451 5250 Καὶ
487 5196 629 5251 τοῦτ’
651 5197 797 5250 ἐστὶν
820 5198 955 5268 ὅπερ
983 5196 1077 5249 καὶ
1104 5197 1360 5269 ἀνωτέρω
1380 5197 1665 5270 ἐλέγομεν,
1685 5198 1836 5254 λύον-

258 5305 355 5351 τες
381 5287 480 5359 τὴν
508 5286 943 5357 ἀναφαινομένην
987 5286 1241 5359 ἀπορίαν.
1272 5288 1383 5341 Καὶ
1421 5288 1619 5361 ἐφεξῆς
1658 5290 1836 5362 Νοεμ-

261 5379 420 5451 ϐρίου
449 5381 653 5451 ἡμέραι
695 5379 754 5434 6'.
802 5378 942 5443 Ὅτι,
969 5376 1049 5432 λα’
1093 5378 1305 5450 ἡμέρας
1350 5378 1446 5432 τοῦ
1499 5381 1832 5454 Ὀκτωϐρίου

258 5472 497 5543 ἔχοντες,
529 5472 728 5543 ἡμέραι
762 5477 811 5540 γ’
852 5469 989 5542 μετὰ
1022 5470 1123 5533 τὰς
1157 5470 1199 5524 6'
1231 5472 1642 5543 περιττεύουσιν
1684 5474 1834 5529 ἐϐδο-

260 5561 438 5632 μάδας
459 5579 470 5592 ·
510 5558 667 5617 αὗται
690 5562 747 5616 δὲ
782 5562 919 5633 μετὰ
956 5562 1050 5614 καὶ
1085 5561 1186 5633 τῆς
1219 5564 1327 5636 πρὸ
1354 5564 1448 5618 τοῦ
1500 5565 1831 5638 Ὀκτωϐρίου

260 5655 394 5725 μιᾶς
427 5654 468 5708 δ’
509 5654 739 5709 ποιοῦσι.
777 5654 1113 5727 Δεκεμϐρίου
1146 5655 1202 5709 δέ
1236 5662 1324 5721 ς’·
1361 5658 1443 5711 ὅτι
1494 5658 1633 5729 μετά
1662 5659 1761 5723 τὰς
1789 5659 1831 5712 δ’

255 5746 562 5814 ἑϐδομάδας
588 5749 616 5801 6
654 5746 950 5820 Νοέμϐριος
987 5746 1031 5819 β’
1073 5746 1290 5821 ἡμέρας
1331 5748 1441 5821 ἔχει
1484 5752 1831 5824 περιττευού-

1881 3139 1930 3199 C

1970 1888 2169 1954 cauda,
2212 1907 2319 1947 non
2373 1896 2572 1965 prima.
2630 1898 2913 1957 Undenam
2953 1921 3081 1977 ergo
3155 1888 3342 1981 primae
3386 1916 3534 1973 illius

1967 1978 2077 2036 diei
2127 1982 2421 2042 discrimen
2488 1992 2734 2047 accidit?
2786 1994 2882 2050 Est
2915 1996 3031 2054 haec
3082 1978 3195 2058 fere
3246 2003 3533 2065 dubitandi

1967 2069 2150 2125 ratio:
2188 2073 2276 2127 eui
2317 2090 2418 2130 nos
2453 2089 2820 2139 consentanee
2839 2085 2920 2141 sic
2949 2093 3318 2149 occurrimus.

2042 2157 2237 2215 Verum
2266 2165 2395 2218 anni
2423 2167 2805 2238 primordium,
2840 2173 2943 2230 hoc
2989 2187 3073 2233 est
3102 2180 3220 2237 dies
3252 2184 3364 2249 illa,
3421 2202 3529 2258 qua

1966 2266 2149 2307 rerum
2202 2256 2447 2311 omnium
2508 2261 2844 2318 molitionem
2895 2281 3082 2323 earum
3136 2273 3331 2329 artifex
3386 2256 3531 2334 Deus

1966 2342 2224 2409 instituit,
2250 2346 2518 2403 incertum
2542 2359 2626 2406 est
2652 2368 2815 2423 quam
2844 2355 2899 2410 in
2928 2359 3056 2412 anni
3084 2359 3226 2418 diem
3256 2364 3528 2432 inciderit,

1964 2449 2089 2489 cum
2136 2437 2228 2490 alii
2286 2439 2392 2493 alia
2443 2453 2665 2498 sumant
2716 2461 2984 2503 annorum
3025 2453 3269 2513 exordia.
3321 2456 3531 2529 Quippe

1962 2526 2183 2584 ineunte
2234 2528 2540 2601 Septembri
2592 2544 2801 2605 nostro,
2848 2543 2941 2613 qui
2988 2559 3191 2600 annum
3239 2551 3379 2619 apud
3426 2526 3530 2610 nos

1962 2618 2194 2685 orditur,
2250 2622 2479 2692 septima
2539 2634 2624 2681 est
2676 2627 2851 2698 feria;
2885 2648 3011 2689 cum
3070 2646 3250 2694 autem
3293 2641 3530 2702 October

1960 2708 2174 2779 incipit,
2205 2714 2464 2769 secunda.
2498 2713 2625 2771 Ideo
2644 2718 2714 2773 ad
2741 2724 2870 2776 anni
2898 2725 3230 2797 principium
3260 2734 3525 2802 aptionem

1959 2800 2216 2859 duximus
2257 2802 2565 2875 Septembri
2596 2810 2873 2868 ineuntem
2908 2814 3222 2875 Octobrem.
3272 2800 3426 2888 Quod
3468 2828 3525 2883 in

1959 2889 2207 2959 subjecta
2265 2895 2523 2952 methodo
2563 2899 2956 2972 investiganda:
3006 2906 3157 2964 feria:
3217 2914 3527 2974 evidentius

1959 2982 2260 3051 apparebit,
2284 2999 2406 3055 quae
2434 2988 2502 3042 ad
2536 2989 2681 3045 hunc
2712 2995 2931 3050 modum
2965 3000 3025 3054 ‘se
3059 2999 3240 3058 habet.

2306 3187 2586 3246 Methodus
2619 3194 2995 3268 investigandae
3014 3202 3179 3271 feriat.

2026 3272 2117 3333 IV.
2161 3276 2365 3337 Mensis
2414 3282 2707 3352 cujuslibet
2738 3288 2969 3345 labentis
2993 3294 3135 3349 diem
3181 3296 3521 3368 inquirentes

1957 3381 2120 3437 quam
2164 3369 2216 3424 in
2276 3371 2636 3430 hebdomadis
2699 3377 2887 3435 feriam
2944 3382 3173 3450 incidat,
3232 3405 3519 3449 numerum

1958 3460 2226 3531 imprimis
2275 3472 2675 3523 transactorum
2709 3473 2843 3529 solis
2886 3479 3165 3546 cyclorum
3196 3482 3517 3554 accipimus,

1953 3569 2020 3609 eo
2054 3565 2301 3628 excepto,
2333 3560 2428 3630 qui
2465 3562 2756 3620 inchoatus
2787 3572 2904 3631 est;
2951 3575 3065 3621 tum
3112 3569 3180 3624 ad
3222 3572 3367 3630 hunc
3415 3563 3519 3633 nur-

1954 3661 2166 3703 merum
2195 3650 2312 3706 dies
2346 3654 2555 3719 mensis
2593 3655 2661 3709 ad
2703 3671 2829 3711 eum
2874 3672 3049 3727 usque
3088 3661 3182 3730 qui
3233 3669 3516 3738 qumritur,

1952 3753 2075 3794 cum
2107 3748 2315 3812 epactis
2344 3745 2587 3815 ejusdem
2633 3749 2839 3804 mensis
2868 3749 3191 3821 adjicimus;
3226 3771 3291 3811 ea
3320 3760 3376 3814 in
3421 3759 3520 3817 Oc-

1952 3831 2093 3886 tobri
2115 3843 2199 3889 est
2233 3836 2285 3888 1.
2336 3835 2470 3890 Nam
2499 3854 2529 3892 a
2575 3854 2703 3894 vero
2740 3840 2869 3894 anni
2901 3841 3221 3911 primordio,
3268 3851 3412 3919 quod
3459 3852 3516 3909 in

1951 3923 2141 3979 feriam
2193 3927 2423 3995 primam
2475 3938 2783 4001 competere
2831 3931 3012 3995 debet,
3077 3936 3401 4006 trajectione
3454 3942 3515 3999 in

1948 4016 2177 4073 Kalend.
2213 4018 2475 4077 Octobres
2530 4022 2670 4077 facta
2691 4063 2706 4087 ,
2754 4039 2874 4092 qua:
2905 4024 3109 4080 cadunt
3137 4029 3191 4082 in
3217 4033 3514 4092 secundam

1947 4107 2159 4178 feriam,
2182 4092 2237 4166 et
2267 4113 2393 4167 anni
2423 4114 2744 4186 principium
2772 4132 2803 4171 a
2840 4116 2999 4172 nobis
3028 4117 3418 4189 instituuntur,
3453 4125 3513 4184 ﬁt

1948 4200 2110 4256 unius
2136 4201 2242 4257 diei
2274 4205 2524 4259 mutatio.

2222 4313 2457 4372 October
2673 4336 2800 4376 xxx:
2951 4326 2972 4380 l

2223 4384 2529 4443 November
2671 4406 2777 4447 xxx
2940 4396 2973 4450 4

2226 4454 2526 4513 December
2669 4476 2699 4515 x
2710 4478 2735 4515 x
2744 4479 2796 4517 xl
2943 4467 2977 4519 6

2218 4525 2514 4583 Ianuarius
2670 4548 2798 4586 xxxi
2941 4536 2976 4588 2

2220 4594 2553 4657 Februarius
2666 4617 2835 4657 xxvm
2936 4606 2970 4659 5

2216 4665 2446 4724 Martius
2660 4687 2786 4727 xxxi
2933 4675 2968 4728 5

2220 4739 2423 4805 Aprilis
2671 4756 2778 4797 xxx
2945 4746 2969 4798 ί

2221 4804 2397 4863 Maius
2666 4827 2793 4867 xxx:
2936 4816 2971 4867 5

2216 4875 2413 4931 Junius
2668 4897 2774 4935 xxx
2934 4886 2967 4939 6

2219 4944 2400 5002 Julius
2665 4967 2791 5006 xxx:
2936 4956 2961 5007 1

2217 5019 2497 5088 Augustus
2663 5038 2786 5077 xxxi
2934 5024 2964 5077 4

2220 5086 2540 5158 September
2660 5108 2769 5147 xxx
2936 5094 2967 5148 7

2006 5196 2183 5267 Atque
2213 5196 2317 5253 hoc
2344 5199 2526 5269 ipsum
2556 5212 2662 5269 est,
2692 5205 2838 5275 quod
2868 5208 3125 5279 superius
3156 5209 3498 5281 dicebamus,

1938 5304 2061 5344 cum
2114 5295 2410 5364 emergenti
2440 5298 2747 5367 quaestioni
2796 5303 3196 5372 respondimus.
3235 5304 3501 5377 Deinceps

1937 5380 2228 5439 Novembri
2284 5384 2402 5442 dies
2460 5404 2512 5442 IV
2559 5398 2887 5461 congruunt.
2954 5393 3167 5465 Quippe
3210 5412 3339 5451 xxxr
3382 5399 3499 5455 dies

1938 5473 2101 5529 habet
2135 5474 2375 5532 October
2427 5497 2441 5534 :
2480 5479 2625 5535 unde
2664 5497 2828 5553 supra
2862 5485 3231 5544 hebdomadas
3276 5505 3329 5544 IV
3370 5491 3499 5547 reli-

1935 5567 2029 5637 qui
2058 5575 2187 5622 sunt
2206 5568 2322 5624 dies
2350 5576 2505 5627 tres:
2551 5572 2751 5643 quibus
2790 5574 2976 5630 addito
3025 5592 3042 5630 ι
3086 5578 3179 5648 qui
3205 5576 3495 5634 Octobrem

1935 5660 2248 5724 antecessit,
2283 5658 2419 5714 ﬁunt
2449 5677 2522 5716 ιν.
2548 5660 2842 5720 December
2877 5679 2931 5718 γι
2972 5666 3197 5751 praebet!
3235 5667 3501 5751 “mimi

1935 5751 2544 5828 praeterbebdomadas
2594 5769 2668 5810 ιν.
2715 5754 3018 5815 November

3175 5617 3179 5632 ι
3205 5586 3495 5634 Octobrem
3790 5594 3801 5603 ‘
3820 5612 3821 5615 π

2990 5775 3739 6103 Γ,
