4044 6220
608 280 744 339 I287

1604 278 1690 335 AD
1725 277 1995 335 EUSEBII
2030 276 2421 335 CHRONICON
2464 278 2827 335 APPENDIX.

3697 286 3823 342 I288

603 396 742 466 quit.
775 392 922 466 quod
965 408 1090 449 cum
1135 393 1414 469 prioribus
1441 400 1677 465 quatuor
1724 407 1820 449 sex
1858 393 2041 449 eﬂicit.
2075 391 2166 447 Ja-
2193 399 2235 456 Α
2267 411 2385 459 σας⁴

2267 411 2396 459 σας’
2425 388 2580 450 αὗται
2606 394 2664 448 δὲ
2696 393 2835 466 μετὰ
2864 396 2971 450 τῶν
3002 396 3287 470 προτέρων-
3313 397 3354 451 δ¹
3382 404 3435 463 ς’
3463 398 3704 455 ποιοῦσι.
3725 402 3827 455 Καὶ

604 487 834 544 nuarius
884 500 1010 540 vero
1054 500 1093 539 ll
1145 485 1374 541 obtinet.
1422 483 1631 555 Quippe
1672 498 1727 540 vr
1780 483 2163 541 antecedentes

601 594 726 634 cum
761 576 1051 648 supcrﬂuis
1078 592 1163 642 ιιι,
1190 592 1328 647 quas
1349 592 1516 647 supra
1567 592 1621 631 Iv
1655 575 2023 632 hebdomadas
2062 575 2165 630 De-

600 670 818 725 cember
851 669 1030 734 habet,
1059 684 1110 722 rx
1144 668 1461 732 coniiciunt,
1496 668 1563 722 de
1594 667 1795 738 quibus
1828 666 2165 721 hebdomade

600 763 901 821 subtracta,
948 758 1227 813 residuum
1273 766 1356 813 est
1399 758 1649 821 biduum,
1685 767 1846 828 atque
1892 758 1965 810 ita
2012 757 2166 812 dein-

595 864 747 918 ceps,
772 846 1103 904 Februarius
1126 865 1178 913 ιν,
1208 847 1434 903 Martius
1456 865 1507 913 ν,
1538 846 1792 917 quoniam
1810 844 2162 910 Februarius,

595 943 788 998 diebus
843 948 1104 996 constans
1149 948 1275 995 octo
1325 939 1589 995 duntaxat
1643 946 1696 994 et
1739 939 1953 1010 viginti,
1988 939 2165 994 nullas

596 1031 766 1087 mensi
804 1025 1047 1102 sequenti
1066 1031 1323 1101 relinquit
1340 1039 1578 1100 cpactas.
1596 1029 1796 1099 Aprilis
1821 1046 1857 1091 ι,
1881 1028 2052 1085 Maius
2080 1044 2161 1094 ιιι,

590 1119 789 1175 Junius
821 1135 893 1183 νι,
928 1118 1103 1175 Julius
1136 1136 1175 1181 ι,
1210 1120 1491 1190 Augustus
1519 1135 1593 1182 tv,
1631 1118 1949 1189 September
1972 1133 2068 1171 vn.

662 1211 759 1266 His
808 1212 974 1282 igitur
1018 1211 1249 1266 invicem
1300 1210 1519 1274 additis,
1557 1211 1815 1265 nimirum
1849 1212 2051 1266 mensis
2080 1211 2163 1265 in-

593 1303 774 1359 choati
834 1303 1027 1359 diebus
1083 1302 1151 1358 ad
1209 1305 1549 1373 propositum
1609 1319 1805 1373 usque,
1853 1310 1907 1358 et
1956 1302 2162 1357 mensis

589 1394 822 1466 epactis,
877 1409 1089 1449 necnon
1146 1394 1432 1464 praeteritis
1489 1393 1657 1464 cyclis
1716 1393 2026 1457 solarihus,
2102 1401 2163 1446 ut

596 1485 803 1540 dictum
845 1494 949 1550 est,
981 1500 1104 1540 cum
1140 1501 1327 1540 eorum
1367 1484 1785 1555 quadrantibus.
1821 1485 2025 1539 omisso
2056 1482 2161 1537 mi-

592 1592 727 1632 noro
773 1592 933 1647 quam
1007 1592 1059 1630 Iv
1109 1591 1374 1643 numero;
1420 1591 1634 1631 summa
1683 1577 1919 1647 denique
1950 1590 2047 1645 per
2086 1590 2160 1628 vn

592 1667 790 1728 divisa.
842 1668 1149 1732 residuum,
1197 1667 1342 1738 quod
1394 1668 1579 1723 minus
1619 1675 1702 1724 est
1740 1677 1969 1738 septem,
2005 1666 2162 1721 docet

2260 486 2462 557 ὁμοίως
2506 486 2830 559 Ἰανουαρίου
2855 487 2920 558 β’.
2954 489 3018 540 AI
3060 488 3169 560 γὰρ
3215 489 3478 562 πρότεραι
3519 490 3616 558 ἓξ,
3657 492 3750 545 καὶ
3777 496 3829 547 αἱ

2262 577 2671 650 περιττεύουσαι
2701 578 2801 642 τὰς
2844 579 3141 650 ἑϐδομάδας
3190 582 3330 636 κατὰ
3368 583 3458 636 τὸν
3500 584 3831 657 Δεκέμϐριον

2261 678 2331 740 γ’,
2357 670 2401 724 θ’
2432 670 2704 724 ποιοῦσιν·
2752 664 2827 725 ὧν
2857 671 3147 742 ἑϐδομάδος
3190 674 3626 746 ἀφαιρουμένης,
3655 676 3703 745 β’
3732 677 3834 729 λεξ-

2263 777 2452 815 πονται
2482 762 2703 833 ἡμέραι.
2736 762 2847 815 Καὶ
2888 763 3085 833 ἑφεξῆς
3129 764 3434 829 ἀκολούθως
3462 767 3832 840 Φεϐρουαρξου

2263 858 2325 917 ε’,
2351 852 2593 923 Μαρτίου
2629 851 2790 906 πάλιν
2836 858 2899 915 ε’,
2933 852 3019 906 διὰ
3064 854 3124 906 τὸ
3159 860 3244 925 κη’
3280 856 3505 927 ἡμερῶν
3559 857 3696 909 ὄντα
3742 860 3832 912 τὸν

2261 942 2618 1014 Φεϐρουάριον
2654 944 2923 1014 μηδεμίαν
2967 948 3138 998 ποιεῖν
3185 946 3263 1016 τῷ
3293 947 3489 1018 ἐφεξῆς
3523 949 3661 1019 μηνὶ
3700 952 3833 1002 ἐπα-

2262 1030 2415 1100 κτήν.
2446 1028 2719 1101 Ἀπριλίου
2752 1036 2821 1094 α’,
2856 1030 3033 1084 Μαΐου
3056 1036 3126 1099 γ’,
3168 1031 3382 1085 Ἰουνίου
3407 1039 3479 1099 ς’,
3516 1033 3739 1087 Ἰουλίου
3764 1040 3830 1100 α’,

2260 1117 2572 1186 Αὐγούστου
2593 1118 2656 1181 δ’,
2683 1119 2776 1173 καὶ
2800 1119 3171 1191 Σεπτεμϐρίου
3199 1119 3265 1185 ξ’.

2330 1206 2514 1261 Ταῦτα
2545 1208 2720 1262 τοίνυν
2752 1209 3087 1275 συντιθέντες
3125 1210 3391 1282 ἀλλήλοις,
3424 1210 3524 1275 τὰς
3553 1228 3614 1265 τε
3643 1210 3829 1282 δηλον-

2259 1299 2341 1352 ότι
2372 1296 2464 1352 τοῦ
2494 1300 2840 1370 ἐνισταμένου
2879 1300 3043 1369 μηνὸς
3082 1301 3292 1372 ἡμέρας
3324 1301 3483 1373 μέχρι
3532 1302 3631 1355 καὶ
3666 1303 3830 1371 αὐτῆς

2258 1389 2356 1459 τῆς
2394 1389 2840 1460 ἐπιζητουμένης,
2884 1388 2978 1442 καὶ
3024 1388 3122 1453 τὰς
3154 1389 3247 1443 τοῦ
3292 1391 3456 1443 αὐτοῦ
3496 1390 3672 1462 μηνὸς
3704 1392 3833 1444 ἑπα-

2260 1480 2414 1545 κτὰς,
2435 1482 2527 1533 καὶ
2552 1480 2688 1552 πρὸς
2711 1480 2922 1543 τούτοις
2950 1480 3076 1543 τούς
3100 1498 3158 1534 τε
3184 1481 3551 1557 παρελθόντας
3572 1484 3833 1553 malum;

2260 1571 2509 1636 κύκλους,
2532 1571 2605 1635 ὡς
2634 1573 2879 1643 εἴρηται,
2912 1572 3003 1624 καὶ
3027 1570 3093 1625 τὰ
3119 1573 3320 1627 τούτων
3353 1573 3480 1643 α’]’δν
3512 1576 3832 1646 παρεῶντες

2259 1661 2326 1714 τὰ
2362 1661 2617 1716 ἐλάττονα
2658 1664 2765 1717 τῶν
2798 1664 2862 1726 δ’,
2905 1665 2999 1717 καὶ
3031 1664 3122 1718 τὸν
3168 1666 3448 1737 γινόμενον
3498 1668 3638 1736 ὁμοῦ
3671 1669 3832 1724 πάλιν

592 1775 754 1831 quam
781 1760 835 1814 in
862 1760 1048 1814 feriam
1078 1761 1337 1830 quaesitus
1359 1760 1474 1815 dies
1498 1761 1702 1816 mensis
1727 1762 1872 1815 illius
1893 1761 2157 1814 incurrat.
2190 1740 2232 1795 Β
2259 1753 2381 1825 ἀριθ

2259 1753 2486 1825 ἀριθμὸν
2521 1755 2831 1827 μερίζοντες
2870 1757 3019 1829 παρὰ
3061 1758 3150 1811 τὸν
3179 1759 3245 1823 ζ’,
3288 1759 3355 1812 τὰ
3388 1760 3831 1832 καταλειπόμενα

591 1855 847 1911 δλάττονα
864 1856 973 1909 τῶν
992 1857 1055 1922 ζ’,
1073 1856 1266 1928 ἔχομεν
1289 1858 1346 1910 ἐν
1373 1856 1500 1929 ποίᾳ
1516 1858 1621 1911 τῶν
1644 1856 1745 1927 τῆς
1762 1855 2051 1927 ἑϐδομάδος
2075 1847 2294 1924 ἡμερῶν
2324 1848 2604 1922 συμϐαίνει
2624 1852 2656 1922 ἡ
2675 1850 3069 1923 ἐπιζητουμένη
3096 1854 3273 1924 ἡμέρα
3297 1853 3388 1907 τοῦ
3409 1856 3577 1925 μηνὸς
3593 1855 3829 1914 ἐκείνου.

661 1968 904 2040 Exempli
952 1971 1161 2039 gratia:
1210 1968 1554 2039 Propositum
1588 1970 1658 2025 sit
1700 1970 1975 2039 inquirere
2020 1981 2159 2037 prae-

592 2061 766 2116 sentis
797 2062 1003 2118 mensis
1032 2061 1285 2117 Octobris
1318 2062 1458 2116 diem
1492 2076 1640 2125 xxvt,
1674 2076 1837 2131 quam
1869 2060 1924 2115 in
1955 2058 2160 2114 hebdo-

590 2152 767 2210 madis
794 2152 986 2207 feriam
1017 2152 1198 2207 cadat.
1241 2151 1444 2222 Accipe
1472 2152 1589 2208 dies
1625 2153 1857 2222 primum
1888 2166 2035 2215 nn,
2065 2149 2158 2220 qui

563 2229 662 2297 ὀὶ)
688 2242 807 2311 ejus
857 2242 1114 2299 Kalendis
1144 2243 1314 2313 elapsi
1347 2249 1475 2297 sunt
1520 2261 1535 2297 :
1574 2242 1661 2298 his
1698 2242 1836 2298 adde
1881 2250 1991 2295 tam
2032 2256 2161 2312 ερας

587 2339 739 2387 ctam
768 2348 786 2386 ι
825 2333 1030 2390 mensis
1061 2333 1230 2399 illius,
1264 2349 1426 2404 quam
1458 2349 1551 2397 xx,
1602 2334 1673 2388 ob
1721 2333 1942 2389 totidem
1974 2334 2156 2405 cyclos

586 2426 930 2496 praeteritos:
960 2442 1061 2482 nec
1092 2444 1202 2483 non
1228 2426 1564 2498 quadrantes
1584 2442 1796 2493 coriam,
1823 2427 1915 2497 qui
1949 2435 2077 2482 sunt
2101 2444 2152 2481 ν.

587 2515 724 2572 Nam
778 2534 796 2573 ι
837 2534 1010 2588 usque
1050 2518 1120 2573 ad
1168 2534 1218 2573 ιν
1254 2519 1641 2589 relinquimus,
1696 2525 1756 2574 ut
1812 2535 1975 2590 supra
2021 2518 2154 2575 dixi.

590 2610 813 2665 Summa
843 2611 1071 2665 collecta
1107 2624 1180 2665 LII
1223 2625 1320 2680 per
1351 2626 1424 2664 vn
1452 2610 1649 2673 divisa,
1699 2625 1758 2664 ιιι
1787 2611 2027 2680 reliquos
2056 2609 2155 2663 ha-

587 2701 779 2757 bemus
808 2720 824 2756 :
857 2701 933 2757 ita
963 2708 1022 2757 ut
1050 2703 1367 2772 propositus
1395 2700 1512 2758 dies
1558 2701 1813 2758 Octobris
1847 2718 1974 2756 xxvr
2020 2700 2154 2757 feria

583 2791 749 2849 tertia
764 2791 837 2847 sit
848 2817 855 2823 -
865 2789 1104 2848 futurus.

656 2967 860 3025 Eodem
889 2969 1055 3025 modo
1094 2986 1220 3025 eum
1261 2971 1477 3028 initium
1517 2975 1723 3030 mensis
1767 2974 2032 3045 cujusque
2066 2987 2154 3031 re-

580 3061 842 3131 quiritur.
873 3061 992 3132 ejus
1016 3061 1287 3121 Kalendas
1319 3065 1606 3131 sumimus,
1633 3081 1757 3120 cum
1780 3067 1987 3136 cpactis
2004 3065 2154 3135 ejus-

585 3153 732 3218 dem,
757 3161 811 3207 et
831 3153 998 3223 cyclis
1027 3154 1181 3218 solis.
1212 3170 1511 3227 eorumque
1542 3158 1972 3227 quadrantibus:
2022 3156 2149 3228 qui-

2340 1956 2463 2016 Οἷον
2488 1962 2579 2016 ἐπὶ
2612 1962 3025 2035 ὖποδείγματος,
3053 1965 3191 2019 ἔστω
3222 1965 3402 2037 ζητεῖν
3427 1969 3577 2039 ἡμᾶς
3604 1969 3709 2041 τὴν
3737 1970 3831 2024 τοῦ

2263 2054 2526 2124 παρόντος
2559 2055 2888 2127 Ὀκτωϐρίου
2917 2063 3007 2122 κς⁹
3034 2059 3231 2130 εὑρεῖν,
3265 2059 3325 2112 ὲν
3361 2060 3493 2130 ποίᾳ
3534 2061 3640 2131 τῆς
3682 2062 3831 2116 ἑϐδο-

2261 2144 2426 2215 μάδος
2448 2145 2671 2218 ἡμερῶν
2714 2134 3017 2217 συμϐαίνει.
3060 2132 3420 2221 Λαμϐἀνομεν
3448 2151 3548 2216 τὰς
3585 2154 3701 2208 ἀπὸ
3732 2156 3831 2228 τῆς

2257 2237 2550 2307 νουμηνίας
2578 2236 2740 2291 αὐτοῦ
2766 2238 2924 2309 μέχρι
2956 2239 3055 2311 τῆς
3080 2247 3170 2305 κς’
3190 2242 3284 2294 καὶ
3311 2243 3478 2314 αὐτῆς
3497 2244 3721 2316 ἡμέρας
3737 2254 3827 2311 κςδ

2255 2326 2349 2382 καὶ
2393 2326 2619 2393 ταύταις
2673 2328 3033 2401 προστίθεμεν
3077 2332 3174 2403 τήν
3205 2349 3264 2385 τε
3309 2333 3474 2387 αὑτοῦ
3523 2335 3617 2388 τοῦ
3662 2340 3827 2408 μηνὸς

2255 2419 2494 2491 ὲπακτὴν
2527 2428 2595 2486 α’,
2631 2421 2723 2474 καὶ
2755 2420 2833 2474 ἔτι
2880 2424 3007 2486 τοὺς
3052 2423 3414 2496 παρελθόντας
3451 2432 3500 2480 κ’
3531 2427 3627 2480 τοῦ
3674 2429 3823 2498 ἡλίου

2254 2512 2503 2577 κύκλους,
2528 2514 2622 2567 καὶ
2640 2513 2709 2568 τὰ
2732 2513 2934 2569 τούτων
2952 2515 3099 2585 α’]δ,
3122 2518 3158 2571 ἆ
3177 2519 3281 2570 είσι
3303 2524 3361 2571 ε’.
3396 2520 3469 2571 Τὸ
3484 2520 3595 2594 γὰρ
3622 2528 3675 2576 α’
3702 2522 3825 2594 ἄχρι

2252 2603 2360 2657 τῶν
2381 2604 2421 2658 δ’
2438 2605 2938 2677 καταλιμπάνομεν,
2962 2607 3037 2671 ὡς
3064 2607 3319 2680 ἀνωτέρω
3349 2612 3690 2682 εἰρήκειμεν.
3718 2613 3825 2666 Καὶ

2252 2694 2320 2749 τὰ
2358 2696 2623 2767 γενόμενα
2670 2695 2807 2766 ὁμοῦ
2850 2696 2927 2765 νβ’
2966 2699 3282 2769 μερίσαντες
3327 2704 3478 2773 παρὰ
3517 2702 3613 2755 τὸν
3659 2704 3722 2769 ζ’,
3754 2704 3822 2757 τὰ

2253 2786 2676 2857 καταλειφθέντα
2724 2793 2774 2856 γ’
2843 2788 3037 2859 ἔχομεν
3100 2790 3199 2861 τὴν
3263 2797 3355 2856 κς¹
3405 2793 3500 2846 τοῦ
3558 2796 3822 2865 παρόντος

2264 2877 2589 2948 Ὀκτωϐρίου
2626 2878 2795 2950 μηνὸς
2830 2878 2889 2931 ὲν
2915 2879 3099 2951 ἡμέρα
3138 2886 3186 2948 γ’
3216 2884 3640 2955 γεννησομένην.

2321 2970 2431 3023 Kal.
2462 2970 2662 3041 ὁμοίως
2694 2970 2750 3024 δὲ
2781 2971 2880 3042 τὴν
2909 2971 3080 3043 ἀρχὴν
3120 2973 3350 3027 ἑκάστου
3385 2974 3559 3045 μηνὸς
3596 2976 3819 3048 ζητοῦν-

2249 3079 2360 3125 τες,
2402 3062 2501 3132 τήν
2541 3078 2601 3113 τε
2635 3067 2684 3115 α’
2729 3061 2821 3115 τοῦ
2857 3063 3022 3134 μηνὸς
3063 3063 3448 3135 λαμϐάνοντες,
3502 3068 3601 3121 καὶ
3652 3070 3820 3141 ταύτῃ

2251 3153 2348 3224 τὴν
2375 3152 2620 3223 ὲπακτὴν
2653 3153 2838 3217 αὐτοῦ,
2873 3154 2997 3219 τούς
3033 3173 3094 3210 τε
3142 3157 3370 3221 κύκλους
3407 3159 3502 3212 τοῦ
3549 3160 3703 3231 ἡλίου
3732 3164 3821 3216 καὶ

586 3241 689 3297 bus
742 3258 809 3297 ex
864 3242 1118 3298 omnibus
1175 3245 1571 3303 coalescentem
1634 3262 1899 3303 summam
1962 3227 2217 3303 invnc
2249 3244 2385 3298 τὰτο

2255 3244 2316 3298 τὰ
2331 3244 2532 3297 τούτων
2552 3245 2678 3313 α’ίδ’
2695 3245 3092 3317 προστιθέντες,
3115 3250 3205 3302 καὶ
3219 3249 3308 3302 τὸν
3331 3251 3392 3301 ἐκ
3408 3251 3504 3321 τῆς
3524 3227 3821 3317 συνθέσεως

582 3333 872 3403 partimur,
924 3340 986 3387 ut
1036 3333 1181 3405 quod
1237 3337 1524 3406 quaesitum
1573 3344 1654 3392 cst
1704 3337 2021 3393 habeamus.
2080 3336 2148 3391 Et

579 3424 866 3493 quoniam,
898 3432 957 3477 ut
979 3424 1283 3496 expeditior
1306 3426 1379 3480 sit
1407 3426 1708 3489 methodus,
1732 3427 1984 3481 tabellam
2016 3427 2147 3483 sub-

579 3514 777 3584 jecturi
811 3530 1023 3582 sumus,
1065 3516 1132 3571 de
1162 3516 1263 3573 hac
1292 3532 1413 3587 quae
1459 3518 1516 3572 in
1559 3533 1671 3573 rem
1715 3517 1921 3573 fuerint
1965 3518 2139 3589 expli-

580 3603 850 3659 cahhnus.

652 3691 757 3749 Sed
776 3695 906 3749 illud
926 3697 1236 3752 necessario
1256 3699 1545 3754 tenendum
1573 3706 1676 3763 est,
1700 3697 1913 3770 quoties
1936 3698 2151 3768 bissex-

579 3786 730 3842 tiIetn
775 3802 976 3842 annum
1027 3790 1232 3847 habens
1275 3793 1461 3865 cyclus
1502 3795 1763 3857 occurrit,
1814 3795 1892 3847 uti
1942 3809 2017 3859 iv,
2063 3793 2149 3849 vel

580 3894 702 3941 νιιι,
725 3885 776 3934 et
808 3881 1009 3943 czeteri.
1046 3880 1202 3952 197
1227 3899 1328 3938 nos
1353 3900 1462 3939 non
1491 3885 1558 3939 ab
1582 3884 1800 3939 ineunte
1826 3884 1967 3955 cycli
2000 3885 2148 3940 illius

582 3982 731 4022 anno
775 3968 1107 4037 quadrantes
1156 3973 1432 4042 cyclorum
1478 3973 1747 4042 accipere,
1798 3973 1891 4028 sed
1934 3988 1964 4027 τι
2013 3990 2144 4029 χιιι

577 4058 667 4113 die
692 4055 999 4122 Februarii,
1035 4059 1129 4130 qui
1161 4072 1289 4116 tunc
1319 4078 1445 4116 nix
1468 4069 1686 4118 constat
1713 4061 1903 4117 diebus
1929 4080 1943 4117 :
1969 4078 2145 4132 quan-

575 4148 873 4220 cloquidem
939 4150 1102 4221 hujus
1167 4153 1243 4207 rei
1314 4153 1487 4222 gratia
1542 4153 1801 4209 solarium
1867 4157 2142 4225 cyclorum

572 4243 908 4311 quadrantes
934 4243 1002 4297 ad
1032 4245 1411 4314 computandas
1440 4244 1591 4301 feria:
1632 4244 1950 4300 methodutn
1986 4262 2144 4301 assu-

2254 3334 2403 3406 παρὰ
2432 3336 2521 3389 τὸν
2547 3336 2591 3401 ς’
2623 3335 2954 3409 μερίζοντες,
2983 3337 3175 3410 ἕξομεν
3206 3341 3266 3395 τὸ
3288 3341 3637 3413 ζητούμενον.
3671 3345 3818 3398 Ἐπεὶ

2251 3426 2309 3480 δὲ
2342 3426 2435 3480 καὶ
2488 3428 2731 3481 κανόνιον
2775 3429 3118 3501 ἐκθησόμεθα
3160 3434 3589 3505 προχειροτέρας
3636 3438 3818 3491 ἕνεκεν

2250 3517 2520 3589 εὑρέσεως
2540 3518 2648 3572 τῶν
2674 3519 2948 3585 τοιούτων,
2965 3521 3199 3594 ἐροῦμεν
3224 3524 3315 3576 καὶ
3349 3525 3478 3596 περὶ
3504 3526 3702 3580 τούτου
3722 3530 3817 3582 ὅσα

2252 3610 2418 3672 εἰκός.

2316 3700 2428 3753 Καὶ
2457 3699 2613 3755 τοῦτο
2650 3701 2696 3754 δ’
2726 3700 3019 3770 ἀναγκαῖον
3061 3705 3209 3774 ἡμᾶς
3250 3704 3469 3771 ειδέναι,
3504 3706 3606 3771 ὠς,
3654 3710 3812 3781 ἡνίκα

2247 3791 2440 3863 ἐπιστῇ
2462 3790 2657 3857 κύκλος
2684 3793 2836 3864 ἡλίου
2868 3794 3145 3864 βίσσεξτον
3177 3795 3293 3861 ἔτος
3323 3799 3514 3863 ποιῶν,
3545 3796 3659 3854 οἷον
3684 3802 3745 3868 δ’,
3778 3802 3811 3875 ἦ

2245 3888 2319 3951 η’,
2345 3882 2437 3935 καὶ
2457 3883 2506 3935 οἱ
2536 3881 2732 3954 ἐφεξῆς
2753 3883 2894 3936 κατὰ
2924 3885 3237 3952 ἀκόλουθον,
3266 3887 3366 3940 ούκ
3394 3889 3490 3941 ἀπ’
3516 3891 3692 3962 αὐτῆς
3718 3893 3812 3963 τῆς

2246 3973 2419 4045 ἀρχῆς
2442 3972 2537 4026 τοῦ
2569 3974 2688 4027 κατ’
2718 3975 2920 4029 ἐκεῖνον
2948 3976 3037 4029 τὸν
3066 3977 3263 4031 κύκλον
3290 3978 3444 4044 ἔτους
3468 3980 3808 4053 λαμϐάνομεν

2246 4065 2305 4117 τὸ
2330 4065 2372 4117 δ’
2404 4065 2512 4117 τῶν
2540 4065 2772 4129 κύκλων,
2809 4065 2923 4119 ἀλλ’
2945 4067 3052 4119 ἀπὸ
3072 4068 3170 4139 τῆς
3198 4068 3278 4123 κθ¹
3311 4070 3403 4123 τοῦ
3422 4071 3803 4143 Φεϐρουαρίου,

2247 4153 2327 4207 κθ¹
2355 4155 2657 4225 τηνικαῦτα
2703 4156 2917 4227 ἡμέρας
2952 4156 3196 4228 ἔχοντος·
3256 4160 3444 4233 ἐπειδὴ
3481 4164 3570 4215 καὶ
3610 4165 3799 4216 τούτου

2248 4244 2408 4316 χάριν
2436 4245 2501 4298 τὰ
2522 4246 2647 4315 a'/6'
2662 4246 2769 4299 τῶν
2786 4248 3022 4317 ἡλιακῶν
3047 4249 3258 4304 κύκλων
3280 4251 3575 4324 ζητοῦντες,
3598 4256 3676 4314 εἰς
3694 4256 3799 4326 τὴν

574 4333 798 4391 mimus.
2176 4333 2220 4387 Ι)
2248 4336 2469 4406 μέθοδον
2496 4338 2589 4391 τοῦ
2620 4341 3041 4415 ήμεροευρεσίου
3070 4344 3583 4418 παραλαμϐάνομεν.

1577 4431 1934 4484 ΚΑΝΟΝΙΟΝ
1984 4429 2120 4485 ΤΟΥ
2170 4432 2768 4489 ΗΜΕΡΟΕΥΡΕΣΙΟΥ.

1622 4521 1961 4576 Laterculum
1992 4524 2061 4576 ad
2107 4524 2521 4594 investigandum
2550 4526 2759 4595 feriam.

2098 4639 2968 4698 12591056

1408 4707 1635 4762 Romani
2100 4709 2132 4762 7
2241 4709 2271 4757 7
2346 4709 2413 4764 15
2481 4711 2548 4765 14
2621 4712 2690 4766 15
2757 4713 2821 4767 2|
2901 4715 2962 4768 II

1408 4778 1619 4834 Menses
2066 4777 2131 4833 18
2204 4779 2272 4834 19
2339 4779 2411 4834 25
2480 4781 2550 4834 26
2619 4782 2687 4835 27
2759 4783 2830 4836 2‘2
2898 4785 2970 4837 23

2065 4849 2967 4909 122482041628

1406 4942 1637 4997 Martius
1872 4942 1936 4997 51
2049 4939 2117 4995 Vl
2180 4941 2270 4994 VII
2354 4941 2371 4994 I
2479 4942 2522 4997 Il
2610 4943 2673 4997 Ill
2743 4944 2807 4997 IV
2886 4944 2930 4998 V

1402 5014 1598 5082 Aprilis
1693 5020 1701 5028 ·
1867 5013 1936 5082 so
2042 5012 2102 5082 ,ιι
2182 5010 2249 5082 ιιι
2324 5012 2391 5082 ιν
2444 5012 2514 5082 ﬂv
2588 5014 2655 5067 vr
2716 5014 2807 5069 vu
2889 5016 2908 5069 I

1403 5080 1580 5136 Maius
1867 5081 1931 5135 5i
2039 5081 2104 5133 IV
2192 5081 2233 5136 V
2322 5081 2385 5135 VI
2441 5080 2529 5138 VII
2610 5084 2627 5136 l
2741 5087 2781 5139 II
2864 5085 2930 5140 Iil

1400 5152 1595 5207 Junius
1866 5153 1937 5205 50
2029 5150 2119 5205 VII
2208 5150 2227 5204 I
2334 5152 2374 5206 II
2459 5154 2524 5207 III
2596 5153 2663 5209 IV
2740 5154 2781 5209 V
2865 5155 2931 5211 Vl

1399 5222 1578 5275 Julius
1866 5221 1928 5274 51
2059 5223 2097 5274 Il
2182 5221 2249 5275 III
2319 5221 2383 5275 IV
2471 5223 2513 5276 V
2596 5224 2655 5279 VI
2718 5226 2806 5281 VII
2897 5225 2919 5278 I

1401 5294 1667 5361 Augustus
1869 5291 1931 5361 51
2054 5290 2098 5344 V
2176 5291 2246 5361 VI
2304 5291 2391 5345 VII
2474 5294 2494 5348 I
2608 5295 2648 5348 II
2719 5296 2784 5349 III
2858 5294 2927 5350 IV

1402 5359 1697 5430 September
1869 5359 1939 5413 50
2057 5362 2107 5430 Ii
2181 5359 2223 5413 II
2318 5362 2381 5416 ΙΙΙ
2458 5361 2526 5417 IV
2610 5364 2654 5419 V
2710 5365 2778 5421 VI
2849 5367 2943 5425 VII

1400 5431 1627 5488 October
1869 5431 1930 5484 5|
2044 5429 2110 5486 III
2176 5431 2244 5486 IV
2332 5431 2371 5486 V
2457 5432 2523 5487 VI
2581 5434 2671 5489 VII
2751 5437 2770 5490 I
2882 5437 2925 5492 Il

1403 5500 1692 5556 November
1865 5501 1934 5555 50
2056 5500 2124 5555 Vl
2175 5500 2266 5555 VII
2336 5502 2353 5556 I
2461 5505 2501 5558 II
2603 5505 2667 5560 III
2741 5505 2808 5560 IV
2879 5504 2924 5559 V

1400 5571 1679 5626 December
1859 5571 1921 5626 51
2053 5570 2073 5624 I
2186 5572 2229 5625 Il
2308 5571 2370 5626 III
2442 5574 2509 5628 IV
2588 5574 2633 5628 V
2715 5576 2781 5630 VI
2850 5575 2941 5631 VII

1397 5641 1692 5696 Ianuarius
1863 5642 1927 5695 51
2044 5640 2110 5697 IV
2178 5641 2223 5697 V
2308 5643 2374 5699 VI
2436 5643 2525 5699 VII
2608 5644 2629 5698 I
2726 5647 2769 5701 Il
2853 5646 2922 5702 III

1398 5708 1724 5766 Februarius
1806 5710 1973 5769 28-29
2023 5710 2112 5768 VII
2178 5714 2200 5766 ι
2309 5713 2354 5770 II
2435 5714 2503 5768 III
2580 5713 2647 5770 IV
2728 5716 2771 5772 V
2853 5716 2919 5772 VI
