4044 6220
1224 348 1444 405 usue:
1486 346 1789 405 nomen:
1822 344 2201 405 conrurus
2249 305 2691 405 accresusr.

2304 463 2378 518 De
2408 464 2660 518 laterculo
2692 465 2837 534 [erile
2861 465 3253 537 investigandas.

2077 554 2331 610 Kalendae
2377 555 2648 610 mensium
2694 571 2758 611 ex
2812 556 3009 611 tabella
3062 564 3377 614 sumuntur.
3425 557 3560 615 Nam

2005 646 2220 718 cyclum
2278 645 2411 701 solis
2453 645 2728 701 ineuntem
2783 662 2851 701 ex
2890 647 3073 719 priore
3119 647 3369 704 laterculi
3410 659 3563 720 parte

2004 739 2313 810 capientes,
2348 754 2468 809 quae
2496 739 2681 809 cyclos
2709 753 2898 797 omnes
2930 741 3074 798 illius
3120 740 3399 806 continet,
3447 750 3560 795 tum

2005 828 2060 884 in
2090 845 2307 885 summo
2353 830 2638 899 primoque
2680 845 2879 896 versu,
2919 831 3014 902 qui
3062 846 3275 887 menses
3308 829 3561 897 exhibet,

347 347 484 403 3289
1224 348 1444 405 ISAACI
1486 347 1789 405 MONACHI
1822 347 2201 405 COMPUTUS
2249 347 2691 405 ECGIESIAST.
3428 356 3565 416 £390

512 465 653 535 Περὶ
679 466 782 519 τοῦ
812 464 1093 519 κανονισυ
1123 464 1230 519 τοῦ
1261 467 1739 535 ήμεροευρεσίου.
1928 471 1979 528 Α

413 553 434 583 ⁸
467 554 535 605 Δί
567 555 663 624 μὲν
691 550 783 607 οὖν
814 554 1102 624 νουμηνίαι
1144 553 1369 609 αὐτόθεν
1415 556 1479 609 ἐκ
1522 554 1620 608 τοῦ
1659 557 1904 610 κανονίου

340 640 724 712 λαμϐάνονται.
768 642 871 696 Τὸν
903 642 1011 715 γὰρ
1036 644 1379 715 ἐνιστάμενον
1413 644 1608 699 κύκλον
1631 644 1724 699 τοῦ
1754 647 1906 717 ἡλίου

338 734 705 804 λαμϐάνοντες
743 735 808 786 ἐκ
847 733 941 788 τοῦ
974 733 1191 807 πρώτου
1223 735 1447 789 σελιδίου
1467 775 1483 801 ,
1515 736 1545 790 ὃ
1577 736 1717 790 κατά
1747 736 1906 807 βάθος

338 825 545 888 πάντας
595 826 721 890 τοὺς
765 824 996 890 κύκλους
1037 826 1198 881 αὑτοῦ
1245 828 1524 899 περιέχει,
1565 829 1657 882 καὶ
1703 830 1768 881 ἐκ
1810 828 1905 883 τοῦ

336 914 614 978 ἀνωτάτω,
649 915 742 968 καὶ
766 916 1069 988 πρωτίστου
1095 917 1274 989 στίχου
1299 917 1392 971 τοῦ
1418 917 1761 990 περιέχοντος
1779 919 1879 972 τοὺ.

2004 936 2242 976 mensem
2289 921 2446 990 cujus
2502 921 2756 977 Kalendae
2788 923 3132 992 postulantur
3185 922 3558 994 inquirentes,

339 1007 515 1097 μῆνας
535 1049 549 1073 ,
577 1007 669 1061 τὸν
697 1009 1047 1080 ἐνιστάμενον
1082 1010 1254 1081 μῆνα,
1285 1005 1347 1065 οὗ
1374 1008 1472 1081 τὴν
1495 1010 1787 1081 νουμηνίαν
1812 1008 1878 1082 ξη

2002 1027 2347 1082 quaecunque
2382 1012 2516 1068 feria
2550 1013 2728 1069 medio
2768 1014 2824 1068 in
2870 1015 3136 1069 laterculo
3169 1013 3236 1068 ad
3282 1014 3559 1069 ineuntem

333 1098 555 1169 τοῦμεν,
582 1100 682 1171 τὴν
704 1101 762 1153 ἐν
790 1100 867 1170 τῷ
901 1103 1049 1173 μέσῳ
1079 1100 1174 1155 τοῦ
1212 1101 1457 1156 κανονίου
1487 1103 1879 1174 παρακειμένηι

2003 1103 2220 1174 cyclum
2260 1104 2436 1173 posita
2472 1111 2592 1168 est,
2625 1113 2680 1159 et
2714 1105 2886 1161 mensi
2919 1105 3032 1176 jam
3069 1113 3284 1176 reperto
3318 1105 3376 1159 in
3414 1104 3561 1160 dire-

332 1190 411 1261 τῷ
436 1190 693 1244 ἐνεστῶτι
726 1192 937 1263 ἡλιακῷ
981 1192 1165 1264 κύκλῳ
1179 1190 1202 1257 ,¹
1240 1194 1332 1247 κα)⁸
1365 1194 1469 1247 ὑπὸ
1496 1194 1586 1247 τὸν
1626 1194 1879 1265 ληφθέντι

1998 1205 2144 1251 ctum
2187 1197 2450 1266 subjacet,
2481 1197 2579 1253 has
2612 1197 2878 1253 Kalendas
2907 1212 3031 1253 esse
3063 1199 3265 1253 mensis
3296 1196 3441 1251 illius
3472 1195 3557 1250 di‘

337 1281 480 1351 μῆνα
512 1279 654 1333 κατὰ
684 1280 843 1349 βάθος
862 1324 877 1345 ,
899 1280 1102 1351 ταύτην
1141 1283 1382 1352 φήσομεν
1418 1276 1558 1333 εἶναι
1603 1281 1879 1351 νουμηνίαι

2000 1305 2219 1355 cemus,
2260 1290 2326 1347 de
2356 1306 2464 1362 quo
2501 1292 2779 1361 quaeritur.
2822 1290 2932 1346 Hac
2970 1293 3221 1357 inventa,
3258 1291 3557 1362 quamlibet

332 1370 428 1425 τοῦ
456 1370 624 1443 μηνὸς
650 1363 710 1424 οὗ
736 1369 1026 1443 ζητοῦμεν.
1054 1370 1268 1442 Ταύτην
1298 1371 1353 1423 δὲ
1385 1369 1768 1441 λαμϐάνοντες,
1802 1371 1879 1425 κα¹

2002 1384 2349 1454 sequentium
2386 1384 2629 1454 ejusdem
2666 1385 2868 1441 mensis
2908 1384 3294 1439 obtinebimus.
3346 1381 3557 1452 Quippe

330 1463 398 1534 ἢν
441 1463 509 1517 ἂν
548 1462 869 1534 βουλοίμεθα
901 1464 1008 1518 τῶν
1047 1461 1243 1532 ἐφεξῆς
1282 1462 1503 1533 ἡμερῶν
1519 1462 1696 1515 -αύτοῦ
1726 1462 1879 1533 ληψό-

1990 1472 2162 1531 ferias
2190 1490 2380 1531 omnes
2415 1492 2443 1529 a
2477 1491 2491 1529 ι
2527 1477 2592 1530 ad
2642 1491 2763 1531 eam
2809 1490 2930 1547 quae
2957 1474 3215 1531 Kalendis
3263 1474 3552 1536 convenit,

335 1553 495 1624 μεθα.
521 1552 629 1617 Τὰς
663 1553 769 1624 γὰρ
801 1552 907 1607 ἀπὸ
937 1559 985 1606 α’
1009 1552 1136 1624 ἄχρι
1164 1551 1258 1605 τοῦ
1299 1552 1437 1605 κατά
1463 1549 1560 1622 τὴν
1600 1551 1879 1623 νουμηνίαι

1996 1574 2195 1635 praeter
2240 1565 2380 1621 hanc
2423 1567 2594 1636 ipsam
2617 1606 2632 1631 ,
2664 1574 2949 1637 putantes,
2985 1566 3188 1620 additis
3213 1564 3405 1619 diebus
3434 1578 3553 1618 om-

332 1645 564 1719 ἀριθμοῦ
584 1647 683 1717 τῆς
703 1645 914 1717 ἡμέρας
945 1645 1117 1718 παρὲξ
1137 1645 1306 1716 αὐτῆς
1332 1644 1603 1709 λαϐόντες,
1635 1644 1729 1698 καὶ
1757 1644 1890 1698 ταύ-

329 1754 451 1799 ταις
476 1735 797 1807 προσθέντες
828 1737 927 1799 τὰς
946 1736 1052 1790 ἀπὸ
1078 1739 1178 1808 τῆς
1209 1736 1503 1807 νουμηνίας
1526 1736 1653 1807 ἄχρι
1682 1736 1775 1790 καὶ
1795 1737 1890 1790 αὖ·

331 1830 430 1900 τῆς
462 1824 530 1899 ἦς
571 1826 837 1899 ζητοῦμεν
862 1827 1105 1899 ἡμέρας,
1134 1826 1227 1881 καὶ
1257 1827 1354 1891 τὰς
1383 1827 1733 1897 συναχθείσας
1757 1827 1889 1898 ὁμοῦ
1921 1820 1965 1875 Β

331 1921 508 1985 πάσας
536 1919 853 1991 μερίσαντες
877 1919 1024 1991 παρὰ
1047 1919 1138 1973 τὸν
1164 1917 1228 1984 ζ’,
1244 1917 1436 1990 ἕξομεν
1453 1918 1514 1972 τὸ
1543 1918 1867 1991 ζητούμενον

933 2010 1290 2081 Ὑπόδειγμα.

398 2101 516 2156 Καὶ
544 2100 684 2156 ἔστω
727 2103 792 2155 δι’
831 2101 1227 2172 ὑποδείγματπ
1273 2100 1453 2171 ζητεῖν
1505 2104 1649 2173 ἡμᾶς
1691 2104 1789 2175 τήν
1829 2120 1887 2155 τε

327 2193 622 2266 νουμηνίαν
718 2231 735 2247 .
842 2234 855 2246 .
944 2235 957 2247 .

398 2378 481 2432 Τά
514 2380 610 2449 μὲν
634 2364 707 2449 δὴ.
735 2378 864 2448 περὶ
900 2375 1010 2430 τῶν
1036 2375 1275 2446 ἡλιακῶν
1300 2375 1532 2439 κύκλων,
1556 2376 1649 2428 καὶ
1682 2374 1889 2439 τούτοις

326 2467 605 2540 ἑπομένων
643 2468 954 2537 ἀναγκαίως
984 2466 1313 2539 ὀφειλόμενα
1346 2466 1704 2540 θεωρηθῆναι,
1732 2466 1885 2520 ταῦτ’

323 2560 393 2616 ἂν
434 2560 542 2632 εἴη,
582 2560 809 2615 καθόσον
856 2558 1150 2632 ἐνεχώρει,
1180 2560 1271 2614 τὸν
1316 2560 1446 2632 περὶ
1490 2560 1694 2613 τούτων
1732 2557 1885 2629 λόγον

323 2652 742 2707 ἀποδεδωκότων
771 2650 1050 2722 ἀνελλιπῆ.
1090 2651 1348 2705 Μετιτέον
1376 2651 1433 2705 δὲ
1457 2650 1640 2704 λοιπὸν
1673 2651 1766 2704 ἐπὶ
1796 2649 1886 2704 τὸν

322 2746 456 2818 ιπερλ⁵
486 2745 741 2816 σελήνης,
761 2743 903 2798 κατά
935 2743 1025 2796 τὸν
1062 2743 1245 2811 ὅμοιον
1283 2744 1395 2805 τοῖς
1442 2741 1570 2811 περὶ
1612 2739 1706 2809 τοῦ
1736 2740 1883 2812 ἡλίου

322 2834 482 2903 λόγον
509 2833 783 2888 κάνταῦθα
809 2833 906 2904 τῆς
929 2830 1170 2900 σκέψεως
1200 2831 1481 2902 ἐσομένης.

321 2943 465 3013 Περὶ
488 2943 776 3012 εὑρέσεως
802 2940 1458 3013 σεληνιακῶνῄκύκλων,
1489 2938 1587 2994 καὶ
1615 2940 1733 2995 τῶν
1754 2942 1886 2996 τού-

869 3029 995 3076 τοις
1018 3008 1344 3079 ἑπομένων.

393 3103 471 3158 Ε·
512 3103 623 3173 Τῆς
656 3103 880 3172 σελήνης
912 3102 1052 3154 κατὰ
1097 3102 1196 3174 τὴν
1231 3102 1495 3174 τετάρτην
1537 3105 1747 3177 ἡμέραν
1785 3106 1885 3176 τῆς

320 3193 707 3265 κοσμογενείας
747 3192 896 3263 παρὰ
934 3191 1024 3244 τοῦ
1066 3193 1394 3265 δημιουργοῦ
1435 3195 1543 3249 τῶν
1581 3196 1714 3250 ὅλων
1742 3196 1876 3250 Θεοῦ

319 3290 403 3353 είς
433 3288 642 3356 γένεσιν
688 3287 1059 3359 παραχθείσης
1096 3289 1154 3341 ἐν
1199 3288 1515 3360 πανσελήνῳ
1553 3290 1648 3343 καὶ
1691 3290 1879 3361 τελείῳ

319 3375 400 3447 τῷ
448 3377 682 3448 σχὴματι
721 3374 900 3446 (τοῦτο
930 3376 1038 3449 γὰρ
1081 3378 1114 3448 ἡ
1152 3375 1251 3446 τῆς
1280 3378 1549 3442 Γενέσεως
1586 3378 1763 3449 βίϐλος
1793 3381 1879 3433 at-

318 3471 558 3525 νίττεται
580 3511 594 3535 ,
618 3469 847 3538 λέγουσα
866 3486 880 3501 ο
919 3486 937 3520 ι
966 3468 1076 3523 Καὶ
1103 3467 1353 3540 ἐποίησεν
1387 3471 1416 3524 ό
1451 3469 1581 3534 Θεὸς
1620 3471 1743 3535 τοὺς
1786 3469 1878 3524 δύο

318 3558 612 3629 φωστῆρας
639 3559 765 3621 τοὺς
801 3558 1068 3629 μεγάλους
1090 3598 1105 3623 ,
1145 3558 1236 3612 τὸν
1279 3560 1540 3632 φωστῆρα
1574 3560 1665 3614 τὸν
1705 3561 1877 3631 μέγαν

318 3651 401 3713 είς
428 3650 601 3722 ἀρχὴν
630 3649 728 3719 τῆς
754 3649 989 3721 ἡμέρας,
1016 3650 1110 3704 καὶ
1141 3649 1231 3704 τὸν
1262 3650 1521 3723 φωστῆρα
1551 3652 1640 3705 τὸν
1675 3650 1876 3705 ἐλάττω

318 3743 401 3805 είς
444 3740 616 3812 ἀρχὰς
664 3740 764 3810 τῆς
811 3741 1002 3806 νυκτός
1042 3742 1113 3812 ι)·
1150 3741 1400 3795 οὐδέποτε
1445 3741 1554 3815 γὰρ
1595 3741 1689 3795 τοῦ
1727 3741 1874 3813 ἡλίου

319 3828 952 3898 ἀνατέλλοντος,’δύναιτ’
999 3833 1066 3888 ἂν
1110 3834 1202 3888 καὶ
1241 3836 1275 3905 ἡ
1317 3834 1510 3906 σελήνη
1558 3834 1675 3888 κατ’
1708 3835 1875 3906 αὐτὴν

317 3924 417 3995 τὴν
450 3924 662 3995 ἡμέραν
690 3925 768 3987 είς
798 3924 970 3995 ἀρχὰς
1004 3925 1101 3996 τῆς
1126 3924 1352 3989 νυκτὸς,
1385 3925 1417 3997 ἡ
1448 3924 1523 3988 ὡς
1548 3925 1876 3997 ἁκρόνυκτος

318 4016 651 4080 ἀνατέλλειν,
684 4016 759 4089 μὴ
785 4015 1148 4089 διαμετροῦσα
1171 4017 1263 4071 τὸν
1287 4016 1455 4088 ἡλιον,
1486 4017 1581 4071 καὶ
1604 4017 1873 4089 πανσέλη-

316 4127 409 4175 νος
442 4108 689 4163 ἐντεῦθεν
715 4108 993 4181 γινομένη,
1016 4109 1173 4181 εἴπερ
1200 4109 1524 4182 ύποθείημεν
1549 4109 1657 4164 ἀπὸ
1686 4126 1876 4180 προγε-

315 4201 537 4271 γονυίας
565 4201 781 4255 συνόδου
810 4200 1009 4271 ταύτην
1032 4200 1401 4273 γεγενημένην
1425 4218 1438 4232 ·
1459 4200 1581 4254 ἐπεὶ
1610 4200 1750 4254 κατά
1777 4199 1874 4270 τὴν

314 4294 357 4348 δ’
391 4291 599 4366 ἡμέραν
622 4292 722 4364 τῆς
745 4291 1129 4363 κοσμογενείας
1153 4291 1666 4347 πεντεκαιδεκαταία
1690 4278 1767 4362 ἦν
1785 4291 1869 4344 ἄν’

316 4385 546 4456 φανερὸν
582 4385 677 4455 μὲν
696 4425 712 4450 ,
742 4385 817 4448 ὼς
840 4384 979 4438 κατά
1013 4384 1110 4454 τὴν
1149 4384 1324 4456 ἀρχὴν
1359 4385 1458 4454 τῆς
1488 4383 1873 4455 κοσμογενείας

1994 1657 2157 1714 nibus
2206 1672 2238 1711 a
2270 1656 2525 1713 Kalendis
2569 1657 2634 1711 ad
2682 1658 3015 1728 propositam
3058 1656 3232 1720 diem,
3283 1666 3550 1712 summam

1991 1765 2090 1821 per
2116 1765 2194 1806 vu
2221 1751 2489 1821 partimur
2514 1766 2528 1805 :
2560 1757 2722 1808 atuue
2751 1750 2826 1803 ita
2859 1748 3048 1806 feriam
3078 1748 3421 1804 habebimus.

2063 2119 2390 2189 Exemplum.
2498 2119 2819 2186 Quaerantur
2836 2113 3087 2172 Kalendas

2060 2393 2185 2449 llaec
2218 2400 2380 2454 sunt,
2416 2403 2535 2460 quae
2565 2405 2633 2446 ne
2659 2388 2825 2460 cyclis
2869 2390 3172 2450 solarihus,
3204 2396 3259 2443 et
3296 2387 3405 2450 iis,’
3429 2400 3549 2457 qua:

1988 2485 2116 2540 inde
2146 2481 2543 2552 consequentia
2580 2487 2742 2545 sunt,
2777 2482 3143 2536 necessariam
3180 2480 3379 2536 habere
3410 2494 3546 2534 con-

1985 2572 2368 2633 sidemtionem
2398 2567 2580 2640 putavi
2606 2586 2620 2625 :
2646 2583 2876 2640 quorum
2900 2568 3147 2625 absoluta
3173 2608 3190 2634 ,
3219 2567 3397 2638 quoad
3428 2568 3547 2623 ﬁeri

1985 2667 2195 2739 potuit,
2230 2670 2317 2720 est
2348 2676 2380 2716 a
2411 2661 2569 2717 nobis
2605 2661 2769 2715 allata
2805 2662 2965 2715 ratio.
2995 2659 3153 2716 Nunc
3184 2661 3253 2716 ad
3294 2660 3543 2719 lunarem

1984 2756 2279 2813 transitum
2327 2752 2628 2815 faciemus,
2680 2766 2841 2821 quem
2874 2751 3100 2815 eadem,
3150 2766 3215 2806 ac
3269 2751 3541 2818 solerem,

1984 2845 2074 2901 via
2106 2852 2161 2900 et
2201 2839 2458 2898 methodo
2493 2839 2874 2895 tractabimus.

2091 2959 2168 3014 De
2195 2953 2565 3026 investigandi:
2603 2953 2761 3024 cyclis
2802 2953 3109 3019 lunaribus,
3138 2963 3188 3008 et
3222 2970 3338 3025 qua:
3372 2954 3440 3008 iis

2507 3033 2855 3078 consentanea
2884 3032 3027 3078 811M.

2060 3116 2120 3171 ν.
2161 3114 2297 3170 Cum
2326 3114 2395 3168 ab
2421 3112 2570 3168 orbis
2599 3110 2821 3165 conditu
2849 3118 3042 3180 quarto
3074 3109 3161 3166 die
3187 3109 3315 3164 luna
3347 3108 3503 3178 pleno
3522 3146 3539 3170 ,

1983 3218 2039 3264 et
2070 3206 2320 3263 absoluto
2348 3202 2480 3258 orbe
2514 3208 2774 3256 constans
2807 3200 2876 3255 ab
2901 3198 3144 3254 omnium
3183 3211 3365 3252 rerum
3402 3196 3536 3249 arti-

1978 3301 2078 3365 ﬁce
2097 3297 2206 3353 Deo
2228 3300 2512 3367 procreata
2562 3292 2633 3348 sit
2668 3292 2791 3362 (hoc
2813 3291 2955 3346 enim
2981 3291 3119 3346 liber
3139 3286 3364 3344 Genesis
3388 3302 3424 3355 ι,
3453 3285 3540 3350 16,
3559 3352 3581 3373 ο

1977 3391 2182 3446 indicat
2206 3389 2292 3444 his
2314 3386 2529 3450 verbis;
2558 3383 2652 3438 «Et
2675 3382 2798 3440 fecit
2822 3382 2963 3438 Deus
2985 3381 3272 3436 luminaria
3296 3379 3403 3434 duo
3424 3394 3542 3433 ma-

1974 3495 2080 3554 gna
2114 3499 2128 3535 :
2166 3476 2427 3532 luminare
2458 3475 2635 3543 majus
2667 3472 2734 3527 ad
2779 3472 2991 3527 initium
3022 3471 3044 3503 ³
3083 3469 3228 3535 diei,
3279 3478 3332 3524 et
3380 3468 3543 3521 lumi-

1974 3586 2108 3626 nare
2133 3570 2314 3624 minus
2343 3567 2408 3622 ad
2437 3565 2648 3620 initium
2697 3563 2874 3618 noctis
2904 3561 2990 3630 i);
3027 3559 3225 3630 quippe
3262 3572 3539 3629 nunquam

1976 3663 2185 3719 oriente
2217 3661 2332 3717 sole
2363 3657 2550 3714 eadem
2584 3656 2671 3712 die
2703 3655 2833 3710 luna
2868 3662 3050 3725 posset
3086 3651 3153 3707 ad
3188 3651 3400 3706 initium
3437 3664 3541 3705 no-

1975 3755 2120 3819 ctis,
2157 3751 2271 3808 sive
2320 3749 2426 3807 sub
2474 3755 2689 3804 noctem
2742 3747 2972 3818 primam
3020 3743 3262 3808 exoriri,
3313 3736 3424 3799 nisi
3472 3757 3541 3797 ex

1975 3840 2245 3897 diametro
2273 3839 2323 3895 ei
2356 3844 2503 3894 esset
2538 3834 2783 3906 opposita
2812 3873 2829 3900 ,
2869 3833 3099 3903 ideoque
3136 3832 3295 3904 plena
3334 3829 3483 3886 ﬁeret
3519 3845 3536 3891 ς

1977 3932 2023 3988 si
2056 3931 2126 3984 ab
2155 3926 2508 3985 antecedente
2541 3926 2674 3996 jugo
2711 3924 2779 3979 ad
2818 3922 3179 3996 plenilunium
3218 3919 3540 3991 pervenisse
3608 3936 3614 3943 ν

1974 4022 2289 4093 tingamus;
2351 4018 2607 4090 quoniam
2668 4025 2865 4088 quarto
2926 4012 3117 4070 mundi
3176 4011 3381 4069 conditi
3447 4011 3535 4066 die

1975 4114 2163 4184 quinta
2222 4109 2431 4165 decima
2498 4107 2638 4174 fuit;
2700 4105 3051 4162 manifestum
3114 4114 3240 4168 est,
3301 4103 3356 4157 in
3417 4104 3537 4173 ipso

1972 4203 2161 4259 mundi
2216 4199 2516 4273 primordio
2575 4188 2951 4254 duodecimam
3011 4195 3202 4253 fuisse.
3265 4193 3530 4251 Undecim

1972 4309 2104 4367 ergo
2141 4299 2297 4349 erant
2339 4290 2459 4360 ejus
2500 4297 2724 4362 epactae.
2776 4289 2908 4356 Quze
2950 4286 3171 4358 quidem
3212 4302 3268 4342 ιι
3313 4285 3536 4342 circiter

1973 4386 2090 4441 dies
2141 4381 2447 4439 admirabili
2500 4381 2661 4451 198
2697 4387 2751 4435 et
2788 4380 3056 4435 immensa
3087 4392 3315 4449 prorsus
3346 4377 3532 4448 provi~

313 4475 647 4531 δωδεκαταία
682 4471 781 4548 ἦν·
815 4481 881 4529 ια’
902 4474 959 4528 δὲ
987 4476 1040 4528 ai
1060 4474 1263 4547 ταύτης
1289 4474 1553 4529 ἐπακταί·
1591 4476 1685 4529 καὶ
1716 4469 1873 4529 αὗται

1978 4477 2169 4532 tientia;
2195 4475 2389 4530 divinae
2417 4474 2636 4530 solertia
2655 4512 2672 4538 ,
2700 4472 2930 4543 singulis
2957 4471 3115 4525 annis
3135 4510 3149 4533 ,
3185 4476 3308 4540 post
3340 4484 3415 4523 xu
3446 4468 3533 4522 lu-

314 4571 374 4625 αί
422 4577 489 4624 ια’
518 4569 743 4639 ἔγγιστα
784 4568 984 4642 ἡμέραι
1025 4569 1307 4640 θαυμαστῇ
1347 4569 1440 4622 καὶ
1484 4570 1871 4642 ἀνυπερϐλήτῳ

312 4661 415 4731 τῆς
446 4661 698 4732 προνοίας
731 4660 891 4731 σοφίᾳ
919 4659 1039 4713 καθ’
1068 4660 1294 4713 ἕκαστον
1321 4658 1436 4723 ἔτος
1467 4660 1604 4729 μετά
1641 4660 1738 4730 τὴν
1762 4660 1869 4714 τῶν

310 4752 518 4806 δώδεκα
562 4750 891 4822 σεληνιακῶν
935 4749 1119 4821 μηνῶν
1167 4748 1554 4819 συμπλήρωσιν
1579 4786 1595 4811 ,
1640 4750 1742 4802 τνδ¹
1776 4750 1869 4803 καὶ

312 4840 498 4913 μεῖζον
530 4842 564 4914 ἡ
606 4848 654 4911 γ’
697 4841 859 4913 μέρος
888 4840 1098 4913 ἡμέρας
1128 4838 1554 4912 ἀπαρτιζόντων,
1596 4839 1868 4894 λείπονται

312 4935 392 4996 είς
424 4933 521 5004 τὴν
564 4932 659 4986 τοῦ
698 4932 1024 4987 ἐνιαυσιαίου
1073 4931 1261 5003 χρόνου
1310 4929 1734 5002 συμπλήρωσιν,
1765 4931 1869 4998 τξε⁹

309 5024 534 5096 ἡμερῶν
573 5025 723 5088 ὄντος
770 5024 863 5078 καὶ
906 5023 948 5076 δ’
987 5021 1231 5092 ἔγγιστα.
1255 5023 1432 5075 ’Ὥστε
1479 5023 1537 5075 ἐν
1569 5024 1680 5086 τοῖς
1720 5023 1868 5078 δυσὶν

311 5112 456 5166 ἔτεσι
495 5111 972 5182 διπλασιαζόμεναι
1018 5104 1178 5165 αὗται
1209 5111 1267 5164 al
1312 5117 1378 5164 ια’
1412 5110 1612 5182 ἡμέραι
1656 5112 1866 5165 πειοῦσι

308 5202 410 5266 τὰς
440 5202 678 5267 ἐπακτάς
700 5202 783 5272 κβ¹
807 5219 822 5233 ·
851 5204 907 5256 ἐν
936 5202 993 5255 δὲ
1027 5203 1137 5266 τοῖς
1164 5201 1311 5273 τρισὶ
1337 5201 1436 5269 λγ⁹.
1467 5195 1567 5254 Ὧν
1597 5202 1868 5273 συναχθει-

312 5293 445 5359 σῶν,
474 5294 886 5367 ἀφαιρουμένων
912 5293 1020 5347 τῶν
1040 5294 1104 5356 λ’,
1136 5293 1254 5347 ἐπεὶ
1291 5293 1433 5363 μῆνα
1462 5291 1682 5361 ἔγγιστα
1710 5292 1866 5363 σελη-

310 5385 498 5440 νιακὸν
524 5385 899 5459 ἀπαρτίζουσι,
925 5384 1338 5439 καταλείπονται
1368 5390 1432 5452 γ’.
1460 5384 1568 5437 Καί
1603 5385 1738 5437 εἰσιν
1775 5385 1864 5436 ἐν-

308 5474 498 5529 τεῦθεν
524 5474 618 5529 τοῦ
652 5475 833 5548 τρίτου
857 5474 1008 5537 ἔτους
1031 5473 1266 5527 ἐπακταὶ
1289 5479 1337 5541 τ
1360 5490 1373 5503 ⁸
1405 5473 1497 5527 καὶ
1514 5472 1710 5545 ἐφεξῆς
1738 5474 1865 5528 ἀκο-

1974 4584 2137 4624 nares
2166 4582 2384 4623 menses
2410 4565 2688 4620 absolutos
2706 4602 2722 4625 ,
2751 4563 2845 4634 qui
2876 4562 2993 4618 dies
3022 4561 3285 4631 colligunt
3313 4573 3530 4628 cccuv;

1973 4669 2028 4716 et
2078 4660 2241 4731 paulo
2289 4659 2411 4730 plus
2463 4657 2622 4713 tertia
2665 4655 2771 4711 diei
2817 4663 2999 4725 parte,
3046 4651 3241 4709 desunt
3281 4651 3347 4707 ad
3385 4666 3529 4707 exae-

1973 4751 2249 4822 quandum
2283 4750 2416 4805 solis
2440 4763 2643 4802 annum
2669 4764 2682 4801 :
2716 4746 2808 4815 qui
2840 4744 3033 4800 diebus
3063 4750 3278 4799 constat
3304 4757 3525 4807 cccuv,

1973 4849 2029 4896 et
2059 4839 2362 4911 quadrante
2394 4838 2525 4894 fere.
2557 4836 2696 4891 Hinc
2724 4837 2780 4889 in
2808 4835 2967 4891 annis
2998 4835 3211 4890 duobus
3242 4834 3529 4904 duplicata:

1975 4931 2090 4986 dies
2118 4929 2318 4986 eadem
2345 4940 2565 4999 epactas
2594 4927 2799 4982 faciunt
2828 4941 2937 4980 χιιι
2967 4943 2982 4991 ;
3018 4926 3073 4980 in
3113 4924 3271 4981 annis
3310 4924 3484 4979 tribus
3508 4962 3526 4987 ,

1973 5036 2166 5076 sunt.
2195 5018 2269 5075 De
2297 5035 2405 5089 qua
2437 5035 2648 5075 summa
2679 5019 2927 5075 deductis
2956 5034 3063 5074 xxx
3083 5057 3100 5083 ,
3133 5033 3254 5088 qua:
3285 5031 3525 5073 mensem

1973 5113 2216 5166 lunarem
2254 5110 2473 5165 circiter
2510 5109 2780 5176 elliciunt,
2819 5110 3043 5181 reliquae
3080 5118 3209 5165 sunt
3248 5124 3332 5164 ιιι.
3372 5105 3529 5161 Unde
3601 5128 3617 5142 -

1970 5203 2164 5257 tertius
2187 5215 2364 5256 annus
2392 5207 2611 5272 epactas
2638 5200 2799 5255 habet
2821 5216 2916 5269 tu;
2946 5215 3010 5256 ac
3038 5192 3118 5255 sic
3147 5199 3400 5267 deinceps
3429 5212 3525 5250 us-

1969 5308 2075 5364 que
2114 5292 2180 5348 ad
2218 5309 2350 5348 xu:
2388 5293 2586 5348 etenim
2628 5307 2770 5347 anno
2808 5308 2897 5347 nx
2933 5292 3201 5348 mensium
3248 5290 3391 5345 lunae
3439 5302 3526 5341 re-

1968 5384 2174 5439 volutio
2207 5382 2262 5437 ﬁt
2292 5400 2306 5437 :
2343 5381 2479 5438 adeo
2512 5390 2571 5436 ut
2602 5398 2749 5438 anno
2782 5382 3043 5439 vicesimo
3076 5390 3295 5452 epactas
3331 5378 3526 5434 haheat

1967 5476 2095 5530 luna
2130 5491 2320 5531 rursus
2354 5491 2430 5530 xl.

307 5564 515 5630 λούθως
567 5565 724 5637 ἀχρις
757 5565 891 5619 ἐτῶν
920 5564 1003 5618 ιθν.
1044 5562 1199 5618 Κατὰ
1241 5563 1348 5636 γὰρ
1388 5564 1453 5617 ιθ¹
1498 5563 1615 5629 ἔτος
1660 5565 2101 5631 ἀποκατάστασις
2134 5568 2340 5636 γίνεται
2384 5567 2492 5620 τῶν
2552 5566 2885 5639 σεληνιακῶν
2933 5567 3150 5639 μηνῶν
3199 5564 3339 5620 ὥστε
3384 5575 3526 5617 κατά

306 5659 371 5712 τὸ
400 5663 449 5711 κ’
472 5656 588 5719 ἔτος
613 5655 771 5710 πάλιν
805 5663 869 5709 ια’
902 5651 1037 5710 εἶναι
1060 5657 1158 5721 τὰς
1185 5657 1282 5729 τῆς
1308 5655 1537 5727 σελήνης
1564 5656 1820 5722 ἐπακτάς.

382 5778 405 5809 ³
431 5774 561 5830 Ila’c
589 5774 645 5826 in
673 5783 834 5829 vetere
863 5774 1026 5828 altera
1049 5775 1259 5833 desunt.
1332 5775 1353 5808 ⁸
1388 5773 1476 5831 Sic
1503 5792 1672 5832 vocem
1694 5775 1865 5848 ἀρχὴν
1892 5775 2110 5845 accepit,
2146 5785 2201 5830 ut
2227 5774 2440 5846 quidam
2480 5786 2688 5833 cetera.

586 5866 834 5928 ῐδλτιιοι.
888 5866 1002 5928 Gn.
1049 5866 1222 5929 XIX.

3169 5865 3240 5927 M
