4044 6220
507 314 636 371 1201

577 429 788 486 Accidit
819 436 996 484 autem
1033 426 1138 484 ista
1175 426 1442 484 revolutio
1474 426 1654 482 ductis
1689 429 1746 482 in
1781 443 1840 484 se
1873 434 2060 482 mutuo
2091 432 2136 488 Α

504 537 597 576 xix
624 520 782 575 annis
817 525 980 589 atque
1005 533 1083 572 ιι.
1114 516 1240 572 Haec
1270 518 1413 572 enim
1444 517 1797 588 multiplicata
1830 517 2061 573 invicem

501 615 621 668 dies
658 609 952 666 conﬁciunt
980 624 1132 675 ccxx,
1169 610 1261 680 qui
1295 616 1423 664 sunt
1456 609 1674 664 lunares
1706 624 1918 666 menses
1955 609 2036 664 cir

503 705 639 758 citer
684 711 912 773 septem.
963 700 1089 756 Hac
1128 709 1213 755 est
1239 714 1405 754 causa
1425 740 1438 764 ,
1469 716 1569 754 cur
1596 701 1776 772 cyclos
1807 701 1948 756 lunae
1980 702 2035 756 di

504 807 692 848 camus
746 805 866 846 esse
919 805 1093 860 neque
1149 789 1360 858 plures,
1417 804 1590 859 neque
1624 789 1910 859 pauciores
1942 804 2055 842 xix.

503 884 661 951 Quod
695 893 875 938 tamen
915 880 1197 938 sciendum
1235 890 1319 936 est
1351 880 1628 937 facilitatis
1665 890 1718 937 et
1755 881 2060 952 compendii

504 977 677 1048 gratia
707 977 781 1031 ita
814 976 923 1030 dici
959 976 1174 1042 solere;
1206 983 1266 1029 ut
1290 981 1343 1029 et
1372 982 1599 1040 caetera,
1641 991 1761 1044 quae
1813 975 1880 1030 de
1928 975 2059 1029 luna

501 1069 756 1140 deinceps
780 1067 1193 1136 explicabimus.
1227 1065 1361 1120 Nam
1391 1066 1438 1121 si
1471 1076 1725 1122 accurate
1755 1066 1904 1137 loqui
1929 1066 2062 1121 veli-

501 1178 657 1227 mus,
693 1162 848 1216 aliter
882 1175 968 1215 res
1007 1160 1202 1224 habet,
1253 1169 1310 1214 ut
1353 1168 1540 1231 postea
1572 1159 2060 1222 demonstrabitur,

505 1271 627 1312 cum
656 1255 723 1310 de
749 1253 1012 1311 Pascbate
1041 1252 1286 1308 dicemus

1481 311 1572 367 AD
1611 309 1878 368 EUSEBII
1915 307 2308 366 CHRONICON
2343 306 2711 364 APPENDIX.

3599 311 3741 366 129⁸2

2230 426 2440 482 Γίνεται
2468 427 2525 480 δὲ
2553 428 2587 498 ή
2610 427 2832 498 τοιαύτη
2858 425 3303 491 ἀποκατάστασις
3329 427 3760 511 πολλαπλασιαπ

2168 519 2408 589 ζομένων
2444 522 2527 573 ἐπ’
2559 519 2780 591 ἄλληλα,
2806 519 3049 573 τουτέστι
3081 519 3144 572 ιϐ’
3169 519 3306 573 ὲτῶν
3334 521 3427 573 ἐπὶ
3453 521 3555 584 τὰς
3579 523 3737 593 εἰρη-

2171 613 2336 682 μένας
2362 619 2448 665 ια’.
2477 611 2658 666 Ταῦτα
2682 612 2790 683 γὰρ
2815 611 2900 664 ἐπ’
2929 610 3131 682 ἄλληλα
3159 610 3738 681 πολλαπλασιαζόμενα

2167 703 2412 758 ποιοῦσιν
2448 706 2658 776 ἡμέρας
2683 703 2761 757 σθ’
2780 721 2794 735 ο
2828 696 2988 757 αὗται
3018 703 3063 756 δ’
3098 703 3458 774 ἀπαρτίζουσι
3495 703 3740 771 σεληνια-

2167 798 2294 860 κοὺς
2328 796 2555 865 ἔγγιστα
2601 795 2777 866 μῆνας
2810 794 2874 858 ζ’.
2905 794 3014 848 Καὶ
3057 793 3193 866 αὓτη
3232 796 3377 847 ἐστὶν
3402 796 3434 864 ή
3463 795 3636 858 αἰτία,
3669 795 3735 847 δι’

2164 888 2232 958 ἣν
2265 887 2400 940 κάπὶ
2427 887 2526 957 τῆς
2549 885 2778 956 σελήνης
2805 885 2867 938 ιϐ’
2893 884 3124 950 κύκλους
3148 887 3351 958 ταύτης
3371 884 3507 940 εἷναί
3529 903 3734 957 φαμεν,

2165 977 2259 1031 καὶ
2287 975 2408 1030 οὔτε
2443 976 2659 1038 πλειους
2689 974 2812 1028 οὕτε
2841 975 3114 1039 ἐλάττους.
3161 977 3353 1030 Ἰστέον
3385 978 3568 1047 μέντοι
3591 979 3737 1031 κατὰ

2164 1067 2226 1119 τὸ
2261 1066 2547 1138 πρόχειρον
2581 1064 2723 1118 οὕτω
2758 1065 3008 1134 λέγεσθαι
3048 1065 3240 1128 ταῦτα,
3262 1068 3355 1119 καὶ
3385 1041 3456 1119 τὰ
3487 1041 3617 1138 ἑξῆς
3641 1070 3735 1138 ρη-

2166 1155 2444 1228 ϐησόμενα
2497 1156 2623 1226 περὶ
2657 1157 2754 1226 τῆς
2803 1155 3064 1228 σελήνης·
3102 1157 3226 1209 ἐπεὶ
3269 1156 3411 1210 κατὰ
3448 1158 3509 1210 τὸ
3555 1159 3733 1228 πάντη

2169 1249 2393 1320 ἀκριϐὲς
2441 1249 2540 1318 οὐχ
2589 1245 2762 1310 οὕτως
2802 1246 2935 1317 ἔχει,
2971 1248 3046 1311 ὡς
3086 1246 3366 1320 προϊοῦσιν
3407 1249 3538 1320 ήμίιν
3570 1249 3734 1319 δῆλον

2169 1339 2340 1404 ἔσται,
2380 1339 2540 1410 ήνίκα
2567 1339 2657 1392 τὸν
2693 1339 2818 1410 περὶ
2843 1339 2936 1392 τοῦ
2975 1339 3166 1411 Πάσχα
3191 1339 3490 1412 ποιούμεθα
3514 1340 3692 1408 λόγον.
3723 1385 3733 1413 ι

1478 1452 1682 1506 Tabula
1712 1453 2106 1524 propagationis
2129 1462 2437 1520 epactarum
2469 1449 2759 1506 lunarium.

2465 1745 2674 1757 α-ῌ

1631 1567 1847 1636 Epactae
2045 1569 2185 1623 Anni
2393 1567 2608 1639 Epacta:

1605 1654 1870 1692 annorum
2048 1639 2186 1710 cycli
2376 1641 2621 1694 collecta:

1710 1806 1763 1843 xI
2104 1802 2123 1840 ι
2484 1787 2545 1840 11

1682 1875 1794 1913 xxn
2095 1874 2137 1914 ιι
2482 1857 2553 1910 22

1711 1945 1770 1982 ιιι
2083 1943 2146 1982 ιιι
2483 1928 2552 1982 55

1691 2016 1779 2052 λιν
2094 2014 2149 2052 ιν
2480 1997 2549 2050 44

1679 2085 1783 2122 xxv
2091 2085 2122 2121 γ
2480 2067 2549 2121 55

1704 2155 1753 2191 γι
2091 2153 2138 2191 Vl
2479 2137 2548 2191 66

1680 2224 1787 2261 ιιι-ιι
2081 2222 2154 2259 vn
2483 2207 2547 2259 77

1654 2294 1822 2331 xxvm
2068 2291 2166 2330 νιιι
2480 2277 2551 2330 88

1701 2365 1751 2401 ix
2085 2363 2137 2400 Ix
2481 2348 2552 2401 99

1690 2432 1759 2472 xx
2101 2433 2134 2470 χ
2447 2416 2550 2471 110

1731 2504 1746 2540 ι
2091 2503 2142 2540 xr
2450 2485 2545 2541 121

1684 2574 1757 2612 xu
2071 2573 2146 2610 xu
2448 2558 2550 2612 152

1665 2644 1800 2682 xxiii
2057 2643 2154 2681 xm
2449 2627 2551 2683 M5

1708 2715 1762 2752 ιν
2061 2714 2152 2751 xw
2447 2697 2550 2752 151

1697 2785 1767 2822 xv
2069 2784 2139 2821 xv
2451 2769 2550 2822 165

1665 2854 1791 2891 xxvi
2062 2853 2152 2891 xv:
2446 2840 2549 2893 176

1696 2925 1769 2962 vn
2037 2924 2149 2962 xvu
2445 2909 2549 2962 187

1674 2995 1804 3032 mn
2034 2994 2166 3032 xvm
2444 2978 2546 3032 198

1663 3064 1793 3106 xxix
2054 3065 2148 3103 xxx
2441 3048 2547 3103 209

779 3210 1053 3266 ΠειΙιοάιιδ
1080 3206 1370 3264 inveniendi
1395 3208 1529 3278 cycli
1554 3207 1780 3262 lunaris.

2249 3207 2513 3276 Μέθοδος
2542 3208 2700 3276 ὅπως
2728 3211 3062 3282 εὑρήσομεν
3095 3212 3202 3266 τὸν
3244 3212 3355 3282 τῆς
3385 3213 3664 3283 σελήνης

573 3375 659 3429 Vl.
700 3371 980 3428 Mcthodus
1031 3365 1339 3425 inveniendi
1383 3365 1652 3421 currentis
1691 3364 1833 3419 luna:
1871 3366 2008 3436 cycni
2034 3406 2048 3429 ,

503 3482 627 3521 cum
651 3466 767 3534 ejus
794 3463 1000 3535 epactis
1026 3469 1108 3517 est
1135 3457 1401 3528 ejusmodi
1430 3478 1442 3512 :
1475 3457 1661 3513 Annos
1687 3457 1754 3511 ab
1781 3457 1912 3513 orbe
1935 3471 2062 3512 con-

502 3557 618 3612 dito
657 3555 724 3610 ad
775 3554 1112 3625 propositum
1153 3565 1357 3619 usque,
1397 3565 1494 3621 per
1530 3563 1621 3602 xix
1662 3547 1964 3618 partimur;
2004 3555 2059 3602 et

475 3685 483 3699 .,
499 3647 810 3714 residuum,
846 3645 989 3716 quod
1018 3647 1200 3700 minus
1231 3651 1313 3699 est
1344 3658 1435 3698 χιι
1455 3681 1470 3703 .
1505 3641 1738 3695 dicimus
1765 3655 1887 3696 esse
1916 3639 2056 3696 lina:

497 3743 735 3814 cyclum.
778 3739 945 3808 Cujus
994 3737 1207 3791 initium
1251 3751 1360 3791 non
1412 3750 1442 3788 a
1499 3732 1840 3804 Septembri,
1878 3746 2054 3802 neque

500 3836 569 3890 ab
599 3831 819 3906 Octobri
842 3871 857 3897 ,
887 3838 946 3884 ut
979 3829 1034 3884 in
1073 3828 1236 3884 solari
1262 3869 1277 3893 ,
1319 3825 1413 3882 sed
1450 3826 1518 3880 ab
1549 3825 1766 3880 ineunte
1796 3822 2053 3878 Januario

500 3926 734 3982 sumitur
766 3923 834 3978 ob
863 3938 981 3978 eam
1015 3935 1176 3992 quam
1211 3919 1453 3974 dicemus
1485 3916 1771 3971 rationem.

2819 3283 3067 3337 κύκλον.

2197 3367 2199 3370 ⁴
2233 3371 2323 3438 (τ’.
2365 3371 2601 3436 Μέϐοδος
2637 3372 2693 3426 δὲ
2727 3371 2819 3426 τοῦ
2855 3373 2947 3428 τὸν
2983 3375 3254 3430 ἐνεστῶτα
3290 3373 3490 3429 κύκλον
3534 3377 3728 3430 εἰδέναι

2158 3464 2256 3532 τῆς
2297 3464 2557 3535 σελήνης,
2601 3465 2694 3517 καὶ
2733 3465 2832 3529 τὰς
2871 3468 2991 3519 κατ’
3027 3466 3194 3538 αὐτὴν
3225 3467 3469 3530 ὲπακτάς
3494 3506 3510 3530 ,
3538 3469 3627 3538 εἴη
3666 3468 3732 3522 ἂν

2159 3553 2296 3627 α’ύτη
2324 3571 2337 3585 °
2373 3557 2753 3627 Λαμὸάνοντες
2797 3557 2866 3610 τὰ
2911 3557 3020 3610 ἀπὸ
3053 3559 3149 3630 τῆς
3201 3559 3592 3629 κοσμογενεῑας
3636 3559 3726 3630 ἐτη

2163 3648 2322 3719 μέχρι
2349 3651 2443 3702 καὶ
2481 3647 2646 3702 αὑτοῦ
2669 3648 2760 3701 τοῦ
2798 3649 3108 3715 ἐνεστῶτος,
3145 3651 3237 3703 καὶ
3269 3650 3439 3704 ταῦτα
3462 3651 3619 3721 παρὰ
3639 3651 3728 3703 τὸν

2163 3737 2226 3790 ιϐ’
2250 3737 2580 3809 μερίζοντες,
2597 3738 2664 3791 τὰ
2685 3739 3121 3810 καταλειπόμενα
3151 3741 3394 3795 κάτωθεν
3411 3742 3525 3794 τῶν
3551 3742 3618 3795 ιϐ’
3639 3740 3730 3794 τὸν

2159 3829 2426 3882 ἔνεστῶτα
2464 3829 2692 3900 λέγομεν
2735 3825 2871 3883 εἶναι
2911 3829 3106 3884 κύκλον
3165 3831 3265 3902 τῆς
3314 3831 3587 3902 σελήνηςο
3631 3830 3730 3901 τὴν

2158 3919 2329 3993 ἀρχὴν
2360 3920 2458 3990 τῆς
2493 3920 2918 3992 ἀπαριθμήσεως
2937 3921 3046 3976 τῶν
3070 3921 3206 3976 ἐτῶν
3239 3923 3339 3976 ούκ
3371 3922 3480 3975 ἀπὺ
3518 3921 3614 3974 τοῦ
3641 3921 3726 3973 Σε-

499 4017 799 4089 πτεμϐρίου
829 4014 1175 4086 ποιούμενοι,
1207 4013 1314 4066 οὐδ’
1337 4011 1443 4064 ἀπὸ
1475 4009 1568 4064 τοῦ
1611 4008 1954 4079 Ὀκτωϐριου,
1991 4008 2065 4072 ὡς
2099 4013 2189 4066 ἐπὶ
2211 4014 2303 4068 τοῦ
2341 4013 2509 4084 ἡλίου,
2552 4013 2664 4068 ἀλλ’
2711 4013 2817 4066 ἀπὸ
2859 4013 2959 4082 τῆς
2996 4013 3170 4084 ἀρχῆς
3215 4013 3306 4067 τοῦ
3376 4013 3722 4084 ἰανουαρίου,

499 4113 566 4167 δι’
600 4113 668 4184 ἣν
710 4111 939 4184 ὲροῦμεν
979 4109 1176 4163 αἰτίαν.

572 4207 655 4261 Sit
709 4216 888 4260 autem
938 4202 1172 4272 exempli
1223 4201 1344 4255 loco
1385 4198 1698 4270 propositus
1741 4214 1936 4254 annus.
1970 4197 2053 4251 Ab

499 4299 630 4355 orbe
655 4297 875 4353 condito
902 4296 967 4350 ad
1000 4295 1271 4349 ineuntem
1298 4291 1614 4351 Ianuarium
1639 4331 1653 4352 ,
1685 4291 1777 4361 qui
1810 4289 2052 4360 proxime

499 4387 768 4460 sequitur,
809 4386 938 4440 anni
976 4392 1103 4439 sunt
1139 4382 1297 4437 6880.
1345 4381 1409 4435 lli
1440 4397 1535 4452 per
1568 4396 1661 4433 χιχ
1690 4379 1852 4434 divisi
1884 4377 2051 4432 relin-

498 4490 672 4554 quunt
703 4477 1058 4549 rtzproinde
1105 4475 1319 4529 cvclum
1371 4474 1512 4526 lunae
1561 4487 1600 4526 ιι
1649 4485 1769 4526 esse
1812 4485 2053 4541 pronun-

497 4576 697 4630 tiamus

2068 4522 2123 4579 ~C

878 4640 1057 4738 Altera
1086 4680 1353 4736 methodus
1380 4676 1687 4747 expeditior.

570 4802 721 4857 Hane
753 4813 917 4871 porro
947 4797 1259 4853 methodum
1297 4794 1460 4866 paulo
1494 4792 1791 4848 faciliorem
1825 4792 1899 4847 ita
1933 4792 2054 4847 red—

476 4896 721 4958 demus;
762 4908 886 4947 cum
926 4891 1073 4945 enim
1122 4903 1265 4942 anno
1313 4886 1630 4942 adveniente
1654 4883 1828 4949 6800,
1863 4885 2052 4955 cyclus

498 4993 643 5040 esset
679 4983 823 5037 lunae
861 4996 973 5036 xvn
995 5021 1009 5042 .
1049 4980 1192 5035 hunc
1223 4979 1402 5047 ipsum
1435 4992 1722 5031 numerum
1755 4975 2053 5030 centenarii

483 5072 774 5143 sequentis
808 5070 968 5124 annis
1002 5069 1295 5132 addentes,
1331 5066 1410 5121 uti
1444 5082 1588 5120 nunc
1620 5066 1719 5132 80,
1751 5064 2051 5119 confectam

485 5178 764 5219 summam
795 5161 865 5216 97
897 5177 992 5231 per
1021 5161 1088 5215 l9
1122 5160 1414 5230 partientes
1435 5198 1451 5223 ,
1482 5159 1687 5228 reliqua
1720 5172 1760 5212 ιι
1790 5157 1930 5212 lunae
1957 5170 2054 5225 cy-

485 5256 643 5309 iclum
675 5268 796 5309 esse
829 5252 1094 5308 dicemus.
1131 5251 1273 5306 Idem
1307 5258 1359 5305 et
1391 5251 1584 5320 quovis
1615 5249 1827 5320 expleto
1861 5256 2047 5303 cente-

490 5347 650 5404 nario
694 5346 986 5410 facientes,
1031 5344 1241 5415 cyelum
1275 5343 1446 5413 ipsius
1479 5342 1685 5412 majore
1731 5340 2050 5412 compendio

489 5441 847 5508 reperiemus.

600 5636 873 5702 Quomoao
911 5637 1121 5692 lunares
1157 5643 1351 5704 epacue
1381 5633 1790 5704 pervestiganda:
1819 5634 1942 5687 sint.

564 5749 674 5807 Yll.
714 5748 947 5821 Epactas
980 5749 1217 5805 ineuntis
1247 5749 1388 5804 lunae
1417 5748 1556 5819 cycli
1587 5748 1693 5802 hoc
1722 5745 1885 5802 modo
1917 5760 2048 5802 con-

2234 4194 2412 4248 Ἔστω
2448 4193 2505 4247 δὲ
2550 4193 2688 4248 κάπὶ
2727 4192 3120 4264 ύποδείγματος
3143 4192 3204 4246 τὸ
3234 4193 3538 4266 λεγόμενονο
3583 4197 3716 4250 ‘Am

2157 4286 2256 4356 τῆς
2277 4285 2450 4356 ἀρχῆς
2481 4284 2582 4354 τῆς
2602 4284 2696 4338 τοῦ
2723 4284 2927 4358 κόσμου
2953 4284 3218 4353 γενέσεως
3241 4287 3408 4358 μέχρι
3427 4289 3517 4358 τῆς
3540 4288 3718 4360 ἀρχῆς

2156 4378 2250 4431 τοῦ
2294 4377 2587 4449 ἐρχομένου
2624 4378 2946 4450 Ἰανουαρίου
2995 4378 3087 4450 ἔτη
3136 4379 3272 4431 εἰσὶν
3311 4387 3502 4451 gron“
3545 4381 3719 4436 ταῦτα

2161 4469 2488 4541 μερίζομενα
2511 4454 2664 4541 παρὰ
2696 4469 2786 4523 τὸν
2822 4470 2886 4522 ιϐ’
2924 4469 3168 4522 λείπουσι
3203 4469 3268 4539 β’,
3308 4471 3402 4525 καὶ
3428 4471 3656 4544 λέγομεν
3676 4473 3722 4543 β’

2155 4555 2291 4613 εἶναι
2327 4558 2522 4612 κύκλον
2555 4560 2654 4630 τῆς
2695 4559 2941 4631 σελήνης.

2474 4671 2739 4738 Μέθοδος
2763 4672 2931 4741 ἑτέρα
2956 4673 3394 4743 προχειροτέρα.

2221 4787 2331 4839 Καὶ
2352 4785 2555 4857 ταύτην
2583 4785 2641 4838 δὲ
2675 4785 2772 4856 τὴν
2802 4775 3020 4856 μέθοδον
3059 4788 3194 4859 πρὸς
3220 4787 3280 4840 τὸ
3302 4790 3719 4862 προχειρότερον

2156 4877 2650 4947 μεταχειριζόμενοι
2669 4916 2684 4939 ,
2715 4877 2837 4929 ἐπεὶ
2878 4877 3018 4930 κατὰ
3058 4878 3446 4950 συμπλήρωσιν
3475 4881 3568 4934 τοῦ
3601 4887 3712 4946 ,ςω’

2156 4964 2308 5028 ἔτους
2330 4966 2393 5030 ιζ’
2417 4961 2485 5038 ἦν
2504 4968 2533 5019 ὁ
2554 4965 2750 5030 κύκλος
2777 4966 2876 5037 τῆς
2899 4967 3144 5039 σελήνης,
3170 4969 3340 5023 ταῦτα
3367 4969 3434 5023 τὰ
3455 4971 3522 5036 ις’
3551 4988 3713 5043 προσ-

2156 5057 2392 5121 τιθέντες
2431 5061 2544 5122 τοίς
2594 5061 2692 5122 τῆς
2731 5058 2928 5130 ἑφεξῆς
2977 5061 3483 5132 ὲκατονταετηρίδος
3520 5063 3708 5124 ἐτεσιν,

2155 5149 2230 5213 ὡς
2251 5149 2344 5202 νῦν
2364 5151 2477 5212 τοῖς
2507 5156 2581 5214 π’,
2606 5150 2675 5202 τὰ
2715 5149 2979 5221 γενόμενα
3016 5149 3098 5218 ιζ’
3122 5152 3441 5224 μερίσαντες
3479 5155 3626 5224 παρὰ
3652 5153 3709 5204 τὸ

2159 5240 2242 5306 ιϐ’,
2264 5240 2332 5294 τὰ
2368 5240 2798 5311 καταλειπόμενα
2839 5240 2882 5310 β’
2905 5240 3152 5313 δεύτερον
3174 5242 3365 5313 ἕξομεν
3399 5242 3593 5295 κύκλον
3627 5260 3710 5295 σε-

2156 5335 2339 5405 λήνης.
2373 5331 2445 5386 Τὸ
2483 5332 2611 5386 αὐτὸ
2650 5333 2706 5386 δὲ
2748 5334 2842 5387 καὶ
2882 5332 3001 5386 καθ’
3054 5334 3287 5405 ἑκάστην
3328 5334 3708 5405 συμπλήρωσιν

2155 5423 2660 5494 ἑκατονταετηρίδος
2721 5423 3027 5490 ποιοῦντες,
3070 5426 3498 5496 προχειροτέρως
3551 5425 3708 5494 ληψό-

2155 5515 2294 5584 μεθα
2323 5514 2412 5567 τὸν
2448 5513 2773 5586 ζητούμενον
2803 5514 2997 5569 κύκλον
3033 5515 3221 5585 αὐτῆς.

2248 5630 2379 5695 Πῶς
2401 5629 2736 5698 εὑρήσομεν
2766 5629 2874 5695 τὰς
2905 5629 3015 5698 τῆς
3039 5629 3307 5698 σελήνης
3338 5626 3614 5690 ἐπακτὸς.

2222 5744 2295 5798 Ζ’.
2345 5743 2454 5807 Τὰς
2475 5743 2519 5806 δ’
2546 5743 2788 5809 ὲπακτὰς
2821 5744 2914 5798 τοῦ
2946 5742 3236 5807 ἐνεστῶτος
3267 5739 3578 5814 σεληνιακοῦ
3611 5737 3696 5791 κύ-
