4044 6220
375 345 514 407 ιεθδ

1309 327 1528 413 ιδᾸΑοι
1560 352 1865 415 nomen!
1899 355 2279 416 coupurus
2313 357 2753 417 eccmsmsr.

3461 367 3598 426 ιεθι

371 465 502 520 κλου
523 466 670 522 τόνδε
709 469 799 522 τὸν
835 468 1033 540 τρόπον
1076 467 1377 541 ληψόμεθα.
1409 475 1664 545 Ἔχοντες
1693 477 1802 549 γὰρ
1839 477 1926 531 τὸν

2032 479 2295 534 ﬁciemus.
2324 477 2545 549 Cyclum
2577 479 2720 534 lunae
2743 477 2856 548 jam
2889 484 3159 547 repertum
3193 492 3289 547 per
3322 493 3377 533 ιι
3413 485 3596 537 multi-

371 555 571 612 κύκλον
603 560 702 628 τῆς
735 559 993 630 σελήνης,
1036 561 1598 635 ἐνδεκαπλασιάσομεν
1628 567 1808 633 αὑτὸν,
1841 568 1936 622 καὶ

371 648 753 720 προσθήσομεν
784 650 932 721 αὐτῷ
971 652 1064 704 καὶ
1105 654 1316 726 ἡμέρας
1356 659 1503 726 τρεῖς
1542 658 1671 728 περὶ
1715 654 1789 712 ὧν
1818 661 1932 730 μετ’

368 739 547 808 ὀλίγον
597 740 862 812 ἐροῦμεν·
914 744 1008 796 καὶ⁴
1047 743 1140 797 τοῦ
1183 747 1472 816 γενομένου
1512 749 1611 813 τὰς
1653 767 1933 821 παρεμπι-

371 833 610 896 πτούσας
661 834 1052 905 τριακοντάδας
1095 836 1274 900 πάσας
1321 839 1645 911 ἀφελοῦμεν,
1689 842 1764 904 ὼς
1805 844 1934 897 ἐκά-

373 939 504 994 στην
541 925 687 996 μῆνα
716 925 1029 998 σεληνιακὸν
1065 928 1465 1000 ἀπαρτίζουσαν
1490 948 1503 962 ·
1547 934 1640 985 καὶ
1666 933 1733 986 τὰ
1755 934 1931 988 κάτω-

371 1013 464 1068 θεν
490 1016 598 1069 τῶν
632 1017 674 1068 λ’
707 1017 948 1081 ἐπακτὰς
989 1019 1195 1073 ἐκείνου
1233 1021 1327 1073 τοῦ
1370 1021 1687 1094 σεληνιακοῦ
1733 1024 1931 1078 κύκλου

368 1100 508 1160 εἶναι
530 1109 602 1179 φή
612 1125 796 1180 σομεν.

449 1198 814 1269 ’Υπόδειγμαυ
846 1195 956 1252 οἷον
988 1199 1063 1262 ὡς
1098 1201 1156 1252 ἐν
1189 1200 1576 1273 ὑποδείγματι⁹
1613 1205 1736 1258 ἐπεὶ
1779 1207 1808 1258 ὁ
1852 1207 1934 1259 ἐν*

375 1287 544 1353 εστὼς
573 1291 670 1359 τῆς
702 1290 928 1361 σελήνης
960 1291 1154 1355 κύκλος
1194 1293 1236 1362 β’
1270 1290 1407 1348 εἶναι
1434 1295 1718 1362 δέδεικται,
1748 1299 1933 1354 τοῦτον

369 1380 975 1445 ἐνδεκαπλασιάσαντες,
1003 1384 1096 1436 καὶ
1121 1386 1231 1448 τοῖς
1253 1386 1562 1456 γενομένοις
1589 1387 1669 1458 κβ¹
1698 1395 1744 1457 γ’
1774 1404 1933 1462 προσ-

368 1473 572 1538 θέντες,
605 1474 674 1526 τά
704 1474 969 1544 γενόμενα
999 1483 1076 1528 κε’
1105 1476 1202 1541 τὰς
1231 1478 1323 1546 τοῦ
1363 1480 1653 1546 ἐνεστῶτος
1683 1483 1929 1554 σεληνια-

367 1565 468 1619 κοῦ
501 1565 697 1621 κύκλου
723 1565 913 1638 ἔχομεν
946 1569 1186 1633 ἐπακτὰς
1218 1577 1314 1624 κε’.

452 1657 515 1710 Ἦ
545 1657 602 1710 δέ
633 1657 742 1710 τῶν
776 1664 822 1726 γ’
856 1659 1075 1730 ἡμερῶν
1101 1660 1380 1733 προσθήκη
1417 1661 1483 1714 δι’
1522 1664 1697 1718 αἰτίαν
1724 1665 1930 1733 γίνεται

2037 570 2383 641 plicabimus,
2419 569 2578 640 199
2605 569 2670 623 ad
2702 584 2934 638 eumque
2961 576 3071 623 tres
3099 569 3218 626 dies
3249 567 3592 638 adjiciemus,

2035 661 2102 717 de
2132 663 2330 732 quibus
2365 663 2528 732 paulo
2557 668 2682 730 post
2713 669 2920 732 agetur.
2975 659 3049 714 Ex
3082 660 3185 716 hac
3229 675 3441 716 summa
3491 663 3587 714 tri-

2035 755 2285 810 cenarios
2331 768 2556 822 omnes,
2594 752 2773 823 quoad
2820 752 2934 807 ﬁeri
2977 760 3186 822 potest,
3232 752 3591 820 auferemus;

2035 845 2128 915 qui
2184 845 2427 916 singulos
2476 845 2618 900 lunae
2667 857 2886 902 menses
2938 842 3198 899 adiciunt.
3251 842 3546 899 Residuum
3575 885 3592 908 ,

2035 935 2178 1006 quod
2208 936 2390 992 minus
2422 945 2508 992 est
2534 952 2638 991 xxx
2659 976 2674 999 ,
2711 951 2811 1006 pro
2838 935 2980 991 luna:
3007 935 3213 1006 epactis
3246 935 3586 993 habebimus.

2101 1197 2345 1270 Exempli
2381 1214 2581 1254 causa:
2616 1199 2874 1270 quoniam
2908 1199 3189 1270 praesentis
3220 1198 3350 1252 anni
3377 1197 3584 1254 lunaris

2032 1292 2221 1361 cyclus
2255 1298 2338 1348 est
2369 1305 2445 1356 ιι,
2481 1299 2544 1346 ιιι
2577 1291 2956 1348 ostendimus:
2990 1291 3136 1346 hunc
3181 1306 3278 1362 per
3306 1306 3361 1345 xt
3395 1292 3584 1347 multi-

2031 1384 2332 1452 plicantes,
2359 1393 2413 1437 et
2443 1384 2506 1437 ad
2545 1399 2685 1449 xxn,
2719 1383 2813 1454 qui
2846 1383 2972 1438 inde
3020 1382 3191 1445 ﬁunt,
3243 1382 3440 1439 additis
3490 1398 3583 1448 ιιι,

2030 1474 2122 1544 qui
2158 1477 2280 1529 inde
2311 1475 2594 1546 consurgit
2621 1490 2880 1529 numerus
2911 1491 3037 1542 xxv,
3068 1473 3230 1545 hujus
3260 1475 3400 1546 cycli
3431 1475 3586 1530 luna-

2030 1567 2109 1622 ris
2138 1575 2359 1637 epactas
2392 1568 2543 1622 illum
2569 1582 2690 1623 esse
2716 1567 2970 1622 dicimus.

2099 1659 2366 1715 (Sa-terum
2407 1660 2647 1714 triduum
2692 1659 2837 1714 istud
2880 1659 2950 1713 ob
2998 1673 3138 1713 nanc
3176 1673 3396 1715 causam
3446 1657 3583 1729 adji-

366 1747 587 1818 ταύτην.
646 1749 802 1800 Δοκεῖ
862 1749 970 1822 γὰρ
1028 1751 1258 1822 ἀπορίαν
1318 1753 1561 1821 ἐμποιεῖν
1619 1757 1653 1825 ή
1709 1756 1926 1829 τοιαύτη

2030 1753 2190 1806 citur.
2231 1751 2355 1806 Hmc
2389 1753 2530 1806 enim
2564 1751 2804 1806 accessio
2834 1749 3188 1806 dubitationis
3218 1750 3463 1804 nonnihil
3497 1749 3585 1805 af-

370 1840 673 1912 προσθήκη.
702 1841 856 1893 Ἔστι
893 1841 936 1894 δ’
973 1842 1141 1895 αἴτιον
1185 1843 1464 1896 κάνταῦθα
1505 1847 1538 1916 ἡ
1581 1847 1678 1917 τῆς
1727 1827 1926 1920 κυρίως

2031 1843 2172 1899 ferre
2200 1845 2430 1898 videtur.
2463 1842 2567 1897 Sed
2599 1844 2716 1911 ejus
2745 1857 2959 1912 quoque
2985 1841 3125 1896 ratio
3165 1856 3233 1896 ex
3271 1843 3384 1897 veri
3432 1843 3583 1913 prin-

368 1931 542 2002 ἀρχῆς
579 1932 670 1984 τοῦ
712 1931 864 1996 ἔτους
907 1932 1116 2002 ἄγνοια.
1153 1934 1369 2004 Ταύτην
1403 1934 1510 2005 γὰρ
1557 1938 1796 2007 ἀκριϐῶς
1835 1940 1932 1992 οὐκ

369 2022 590 2086 εἰδότες,
631 2024 754 2077 ἐπεὶ
793 2019 948 2095 εὖρον
989 2029 1037 2079 οἱ
1080 2027 1198 2080 κατ’
1224 2027 1396 2098 ἀρχὰς
1431 2029 1498 2082 τὰ
1541 2031 1764 2083 τοιαῦτα
1807 2031 1931 2100 μεθ-

367 2112 704 2177 οδεύσαντες,
748 2114 846 2184 τὴν
883 2117 1108 2187 σελήνην
1150 2119 1208 2169 ἐν
1239 2124 1285 2170 α’
1317 2118 1339 2149 ⁴
1375 2119 1555 2190 κύκλῳ
1587 2121 1757 2192 αὐτῆς
1793 2122 1931 2176 κατά

367 2203 466 2274 τὴν
492 2211 536 2257 α’
571 2205 662 2258 τοῦ
707 2206 1032 2278 Ἰανουαρίου
1065 2208 1396 2281 πανσέληνον
1431 2212 1736 2283 γινομένην,
1777 2229 1933 2266 τουτ-

369 2297 486 2349 ἐστι
524 2297 1069 2352 πεντεκαιδεκαταίαν
1104 2295 1267 2353 οὖσαν
1289 2317 1301 2330 ο
1340 2297 1406 2370 ἦν
1435 2301 1490 2354 δὲ
1517 2303 1612 2356 καὶ
1660 2304 1747 2355 ὅτε
1779 2303 1932 2375 δεδη-

371 2387 694 2460 μιούργηται
716 2389 1249 2444 πεντεκαιδεκαταία’
1273 2391 1363 2444 καὶ
1385 2392 1472 2444 διὰ
1494 2393 1647 2446 τοῦτο
1667 2397 1811 2464 τρεῖς
1837 2395 1932 2465 μὲν

366 2475 507 2550 ἦσαν
535 2482 588 2533 αἱ
619 2480 724 2552 πρὸ
751 2480 849 2550 τῆς
872 2481 1226 2553 δημιουργίας
1252 2483 1422 2554 αὐτῆς
1445 2483 1667 2556 ἡμέραι,
1698 2493 1762 2538 ια’
1788 2486 1845 2538 δὲ
1875 2488 1931 2540 αί

370 2569 479 2623 ἀπὸ
504 2571 603 2641 τῆς
641 2571 1098 2642 προῦποτεθείσης
1128 2573 1367 2637 συνόδου,
1411 2575 1667 2628 ὑπέθεντο
1708 2577 1804 2647 μὲν
1834 2577 1932 2649 τὴν

364 2662 538 2734 ἀρχὴν
564 2663 658 2716 τοῦ
701 2665 1044 2736 Ἰανουαρίου,
1077 2666 1170 2719 καὶ
1217 2668 1326 2720 τῶν
1360 2669 1692 2740 σεληνιακῶν
1719 2671 1930 2727 κύκλων

366 2755 560 2827 ἀρχὴν,
593 2755 935 2826 προσέθηκαν
976 2755 1032 2808 δὲ
1075 2757 1169 2809 καὶ
1198 2757 1298 2819 τὰς
1333 2765 1382 2826 γ’
1411 2760 1642 2830 ἡμέρας,
1672 2761 1758 2814 ἵνα
1790 2763 1931 2816 κατά

367 2846 542 2898 πάντα
594 2843 909 2918 ὁμοιότης
945 2846 1078 2918 πρὸς
1134 2847 1345 2918 ἐκείνην
1388 2849 1486 2921 τὴν
1534 2851 1767 2923 ἡμέραν,
1806 2853 1929 2908 καθ’

365 2937 435 3007 ἡν
473 2936 723 3007 δεδημιού
733 2954 944 3007 ργηται,

365 3048 598 3124 Πῶςοᾶξ·
621 3068 710 3116 τις
748 3050 844 3124 καὶ
887 3051 1005 3124 ᾀπῷ
1049 3050 1156 3118 τῆς
1178 3053 1393 3124 γόψεως
1436 3054 1778 3124 κατανοήσῃ
1816 3054 1929 3122 τὴν

435 3120 705 3187 σελήνην
730 3122 848 3174 εἴτε
878 3120 997 3176 ἀπὸ
1031 3120 1314 3186 συνόδου,
1343 3125 1462 3178 εἴτε
1489 3125 1605 3178 ἀπὸ
1633 3120 1927 3180 amicali?-

433 3208 544 3244 νου
566 3191 757 3244 ἐστίν.

368 3309 370 3311 ‘
433 3297 517 3348 H’.
567 3295 779 3367 Ἐπειδὴ
801 3297 866 3350 ἐκ
890 3298 983 3351 τοῦ
1005 3298 1152 3370 ἡλίου
1182 3299 1392 3371 δέχεται
1427 3303 1487 3356 τὸ
1508 3303 1620 3372 φῶς
1646 3305 1680 3375 ἡ
1708 3305 1921 3378 σελήνη,

365 3385 452 3438 ἀεὶ
491 3385 552 3438 τὸ
592 3388 999 3458 πεφωτισμένον
1039 3391 1209 3460 αὐτῆς
1261 3392 1423 3462 μέρος
1463 3394 1598 3465 πρὸς
1639 3395 1729 3448 τὸν
1774 3397 1925 3465 ἥλιον

364 3477 527 3531 νεύει.
560 3479 717 3532 Ὅθεν
752 3478 1019 3553 αὐξομένη
1053 3483 1150 3552 μὲν
1181 3485 1246 3554 τῇ
1287 3484 1582 3539 ἀποστάσει
1619 3486 1711 3540 τοῦ
1753 3489 1922 3559 ἡλίου,

362 3570 606 3623 τουτέστι
651 3572 999 3627 συνοδεύουσα
1035 3573 1112 3645 τῷ
1152 3576 1304 3647 ἡλίῳ,
1345 3578 1438 3630 καὶ
1475 3579 1566 3631 ἐπὶ
1597 3581 1926 3652 πανσέληνον

364 3661 652 3733 ἐρχομένη,
695 3661 754 3715 τδ
807 3662 902 3733 μὲν
935 3665 1341 3736 πεφωτισμένον
1389 3668 1558 3739 αὐτῆς
1592 3670 1753 3741 μέρος
1783 3673 1925 3726 νεύει

363 3754 503 3824 πρὸς
560 3754 800 3825 δυσμὰς,
856 3756 1213 3829 δυτικωτέρου
1263 3759 1413 3825 ὄντος
1475 3762 1771 3832 τηνικαῦτα
1829 3765 1923 3819 τοῦ

363 3847 535 3917 ἡλίου,
561 3848 618 3900 τὸ
645 3847 700 3900 δέ
730 3849 1064 3919 κερατοειδὲς
1108 3851 1276 3920 αὐτῆς
1322 3852 1416 3906 καὶ
1454 3852 1754 3922 ἀφώτιστον
1781 3854 1924 3909 νεύει

362 3940 501 4012 πρὸς
536 3941 827 4004 ἀνατολάς*
864 3941 1000 3995 ἐπὰν
1042 3943 1098 3995 δὲ
1133 3944 1353 4015 γένηται
1389 3944 1794 4016 ἀντιπρόσωπος
1827 3947 1923 4018 ὅλη

361 4027 440 4098 τῷ
465 4027 617 4099 ήλίῳ,
652 4029 746 4082 καὶ
793 4029 933 4083 κατά
971 4030 1257 4103 διάμετρον
1308 4031 1471 4085 αὐτοῦ
1522 4034 1752 4105 ἀποστῇ,
1800 4035 1922 4090 τότε

365 4123 516 4174 πᾶσα
565 4120 886 4189 φωτίζεται,
937 4121 1030 4194 ὅλη
1071 4123 1176 4193 ὅλῳ
1224 4121 1301 4194 τῷ
1351 4124 1486 4195 ἡλίῳ
1527 4125 1918 4197 προσϐαλοῦσα.

372 4213 506 4284 Ὀλη
532 4214 588 4267 δὲ
619 4214 759 4282 λέγω
807 4215 948 4267 κατὰ
995 4215 1056 4267 τὸ
1103 4216 1237 4285 πρὸς
1284 4218 1429 4287 ἡμᾶς
1474 4219 1643 4289 αὐτῆς
1679 4221 1921 4285 νενευκὸς

365 4306 548 4377 μέρος.
592 4307 780 4361 Ἦνίκα
811 4308 868 4360 δὲ
901 4307 1037 4377 μετά
1086 4308 1436 4381 πανσέληνον·
1467 4309 1696 4382 ἄρξηται
1742 4313 1920 4383 μειοῦ-

364 4398 507 4460 σθαι,
552 4399 646 4452 καὶ
689 4399 824 4471 πρὸς
871 4399 1083 4452 σύνοδον
1133 4399 1384 4491 ἔρχεσθξι
1436 4403 1530 4457 τοῦ
1579 4404 1748 4476 ἡλίου,
1799 4407 1920 4460 τότε

2032 1933 2192 2003 cipii,
2242 1948 2273 1986 a
2323 1947 2431 2002 quo
2482 1947 2658 1988 annus
2705 1931 2923 2001 incipit,
2976 1930 3314 2000 ignoratione
3356 1928 3582 2001 petitur.

2032 2025 2185 2091 Quod
2215 2039 2337 2078 cum
2369 2032 2620 2078 accurate
2651 2039 2759 2078 non
2789 2030 3034 2077 tenerent
3076 2022 3237 2093 primi
3280 2022 3426 2078 illius
3468 2038 3584 2078 me-

2030 2115 2184 2170 thodi
2212 2115 2521 2190 conditores
2541 2152 2555 2176 ,
2587 2129 2649 2168 ac
2679 2118 2852 2183 primo
2882 2114 3022 2168 luna:
3050 2113 3203 2182 cyclo
3242 2112 3584 2168 animadver-

2032 2217 2205 2263 terent
2242 2206 2499 2262 Kalendis
2527 2205 2766 2260 Januarii
2815 2207 3024 2275 plenam
3063 2221 3186 2261 esse
3225 2205 3445 2272 lunam,
3479 2206 3583 2261 hoc

2031 2307 2116 2357 est
2145 2299 2390 2370 quintam
2417 2299 2682 2353 decimam
2707 2315 2722 2365 ;
2753 2312 2817 2351 ac
2848 2305 3051 2351 tantam
3084 2297 3287 2362 fuisse,
3321 2313 3443 2352 cum
3471 2299 3583 2368 pri-

2032 2409 2178 2446 mum
2221 2400 2305 2448 εει
2353 2399 2671 2460 procreata,
2722 2399 3035 2450 constaret.
3078 2398 3139 2442 ιιι
3195 2397 3308 2444 ιιεε
3361 2391 3582 2443 omnino

2031 2482 2147 2538 dies
2183 2481 2461 2536 conditum
2507 2480 2654 2534 illius
2696 2471 3118 2542 antecesserint,
3162 2478 3414 2536 undecim
3454 2494 3580 2534 vero

2031 2590 2061 2628 a
2096 2574 2270 2644 primo
2297 2573 2444 2627 coitu
2465 2611 2479 2634 ,
2507 2586 2666 2641 quem
2712 2571 2963 2640 ﬁngimus
2983 2609 2998 2634 ,
3028 2569 3333 2625 eilluxerint
3363 2589 3376 2624 :
3422 2570 3493 2624 ob
3527 2571 3582 2626 id

2029 2667 2286 2723 Kalendis
2311 2664 2584 2720 Ianuariis
2627 2664 2903 2734 cyclorum
2949 2661 3091 2716 luna:
3134 2661 3461 2731 principium
3492 2671 3581 2716 at-

2029 2757 2376 2824 tribuerunt;
2411 2771 2475 2810 ac
2505 2763 2615 2810 tres
2657 2755 2782 2808 illos
2811 2752 3128 2822 adjecerunt
3155 2749 3270 2805 dies
3291 2789 3304 2814 ,
3353 2759 3413 2803 ut
3453 2765 3580 2805 cum

2029 2867 2116 2916 ea,
2146 2865 2252 2922 qua
2275 2849 2508 2920 primum
2562 2847 2779 2904 condita
2812 2853 2916 2910 est,
2950 2845 3038 2899 die
3080 2857 3176 2914 per
3219 2843 3398 2898 omnia
3449 2857 3582 2897 con-

2029 2950 2266 3014 grueret.

2088 3057 2205 3124 Qua
2232 3054 2436 3108 ratione
2463 3051 2719 3124 quispiam
2748 3051 2860 3124 pisu
2889 3050 3002 3119 ipso
3030 3046 3291 3124 discernat
3312 3057 3530 3124 ,_utrum

2240 3127 2364 3179 (una
2396 3119 2630 3194 proxime
2659 3122 2711 3174 in
2730 3120 2860 3192 jugo
2879 3162 2894 3188 ,
2930 3137 2999 3174 an
3027 3121 3179 3188 plena
3209 3119 3387 3188 fuerit.
3501 3125 3508 3132 '

2099 3302 2235 3358 VIII.
2275 3303 2412 3358 Cum
2444 3301 2514 3356 ab
2561 3300 2674 3356 sole
2720 3299 2896 3355 lucem
2931 3299 3060 3352 luna
3105 3297 3418 3362 fmneretur,
3453 3309 3580 3364 pars

2029 3397 2149 3466 ejus
2174 3394 2473 3450 illuminata
2498 3393 2666 3448 solem
2691 3398 2950 3461 perpetuo
2969 3389 3208 3459 respicit.
3229 3387 3353 3443 ldeo
3369 3401 3489 3443 cum
3513 3386 3581 3440 ab

2031 3489 2145 3544 sole
2175 3487 2436 3558 paulatim
2481 3491 2689 3540 remota
2721 3483 2957 3548 crescit,
2991 3482 3094 3538 hoc
3121 3488 3206 3538 est
3245 3487 3369 3551 post
3410 3480 3582 3549 ipsius

2030 3594 2153 3634 cum
2186 3578 2300 3632 sole
2329 3589 2713 3645 congressum,
2747 3587 2811 3628 ac
2861 3571 3037 3628 tendit
3075 3571 3144 3625 ad
3189 3571 3578 3642 plenilunium.

2029 3685 2137 3740 qua
2175 3677 2328 3739 parte
2373 3668 2545 3722 lucem
2592 3664 2821 3735 accipit,
2853 3663 3026 3735 vergit
3071 3663 3124 3717 in
3150 3677 3443 3727 occasum,
3495 3678 3584 3718 so-

2028 3762 2136 3816 lem
2189 3771 2318 3815 tunc
2369 3759 2572 3814 habens
2604 3757 2673 3811 ab
2703 3755 3019 3819 occidente;
3055 3770 3163 3824 qua
3194 3769 3323 3810 vero
3353 3762 3586 3810 cornuta

2029 3863 2144 3916 est,
2178 3860 2232 3908 et
2259 3865 2452 3920 expers
2482 3849 2736 3910 luminis.
2767 3847 2822 3901 in
2847 3847 3130 3903 orientem.
3160 3845 3331 3902 Porro
3362 3861 3485 3901 cum
3514 3860 3582 3900 ex

2029 3947 2254 4001 adverso
2287 3944 2388 3999 soli
2440 3943 2655 4013 penitus
2704 3940 2944 4009 objacet,
2997 3939 3284 3994 intervallo
3333 3937 3583 3993 diametri

2028 4040 2097 4094 ab
2125 4038 2314 4094 eodem
2343 4036 2596 4101 distans;
2645 4042 2778 4088 tunc
2823 4031 3072 4086 videlicet
3116 4031 3279 4100 pleno
3323 4029 3454 4085 orbe
3495 4044 3582 4085 re-

2028 4129 2309 4198 splendet,
2341 4135 2514 4182 totum
2539 4133 2650 4180 tota
2677 4124 2848 4181 solem
2872 4123 3191 4192 respiciens.
3228 4115 3422 4176 Totam
3455 4133 3582 4174 cum

2027 4224 2170 4288 dico,
2197 4233 2402 4293 partem
2431 4221 2551 4290 ejus
2581 4219 2820 4288 intelligo
2840 4257 2856 4284 ,
2888 4231 3008 4288 quae
3036 4217 3193 4272 nobis
3217 4216 3444 4272 obversa
3474 4221 3578 4270 est.

2026 4317 2097 4370 At
2129 4331 2253 4371 cum
2284 4323 2407 4382 post
2439 4312 2837 4383 oppositionem
2889 4309 3206 4365 decrescere
3250 4307 3475 4378 incipit,
3524 4312 3583 4361 et

2026 4409 2093 4462 ad
2125 4407 2256 4464 solis
2285 4419 2577 4476 properare
2603 4418 2956 4473 congressum
2985 4419 2998 4468 ;
3044 4408 3173 4455 tunc
3217 4400 3410 4454 iterum
3452 4412 3584 4468 pars

361 4491 522 4545 πάλιν
547 4491 610 4544 τὸ
645 4492 741 4562 μὲν
772 4491 1174 4561 πεφωτισμένον
1210 4493 1381 4562 αὐτῆς
1407 4495 1571 4565 μέρος
1607 4495 1751 4549 νεύει
1786 4496 1921 4568 πρὸς

2029 4502 2170 4556 illius
2200 4500 2380 4554 lucida
2409 4506 2619 4568 spectat
2650 4497 2936 4551 orientem.
2975 4494 3152 4566 (Tum
3191 4493 3334 4548 enim
3382 4493 3464 4547 sol
3510 4491 3583 4547 ad

360 4582 622 4653 ἀνατολὴν
652 4581 745 4635 τοῦ
795 4581 941 4652 ﬁlice
989 4582 1445 4654 ἀνατολικωτέρου
1489 4585 1607 4638 τότε
1653 4585 1821 4651 ὄντος,
1860 4588 1922 4641 τὸ

359 4677 416 4731 δὲ
451 4675 749 4744 ἀφώτιστον
792 4673 885 4727 καὶ⁴
928 4674 1263 4745 κερατοειδὲς
1314 4676 1448 4746 πρὸς
1494 4677 1721 4748 δυσμάς.
1757 4681 1922 4733 Ὅταν

358 4769 470 4840 ἄρα
494 4768 554 4820 τὸ
588 4767 995 4836 πεφωτισμένον
1025 4765 1123 4837 τῆς
1162 4766 1388 4837 σελήνης
1428 4768 1598 4840 μέρος
1630 4770 1758 4843 νεύῃ
1789 4772 1923 4842 πρὸς

356 4860 588 4932 δυσμὰς,
622 4859 730 4913 ἀπὸ
753 4859 964 4912 συνόδου
991 4859 1135 4911 ἐστὶν
1159 4860 1192 4929 ἡ
1222 4858 1437 4930 σελήνη,
1467 4862 1563 4914 καὶ
1595 4863 1687 4915 ἐπὶ
1723 4865 1920 4917 πανσέ-

358 4953 517 5024 ληνον
553 4951 797 5024 ἔρχεταιο
830 4952 956 5004 ὅταν
995 4949 1050 5003 δέ
1086 4949 1246 5003 πάλιν
1280 4951 1342 5004 τὸ
1380 4953 1788 5023 πεφωτισμένον
1823 4955 1918 5007 αὐ-

356 5044 459 5114 τῆς
506 5043 668 5115 μέρος
726 5041 853 5116 νεύῃ
904 5042 1040 5114 πρὸς
1090 5042 1370 5106 ἀνατολὰς,
1428 5043 1536 5098 ἀπὸ
1587 5045 1914 5116 πανσελήνου

359 5136 505 5189 ἐστὶν
538 5137 570 5206 ἡ
602 5135 816 5206 σελήνη,
849 5134 942 5187 καὶ
979 5132 1070 5186 ἐπὶ
1097 5133 1309 5187 σύνοδον
1341 5133 1578 5205 ἔρχεται.

359 5247 492 5312 Πῶς
523 5247 599 5300 ἂν
627 5246 898 5314 εὕροιμεν
925 5246 1132 5314 πόσων
1155 5244 1324 5299 ἐστίν
1353 5243 1586 5314 ἡμερῶν
1610 5246 1648 5313 ἡ
1683 5243 1914 5314 σελήνη

427 5317 545 5372 ἀπὸ
595 5312 879 5378 συνόδου,
913 5315 1040 5370 καθ’
1092 5312 1171 5381 ἣν
1213 5315 1288 5368 ἂν
1321 5312 1548 5384 ἡμέραν
1585 5312 1691 5369 τοῦ
1727 5312 1921 5384 μηνὸς·

325 5435 331 5448 ,
426 5387 603 5441 τοῦτο
632 5386 958 5454 ζητοίημεν.

426 5499 503 5551 ϐ’.
521 5497 721 5551 Ἐπεὶδ
744 5496 938 5568 ἔχομεν
953 5496 1152 5550 καὶτὸν
1172 5497 1300 5568 περὶ
1313 5497 1500 5550 τούτου
1533 5496 1707 5565 λόγον,
1728 5496 1920 5567 ἑπόμε-

357 5610 442 5646 νον
469 5590 535 5646 ἂν
562 5589 646 5660 εἴη
685 5589 996 5661 προσθεῖναι
1046 5589 1137 5642 καὶ
1187 5589 1332 5652 ὅπως
1368 5587 1448 5641 δεῖ
1494 5588 1788 5659 λαμϐάνειν
1820 5588 1920 5659 τὴν

429 5745 450 5776 ⁸
487 5762 574 5813 7:0.
612 5743 802 5814 ἐνάτῳ,
842 5752 890 5798 et
919 5757 1039 5797 mox
1068 5741 1208 5795 κατά
1237 5740 1334 5812 τὴν
1372 5748 1456 5796 ια’.

2024 4593 2286 4647 orientem
2317 4591 2490 4662 magis
2521 4589 2747 4645 accedit.
2777 4589 2794 4655 )
2829 4585 2963 4640 Pars
2995 4592 3174 4638 autem
3215 4597 3336 4654 qua
3377 4583 3581 4640 lumine

2023 4697 2217 4738 carens
2263 4692 2377 4749 est,
2426 4688 2480 4737 et
2534 4687 2797 4743 cornuta,
2849 4675 3183 4730 occidentem
3228 4673 3442 4746 aspicit.
3500 4672 3578 4728 Ad

2023 4789 2323 4838 summam,
2355 4771 2574 4843 quando
2603 4785 2731 4840 pars
2757 4769 2899 4822 lunae
2929 4765 3208 4837 splendida
3241 4766 3296 4821 in
3326 4765 3582 4821 occiden-

2022 4874 2129 4927 tem
2156 4866 2360 4936 vergit,
2394 4879 2424 4918 a
2453 4877 2748 4933 congressu
2782 4859 3042 4915 recedens
3088 4856 3260 4912 tendit
3303 4854 3371 4908 ad
3411 4867 3581 4923 oppo-

2023 4955 2322 5020 sitionem;
2355 4967 2480 5007 cum
2510 4959 2689 5005 autem
2738 4948 2918 5004 denuo
2970 4962 3096 5017 pars
3144 4943 3322 4999 lucida
3371 4949 3580 5012 spectat

2024 5047 2284 5101 orientem
2306 5085 2320 5109 ,
2355 5043 2423 5097 ab
2451 5041 2787 5112 oppositione
2812 5038 2954 5094 redit
2983 5037 3048 5091 ad
3082 5034 3368 5107 synodum.

2026 5245 2300 5316 Quomodo
2338 5242 2802 5316 investiganda_sit
2841 5248 2970 5294 a'tas
3010 5238 3178 5298 Iunce,
3217 5236 3312 5313 hoc
3348 5243 3425 5316 cst
3464 5231 3578 5301 ejus

2127 5316 2460 5372 intervallum
2493 5303 2752 5383 avsynodo
2771 5351 2786 5376 ,
2817 5324 3120 5380 quacunque
3147 5305 3338 5360 mensis
3366 5303 3470 5356 die.

2091 5495 2182 5550 1X.
2223 5493 2319 5550 His
2345 5495 2419 5548 ita
2441 5491 2778 5555 constitutis,
2799 5501 3138 5558 consequens
3161 5491 3247 5540 est
3265 5522 3280 5546 ,
3305 5490 3363 5535 ut
3387 5495 3580 5552 quem-

2022 5586 2309 5642 admodum
2352 5593 2484 5642 aetas
2529 5585 2671 5638 luna:
2715 5595 3038 5652 quacunque
3082 5574 3348 5648 propositi
3374 5571 3581 5630 mensis
