4044 6220
523 302 663 363 1299

1556 312 1649 368 ΔΙ)
1685 310 1950 368 EUSEBII
1985 312 2376 372 CHRONICON
2414 312 2769 369 APPENDIX.

3603 320 3743 378 1500

590 421 744 490 Quod
766 421 813 481 si
844 421 969 493 quis
1006 424 1238 483 fortasse
1265 436 1492 499 quaerat,
1528 443 1627 485 cur
1664 447 1774 488 non
1793 433 2067 504 cyclorum

2245 436 2356 491 Καὶ
2381 437 2508 508 περὶ
2543 436 2746 491 τούτων
2761 436 2819 490 δὲ
2833 434 2887 489 ετ
2902 453 2986 500 τις
3017 437 3270 510 ἀποροίη,
3290 438 3375 492 διὰ
3397 438 3461 492 τὺ
3486 439 3564 511 μὴ
3597 440 3745 497 κατά

522 526 779 569 numeros
803 515 995 571 ordine
1016 516 1490 589 descripserimus,
1523 520 1650 577 huic
1678 539 1779 579 nos
1816 525 1890 579 ita
1927 539 2077 594 qua:-

2174 524 2326 591 τάξιν
2365 526 2576 581 κεῖσθαι
2599 528 2727 592 τοὺς
2754 528 3019 600 ἀριθμοὺς
3038 528 3146 582 τῶν
3167 529 3404 593 κύκλων,
3424 534 3612 602 ἡμεῖς,
3646 536 3744 588 καὶ

524 606 690 661 stioni
729 608 1200 678 respondebimus,
1227 621 1286 667 ut
1336 614 1615 684 proposita
1651 618 1788 672 recti
1822 632 2067 673 numero-

2174 618 2376 690 ταύτην
2401 619 2617 684 λύοντες
2639 620 2737 691 τὴν
2752 620 3002 693 ἀπορίαν,
3017 621 3260 693 δείξομεν
3279 624 3374 677 καὶ
3388 623 3455 677 δι’
3472 624 3746 691 ἐκθέσεως

522 711 645 751 rum
684 698 894 754 ordinis
925 698 1122 755 tabella
1163 710 1398 769 constet,
1431 704 1566 759 nihil
1618 705 1757 762 hanc
1806 708 1875 762 ab
1907 708 2075 765 altera

521 788 759 853 dill‘erre,
783 804 904 859 qua:
937 792 1285 860 perturbatos
1317 794 1537 850 eosdem
1567 798 1831 853 continet.
1862 797 2078 856 Descri-

520 878 718 934 bantur
745 880 891 935 enim
921 880 1023 936 hoc
1064 882 1184 937 loco
1219 883 1423 953 duplici
1462 885 1519 941 in
1576 888 1789 953 tabella,
1837 890 2073 959 primum

520 967 729 1035 ordine,
750 976 811 1022 ut
831 968 886 1025 in
906 970 1187 1041 superiore
1219 973 1499 1044 laterculo,
1530 976 1796 1047 confuso;
1825 989 1939 1036 tum
1985 997 2073 1038 re-

518 1066 607 1115 cto
634 1077 649 1115 :
674 1074 739 1115 ac
767 1060 877 1118 siut
895 1062 1184 1134 ejusmodi.

2172 711 2324 776 τάξιν
2344 711 2572 782 ἐχούσης
2604 713 2769 785 μηδὲν
2795 712 3068 786 διαφέρειν
3100 715 3313 786 ἐκείνης
3349 717 3447 786 τῆς
3473 733 3745 788 συγκεχυ-

2180 801 2366 874 μένης.
2444 804 2743 859 Ἐκκείσθω
2790 806 2899 876 γάρ
2944 805 3194 860 ἐνταυθοῖ
3254 808 3311 861 ἐν
3357 812 3745 880 καταγραφαῖς

2177 892 2390 964 πρῶτον
2422 893 2520 964 μὲν
2571 896 2605 966 η
2635 896 2691 947 ἐν
2721 894 2800 966 τῷ
2827 895 3098 967 εἰρημένῳ
3135 896 3364 967 κανονίῳ
3392 900 3740 971 συγκεχυμέ-

2177 998 2283 1046 νως
2317 984 2631 1056 ἐκκειμένη,
2661 985 2849 1041 ἔπειτα
2877 986 2935 1041 δὲ
2962 989 2996 1059 ή
3029 986 3334 1053 εὐτάκτως
3370 989 3464 1043 καὶ
3496 988 3743 1042 εστωσαν

2176 1069 2336 1130 αὗται
2354 1092 2371 1108 ο

1898 1224 1957 1278 A'
1992 1226 2351 1300 Καταγραφή.

1456 1333 1503 1380 α’
1676 1328 1722 1398 β’
1897 1337 1945 1400 γ’
2112 1331 2158 1385 θ’
2330 1341 2360 1387 ι’
2545 1344 2586 1390 ε’
2746 1347 2800 1404 ς’

1459 1418 1505 1482 ζ’
1651 1427 1718 1489 ιγ’
1859 1429 1936 1475 κε’
2090 1428 2150 1476 ιε’
2299 1432 2384 1479 κα’
2518 1427 2601 1498 κβ¹
2744 1433 2807 1498 ιζ’

1448 1516 1517 1581 ιη’
1658 1511 1723 1566 ιθ¹
1874 1514 1934 1567 ιδ
2066 1523 2157 1580 κς¹
2309 1516 2391 1581 κζ’
2539 1528 2609 1575 ια’
2736 1532 2821 1593 κγ’

1450 1602 1515 1674 ιβ’
1655 1605 1731 1662 κδ’
1884 1613 1933 1679 η’
2096 1615 2146 1663 κ’
2323 1612 2366 1666 δ’
2533 1623 2606 1680 ις’
2734 1636 2804 1692 κη

1899 1719 1956 1773 B’
1988 1722 2348 1797 Καταγραφή.

1458 1840 1507 1887 α’
1674 1834 1720 1905 β’
1870 1841 1918 1903 γ’
2322 1838 2367 1893 δ’
2555 1850 2595 1896 ι’
2767 1852 2820 1914 ς’

1464 1925 1510 1990 ζ’
1873 1932 1921 1997 η’
2085 1926 2129 1980 θ’
2320 1968 2339 1986 .
2535 1941 2599 1989 ιαδ

1445 2017 1512 2089 ιβ’
1656 2023 1722 2084 ιγ’
1858 2015 1917 2068 ιδ’
2061 2025 2120 2071 ιε’
2527 2036 2601 2093 ις’
2744 2033 2807 2099 ιζ’

1437 2114 1505 2179 ιη’
1651 2105 1715 2158 ιθ¹
2075 2114 2123 2160 κ’
2279 2120 2363 2165 κα¹
2514 2118 2598 2189 κβ¹
2733 2131 2818 2193 κγ’

1645 2197 1723 2251 κδ’
1852 2204 1930 2252 κε’
2060 2206 2152 2265 κς¹
2254 2203 2356 2288 ’κζ’
2739 2223 2824 2288 κη’

578 2355 1024 2412 Animadvertere
1057 2355 1224 2428 igitur
1252 2360 1491 2427 oportet,
1520 2352 1977 2425 quemadmodum
2008 2351 2066 2407 in

2175 2450 2196 2453 μ
2234 2357 2507 2416 Σκεπτέον
2560 2365 2760 2434 τοίνυν,
2791 2371 2867 2436 ώς
2900 2371 2959 2427 ἐν
2986 2377 3052 2447 τῇ
3110 2375 3338 2451 δευτέρᾳ
3379 2386 3732 2453 καταγραφῇ,

507 2444 749 2504 secunda
780 2444 985 2509 tabula,
1015 2460 1136 2516 quae
1162 2444 1443 2501 ordinatos
1470 2443 1630 2499 habet
1666 2442 1945 2515 c’yclorum
1965 2457 2069 2497 nu-

508 2553 689 2595 meros
713 2577 729 2603 ,
777 2546 975 2610 quarta
1017 2553 1246 2609 quaeque
1279 2538 1460 2593 areola
1497 2537 1741 2592 numeris
1770 2550 1941 2591 vacua
1982 2550 2071 2590 re-

507 2631 634 2685 licta
660 2629 736 2687 sit
776 2645 790 2682 :
831 2645 952 2701 qua:
985 2644 1072 2686 res
1106 2628 1332 2696 iudicat,
1364 2636 1488 2699 post
1509 2641 1682 2684 annos
1712 2636 1950 2698 quatuor
1973 2641 2071 2680 an-

505 2736 638 2777 num
672 2736 781 2776 uno
816 2720 904 2776 die
932 2721 1168 2791 priorem
1194 2720 1442 2776 ordinem
1473 2719 1863 2776 transcendere
1891 2737 1905 2773 :
1929 2717 2069 2774 situs

507 2828 673 2886 porro
692 2826 1043 2867 numerorum
1079 2811 1136 2867 in
1170 2812 1413 2882 quolibet
1445 2827 1610 2868 versu
1636 2809 1777 2867 idem
1805 2818 1888 2866 est
1915 2817 2069 2864 utro-

504 2905 690 2977 bique,
725 2919 789 2958 ac
825 2902 1011 2959 videre
1065 2903 1195 2959 licet
1226 2903 1285 2958 in
1325 2903 1520 2973 primis
1558 2902 1808 2964 .versihus
1846 2901 2068 2958 eosdem

505 2994 782 3065 cyclorum
823 3006 1083 3048 numeros
1121 2992 1436 3048 collocatos.
1474 2991 1588 3048 Etsi
1627 2992 1772 3047 enim
1802 2992 1857 3046 in
1886 2992 2069 3062 priore
2117 3008 2127 3020 '

505 3086 706 3140 tabella
733 3102 866 3140 xvm
897 3099 1060 3155 supra
1094 3100 1170 3139 xu
1193 3084 1408 3155 positus
1452 3084 1563 3148 sit;
1595 3092 1773 3139 tamen
1806 3099 1930 3139 cum
1973 3099 2068 3139 eo-

502 3178 628 3234 dem
659 3186 889 3248 uterque
908 3193 1072 3233 versu
1104 3178 1483 3247 contineatur,
1510 3178 1719 3233 nullum
1752 3194 1815 3233 ex
1849 3186 2065 3249 pertur-

503 3268 631 3324 bata
661 3269 756 3323 illa
800 3269 1161 3339 dispositione
1186 3269 1481 3324 discrimen
1510 3269 1708 3324 oritur.
1740 3269 1884 3325 ldem
1922 3279 1976 3327 et
2009 3272 2064 3327 in

504 3354 734 3424 reliquis
758 3354 1007 3410 versibus
1023 3360 1267 3424 apparet,
1292 3361 1353 3408 ut
1378 3353 1628 3424 quamvis
1652 3353 2065 3409 tumultuarium

504 3444 758 3501 videatur
788 3460 931 3508 esse,
961 3459 1076 3500 non
1106 3454 1285 3499 tamen
1333 3444 1563 3500 excedat
1595 3444 1864 3500 ordinem.
1898 3446 2066 3501 Caete-

503 3551 628 3590 rum
660 3535 971 3592 istiusmodi
1003 3537 1282 3609 cyclorum
1309 3537 1580 3593 ordinatio
1629 3537 1699 3593 ab
1721 3554 1787 3595 eo
1822 3539 1914 3609 qui
1954 3539 2065 3609 pri‘o

502 3639 629 3682 mus
667 3626 991 3681 laterculum
1038 3626 1316 3692 condidit,
1359 3628 1412 3683 in
1452 3644 1576 3684 eum
1622 3637 1707 3686 est
1753 3631 2061 3700 excogitata

502 3716 691 3779 ﬁnem,
725 3723 783 3771 ut
809 3732 871 3772 ea
900 3717 1184 3772 intervalla
1221 3720 1552 3788 repleantur,
1579 3736 1700 3791 quae
1735 3721 1790 3775 in
1821 3722 2060 3777 secunda

502 3806 872 3876 descriptione
907 3806 979 3862 ob
1029 3822 1149 3863 eam
1202 3823 1366 3879 quam
1397 3809 1636 3868 diximus
1677 3824 1898 3868 causam
1933 3822 2062 3869 sunt

502 3898 688 3954 inania
717 3900 931 3954 relicta.

569 3989 936 4059 Quamobrem
976 4000 1037 4047 ut
1084 3992 1141 4048 in
1197 4000 1435 4064 quatuor
1466 3996 1717 4051 versibus
1761 3997 2063 4054 ordinatior

502 4081 597 4136 ilat
626 4098 658 4136 a
689 4083 848 4138 nobis
890 4083 1204 4155 descriptio,
1237 4086 1292 4141 in
1330 4086 1509 4157 primo
1564 4095 1836 4157 ponantur
1876 4089 1987 4154 isti,
2019 4104 2058 4152 ι,

499 4188 599 4237 vu,
640 4189 742 4235 xu,
772 4188 943 4242 [VII];
977 4174 1034 4229 in
1075 4176 1319 4232 secundo
1353 4177 1517 4233 iidem
1556 4188 1906 4247 remaneant;
1950 4187 2063 4235 ter-

502 4265 613 4321 tius
648 4265 785 4322 istos
813 4265 1028 4331 habeat,
1068 4280 1153 4333 tu,
1194 4283 1312 4333 vui,
1351 4284 1464 4334 xlv,
1500 4286 1641 4337 xxv;
1689 4279 1940 4340 quartus,
1982 4286 2057 4335 Ix,

501 4374 594 4423 xv,
635 4374 726 4423 xx,
756 4374 919 4424 xxvr;
947 4359 1192 4429 quintus,
1224 4375 1297 4425 IV,
1334 4378 1389 4425 κ,
1420 4379 1533 4427 ιιι,
1566 4372 1977 4431 xxvu;sextus,
2003 4379 2056 4428 v,

498 4466 579 4515 xi,
620 4469 729 4517 xvi,
747 4467 899 4523 ml;
927 4453 982 4507 in
1011 4455 1239 4525 septimo
1260 4454 1397 4509 nihil
1423 4464 1682 4513 mutetur.

570 4541 631 4600 in
682 4560 898 4602 summo
949 4548 1217 4603 laterculo
1246 4547 1385 4619 cycli
1413 4548 1570 4615 solis,
1598 4560 1659 4604 ut
1704 4549 1910 4605 dictum
1952 4559 2057 4615 est,

500 4636 623 4692 ideo
656 4644 957 4708 ponuntur,
990 4645 1051 4693 ut
1082 4638 1426 4703 ostendatur,
1461 4654 1622 4711 quam
1667 4641 1724 4696 in
1780 4640 1924 4695 diem
1965 4641 2061 4697 he-

498 4728 793 4801 bdomadis
807 4728 1092 4785 Iudaicum
1119 4729 1327 4786 Pascha
1344 4747 1444 4787 suo
1471 4732 1723 4804 quodque
1748 4732 1889 4788 lunae
1907 4735 2061 4804 cyclo

499 4822 803 4892 contingat.
836 4820 957 4876 Non
1001 4824 1147 4879 enim
1184 4822 1619 4880 Christianorum
1670 4824 1880 4883 Pascha
1922 4828 2062 4883 dun-

499 4921 650 4967 taxat
682 4927 777 4983 per
803 4928 1244 4986 unumquemque
1276 4915 1420 4972 luna:
1459 4918 1672 4988 cyclum
1701 4927 1908 4991 septem
1939 4936 2062 4975 ver-

2169 2450 2290 2520 ῆτις
2323 2456 2417 2507 καὶ
2443 2457 2587 2511 κατά
2616 2461 2769 2529 τάξιν
2795 2463 2904 2537 ἔχει
2929 2469 3054 2531 τοὺς
3078 2450 3343 2543 ἀριθμοὺς
3378 2473 3487 2528 τῶν

2168 2544 2538 2637 ἐκκειμένους,
2588 2555 2726 2608 κατά
2773 2557 2816 2610 δ’
2864 2559 2964 2629 μὲν
3009 2561 3190 2634 χώρας
3238 2564 3635 2637 παραλείπεται
3678 2575 3732 2620 α’

2325 2680 2340 2703 9
2400 2642 2474 2714 μὴ
2517 2643 2776 2721 δεχομένη
2808 2650 3054 2723 ἀριθμὸν,
3099 2657 3178 2720 εἰς
3207 2656 3429 2724 ἔνδειξιν
3463 2660 3559 2713 τοῦ
3588 2660 3733 2715 κατά

2168 2728 2208 2783 δ’
2241 2731 2335 2803 ἐτη
2368 2733 2461 2787 τὸν
2492 2737 2733 2791 ἐνιαυτὸν
2776 2742 2962 2814 ἡμέρᾳ
3007 2746 3105 2816 μιᾷ
3133 2746 3232 2818 τὴν
3269 2750 3541 2822 προτέραν
3576 2752 3730 2818 τάξιν

2169 2823 2514 2897 ὑπερϐαίνειν
2540 2844 2553 2856 ·
2577 2831 2610 2900 ἡ
2631 2829 2781 2897 θέσις
2810 2833 2866 2887 δέ
2906 2836 3015 2890 τῶν
3047 2838 3296 2912 ἀριθμῶν
3315 2843 3372 2897 ἐν
3394 2844 3610 2914 ἑκάστῳ
3646 2862 3735 2899 σεο

2168 2914 2315 2988 λιδίῳ
2348 2919 2380 2989 ἡ
2406 2919 2540 2991 αύτή
2568 2922 2683 2976 ἐστι
2716 2926 2809 2978 καὶ
2841 2928 2898 2981 ἐν
2943 2930 3280 3004 ἀμφοτέραις
3301 2938 3422 2999 ταῖς
3445 2954 3733 3009 καταγρα-

2168 3012 2315 3077 φαῖς.
2349 3011 2425 3075 ώς
2460 3012 2605 3069 ἔστιν
2637 3018 2771 3090 ὁρᾷν
2808 3021 2866 3074 ἐν
2895 3026 3006 3087 τοῖς
3052 3023 3287 3096 πρώτοις
3340 3028 3588 3093 σελιδίοις
3605 3032 3733 3095 τοὺς

2167 3101 2362 3167 αὐτοὺς
2391 3103 2499 3158 τῶν
2525 3106 2738 3164 κύκλων
2785 3112 3134 3184 ἐκκειμένους
3158 3116 3441 3189 ἀριθμούς.
3485 3119 3606 3174 Κᾶν
3624 3121 3733 3193 γὰρ

2166 3193 2225 3246 ἐν
2250 3196 2315 3266 τῇ
2354 3194 2547 3272 πρώτῃ
2575 3207 2901 3275 καταγραφῇ
2935 3206 2964 3258 ὁ
2989 3212 3056 3277 ιη’
3084 3205 3287 3262 ἀνωθεν
3313 3208 3408 3262 τοῦ
3444 3208 3512 3281 ιβ’
3530 3214 3730 3274 κεῖται,

2165 3283 2276 3337 ἀλλ’
2310 3286 2403 3339 ἐπὶ
2462 3288 2556 3341 τοῦ
2581 3291 2745 3345 αὐτοῦ
2789 3293 3013 3348 σελιδίου
3060 3298 3154 3350 καὶ
3185 3299 3386 3369 ἀμφοῖν
3438 3301 3730 3371 κειμένων,

2162 3378 2222 3430 ού
2243 3378 2448 3446 γίνεταί
2504 3399 2589 3446 τις
2616 3382 2865 3457 διαφοράξ
2888 3387 2976 3441 διὰ
2999 3388 3097 3460 τὴν
3129 3390 3298 3461 αὐτὴν
3324 3391 3732 3466 ἐνηλλαγμένην

2165 3466 2332 3524 θέσιν.
2368 3471 2441 3524 Τὸ
2469 3472 2599 3526 αὐτὸ
2627 3474 2683 3528 δὲ
2724 3476 2819 3531 καί.
2848 3464 2943 3530 ἐπὶ
2987 3479 3094 3532 τῶν
3127 3478 3331 3535 λοιπῶν
3359 3482 3603 3535 σελιδίων
3633 3464 3732 3555 ἐμ-

2162 3561 2430 3630 φαίνεται,
2481 3562 2740 3619 ἔκτακτον
2786 3566 2885 3637 μὲν
2939 3568 3148 3636 δοκοῦν,
3195 3571 3292 3643 τὴν
3335 3572 3488 3639 τάξιν
3521 3572 3580 3626 δὲ
3634 3577 3730 3646 οὐχ

2163 3652 2508 3725 ύπερϐαϊνον.
2543 3654 2739 3724 Γέγονε
2767 3657 2824 3710 δὲ
2859 3661 2891 3731 ἡ
2936 3661 3158 3732 τοιαύτη
3191 3662 3337 3727 θέσις
3372 3665 3484 3719 τῶν
3515 3667 3729 3721 κύκλων

2164 3742 2243 3814 τῷ
2270 3748 2798 3819 κανονογραφήσαντι
2832 3750 2889 3816 ἐξ
2910 3751 3082 3824 ἀρχῆς
3102 3754 3541 3826 ἀναπληρώσεως
3572 3758 3728 3831 χάριν

2165 3835 2274 3890 τῶν
2301 3837 2535 3910 χωρίων,
2556 3838 2591 3893 ἃ
2606 3839 2738 3893 κενὰ
2752 3842 3113 3916 καταλείπειή
3145 3845 3371 3919 δευτέρα
3400 3850 3728 3921 καταγραφὴ

2164 3927 2254 3981 διὰ
2284 3929 2381 4000 τὴν
2413 3931 2705 4001 εἰρημένην
2737 3934 2934 3988 αἰτίαν.

2236 4020 2354 4074 Ἵνα
2399 4021 2463 4095 δὴ
2520 4018 2612 4077 οὖν
2654 4023 2752 4097 τὴν
2781 4026 2838 4079 ἐν
2882 4028 2991 4091 τοῖς
3035 4026 3078 4080 δ’
3121 4029 3325 4099 στίχοις
3370 4033 3726 4105 καταγραφὴν

2166 4111 2555 4186 εὐτακτοτέραν
2605 4117 2948 4190 ποιήσωμεν,
2994 4118 3056 4172 τὸ
3097 4119 3194 4191 μὲν
3251 4122 3467 4192 πρῶτον
3505 4123 3721 4176 σελίδιον

2166 4203 2335 4274 ἐχέτω
2358 4206 2623 4277 ἀριθμοὺς
2640 4207 2708 4273 α’,
2728 4206 2793 4276 ζ’,
2825 4207 2910 4279 ιβ’,
2948 4210 3018 4282 ιη’
3039 4227 3055 4243 ⁸
3088 4212 3148 4265 τὸ
3174 4212 3229 4266 δὲ
3261 4213 3509 4287 δεύτερον
3532 4215 3711 4284 ἐχέτω,

2165 4296 2241 4360 ὡς
2262 4296 2402 4366 ἔχει·
2436 4298 2497 4351 τὸ
2526 4299 2585 4351 δὲ
2615 4299 2794 4371 τρίτον
2822 4300 2894 4369 γ’,
2933 4302 3001 4373 η’,
3031 4302 3111 4368 ιδ’,
3146 4305 3257 4357 κε’*
3292 4305 3353 4358 τὸ
3379 4306 3436 4359 δὲ
3470 4307 3714 4377 τέταρτον

2166 4384 2232 4450 θ’,
2266 4385 2347 4452 ιε’,
2383 4387 2451 4453 κ’,
2479 4388 2600 4454 atq"
2630 4390 2692 4444 τὸ
2724 4391 2783 4444 δὲ
2834 4392 3083 4464 πέμπτον
3108 4393 3171 4460 δ’,
3199 4395 3253 4459 ι’,
3274 4395 3383 4463 κα’,
3414 4396 3498 4461 κζ’
3516 4415 3530 4428 ·
3569 4396 3627 4448 τὸ
3662 4395 3721 4448 δὲ

2167 4477 2322 4531 ἐκτον
2355 4476 2419 4545 ε’,
2449 4480 2538 4544 ια’,
2570 4480 2667 4546 ις’,
2698 4482 2816 4554 κβ”
2848 4484 2909 4537 τὸ
2933 4485 2991 4538 δὲ
3023 4485 3248 4558 ἕϐδομον
3278 4488 3439 4541 πάλιν
3468 4488 3561 4553 οὓς
3592 4488 3718 4558 ἔχει.

2236 4569 2487 4625 Τίθενται
2501 4572 2556 4626 δὲ
2573 4574 2777 4628 ἀνωθεν
2798 4574 2887 4629 τοῦ
2911 4576 3154 4631 κανονίου
3169 4578 3218 4630 oi
3238 4578 3332 4631 τοῦ
3349 4578 3496 4651 ἡλίου
3519 4579 3724 4644 κύκλοι,

2163 4658 2240 4723 ώς
2264 4659 2497 4733 εἴρηται,
2530 4664 2608 4727 εἰς
2633 4663 2863 4735 δήλωσιν
2886 4665 2981 4719 τοῦ
3007 4669 3065 4720 ἐν
3093 4669 3221 4740 ποίᾳ
3245 4669 3431 4742 ἡμέρᾳ
3453 4672 3554 4742 τῆς
3579 4671 3726 4725 €660-

2170 4752 2335 4821 μάδος
2360 4752 2421 4806 τὸ
2461 4754 2746 4810 Ἰουδαϊκὸν
2781 4757 2970 4829 Πάσχα
2998 4758 3137 4813 κατὰ
3175 4761 3266 4814 τὸν
3296 4763 3495 4815 οἰκεῖον
3512 4763 3612 4833 τῆς
3643 4779 3726 4816 σε⁸

2164 4843 2333 4917 λήνης
2387 4845 2582 4900 κύκλον
2634 4849 2887 4904 τελεῖται.
2923 4850 2996 4904 Οὐ
3037 4851 3193 4922 μόνον
3224 4852 3335 4924 γὰρ
3368 4852 3433 4906 τὸ
3461 4853 3571 4906 τῶν
3598 4855 3727 4924 Χρι-

2168 4936 2395 4990 στιανῶν
2452 4938 2643 5009 Πάσχα
2697 4939 2819 4993 καθ’
2863 4940 3091 4994 ἕκαστον
3134 4941 3331 4996 κύκλον
3390 4943 3620 5015 σελήνης
3670 4944 3725 4997 ἐν

500 5000 655 5058 sibus
683 5002 1019 5073 descriptum
1053 5012 1175 5071 est;
1214 5022 1402 5061 verum
1437 5023 1545 5062 una
1574 5024 1699 5065 cum
1730 5010 1879 5066 illius
1909 5026 2062 5065 men-

503 5092 575 5114 ,τέ
643 5101 767 5114 ___.-
801 5093 976 5114 κη...
1083 5098 1119 5114 Α.
1744 5103 1757 5114 .
1855 5111 1864 5114 _
1901 5104 1913 5114 .
1975 5103 1990 5114 .

2167 5027 2415 5094 σελιδίοις
2460 5000 2763 5097 ἔκκειταιζ
2792 5048 2805 5062 ·
2864 5031 3001 5087 ἀλλά
3052 5035 3149 5086 σὺν
3193 5034 3272 5106 τῷ
3322 5000 3544 5108 ἀριθμῶ
3576 5000 3725 5090 τοῦδέ

498 5092 600 5157 sis,
643 5101 774 5163 puta
800 5093 1002 5162 Martii,
1036 5098 1123 5152 vel
1160 5096 1366 5169 Aprilis
1392 5115 1641 5167 numero,
1665 5103 1759 5172 qui
1790 5111 1873 5158 est
1900 5103 2059 5159 index

2167 5139 2307 5186 τινος
2372 5092 2557 5197 μηνὸς,
2598 5123 2631 5195 ἢ
2678 5092 2772 5177 τοῦ
2802 5125 3068 5196 Μαρτίου,
3107 5127 3140 5198 ἦ
3174 5092 3268 5180 τού
3311 5092 3607 5199 Ἀ’πρίλίου,
3634 5125 3722 5179 τοῦ

499 5180 803 5248 Paschalis,
832 5183 953 5242 dies
998 5189 1163 5243 etiam
1204 5190 1562 5249 hebdomadis
1608 5195 1921 5262 ascribitur,
1953 5210 2062 5268 quo

497 5270 586 5326 die
610 5270 898 5330 Iudaicum
938 5275 1147 5333 Pascha
1181 5281 1511 5337 celebratur.
1586 5356 1597 5372 .

813 5409 1095 5467 Met/udus
1120 5414 1417 5473 inveniendi
1445 5417 1747 5479 Paschalis.

569 5516 660 5572 XI.
692 5521 860 5593 Igitur
878 5526 1020 5585 scire
1042 5544 1166 5585 cum
1193 5530 1447 5588 volumus
1468 5549 1627 5603 quem
1657 5534 1713 5589 in
1734 5551 1973 5592 mensem
1996 5536 2064 5592 de

498 5609 735 5680 duobus,
769 5614 964 5675 Martio
1016 5629 1078 5677 et'
1121 5621 1319 5692 Aprili,
1354 5624 1797 5685 Christianorum
1849 5627 2062 5686 Pascha

497 5713 749 5765 sanctum
790 5708 1014 5781 incidat,
1069 5727 1398 5790 praesentem
1448 5719 1504 5777 in
1553 5733 1807 5795 promptu
1845 5728 2055 5796 cyclum

2162 5210 2446 5277 δηλοῦντος
2493 5212 2553 5266 τὸ
2605 5212 2815 5285 Πάσχα,
2869 5217 3045 5269 κεῖται
3093 5215 3187 5269 καὶ
3226 5218 3260 5287 ἠ
3306 5216 3408 5286 τῆς
3441 5215 3725 5287 ἑϐδομάδος

2163 5301 2364 5373 ἡμέρα,
2399 5301 2519 5357 καθ’
2547 5302 2612 5374 ἦν
2637 5302 2758 5356 τότε
2789 5302 2850 5355 τὸ
2884 5304 3172 5357 Ἰουδαϊκὸν
3187 5304 3441 5357 τελεῖται.

2352 5431 2616 5499 Μέθοδος
2643 5432 2719 5486 δι’
2745 5428 2821 5505 ἧς
2852 5435 3188 5506 εὑρήσομεν
3212 5435 3280 5495 τὸ
3304 5435 3539 5509 Πάσχα.

2237 5546 2340 5601 lA'.
2373 5547 2540 5602 Ὀταν
2579 5549 2756 5603 τοίνυν
2795 5551 3183 5623 προαιρώμεθα
3218 5551 3506 5620 γινώσκειν
3542 5554 3601 5605 ἐν
3622 5552 3721 5605 τίνι

2165 5635 2273 5690 τῶν
2312 5636 2405 5692 δύο
2454 5639 2636 5710 μηνῶν
2674 5642 2979 5714 Μαρτίουῆ
3026 5643 3321 5716 Ἀπριλίου,
3365 5644 3459 5698 καὶ
3500 5646 3557 5698 ἐν
3599 5642 3720 5711 ποίᾳ

2167 5725 2346 5801 ἡμέρᾳ
2393 5730 2510 5794 ἐνὸς
2554 5731 2733 5788 αὐτῶν
2767 5732 2828 5788 τὸ
2859 5734 2965 5791 τῶν
2988 5736 3324 5793 Χοιστιανῶν
3355 5736 3510 5808 ἅγιον
3536 5734 3720 5805 Πάσχα
