4044 6220
427 232 562 289 1501

1313 230 1533 288 lSAACl
1571 229 1875 289 MONACHI
1913 227 2287 288 COMPUTUS
2321 226 2756 285 ECCLESIAST.

3519 217 3671 276 ἴξιοΐ

424 348 675 412 τελεῖται,
727 346 1029 418 προχείρως
1092 344 1188 414 μὲν
1215 344 1560 417 λαμϐάνομεν
1596 347 1685 400 τὸν
1729 347 1964 402 ὶνεστῶτ

2067 398 2070 406 .
2100 348 2234 403 solis
2267 347 2527 401 habemus
2562 346 2616 398 in
2648 355 2861 399 summo
2892 337 3158 394 laterculo
3185 353 3198 390 :
3231 337 3320 390 cui
3351 335 3651 404 subjoctam

422 438 518 490 τοῦ
553 439 704 510 ἡλίου
731 438 945 500 κύκλον,
975 435 1178 491 ἄνωθεν
1199 437 1448 506 κείμενον
1469 437 1565 491 τοῦ
1597 439 1864 506 κανονίου,
1893 439 1988 494 καὶ

422 528 800 600 κατερχόμεθα
825 531 886 582 τὸ
915 527 981 580 δι’
1002 527 1162 581 αὐτοῦ
1185 527 1427 594 σελίδιον,
1462 529 1566 593 ἓως
1597 530 1661 583 ἂν
1695 530 1985 599 φθάσωμεν

421 620 501 681 είς
527 609 620 672 τὸν
642 619 842 689 στίχον,
872 619 956 688 ἐφ’
977 611 1037 671 οῦ
1064 620 1121 671 ἑν
1152 620 1290 691 ἀρχῇ
1321 622 1462 691 ότῆς
1484 621 1708 692 σελὴνης
1719 622 1984 692 γράφεται

421 711 652 774 κύκλοςο
681 712 774 764 καὶ
824 712 884 765 τὸ
914 711 1054 766 οὕτω
1089 714 1336 784 κείμενον
1379 715 1604 784 ἀντικρὺ
1651 714 1791 767 κατὰ
1827 713 1986 783 βάθος

424 803 525 875 μὲν
549 802 643 857 τοῦ
677 803 965 868 ἐνεστῶτος
1003 805 1227 877 ἡλιακοῦ
1267 805 1487 872 κύκλου,
1517 807 1657 861 κατὰ
1683 806 1884 870 πλάτος
1926 807 1985 861 δὲ

419 891 514 946 τοῦ
555 895 896 965 σεληνιακοῦ,
941 897 1183 966 φήσομεν
1236 892 1372 950 εἶναι
1415 898 1476 951 τὸ
1505 898 1614 952 τῶν
1644 899 1985 970 Χριστιανῶν

419 985 573 1054 ἅγιον
595 987 816 1058 Πάσχα·
851 983 946 1058 τὴν
975 988 1019 1041 δ’
1049 989 1139 1040 ὑπ’
1173 990 1302 1042 αὐτὸ
1341 991 1552 1060 ἡμέραν
1580 990 1678 1062 τὴν
1705 991 1803 1061 τῆς
1835 989 1986 1042 ἑϐδο-

421 1079 587 1144 ’.ιάδος
643 1081 876 1153 ἡμέραν,
922 1081 1042 1134 καθ’
1087 1082 1154 1152 ἣν
1205 1081 1392 1150 γέγονε
1422 1083 1484 1135 τὺ
1518 1082 1637 1135 τότε
1677 1081 1978 1135 Ἰουδαϊκόν.

487 1167 632 1236 Οἷον,
661 1171 738 1236 ὡς
783 1174 842 1226 ὲν
892 1173 1268 1242 ὑποδείγματι,
1295 1172 1434 1226 ἔστω
1461 1173 1638 1243 ζητεῖν
1667 1175 1815 1245 ἡμᾶς
1841 1172 1980 1226 κατὰ

416 1262 478 1317 τὸ
534 1261 764 1326 ἐνεστὼς
812 1263 929 1326 ἑτος
976 1263 1036 1316 τὸ
1077 1263 1183 1317 ἀπὸ
1223 1263 1320 1333 τῆς
1343 1263 1434 1316 τοῦ
1477 1264 1679 1335 κόσμου
1718 1265 1981 1333 γενέσεως

416 1353 616 1419 ,ςωπα’
655 1352 792 1417 ἔτος,
823 1354 881 1407 ἑν
940 1355 1069 1426 ποία
1129 1354 1312 1426 ἡμέρᾳ
1370 1354 1462 1408 τοῦ
1514 1356 1755 1426 Μαρτίου
1809 1355 1841 1426 ἢ
1885 1355 1978 1408 τοῦ

427 1446 703 1516 Ἀπριλίου
732 1447 794 1499 τὸ
809 1445 917 1499 τῶν
938 1445 1275 1518 Χριστιανῶν
1304 1446 1454 1500 ἔσται
1491 1449 1700 1519 Πάσχα.
1733 1450 1843 1503 Καὶ
1855 1451 1978 1502 ἐπεὶ

411 1536 625 1608 ἐδείχθη
655 1538 772 1591 κατ’
807 1538 938 1592 αὐτὸ
965 1539 1025 1592 τὸ
1055 1538 1194 1604 ἔτος,
1231 1539 1382 1611 ἡλίου
1417 1542 1512 1611 μὲν
1544 1541 1618 1594 ὢν
1647 1541 1843 1606 κύκλος
1867 1542 1973 1608 κα’,

413 1628 642 1701 σελήνης
669 1629 726 1682 δὲ
745 1629 944 1700 τρίτος,
977 1631 1322 1702 λαμϐάνομεν
1349 1633 1539 1696 αὐτοὺς
1563 1635 1619 1685 ἑν
1639 1633 1716 1704 τῷ
1747 1635 1975 1706 κανονίῳ

2094 438 2333 491 tabulam
2371 437 2556 490 tandiu
2580 433 2975 505 percurrimus,
3007 430 3135 484 dum
3172 427 3238 482 ad
3263 442 3387 482 eum
3436 442 3650 481 versum

2093 527 2496 598 perveniamus,
2521 526 2679 595 cujus
2711 523 2868 578 initio
2893 523 3036 576 lunae
3060 519 3251 592 cyclus
3287 516 3576 572 ascribltur
3597 525 3651 570 et

2095 620 2186 690 qui
2212 621 2264 672 in
2290 617 2562 688 proselide
2581 631 2844 671 numerus
2873 613 3119 668 occurrit
3149 610 3308 680 202
3347 608 3498 680 cyclo
3520 608 3652 663 solis

2090 713 2147 767 in
2179 711 2468 776 directum,
2498 710 2639 762 luna:
2673 707 2728 761 in
2767 716 3138 760 transversum
3169 703 3486 765 attributus,
3527 714 3648 754 eum

2089 803 2528 858 Christianorum
2557 799 2801 854 indicare
2822 795 3033 851 Pascha
3067 795 3340 857 dicemus;
3371 791 3498 845 huic
3521 804 3650 845 vero

2089 896 2388 966 subjectam
2414 893 2580 956 diem,
2611 892 2800 947 feriam
2829 905 2972 957 esse,
3004 903 3110 959 qua
3133 887 3414 942 Judaicum
3440 883 3646 952 Pascha

2089 988 2400 1059 contigerit.

2159 1177 2406 1248 Exempli
2439 1190 2607 1230 causa
2638 1193 2652 1229 :
2693 1183 2967 1244 quaratur
2988 1171 3092 1225 hoc
3123 1184 3288 1233 anno,
3334 1167 3424 1238 qui
3453 1173 3538 1222 est
3577 1165 3647 1220 ab

2085 1273 2222 1329 orbe
2254 1270 2474 1325 condito
2499 1267 2662 1332 6881,
2695 1274 2861 1336 quoto
2891 1264 2979 1319 die
3008 1262 3207 1326 Martii,
3230 1263 3314 1315 vel
3333 1259 3533 1329 Aprilis
3563 1259 3644 1311 in-

2085 1363 2220 1419 cidit
2268 1361 2502 1415 Pascha.
2537 1358 2807 1425 Quoniam
2857 1370 2988 1426 ergo
3038 1368 3203 1424 supra
3249 1349 3645 1407 demonstravi-

2083 1470 2228 1520 mus,
2279 1454 2491 1525 cyclum
2557 1467 2622 1506 eo
2671 1465 2816 1504 anno
2858 1449 2996 1505 solis
3041 1461 3164 1502 esse
3209 1461 3325 1506 xxx,
3371 1443 3510 1497 luna;
3558 1457 3641 1503 ιιι,

2083 1555 2378 1617 utrumque
2416 1546 2473 1600 in
2529 1543 2792 1598 laterculo
2824 1539 3158 1611 quaerimus,
3191 1536 3322 1592 solis
3361 1537 3415 1588 in
3465 1532 3644 1588 fronte

2081 1638 2301 1702 tabulae,
2335 1637 2480 1690 lunae
2528 1642 2706 1689 autem
2766 1633 2831 1688 ad
2873 1632 3056 1697 latus;
3088 1638 3142 1685 et
3195 1628 3320 1698 quia
3361 1625 3536 1681 media
3585 1625 3641 1679 in

411 1719 618 1773 ἄνωθεν
661 1722 760 1791 μὲν
807 1722 896 1775 τὸν
952 1722 1042 1776 τοῦ
1090 1722 1260 1793 ἡλίου,
1291 1725 1355 1776 ἑκ
1383 1724 1610 1793 πλαγίου
1651 1725 1707 1778 δὲ
1751 1727 1843 1779 τὸν
1881 1730 1964 1798 τῆς

2082 1744 2208 1785 area
2240 1727 2549 1784 communis
2578 1726 2810 1798 angulus
2838 1739 2948 1778 xvu
2988 1722 3129 1778 diem
3166 1721 3368 1792 Aprilis
3397 1718 3636 1784 exhibet,

411 1811 678 1883 σελήνηςο
735 1814 963 1886 κάπειδὴ
1019 1817 1424 1888 συνερχομένων
1483 1819 1539 1871 ἑν
1582 1817 1656 1889 τῷ
1709 1819 1856 1890 μέσῳ
1883 1821 1978 1875 τοῦ

408 1903 656 1957 κανονίου
683 1906 820 1960 κατὰ
843 1905 941 1976 τὴν
958 1907 1264 1960 συνέλευσιν
1287 1907 1353 1972 ιζ’
1389 1907 1482 1960 τοῦ
1513 1909 1788 1980 Ἀπριλίου
1821 1929 1981 1965 κατα-

407 1996 698 2066 γράφεται,
745 1999 985 2069 φήσομεν
1037 1999 1358 2070 γενήσεσθαι
1394 2000 1456 2055 τὸ
1488 2002 1752 2074 ἡμέτερον
1783 2004 1974 2074 Πάσχα

405 2088 547 2142 κατὰ
588 2087 685 2161 τὴν
727 2089 819 2142 τοῦ
872 2091 1144 2162 Ἀπριλίου
1190 2090 1296 2154 ιζ’·
1355 2096 1454 2164 τὴν
1491 2093 1546 2146 δὲ
1586 2094 1689 2147 ὑπὸ
1724 2095 1814 2148 τὸν
1852 2097 1976 2168 ἀρι-

405 2179 541 2250 θμὸν
581 2179 768 2236 τοῦτον
800 2181 849 2234 α’
896 2182 1137 2253 ἡμέραν,
1183 2184 1347 2254 ἡγουν
1403 2184 1500 2256 τὴν
1553 2185 1802 2257 πρώτην,
1865 2189 1973 2260 φή-

407 2288 571 2342 σομεν
639 2269 774 2327 εἶναι
830 2275 1042 2347 ἡμέραν
1098 2275 1198 2346 τῆς
1261 2277 1554 2348 ἑϐδομάδος
1599 2278 1647 2332 α’
1712 2280 1812 2350 τὴν
1867 2281 1974 2352 πρὸ

401 2363 496 2416 τοῦ
525 2365 901 2434 Χριστιανικοῦ
947 2367 1133 2420 τούτου
1176 2368 1398 2440 Πάσχα,
1438 2371 1558 2425 καθ’
1611 2372 1677 2442 ἢν
1712 2372 1860 2426 ἔσται
1909 2375 1972 2426 τὸ

415 2455 722 2510 Ἰουδαϊκόν.
753 2457 919 2529 Δῆλον
965 2459 1095 2530 γὰρ,
1127 2460 1222 2525 ὡς,
1271 2463 1392 2514 ἐπεὶ
1421 2465 1454 2534 ἡ
1481 2465 1852 2536 παρακειμένη
1886 2467 1964 2538 τῷ

399 2549 571 2620 τρίτῳ
627 2549 809 2621 κύκλῳ
836 2551 935 2622 τῆς
971 2551 1197 2622 σελήνης
1232 2552 1264 2605 ι’
1294 2552 1387 2606 τοῦ
1427 2556 1699 2627 Ἀπριλὶου
1733 2557 1794 2610 τὸ
1838 2558 1967 2611 Ἰου-

399 2638 582 2694 δαῖκὸν
631 2641 823 2712 Πάσχα
867 2642 1035 2714 δηλοῖ,
1066 2647 1346 2717 γενήσεται
1368 2646 1424 2700 δὲ
1458 2647 1600 2700 κατὰ
1625 2647 1834 2718 ἡμέραν
1868 2652 1966 2720 τῆς

401 2730 690 2802 ἑϐδομάδος
735 2740 803 2799 α’,
848 2734 942 2788 ἐὰν
987 2739 1054 2807 τῇ
1112 2743 1143 2790 ι’
1204 2736 1298 2790 τοῦ
1344 2737 1618 2809 Ἀπριλίου
1677 2739 1886 2811 ἡμέρας
1920 2741 1965 2806 ζ’

399 2825 724 2897 προσθῶμεν
772 2825 872 2890 τὰς
925 2827 1052 2899 ἄχρι
1072 2831 1169 2900 τῆς
1211 2829 1507 2900 ἐρχομένης
1530 2832 1832 2903 Κυριακῆς,
1865 2833 1964 2897 τὰς

2079 1836 2146 1878 eo
2174 1821 2262 1876 die
2289 1819 2499 1876 Pascha
2515 1826 2762 1873 nostrum
2789 1815 2902 1870 fore
2924 1813 3374 1886 pronuntiamus;
3401 1825 3520 1880 qua:
3541 1825 3637 1864 au-

2079 1925 2190 1971 tem
2220 1931 2448 1971 numero
2476 1923 2562 1969 est
2592 1912 2766 1968 eidem
2799 1911 3045 1981 subjecta
3092 1908 3225 1964 feria
3255 1907 3452 1977 prima,
3491 1904 3635 1960 diem

2078 2005 2435 2062 hebdomadis
2457 2019 2579 2059 esse
2597 2002 2864 2066 dicemus,
2894 2016 3014 2071 quae
3038 1999 3244 2056 Pascha
3264 1998 3638 2054 Christianum

2077 2098 2383 2162 antecedit,
2437 2106 2491 2152 et
2546 2098 2602 2151 in
2645 2111 2806 2166 quam
2855 2094 3139 2149 Iudaicum
3190 2094 3449 2147 incurret.
3497 2089 3635 2144 Cum

2075 2191 2221 2249 enim
2265 2190 2332 2245 ad
2387 2190 2608 2244 tertium
2662 2187 2874 2258 cyclum
2905 2187 3152 2257 apposita
3196 2201 3230 2238 x
3277 2184 3394 2238 dies
3433 2180 3635 2252 Aprilis

2073 2281 2285 2346 Pascha
2309 2281 2623 2338 Judaeorum
2660 2280 2884 2344 indicet,
2916 2279 3079 2348 idque
3105 2278 3333 2347 primam
3367 2275 3420 2328 in
3444 2275 3635 2330 feriam

2072 2372 2299 2436 incidat,
2332 2373 2677 2442 perspicuum
2705 2378 2811 2435 est,
2852 2370 2898 2426 si
2929 2369 2998 2423 ad
3022 2370 3164 2423 diem
3205 2366 3409 2435 Aprilis
3441 2381 3473 2417 x
3508 2379 3632 2432 sep-

2071 2473 2182 2520 tem
2226 2464 2344 2520 dies
2379 2465 2673 2527 accedant,
2727 2477 2846 2533 qum
2895 2461 2963 2515 ad
3021 2461 3268 2528 proxime
3319 2465 3634 2526 sequentem

2068 2556 2462 2614 hebdomadam
2499 2555 2834 2626 pertingunt,
2867 2568 2978 2606 xvu
3004 2551 3208 2621 Aprilis
3232 2549 3376 2604 diem
3411 2547 3632 2614 conﬁci,

2069 2665 2179 2721 quo
2201 2648 2570 2704 Christianum
2602 2646 2811 2700 Pascha
2845 2653 3152 2714 peragetur.
3184 2642 3261 2695 Ita
3280 2641 3345 2696 ex
3367 2639 3630 2694 laterculo

2071 2741 2227 2795 facile
2243 2737 2388 2810 quod
2410 2738 2696 2808 quaesitum
2723 2745 2805 2791 est
2825 2735 3124 2792 extricatur
3157 2750 3170 2787 :
3193 2732 3337 2802 quod
3365 2729 3530 2785 etiam
3561 2744 3627 2783 ex

2070 2833 2328 2889 methodo
2361 2837 2443 2886 sic
2481 2831 2731 2884 habetur.

401 2913 466 2978 ιζ’
501 2917 592 2970 τοῦ
622 2918 895 2989 Ἀπριλίου
925 2923 1238 2992 ποιήσομεν,
1267 2921 1387 2974 καθ’
1411 2921 1477 2986 ἃς
1529 2923 1588 2976 τὸ
1619 2923 1808 2994 Πάσχα
1870 2925 2020 2981 ἔσται
2063 2924 2464 2998 Χριστιανικόν.
2514 2924 2623 2976 Καὶ
2668 2920 2840 2984 οὕτως
2886 2920 2981 2990 μὲν
3009 2919 3072 2972 ἑκ
3099 2935 3191 2971 του
3221 2915 3464 2970 κανονίου
3494 2928 3630 2984 προ-

397 3007 597 3077 χείρως
639 3008 970 3079 λαμϐάνεται
1014 3009 1075 3062 τὺ
1107 3009 1433 3081 ζητούμενον
1453 3028 1466 3041 ο
1508 3013 1600 3065 καί
1631 3013 1718 3068 διὰ
1743 3015 1962 3086 μεθόδου
2009 3016 2068 3071 δὲ
2094 3017 2187 3070 καὶ
2211 3015 2384 3078 οὕτως
2411 3032 2425 3044 ο
2858 3022 2860 3024 ’

502 3123 701 3192 Ἑτέρα
733 3123 986 3192 μέθοδος
1016 3123 1126 3193 τῆς
1151 3125 1257 3180 τοῦ
1304 3125 1520 3195 Πάσχα
1551 3128 1860 3196 εὑρέσεως.

480 3239 632 3292 Ἐπεὶ
657 3237 851 3308 ἔχομεν
871 3238 991 3292 καθ’
1016 3239 1242 3294 ἕκαστον
1265 3240 1372 3294 τῶν
1390 3240 1719 3311 σεληνιακῶν
1749 3241 1960 3295 κύκλων

393 3330 494 3401 τὴν
528 3331 620 3384 ἐπὶ
651 3329 744 3383 τοῦ
780 3329 1022 3400 Μαρτίου
1067 3331 1192 3403 ἄχρι
1214 3332 1306 3384 καὶ
1344 3333 1440 3402 τῆς
1470 3333 1531 3396 ιζ’
1554 3331 1648 3385 τοῦ
1687 3333 1958 3404 ’Λπριλίου

393 3422 682 3492 γινομένην
726 3421 1077 3494 πανσέληνον,
1135 3423 1257 3493 ἥτις
1307 3423 1368 3476 τὸ
1437 3424 1721 3477 Ἰουδαϊκὸν
1769 3425 1959 3495 Πάσχα

397 3512 625 3586 μηνύει·
679 3515 765 3568 διά
816 3516 908 3568 τοῦ
954 3515 1396 3586 ἡμεροευρεσίου,
1428 3515 1503 3579 ὡς
1531 3515 1957 3587 προειλὴφαμεν,

392 3608 721 3679 εὑρίσκομεν
776 3610 833 3662 ἑν
863 3608 991 3681 ποίᾳ
1020 3609 1199 3682 ἡμέρᾳ
1223 3609 1331 3662 τῶν
1357 3609 1455 3680 τῆς
1485 3609 1772 3680 ἑϐδομάδος
1810 3610 1961 3664 ἔσται

390 3699 454 3752 τὺ
479 3701 698 3770 νομικὸν
726 3699 916 3772 Πάσχα
957 3701 1018 3754 τὸ
1064 3703 1463 3774 παρακείμενον
1487 3701 1564 3772 τῷ
1587 3702 1840 3756 ἐνεστῶτι
1867 3719 1958 3754 σε-

391 3789 634 3862 ληνιακῷ
663 3790 846 3862 κύκλῳ
865 3808 878 3821 ·
913 3784 956 3860 ᾧ
981 3791 1357 3863 προστιθέντες
1379 3792 1474 3856 τὰς
1511 3793 1708 3862 ἑφεξῆς
1749 3793 1958 3865 ἡμέρας

390 3881 492 3952 τῆς
521 3882 809 3952 ἑϐδομάδος
834 3883 960 3954 ἄχρι
993 3885 1086 3938 καὶ
1111 3885 1276 3956 αὐτῆς
1306 3884 1402 3955 τῆς
1433 3884 1736 3954 Κυριακῆς,
1767 3884 1958 3957 ἔχομεν

393 3970 565 4025 καὶτὸ
585 3970 705 4025 καθ’
735 3973 880 4043 ἡμᾶς
911 3973 1064 4040 ἆγιον
1097 3973 1307 4045 Πάσχα,
1337 3974 1394 4027 ἑν
1413 3973 1519 4045 τίνι
1549 3972 1656 4026 τῶν
1688 3972 1778 4026 τοῦ
1810 3974 1961 4044 Μαρ-

390 4062 505 4115 τίου
534 4063 566 4133 ἢ
592 4063 684 4130 τοῦ
727 4041 1000 4135 ’Ᾱπριλίου
1041 4041 1262 4136 ἡμερῶν
1289 4041 1515 4134 γίνεται.
1551 4065 1661 4118 Καὶ
1697 4064 1836 4118 ἑστω
1865 4041 1957 4118 ἐπὶ

391 4153 784 4224 ὑποδείγματος
813 4154 905 4208 τοῦ
932 4156 1346 4227 προειρημένου.
1402 4157 1552 4208 Ἐπεὶ
1582 4155 1659 4227 τῷ
1701 4155 1954 4210 ἑνεστῶτι

387 4243 509 4296 τότε
568 4245 751 4316 κύκλῳ
807 4246 904 4314 τῆς
957 4246 1187 4318 σελήνης
1249 4247 1414 4318 τρίτῳ
1452 4247 1564 4301 ὄντι
1607 4247 1638 4299 ι’
1678 4247 1952 4318 Ἀπριλίου

387 4334 736 4404 παράκειται,
784 4333 1015 4406 δηλοῦσα
1052 4338 1168 4390 κατ’
1196 4337 1364 4409 αὐτὴν
1406 4333 1542 4391 εἶναι
1571 4339 1632 4390 τὸ
1667 4337 1952 4392 Ἰουδαϊκὸν

2275 3128 2552 3183 Methodus
2583 3129 2754 3182 altera
2786 3126 3065 3182 Pasc/tatis
3097 3119 3410 3180 inueniendi.

2133 3246 2266 3302 Cum
2307 3247 2363 3299 in
2390 3258 2718 3314 unoquoque
2746 3242 2900 3313 cyclo
2933 3240 3112 3295 lunari
3140 3237 3434 3309 plenilunia
3461 3235 3623 3291 nobis

2061 3335 2242 3390 omnia
2271 3341 2542 3398 constent,
2581 3348 2704 3403 qua:
2750 3332 2807 3386 in
2841 3329 3054 3396 Martio,
3093 3336 3148 3384 et
3185 3327 3253 3382 ad
3286 3326 3623 3397 xvuAprilis

2062 3443 2237 3498 usque
2283 3427 2657 3489 continentur,
2697 3433 2750 3479 et
2804 3417 3090 3477 Iudaicum
3138 3419 3350 3474 Pascha
3396 3417 3624 3472 demon-

2059 3526 2256 3583 strant,
2296 3535 2393 3589 per
2414 3516 2736 3572 laterculum
2774 3513 3080 3586 septizonii,
3118 3520 3178 3566 ut
3207 3521 3331 3568 ante
3360 3511 3617 3574 diximus,

2056 3608 2366 3679 indaganda
2386 3617 2470 3664 est
2498 3607 2632 3663 feria
2657 3608 2845 3677 legalis
2867 3605 3172 3666 Paschatis,
3200 3604 3345 3674 quod
3385 3604 3451 3659 ad
3481 3619 3622 3676 praa-
3712 3661 3716 3666 ,

2058 3713 2266 3760 sentem
2297 3704 2441 3758 lunae
2467 3703 2678 3774 cyclum
2705 3699 3134 3766 adnotatur;cui
3164 3699 3404 3769 reliquas
3423 3698 3490 3753 ad
3517 3697 3618 3754 Do-

2056 3795 2315 3852 minicam
2361 3792 2718 3850 hebdomadis
2771 3790 2935 3848 ferias
2997 3790 3293 3855 addentes,
3356 3791 3623 3844 habemus

2056 3889 2259 3952 Martii,
2302 3887 2384 3942 vel
2415 3886 2618 3957 Aprilis
2644 3885 2810 3949 diem,
2849 3884 2905 3938 in
2937 3898 3098 3953 quem
3136 3891 3382 3937 nostrum
3405 3879 3617 3935 Pascha

2059 3979 2444 4036 committitur.
2478 3977 2637 4032 Verbi
2681 3976 2854 4052 gratia
2884 3983 3162 4045 repetatur
3203 3971 3454 4043 superius
3483 3971 3615 4026 illud

2057 4072 2384 4142 exemplum.
2438 4070 2704 4136 Quoniam
2758 4069 2904 4134 enim
2958 4067 3025 4121 ad
3077 4067 3354 4121 ineuntem
3403 4063 3614 4135 cyclum

2056 4163 2200 4217 luna:
2239 4162 2461 4217 tertium
2495 4178 2528 4215 ι
2555 4161 2672 4216 dies
2716 4160 2918 4230 Aprilis
2948 4158 3283 4228 adiungitur,
3318 4155 3618 4211 ostendens

2056 4255 2114 4310 in
2157 4269 2278 4310 eum
2308 4254 2451 4308 diem
2499 4251 2948 4307 caderePascha
2993 4247 3393 4314 Judaicum;si
3437 4246 3616 4302 eidem

2056 4347 2260 4402 mensis
2290 4346 2436 4402 illius
2470 4345 2733 4400 addamus
2760 4352 3031 4420 epactam,
3075 4357 3193 4411 quae
3222 4347 3305 4395 est
3329 4354 3376 4406 ι;
3399 4353 3614 4395 necnon

390 4423 581 4495 Πάσχα
601 4443 614 4456 ο
641 4425 961 4496 προσθέντες
984 4426 1153 4498 ταύτῃ
1185 4427 1281 4499 τὴν
1318 4427 1411 4480 τοῦ
1446 4426 1608 4482 αὐτοῦ
1650 4428 1816 4499 μηνὸς
1852 4429 1951 4480 ἑπ-

2067 4440 2365 4509 praateritos
2399 4439 2533 4494 solis
2565 4454 2636 4491 xx
2665 4419 2849 4509 cyclos
2871 4478 2886 4503 ,
2923 4443 2978 4490 et
3017 4449 3205 4489 eorum
3256 4432 3612 4502 quadrantes,

388 4518 560 4587 ακτὴν
582 4516 632 4570 α’
677 4512 860 4581 οὖσαν,
885 4518 964 4572 ἔτι
985 4536 1044 4571 τε
1071 4519 1196 4582 τοὺς
1226 4518 1588 4591 παρελθόντας
1610 4518 1659 4572 κ’
1693 4520 1949 4590 ἡλιακοὺς

386 4606 636 4671 κύκλους,
685 4609 779 4661 καὶ
805 4609 872 4662 τὰ
910 4609 1112 4664 τούτων
1135 4611 1175 4664 δ’
1208 4611 1417 4682 ἡμέρας
1447 4611 1506 4663 ε”
1531 4610 1628 4674 τὰς
1655 4611 1950 4682 γενομένας

384 4698 518 4769 ὁμοῦ
554 4700 762 4772 ἡμέρας
799 4700 886 4766 λς’
921 4702 1237 4773 μερίσαντες
1293 4703 1445 4773 παρὰ
1489 4704 1580 4756 τὸν
1603 4703 1668 4767 ζ’,
1710 4704 1809 4774 τὴν
1862 4705 1948 4760 ἑν-

384 4791 797 4861 απολειφθεῖσαν
811 4793 861 4846 α’
873 4795 1111 4865 φήσομεν
1133 4795 1342 4866 ἡμέραν
1357 4791 1492 4849 εἶναι
1503 4795 1805 4866 Κυριακὴν,
1826 4796 1947 4852 καθ’

383 4884 509 4955 ἡνὴ
552 4885 752 4955 δεκάτη
802 4887 894 4940 τοῦ
937 4886 1213 4959 Ἀπριλίου
1268 4887 1588 4958 συμπίπτει.
1631 4891 1742 4944 Καὶ
1774 4890 1946 4962 ταύτῃ

271 4995 277 5014 ι
385 4973 706 5044 προσθέντες
719 4974 815 5039 τὰς
828 4977 928 5047 τῆς
954 4977 1150 5048 ἑφεξῆς
1179 4977 1467 5049 ἑϐδομάδος
1497 4978 1624 5049 ἄχρι
1652 4981 1746 5033 καί
1777 4981 1945 5052 αὐτῆς

380 5063 481 5133 τῆς
531 5065 828 5137 ἐρχομένης
879 5069 1160 5139 Κυριακῆς
1209 5070 1422 5141 ἡμέρας
1485 5070 1550 5135 ζ,
1605 5072 1796 5143 ἕξομεν
1852 5075 1945 5127 καὶ

378 5149 550 5214 οὕτως
571 5152 630 5204 τὸ
663 5153 784 5207 καθ’
819 5157 964 5225 ἡμᾶς
1012 5157 1164 5225 ἅγιον
1196 5159 1388 5230 Πάσχα
1416 5163 1482 5232 τῇ
1526 5159 1590 5225 ιζ’
1623 5161 1715 5215 τοῦ
1754 5163 1942 5217 Ἀποι-

378 5240 492 5295 λίου
523 5243 799 5315 ἐσόμενον.

617 5361 756 5430 Περὶ
798 5360 908 5430 τῆς
955 5363 1247 5433 εὑρέσεως
1274 5366 1385 5436 τῆς
1413 5369 1706 5438 ἀπόκρεω.

449 5473 548 5525 lB'.
566 5475 721 5529 Μετὰ
745 5476 802 5529 δὲ
824 5477 882 5529 τὸ
901 5477 1083 5531 λαϐεῖν
1107 5481 1205 5552 τὴν
1231 5480 1328 5533 τοῦ
1363 5484 1529 5554 μηνὸς
1559 5483 1795 5555 ἡμέραν,
1820 5485 1876 5536 ὲν

375 5561 437 5616 τὺ
465 5563 614 5632 ἅγιον
645 5567 835 5638 Πάσχα
875 5570 1193 5640 συμπίπτει,
1231 5574 1610 5644 προστιθέντες
1646 5576 1782 5646 αὐτῇ
1808 5575 1938 5646 ἡμέ·

380 5669 478 5727 ρας
507 5659 671 5726 τρεῖς,
724 5658 965 5728 βισέξτου
1003 5662 1057 5716 δὲ
1092 5663 1242 5728 ὄντος
1269 5665 1331 5729 δ’,
1367 5667 1692 5739 εὑρίσκομεν
1720 5667 1811 5723 καὶ
1839 5668 1937 5738 τὴν

2051 4530 2170 4587 dies
2193 4549 2246 4597 ν,
2272 4547 2486 4587 summa
2517 4531 2747 4585 conﬂata
2777 4530 2985 4583 dierum
3004 4541 3186 4589 xxxvi,
3219 4524 3265 4579 si
3304 4538 3400 4592 per
3425 4538 3500 4577 vu
3528 4521 3612 4574 di-

2050 4624 2288 4690 vidatur,
2319 4624 2587 4693 reliquam
2620 4622 2780 4675 faciet
2807 4620 2947 4674 diem
2966 4635 3003 4680 ι,
3023 4617 3127 4670 hoc
3147 4625 3231 4670 est
3253 4613 3607 4677 Dominicam,

2051 4712 2107 4766 in
2131 4728 2294 4783 quam
2324 4713 2528 4784 Aprilis
2558 4729 2590 4765 χ
2621 4711 2929 4765 conveniet.
2947 4705 3027 4760 Ad
3045 4706 3187 4763 hanc
3217 4719 3408 4762 rursus
3437 4709 3609 4756 totam

2049 4804 2375 4859 addentibus
2438 4804 2816 4872 insequentem
2874 4798 3263 4854 hebdomadem
3313 4811 3488 4865 usque
3540 4794 3606 4848 ad

2047 4893 2293 4963 proxime
2321 4903 2637 4962 sequentem
2671 4891 3030 4955 Dominicam,
3067 4902 3189 4958 qua:
3222 4895 3352 4942 sunt
3377 4885 3605 4948 diesvn,

2047 4982 2417 5038 Christianum
2451 4981 2663 5038 Pascha
2695 4982 2854 5040 nobis
2897 4989 3173 5045 occurret,
3217 4979 3366 5050 quod
3403 4979 3606 5048 Aprilis

2048 5091 2161 5132 xvu
2193 5076 2490 5148 contirrgét.

2044 5367 2120 5423 De
2146 5367 2369 5421 introitu
2408 5366 2550 5422 sacri
2573 5366 2800 5436 jejunii,
2829 5373 2878 5421 at
2920 5366 3251 5424 abstinentiae
3274 5383 3306 5419 a
3331 5364 3600 5418 carnibus.

2113 5481 2229 5538 XII.
2269 5481 2496 5538 Inventa
2526 5481 2614 5536 die
2645 5481 2874 5546 mensis,
2926 5482 2982 5536 in
3014 5497 3175 5553 quam
3213 5479 3421 5534 Pascha
3474 5493 3606 5532 san-

2041 5587 2187 5633 ctum
2219 5575 2442 5640 incidit,
2479 5584 2589 5630 tres
2623 5573 2690 5627 ad
2723 5573 2870 5628 illam
2908 5575 3025 5628 dies
3053 5573 3336 5638 addimus;
3363 5569 3601 5625 bisextili

2040 5687 2168 5728 vero
2197 5685 2359 5728 anno.
2398 5687 2468 5725 ιν.
2491 5667 2590 5736 ita,
2628 5665 2872 5723 Januarii
2923 5667 3005 5721 vel
3039 5664 3318 5725 Februarii
3349 5663 3490 5719 diem
3516 5674 3607 5718 rev-
