  <div class='ocr_page' id='page_1' title='image "/cluster/home/n/w/nwhite01/storage/ocr_20150623/19/hvd.32044073501199/659.png"; bbox 0 0 4044 6220; ppageno 0'>
   <div class='ocr_carea' id='block_1_1' title="bbox 509 259 650 317">
    <p class='ocr_par' dir='ltr' id='par_1_1' title="bbox 509 259 650 317">
     <span class='ocr_line' id='line_1_1' title="bbox 509 259 650 317; baseline 0.007 -1"><span class='ocrx_word' id='word_1_1' title='bbox 509 259 650 317; x_wconf 68' lang='lat' dir='ltr'><strong>i303</strong></span> 
     </span>
    </p>
   </div>
   <div class='ocr_carea' id='block_1_2' title="bbox 1488 262 2721 330">
    <p class='ocr_par' dir='ltr' id='par_1_2' title="bbox 1488 262 2721 330">
     <span class='ocr_line' id='line_1_2' title="bbox 1488 262 2721 330; baseline 0.011 -13"><span class='ocrx_word' id='word_1_2' title='bbox 1488 262 1582 318; x_wconf 84' lang='lat' dir='ltr'><strong>AD</strong></span> <span class='ocrx_word' id='word_1_3' title='bbox 1617 263 1889 320; x_wconf 81' lang='lat' dir='ltr'><strong>EUSEBil</strong></span> <span class='ocrx_word' id='word_1_4' title='bbox 1925 266 2320 327; x_wconf 77' lang='lat' dir='ltr'><strong>CHRONICON</strong></span> <span class='ocrx_word' id='word_1_5' title='bbox 2358 270 2721 330; x_wconf 77' lang='lat' dir='ltr'><strong>APPENDIX.</strong></span> 
     </span>
    </p>
   </div>
   <div class='ocr_carea' id='block_1_3' title="bbox 3607 280 3743 336">
    <p class='ocr_par' dir='ltr' id='par_1_3' title="bbox 3607 280 3743 336">
     <span class='ocr_line' id='line_1_3' title="bbox 3607 280 3743 336; baseline 0 0"><span class='ocrx_word' id='word_1_6' title='bbox 3607 280 3743 336; x_wconf 65' lang='grc'><strong>1504</strong></span> 
     </span>
    </p>
   </div>
   <div class='ocr_carea' id='block_1_4' title="bbox 505 381 2055 472">
    <p class='ocr_par' dir='ltr' id='par_1_4' title="bbox 505 381 2055 458">
     <span class='ocr_line' id='line_1_4' title="bbox 505 381 2055 458; baseline 0.001 -19"><span class='ocrx_word' id='word_1_7' title='bbox 505 383 771 458; x_wconf 79' lang='lat' dir='ltr'><strong>perimus,</strong></span> <span class='ocrx_word' id='word_1_8' title='bbox 798 396 909 454; x_wconf 89' lang='lat' dir='ltr'><strong>quo</strong></span> <span class='ocrx_word' id='word_1_9' title='bbox 938 397 1082 438; x_wconf 88' lang='lat' dir='ltr'><strong>anno</strong></span> <span class='ocrx_word' id='word_1_10' title='bbox 1126 381 1220 437; x_wconf 88' lang='lat' dir='ltr'><strong>illo</strong></span> <span class='ocrx_word' id='word_1_11' title='bbox 1269 381 1551 438; x_wconf 86' lang='lat' dir='ltr'><strong>Dominica</strong></span> <span class='ocrx_word' id='word_1_12' title='bbox 1592 384 1768 455; x_wconf 87' lang='lat' dir='ltr'><strong>prima</strong></span> <span class='ocrx_word' id='word_1_13' title='bbox 1813 386 2055 441; x_wconf 72' lang='lat' dir='ltr'><strong>introitus</strong></span> 
     </span>
    </p>
   </div>
   <div class='ocr_carea' id='block_1_5' title="bbox 2154 381 3745 472">
    <p class='ocr_par' dir='ltr' id='par_1_5' title="bbox 2175 389 3745 472">
     <span class='ocr_line' id='line_1_5' title="bbox 2175 389 3745 472; baseline 0.008 -31"><span class='ocrx_word' id='word_1_14' title='bbox 2175 389 2295 442; x_wconf 85' lang='grc' dir='ltr'>κατ’</span> <span class='ocrx_word' id='word_1_15' title='bbox 2345 392 2521 446; x_wconf 74' lang='grc' dir='ltr'>ἐκεῖνο</span> <span class='ocrx_word' id='word_1_16' title='bbox 2564 394 2627 447; x_wconf 77' lang='grc' dir='ltr'>τὸ</span> <span class='ocrx_word' id='word_1_17' title='bbox 2677 392 2797 457; x_wconf 82' lang='grc' dir='ltr'>ἔτος</span> <span class='ocrx_word' id='word_1_18' title='bbox 2832 393 3111 466; x_wconf 77' lang='grc' dir='ltr'>ἀπόκρεω,</span> <span class='ocrx_word' id='word_1_19' title='bbox 3136 396 3196 448; x_wconf 76' lang='grc' dir='ltr'>ὲν</span> <span class='ocrx_word' id='word_1_20' title='bbox 3223 396 3352 470; x_wconf 75' lang='grc' dir='ltr'>ποίᾳ</span> <span class='ocrx_word' id='word_1_21' title='bbox 3372 398 3558 472; x_wconf 77' lang='grc' dir='ltr'>ἡμέρᾳ</span> <span class='ocrx_word' id='word_1_22' title='bbox 3593 401 3745 456; x_wconf 74' lang='grc' dir='ltr'>ἔσται</span> 
     </span>
    </p>
   </div>
   <div class='ocr_carea' id='block_1_6' title="bbox 500 473 2064 552">
    <p class='ocr_par' dir='ltr' id='par_1_6' title="bbox 500 473 2064 552">
     <span class='ocr_line' id='line_1_6' title="bbox 500 473 2064 552; baseline -0.004 -14"><span class='ocrx_word' id='word_1_23' title='bbox 500 479 833 552; x_wconf 89' lang='lat' dir='ltr'><strong>jejuniorum</strong></span> <span class='ocrx_word' id='word_1_24' title='bbox 860 474 1091 531; x_wconf 86' lang='lat' dir='ltr'><strong>accidet.</strong></span> <span class='ocrx_word' id='word_1_25' title='bbox 1120 474 1254 530; x_wconf 83' lang='lat' dir='ltr'><strong>Nam</strong></span> <span class='ocrx_word' id='word_1_26' title='bbox 1288 475 1335 530; x_wconf 99' lang='lat' dir='ltr'><strong>si</strong></span> <span class='ocrx_word' id='word_1_27' title='bbox 1363 473 1571 531; x_wconf 83' lang='lat' dir='ltr'><strong>Pascha</strong></span> <span class='ocrx_word' id='word_1_28' title='bbox 1610 475 1665 530; x_wconf 94' lang='lat' dir='ltr'><strong>in</strong></span> <span class='ocrx_word' id='word_1_29' title='bbox 1691 476 1931 547; x_wconf 83' lang='lat' dir='ltr'><strong>Aprilem</strong></span> <span class='ocrx_word' id='word_1_30' title='bbox 1971 493 2064 532; x_wconf 84' lang='lat' dir='ltr'><strong>ca-</strong></span> 
     </span>
    </p>
   </div>
   <div class='ocr_carea' id='block_1_7' title="bbox 503 568 2064 641">
    <p class='ocr_par' dir='ltr' id='par_1_7' title="bbox 503 568 2064 641">
     <span class='ocr_line' id='line_1_7' title="bbox 503 568 2064 641; baseline 0 -16"><span class='ocrx_word' id='word_1_31' title='bbox 503 571 606 636; x_wconf 84' lang='lat' dir='ltr'><strong>dit,</strong></span> <span class='ocrx_word' id='word_1_32' title='bbox 634 569 1067 641; x_wconf 88' lang='lat' dir='ltr'><strong>Carnisprivium</strong></span> <span class='ocrx_word' id='word_1_33' title='bbox 1116 568 1411 625; x_wconf 82' lang='lat' dir='ltr'><strong>Februario</strong></span> <span class='ocrx_word' id='word_1_34' title='bbox 1450 569 1758 639; x_wconf 72' lang='lat' dir='ltr'><strong>continget;</strong></span> <span class='ocrx_word' id='word_1_35' title='bbox 1797 571 1884 624; x_wconf 91' lang='lat' dir='ltr'><strong>sin</strong></span> <span class='ocrx_word' id='word_1_36' title='bbox 1917 569 2064 625; x_wconf 86' lang='lat' dir='ltr'><strong>Mar-</strong></span> 
     </span>
    </p>
   </div>
   <div class='ocr_carea' id='block_1_8' title="bbox 505 661 2062 732">
    <p class='ocr_par' dir='ltr' id='par_1_8' title="bbox 505 661 2062 732">
     <span class='ocr_line' id='line_1_8' title="bbox 505 661 2062 732; baseline 0.001 -16"><span class='ocrx_word' id='word_1_37' title='bbox 505 664 640 719; x_wconf 89' lang='lat' dir='ltr'><strong>tium</strong></span> <span class='ocrx_word' id='word_1_38' title='bbox 672 662 940 728; x_wconf 87' lang='lat' dir='ltr'><strong>obtineat,</strong></span> <span class='ocrx_word' id='word_1_39' title='bbox 973 677 1146 732; x_wconf 88' lang='lat' dir='ltr'><strong>usque</strong></span> <span class='ocrx_word' id='word_1_40' title='bbox 1185 661 1252 716; x_wconf 89' lang='lat' dir='ltr'><strong>ad</strong></span> <span class='ocrx_word' id='word_1_41' title='bbox 1301 676 1472 716; x_wconf 76' lang='lat' dir='ltr'><strong>xxvm</strong></span> <span class='ocrx_word' id='word_1_42' title='bbox 1517 662 1569 715; x_wconf 94' lang='lat' dir='ltr'><strong>in</strong></span> <span class='ocrx_word' id='word_1_43' title='bbox 1609 661 1850 716; x_wconf 74' lang='lat' dir='ltr'><strong>bisextili</strong></span> <span class='ocrx_word' id='word_1_44' title='bbox 1898 678 2062 728; x_wconf 89' lang='lat' dir='ltr'><strong>anno,</strong></span> 
     </span>
    </p>
   </div>
   <div class='ocr_carea' id='block_1_9' title="bbox 503 753 2065 828">
    <p class='ocr_par' dir='ltr' id='par_1_9' title="bbox 503 753 2065 828">
     <span class='ocr_line' id='line_1_9' title="bbox 503 753 2065 828; baseline 0.002 -20"><span class='ocrx_word' id='word_1_45' title='bbox 503 756 589 809; x_wconf 83' lang='lat' dir='ltr'><strong>vel</strong></span> <span class='ocrx_word' id='word_1_46' title='bbox 620 770 749 809; x_wconf 75' lang='lat' dir='ltr'><strong>xxix</strong></span> <span class='ocrx_word' id='word_1_47' title='bbox 788 754 932 809; x_wconf 91' lang='lat' dir='ltr'><strong>diem</strong></span> <span class='ocrx_word' id='word_1_48' title='bbox 955 795 969 818; x_wconf 89' lang='lat'><strong>,</strong></span> <span class='ocrx_word' id='word_1_49' title='bbox 1008 754 1063 809; x_wconf 90' lang='lat' dir='ltr'><strong>in</strong></span> <span class='ocrx_word' id='word_1_50' title='bbox 1094 754 1392 819; x_wconf 89' lang='lat' dir='ltr'><strong>communi,</strong></span> <span class='ocrx_word' id='word_1_51' title='bbox 1416 753 1850 828; x_wconf 85' lang='lat' dir='ltr'><strong>Carnisprivmm</strong></span> <span class='ocrx_word' id='word_1_52' title='bbox 1888 756 1943 810; x_wconf 92' lang='lat' dir='ltr'><strong>in</strong></span> <span class='ocrx_word' id='word_1_53' title='bbox 1976 756 2065 811; x_wconf 81' lang='lat' dir='ltr'><strong>Ja—</strong></span> 
     </span>
    </p>
   </div>
   <div class='ocr_carea' id='block_1_10' title="bbox 506 844 2063 917">
    <p class='ocr_par' dir='ltr' id='par_1_10' title="bbox 506 844 2063 917">
     <span class='ocr_line' id='line_1_10' title="bbox 506 844 2063 917; baseline 0.001 -16"><span class='ocrx_word' id='word_1_54' title='bbox 506 848 759 901; x_wconf 89' lang='lat' dir='ltr'><strong>nuarium</strong></span> <span class='ocrx_word' id='word_1_55' title='bbox 783 854 1073 917; x_wconf 80' lang='lat' dir='ltr'><strong>competet.</strong></span> <span class='ocrx_word' id='word_1_56' title='bbox 1102 844 1238 899; x_wconf 89' lang='lat' dir='ltr'><strong>Nam</strong></span> <span class='ocrx_word' id='word_1_57' title='bbox 1268 845 1313 901; x_wconf 89' lang='lat' dir='ltr'><strong>si</strong></span> <span class='ocrx_word' id='word_1_58' title='bbox 1359 844 1533 900; x_wconf 79' lang='lat' dir='ltr'><strong>Martii</strong></span> <span class='ocrx_word' id='word_1_59' title='bbox 1565 861 1756 912; x_wconf 75' lang='lat' dir='ltr'><strong>xxvm,</strong></span> <span class='ocrx_word' id='word_1_60' title='bbox 1790 855 1884 901; x_wconf 88' lang='lat' dir='ltr'><strong>aut</strong></span> <span class='ocrx_word' id='word_1_61' title='bbox 1917 863 2063 911; x_wconf 75' lang='lat' dir='ltr'><strong>xxix.</strong></span> 
     </span>
    </p>
   </div>
   <div class='ocr_carea' id='block_1_11' title="bbox 506 936 2066 1009">
    <p class='ocr_par' dir='ltr' id='par_1_11' title="bbox 506 936 2066 1009">
     <span class='ocr_line' id='line_1_11' title="bbox 506 936 2066 1009; baseline -0.001 -13"><span class='ocrx_word' id='word_1_62' title='bbox 506 946 600 996; x_wconf 88' lang='lat' dir='ltr'><strong>aut</strong></span> <span class='ocrx_word' id='word_1_63' title='bbox 629 954 760 1005; x_wconf 77' lang='lat' dir='ltr'><strong>xxx,</strong></span> <span class='ocrx_word' id='word_1_64' title='bbox 790 947 887 993; x_wconf 89' lang='lat' dir='ltr'><strong>aut</strong></span> <span class='ocrx_word' id='word_1_65' title='bbox 916 954 1044 992; x_wconf 79' lang='lat' dir='ltr'><strong>xm</strong></span> <span class='ocrx_word' id='word_1_66' title='bbox 1083 936 1294 993; x_wconf 84' lang='lat' dir='ltr'><strong>Pascha</strong></span> <span class='ocrx_word' id='word_1_67' title='bbox 1327 937 1440 1002; x_wconf 88' lang='lat' dir='ltr'><strong>iiat,</strong></span> <span class='ocrx_word' id='word_1_68' title='bbox 1473 937 1912 1009; x_wconf 82' lang='lat' dir='ltr'><strong>Carnisprivium</strong></span> <span class='ocrx_word' id='word_1_69' title='bbox 1961 941 2066 995; x_wconf 91' lang='lat' dir='ltr'><strong>erit</strong></span> 
     </span>
    </p>
   </div>
   <div class='ocr_carea' id='block_1_12' title="bbox 505 1028 2066 1101">
    <p class='ocr_par' dir='ltr' id='par_1_12' title="bbox 505 1028 2066 1101">
     <span class='ocr_line' id='line_1_12' title="bbox 505 1028 2066 1101; baseline -0.001 -13"><span class='ocrx_word' id='word_1_70' title='bbox 505 1032 563 1088; x_wconf 86' lang='lat' dir='ltr'><strong>in</strong></span> <span class='ocrx_word' id='word_1_71' title='bbox 588 1028 906 1085; x_wconf 82' lang='lat' dir='ltr'><strong>Februario.</strong></span> <span class='ocrx_word' id='word_1_72' title='bbox 936 1030 1008 1086; x_wconf 88' lang='lat' dir='ltr'><strong>Ut</strong></span> <span class='ocrx_word' id='word_1_73' title='bbox 1041 1029 1097 1085; x_wconf 91' lang='lat' dir='ltr'><strong>in</strong></span> <span class='ocrx_word' id='word_1_74' title='bbox 1122 1030 1371 1100; x_wconf 79' lang='lat' dir='ltr'><strong>exemplo</strong></span> <span class='ocrx_word' id='word_1_75' title='bbox 1393 1030 1520 1085; x_wconf 88' lang='lat' dir='ltr'><strong>anni</strong></span> <span class='ocrx_word' id='word_1_76' title='bbox 1559 1032 1804 1100; x_wconf 77' lang='lat' dir='ltr'><strong>proxime</strong></span> <span class='ocrx_word' id='word_1_77' title='bbox 1833 1046 2066 1101; x_wconf 83' lang='lat' dir='ltr'><strong>sequen-</strong></span> 
     </span>
    </p>
   </div>
   <div class='ocr_carea' id='block_1_13' title="bbox 502 1120 2067 1194">
    <p class='ocr_par' dir='ltr' id='par_1_13' title="bbox 502 1120 2067 1194">
     <span class='ocr_line' id='line_1_13' title="bbox 502 1120 2067 1194; baseline -0.003 -14"><span class='ocrx_word' id='word_1_78' title='bbox 502 1123 576 1180; x_wconf 88' lang='lat' dir='ltr'><strong>tis</strong></span> <span class='ocrx_word' id='word_1_79' title='bbox 592 1123 939 1194; x_wconf 90' lang='lat' dir='ltr'><strong>perspicuum</strong></span> <span class='ocrx_word' id='word_1_80' title='bbox 964 1122 1090 1177; x_wconf 90' lang='lat' dir='ltr'><strong>erit.</strong></span> <span class='ocrx_word' id='word_1_81' title='bbox 1127 1120 1263 1176; x_wconf 86' lang='lat' dir='ltr'><strong>Cum</strong></span> <span class='ocrx_word' id='word_1_82' title='bbox 1294 1123 1439 1177; x_wconf 92' lang='lat' dir='ltr'><strong>enim</strong></span> <span class='ocrx_word' id='word_1_83' title='bbox 1467 1122 1669 1190; x_wconf 85' lang='lat' dir='ltr'><strong>Aprilis</strong></span> <span class='ocrx_word' id='word_1_84' title='bbox 1701 1138 1837 1189; x_wconf 81' lang='lat' dir='ltr'><strong>xvu,</strong></span> <span class='ocrx_word' id='word_1_85' title='bbox 1872 1123 1952 1177; x_wconf 88' lang='lat' dir='ltr'><strong>uti</strong></span> <span class='ocrx_word' id='word_1_86' title='bbox 1982 1122 2067 1176; x_wconf 89' lang='lat' dir='ltr'><strong>di-</strong></span> 
     </span>
    </p>
   </div>
   <div class='ocr_carea' id='block_1_14' title="bbox 504 1212 2064 1280">
    <p class='ocr_par' dir='ltr' id='par_1_14' title="bbox 504 1212 2064 1280">
     <span class='ocr_line' id='line_1_14' title="bbox 504 1212 2064 1280; baseline 0.001 -11"><span class='ocrx_word' id='word_1_87' title='bbox 504 1223 650 1269; x_wconf 88' lang='lat' dir='ltr'><strong>ctum</strong></span> <span class='ocrx_word' id='word_1_88' title='bbox 684 1223 790 1279; x_wconf 89' lang='lat' dir='ltr'><strong>est,</strong></span> <span class='ocrx_word' id='word_1_89' title='bbox 832 1212 1043 1269; x_wconf 82' lang='lat' dir='ltr'><strong>Pascha</strong></span> <span class='ocrx_word' id='word_1_90' title='bbox 1093 1215 1165 1269; x_wconf 90' lang='lat' dir='ltr'><strong>sit</strong></span> <span class='ocrx_word' id='word_1_91' title='bbox 1205 1212 1484 1280; x_wconf 81' lang='lat' dir='ltr'><strong>futurum;</strong></span> <span class='ocrx_word' id='word_1_92' title='bbox 1518 1215 1567 1271; x_wconf 88' lang='lat' dir='ltr'><strong>si</strong></span> <span class='ocrx_word' id='word_1_93' title='bbox 1614 1215 1852 1270; x_wconf 89' lang='lat' dir='ltr'><strong>triduum</strong></span> <span class='ocrx_word' id='word_1_94' title='bbox 1893 1215 1963 1269; x_wconf 87' lang='lat' dir='ltr'><strong>ad</strong></span> <span class='ocrx_word' id='word_1_95' title='bbox 2009 1215 2064 1271; x_wconf 91' lang='lat' dir='ltr'><strong>id</strong></span> 
     </span>
    </p>
   </div>
   <div class='ocr_carea' id='block_1_15' title="bbox 503 1308 2065 1383">
    <p class='ocr_par' dir='ltr' id='par_1_15' title="bbox 503 1308 2065 1383">
     <span class='ocr_line' id='line_1_15' title="bbox 503 1308 2065 1383; baseline -0.001 -19"><span class='ocrx_word' id='word_1_96' title='bbox 503 1309 726 1366; x_wconf 81' lang='lat' dir='ltr'><strong>accedat</strong></span> <span class='ocrx_word' id='word_1_97' title='bbox 773 1310 903 1383; x_wconf 91' lang='lat' dir='ltr'><strong>(non</strong></span> <span class='ocrx_word' id='word_1_98' title='bbox 941 1310 1085 1366; x_wconf 89' lang='lat' dir='ltr'><strong>enim</strong></span> <span class='ocrx_word' id='word_1_99' title='bbox 1128 1309 1395 1365; x_wconf 68' lang='lat' dir='ltr'><strong>bisextilis</strong></span> <span class='ocrx_word' id='word_1_100' title='bbox 1431 1308 1518 1364; x_wconf 91' lang='lat' dir='ltr'><strong>hic</strong></span> <span class='ocrx_word' id='word_1_101' title='bbox 1552 1323 1729 1365; x_wconf 81' lang='lat' dir='ltr'><strong>annus</strong></span> <span class='ocrx_word' id='word_1_102' title='bbox 1764 1309 1891 1383; x_wconf 86' lang='lat' dir='ltr'><strong>est),</strong></span> <span class='ocrx_word' id='word_1_103' title='bbox 1945 1308 2065 1364; x_wconf 89' lang='lat' dir='ltr'><strong>dies</strong></span> 
     </span>
    </p>
   </div>
   <div class='ocr_carea' id='block_1_16' title="bbox 503 1400 2066 1474">
    <p class='ocr_par' dir='ltr' id='par_1_16' title="bbox 503 1400 2066 1474">
     <span class='ocr_line' id='line_1_16' title="bbox 503 1400 2066 1474; baseline -0.001 -16"><span class='ocrx_word' id='word_1_104' title='bbox 503 1404 618 1467; x_wconf 88' lang='lat' dir='ltr'><strong>ille,</strong></span> <span class='ocrx_word' id='word_1_105' title='bbox 652 1403 745 1474; x_wconf 90' lang='lat' dir='ltr'><strong>qui</strong></span> <span class='ocrx_word' id='word_1_106' title='bbox 790 1402 1046 1459; x_wconf 88' lang='lat' dir='ltr'><strong>residuus</strong></span> <span class='ocrx_word' id='word_1_107' title='bbox 1090 1403 1216 1471; x_wconf 88' lang='lat' dir='ltr'><strong>erit,</strong></span> <span class='ocrx_word' id='word_1_108' title='bbox 1266 1401 1553 1459; x_wconf 87' lang='lat' dir='ltr'><strong>Februarii</strong></span> <span class='ocrx_word' id='word_1_109' title='bbox 1585 1403 1898 1469; x_wconf 81' lang='lat' dir='ltr'><strong>vicesimus,</strong></span> <span class='ocrx_word' id='word_1_110' title='bbox 1931 1400 2066 1457; x_wconf 83' lang='lat' dir='ltr'><strong>Car-</strong></span> 
     </span>
    </p>
   </div>
   <div class='ocr_carea' id='block_1_17' title="bbox 504 1493 1162 1565">
    <p class='ocr_par' dir='ltr' id='par_1_17' title="bbox 504 1493 1162 1565">
     <span class='ocr_line' id='line_1_17' title="bbox 504 1493 1162 1565; baseline -0.005 -14"><span class='ocrx_word' id='word_1_111' title='bbox 504 1494 831 1565; x_wconf 80' lang='lat' dir='ltr'><strong>nisprivium</strong></span> <span class='ocrx_word' id='word_1_112' title='bbox 864 1493 1162 1550; x_wconf 80' lang='lat' dir='ltr'><strong>exhibebit.</strong></span> 
     </span>
    </p>
   </div>
   <div class='ocr_carea' id='block_1_18' title="bbox 663 1605 1884 1678">
    <p class='ocr_par' dir='ltr' id='par_1_18' title="bbox 663 1605 1884 1678">
     <span class='ocr_line' id='line_1_18' title="bbox 663 1605 1884 1678; baseline -0.002 -13"><span class='ocrx_word' id='word_1_113' title='bbox 663 1606 948 1665; x_wconf 72' lang='lat' dir='ltr'><strong>Hethodus</strong></span> <span class='ocrx_word' id='word_1_114' title='bbox 983 1608 1092 1663; x_wconf 83' lang='lat' dir='ltr'><strong>alia</strong></span> <span class='ocrx_word' id='word_1_115' title='bbox 1123 1607 1406 1663; x_wconf 73' lang='lat' dir='ltr'><strong>Paschalis</strong></span> <span class='ocrx_word' id='word_1_116' title='bbox 1433 1616 1484 1663; x_wconf 86' lang='lat' dir='ltr'><strong>et</strong></span> <span class='ocrx_word' id='word_1_117' title='bbox 1516 1605 1884 1678; x_wconf 83' lang='lat' dir='ltr'><strong>Carnisprivii.</strong></span> 
     </span>
    </p>
   </div>
   <div class='ocr_carea' id='block_1_19' title="bbox 2168 481 3747 563">
    <p class='ocr_par' dir='ltr' id='par_1_19' title="bbox 2168 481 3747 563">
     <span class='ocr_line' id='line_1_19' title="bbox 2168 481 3747 563; baseline 0.007 -28"><span class='ocrx_word' id='word_1_118' title='bbox 2168 481 2264 535; x_wconf 82' lang='grc' dir='ltr'>τοῦ</span> <span class='ocrx_word' id='word_1_119' title='bbox 2330 482 2656 557; x_wconf 86' lang='grc' dir='ltr'>Ἰανουαρίου</span> <span class='ocrx_word' id='word_1_120' title='bbox 2702 485 2735 556; x_wconf 84' lang='grc' dir='ltr'>ἢ</span> <span class='ocrx_word' id='word_1_121' title='bbox 2784 484 2878 539; x_wconf 81' lang='grc' dir='ltr'><strong>τοῦ</strong></span> <span class='ocrx_word' id='word_1_122' title='bbox 2930 485 3318 561; x_wconf 71' lang='grc' dir='ltr'>Φεϐρουαρίου.</span> <span class='ocrx_word' id='word_1_123' title='bbox 3368 491 3456 544; x_wconf 89' lang='grc' dir='ltr'>Ἐν</span> <span class='ocrx_word' id='word_1_124' title='bbox 3501 492 3603 562; x_wconf 78' lang='grc' dir='ltr'>μὲν</span> <span class='ocrx_word' id='word_1_125' title='bbox 3638 493 3747 563; x_wconf 73' lang='grc' dir='ltr'><strong>γάρ</strong></span> 
     </span>
    </p>
   </div>
   <div class='ocr_carea' id='block_1_20' title="bbox 2181 573 3748 653">
    <p class='ocr_par' dir='ltr' id='par_1_20' title="bbox 2181 573 3748 653">
     <span class='ocr_line' id='line_1_20' title="bbox 2181 573 3748 653; baseline 0.006 -28"><span class='ocrx_word' id='word_1_126' title='bbox 2181 573 2437 644; x_wconf 82' lang='grc' dir='ltr'>Ἀπριλίῳ</span> <span class='ocrx_word' id='word_1_127' title='bbox 2483 574 2578 628; x_wconf 82' lang='grc' dir='ltr'>τοῦ</span> <span class='ocrx_word' id='word_1_128' title='bbox 2623 576 2813 646; x_wconf 89' lang='grc' dir='ltr'>Πάσχα</span> <span class='ocrx_word' id='word_1_129' title='bbox 2862 576 3033 643; x_wconf 80' lang='grc' dir='ltr'><strong>ὄντος,</strong></span> <span class='ocrx_word' id='word_1_130' title='bbox 3080 580 3114 650; x_wconf 79' lang='grc' dir='ltr'><strong>ἡ</strong></span> <span class='ocrx_word' id='word_1_131' title='bbox 3149 580 3440 653; x_wconf 83' lang='grc' dir='ltr'>ἀπόκρεως</span> <span class='ocrx_word' id='word_1_132' title='bbox 3478 582 3636 637; x_wconf 78' lang='grc' dir='ltr'>ἐσται</span> <span class='ocrx_word' id='word_1_133' title='bbox 3686 586 3748 637; x_wconf 81' lang='grc' dir='ltr'>ὲν</span> 
     </span>
    </p>
   </div>
   <div class='ocr_carea' id='block_1_21' title="bbox 2164 662 3744 743">
    <p class='ocr_par' dir='ltr' id='par_1_21' title="bbox 2164 662 3744 743">
     <span class='ocr_line' id='line_1_21' title="bbox 2164 662 3744 743; baseline 0.005 -28"><span class='ocrx_word' id='word_1_134' title='bbox 2164 662 2529 735; x_wconf 63' lang='grc' dir='ltr'>Φεϐρουαρίῳ·</span> <span class='ocrx_word' id='word_1_135' title='bbox 2562 667 2619 718; x_wconf 76' lang='grc' dir='ltr'>ἐν</span> <span class='ocrx_word' id='word_1_136' title='bbox 2652 665 2708 719; x_wconf 81' lang='grc' dir='ltr'>δὲ</span> <span class='ocrx_word' id='word_1_137' title='bbox 2732 666 2960 738; x_wconf 83' lang='grc' dir='ltr'>Μαρτίῳ</span> <span class='ocrx_word' id='word_1_138' title='bbox 2985 668 3112 739; x_wconf 82' lang='grc' dir='ltr'>ἀχρι</span> <span class='ocrx_word' id='word_1_139' title='bbox 3145 670 3245 741; x_wconf 81' lang='grc' dir='ltr'>τῆς</span> <span class='ocrx_word' id='word_1_140' title='bbox 3279 672 3364 742; x_wconf 80' lang='grc' dir='ltr'><strong>κη’</strong></span> <span class='ocrx_word' id='word_1_141' title='bbox 3401 674 3459 727; x_wconf 79' lang='grc' dir='ltr'>ὲν</span> <span class='ocrx_word' id='word_1_142' title='bbox 3492 672 3744 743; x_wconf 77' lang='grc' dir='ltr'>βισέξτῳ,</span> 
     </span>
    </p>
   </div>
   <div class='ocr_carea' id='block_1_22' title="bbox 2165 754 3744 830">
    <p class='ocr_par' dir='ltr' id='par_1_22' title="bbox 2165 754 3744 830">
     <span class='ocr_line' id='line_1_22' title="bbox 2165 754 3744 830; baseline 0.007 -25"><span class='ocrx_word' id='word_1_143' title='bbox 2165 754 2199 825; x_wconf 78' lang='grc' dir='ltr'>ἢ</span> <span class='ocrx_word' id='word_1_144' title='bbox 2250 754 2349 825; x_wconf 79' lang='grc' dir='ltr'>τῆς</span> <span class='ocrx_word' id='word_1_145' title='bbox 2394 754 2475 807; x_wconf 83' lang='grc' dir='ltr'>κθ¹</span> <span class='ocrx_word' id='word_1_146' title='bbox 2532 756 2591 808; x_wconf 82' lang='grc' dir='ltr'>ὲν</span> <span class='ocrx_word' id='word_1_147' title='bbox 2633 756 2692 808; x_wconf 80' lang='grc' dir='ltr'><strong>οὐ</strong></span> <span class='ocrx_word' id='word_1_148' title='bbox 2748 754 2972 826; x_wconf 79' lang='grc' dir='ltr'>βισέξτῳ</span> <span class='ocrx_word' id='word_1_149' title='bbox 2999 797 3015 823; x_wconf 86' lang='grc'><strong>,</strong></span> <span class='ocrx_word' id='word_1_150' title='bbox 3075 760 3108 828; x_wconf 87' lang='grc' dir='ltr'><strong>ή</strong></span> <span class='ocrx_word' id='word_1_151' title='bbox 3168 759 3454 830; x_wconf 85' lang='grc' dir='ltr'>ἀπόκρεως</span> <span class='ocrx_word' id='word_1_152' title='bbox 3516 765 3577 815; x_wconf 83' lang='grc' dir='ltr'>ὲν</span> <span class='ocrx_word' id='word_1_153' title='bbox 3637 764 3744 816; x_wconf 83' lang='grc' dir='ltr'><strong>Ἰα-</strong></span> 
     </span>
    </p>
   </div>
   <div class='ocr_carea' id='block_1_23' title="bbox 2166 841 3744 924">
    <p class='ocr_par' dir='ltr' id='par_1_23' title="bbox 2166 841 3744 924">
     <span class='ocr_line' id='line_1_23' title="bbox 2166 841 3744 924; baseline 0.006 -28"><span class='ocrx_word' id='word_1_154' title='bbox 2166 841 2397 915; x_wconf 82' lang='grc' dir='ltr'>νουαρίῳ</span> <span class='ocrx_word' id='word_1_155' title='bbox 2443 843 2613 899; x_wconf 76' lang='grc' dir='ltr'>ἔσται.</span> <span class='ocrx_word' id='word_1_156' title='bbox 2670 845 2756 898; x_wconf 85' lang='grc' dir='ltr'>Ἐν</span> <span class='ocrx_word' id='word_1_157' title='bbox 2783 845 2889 917; x_wconf 79' lang='grc' dir='ltr'>γὰρ</span> <span class='ocrx_word' id='word_1_158' title='bbox 2933 848 2998 917; x_wconf 78' lang='grc' dir='ltr'>τῇ</span> <span class='ocrx_word' id='word_1_159' title='bbox 3046 847 3132 919; x_wconf 85' lang='grc' dir='ltr'><strong>κη’</strong></span> <span class='ocrx_word' id='word_1_160' title='bbox 3155 848 3249 901; x_wconf 78' lang='grc' dir='ltr'>τοῦ</span> <span class='ocrx_word' id='word_1_161' title='bbox 3278 850 3543 921; x_wconf 79' lang='grc' dir='ltr'><strong>Μαρτίου,</strong></span> <span class='ocrx_word' id='word_1_162' title='bbox 3593 853 3628 922; x_wconf 72' lang='grc' dir='ltr'><strong>ἡ</strong></span> <span class='ocrx_word' id='word_1_163' title='bbox 3676 856 3744 924; x_wconf 79' lang='grc' dir='ltr'>τῇ</span> 
     </span>
    </p>
   </div>
   <div class='ocr_carea' id='block_1_24' title="bbox 2166 932 3745 1013">
    <p class='ocr_par' dir='ltr' id='par_1_24' title="bbox 2166 932 3745 1013">
     <span class='ocr_line' id='line_1_24' title="bbox 2166 932 3745 1013; baseline 0.006 -27"><span class='ocrx_word' id='word_1_164' title='bbox 2166 932 2267 999; x_wconf 84' lang='grc' dir='ltr'>κθ’,</span> <span class='ocrx_word' id='word_1_165' title='bbox 2322 933 2355 1004; x_wconf 81' lang='grc' dir='ltr'>ἢ</span> <span class='ocrx_word' id='word_1_166' title='bbox 2402 937 2466 1005; x_wconf 77' lang='grc' dir='ltr'>τῇ</span> <span class='ocrx_word' id='word_1_167' title='bbox 2517 934 2583 998; x_wconf 85' lang='grc' dir='ltr'>λ’,</span> <span class='ocrx_word' id='word_1_168' title='bbox 2632 935 2766 1006; x_wconf 76' lang='grc' dir='ltr'><strong>ῆτῇ</strong></span> <span class='ocrx_word' id='word_1_169' title='bbox 2809 934 2891 989; x_wconf 88' lang='grc' dir='ltr'>λα’</span> <span class='ocrx_word' id='word_1_170' title='bbox 2943 937 3339 1007; x_wconf 78' lang='grc' dir='ltr'><strong>συμπίπτοντος</strong></span> <span class='ocrx_word' id='word_1_171' title='bbox 3379 940 3473 994; x_wconf 82' lang='grc' dir='ltr'>τοῦ</span> <span class='ocrx_word' id='word_1_172' title='bbox 3525 942 3745 1013; x_wconf 87' lang='grc' dir='ltr'>Πάσχα,</span> 
     </span>
    </p>
   </div>
   <div class='ocr_carea' id='block_1_25' title="bbox 2166 1023 3747 1096">
    <p class='ocr_par' dir='ltr' id='par_1_25' title="bbox 2166 1023 3747 1096">
     <span class='ocr_line' id='line_1_25' title="bbox 2166 1023 3747 1096; baseline 0.005 -21"><span class='ocrx_word' id='word_1_173' title='bbox 2166 1023 2199 1093; x_wconf 81' lang='grc' dir='ltr'>ἡ</span> <span class='ocrx_word' id='word_1_174' title='bbox 2253 1023 2539 1094; x_wconf 86' lang='grc' dir='ltr'>ἀπόκρεως</span> <span class='ocrx_word' id='word_1_175' title='bbox 2588 1025 2647 1078; x_wconf 79' lang='grc' dir='ltr'>ὲν</span> <span class='ocrx_word' id='word_1_176' title='bbox 2689 1024 3035 1096; x_wconf 82' lang='grc' dir='ltr'>Φεϐρουαρίῳ</span> <span class='ocrx_word' id='word_1_177' title='bbox 3085 1024 3266 1080; x_wconf 80' lang='grc' dir='ltr'>ἔσται·</span> <span class='ocrx_word' id='word_1_178' title='bbox 3326 1028 3401 1091; x_wconf 84' lang='grc' dir='ltr'>ὡς</span> <span class='ocrx_word' id='word_1_179' title='bbox 3462 1030 3557 1082; x_wconf 75' lang='grc' dir='ltr'><strong>ἐπὶ</strong></span> <span class='ocrx_word' id='word_1_180' title='bbox 3613 1031 3747 1083; x_wconf 78' lang='grc' dir='ltr'>ὑπο-</span> 
     </span>
    </p>
   </div>
   <div class='ocr_carea' id='block_1_26' title="bbox 2163 1114 3745 1189">
    <p class='ocr_par' dir='ltr' id='par_1_26' title="bbox 2163 1114 3745 1189">
     <span class='ocr_line' id='line_1_26' title="bbox 2163 1114 3745 1189; baseline 0.004 -20"><span class='ocrx_word' id='word_1_181' title='bbox 2163 1114 2450 1186; x_wconf 77' lang='grc' dir='ltr'>δείγματος</span> <span class='ocrx_word' id='word_1_182' title='bbox 2512 1114 2605 1168; x_wconf 81' lang='grc' dir='ltr'>τοῦ</span> <span class='ocrx_word' id='word_1_183' title='bbox 2679 1115 2970 1187; x_wconf 71' lang='grc' dir='ltr'>ἐρχομένου</span> <span class='ocrx_word' id='word_1_184' title='bbox 3018 1117 3116 1170; x_wconf 76' lang='grc' dir='ltr'><strong>σὺν</strong></span> <span class='ocrx_word' id='word_1_185' title='bbox 3169 1117 3289 1189; x_wconf 87' lang='grc' dir='ltr'><strong>Θεῷ</strong></span> <span class='ocrx_word' id='word_1_186' title='bbox 3349 1120 3539 1189; x_wconf 80' lang='grc' dir='ltr'>Πάσχα</span> <span class='ocrx_word' id='word_1_187' title='bbox 3588 1121 3745 1176; x_wconf 77' lang='grc' dir='ltr'>ἔσται</span> 
     </span>
    </p>
   </div>
   <div class='ocr_carea' id='block_1_27' title="bbox 2166 1206 3742 1284">
    <p class='ocr_par' dir='ltr' id='par_1_27' title="bbox 2166 1206 3742 1284">
     <span class='ocr_line' id='line_1_27' title="bbox 2166 1206 3742 1284; baseline 0.004 -23"><span class='ocrx_word' id='word_1_188' title='bbox 2166 1206 2415 1279; x_wconf 81' lang='grc' dir='ltr'>φανερόν.</span> <span class='ocrx_word' id='word_1_189' title='bbox 2480 1207 2631 1260; x_wconf 79' lang='grc' dir='ltr'>Ἐπεὶ</span> <span class='ocrx_word' id='word_1_190' title='bbox 2691 1207 2798 1279; x_wconf 81' lang='grc' dir='ltr'><strong>γὰρ</strong></span> <span class='ocrx_word' id='word_1_191' title='bbox 2841 1210 2906 1279; x_wconf 76' lang='grc' dir='ltr'>τῇ</span> <span class='ocrx_word' id='word_1_192' title='bbox 2959 1206 3022 1273; x_wconf 77' lang='grc' dir='ltr'><strong>ιζ’</strong></span> <span class='ocrx_word' id='word_1_193' title='bbox 3077 1208 3229 1263; x_wconf 81' lang='grc' dir='ltr'>ἔσται</span> <span class='ocrx_word' id='word_1_194' title='bbox 3282 1210 3375 1264; x_wconf 80' lang='grc' dir='ltr'>τοῦ</span> <span class='ocrx_word' id='word_1_195' title='bbox 3439 1213 3742 1284; x_wconf 71' lang='grc' dir='ltr'>’Δπριλίου,</span> 
     </span>
    </p>
   </div>
   <div class='ocr_carea' id='block_1_28' title="bbox 2163 1296 3743 1377">
    <p class='ocr_par' dir='ltr' id='par_1_28' title="bbox 2163 1296 3743 1377">
     <span class='ocr_line' id='line_1_28' title="bbox 2163 1296 3743 1377; baseline 0.006 -27"><span class='ocrx_word' id='word_1_196' title='bbox 2163 1298 2239 1361; x_wconf 83' lang='grc' dir='ltr'><strong>ὡς</strong></span> <span class='ocrx_word' id='word_1_197' title='bbox 2276 1296 2481 1353; x_wconf 77' lang='grc' dir='ltr'>ἄνωθεν</span> <span class='ocrx_word' id='word_1_198' title='bbox 2532 1298 2770 1370; x_wconf 78' lang='grc' dir='ltr'>εἴρηται,</span> <span class='ocrx_word' id='word_1_199' title='bbox 2800 1298 2973 1373; x_wconf 80' lang='grc' dir='ltr'>ταύτῃ</span> <span class='ocrx_word' id='word_1_200' title='bbox 3021 1301 3350 1371; x_wconf 82' lang='grc' dir='ltr'>προσθέντες</span> <span class='ocrx_word' id='word_1_201' title='bbox 3393 1303 3443 1372; x_wconf 82' lang='grc' dir='ltr'>γ’</span> <span class='ocrx_word' id='word_1_202' title='bbox 3492 1305 3574 1375; x_wconf 79' lang='grc' dir='ltr'><strong>(οὐ</strong></span> <span class='ocrx_word' id='word_1_203' title='bbox 3629 1307 3743 1377; x_wconf 80' lang='grc' dir='ltr'><strong>γάρ</strong></span> 
     </span>
    </p>
   </div>
   <div class='ocr_carea' id='block_1_29' title="bbox 2164 1389 3744 1466">
    <p class='ocr_par' dir='ltr' id='par_1_29' title="bbox 2164 1389 3744 1466">
     <span class='ocr_line' id='line_1_29' title="bbox 2164 1389 3744 1466; baseline 0.005 -23"><span class='ocrx_word' id='word_1_204' title='bbox 2164 1390 2280 1444; x_wconf 78' lang='grc' dir='ltr'>ἐστι</span> <span class='ocrx_word' id='word_1_205' title='bbox 2305 1390 2367 1443; x_wconf 78' lang='grc' dir='ltr'><strong>τὸ</strong></span> <span class='ocrx_word' id='word_1_206' title='bbox 2396 1390 2566 1460; x_wconf 81' lang='grc' dir='ltr'>παρὸν</span> <span class='ocrx_word' id='word_1_207' title='bbox 2611 1389 2728 1454; x_wconf 74' lang='grc' dir='ltr'>ἔτος</span> <span class='ocrx_word' id='word_1_208' title='bbox 2764 1389 3045 1461; x_wconf 83' lang='grc' dir='ltr'>βίσεξτον),</span> <span class='ocrx_word' id='word_1_209' title='bbox 3078 1392 3181 1457; x_wconf 82' lang='grc' dir='ltr'>τὰς</span> <span class='ocrx_word' id='word_1_210' title='bbox 3225 1395 3526 1466; x_wconf 77' lang='grc' dir='ltr'><strong>γενομένας</strong></span> <span class='ocrx_word' id='word_1_211' title='bbox 3564 1404 3616 1450; x_wconf 85' lang='grc' dir='ltr'>κ’</span> <span class='ocrx_word' id='word_1_212' title='bbox 3644 1398 3744 1453; x_wconf 71' lang='grc' dir='ltr'>τοῦ</span> 
     </span>
    </p>
   </div>
   <div class='ocr_carea' id='block_1_30' title="bbox 2163 1482 3185 1557">
    <p class='ocr_par' dir='ltr' id='par_1_30' title="bbox 2163 1482 3185 1557">
     <span class='ocr_line' id='line_1_30' title="bbox 2163 1482 3185 1557; baseline 0.001 -21"><span class='ocrx_word' id='word_1_213' title='bbox 2163 1482 2528 1555; x_wconf 77' lang='grc' dir='ltr'>Φεϐρουαρίου</span> <span class='ocrx_word' id='word_1_214' title='bbox 2555 1483 2654 1555; x_wconf 81' lang='grc' dir='ltr'>τὴν</span> <span class='ocrx_word' id='word_1_215' title='bbox 2686 1482 2943 1556; x_wconf 85' lang='grc' dir='ltr'>ἀπόκρεω</span> <span class='ocrx_word' id='word_1_216' title='bbox 2970 1483 3185 1557; x_wconf 68' lang='grc' dir='ltr'>ἕξομεν.</span> 
     </span>
    </p>
   </div>
   <div class='ocr_carea' id='block_1_31' title="bbox 2174 1592 3744 1670">
    <p class='ocr_par' dir='ltr' id='par_1_31' title="bbox 2174 1592 3744 1670">
     <span class='ocr_line' id='line_1_31' title="bbox 2174 1592 3744 1670; baseline 0.006 -23"><span class='ocrx_word' id='word_1_217' title='bbox 2174 1593 2373 1663; x_wconf 80' lang='grc' dir='ltr'>Ἑτέρα</span> <span class='ocrx_word' id='word_1_218' title='bbox 2391 1592 2645 1664; x_wconf 81' lang='grc' dir='ltr'>μέθοδος</span> <span class='ocrx_word' id='word_1_219' title='bbox 2666 1596 2797 1665; x_wconf 76' lang='grc' dir='ltr'>περὶ</span> <span class='ocrx_word' id='word_1_220' title='bbox 2826 1595 2937 1665; x_wconf 85' lang='grc' dir='ltr'>τῆς</span> <span class='ocrx_word' id='word_1_221' title='bbox 2962 1596 3231 1665; x_wconf 78' lang='grc' dir='ltr'>ἀπόκρεω</span> <span class='ocrx_word' id='word_1_222' title='bbox 3260 1599 3485 1655; x_wconf 76' lang='grc' dir='ltr'>καὶτοῦ</span> <span class='ocrx_word' id='word_1_223' title='bbox 3502 1599 3744 1670; x_wconf 81' lang='grc' dir='ltr'>Πάσχα.</span> 
     </span>
    </p>
   </div>
   <div class='ocr_carea' id='block_1_32' title="bbox 569 1705 2055 1794">
    <p class='ocr_par' dir='ltr' id='par_1_32' title="bbox 569 1720 2055 1794">
     <span class='ocr_line' id='line_1_32' title="bbox 569 1720 2055 1794; baseline 0.001 -17"><span class='ocrx_word' id='word_1_224' title='bbox 569 1720 708 1778; x_wconf 79' lang='lat' dir='ltr'><strong>Xlll.</strong></span> <span class='ocrx_word' id='word_1_225' title='bbox 745 1721 1004 1792; x_wconf 78' lang='lat' dir='ltr'><strong>Exposita</strong></span> <span class='ocrx_word' id='word_1_226' title='bbox 1031 1732 1114 1778; x_wconf 89' lang='lat' dir='ltr'><strong>est</strong></span> <span class='ocrx_word' id='word_1_227' title='bbox 1160 1722 1428 1778; x_wconf 87' lang='lat' dir='ltr'><strong>hactenus</strong></span> <span class='ocrx_word' id='word_1_228' title='bbox 1462 1721 1755 1793; x_wconf 82' lang='lat' dir='ltr'><strong>methodus</strong></span> <span class='ocrx_word' id='word_1_229' title='bbox 1793 1722 1906 1790; x_wconf 89' lang='lat' dir='ltr'><strong>illa,</strong></span> <span class='ocrx_word' id='word_1_230' title='bbox 1946 1737 2055 1794; x_wconf 79' lang='lat' dir='ltr'><strong>qua</strong></span> 
     </span>
    </p>
   </div>
   <div class='ocr_carea' id='block_1_33' title="bbox 2154 1705 3750 1794">
    <p class='ocr_par' dir='ltr' id='par_1_33' title="bbox 2154 1705 3750 1783">
     <span class='ocr_line' id='line_1_33' title="bbox 2154 1705 3750 1783; baseline 0.004 -24"><span class='ocrx_word' id='word_1_231' title='bbox 2154 1764 2160 1770; x_wconf 55' lang='grc'><strong>,</strong></span> <span class='ocrx_word' id='word_1_232' title='bbox 2237 1705 2334 1763; x_wconf 78' lang='lat' dir='ltr'><strong>ll&quot;.</strong></span> <span class='ocrx_word' id='word_1_233' title='bbox 2355 1707 2466 1760; x_wconf 72' lang='grc' dir='ltr'><strong>Καὶ</strong></span> <span class='ocrx_word' id='word_1_234' title='bbox 2498 1706 2634 1780; x_wconf 78' lang='grc' dir='ltr'>αὕτη</span> <span class='ocrx_word' id='word_1_235' title='bbox 2666 1708 2767 1780; x_wconf 87' lang='grc' dir='ltr'>μὲν</span> <span class='ocrx_word' id='word_1_236' title='bbox 2797 1709 3010 1781; x_wconf 80' lang='grc' dir='ltr'>ήμέχρι</span> <span class='ocrx_word' id='word_1_237' title='bbox 3038 1711 3069 1780; x_wconf 87' lang='grc' dir='ltr'><strong>ή</strong></span> <span class='ocrx_word' id='word_1_238' title='bbox 3081 1709 3197 1781; x_wconf 86' lang='grc' dir='ltr'>μῶν</span> <span class='ocrx_word' id='word_1_239' title='bbox 3223 1710 3478 1780; x_wconf 83' lang='grc' dir='ltr'>φθάσασα</span> <span class='ocrx_word' id='word_1_240' title='bbox 3518 1713 3750 1783; x_wconf 80' lang='grc' dir='ltr'>μέθοδος</span> 
     </span>
    </p>
   </div>
   <div class='ocr_carea' id='block_1_34' title="bbox 499 1813 2062 1887">
    <p class='ocr_par' dir='ltr' id='par_1_34' title="bbox 499 1813 2062 1887">
     <span class='ocr_line' id='line_1_34' title="bbox 499 1813 2062 1887; baseline 0 -17"><span class='ocrx_word' id='word_1_241' title='bbox 499 1831 530 1870; x_wconf 85' lang='lat' dir='ltr'><strong>a</strong></span> <span class='ocrx_word' id='word_1_242' title='bbox 557 1813 856 1886; x_wconf 85' lang='lat' dir='ltr'><strong>majoribus</strong></span> <span class='ocrx_word' id='word_1_243' title='bbox 888 1824 1135 1887; x_wconf 86' lang='lat' dir='ltr'><strong>accepta,</strong></span> <span class='ocrx_word' id='word_1_244' title='bbox 1159 1816 1227 1871; x_wconf 90' lang='lat' dir='ltr'><strong>ad</strong></span> <span class='ocrx_word' id='word_1_245' title='bbox 1274 1831 1376 1871; x_wconf 88' lang='lat' dir='ltr'><strong>nos</strong></span> <span class='ocrx_word' id='word_1_246' title='bbox 1411 1831 1585 1886; x_wconf 90' lang='lat' dir='ltr'><strong>usque</strong></span> <span class='ocrx_word' id='word_1_247' title='bbox 1635 1826 1931 1887; x_wconf 73' lang='lat' dir='ltr'><strong>propagata</strong></span> <span class='ocrx_word' id='word_1_248' title='bbox 1958 1824 2062 1872; x_wconf 89' lang='lat' dir='ltr'><strong>est.</strong></span> 
     </span>
    </p>
   </div>
   <div class='ocr_carea' id='block_1_35' title="bbox 497 1906 2066 1977">
    <p class='ocr_par' dir='ltr' id='par_1_35' title="bbox 497 1906 2066 1977">
     <span class='ocr_line' id='line_1_35' title="bbox 497 1906 2066 1977; baseline 0 -16"><span class='ocrx_word' id='word_1_249' title='bbox 497 1907 685 1969; x_wconf 64' lang='lat' dir='ltr'><strong>Altera</strong></span> <span class='ocrx_word' id='word_1_250' title='bbox 712 1922 862 1971; x_wconf 84' lang='lat' dir='ltr'><strong>vero,</strong></span> <span class='ocrx_word' id='word_1_251' title='bbox 894 1921 1056 1977; x_wconf 85' lang='lat' dir='ltr'><strong>quam</strong></span> <span class='ocrx_word' id='word_1_252' title='bbox 1095 1906 1527 1976; x_wconf 76' lang='lat' dir='ltr'><strong>excogitavimus</strong></span> <span class='ocrx_word' id='word_1_253' title='bbox 1564 1909 1699 1977; x_wconf 88' lang='lat' dir='ltr'><strong>ipsi,</strong></span> <span class='ocrx_word' id='word_1_254' title='bbox 1740 1909 1952 1962; x_wconf 86' lang='lat' dir='ltr'><strong>ratione</strong></span> <span class='ocrx_word' id='word_1_255' title='bbox 2001 1920 2066 1961; x_wconf 90' lang='lat' dir='ltr'><strong>ac</strong></span> 
     </span>
    </p>
   </div>
   <div class='ocr_carea' id='block_1_36' title="bbox 499 1997 2065 2069">
    <p class='ocr_par' dir='ltr' id='par_1_36' title="bbox 499 1997 2065 2069">
     <span class='ocr_line' id='line_1_36' title="bbox 499 1997 2065 2069; baseline -0.001 -15"><span class='ocrx_word' id='word_1_256' title='bbox 499 1997 967 2054; x_wconf 84' lang='lat' dir='ltr'><strong>demonstratione</strong></span> <span class='ocrx_word' id='word_1_257' title='bbox 1002 2006 1370 2063; x_wconf 88' lang='lat' dir='ltr'><strong>constantem,</strong></span> <span class='ocrx_word' id='word_1_258' title='bbox 1394 2014 1669 2069; x_wconf 88' lang='lat' dir='ltr'><strong>quamque</strong></span> <span class='ocrx_word' id='word_1_259' title='bbox 1703 2013 1805 2054; x_wconf 89' lang='lat' dir='ltr'><strong>nos</strong></span> <span class='ocrx_word' id='word_1_260' title='bbox 1827 1998 2065 2069; x_wconf 76' lang='lat' dir='ltr'><strong>explica-</strong></span> 
     </span>
    </p>
   </div>
   <div class='ocr_carea' id='block_1_37' title="bbox 498 2088 2064 2160">
    <p class='ocr_par' dir='ltr' id='par_1_37' title="bbox 498 2088 2064 2160">
     <span class='ocr_line' id='line_1_37' title="bbox 498 2088 2064 2160; baseline -0.001 -15"><span class='ocrx_word' id='word_1_261' title='bbox 498 2099 656 2146; x_wconf 87' lang='lat' dir='ltr'><strong>turos</strong></span> <span class='ocrx_word' id='word_1_262' title='bbox 683 2090 1045 2158; x_wconf 90' lang='lat' dir='ltr'><strong>ostendimus,</strong></span> <span class='ocrx_word' id='word_1_263' title='bbox 1087 2096 1173 2145; x_wconf 88' lang='lat' dir='ltr'><strong>est</strong></span> <span class='ocrx_word' id='word_1_264' title='bbox 1199 2089 1491 2160; x_wconf 86' lang='lat' dir='ltr'><strong>ejusmodi.</strong></span> <span class='ocrx_word' id='word_1_265' title='bbox 1522 2088 1795 2157; x_wconf 86' lang='lat' dir='ltr'><strong>Quoniam</strong></span> <span class='ocrx_word' id='word_1_266' title='bbox 1826 2104 1858 2143; x_wconf 90' lang='lat' dir='ltr'><strong>a</strong></span> <span class='ocrx_word' id='word_1_267' title='bbox 1884 2090 2064 2145; x_wconf 91' lang='lat' dir='ltr'><strong>lunari</strong></span> 
     </span>
    </p>
   </div>
   <div class='ocr_carea' id='block_1_38' title="bbox 497 2178 2064 2251">
    <p class='ocr_par' dir='ltr' id='par_1_38' title="bbox 497 2178 2064 2251">
     <span class='ocr_line' id='line_1_38' title="bbox 497 2178 2064 2251; baseline -0.001 -15"><span class='ocrx_word' id='word_1_268' title='bbox 497 2180 666 2243; x_wconf 86' lang='lat' dir='ltr'><strong>coitu,</strong></span> <span class='ocrx_word' id='word_1_269' title='bbox 691 2180 785 2251; x_wconf 88' lang='lat' dir='ltr'><strong>qui</strong></span> <span class='ocrx_word' id='word_1_270' title='bbox 823 2178 1142 2235; x_wconf 69' lang='lat' dir='ltr'><strong>Ianuarium</strong></span> <span class='ocrx_word' id='word_1_271' title='bbox 1171 2181 1483 2243; x_wconf 88' lang='lat' dir='ltr'><strong>antecessit,</strong></span> <span class='ocrx_word' id='word_1_272' title='bbox 1508 2179 1575 2234; x_wconf 89' lang='lat' dir='ltr'><strong>ad</strong></span> <span class='ocrx_word' id='word_1_273' title='bbox 1608 2181 1772 2250; x_wconf 88' lang='lat' dir='ltr'><strong>hujus</strong></span> <span class='ocrx_word' id='word_1_274' title='bbox 1799 2182 1929 2235; x_wconf 90' lang='lat' dir='ltr'><strong>anni</strong></span> <span class='ocrx_word' id='word_1_275' title='bbox 1966 2178 2064 2235; x_wconf 85' lang='lat' dir='ltr'><strong>Ju-</strong></span> 
     </span>
    </p>
   </div>
   <div class='ocr_carea' id='block_1_39' title="bbox 497 2260 2063 2344">
    <p class='ocr_par' dir='ltr' id='par_1_39' title="bbox 497 2260 2063 2344">
     <span class='ocr_line' id='line_1_39' title="bbox 497 2260 2063 2344; baseline -0.001 -15"><span class='ocrx_word' id='word_1_276' title='bbox 497 2273 717 2329; x_wconf 87' lang='lat' dir='ltr'><strong>daicum</strong></span> <span class='ocrx_word' id='word_1_277' title='bbox 750 2260 983 2339; x_wconf 85' lang='lat' dir='ltr'><strong>Pascha,</strong></span> <span class='ocrx_word' id='word_1_278' title='bbox 1014 2273 1160 2344; x_wconf 91' lang='lat' dir='ltr'><strong>quod</strong></span> <span class='ocrx_word' id='word_1_279' title='bbox 1181 2272 1234 2327; x_wconf 88' lang='lat' dir='ltr'><strong>in</strong></span> <span class='ocrx_word' id='word_1_280' title='bbox 1264 2272 1624 2343; x_wconf 85' lang='lat' dir='ltr'><strong>plenilunium</strong></span> <span class='ocrx_word' id='word_1_281' title='bbox 1659 2274 1868 2340; x_wconf 91' lang='lat' dir='ltr'><strong>incidit,</strong></span> <span class='ocrx_word' id='word_1_282' title='bbox 1906 2274 2063 2328; x_wconf 83' lang='lat' dir='ltr'><strong>luna-</strong></span> 
     </span>
    </p>
   </div>
   <div class='ocr_carea' id='block_1_40' title="bbox 498 2363 2062 2435">
    <p class='ocr_par' dir='ltr' id='par_1_40' title="bbox 498 2363 2062 2435">
     <span class='ocr_line' id='line_1_40' title="bbox 498 2363 2062 2435; baseline 0.001 -16"><span class='ocrx_word' id='word_1_283' title='bbox 498 2378 591 2419; x_wconf 88' lang='lat' dir='ltr'><strong>res</strong></span> <span class='ocrx_word' id='word_1_284' title='bbox 618 2377 837 2419; x_wconf 85' lang='lat' dir='ltr'><strong>menses</strong></span> <span class='ocrx_word' id='word_1_285' title='bbox 867 2363 1214 2419; x_wconf 87' lang='lat' dir='ltr'><strong>intercedunt</strong></span> <span class='ocrx_word' id='word_1_286' title='bbox 1247 2372 1356 2418; x_wconf 89' lang='lat' dir='ltr'><strong>tres</strong></span> <span class='ocrx_word' id='word_1_287' title='bbox 1386 2378 1510 2418; x_wconf 93' lang='lat' dir='ltr'><strong>cum</strong></span> <span class='ocrx_word' id='word_1_288' title='bbox 1536 2363 1783 2431; x_wconf 88' lang='lat' dir='ltr'><strong>dimidio,</strong></span> <span class='ocrx_word' id='word_1_289' title='bbox 1814 2366 1906 2435; x_wconf 89' lang='lat' dir='ltr'><strong>qui</strong></span> <span class='ocrx_word' id='word_1_290' title='bbox 1944 2364 2062 2422; x_wconf 91' lang='lat' dir='ltr'><strong>dies</strong></span> 
     </span>
    </p>
   </div>
   <div class='ocr_carea' id='block_1_41' title="bbox 498 2453 2062 2526">
    <p class='ocr_par' dir='ltr' id='par_1_41' title="bbox 498 2453 2062 2526">
     <span class='ocr_line' id='line_1_41' title="bbox 498 2453 2062 2526; baseline 0.002 -17"><span class='ocrx_word' id='word_1_291' title='bbox 498 2454 766 2526; x_wconf 81' lang='lat' dir='ltr'><strong>colligunt</strong></span> <span class='ocrx_word' id='word_1_292' title='bbox 794 2469 920 2522; x_wconf 90' lang='lat' dir='ltr'><strong>cm;</strong></span> <span class='ocrx_word' id='word_1_293' title='bbox 957 2455 1012 2511; x_wconf 89' lang='lat' dir='ltr'><strong>in</strong></span> <span class='ocrx_word' id='word_1_294' title='bbox 1055 2456 1321 2511; x_wconf 87' lang='lat' dir='ltr'><strong>laterculo</strong></span> <span class='ocrx_word' id='word_1_295' title='bbox 1359 2471 1489 2511; x_wconf 75' lang='lat' dir='ltr'><strong>vero</strong></span> <span class='ocrx_word' id='word_1_296' title='bbox 1534 2453 1787 2511; x_wconf 88' lang='lat' dir='ltr'><strong>Paschali</strong></span> <span class='ocrx_word' id='word_1_297' title='bbox 1831 2454 2062 2512; x_wconf 81' lang='lat' dir='ltr'><strong>Judaica</strong></span> 
     </span>
    </p>
   </div>
   <div class='ocr_carea' id='block_1_42' title="bbox 496 2546 2059 2619">
    <p class='ocr_par' dir='ltr' id='par_1_42' title="bbox 496 2546 2059 2619">
     <span class='ocr_line' id='line_1_42' title="bbox 496 2546 2059 2619; baseline 0 -15"><span class='ocrx_word' id='word_1_298' title='bbox 496 2546 767 2604; x_wconf 87' lang='lat' dir='ltr'><strong>Paschata</strong></span> <span class='ocrx_word' id='word_1_299' title='bbox 801 2547 969 2604; x_wconf 91' lang='lat' dir='ltr'><strong>biduo</strong></span> <span class='ocrx_word' id='word_1_300' title='bbox 996 2548 1302 2603; x_wconf 87' lang='lat' dir='ltr'><strong>redundare</strong></span> <span class='ocrx_word' id='word_1_301' title='bbox 1338 2548 1591 2604; x_wconf 84' lang='lat' dir='ltr'><strong>videntur</strong></span> <span class='ocrx_word' id='word_1_302' title='bbox 1623 2564 1785 2619; x_wconf 83' lang='lat' dir='ltr'><strong>supra</strong></span> <span class='ocrx_word' id='word_1_303' title='bbox 1807 2558 2059 2605; x_wconf 83' lang='lat' dir='ltr'><strong>exactum</strong></span> 
     </span>
    </p>
   </div>
   <div class='ocr_carea' id='block_1_43' title="bbox 496 2639 2060 2711">
    <p class='ocr_par' dir='ltr' id='par_1_43' title="bbox 496 2639 2060 2711">
     <span class='ocr_line' id='line_1_43' title="bbox 496 2639 2060 2711; baseline 0.003 -17"><span class='ocrx_word' id='word_1_304' title='bbox 496 2639 887 2711; x_wconf 84' lang='lat' dir='ltr'><strong>plenilunium;</strong></span> <span class='ocrx_word' id='word_1_305' title='bbox 921 2640 1379 2711; x_wconf 88' lang='lat' dir='ltr'><strong>quemadmodum</strong></span> <span class='ocrx_word' id='word_1_306' title='bbox 1420 2650 1606 2711; x_wconf 89' lang='lat' dir='ltr'><strong>postea</strong></span> <span class='ocrx_word' id='word_1_307' title='bbox 1655 2641 2060 2698; x_wconf 87' lang='lat' dir='ltr'><strong>demonstrabi-</strong></span> 
     </span>
    </p>
   </div>
   <div class='ocr_carea' id='block_1_44' title="bbox 506 2730 2060 2808">
    <p class='ocr_par' dir='ltr' id='par_1_44' title="bbox 506 2730 2060 2808">
     <span class='ocr_line' id='line_1_44' title="bbox 506 2730 2060 2808; baseline 0.003 -23"><span class='ocrx_word' id='word_1_308' title='bbox 506 2740 627 2799; x_wconf 89' lang='lat' dir='ltr'><strong>tur;</strong></span> <span class='ocrx_word' id='word_1_309' title='bbox 677 2730 901 2786; x_wconf 87' lang='lat' dir='ltr'><strong>biduum</strong></span> <span class='ocrx_word' id='word_1_310' title='bbox 936 2731 1083 2788; x_wconf 91' lang='lat' dir='ltr'><strong>istud</strong></span> <span class='ocrx_word' id='word_1_311' title='bbox 1135 2731 1328 2808; x_wconf 88' lang='lat' dir='ltr'><strong>diebus</strong></span> <span class='ocrx_word' id='word_1_312' title='bbox 1379 2733 1488 2788; x_wconf 88' lang='lat' dir='ltr'><strong>illis</strong></span> <span class='ocrx_word' id='word_1_313' title='bbox 1530 2747 1627 2788; x_wconf 89' lang='lat' dir='ltr'><strong>cm</strong></span> <span class='ocrx_word' id='word_1_314' title='bbox 1675 2733 1954 2800; x_wconf 88' lang='lat' dir='ltr'><strong>addentes,</strong></span> <span class='ocrx_word' id='word_1_315' title='bbox 1991 2734 2060 2790; x_wconf 93' lang='lat' dir='ltr'><strong>de</strong></span> 
     </span>
    </p>
   </div>
   <div class='ocr_carea' id='block_1_45' title="bbox 502 2821 2057 2895">
    <p class='ocr_par' dir='ltr' id='par_1_45' title="bbox 502 2821 2057 2895">
     <span class='ocr_line' id='line_1_45' title="bbox 502 2821 2057 2895; baseline 0.002 -18"><span class='ocrx_word' id='word_1_316' title='bbox 502 2836 713 2877; x_wconf 83' lang='lat' dir='ltr'><strong>summa</strong></span> <span class='ocrx_word' id='word_1_317' title='bbox 755 2821 964 2878; x_wconf 89' lang='lat' dir='ltr'><strong>dierum</strong></span> <span class='ocrx_word' id='word_1_318' title='bbox 1010 2837 1075 2878; x_wconf 78' lang='grc' dir='ltr'><strong>εν</strong></span> <span class='ocrx_word' id='word_1_319' title='bbox 1113 2822 1363 2879; x_wconf 88' lang='lat' dir='ltr'><strong>deductis</strong></span> <span class='ocrx_word' id='word_1_320' title='bbox 1396 2824 1826 2895; x_wconf 62' lang='lat' dir='ltr'><strong>quadragesimae</strong></span> <span class='ocrx_word' id='word_1_321' title='bbox 1863 2824 2057 2880; x_wconf 87' lang='lat' dir='ltr'><strong>diebus</strong></span> 
     </span>
    </p>
   </div>
   <div class='ocr_carea' id='block_1_46' title="bbox 496 2912 2059 2989">
    <p class='ocr_par' dir='ltr' id='par_1_46' title="bbox 496 2912 2059 2989">
     <span class='ocr_line' id='line_1_46' title="bbox 496 2912 2059 2989; baseline 0.002 -18"><span class='ocrx_word' id='word_1_322' title='bbox 496 2928 684 2980; x_wconf 74' lang='lat' dir='ltr'><strong>xum,</strong></span> <span class='ocrx_word' id='word_1_323' title='bbox 707 2928 833 2969; x_wconf 90' lang='lat' dir='ltr'><strong>cum</strong></span> <span class='ocrx_word' id='word_1_324' title='bbox 887 2912 1084 2971; x_wconf 91' lang='lat' dir='ltr'><strong>diebus</strong></span> <span class='ocrx_word' id='word_1_325' title='bbox 1121 2924 1328 2985; x_wconf 89' lang='lat' dir='ltr'><strong>septem</strong></span> <span class='ocrx_word' id='word_1_326' title='bbox 1350 2916 1744 2989; x_wconf 79' lang='lat' dir='ltr'><strong>&#39;l‘yropbagi,id</strong></span> <span class='ocrx_word' id='word_1_327' title='bbox 1769 2925 1873 2985; x_wconf 88' lang='lat' dir='ltr'><strong>est,</strong></span> <span class='ocrx_word' id='word_1_328' title='bbox 1908 2936 1927 2969; x_wconf 77' lang='grc' dir='ltr'><strong>ι</strong></span> <span class='ocrx_word' id='word_1_329' title='bbox 1965 2917 2059 2974; x_wconf 92' lang='lat' dir='ltr'><strong>he-</strong></span> 
     </span>
    </p>
   </div>
   <div class='ocr_carea' id='block_1_47' title="bbox 504 3004 2054 3075">
    <p class='ocr_par' dir='ltr' id='par_1_47' title="bbox 504 3004 2054 3075">
     <span class='ocr_line' id='line_1_47' title="bbox 504 3004 2054 3075; baseline 0.003 -15"><span class='ocrx_word' id='word_1_330' title='bbox 504 3004 813 3071; x_wconf 85' lang='lat' dir='ltr'><strong>bdomadis,</strong></span> <span class='ocrx_word' id='word_1_331' title='bbox 854 3006 909 3060; x_wconf 94' lang='lat' dir='ltr'><strong>in</strong></span> <span class='ocrx_word' id='word_1_332' title='bbox 936 3021 1043 3075; x_wconf 91' lang='lat' dir='ltr'><strong>qua</strong></span> <span class='ocrx_word' id='word_1_333' title='bbox 1080 3021 1210 3063; x_wconf 89' lang='lat' dir='ltr'><strong>esus</strong></span> <span class='ocrx_word' id='word_1_334' title='bbox 1243 3008 1390 3064; x_wconf 86' lang='lat' dir='ltr'><strong>casei</strong></span> <span class='ocrx_word' id='word_1_335' title='bbox 1425 3009 1762 3074; x_wconf 87' lang='lat' dir='ltr'><strong>conceditur,</strong></span> <span class='ocrx_word' id='word_1_336' title='bbox 1803 3029 1821 3062; x_wconf 74' lang='grc' dir='ltr'><strong>ι</strong></span> <span class='ocrx_word' id='word_1_337' title='bbox 1858 3010 1901 3065; x_wconf 92' lang='lat' dir='ltr'><strong>si</strong></span> <span class='ocrx_word' id='word_1_338' title='bbox 1926 3010 2054 3064; x_wconf 89' lang='lat' dir='ltr'><strong>reli-</strong></span> 
     </span>
    </p>
   </div>
   <div class='ocr_carea' id='block_1_48' title="bbox 2167 1798 3750 1876">
    <p class='ocr_par' dir='ltr' id='par_1_48' title="bbox 2167 1798 3750 1876">
     <span class='ocr_line' id='line_1_48' title="bbox 2167 1798 3750 1876; baseline 0.006 -25"><span class='ocrx_word' id='word_1_339' title='bbox 2167 1798 2271 1851; x_wconf 79' lang='grc' dir='ltr'>ὑπὸ</span> <span class='ocrx_word' id='word_1_340' title='bbox 2307 1798 2418 1852; x_wconf 83' lang='grc' dir='ltr'><strong>τῶν</strong></span> <span class='ocrx_word' id='word_1_341' title='bbox 2446 1798 2552 1869; x_wconf 80' lang='grc' dir='ltr'><strong>πρὸ</strong></span> <span class='ocrx_word' id='word_1_342' title='bbox 2610 1798 2766 1871; x_wconf 80' lang='grc' dir='ltr'>ήμῶν</span> <span class='ocrx_word' id='word_1_343' title='bbox 2795 1800 3077 1854; x_wconf 80' lang='grc' dir='ltr'>ὲκτεθεῖσα</span> <span class='ocrx_word' id='word_1_344' title='bbox 3098 1819 3112 1833; x_wconf 70' lang='grc'><strong><em>⁸</em></strong></span> <span class='ocrx_word' id='word_1_345' title='bbox 3148 1802 3216 1872; x_wconf 73' lang='grc' dir='ltr'>ἢν</span> <span class='ocrx_word' id='word_1_346' title='bbox 3246 1802 3292 1856; x_wconf 81' lang='grc' dir='ltr'>δ’</span> <span class='ocrx_word' id='word_1_347' title='bbox 3319 1805 3481 1874; x_wconf 78' lang='grc' dir='ltr'>ἡμεῖς</span> <span class='ocrx_word' id='word_1_348' title='bbox 3506 1804 3750 1876; x_wconf 76' lang='grc' dir='ltr'>εὕρομεν</span> 
     </span>
    </p>
   </div>
   <div class='ocr_carea' id='block_1_49' title="bbox 2168 1889 3750 1966">
    <p class='ocr_par' dir='ltr' id='par_1_49' title="bbox 2168 1889 3750 1966">
     <span class='ocr_line' id='line_1_49' title="bbox 2168 1889 3750 1966; baseline 0.005 -24"><span class='ocrx_word' id='word_1_349' title='bbox 2168 1890 2304 1962; x_wconf 82' lang='grc' dir='ltr'><strong>μετά</strong></span> <span class='ocrx_word' id='word_1_350' title='bbox 2337 1889 2432 1943; x_wconf 79' lang='grc' dir='ltr'><strong>καὶ</strong></span> <span class='ocrx_word' id='word_1_351' title='bbox 2469 1889 2691 1962; x_wconf 84' lang='grc' dir='ltr'>λογικῆς</span> <span class='ocrx_word' id='word_1_352' title='bbox 2730 1892 3074 1959; x_wconf 78' lang='grc' dir='ltr'>ἀποδείξεως,</span> <span class='ocrx_word' id='word_1_353' title='bbox 3123 1895 3216 1948; x_wconf 82' lang='grc' dir='ltr'>καὶ</span> <span class='ocrx_word' id='word_1_354' title='bbox 3251 1896 3457 1966; x_wconf 82' lang='grc' dir='ltr'>ταύτην</span> <span class='ocrx_word' id='word_1_355' title='bbox 3497 1896 3750 1951; x_wconf 81' lang='grc' dir='ltr'>ἐνταυθοῖ</span> 
     </span>
    </p>
   </div>
   <div class='ocr_carea' id='block_1_50' title="bbox 2164 1981 3748 2058">
    <p class='ocr_par' dir='ltr' id='par_1_50' title="bbox 2164 1981 3748 2058">
     <span class='ocr_line' id='line_1_50' title="bbox 2164 1981 3748 2058; baseline 0.005 -24"><span class='ocrx_word' id='word_1_356' title='bbox 2164 1981 2415 2036; x_wconf 80' lang='grc' dir='ltr'>ἐκθέσθαι</span> <span class='ocrx_word' id='word_1_357' title='bbox 2464 1981 2943 2054; x_wconf 80' lang='grc' dir='ltr'>ἐπηγγειλάμεθα,</span> <span class='ocrx_word' id='word_1_358' title='bbox 2990 1983 3076 2056; x_wconf 72' lang='grc' dir='ltr'><strong>εἴη</strong></span> <span class='ocrx_word' id='word_1_359' title='bbox 3124 1983 3188 2039; x_wconf 84' lang='grc' dir='ltr'>ἂν</span> <span class='ocrx_word' id='word_1_360' title='bbox 3226 1986 3386 2058; x_wconf 74' lang='grc' dir='ltr'>αὓτη.</span> <span class='ocrx_word' id='word_1_361' title='bbox 3448 1988 3605 2041; x_wconf 76' lang='grc' dir='ltr'>Ἐπεὶ</span> <span class='ocrx_word' id='word_1_362' title='bbox 3636 1988 3748 2042; x_wconf 76' lang='grc' dir='ltr'>ἀπὸ</span> 
     </span>
    </p>
   </div>
   <div class='ocr_carea' id='block_1_51' title="bbox 2161 2074 3746 2149">
    <p class='ocr_par' dir='ltr' id='par_1_51' title="bbox 2161 2074 3746 2149">
     <span class='ocr_line' id='line_1_51' title="bbox 2161 2074 3746 2149; baseline 0.004 -23"><span class='ocrx_word' id='word_1_363' title='bbox 2161 2074 2263 2143; x_wconf 78' lang='grc' dir='ltr'>τῆς</span> <span class='ocrx_word' id='word_1_364' title='bbox 2283 2074 2389 2145; x_wconf 79' lang='grc' dir='ltr'>πρὸ</span> <span class='ocrx_word' id='word_1_365' title='bbox 2416 2074 2511 2128; x_wconf 80' lang='grc' dir='ltr'>τοῦ</span> <span class='ocrx_word' id='word_1_366' title='bbox 2575 2075 2904 2146; x_wconf 82' lang='grc' dir='ltr'>Ἰανουαρίου</span> <span class='ocrx_word' id='word_1_367' title='bbox 2938 2076 3231 2148; x_wconf 83' lang='grc' dir='ltr'>γινομένης</span> <span class='ocrx_word' id='word_1_368' title='bbox 3273 2078 3559 2149; x_wconf 84' lang='grc' dir='ltr'>συνοδικῆς</span> <span class='ocrx_word' id='word_1_369' title='bbox 3581 2079 3746 2144; x_wconf 78' lang='grc' dir='ltr'>συζυ-</span> 
     </span>
    </p>
   </div>
   <div class='ocr_carea' id='block_1_52' title="bbox 2161 2162 3745 2243">
    <p class='ocr_par' dir='ltr' id='par_1_52' title="bbox 2161 2162 3745 2243">
     <span class='ocr_line' id='line_1_52' title="bbox 2161 2162 3745 2243; baseline 0.004 -29"><span class='ocrx_word' id='word_1_370' title='bbox 2161 2163 2285 2230; x_wconf 86' lang='grc' dir='ltr'>γίας</span> <span class='ocrx_word' id='word_1_371' title='bbox 2314 2163 2423 2217; x_wconf 83' lang='grc' dir='ltr'>τῶν</span> <span class='ocrx_word' id='word_1_372' title='bbox 2450 2162 2801 2243; x_wconf 62' lang='grc' dir='ltr'>φώτωνάχρι</span> <span class='ocrx_word' id='word_1_373' title='bbox 2840 2163 2934 2216; x_wconf 77' lang='grc' dir='ltr'>τοῦ</span> <span class='ocrx_word' id='word_1_374' title='bbox 2968 2166 3091 2217; x_wconf 84' lang='grc' dir='ltr'>κατ’</span> <span class='ocrx_word' id='word_1_375' title='bbox 3119 2165 3248 2218; x_wconf 80' lang='grc' dir='ltr'>αὐτὸ</span> <span class='ocrx_word' id='word_1_376' title='bbox 3274 2165 3335 2218; x_wconf 77' lang='grc' dir='ltr'><strong>τὸ</strong></span> <span class='ocrx_word' id='word_1_377' title='bbox 3364 2166 3483 2231; x_wconf 75' lang='grc' dir='ltr'>ἔτος</span> <span class='ocrx_word' id='word_1_378' title='bbox 3519 2166 3745 2220; x_wconf 81' lang='grc' dir='ltr'>Ἰουδαῖ-</span> 
     </span>
    </p>
   </div>
   <div class='ocr_carea' id='block_1_53' title="bbox 2162 2249 3746 2328">
    <p class='ocr_par' dir='ltr' id='par_1_53' title="bbox 2162 2249 3746 2328">
     <span class='ocr_line' id='line_1_53' title="bbox 2162 2249 3746 2328; baseline 0.003 -20"><span class='ocrx_word' id='word_1_379' title='bbox 2162 2254 2257 2308; x_wconf 79' lang='grc' dir='ltr'>κοῦ</span> <span class='ocrx_word' id='word_1_380' title='bbox 2282 2255 2490 2327; x_wconf 81' lang='grc' dir='ltr'>Πάσχα,</span> <span class='ocrx_word' id='word_1_381' title='bbox 2524 2257 2581 2309; x_wconf 76' lang='grc' dir='ltr'><strong>ἐν</strong></span> <span class='ocrx_word' id='word_1_382' title='bbox 2635 2249 2679 2324; x_wconf 77' lang='grc' dir='ltr'><strong>ᾧ</strong></span> <span class='ocrx_word' id='word_1_383' title='bbox 2720 2255 3121 2328; x_wconf 81' lang='grc' dir='ltr'>πανσεληνιακὴ</span> <span class='ocrx_word' id='word_1_384' title='bbox 3153 2258 3386 2326; x_wconf 81' lang='grc' dir='ltr'>συζυγία</span> <span class='ocrx_word' id='word_1_385' title='bbox 3413 2259 3555 2323; x_wconf 78' lang='grc' dir='ltr'>ἐστὶ,</span> <span class='ocrx_word' id='word_1_386' title='bbox 3586 2258 3640 2328; x_wconf 87' lang='grc' dir='ltr'>γ’</span> <span class='ocrx_word' id='word_1_387' title='bbox 3672 2255 3746 2312; x_wconf 70' lang='lat'><strong>3&quot;</strong></span> 
     </span>
    </p>
   </div>
   <div class='ocr_carea' id='block_1_54' title="bbox 2164 2344 3744 2421">
    <p class='ocr_par' dir='ltr' id='par_1_54' title="bbox 2164 2344 3744 2421">
     <span class='ocr_line' id='line_1_54' title="bbox 2164 2344 3744 2421; baseline 0.004 -24"><span class='ocrx_word' id='word_1_388' title='bbox 2164 2344 2468 2415; x_wconf 75' lang='grc' dir='ltr'>σεληνιακοὶ</span> <span class='ocrx_word' id='word_1_389' title='bbox 2514 2346 2679 2416; x_wconf 82' lang='grc' dir='ltr'>μῆνές</span> <span class='ocrx_word' id='word_1_390' title='bbox 2726 2347 2854 2409; x_wconf 85' lang='grc' dir='ltr'>είσι,</span> <span class='ocrx_word' id='word_1_391' title='bbox 2895 2348 2992 2399; x_wconf 75' lang='grc' dir='ltr'><strong>καὶ</strong></span> <span class='ocrx_word' id='word_1_392' title='bbox 3043 2348 3387 2419; x_wconf 84' lang='grc' dir='ltr'>περιέχουσιν</span> <span class='ocrx_word' id='word_1_393' title='bbox 3408 2349 3624 2421; x_wconf 72' lang='grc' dir='ltr'>ἡμέρας</span> <span class='ocrx_word' id='word_1_394' title='bbox 3657 2350 3744 2421; x_wconf 57' lang='lat' dir='ltr'><strong>pf</strong></span> 
     </span>
    </p>
   </div>
   <div class='ocr_carea' id='block_1_55' title="bbox 2164 2435 3746 2513">
    <p class='ocr_par' dir='ltr' id='par_1_55' title="bbox 2164 2435 3746 2513">
     <span class='ocr_line' id='line_1_55' title="bbox 2164 2435 3746 2513; baseline 0.004 -23"><span class='ocrx_word' id='word_1_395' title='bbox 2164 2435 2421 2505; x_wconf 76' lang='grc' dir='ltr'>ἔγγιστα·</span> <span class='ocrx_word' id='word_1_396' title='bbox 2466 2438 2807 2509; x_wconf 85' lang='grc' dir='ltr'>εὑρίσκονται</span> <span class='ocrx_word' id='word_1_397' title='bbox 2846 2438 2891 2492; x_wconf 89' lang='grc' dir='ltr'>δ’</span> <span class='ocrx_word' id='word_1_398' title='bbox 2929 2440 2989 2492; x_wconf 79' lang='grc' dir='ltr'>ὲν</span> <span class='ocrx_word' id='word_1_399' title='bbox 3027 2438 3105 2509; x_wconf 85' lang='grc' dir='ltr'><strong>τῷ</strong></span> <span class='ocrx_word' id='word_1_400' title='bbox 3146 2441 3377 2511; x_wconf 84' lang='grc' dir='ltr'>κανονίῳ</span> <span class='ocrx_word' id='word_1_401' title='bbox 3407 2441 3502 2495; x_wconf 83' lang='grc' dir='ltr'>τοῦ</span> <span class='ocrx_word' id='word_1_402' title='bbox 3532 2444 3746 2513; x_wconf 83' lang='grc' dir='ltr'>Πασχα-</span> 
     </span>
    </p>
   </div>
   <div class='ocr_carea' id='block_1_56' title="bbox 2159 2529 3743 2604">
    <p class='ocr_par' dir='ltr' id='par_1_56' title="bbox 2159 2529 3743 2604">
     <span class='ocr_line' id='line_1_56' title="bbox 2159 2529 3743 2604; baseline 0.006 -23"><span class='ocrx_word' id='word_1_403' title='bbox 2159 2529 2271 2584; x_wconf 84' lang='grc' dir='ltr'>λίου</span> <span class='ocrx_word' id='word_1_404' title='bbox 2319 2529 2387 2583; x_wconf 76' lang='grc' dir='ltr'><strong>τά</strong></span> <span class='ocrx_word' id='word_1_405' title='bbox 2426 2529 2898 2601; x_wconf 85' lang='grc' dir='ltr'>διαλαμϐανόμενα</span> <span class='ocrx_word' id='word_1_406' title='bbox 2959 2533 3224 2587; x_wconf 78' lang='grc' dir='ltr'>Ἰουδαϊκὰ</span> <span class='ocrx_word' id='word_1_407' title='bbox 3269 2534 3554 2604; x_wconf 82' lang='grc' dir='ltr'>Πασχάλια</span> <span class='ocrx_word' id='word_1_408' title='bbox 3582 2535 3743 2590; x_wconf 79' lang='grc' dir='ltr'>δυσὶν</span> 
     </span>
    </p>
   </div>
   <div class='ocr_carea' id='block_1_57' title="bbox 2158 2620 3741 2698">
    <p class='ocr_par' dir='ltr' id='par_1_57' title="bbox 2158 2620 3741 2698">
     <span class='ocr_line' id='line_1_57' title="bbox 2158 2620 3741 2698; baseline 0.004 -25"><span class='ocrx_word' id='word_1_409' title='bbox 2158 2622 2395 2693; x_wconf 81' lang='grc' dir='ltr'>ἡμέραις</span> <span class='ocrx_word' id='word_1_410' title='bbox 2450 2620 2809 2686; x_wconf 75' lang='grc' dir='ltr'>πλεονάζοντα</span> <span class='ocrx_word' id='word_1_411' title='bbox 2837 2622 2929 2675; x_wconf 81' lang='grc' dir='ltr'>τοῦ</span> <span class='ocrx_word' id='word_1_412' title='bbox 2974 2623 3234 2696; x_wconf 81' lang='grc' dir='ltr'>ἀκριϐοῦς</span> <span class='ocrx_word' id='word_1_413' title='bbox 3259 2624 3620 2698; x_wconf 85' lang='grc' dir='ltr'>πανσελήνου,</span> <span class='ocrx_word' id='word_1_414' title='bbox 3661 2627 3741 2692; x_wconf 80' lang='grc' dir='ltr'>ὡς</span> 
     </span>
    </p>
   </div>
   <div class='ocr_carea' id='block_1_58' title="bbox 2159 2712 3739 2788">
    <p class='ocr_par' dir='ltr' id='par_1_58' title="bbox 2159 2712 3739 2788">
     <span class='ocr_line' id='line_1_58' title="bbox 2159 2712 3739 2788; baseline 0.004 -24"><span class='ocrx_word' id='word_1_415' title='bbox 2159 2712 2437 2785; x_wconf 85' lang='grc' dir='ltr'>προϊόντες</span> <span class='ocrx_word' id='word_1_416' title='bbox 2459 2712 2526 2769; x_wconf 85' lang='grc' dir='ltr'>δι’</span> <span class='ocrx_word' id='word_1_417' title='bbox 2552 2712 2879 2777; x_wconf 77' lang='grc' dir='ltr'>ἀποδείξεως</span> <span class='ocrx_word' id='word_1_418' title='bbox 2893 2714 2984 2767; x_wconf 76' lang='grc' dir='ltr'>τὸν</span> <span class='ocrx_word' id='word_1_419' title='bbox 3018 2715 3145 2786; x_wconf 73' lang='grc' dir='ltr'>περὶ</span> <span class='ocrx_word' id='word_1_420' title='bbox 3176 2715 3366 2769; x_wconf 83' lang='grc' dir='ltr'>τούτου</span> <span class='ocrx_word' id='word_1_421' title='bbox 3396 2718 3739 2788; x_wconf 76' lang='grc' dir='ltr'>ποιησόμεθα</span> 
     </span>
    </p>
   </div>
   <div class='ocr_carea' id='block_1_59' title="bbox 2157 2800 3743 2879">
    <p class='ocr_par' dir='ltr' id='par_1_59' title="bbox 2157 2800 3743 2879">
     <span class='ocr_line' id='line_1_59' title="bbox 2157 2800 3743 2879; baseline 0.003 -25"><span class='ocrx_word' id='word_1_422' title='bbox 2157 2800 2315 2869; x_wconf 86' lang='grc' dir='ltr'>λόγον</span> <span class='ocrx_word' id='word_1_423' title='bbox 2336 2818 2350 2832; x_wconf 72' lang='grc'><strong><em>⁸</em></strong></span> <span class='ocrx_word' id='word_1_424' title='bbox 2385 2800 2588 2865; x_wconf 80' lang='grc' dir='ltr'>ταύτας</span> <span class='ocrx_word' id='word_1_425' title='bbox 2613 2802 2714 2865; x_wconf 82' lang='grc' dir='ltr'><strong>τὰς</strong></span> <span class='ocrx_word' id='word_1_426' title='bbox 2741 2802 2835 2856; x_wconf 84' lang='grc' dir='ltr'>δύο</span> <span class='ocrx_word' id='word_1_427' title='bbox 2859 2802 3070 2875; x_wconf 76' lang='grc' dir='ltr'>ἡμέρας</span> <span class='ocrx_word' id='word_1_428' title='bbox 3101 2804 3427 2876; x_wconf 87' lang='grc' dir='ltr'>προσθέντες</span> <span class='ocrx_word' id='word_1_429' title='bbox 3446 2808 3566 2870; x_wconf 85' lang='grc' dir='ltr'>ταῖς</span> <span class='ocrx_word' id='word_1_430' title='bbox 3589 2808 3743 2879; x_wconf 72' lang='grc' dir='ltr'>εἰρη-</span> 
     </span>
    </p>
   </div>
   <div class='ocr_carea' id='block_1_60' title="bbox 2159 2893 3741 2970">
    <p class='ocr_par' dir='ltr' id='par_1_60' title="bbox 2159 2893 3741 2970">
     <span class='ocr_line' id='line_1_60' title="bbox 2159 2893 3741 2970; baseline 0.006 -24"><span class='ocrx_word' id='word_1_431' title='bbox 2159 2894 2344 2964; x_wconf 87' lang='grc' dir='ltr'>μέναις</span> <span class='ocrx_word' id='word_1_432' title='bbox 2395 2894 2497 2966; x_wconf 85' lang='grc' dir='ltr'>ργ’,</span> <span class='ocrx_word' id='word_1_433' title='bbox 2546 2893 2656 2947; x_wconf 83' lang='grc' dir='ltr'>τῶν</span> <span class='ocrx_word' id='word_1_434' title='bbox 2713 2896 3019 2967; x_wconf 84' lang='grc' dir='ltr'>γενομένων</span> <span class='ocrx_word' id='word_1_435' title='bbox 3055 2897 3133 2969; x_wconf 70' lang='grc' dir='ltr'>ρι’</span> <span class='ocrx_word' id='word_1_436' title='bbox 3167 2897 3458 2967; x_wconf 69' lang='grc' dir='ltr'>ἀφελόντες</span> <span class='ocrx_word' id='word_1_437' title='bbox 3505 2899 3608 2964; x_wconf 82' lang='grc' dir='ltr'>τὰς</span> <span class='ocrx_word' id='word_1_438' title='bbox 3637 2902 3741 2970; x_wconf 72' lang='grc' dir='ltr'>τῆς</span> 
     </span>
    </p>
   </div>
   <div class='ocr_carea' id='block_1_61' title="bbox 2154 2985 3740 3064">
    <p class='ocr_par' dir='ltr' id='par_1_61' title="bbox 2154 2985 3740 3064">
     <span class='ocr_line' id='line_1_61' title="bbox 2154 2985 3740 3064; baseline 0.012 -26"><span class='ocrx_word' id='word_1_439' title='bbox 2154 2986 2595 3057; x_wconf 77' lang='grc' dir='ltr'>τεσσαρακοστῆς</span> <span class='ocrx_word' id='word_1_440' title='bbox 2656 2986 2870 3058; x_wconf 83' lang='grc' dir='ltr'>ἡμέρας</span> <span class='ocrx_word' id='word_1_441' title='bbox 2920 2985 3033 3057; x_wconf 86' lang='grc' dir='ltr'>μη’,</span> <span class='ocrx_word' id='word_1_442' title='bbox 3100 2988 3236 3059; x_wconf 81' lang='grc' dir='ltr'>πρὸς</span> <span class='ocrx_word' id='word_1_443' title='bbox 3262 2986 3319 3041; x_wconf 80' lang='grc' dir='ltr'>δὲ</span> <span class='ocrx_word' id='word_1_444' title='bbox 3362 2989 3457 3043; x_wconf 72' lang='grc' dir='ltr'><strong>καὶ</strong></span> <span class='ocrx_word' id='word_1_445' title='bbox 3497 2991 3611 3055; x_wconf 76' lang='grc' dir='ltr'><strong>τὰς·</strong></span> <span class='ocrx_word' id='word_1_446' title='bbox 3638 2993 3740 3064; x_wconf 73' lang='grc' dir='ltr'><strong>τῆς</strong></span> 
     </span>
    </p>
   </div>
   <div class='ocr_carea' id='block_1_62' title="bbox 493 3068 2055 3171">
    <p class='ocr_par' dir='ltr' id='par_1_62' title="bbox 493 3068 2053 3171">
     <span class='ocr_line' id='line_1_62' title="bbox 493 3068 2053 3171; baseline 0.004 -20"><span class='ocrx_word' id='word_1_447' title='bbox 493 3111 632 3166; x_wconf 87' lang='lat' dir='ltr'><strong>quos</strong></span> <span class='ocrx_word' id='word_1_448' title='bbox 662 3112 693 3151; x_wconf 82' lang='lat'><strong>1.</strong></span> <span class='ocrx_word' id='word_1_449' title='bbox 717 3068 835 3152; x_wconf 85' lang='lat' dir='ltr'><strong>dies</strong></span> <span class='ocrx_word' id='word_1_450' title='bbox 865 3110 895 3151; x_wconf 88' lang='lat' dir='ltr'><strong>a</strong></span> <span class='ocrx_word' id='word_1_451' title='bbox 923 3068 1103 3153; x_wconf 78' lang='lat' dir='ltr'><strong>lunari</strong></span> <span class='ocrx_word' id='word_1_452' title='bbox 1151 3098 1387 3170; x_wconf 85' lang='lat' dir='ltr'><strong>synodo,</strong></span> <span class='ocrx_word' id='word_1_453' title='bbox 1423 3116 1545 3170; x_wconf 68' lang='lat' dir='ltr'><strong>qua:</strong></span> <span class='ocrx_word' id='word_1_454' title='bbox 1582 3068 1826 3171; x_wconf 81' lang='lat' dir='ltr'><strong>proxime</strong></span> <span class='ocrx_word' id='word_1_455' title='bbox 1856 3099 2053 3157; x_wconf 83' lang='lat' dir='ltr'><strong>Janua-</strong></span> 
     </span>
    </p>
   </div>
   <div class='ocr_carea' id='block_1_63' title="bbox 2154 3068 3737 3171">
    <p class='ocr_par' dir='ltr' id='par_1_63' title="bbox 2155 3075 3737 3152">
     <span class='ocr_line' id='line_1_63' title="bbox 2155 3075 3737 3152; baseline 0.004 -22"><span class='ocrx_word' id='word_1_456' title='bbox 2155 3076 2470 3148; x_wconf 82' lang='grc' dir='ltr'>Τυροφάγου</span> <span class='ocrx_word' id='word_1_457' title='bbox 2488 3075 2553 3143; x_wconf 73' lang='grc' dir='ltr'><strong>ζ’,</strong></span> <span class='ocrx_word' id='word_1_458' title='bbox 2583 3077 2677 3132; x_wconf 78' lang='grc' dir='ltr'><strong>ἐὰν</strong></span> <span class='ocrx_word' id='word_1_459' title='bbox 2707 3076 2806 3141; x_wconf 85' lang='grc' dir='ltr'>τὰς</span> <span class='ocrx_word' id='word_1_460' title='bbox 2836 3077 3027 3141; x_wconf 83' lang='grc' dir='ltr'>λοιπὰς</span> <span class='ocrx_word' id='word_1_461' title='bbox 3055 3077 3099 3131; x_wconf 81' lang='grc' dir='ltr'>ν’</span> <span class='ocrx_word' id='word_1_462' title='bbox 3143 3079 3604 3152; x_wconf 76' lang='grc' dir='ltr'>προσεκϐάὶωμεν</span> <span class='ocrx_word' id='word_1_463' title='bbox 3629 3083 3737 3136; x_wconf 68' lang='grc' dir='ltr'><strong>ἀπὺ</strong></span> 
     </span>
    </p>
   </div>
   <div class='ocr_carea' id='block_1_64' title="bbox 491 3181 2051 3262">
    <p class='ocr_par' dir='ltr' id='par_1_64' title="bbox 491 3181 2051 3262">
     <span class='ocr_line' id='line_1_64' title="bbox 491 3181 2051 3262; baseline 0.002 -20"><span class='ocrx_word' id='word_1_464' title='bbox 491 3188 634 3242; x_wconf 90' lang='lat' dir='ltr'><strong>rium</strong></span> <span class='ocrx_word' id='word_1_465' title='bbox 665 3189 965 3259; x_wconf 69' lang='lat' dir='ltr'><strong>praecessit,</strong></span> <span class='ocrx_word' id='word_1_466' title='bbox 993 3197 1390 3260; x_wconf 81' lang='lat' dir='ltr'><strong>computemus,</strong></span> <span class='ocrx_word' id='word_1_467' title='bbox 1426 3181 1644 3262; x_wconf 82' lang='lat' dir='ltr'><strong>planum</strong></span> <span class='ocrx_word' id='word_1_468' title='bbox 1675 3198 1760 3247; x_wconf 89' lang='lat' dir='ltr'><strong>est</strong></span> <span class='ocrx_word' id='word_1_469' title='bbox 1783 3191 2051 3246; x_wconf 87' lang='lat' dir='ltr'><strong>calculum</strong></span> 
     </span>
    </p>
   </div>
   <div class='ocr_carea' id='block_1_65' title="bbox 490 3278 2050 3353">
    <p class='ocr_par' dir='ltr' id='par_1_65' title="bbox 490 3278 2050 3353">
     <span class='ocr_line' id='line_1_65' title="bbox 490 3278 2050 3353; baseline 0.002 -19"><span class='ocrx_word' id='word_1_470' title='bbox 490 3289 742 3335; x_wconf 86' lang='lat' dir='ltr'><strong>nostrum</strong></span> <span class='ocrx_word' id='word_1_471' title='bbox 772 3278 840 3334; x_wconf 91' lang='lat' dir='ltr'><strong>ad</strong></span> <span class='ocrx_word' id='word_1_472' title='bbox 891 3280 1288 3339; x_wconf 88' lang='lat' dir='ltr'><strong>hebdomadam</strong></span> <span class='ocrx_word' id='word_1_473' title='bbox 1333 3281 1690 3353; x_wconf 82' lang='lat' dir='ltr'><strong>Carnisprivii</strong></span> <span class='ocrx_word' id='word_1_474' title='bbox 1730 3282 2050 3353; x_wconf 87' lang='lat' dir='ltr'><strong>perductum</strong></span> 
     </span>
    </p>
   </div>
   <div class='ocr_carea' id='block_1_66' title="bbox 491 3371 2052 3447">
    <p class='ocr_par' dir='ltr' id='par_1_66' title="bbox 491 3371 2052 3447">
     <span class='ocr_line' id='line_1_66' title="bbox 491 3371 2052 3447; baseline 0.004 -21"><span class='ocrx_word' id='word_1_475' title='bbox 491 3371 582 3438; x_wconf 83' lang='lat' dir='ltr'><strong>iri,</strong></span> <span class='ocrx_word' id='word_1_476' title='bbox 609 3372 713 3428; x_wconf 90' lang='lat' dir='ltr'><strong>hoc</strong></span> <span class='ocrx_word' id='word_1_477' title='bbox 751 3383 836 3429; x_wconf 89' lang='lat' dir='ltr'><strong>est</strong></span> <span class='ocrx_word' id='word_1_478' title='bbox 862 3388 893 3427; x_wconf 90' lang='lat' dir='ltr'><strong>a</strong></span> <span class='ocrx_word' id='word_1_479' title='bbox 946 3372 1231 3429; x_wconf 85' lang='lat' dir='ltr'><strong>Dominica</strong></span> <span class='ocrx_word' id='word_1_480' title='bbox 1264 3393 1284 3426; x_wconf 82' lang='grc' dir='ltr'><strong>ι</strong></span> <span class='ocrx_word' id='word_1_481' title='bbox 1316 3374 1557 3447; x_wconf 76' lang='lat' dir='ltr'><strong>Prodigi,</strong></span> <span class='ocrx_word' id='word_1_482' title='bbox 1591 3394 1609 3427; x_wconf 75' lang='grc' dir='ltr'><strong>ι</strong></span> <span class='ocrx_word' id='word_1_483' title='bbox 1646 3377 1713 3431; x_wconf 91' lang='lat' dir='ltr'><strong>ad</strong></span> <span class='ocrx_word' id='word_1_484' title='bbox 1754 3374 2052 3432; x_wconf 87' lang='lat' dir='ltr'><strong>Sabbatum</strong></span> 
     </span>
    </p>
   </div>
   <div class='ocr_carea' id='block_1_67' title="bbox 491 3463 2053 3540">
    <p class='ocr_par' dir='ltr' id='par_1_67' title="bbox 491 3463 2053 3540">
     <span class='ocr_line' id='line_1_67' title="bbox 491 3463 2053 3540; baseline 0.004 -22"><span class='ocrx_word' id='word_1_485' title='bbox 491 3472 619 3521; x_wconf 86' lang='lat' dir='ltr'><strong>ante</strong></span> <span class='ocrx_word' id='word_1_486' title='bbox 634 3463 993 3535; x_wconf 84' lang='lat' dir='ltr'><strong>Carnisprivii</strong></span> <span class='ocrx_word' id='word_1_487' title='bbox 1012 3464 1371 3525; x_wconf 86' lang='lat' dir='ltr'><strong>Dominicam.</strong></span> <span class='ocrx_word' id='word_1_488' title='bbox 1400 3466 1642 3537; x_wconf 85' lang='lat' dir='ltr'><strong>Adjectis</strong></span> <span class='ocrx_word' id='word_1_489' title='bbox 1666 3468 1824 3540; x_wconf 67' lang='lat'><strong>203</strong></span> <span class='ocrx_word' id='word_1_490' title='bbox 1855 3468 2053 3526; x_wconf 74' lang='lat' dir='ltr'><strong>deinde</strong></span> 
     </span>
    </p>
   </div>
   <div class='ocr_carea' id='block_1_68' title="bbox 489 3554 2052 3629">
    <p class='ocr_par' dir='ltr' id='par_1_68' title="bbox 489 3554 2052 3629">
     <span class='ocr_line' id='line_1_68' title="bbox 489 3554 2052 3629; baseline 0.002 -19"><span class='ocrx_word' id='word_1_491' title='bbox 489 3554 718 3625; x_wconf 83' lang='lat' dir='ltr'><strong>reliquis</strong></span> <span class='ocrx_word' id='word_1_492' title='bbox 748 3554 816 3610; x_wconf 89' lang='lat' dir='ltr'><strong>ad</strong></span> <span class='ocrx_word' id='word_1_493' title='bbox 845 3555 1184 3612; x_wconf 88' lang='lat' dir='ltr'><strong>Dominicam</strong></span> <span class='ocrx_word' id='word_1_494' title='bbox 1214 3557 1437 3622; x_wconf 89' lang='lat' dir='ltr'><strong>diebus,</strong></span> <span class='ocrx_word' id='word_1_495' title='bbox 1479 3558 1838 3629; x_wconf 80' lang='lat' dir='ltr'><strong>Carnisprivii</strong></span> <span class='ocrx_word' id='word_1_496' title='bbox 1868 3558 2052 3614; x_wconf 88' lang='lat' dir='ltr'><strong>Domi-</strong></span> 
     </span>
    </p>
   </div>
   <div class='ocr_carea' id='block_1_69' title="bbox 490 3645 2051 3718">
    <p class='ocr_par' dir='ltr' id='par_1_69' title="bbox 490 3645 2051 3718">
     <span class='ocr_line' id='line_1_69' title="bbox 490 3645 2051 3718; baseline 0.004 -19"><span class='ocrx_word' id='word_1_497' title='bbox 490 3645 672 3699; x_wconf 88' lang='lat' dir='ltr'><strong>nicam</strong></span> <span class='ocrx_word' id='word_1_498' title='bbox 698 3661 1096 3718; x_wconf 86' lang='lat' dir='ltr'><strong>assequemur:</strong></span> <span class='ocrx_word' id='word_1_499' title='bbox 1131 3649 1276 3705; x_wconf 91' lang='lat' dir='ltr'><strong>unde</strong></span> <span class='ocrx_word' id='word_1_500' title='bbox 1301 3658 1355 3705; x_wconf 90' lang='lat' dir='ltr'><strong>et</strong></span> <span class='ocrx_word' id='word_1_501' title='bbox 1379 3648 1591 3706; x_wconf 89' lang='lat' dir='ltr'><strong>Pascha</strong></span> <span class='ocrx_word' id='word_1_502' title='bbox 1629 3651 1923 3707; x_wconf 89' lang='lat' dir='ltr'><strong>constabit.</strong></span> <span class='ocrx_word' id='word_1_503' title='bbox 1945 3650 2051 3706; x_wconf 78' lang='lat' dir='ltr'><strong>Ex-</strong></span> 
     </span>
    </p>
   </div>
   <div class='ocr_carea' id='block_1_70' title="bbox 488 3736 2052 3809">
    <p class='ocr_par' dir='ltr' id='par_1_70' title="bbox 488 3736 2052 3809">
     <span class='ocr_line' id='line_1_70' title="bbox 488 3736 2052 3809; baseline 0.005 -19"><span class='ocrx_word' id='word_1_504' title='bbox 488 3736 768 3808; x_wconf 86' lang='lat' dir='ltr'><strong>periamur</strong></span> <span class='ocrx_word' id='word_1_505' title='bbox 805 3737 859 3791; x_wconf 93' lang='lat' dir='ltr'><strong>in</strong></span> <span class='ocrx_word' id='word_1_506' title='bbox 918 3739 1165 3809; x_wconf 74' lang='lat' dir='ltr'><strong>exemplo</strong></span> <span class='ocrx_word' id='word_1_507' title='bbox 1222 3740 1469 3809; x_wconf 84' lang='lat' dir='ltr'><strong>proxime</strong></span> <span class='ocrx_word' id='word_1_508' title='bbox 1517 3739 1713 3796; x_wconf 73' lang='lat' dir='ltr'><strong>fatum</strong></span> <span class='ocrx_word' id='word_1_509' title='bbox 1757 3741 2052 3799; x_wconf 60' lang='lat' dir='ltr'><strong>Dominica</strong></span> 
     </span>
    </p>
   </div>
   <div class='ocr_carea' id='block_1_71' title="bbox 486 3825 2049 3901">
    <p class='ocr_par' dir='ltr' id='par_1_71' title="bbox 486 3825 2049 3901">
     <span class='ocr_line' id='line_1_71' title="bbox 486 3825 2049 3901; baseline 0.004 -20"><span class='ocrx_word' id='word_1_510' title='bbox 486 3825 865 3899; x_wconf 83' lang='lat' dir='ltr'><strong>Carnisprivii.</strong></span> <span class='ocrx_word' id='word_1_511' title='bbox 882 3828 1047 3901; x_wconf 85' lang='lat' dir='ltr'><strong>Cyclo</strong></span> <span class='ocrx_word' id='word_1_512' title='bbox 1075 3830 1216 3886; x_wconf 71' lang='lat' dir='ltr'><strong>lunai</strong></span> <span class='ocrx_word' id='word_1_513' title='bbox 1237 3847 1287 3885; x_wconf 76' lang='lat' dir='ltr'><strong>vr</strong></span> <span class='ocrx_word' id='word_1_514' title='bbox 1312 3830 1535 3888; x_wconf 87' lang='lat' dir='ltr'><strong>ineunte</strong></span> <span class='ocrx_word' id='word_1_515' title='bbox 1553 3831 1812 3889; x_wconf 81' lang='lat' dir='ltr'><strong>Kalendis</strong></span> <span class='ocrx_word' id='word_1_516' title='bbox 1842 3830 2049 3887; x_wconf 75' lang='lat' dir='ltr'><strong>Janua-</strong></span> 
     </span>
    </p>
   </div>
   <div class='ocr_carea' id='block_1_72' title="bbox 489 3920 2048 3997">
    <p class='ocr_par' dir='ltr' id='par_1_72' title="bbox 489 3920 2048 3997">
     <span class='ocr_line' id='line_1_72' title="bbox 489 3920 2048 3997; baseline 0.006 -24"><span class='ocrx_word' id='word_1_517' title='bbox 489 3920 590 3978; x_wconf 85' lang='lat' dir='ltr'><strong>riis</strong></span> <span class='ocrx_word' id='word_1_518' title='bbox 617 3929 820 3992; x_wconf 71' lang='lat' dir='ltr'><strong>epactze</strong></span> <span class='ocrx_word' id='word_1_519' title='bbox 860 3931 991 3979; x_wconf 88' lang='lat' dir='ltr'><strong>sunt</strong></span> <span class='ocrx_word' id='word_1_520' title='bbox 1024 3940 1096 3981; x_wconf 76' lang='grc' dir='ltr'>νι.</span> <span class='ocrx_word' id='word_1_521' title='bbox 1138 3923 1279 3997; x_wconf 78' lang='lat' dir='ltr'><strong>Ergo</strong></span> <span class='ocrx_word' id='word_1_522' title='bbox 1320 3940 1415 3982; x_wconf 82' lang='lat' dir='ltr'><strong>sex</strong></span> <span class='ocrx_word' id='word_1_523' title='bbox 1453 3926 1647 3983; x_wconf 89' lang='lat' dir='ltr'><strong>diebus</strong></span> <span class='ocrx_word' id='word_1_524' title='bbox 1686 3933 1812 3982; x_wconf 90' lang='lat' dir='ltr'><strong>ante</strong></span> <span class='ocrx_word' id='word_1_525' title='bbox 1849 3925 2048 3983; x_wconf 84' lang='lat' dir='ltr'><strong>Kalen-</strong></span> 
     </span>
    </p>
   </div>
   <div class='ocr_carea' id='block_1_73' title="bbox 486 4010 2049 4090">
    <p class='ocr_par' dir='ltr' id='par_1_73' title="bbox 486 4010 2049 4090">
     <span class='ocr_line' id='line_1_73' title="bbox 486 4010 2049 4090; baseline 0.004 -24"><span class='ocrx_word' id='word_1_526' title='bbox 486 4010 585 4068; x_wconf 88' lang='lat' dir='ltr'><strong>das</strong></span> <span class='ocrx_word' id='word_1_527' title='bbox 612 4011 905 4072; x_wconf 84' lang='lat' dir='ltr'><strong>Januarias</strong></span> <span class='ocrx_word' id='word_1_528' title='bbox 951 4016 1160 4073; x_wconf 91' lang='lat' dir='ltr'><strong>lunaris</strong></span> <span class='ocrx_word' id='word_1_529' title='bbox 1218 4017 1437 4090; x_wconf 76' lang='lat' dir='ltr'><strong>syzygia</strong></span> <span class='ocrx_word' id='word_1_530' title='bbox 1488 4017 1781 4073; x_wconf 86' lang='lat' dir='ltr'><strong>commissa</strong></span> <span class='ocrx_word' id='word_1_531' title='bbox 1830 4025 1935 4074; x_wconf 84' lang='lat' dir='ltr'><strong>est.</strong></span> <span class='ocrx_word' id='word_1_532' title='bbox 1966 4018 2049 4075; x_wconf 81' lang='lat' dir='ltr'><strong>Ab</strong></span> 
     </span>
    </p>
   </div>
   <div class='ocr_carea' id='block_1_74' title="bbox 485 4101 2049 4178">
    <p class='ocr_par' dir='ltr' id='par_1_74' title="bbox 485 4101 2049 4178">
     <span class='ocr_line' id='line_1_74' title="bbox 485 4101 2049 4178; baseline 0.006 -23"><span class='ocrx_word' id='word_1_533' title='bbox 485 4101 589 4155; x_wconf 89' lang='lat' dir='ltr'><strong>hac</strong></span> <span class='ocrx_word' id='word_1_534' title='bbox 627 4102 675 4157; x_wconf 89' lang='lat' dir='ltr'><strong>si</strong></span> <span class='ocrx_word' id='word_1_535' title='bbox 704 4117 736 4158; x_wconf 87' lang='grc' dir='ltr'>ι.</span> <span class='ocrx_word' id='word_1_536' title='bbox 765 4103 883 4159; x_wconf 89' lang='lat' dir='ltr'><strong>dies</strong></span> <span class='ocrx_word' id='word_1_537' title='bbox 932 4107 1300 4176; x_wconf 81' lang='lat' dir='ltr'><strong>explicemus,</strong></span> <span class='ocrx_word' id='word_1_538' title='bbox 1351 4122 1471 4178; x_wconf 69' lang='lat' dir='ltr'><strong>qua:</strong></span> <span class='ocrx_word' id='word_1_539' title='bbox 1502 4106 1751 4162; x_wconf 71' lang='lat' dir='ltr'><strong>conﬂata:</strong></span> <span class='ocrx_word' id='word_1_540' title='bbox 1802 4116 1931 4163; x_wconf 89' lang='lat' dir='ltr'><strong>sunt</strong></span> <span class='ocrx_word' id='word_1_541' title='bbox 1980 4125 2049 4165; x_wconf 80' lang='lat' dir='ltr'><strong>ex</strong></span> 
     </span>
    </p>
   </div>
   <div class='ocr_carea' id='block_1_75' title="bbox 484 4186 2049 4265">
    <p class='ocr_par' dir='ltr' id='par_1_75' title="bbox 484 4186 2049 4265">
     <span class='ocr_line' id='line_1_75' title="bbox 484 4186 2049 4265; baseline 0.008 -21"><span class='ocrx_word' id='word_1_542' title='bbox 484 4186 806 4249; x_wconf 73' lang='lat' dir='ltr'><strong>Ianuarium</strong></span> <span class='ocrx_word' id='word_1_543' title='bbox 840 4197 1289 4253; x_wconf 86' lang='lat' dir='ltr'><strong>antecedentibus</strong></span> <span class='ocrx_word' id='word_1_544' title='bbox 1321 4215 1397 4262; x_wconf 75' lang='lat' dir='ltr'><strong>v1,</strong></span> <span class='ocrx_word' id='word_1_545' title='bbox 1427 4208 1483 4253; x_wconf 88' lang='lat' dir='ltr'><strong>et</strong></span> <span class='ocrx_word' id='word_1_546' title='bbox 1528 4215 1655 4254; x_wconf 69' lang='lat' dir='ltr'><strong>xxx:</strong></span> <span class='ocrx_word' id='word_1_547' title='bbox 1689 4197 1959 4265; x_wconf 83' lang='lat' dir='ltr'><strong>Januarii,</strong></span> <span class='ocrx_word' id='word_1_548' title='bbox 1994 4210 2049 4256; x_wconf 91' lang='lat' dir='ltr'><strong>et</strong></span> 
     </span>
    </p>
   </div>
   <div class='ocr_carea' id='block_1_76' title="bbox 484 4282 2046 4359">
    <p class='ocr_par' dir='ltr' id='par_1_76' title="bbox 484 4282 2046 4359">
     <span class='ocr_line' id='line_1_76' title="bbox 484 4282 2046 4359; baseline 0.006 -20"><span class='ocrx_word' id='word_1_549' title='bbox 484 4282 769 4342; x_wconf 85' lang='lat' dir='ltr'><strong>Februarii</strong></span> <span class='ocrx_word' id='word_1_550' title='bbox 799 4303 900 4342; x_wconf 84' lang='lat' dir='ltr'><strong>xm</strong></span> <span class='ocrx_word' id='word_1_551' title='bbox 952 4287 1100 4359; x_wconf 90' lang='lat' dir='ltr'><strong>(nam</strong></span> <span class='ocrx_word' id='word_1_552' title='bbox 1137 4306 1330 4346; x_wconf 89' lang='lat' dir='ltr'><strong>omnes</strong></span> <span class='ocrx_word' id='word_1_553' title='bbox 1359 4292 1479 4346; x_wconf 68' lang='lat' dir='ltr'><strong>ista:</strong></span> <span class='ocrx_word' id='word_1_554' title='bbox 1519 4292 1573 4347; x_wconf 93' lang='lat' dir='ltr'><strong>in</strong></span> <span class='ocrx_word' id='word_1_555' title='bbox 1599 4308 1764 4347; x_wconf 91' lang='lat' dir='ltr'><strong>unum</strong></span> <span class='ocrx_word' id='word_1_556' title='bbox 1804 4294 2046 4349; x_wconf 74' lang='lat' dir='ltr'><strong>collecta:</strong></span> 
     </span>
    </p>
   </div>
   <div class='ocr_carea' id='block_1_77' title="bbox 483 4375 2119 4465">
    <p class='ocr_par' dir='ltr' id='par_1_77' title="bbox 483 4375 2119 4465">
     <span class='ocr_line' id='line_1_77' title="bbox 483 4375 2119 4465; baseline 0.006 -36"><span class='ocrx_word' id='word_1_557' title='bbox 483 4375 879 4451; x_wconf 75' lang='lat' dir='ltr'><strong>quinquaginta</strong></span> <span class='ocrx_word' id='word_1_558' title='bbox 928 4379 1175 4449; x_wconf 78' lang='lat' dir='ltr'><strong>faciunt),</strong></span> <span class='ocrx_word' id='word_1_559' title='bbox 1206 4382 1652 4454; x_wconf 76' lang='lat' dir='ltr'><strong>quinquagesima</strong></span> <span class='ocrx_word' id='word_1_560' title='bbox 1698 4384 1814 4439; x_wconf 87' lang='lat' dir='ltr'><strong>dies</strong></span> <span class='ocrx_word' id='word_1_561' title='bbox 1843 4385 1899 4438; x_wconf 92' lang='lat' dir='ltr'><strong>in</strong></span> <span class='ocrx_word' id='word_1_562' title='bbox 1942 4398 2042 4439; x_wconf 75' lang='lat' dir='ltr'><strong>xm</strong></span> <span class='ocrx_word' id='word_1_563' title='bbox 2075 4411 2119 4465; x_wconf 74' lang='grc' dir='ltr'>ι)</span> 
     </span>
    </p>
   </div>
   <div class='ocr_carea' id='block_1_78' title="bbox 482 4464 2040 4544">
    <p class='ocr_par' dir='ltr' id='par_1_78' title="bbox 482 4464 2040 4544">
     <span class='ocr_line' id='line_1_78' title="bbox 482 4464 2040 4544; baseline 0.006 -21"><span class='ocrx_word' id='word_1_564' title='bbox 482 4464 767 4524; x_wconf 84' lang='lat' dir='ltr'><strong>Februarii</strong></span> <span class='ocrx_word' id='word_1_565' title='bbox 800 4471 1043 4539; x_wconf 86' lang='lat' dir='ltr'><strong>desinet;</strong></span> <span class='ocrx_word' id='word_1_566' title='bbox 1073 4488 1235 4544; x_wconf 85' lang='lat' dir='ltr'><strong>quam</strong></span> <span class='ocrx_word' id='word_1_567' title='bbox 1272 4473 1326 4528; x_wconf 94' lang='lat' dir='ltr'><strong>in</strong></span> <span class='ocrx_word' id='word_1_568' title='bbox 1352 4473 1691 4530; x_wconf 90' lang='lat' dir='ltr'><strong>Dominicam</strong></span> <span class='ocrx_word' id='word_1_569' title='bbox 1720 4475 1915 4531; x_wconf 89' lang='lat' dir='ltr'><strong>cadere</strong></span> <span class='ocrx_word' id='word_1_570' title='bbox 1942 4476 2040 4532; x_wconf 92' lang='lat' dir='ltr'><strong>de-</strong></span> 
     </span>
    </p>
   </div>
   <div class='ocr_carea' id='block_1_79' title="bbox 482 4561 2043 4641">
    <p class='ocr_par' dir='ltr' id='par_1_79' title="bbox 482 4561 2043 4641">
     <span class='ocr_line' id='line_1_79' title="bbox 482 4561 2043 4641; baseline 0.006 -25"><span class='ocrx_word' id='word_1_571' title='bbox 482 4561 906 4632; x_wconf 87' lang='lat' dir='ltr'><strong>prehendemus,</strong></span> <span class='ocrx_word' id='word_1_572' title='bbox 938 4566 1189 4622; x_wconf 86' lang='lat' dir='ltr'><strong>videlicet</strong></span> <span class='ocrx_word' id='word_1_573' title='bbox 1219 4568 1272 4623; x_wconf 87' lang='lat' dir='ltr'><strong>in</strong></span> <span class='ocrx_word' id='word_1_574' title='bbox 1305 4583 1448 4632; x_wconf 89' lang='lat' dir='ltr'><strong>eam,</strong></span> <span class='ocrx_word' id='word_1_575' title='bbox 1477 4583 1598 4639; x_wconf 55' lang='lat' dir='ltr'><strong>quas</strong></span> <span class='ocrx_word' id='word_1_576' title='bbox 1618 4567 1837 4641; x_wconf 77' lang='lat' dir='ltr'><strong>Prodigi</strong></span> <span class='ocrx_word' id='word_1_577' title='bbox 1868 4570 2043 4627; x_wconf 90' lang='lat' dir='ltr'><strong>nomi-</strong></span> 
     </span>
    </p>
   </div>
   <div class='ocr_carea' id='block_1_80' title="bbox 481 4651 2040 4729">
    <p class='ocr_par' dir='ltr' id='par_1_80' title="bbox 481 4651 2040 4729">
     <span class='ocr_line' id='line_1_80' title="bbox 481 4651 2040 4729; baseline 0.005 -22"><span class='ocrx_word' id='word_1_578' title='bbox 481 4660 667 4707; x_wconf 86' lang='lat' dir='ltr'><strong>natur.</strong></span> <span class='ocrx_word' id='word_1_579' title='bbox 700 4652 779 4706; x_wconf 86' lang='lat' dir='ltr'><strong>Ad</strong></span> <span class='ocrx_word' id='word_1_580' title='bbox 824 4651 1109 4711; x_wconf 86' lang='lat' dir='ltr'><strong>Februarii</strong></span> <span class='ocrx_word' id='word_1_581' title='bbox 1136 4671 1234 4711; x_wconf 76' lang='lat' dir='ltr'><strong>xm</strong></span> <span class='ocrx_word' id='word_1_582' title='bbox 1259 4657 1407 4724; x_wconf 90' lang='lat' dir='ltr'><strong>dies,</strong></span> <span class='ocrx_word' id='word_1_583' title='bbox 1448 4673 1571 4729; x_wconf 69' lang='lat' dir='ltr'><strong>quae</strong></span> <span class='ocrx_word' id='word_1_584' title='bbox 1604 4658 1661 4713; x_wconf 91' lang='lat' dir='ltr'><strong>in</strong></span> <span class='ocrx_word' id='word_1_585' title='bbox 1700 4658 2040 4715; x_wconf 88' lang='lat' dir='ltr'><strong>Dominicam</strong></span> 
     </span>
    </p>
   </div>
   <div class='ocr_carea' id='block_1_81' title="bbox 478 4741 2041 4819">
    <p class='ocr_par' dir='ltr' id='par_1_81' title="bbox 478 4741 2041 4819">
     <span class='ocr_line' id='line_1_81' title="bbox 478 4741 2041 4819; baseline 0.006 -24"><span class='ocrx_word' id='word_1_586' title='bbox 478 4741 756 4804; x_wconf 88' lang='lat' dir='ltr'><strong>desinunt.</strong></span> <span class='ocrx_word' id='word_1_587' title='bbox 776 4748 855 4797; x_wconf 87' lang='lat' dir='ltr'><strong>uti</strong></span> <span class='ocrx_word' id='word_1_588' title='bbox 881 4742 1086 4798; x_wconf 89' lang='lat' dir='ltr'><strong>dictum</strong></span> <span class='ocrx_word' id='word_1_589' title='bbox 1105 4755 1223 4809; x_wconf 89' lang='lat' dir='ltr'><strong>est,</strong></span> <span class='ocrx_word' id='word_1_590' title='bbox 1256 4746 1484 4817; x_wconf 88' lang='lat' dir='ltr'><strong>adjectis</strong></span> <span class='ocrx_word' id='word_1_591' title='bbox 1507 4757 1713 4819; x_wconf 88' lang='lat' dir='ltr'><strong>septem</strong></span> <span class='ocrx_word' id='word_1_592' title='bbox 1745 4749 2041 4805; x_wconf 72' lang='lat' dir='ltr'><strong>hebdoma~</strong></span> 
     </span>
    </p>
   </div>
   <div class='ocr_carea' id='block_1_82' title="bbox 477 4832 2037 4909">
    <p class='ocr_par' dir='ltr' id='par_1_82' title="bbox 477 4832 2037 4909">
     <span class='ocr_line' id='line_1_82' title="bbox 477 4832 2037 4909; baseline 0.005 -22"><span class='ocrx_word' id='word_1_593' title='bbox 477 4833 563 4888; x_wconf 89' lang='lat' dir='ltr'><strong>dis</strong></span> <span class='ocrx_word' id='word_1_594' title='bbox 585 4832 893 4909; x_wconf 74' lang='lat' dir='ltr'><strong>Tyrophagi</strong></span> <span class='ocrx_word' id='word_1_595' title='bbox 935 4835 1159 4901; x_wconf 89' lang='lat' dir='ltr'><strong>diebus,</strong></span> <span class='ocrx_word' id='word_1_596' title='bbox 1191 4840 1390 4894; x_wconf 90' lang='lat' dir='ltr'><strong>conllet</strong></span> <span class='ocrx_word' id='word_1_597' title='bbox 1419 4839 1680 4896; x_wconf 83' lang='lat' dir='ltr'><strong>vicesima</strong></span> <span class='ocrx_word' id='word_1_598' title='bbox 1733 4839 2037 4906; x_wconf 88' lang='lat' dir='ltr'><strong>Februarii,</strong></span> 
     </span>
    </p>
   </div>
   <div class='ocr_carea' id='block_1_83' title="bbox 476 4923 2037 5005">
    <p class='ocr_par' dir='ltr' id='par_1_83' title="bbox 476 4923 2037 5005">
     <span class='ocr_line' id='line_1_83' title="bbox 476 4923 2037 5005; baseline 0.007 -27"><span class='ocrx_word' id='word_1_599' title='bbox 476 4938 598 4994; x_wconf 67' lang='lat' dir='ltr'><strong>qua:</strong></span> <span class='ocrx_word' id='word_1_600' title='bbox 611 4925 715 4979; x_wconf 92' lang='lat' dir='ltr'><strong>erit</strong></span> <span class='ocrx_word' id='word_1_601' title='bbox 745 4923 1024 4982; x_wconf 91' lang='lat' dir='ltr'><strong>Dominica</strong></span> <span class='ocrx_word' id='word_1_602' title='bbox 1040 4926 1115 4982; x_wconf 87' lang='lat' dir='ltr'><strong>Ca</strong></span> <span class='ocrx_word' id='word_1_603' title='bbox 1124 4928 1400 5000; x_wconf 81' lang='lat' dir='ltr'><strong>rnisprivii</strong></span> <span class='ocrx_word' id='word_1_604' title='bbox 1423 4948 1437 4998; x_wconf 90' lang='lat'>;</span> <span class='ocrx_word' id='word_1_605' title='bbox 1461 4945 1525 4986; x_wconf 90' lang='lat' dir='ltr'><strong>ac</strong></span> <span class='ocrx_word' id='word_1_606' title='bbox 1541 4931 1800 5005; x_wconf 86' lang='lat' dir='ltr'><strong>deinceps</strong></span> <span class='ocrx_word' id='word_1_607' title='bbox 1828 4930 2037 4989; x_wconf 86' lang='lat' dir='ltr'><strong>Pascha</strong></span> 
     </span>
    </p>
   </div>
   <div class='ocr_carea' id='block_1_84' title="bbox 477 5031 895 5088">
    <p class='ocr_par' dir='ltr' id='par_1_84' title="bbox 477 5031 895 5088">
     <span class='ocr_line' id='line_1_84' title="bbox 477 5031 895 5088; baseline 0.024 -20"><span class='ocrx_word' id='word_1_608' title='bbox 477 5031 895 5088; x_wconf 86' lang='lat' dir='ltr'><strong>consequemur.</strong></span> 
     </span>
    </p>
   </div>
   <div class='ocr_carea' id='block_1_85' title="bbox 885 5283 1625 5345">
    <p class='ocr_par' dir='ltr' id='par_1_85' title="bbox 885 5283 1625 5345">
     <span class='ocr_line' id='line_1_85' title="bbox 885 5283 1625 5345; baseline 0.008 -7"><span class='ocrx_word' id='word_1_609' title='bbox 885 5283 1162 5343; x_wconf 76' lang='lat' dir='ltr'><strong>Melhodus</strong></span> <span class='ocrx_word' id='word_1_610' title='bbox 1182 5287 1293 5342; x_wconf 80' lang='lat' dir='ltr'><strong>alia</strong></span> <span class='ocrx_word' id='word_1_611' title='bbox 1327 5288 1625 5345; x_wconf 70' lang='lat' dir='ltr'><strong>Paschalis.</strong></span> 
     </span>
    </p>
   </div>
   <div class='ocr_carea' id='block_1_86' title="bbox 544 5393 2036 5476">
    <p class='ocr_par' dir='ltr' id='par_1_86' title="bbox 544 5393 2036 5476">
     <span class='ocr_line' id='line_1_86' title="bbox 544 5393 2036 5476; baseline 0.007 -26"><span class='ocrx_word' id='word_1_612' title='bbox 544 5393 684 5455; x_wconf 80' lang='lat' dir='ltr'><strong>XIV.</strong></span> <span class='ocrx_word' id='word_1_613' title='bbox 707 5398 842 5454; x_wconf 88' lang='lat' dir='ltr'><strong>Cum</strong></span> <span class='ocrx_word' id='word_1_614' title='bbox 870 5417 901 5455; x_wconf 86' lang='lat' dir='ltr'><strong>a</strong></span> <span class='ocrx_word' id='word_1_615' title='bbox 923 5403 1133 5473; x_wconf 81' lang='lat' dir='ltr'><strong>synodo</strong></span> <span class='ocrx_word' id='word_1_616' title='bbox 1168 5404 1366 5471; x_wconf 86' lang='lat' dir='ltr'><strong>lunari,</strong></span> <span class='ocrx_word' id='word_1_617' title='bbox 1400 5420 1524 5476; x_wconf 80' lang='lat' dir='ltr'><strong>quae</strong></span> <span class='ocrx_word' id='word_1_618' title='bbox 1546 5406 1795 5475; x_wconf 77' lang='lat' dir='ltr'><strong>proxime</strong></span> <span class='ocrx_word' id='word_1_619' title='bbox 1830 5404 2036 5462; x_wconf 57' lang='lat' dir='ltr'><strong>Ianua.</strong></span> 
     </span>
    </p>
   </div>
   <div class='ocr_carea' id='block_1_87' title="bbox 472 5487 2030 5564">
    <p class='ocr_par' dir='ltr' id='par_1_87' title="bbox 472 5487 2030 5564">
     <span class='ocr_line' id='line_1_87' title="bbox 472 5487 2030 5564; baseline 0.008 -22"><span class='ocrx_word' id='word_1_620' title='bbox 472 5487 612 5543; x_wconf 86' lang='lat' dir='ltr'><strong>rium</strong></span> <span class='ocrx_word' id='word_1_621' title='bbox 637 5495 936 5560; x_wconf 79' lang='lat' dir='ltr'><strong>praecessit,</strong></span> <span class='ocrx_word' id='word_1_622' title='bbox 967 5495 1035 5551; x_wconf 90' lang='lat' dir='ltr'><strong>ad</strong></span> <span class='ocrx_word' id='word_1_623' title='bbox 1056 5495 1300 5564; x_wconf 80' lang='lat' dir='ltr'><strong>ejusdem</strong></span> <span class='ocrx_word' id='word_1_624' title='bbox 1334 5498 1462 5552; x_wconf 87' lang='lat' dir='ltr'><strong>anni</strong></span> <span class='ocrx_word' id='word_1_625' title='bbox 1483 5496 1770 5553; x_wconf 81' lang='lat' dir='ltr'><strong>Judaicum</strong></span> <span class='ocrx_word' id='word_1_626' title='bbox 1800 5496 2030 5563; x_wconf 87' lang='lat' dir='ltr'><strong>Pascha,</strong></span> 
     </span>
    </p>
   </div>
   <div class='ocr_carea' id='block_1_88' title="bbox 472 5580 2033 5653">
    <p class='ocr_par' dir='ltr' id='par_1_88' title="bbox 472 5580 2033 5653">
     <span class='ocr_line' id='line_1_88' title="bbox 472 5580 2033 5653; baseline 0.007 -18"><span class='ocrx_word' id='word_1_627' title='bbox 472 5580 587 5638; x_wconf 87' lang='lat' dir='ltr'><strong>sive</strong></span> <span class='ocrx_word' id='word_1_628' title='bbox 609 5581 986 5653; x_wconf 88' lang='lat' dir='ltr'><strong>plenilunium,</strong></span> <span class='ocrx_word' id='word_1_629' title='bbox 1021 5593 1132 5642; x_wconf 84' lang='lat' dir='ltr'><strong>tres</strong></span> <span class='ocrx_word' id='word_1_630' title='bbox 1155 5602 1277 5641; x_wconf 90' lang='lat' dir='ltr'><strong>cum</strong></span> <span class='ocrx_word' id='word_1_631' title='bbox 1326 5587 1550 5644; x_wconf 92' lang='lat' dir='ltr'><strong>dimidio</strong></span> <span class='ocrx_word' id='word_1_632' title='bbox 1574 5590 1793 5645; x_wconf 88' lang='lat' dir='ltr'><strong>lunares</strong></span> <span class='ocrx_word' id='word_1_633' title='bbox 1816 5605 2033 5646; x_wconf 89' lang='lat' dir='ltr'><strong>menses</strong></span> 
     </span>
    </p>
   </div>
   <div class='ocr_carea' id='block_1_89' title="bbox 471 5673 2027 5755">
    <p class='ocr_par' dir='ltr' id='par_1_89' title="bbox 471 5673 2027 5755">
     <span class='ocr_line' id='line_1_89' title="bbox 471 5673 2027 5755; baseline 0.003 -20"><span class='ocrx_word' id='word_1_634' title='bbox 471 5673 832 5746; x_wconf 78' lang='lat' dir='ltr'><strong>intercedant,</strong></span> <span class='ocrx_word' id='word_1_635' title='bbox 861 5678 955 5750; x_wconf 89' lang='lat' dir='ltr'><strong>qui</strong></span> <span class='ocrx_word' id='word_1_636' title='bbox 1009 5686 1139 5736; x_wconf 80' lang='lat' dir='ltr'><strong>sunt</strong></span> <span class='ocrx_word' id='word_1_637' title='bbox 1167 5678 1279 5737; x_wconf 85' lang='lat' dir='ltr'><strong>dies</strong></span> <span class='ocrx_word' id='word_1_638' title='bbox 1336 5695 1423 5737; x_wconf 81' lang='lat' dir='ltr'><strong>etv</strong></span> <span class='ocrx_word' id='word_1_639' title='bbox 1474 5681 1732 5739; x_wconf 86' lang='lat' dir='ltr'><strong>circiter:</strong></span> <span class='ocrx_word' id='word_1_640' title='bbox 1762 5697 1924 5755; x_wconf 88' lang='lat' dir='ltr'><strong>porro</strong></span> <span class='ocrx_word' id='word_1_641' title='bbox 1973 5684 2027 5740; x_wconf 87' lang='lat' dir='ltr'><strong>in</strong></span> 
     </span>
    </p>
   </div>
   <div class='ocr_carea' id='block_1_90' title="bbox 2153 3168 3737 3244">
    <p class='ocr_par' dir='ltr' id='par_1_90' title="bbox 2153 3168 3737 3244">
     <span class='ocr_line' id='line_1_90' title="bbox 2153 3168 3737 3244; baseline 0.006 -24"><span class='ocrx_word' id='word_1_642' title='bbox 2153 3169 2251 3239; x_wconf 75' lang='grc' dir='ltr'>τῆς</span> <span class='ocrx_word' id='word_1_643' title='bbox 2302 3168 2407 3239; x_wconf 81' lang='grc' dir='ltr'><strong>πρὸ</strong></span> <span class='ocrx_word' id='word_1_644' title='bbox 2452 3168 2544 3224; x_wconf 78' lang='grc' dir='ltr'>τοῦ</span> <span class='ocrx_word' id='word_1_645' title='bbox 2584 3169 2912 3242; x_wconf 86' lang='grc' dir='ltr'>Ἰανουαρίου</span> <span class='ocrx_word' id='word_1_646' title='bbox 2962 3169 3203 3234; x_wconf 87' lang='grc' dir='ltr'>συνόδου,</span> <span class='ocrx_word' id='word_1_647' title='bbox 3249 3173 3506 3244; x_wconf 74' lang='grc' dir='ltr'>φανερόν·</span> <span class='ocrx_word' id='word_1_648' title='bbox 3546 3173 3626 3238; x_wconf 81' lang='grc' dir='ltr'>ὡς</span> <span class='ocrx_word' id='word_1_649' title='bbox 3657 3177 3737 3239; x_wconf 86' lang='grc' dir='ltr'>εἰς</span> 
     </span>
    </p>
   </div>
   <div class='ocr_carea' id='block_1_91' title="bbox 2151 3259 3738 3337">
    <p class='ocr_par' dir='ltr' id='par_1_91' title="bbox 2151 3259 3738 3337">
     <span class='ocr_line' id='line_1_91' title="bbox 2151 3259 3738 3337; baseline 0.004 -24"><span class='ocrx_word' id='word_1_650' title='bbox 2151 3259 2248 3331; x_wconf 81' lang='grc' dir='ltr'>τὴν</span> <span class='ocrx_word' id='word_1_651' title='bbox 2281 3259 2549 3331; x_wconf 81' lang='grc' dir='ltr'>ἑϐδομάδα</span> <span class='ocrx_word' id='word_1_652' title='bbox 2587 3260 2687 3332; x_wconf 81' lang='grc' dir='ltr'>τῆς</span> <span class='ocrx_word' id='word_1_653' title='bbox 2715 3262 2970 3335; x_wconf 85' lang='grc' dir='ltr'>ἀπόκρεω</span> <span class='ocrx_word' id='word_1_654' title='bbox 3026 3265 3439 3335; x_wconf 80' lang='grc' dir='ltr'>καταντήσομεν</span> <span class='ocrx_word' id='word_1_655' title='bbox 3487 3260 3609 3319; x_wconf 81' lang='grc' dir='ltr'><strong>ἀπδ</strong></span> <span class='ocrx_word' id='word_1_656' title='bbox 3634 3264 3738 3337; x_wconf 76' lang='grc' dir='ltr'>τῆς</span> 
     </span>
    </p>
   </div>
   <div class='ocr_carea' id='block_1_92' title="bbox 2152 3351 3735 3429">
    <p class='ocr_par' dir='ltr' id='par_1_92' title="bbox 2152 3351 3735 3429">
     <span class='ocr_line' id='line_1_92' title="bbox 2152 3351 3735 3429; baseline 0.004 -24"><span class='ocrx_word' id='word_1_657' title='bbox 2152 3352 2433 3424; x_wconf 83' lang='grc' dir='ltr'>Κυριακῆς</span> <span class='ocrx_word' id='word_1_658' title='bbox 2461 3371 2480 3404; x_wconf 74' lang='grc' dir='ltr'><strong>ι</strong></span> <span class='ocrx_word' id='word_1_659' title='bbox 2511 3351 2605 3406; x_wconf 79' lang='grc' dir='ltr'>τοῦ</span> <span class='ocrx_word' id='word_1_660' title='bbox 2639 3352 2869 3407; x_wconf 82' lang='grc' dir='ltr'>Ἀσώτου</span> <span class='ocrx_word' id='word_1_661' title='bbox 2897 3374 2915 3407; x_wconf 74' lang='grc' dir='ltr'><strong>ι</strong></span> <span class='ocrx_word' id='word_1_662' title='bbox 2948 3356 3073 3427; x_wconf 81' lang='grc' dir='ltr'>ἄχρι</span> <span class='ocrx_word' id='word_1_663' title='bbox 3096 3356 3306 3410; x_wconf 76' lang='grc' dir='ltr'>καὶτοῦ</span> <span class='ocrx_word' id='word_1_664' title='bbox 3335 3356 3440 3427; x_wconf 82' lang='grc' dir='ltr'><strong>πρὸ</strong></span> <span class='ocrx_word' id='word_1_665' title='bbox 3471 3358 3572 3429; x_wconf 76' lang='grc' dir='ltr'>τῆς</span> <span class='ocrx_word' id='word_1_666' title='bbox 3593 3358 3735 3411; x_wconf 77' lang='grc' dir='ltr'>ἀπό-</span> 
     </span>
    </p>
   </div>
   <div class='ocr_carea' id='block_1_93' title="bbox 2151 3440 3735 3521">
    <p class='ocr_par' dir='ltr' id='par_1_93' title="bbox 2151 3440 3735 3521">
     <span class='ocr_line' id='line_1_93' title="bbox 2151 3440 3735 3521; baseline 0.003 -23"><span class='ocrx_word' id='word_1_667' title='bbox 2151 3462 2298 3516; x_wconf 82' lang='grc' dir='ltr'>κρεω</span> <span class='ocrx_word' id='word_1_668' title='bbox 2330 3444 2632 3499; x_wconf 85' lang='grc' dir='ltr'>Σαϐϐάτου.</span> <span class='ocrx_word' id='word_1_669' title='bbox 2661 3440 2759 3511; x_wconf 59' lang='lat' dir='ltr'><strong>AT;</strong></span> <span class='ocrx_word' id='word_1_670' title='bbox 2792 3446 3121 3519; x_wconf 82' lang='grc' dir='ltr'>προσθέντες</span> <span class='ocrx_word' id='word_1_671' title='bbox 3156 3450 3255 3510; x_wconf 81' lang='grc' dir='ltr'><strong>τὰς</strong></span> <span class='ocrx_word' id='word_1_672' title='bbox 3295 3446 3493 3520; x_wconf 73' lang='grc' dir='ltr'>ἑφεξῆς</span> <span class='ocrx_word' id='word_1_673' title='bbox 3519 3450 3735 3521; x_wconf 73' lang='grc' dir='ltr'>ἡμέρας</span> 
     </span>
    </p>
   </div>
   <div class='ocr_carea' id='block_1_94' title="bbox 2151 3524 3731 3610">
    <p class='ocr_par' dir='ltr' id='par_1_94' title="bbox 2151 3524 3731 3610">
     <span class='ocr_line' id='line_1_94' title="bbox 2151 3524 3731 3610; baseline 0.003 -22"><span class='ocrx_word' id='word_1_674' title='bbox 2151 3534 2279 3607; x_wconf 81' lang='grc' dir='ltr'>ἄχρι</span> <span class='ocrx_word' id='word_1_675' title='bbox 2310 3536 2409 3608; x_wconf 86' lang='grc' dir='ltr'><strong>τῆς</strong></span> <span class='ocrx_word' id='word_1_676' title='bbox 2434 3524 2738 3608; x_wconf 77' lang='grc' dir='ltr'>Κυριακῆς,</span> <span class='ocrx_word' id='word_1_677' title='bbox 2768 3534 2866 3607; x_wconf 82' lang='grc' dir='ltr'>τὴν</span> <span class='ocrx_word' id='word_1_678' title='bbox 2894 3536 3146 3608; x_wconf 88' lang='grc' dir='ltr'>ἀπόκρεω</span> <span class='ocrx_word' id='word_1_679' title='bbox 3167 3536 3378 3607; x_wconf 58' lang='grc' dir='ltr'>ἕξομεν</span> <span class='ocrx_word' id='word_1_680' title='bbox 3412 3540 3507 3592; x_wconf 76' lang='grc' dir='ltr'><strong>καὶ</strong></span> <span class='ocrx_word' id='word_1_681' title='bbox 3533 3540 3731 3610; x_wconf 54' lang='grc' dir='ltr'>ἐφεῆς</span> 
     </span>
    </p>
   </div>
   <div class='ocr_carea' id='block_1_95' title="bbox 2150 3627 3727 3703">
    <p class='ocr_par' dir='ltr' id='par_1_95' title="bbox 2150 3627 3727 3703">
     <span class='ocr_line' id='line_1_95' title="bbox 2150 3627 3727 3703; baseline 0.003 -23"><span class='ocrx_word' id='word_1_682' title='bbox 2150 3627 2212 3680; x_wconf 82' lang='grc' dir='ltr'>τὸ</span> <span class='ocrx_word' id='word_1_683' title='bbox 2243 3627 2434 3698; x_wconf 86' lang='grc' dir='ltr'>Πάσχα</span> <span class='ocrx_word' id='word_1_684' title='bbox 2464 3627 2621 3699; x_wconf 82' lang='grc' dir='ltr'>δῆλον</span> <span class='ocrx_word' id='word_1_685' title='bbox 2648 3628 2819 3683; x_wconf 84' lang='grc' dir='ltr'>ἔσται.</span> <span class='ocrx_word' id='word_1_686' title='bbox 2848 3628 3027 3682; x_wconf 84' lang='grc' dir='ltr'>Ἔστω</span> <span class='ocrx_word' id='word_1_687' title='bbox 3053 3629 3108 3682; x_wconf 83' lang='grc' dir='ltr'>δὲ</span> <span class='ocrx_word' id='word_1_688' title='bbox 3140 3632 3234 3684; x_wconf 76' lang='grc' dir='ltr'><strong>καὶ</strong></span> <span class='ocrx_word' id='word_1_689' title='bbox 3268 3630 3361 3684; x_wconf 76' lang='grc' dir='ltr'><strong>ἐπὶ</strong></span> <span class='ocrx_word' id='word_1_690' title='bbox 3388 3630 3727 3703; x_wconf 81' lang='grc' dir='ltr'>ὑποδείγμα-</span> 
     </span>
    </p>
   </div>
   <div class='ocr_carea' id='block_1_96' title="bbox 2149 3719 3726 3796">
    <p class='ocr_par' dir='ltr' id='par_1_96' title="bbox 2149 3719 3726 3796">
     <span class='ocr_line' id='line_1_96' title="bbox 2149 3719 3726 3796; baseline 0.005 -26"><span class='ocrx_word' id='word_1_691' title='bbox 2149 3735 2240 3781; x_wconf 86' lang='grc' dir='ltr'><strong>τος</strong></span> <span class='ocrx_word' id='word_1_692' title='bbox 2270 3719 2370 3790; x_wconf 84' lang='grc' dir='ltr'>τῆς</span> <span class='ocrx_word' id='word_1_693' title='bbox 2411 3720 2707 3791; x_wconf 80' lang='grc' dir='ltr'>ἐρχομένης</span> <span class='ocrx_word' id='word_1_694' title='bbox 2760 3720 3033 3793; x_wconf 76' lang='grc' dir='ltr'>ἁπόκρειιν</span> <span class='ocrx_word' id='word_1_695' title='bbox 3072 3722 3221 3778; x_wconf 73' lang='grc' dir='ltr'>Ἐπεὶ</span> <span class='ocrx_word' id='word_1_696' title='bbox 3260 3722 3402 3777; x_wconf 86' lang='grc' dir='ltr'><strong>κατά</strong></span> <span class='ocrx_word' id='word_1_697' title='bbox 3428 3724 3528 3793; x_wconf 70' lang='grc' dir='ltr'>τὴν</span> <span class='ocrx_word' id='word_1_698' title='bbox 3556 3725 3726 3796; x_wconf 57' lang='grc' dir='ltr'>ἀρχὴν</span> 
     </span>
    </p>
   </div>
   <div class='ocr_carea' id='block_1_97' title="bbox 2148 3807 3724 3889">
    <p class='ocr_par' dir='ltr' id='par_1_97' title="bbox 2148 3807 3724 3889">
     <span class='ocr_line' id='line_1_97' title="bbox 2148 3807 3724 3889; baseline 0.006 -29"><span class='ocrx_word' id='word_1_699' title='bbox 2148 3807 2242 3861; x_wconf 78' lang='grc' dir='ltr'>τοῦ</span> <span class='ocrx_word' id='word_1_700' title='bbox 2273 3809 2565 3881; x_wconf 71' lang='grc' dir='ltr'>ἐρχομένου</span> <span class='ocrx_word' id='word_1_701' title='bbox 2612 3811 2960 3884; x_wconf 86' lang='grc' dir='ltr'>Ἰανουαρίου,</span> <span class='ocrx_word' id='word_1_702' title='bbox 3022 3812 3223 3867; x_wconf 81' lang='grc' dir='ltr'>κύκλου</span> <span class='ocrx_word' id='word_1_703' title='bbox 3276 3815 3508 3888; x_wconf 81' lang='grc' dir='ltr'>σελήνης</span> <span class='ocrx_word' id='word_1_704' title='bbox 3539 3816 3724 3889; x_wconf 75' lang='grc' dir='ltr'>τρίτου</span> 
     </span>
    </p>
   </div>
   <div class='ocr_carea' id='block_1_98' title="bbox 2149 3900 3724 3981">
    <p class='ocr_par' dir='ltr' id='par_1_98' title="bbox 2149 3900 3724 3981">
     <span class='ocr_line' id='line_1_98' title="bbox 2149 3900 3724 3981; baseline 0.006 -28"><span class='ocrx_word' id='word_1_705' title='bbox 2149 3900 2471 3972; x_wconf 82' lang='grc' dir='ltr'>ἀρχομένου,</span> <span class='ocrx_word' id='word_1_706' title='bbox 2535 3902 2770 3956; x_wconf 84' lang='grc' dir='ltr'>ὲπακταί</span> <span class='ocrx_word' id='word_1_707' title='bbox 2822 3905 2958 3958; x_wconf 74' lang='grc' dir='ltr'>εἰσιν</span> <span class='ocrx_word' id='word_1_708' title='bbox 3016 3905 3097 3973; x_wconf 80' lang='grc' dir='ltr'>ἒξ,</span> <span class='ocrx_word' id='word_1_709' title='bbox 3127 3907 3384 3978; x_wconf 73' lang='grc' dir='ltr'>φανερὸν,</span> <span class='ocrx_word' id='word_1_710' title='bbox 3424 3908 3502 3972; x_wconf 83' lang='grc' dir='ltr'><strong>ὡς</strong></span> <span class='ocrx_word' id='word_1_711' title='bbox 3536 3909 3644 3981; x_wconf 77' lang='grc' dir='ltr'><strong>πρὸ</strong></span> <span class='ocrx_word' id='word_1_712' title='bbox 3672 3915 3724 3974; x_wconf 78' lang='grc' dir='ltr'>ς’</span> 
     </span>
    </p>
   </div>
   <div class='ocr_carea' id='block_1_99' title="bbox 2150 3990 3722 4073">
    <p class='ocr_par' dir='ltr' id='par_1_99' title="bbox 2150 3990 3722 4073">
     <span class='ocr_line' id='line_1_99' title="bbox 2150 3990 3722 4073; baseline 0.006 -29"><span class='ocrx_word' id='word_1_713' title='bbox 2150 3990 2372 4064; x_wconf 83' lang='grc' dir='ltr'>ήμερῶν</span> <span class='ocrx_word' id='word_1_714' title='bbox 2416 3992 2517 4063; x_wconf 80' lang='grc' dir='ltr'><strong>τῆς</strong></span> <span class='ocrx_word' id='word_1_715' title='bbox 2578 3993 2753 4066; x_wconf 83' lang='grc' dir='ltr'>ἀρχῆς</span> <span class='ocrx_word' id='word_1_716' title='bbox 2803 3994 2895 4048; x_wconf 81' lang='grc' dir='ltr'><strong>τοῦ</strong></span> <span class='ocrx_word' id='word_1_717' title='bbox 2968 3997 3297 4070; x_wconf 86' lang='grc' dir='ltr'>Ἰανουαρίου</span> <span class='ocrx_word' id='word_1_718' title='bbox 3355 3998 3509 4053; x_wconf 75' lang='grc' dir='ltr'>ἔσται</span> <span class='ocrx_word' id='word_1_719' title='bbox 3550 4002 3585 4072; x_wconf 87' lang='grc' dir='ltr'><strong>ή</strong></span> <span class='ocrx_word' id='word_1_720' title='bbox 3620 3998 3722 4073; x_wconf 80' lang='grc' dir='ltr'>πρὸ</span> 
     </span>
    </p>
   </div>
   <div class='ocr_carea' id='block_1_100' title="bbox 2149 4083 3714 4161">
    <p class='ocr_par' dir='ltr' id='par_1_100' title="bbox 2149 4083 3714 4161">
     <span class='ocr_line' id='line_1_100' title="bbox 2149 4083 3714 4161; baseline 0.004 -23"><span class='ocrx_word' id='word_1_721' title='bbox 2149 4083 2313 4138; x_wconf 74' lang='grc' dir='ltr'>αὑτοῦ</span> <span class='ocrx_word' id='word_1_722' title='bbox 2348 4083 2604 4148; x_wconf 54' lang='grc' dir='ltr'>σύνοδος)</span> <span class='ocrx_word' id='word_1_723' title='bbox 2621 4086 3123 4156; x_wconf 88' lang='grc' dir='ltr'>Προσεκϐάλλοντες</span> <span class='ocrx_word' id='word_1_724' title='bbox 3150 4086 3243 4144; x_wconf 79' lang='grc' dir='ltr'><strong>οὖν</strong></span> <span class='ocrx_word' id='word_1_725' title='bbox 3271 4090 3378 4144; x_wconf 82' lang='grc' dir='ltr'><strong>ἀπὸ</strong></span> <span class='ocrx_word' id='word_1_726' title='bbox 3409 4091 3512 4161; x_wconf 82' lang='grc' dir='ltr'><strong>τῆς</strong></span> <span class='ocrx_word' id='word_1_727' title='bbox 3536 4091 3714 4144; x_wconf 78' lang='grc' dir='ltr'>τοιαύ-</span> 
     </span>
    </p>
   </div>
   <div class='ocr_carea' id='block_1_101' title="bbox 2146 4176 3707 4252">
    <p class='ocr_par' dir='ltr' id='par_1_101' title="bbox 2146 4176 3707 4252">
     <span class='ocr_line' id='line_1_101' title="bbox 2146 4176 3707 4252; baseline 0.004 -25"><span class='ocrx_word' id='word_1_728' title='bbox 2146 4191 2248 4246; x_wconf 88' lang='grc' dir='ltr'>της</span> <span class='ocrx_word' id='word_1_729' title='bbox 2274 4176 2485 4229; x_wconf 88' lang='grc' dir='ltr'>συνόδου</span> <span class='ocrx_word' id='word_1_730' title='bbox 2508 4176 2605 4240; x_wconf 85' lang='grc' dir='ltr'>τὰς</span> <span class='ocrx_word' id='word_1_731' title='bbox 2630 4176 2925 4249; x_wconf 72' lang='grc' dir='ltr'>εἰρημένας</span> <span class='ocrx_word' id='word_1_732' title='bbox 2952 4186 3015 4245; x_wconf 86' lang='grc' dir='ltr'>ν’,</span> <span class='ocrx_word' id='word_1_733' title='bbox 3051 4180 3253 4244; x_wconf 80' lang='grc' dir='ltr'>αἵτινες</span> <span class='ocrx_word' id='word_1_734' title='bbox 3284 4182 3588 4252; x_wconf 81' lang='grc' dir='ltr'>περιέχουσι</span> <span class='ocrx_word' id='word_1_735' title='bbox 3610 4181 3707 4243; x_wconf 83' lang='grc' dir='ltr'><strong>τάς</strong></span> 
     </span>
    </p>
   </div>
   <div class='ocr_carea' id='block_1_102' title="bbox 2147 4265 3703 4338">
    <p class='ocr_par' dir='ltr' id='par_1_102' title="bbox 2147 4265 3703 4338">
     <span class='ocr_line' id='line_1_102' title="bbox 2147 4265 3703 4338; baseline 0.003 -21"><span class='ocrx_word' id='word_1_736' title='bbox 2147 4281 2207 4317; x_wconf 80' lang='grc' dir='ltr'><strong>τε</strong></span> <span class='ocrx_word' id='word_1_737' title='bbox 2261 4265 2368 4336; x_wconf 80' lang='grc' dir='ltr'><strong>πρὸ</strong></span> <span class='ocrx_word' id='word_1_738' title='bbox 2417 4266 2510 4319; x_wconf 76' lang='grc' dir='ltr'>τοῦ</span> <span class='ocrx_word' id='word_1_739' title='bbox 2557 4268 2883 4338; x_wconf 85' lang='grc' dir='ltr'>Ὶανουαρίου</span> <span class='ocrx_word' id='word_1_740' title='bbox 2920 4275 2993 4334; x_wconf 80' lang='grc' dir='ltr'>ς’,</span> <span class='ocrx_word' id='word_1_741' title='bbox 3028 4270 3121 4323; x_wconf 74' lang='grc' dir='ltr'><strong>καὶ</strong></span> <span class='ocrx_word' id='word_1_742' title='bbox 3166 4269 3265 4333; x_wconf 83' lang='grc' dir='ltr'>τὰς</span> <span class='ocrx_word' id='word_1_743' title='bbox 3294 4270 3460 4324; x_wconf 77' lang='grc' dir='ltr'>αὐτοῦ</span> <span class='ocrx_word' id='word_1_744' title='bbox 3485 4270 3571 4322; x_wconf 75' lang='grc' dir='ltr'>τοῦ</span> <span class='ocrx_word' id='word_1_745' title='bbox 3601 4270 3703 4323; x_wconf 84' lang='grc' dir='ltr'><strong>Ἰα-</strong></span> 
     </span>
    </p>
   </div>
   <div class='ocr_carea' id='block_1_103' title="bbox 2148 4357 3707 4434">
    <p class='ocr_par' dir='ltr' id='par_1_103' title="bbox 2148 4357 3707 4434">
     <span class='ocr_line' id='line_1_103' title="bbox 2148 4357 3707 4434; baseline 0.004 -26"><span class='ocrx_word' id='word_1_746' title='bbox 2148 4357 2395 4429; x_wconf 89' lang='grc' dir='ltr'>νουαρίου</span> <span class='ocrx_word' id='word_1_747' title='bbox 2448 4358 2551 4425; x_wconf 83' lang='grc' dir='ltr'>λα’,</span> <span class='ocrx_word' id='word_1_748' title='bbox 2586 4360 2678 4413; x_wconf 77' lang='grc' dir='ltr'><strong>καὶ</strong></span> <span class='ocrx_word' id='word_1_749' title='bbox 2725 4359 2818 4413; x_wconf 81' lang='grc' dir='ltr'>τοῦ</span> <span class='ocrx_word' id='word_1_750' title='bbox 2881 4362 3245 4434; x_wconf 82' lang='grc' dir='ltr'>Φεϐρουαρίου</span> <span class='ocrx_word' id='word_1_751' title='bbox 3287 4369 3354 4431; x_wconf 86' lang='grc' dir='ltr'>ιγ’</span> <span class='ocrx_word' id='word_1_752' title='bbox 3383 4357 3563 4434; x_wconf 68' lang='grc' dir='ltr'>(αὗται</span> <span class='ocrx_word' id='word_1_753' title='bbox 3602 4361 3707 4433; x_wconf 76' lang='grc' dir='ltr'>γὰρ</span> 
     </span>
    </p>
   </div>
   <div class='ocr_carea' id='block_1_104' title="bbox 2146 4450 3708 4528">
    <p class='ocr_par' dir='ltr' id='par_1_104' title="bbox 2146 4450 3708 4528">
     <span class='ocr_line' id='line_1_104' title="bbox 2146 4450 3708 4528; baseline 0.004 -27"><span class='ocrx_word' id='word_1_754' title='bbox 2146 4450 2589 4522; x_wconf 79' lang='grc' dir='ltr'>συμποσούμεναι</span> <span class='ocrx_word' id='word_1_755' title='bbox 2640 4457 2683 4505; x_wconf 85' lang='grc' dir='ltr'>ν’</span> <span class='ocrx_word' id='word_1_756' title='bbox 2720 4453 3135 4525; x_wconf 73' lang='grc' dir='ltr'>άπαρτίζουσι)·</span> <span class='ocrx_word' id='word_1_757' title='bbox 3180 4454 3280 4527; x_wconf 75' lang='grc' dir='ltr'><strong>τήν</strong></span> <span class='ocrx_word' id='word_1_758' title='bbox 3306 4462 3347 4507; x_wconf 86' lang='grc' dir='ltr'>ν’</span> <span class='ocrx_word' id='word_1_759' title='bbox 3377 4455 3591 4527; x_wconf 70' lang='grc' dir='ltr'>ἡμέραν</span> <span class='ocrx_word' id='word_1_760' title='bbox 3612 4455 3708 4528; x_wconf 82' lang='grc' dir='ltr'>λή-</span> 
     </span>
    </p>
   </div>
   <div class='ocr_carea' id='block_1_105' title="bbox 2145 4542 3708 4618">
    <p class='ocr_par' dir='ltr' id='par_1_105' title="bbox 2145 4542 3708 4618">
     <span class='ocr_line' id='line_1_105' title="bbox 2145 4542 3708 4618; baseline 0.004 -23"><span class='ocrx_word' id='word_1_761' title='bbox 2145 4558 2349 4610; x_wconf 88' lang='grc' dir='ltr'>γουσαν</span> <span class='ocrx_word' id='word_1_762' title='bbox 2404 4542 2599 4614; x_wconf 74' lang='grc' dir='ltr'>ἕξομεν</span> <span class='ocrx_word' id='word_1_763' title='bbox 2641 4547 2708 4617; x_wconf 84' lang='grc' dir='ltr'>τῇ</span> <span class='ocrx_word' id='word_1_764' title='bbox 2766 4544 2858 4599; x_wconf 78' lang='grc' dir='ltr'><strong>τοῦ</strong></span> <span class='ocrx_word' id='word_1_765' title='bbox 2888 4545 3250 4618; x_wconf 81' lang='grc' dir='ltr'>Φεϐρουαρίου</span> <span class='ocrx_word' id='word_1_766' title='bbox 3284 4554 3349 4615; x_wconf 87' lang='grc' dir='ltr'>ιγ’</span> <span class='ocrx_word' id='word_1_767' title='bbox 3370 4564 3384 4576; x_wconf 89' lang='grc'><strong>·</strong></span> <span class='ocrx_word' id='word_1_768' title='bbox 3426 4549 3525 4618; x_wconf 80' lang='grc' dir='ltr'>τὴν</span> <span class='ocrx_word' id='word_1_769' title='bbox 3549 4547 3606 4601; x_wconf 77' lang='grc' dir='ltr'>δὲ</span> <span class='ocrx_word' id='word_1_770' title='bbox 3642 4554 3708 4617; x_wconf 80' lang='grc' dir='ltr'>ιγ’</span> 
     </span>
    </p>
   </div>
   <div class='ocr_carea' id='block_1_106' title="bbox 2141 4635 3710 4711">
    <p class='ocr_par' dir='ltr' id='par_1_106' title="bbox 2141 4635 3710 4711">
     <span class='ocr_line' id='line_1_106' title="bbox 2141 4635 3710 4711; baseline 0.004 -24"><span class='ocrx_word' id='word_1_771' title='bbox 2141 4635 2236 4688; x_wconf 80' lang='grc' dir='ltr'>τοῦ</span> <span class='ocrx_word' id='word_1_772' title='bbox 2263 4635 2625 4709; x_wconf 77' lang='grc' dir='ltr'>Φεϐρουαρίου</span> <span class='ocrx_word' id='word_1_773' title='bbox 2662 4640 2718 4693; x_wconf 84' lang='grc' dir='ltr'>ὲν</span> <span class='ocrx_word' id='word_1_774' title='bbox 2749 4638 2933 4711; x_wconf 78' lang='grc' dir='ltr'>ἡμέρᾳ</span> <span class='ocrx_word' id='word_1_775' title='bbox 2959 4638 3262 4711; x_wconf 83' lang='grc' dir='ltr'>εὑρήσομεν</span> <span class='ocrx_word' id='word_1_776' title='bbox 3295 4640 3710 4710; x_wconf 79' lang='grc' dir='ltr'>συμπίπτουσαν</span> 
     </span>
    </p>
   </div>
   <div class='ocr_carea' id='block_1_107' title="bbox 2142 4726 3706 4801">
    <p class='ocr_par' dir='ltr' id='par_1_107' title="bbox 2142 4726 3706 4801">
     <span class='ocr_line' id='line_1_107' title="bbox 2142 4726 3706 4801; baseline 0.003 -23"><span class='ocrx_word' id='word_1_777' title='bbox 2142 4726 2415 4798; x_wconf 80' lang='grc' dir='ltr'>Κυριακῇ,</span> <span class='ocrx_word' id='word_1_778' title='bbox 2464 4726 2705 4797; x_wconf 82' lang='grc' dir='ltr'>δηλονότι</span> <span class='ocrx_word' id='word_1_779' title='bbox 2746 4730 2812 4801; x_wconf 78' lang='grc' dir='ltr'>τῇ</span> <span class='ocrx_word' id='word_1_780' title='bbox 2836 4727 2931 4782; x_wconf 82' lang='grc' dir='ltr'>τοῦ</span> <span class='ocrx_word' id='word_1_781' title='bbox 2974 4729 3229 4783; x_wconf 80' lang='grc' dir='ltr'>Ἀσώτου.</span> <span class='ocrx_word' id='word_1_782' title='bbox 3268 4730 3401 4794; x_wconf 88' lang='grc' dir='ltr'>Ταῖς</span> <span class='ocrx_word' id='word_1_783' title='bbox 3439 4729 3505 4799; x_wconf 87' lang='grc' dir='ltr'>ιγ’</span> <span class='ocrx_word' id='word_1_784' title='bbox 3537 4731 3593 4783; x_wconf 82' lang='grc' dir='ltr'>δὲ</span> <span class='ocrx_word' id='word_1_785' title='bbox 3616 4730 3706 4786; x_wconf 81' lang='grc' dir='ltr'>τοῦ</span> 
     </span>
    </p>
   </div>
   <div class='ocr_carea' id='block_1_108' title="bbox 2139 4816 3707 4892">
    <p class='ocr_par' dir='ltr' id='par_1_108' title="bbox 2139 4816 3707 4892">
     <span class='ocr_line' id='line_1_108' title="bbox 2139 4816 3707 4892; baseline 0.004 -23"><span class='ocrx_word' id='word_1_786' title='bbox 2139 4816 2498 4891; x_wconf 81' lang='grc' dir='ltr'>Φεϐρουαρίου</span> <span class='ocrx_word' id='word_1_787' title='bbox 2545 4818 2797 4891; x_wconf 84' lang='grc' dir='ltr'>ἡμέραις,</span> <span class='ocrx_word' id='word_1_788' title='bbox 2828 4820 3028 4884; x_wconf 85' lang='grc' dir='ltr'>αἵτινες</span> <span class='ocrx_word' id='word_1_789' title='bbox 3080 4820 3481 4892; x_wconf 77' lang='grc' dir='ltr'>συμποσοῦνται</span> <span class='ocrx_word' id='word_1_790' title='bbox 3507 4824 3564 4876; x_wconf 81' lang='grc' dir='ltr'>ὲν</span> <span class='ocrx_word' id='word_1_791' title='bbox 3594 4824 3707 4877; x_wconf 68' lang='grc' dir='ltr'><strong>Κυ-</strong></span> 
     </span>
    </p>
   </div>
   <div class='ocr_carea' id='block_1_109' title="bbox 2142 4909 3704 4984">
    <p class='ocr_par' dir='ltr' id='par_1_109' title="bbox 2142 4909 3704 4984">
     <span class='ocr_line' id='line_1_109' title="bbox 2142 4909 3704 4984; baseline 0.003 -23"><span class='ocrx_word' id='word_1_792' title='bbox 2142 4911 2324 4980; x_wconf 82' lang='grc' dir='ltr'>ριακῇ,</span> <span class='ocrx_word' id='word_1_793' title='bbox 2367 4909 2441 4974; x_wconf 85' lang='grc' dir='ltr'>ὡς</span> <span class='ocrx_word' id='word_1_794' title='bbox 2490 4909 2725 4982; x_wconf 80' lang='grc' dir='ltr'>εἴρηται,</span> <span class='ocrx_word' id='word_1_795' title='bbox 2764 4911 3085 4983; x_wconf 84' lang='grc' dir='ltr'>προσθέντες</span> <span class='ocrx_word' id='word_1_796' title='bbox 3129 4913 3226 4976; x_wconf 81' lang='grc' dir='ltr'>τὰς</span> <span class='ocrx_word' id='word_1_797' title='bbox 3253 4912 3352 4983; x_wconf 80' lang='grc' dir='ltr'>τῆς</span> <span class='ocrx_word' id='word_1_798' title='bbox 3391 4914 3704 4984; x_wconf 76' lang='grc' dir='ltr'>Τυροφάγου</span> 
     </span>
    </p>
   </div>
   <div class='ocr_carea' id='block_1_110' title="bbox 2139 5000 3703 5076">
    <p class='ocr_par' dir='ltr' id='par_1_110' title="bbox 2139 5000 3703 5076">
     <span class='ocr_line' id='line_1_110' title="bbox 2139 5000 3703 5076; baseline 0.004 -24"><span class='ocrx_word' id='word_1_799' title='bbox 2139 5000 2426 5071; x_wconf 79' lang='grc' dir='ltr'>ἑϐδομάδος</span> <span class='ocrx_word' id='word_1_800' title='bbox 2456 5002 2669 5072; x_wconf 80' lang='grc' dir='ltr'>ἡμέρας</span> <span class='ocrx_word' id='word_1_801' title='bbox 2702 5001 2769 5069; x_wconf 81' lang='grc' dir='ltr'><strong>ζ’,</strong></span> <span class='ocrx_word' id='word_1_802' title='bbox 2800 5002 2898 5067; x_wconf 81' lang='grc' dir='ltr'>τὰς</span> <span class='ocrx_word' id='word_1_803' title='bbox 2910 5003 3202 5074; x_wconf 87' lang='grc' dir='ltr'>γενομένας</span> <span class='ocrx_word' id='word_1_804' title='bbox 3240 5012 3289 5057; x_wconf 87' lang='grc' dir='ltr'>κ’</span> <span class='ocrx_word' id='word_1_805' title='bbox 3318 5004 3412 5058; x_wconf 77' lang='grc' dir='ltr'><strong>τοῦ</strong></span> <span class='ocrx_word' id='word_1_806' title='bbox 3441 5006 3703 5076; x_wconf 78' lang='grc' dir='ltr'>Φεϐρουα-</span> 
     </span>
    </p>
   </div>
   <div class='ocr_carea' id='block_1_111' title="bbox 2144 5090 3701 5170">
    <p class='ocr_par' dir='ltr' id='par_1_111' title="bbox 2144 5090 3701 5170">
     <span class='ocr_line' id='line_1_111' title="bbox 2144 5090 3701 5170; baseline 0.006 -28"><span class='ocrx_word' id='word_1_807' title='bbox 2144 5091 2280 5161; x_wconf 89' lang='grc' dir='ltr'>ρίου,</span> <span class='ocrx_word' id='word_1_808' title='bbox 2305 5090 2500 5163; x_wconf 73' lang='grc' dir='ltr'>ἕξομεν</span> <span class='ocrx_word' id='word_1_809' title='bbox 2526 5092 2622 5164; x_wconf 84' lang='grc' dir='ltr'><strong>τὴν</strong></span> <span class='ocrx_word' id='word_1_810' title='bbox 2638 5094 2918 5166; x_wconf 82' lang='grc' dir='ltr'>Κυριακὴν</span> <span class='ocrx_word' id='word_1_811' title='bbox 2949 5094 3046 5149; x_wconf 58' lang='grc' dir='ltr'><strong>τὴν</strong></span> <span class='ocrx_word' id='word_1_812' title='bbox 3073 5096 3350 5167; x_wconf 86' lang='grc' dir='ltr'>ἁπόκρεω·</span> <span class='ocrx_word' id='word_1_813' title='bbox 3382 5097 3477 5151; x_wconf 79' lang='grc' dir='ltr'>καὶ</span> <span class='ocrx_word' id='word_1_814' title='bbox 3510 5098 3701 5170; x_wconf 76' lang='grc' dir='ltr'>ἑφεξῆς</span> 
     </span>
    </p>
   </div>
   <div class='ocr_carea' id='block_1_112' title="bbox 2137 5181 2968 5257">
    <p class='ocr_par' dir='ltr' id='par_1_112' title="bbox 2137 5181 2968 5257">
     <span class='ocr_line' id='line_1_112' title="bbox 2137 5181 2968 5257; baseline 0.007 -23"><span class='ocrx_word' id='word_1_815' title='bbox 2137 5181 2197 5240; x_wconf 80' lang='grc' dir='ltr'><strong>τὸ</strong></span> <span class='ocrx_word' id='word_1_816' title='bbox 2228 5183 2416 5254; x_wconf 86' lang='grc' dir='ltr'>Πάσχα</span> <span class='ocrx_word' id='word_1_817' title='bbox 2440 5183 2762 5257; x_wconf 82' lang='grc' dir='ltr'>εἰλημμένον</span> <span class='ocrx_word' id='word_1_818' title='bbox 2796 5185 2968 5241; x_wconf 73' lang='grc' dir='ltr'>ἔσται.</span> 
     </span>
    </p>
   </div>
   <div class='ocr_carea' id='block_1_113' title="bbox 2392 5295 3461 5375">
    <p class='ocr_par' dir='ltr' id='par_1_113' title="bbox 2392 5295 3461 5375">
     <span class='ocr_line' id='line_1_113' title="bbox 2392 5295 3461 5375; baseline 0.01 -26"><span class='ocrx_word' id='word_1_819' title='bbox 2392 5295 2593 5365; x_wconf 80' lang='grc' dir='ltr'>Ἑτέρα</span> <span class='ocrx_word' id='word_1_820' title='bbox 2623 5298 2874 5368; x_wconf 79' lang='grc' dir='ltr'>μέθοδος</span> <span class='ocrx_word' id='word_1_821' title='bbox 2910 5303 3042 5371; x_wconf 77' lang='grc' dir='ltr'>περὶ</span> <span class='ocrx_word' id='word_1_822' title='bbox 3082 5303 3187 5358; x_wconf 87' lang='grc' dir='ltr'>τοῦ</span> <span class='ocrx_word' id='word_1_823' title='bbox 3220 5303 3461 5375; x_wconf 78' lang='grc' dir='ltr'>Πάσχα.</span> 
     </span>
    </p>
   </div>
   <div class='ocr_carea' id='block_1_114' title="bbox 2206 5409 3693 5487">
    <p class='ocr_par' dir='ltr' id='par_1_114' title="bbox 2206 5409 3693 5487">
     <span class='ocr_line' id='line_1_114' title="bbox 2206 5409 3693 5487; baseline 0.007 -25"><span class='ocrx_word' id='word_1_824' title='bbox 2206 5410 2301 5462; x_wconf 67' lang='lat' dir='ltr'><strong>IA&#39;.</strong></span> <span class='ocrx_word' id='word_1_825' title='bbox 2355 5409 2507 5465; x_wconf 76' lang='grc' dir='ltr'>Ἐπεὶ</span> <span class='ocrx_word' id='word_1_826' title='bbox 2533 5410 2639 5463; x_wconf 78' lang='grc' dir='ltr'><strong>ἀπὸ</strong></span> <span class='ocrx_word' id='word_1_827' title='bbox 2667 5411 2769 5480; x_wconf 83' lang='grc' dir='ltr'>τῆς</span> <span class='ocrx_word' id='word_1_828' title='bbox 2789 5413 2894 5483; x_wconf 82' lang='grc' dir='ltr'><strong>πρὸ</strong></span> <span class='ocrx_word' id='word_1_829' title='bbox 2919 5414 3013 5469; x_wconf 74' lang='grc' dir='ltr'><strong>τοῦ</strong></span> <span class='ocrx_word' id='word_1_830' title='bbox 3049 5416 3376 5487; x_wconf 80' lang='grc' dir='ltr'>Ἰανουαρίου</span> <span class='ocrx_word' id='word_1_831' title='bbox 3407 5414 3693 5487; x_wconf 77' lang='grc' dir='ltr'>γενομένης</span> 
     </span>
    </p>
   </div>
   <div class='ocr_carea' id='block_1_115' title="bbox 2137 5501 3691 5579">
    <p class='ocr_par' dir='ltr' id='par_1_115' title="bbox 2137 5501 3691 5579">
     <span class='ocr_line' id='line_1_115' title="bbox 2137 5501 3691 5579; baseline 0.004 -25"><span class='ocrx_word' id='word_1_832' title='bbox 2137 5501 2417 5572; x_wconf 83' lang='grc' dir='ltr'>συνοδικῆς</span> <span class='ocrx_word' id='word_1_833' title='bbox 2462 5501 2721 5572; x_wconf 79' lang='grc' dir='ltr'>συζυγίας</span> <span class='ocrx_word' id='word_1_834' title='bbox 2760 5505 2868 5559; x_wconf 84' lang='grc' dir='ltr'>τῶν</span> <span class='ocrx_word' id='word_1_835' title='bbox 2917 5506 3106 5575; x_wconf 78' lang='grc' dir='ltr'>φώτων</span> <span class='ocrx_word' id='word_1_836' title='bbox 3149 5507 3275 5579; x_wconf 77' lang='grc' dir='ltr'>ἄχρι</span> <span class='ocrx_word' id='word_1_837' title='bbox 3316 5508 3409 5562; x_wconf 74' lang='grc' dir='ltr'><strong>καὶ</strong></span> <span class='ocrx_word' id='word_1_838' title='bbox 3444 5507 3536 5561; x_wconf 79' lang='grc' dir='ltr'>τοῦ</span> <span class='ocrx_word' id='word_1_839' title='bbox 3574 5507 3691 5561; x_wconf 81' lang='grc' dir='ltr'>κατ’</span> 
     </span>
    </p>
   </div>
   <div class='ocr_carea' id='block_1_116' title="bbox 2134 5592 3690 5670">
    <p class='ocr_par' dir='ltr' id='par_1_116' title="bbox 2134 5592 3690 5670">
     <span class='ocr_line' id='line_1_116' title="bbox 2134 5592 3690 5670; baseline 0.004 -26"><span class='ocrx_word' id='word_1_840' title='bbox 2134 5593 2267 5645; x_wconf 73' lang='grc' dir='ltr'>αὐτὸ</span> <span class='ocrx_word' id='word_1_841' title='bbox 2294 5594 2362 5646; x_wconf 75' lang='grc' dir='ltr'>τὸ.</span> <span class='ocrx_word' id='word_1_842' title='bbox 2388 5593 2505 5658; x_wconf 74' lang='grc' dir='ltr'>ἔτος</span> <span class='ocrx_word' id='word_1_843' title='bbox 2539 5595 2826 5649; x_wconf 74' lang='grc' dir='ltr'>Ἰουδαϊκοῦ</span> <span class='ocrx_word' id='word_1_844' title='bbox 2855 5597 3065 5668; x_wconf 82' lang='grc' dir='ltr'>Πάσχα,</span> <span class='ocrx_word' id='word_1_845' title='bbox 3099 5600 3156 5652; x_wconf 77' lang='grc' dir='ltr'>ἐν</span> <span class='ocrx_word' id='word_1_846' title='bbox 3182 5592 3226 5667; x_wconf 79' lang='grc' dir='ltr'><strong>ᾧ</strong></span> <span class='ocrx_word' id='word_1_847' title='bbox 3249 5600 3577 5670; x_wconf 77' lang='grc' dir='ltr'>πανσέληνος</span> <span class='ocrx_word' id='word_1_848' title='bbox 3602 5615 3690 5651; x_wconf 86' lang='grc' dir='ltr'>συ-</span> 
     </span>
    </p>
   </div>
   <div class='ocr_carea' id='block_1_117' title="bbox 2136 5683 3685 5763">
    <p class='ocr_par' dir='ltr' id='par_1_117' title="bbox 2136 5683 3685 5763">
     <span class='ocr_line' id='line_1_117' title="bbox 2136 5683 3685 5763; baseline 0.006 -26"><span class='ocrx_word' id='word_1_849' title='bbox 2136 5683 2291 5756; x_wconf 74' lang='grc' dir='ltr'>ζυγία</span> <span class='ocrx_word' id='word_1_850' title='bbox 2331 5686 2466 5753; x_wconf 66' lang='grc' dir='ltr'>ἐστὶ,</span> <span class='ocrx_word' id='word_1_851' title='bbox 2506 5693 2553 5756; x_wconf 67' lang='grc' dir='ltr'>γ’</span> <span class='ocrx_word' id='word_1_852' title='bbox 2591 5687 2656 5743; x_wconf 86' lang='lat' dir='ltr'><strong>S&quot;</strong></span> <span class='ocrx_word' id='word_1_853' title='bbox 2693 5688 2993 5761; x_wconf 74' lang='grc' dir='ltr'>σεληνιακοὶ</span> <span class='ocrx_word' id='word_1_854' title='bbox 3034 5691 3198 5763; x_wconf 73' lang='grc' dir='ltr'>μῆνές</span> <span class='ocrx_word' id='word_1_855' title='bbox 3239 5693 3362 5756; x_wconf 73' lang='grc' dir='ltr'>εἰσι,</span> <span class='ocrx_word' id='word_1_856' title='bbox 3406 5693 3498 5747; x_wconf 73' lang='grc' dir='ltr'><strong>καὶ</strong></span> <span class='ocrx_word' id='word_1_857' title='bbox 3538 5708 3685 5762; x_wconf 74' lang='grc' dir='ltr'>περι-</span> 
     </span>
    </p>
   </div>
  </div>
