  <div class='ocr_page' id='page_1' title='image "/cluster/home/n/w/nwhite01/storage/ocr_20150623/19/hvd.32044073501199/660.png"; bbox 0 0 4044 6220; ppageno 0'>
   <div class='ocr_carea' id='block_1_1' title="bbox 316 332 456 391">
    <p class='ocr_par' dir='ltr' id='par_1_1' title="bbox 316 332 456 391">
     <span class='ocr_line' id='line_1_1' title="bbox 316 332 456 391; baseline 0.021 -3"><span class='ocrx_word' id='word_1_1' title='bbox 316 332 456 391; x_wconf 72' lang='grc'><strong>1305</strong></span> 
     </span>
    </p>
   </div>
   <div class='ocr_carea' id='block_1_2' title="bbox 1216 327 2657 387">
    <p class='ocr_par' dir='ltr' id='par_1_2' title="bbox 1216 327 2657 387">
     <span class='ocr_line' id='line_1_2' title="bbox 1216 327 2657 387; baseline 0.001 -2"><span class='ocrx_word' id='word_1_2' title='bbox 1216 328 1437 386; x_wconf 74' lang='lat' dir='ltr'><strong>[SAACI</strong></span> <span class='ocrx_word' id='word_1_3' title='bbox 1474 327 1783 386; x_wconf 78' lang='lat' dir='ltr'><strong>MONACHI</strong></span> <span class='ocrx_word' id='word_1_4' title='bbox 1819 327 2190 386; x_wconf 76' lang='lat' dir='ltr'><strong>COMPUTUS</strong></span> <span class='ocrx_word' id='word_1_5' title='bbox 2223 329 2657 387; x_wconf 79' lang='lat' dir='ltr'><strong>ECCLESIAST.</strong></span> 
     </span>
    </p>
   </div>
   <div class='ocr_carea' id='block_1_3' title="bbox 3393 336 3530 392">
    <p class='ocr_par' dir='ltr' id='par_1_3' title="bbox 3393 336 3530 392">
     <span class='ocr_line' id='line_1_3' title="bbox 3393 336 3530 392; baseline 0.022 -3"><span class='ocrx_word' id='word_1_6' title='bbox 3393 336 3530 392; x_wconf 73' lang='grc'><strong>1506</strong></span> 
     </span>
    </p>
   </div>
   <div class='ocr_carea' id='block_1_4' title="bbox 313 444 1879 520">
    <p class='ocr_par' dir='ltr' id='par_1_4' title="bbox 313 444 1874 520">
     <span class='ocr_line' id='line_1_4' title="bbox 313 444 1874 520; baseline -0.002 -19"><span class='ocrx_word' id='word_1_7' title='bbox 313 462 528 518; x_wconf 85' lang='grc' dir='ltr'>εχουσιν</span> <span class='ocrx_word' id='word_1_8' title='bbox 571 447 781 520; x_wconf 86' lang='grc' dir='ltr'>ἡμέρας</span> <span class='ocrx_word' id='word_1_9' title='bbox 824 446 898 518; x_wconf 87' lang='grc' dir='ltr'><strong>ρδ’</strong></span> <span class='ocrx_word' id='word_1_10' title='bbox 934 445 1178 515; x_wconf 65' lang='grc' dir='ltr'>ἔγγιστα·</span> <span class='ocrx_word' id='word_1_11' title='bbox 1222 445 1560 517; x_wconf 79' lang='grc' dir='ltr'>εὑρίσκονται</span> <span class='ocrx_word' id='word_1_12' title='bbox 1595 445 1652 498; x_wconf 79' lang='grc' dir='ltr'>δὲ</span> <span class='ocrx_word' id='word_1_13' title='bbox 1693 448 1753 499; x_wconf 83' lang='grc' dir='ltr'>ὲν</span> <span class='ocrx_word' id='word_1_14' title='bbox 1794 444 1874 515; x_wconf 82' lang='grc' dir='ltr'><strong>τῷ</strong></span> 
     </span>
    </p>
   </div>
   <div class='ocr_carea' id='block_1_5' title="bbox 1975 444 3532 520">
    <p class='ocr_par' dir='ltr' id='par_1_5' title="bbox 1976 445 3532 506">
     <span class='ocr_line' id='line_1_5' title="bbox 1976 445 3532 506; baseline 0.004 -7"><span class='ocrx_word' id='word_1_15' title='bbox 1976 446 2238 501; x_wconf 75' lang='lat' dir='ltr'><strong>laterculo</strong></span> <span class='ocrx_word' id='word_1_16' title='bbox 2266 445 2551 503; x_wconf 82' lang='lat' dir='ltr'><strong>Paschalis</strong></span> <span class='ocrx_word' id='word_1_17' title='bbox 2578 446 2802 504; x_wconf 87' lang='lat' dir='ltr'><strong>Judaica</strong></span> <span class='ocrx_word' id='word_1_18' title='bbox 2829 447 3112 505; x_wconf 86' lang='lat' dir='ltr'><strong>Paschalia</strong></span> <span class='ocrx_word' id='word_1_19' title='bbox 3165 450 3330 506; x_wconf 85' lang='lat' dir='ltr'><strong>biduo</strong></span> <span class='ocrx_word' id='word_1_20' title='bbox 3373 467 3532 505; x_wconf 75' lang='lat' dir='ltr'><strong>exuc-</strong></span> 
     </span>
    </p>
   </div>
   <div class='ocr_carea' id='block_1_6' title="bbox 313 537 1874 610">
    <p class='ocr_par' dir='ltr' id='par_1_6' title="bbox 313 537 1874 610">
     <span class='ocr_line' id='line_1_6' title="bbox 313 537 1874 610; baseline -0.001 -17"><span class='ocrx_word' id='word_1_21' title='bbox 313 539 544 610; x_wconf 82' lang='grc' dir='ltr'>κανονίῳ</span> <span class='ocrx_word' id='word_1_22' title='bbox 588 539 682 593; x_wconf 79' lang='grc' dir='ltr'><strong>τοῦ</strong></span> <span class='ocrx_word' id='word_1_23' title='bbox 728 538 916 608; x_wconf 85' lang='grc' dir='ltr'><strong>Πάσχα</strong></span> <span class='ocrx_word' id='word_1_24' title='bbox 965 538 1035 592; x_wconf 83' lang='grc' dir='ltr'>τὰ</span> <span class='ocrx_word' id='word_1_25' title='bbox 1081 537 1551 609; x_wconf 80' lang='grc' dir='ltr'>διαλαμὸανόμενα</span> <span class='ocrx_word' id='word_1_26' title='bbox 1610 537 1874 592; x_wconf 81' lang='grc' dir='ltr'><strong>Ἰουδαϊκὰ</strong></span> 
     </span>
    </p>
   </div>
   <div class='ocr_carea' id='block_1_7' title="bbox 313 626 1873 699">
    <p class='ocr_par' dir='ltr' id='par_1_7' title="bbox 313 626 1873 699">
     <span class='ocr_line' id='line_1_7' title="bbox 313 626 1873 699; baseline 0.001 -21"><span class='ocrx_word' id='word_1_27' title='bbox 313 626 594 696; x_wconf 85' lang='grc' dir='ltr'>Ιιασχάλια</span> <span class='ocrx_word' id='word_1_28' title='bbox 622 628 771 680; x_wconf 75' lang='grc' dir='ltr'>δυσὶν</span> <span class='ocrx_word' id='word_1_29' title='bbox 812 627 1043 698; x_wconf 78' lang='grc' dir='ltr'><strong>ἡμέραις</strong></span> <span class='ocrx_word' id='word_1_30' title='bbox 1088 627 1448 691; x_wconf 73' lang='grc' dir='ltr'><strong>πλεονάζοντα</strong></span> <span class='ocrx_word' id='word_1_31' title='bbox 1483 628 1579 698; x_wconf 79' lang='grc' dir='ltr'>τῆς</span> <span class='ocrx_word' id='word_1_32' title='bbox 1615 627 1873 699; x_wconf 77' lang='grc' dir='ltr'>ἀκριϐοῦς</span> 
     </span>
    </p>
   </div>
   <div class='ocr_carea' id='block_1_8' title="bbox 311 717 1875 792">
    <p class='ocr_par' dir='ltr' id='par_1_8' title="bbox 311 717 1875 792">
     <span class='ocr_line' id='line_1_8' title="bbox 311 717 1875 792; baseline 0.001 -22"><span class='ocrx_word' id='word_1_33' title='bbox 311 717 670 788; x_wconf 75' lang='grc' dir='ltr'><strong>πανσελήνου,</strong></span> <span class='ocrx_word' id='word_1_34' title='bbox 711 717 785 781; x_wconf 84' lang='grc' dir='ltr'>ὡς</span> <span class='ocrx_word' id='word_1_35' title='bbox 830 718 1109 788; x_wconf 83' lang='grc' dir='ltr'><strong>προϊόντες</strong></span> <span class='ocrx_word' id='word_1_36' title='bbox 1153 718 1220 773; x_wconf 81' lang='grc' dir='ltr'><strong>δι’</strong></span> <span class='ocrx_word' id='word_1_37' title='bbox 1255 717 1576 783; x_wconf 82' lang='grc' dir='ltr'>ἀποδείξεως</span> <span class='ocrx_word' id='word_1_38' title='bbox 1611 718 1703 773; x_wconf 77' lang='grc' dir='ltr'>τὸν</span> <span class='ocrx_word' id='word_1_39' title='bbox 1745 720 1875 792; x_wconf 76' lang='grc' dir='ltr'>περὶ</span> 
     </span>
    </p>
   </div>
   <div class='ocr_carea' id='block_1_9' title="bbox 310 805 1875 878">
    <p class='ocr_par' dir='ltr' id='par_1_9' title="bbox 310 805 1875 878">
     <span class='ocr_line' id='line_1_9' title="bbox 310 805 1875 878; baseline 0 -18"><span class='ocrx_word' id='word_1_40' title='bbox 310 806 500 860; x_wconf 86' lang='grc' dir='ltr'>τούτου</span> <span class='ocrx_word' id='word_1_41' title='bbox 531 806 867 878; x_wconf 82' lang='grc' dir='ltr'><strong>ποιησόμεθα</strong></span> <span class='ocrx_word' id='word_1_42' title='bbox 893 807 1068 875; x_wconf 87' lang='grc' dir='ltr'>λόγον·</span> <span class='ocrx_word' id='word_1_43' title='bbox 1104 806 1199 861; x_wconf 74' lang='grc' dir='ltr'>ἐὰν</span> <span class='ocrx_word' id='word_1_44' title='bbox 1228 806 1326 871; x_wconf 80' lang='grc' dir='ltr'>τὰς</span> <span class='ocrx_word' id='word_1_45' title='bbox 1354 807 1648 877; x_wconf 83' lang='grc' dir='ltr'>γενομένας</span> <span class='ocrx_word' id='word_1_46' title='bbox 1672 805 1875 870; x_wconf 86' lang='grc' dir='ltr'>ταύτας</span> 
     </span>
    </p>
   </div>
   <div class='ocr_carea' id='block_1_10' title="bbox 311 897 1874 971">
    <p class='ocr_par' dir='ltr' id='par_1_10' title="bbox 311 897 1874 971">
     <span class='ocr_line' id='line_1_10' title="bbox 311 897 1874 971; baseline 0.001 -21"><span class='ocrx_word' id='word_1_47' title='bbox 311 898 522 969; x_wconf 83' lang='grc' dir='ltr'>ἡμέρας</span> <span class='ocrx_word' id='word_1_48' title='bbox 559 898 651 951; x_wconf 78' lang='grc' dir='ltr'><strong>ἐπὶ</strong></span> <span class='ocrx_word' id='word_1_49' title='bbox 688 898 785 960; x_wconf 82' lang='grc' dir='ltr'>μὲν</span> <span class='ocrx_word' id='word_1_50' title='bbox 817 897 924 952; x_wconf 84' lang='grc' dir='ltr'><strong>τῶν</strong></span> <span class='ocrx_word' id='word_1_51' title='bbox 955 898 1126 953; x_wconf 76' lang='grc' dir='ltr'>ἄλλων</span> <span class='ocrx_word' id='word_1_52' title='bbox 1158 899 1256 970; x_wconf 83' lang='grc' dir='ltr'>τῆς</span> <span class='ocrx_word' id='word_1_53' title='bbox 1288 898 1514 971; x_wconf 83' lang='grc' dir='ltr'><strong>σελήνης</strong></span> <span class='ocrx_word' id='word_1_54' title='bbox 1540 897 1754 952; x_wconf 90' lang='grc' dir='ltr'>κύκλων</span> <span class='ocrx_word' id='word_1_55' title='bbox 1785 905 1874 970; x_wconf 68' lang='lat' dir='ltr'><strong>pg’</strong></span> 
     </span>
    </p>
   </div>
   <div class='ocr_carea' id='block_1_11' title="bbox 308 986 1877 1062">
    <p class='ocr_par' dir='ltr' id='par_1_11' title="bbox 308 986 1877 1062">
     <span class='ocr_line' id='line_1_11' title="bbox 308 986 1877 1062; baseline 0.001 -21"><span class='ocrx_word' id='word_1_56' title='bbox 308 988 542 1059; x_wconf 83' lang='grc' dir='ltr'>ἡμέρας,</span> <span class='ocrx_word' id='word_1_57' title='bbox 570 986 603 1058; x_wconf 77' lang='grc' dir='ltr'>ἢ</span> <span class='ocrx_word' id='word_1_58' title='bbox 637 988 730 1042; x_wconf 74' lang='grc' dir='ltr'>καὶ</span> <span class='ocrx_word' id='word_1_59' title='bbox 763 986 861 1059; x_wconf 75' lang='grc' dir='ltr'>ρξ’,</span> <span class='ocrx_word' id='word_1_60' title='bbox 885 989 977 1042; x_wconf 73' lang='grc' dir='ltr'><strong>ἐπὶ</strong></span> <span class='ocrx_word' id='word_1_61' title='bbox 996 988 1051 1042; x_wconf 83' lang='grc' dir='ltr'>δὲ</span> <span class='ocrx_word' id='word_1_62' title='bbox 1077 988 1168 1042; x_wconf 82' lang='grc' dir='ltr'>τοῦ</span> <span class='ocrx_word' id='word_1_63' title='bbox 1196 987 1280 1053; x_wconf 76' lang='grc' dir='ltr'>ιζ’,</span> <span class='ocrx_word' id='word_1_64' title='bbox 1316 991 1410 1043; x_wconf 82' lang='grc' dir='ltr'>καὶ</span> <span class='ocrx_word' id='word_1_65' title='bbox 1443 989 1531 1062; x_wconf 83' lang='grc' dir='ltr'>ιη’,</span> <span class='ocrx_word' id='word_1_66' title='bbox 1562 989 1656 1043; x_wconf 62' lang='grc' dir='ltr'><strong>καὶ⁸</strong></span> <span class='ocrx_word' id='word_1_67' title='bbox 1688 989 1752 1042; x_wconf 89' lang='grc' dir='ltr'><strong>ιθ’</strong></span> <span class='ocrx_word' id='word_1_68' title='bbox 1781 988 1877 1043; x_wconf 83' lang='grc' dir='ltr'>κύ-</span> 
     </span>
    </p>
   </div>
   <div class='ocr_carea' id='block_1_12' title="bbox 310 1076 1876 1151">
    <p class='ocr_par' dir='ltr' id='par_1_12' title="bbox 310 1076 1876 1151">
     <span class='ocr_line' id='line_1_12' title="bbox 310 1076 1876 1151; baseline 0.001 -22"><span class='ocrx_word' id='word_1_69' title='bbox 310 1076 439 1129; x_wconf 86' lang='grc' dir='ltr'>κλου</span> <span class='ocrx_word' id='word_1_70' title='bbox 485 1081 557 1147; x_wconf 84' lang='grc' dir='ltr'>ρε¹</span> <span class='ocrx_word' id='word_1_71' title='bbox 584 1076 740 1147; x_wconf 91' lang='grc' dir='ltr'>μόνον</span> <span class='ocrx_word' id='word_1_72' title='bbox 768 1077 975 1148; x_wconf 88' lang='grc' dir='ltr'>ἡμέρας</span> <span class='ocrx_word' id='word_1_73' title='bbox 1004 1077 1461 1149; x_wconf 81' lang='grc' dir='ltr'>προσεκσάλωμεν</span> <span class='ocrx_word' id='word_1_74' title='bbox 1495 1078 1603 1132; x_wconf 85' lang='grc' dir='ltr'><strong>ἀπὸ</strong></span> <span class='ocrx_word' id='word_1_75' title='bbox 1636 1079 1735 1151; x_wconf 85' lang='grc' dir='ltr'>τῆς</span> <span class='ocrx_word' id='word_1_76' title='bbox 1770 1077 1876 1149; x_wconf 80' lang='grc' dir='ltr'>πρὸ</span> 
     </span>
    </p>
   </div>
   <div class='ocr_carea' id='block_1_13' title="bbox 308 1166 1874 1241">
    <p class='ocr_par' dir='ltr' id='par_1_13' title="bbox 308 1166 1874 1241">
     <span class='ocr_line' id='line_1_13' title="bbox 308 1166 1874 1241; baseline 0.003 -22"><span class='ocrx_word' id='word_1_77' title='bbox 308 1166 403 1219; x_wconf 75' lang='grc' dir='ltr'>τοῦ</span> <span class='ocrx_word' id='word_1_78' title='bbox 450 1167 772 1238; x_wconf 86' lang='grc' dir='ltr'>Ἰανουαρίου</span> <span class='ocrx_word' id='word_1_79' title='bbox 805 1169 1103 1240; x_wconf 83' lang='grc' dir='ltr'><strong>γενομένης</strong></span> <span class='ocrx_word' id='word_1_80' title='bbox 1149 1169 1430 1241; x_wconf 78' lang='grc' dir='ltr'>συνοδικῆς</span> <span class='ocrx_word' id='word_1_81' title='bbox 1479 1169 1754 1238; x_wconf 78' lang='grc' dir='ltr'><strong>συζυγίας,</strong></span> <span class='ocrx_word' id='word_1_82' title='bbox 1796 1169 1874 1223; x_wconf 91' lang='grc' dir='ltr'>δι-</span> 
     </span>
    </p>
   </div>
   <div class='ocr_carea' id='block_1_14' title="bbox 307 1256 1875 1331">
    <p class='ocr_par' dir='ltr' id='par_1_14' title="bbox 307 1256 1875 1331">
     <span class='ocr_line' id='line_1_14' title="bbox 307 1256 1875 1331; baseline 0.004 -23"><span class='ocrx_word' id='word_1_83' title='bbox 307 1256 489 1319; x_wconf 77' lang='grc' dir='ltr'>δόντες</span> <span class='ocrx_word' id='word_1_84' title='bbox 520 1257 730 1328; x_wconf 81' lang='grc' dir='ltr'><strong>ἑκάστῳ</strong></span> <span class='ocrx_word' id='word_1_85' title='bbox 765 1259 893 1329; x_wconf 84' lang='grc' dir='ltr'>μηνὶ</span> <span class='ocrx_word' id='word_1_86' title='bbox 923 1259 1023 1322; x_wconf 74' lang='grc' dir='ltr'><strong>τὰς</strong></span> <span class='ocrx_word' id='word_1_87' title='bbox 1051 1259 1256 1323; x_wconf 78' lang='grc' dir='ltr'>οἰκείας</span> <span class='ocrx_word' id='word_1_88' title='bbox 1291 1260 1521 1331; x_wconf 82' lang='grc' dir='ltr'><strong>ἡμέρας⁹</strong></span> <span class='ocrx_word' id='word_1_89' title='bbox 1557 1259 1751 1330; x_wconf 77' lang='grc' dir='ltr'>ἕξομεν</span> <span class='ocrx_word' id='word_1_90' title='bbox 1777 1260 1875 1331; x_wconf 82' lang='grc' dir='ltr'>τὴν</span> 
     </span>
    </p>
   </div>
   <div class='ocr_carea' id='block_1_15' title="bbox 305 1346 1875 1422">
    <p class='ocr_par' dir='ltr' id='par_1_15' title="bbox 305 1346 1875 1422">
     <span class='ocr_line' id='line_1_15' title="bbox 305 1346 1875 1422; baseline 0.003 -23"><span class='ocrx_word' id='word_1_91' title='bbox 305 1346 623 1402; x_wconf 79' lang='grc' dir='ltr'>τελευταίαν</span> <span class='ocrx_word' id='word_1_92' title='bbox 655 1349 866 1420; x_wconf 80' lang='grc' dir='ltr'>ἡμέραν</span> <span class='ocrx_word' id='word_1_93' title='bbox 893 1350 1301 1420; x_wconf 86' lang='grc' dir='ltr'>καταλήγουσαν</span> <span class='ocrx_word' id='word_1_94' title='bbox 1326 1352 1406 1415; x_wconf 84' lang='grc' dir='ltr'><strong>είς</strong></span> <span class='ocrx_word' id='word_1_95' title='bbox 1427 1352 1525 1422; x_wconf 80' lang='grc' dir='ltr'>τὴν</span> <span class='ocrx_word' id='word_1_96' title='bbox 1547 1352 1875 1422; x_wconf 76' lang='grc' dir='ltr'>πανσέληνον</span> 
     </span>
    </p>
   </div>
   <div class='ocr_carea' id='block_1_16' title="bbox 311 1438 1877 1514">
    <p class='ocr_par' dir='ltr' id='par_1_16' title="bbox 311 1438 1877 1514">
     <span class='ocr_line' id='line_1_16' title="bbox 311 1438 1877 1514; baseline 0.004 -23"><span class='ocrx_word' id='word_1_97' title='bbox 311 1438 569 1508; x_wconf 76' lang='grc' dir='ltr'>συζυγίαν</span> <span class='ocrx_word' id='word_1_98' title='bbox 602 1439 695 1493; x_wconf 77' lang='grc' dir='ltr'>τοῦ</span> <span class='ocrx_word' id='word_1_99' title='bbox 737 1440 1021 1495; x_wconf 76' lang='grc' dir='ltr'>Ἰουδαϊκοῦ</span> <span class='ocrx_word' id='word_1_100' title='bbox 1052 1441 1261 1513; x_wconf 87' lang='grc' dir='ltr'><strong>Πάσχα·</strong></span> <span class='ocrx_word' id='word_1_101' title='bbox 1290 1442 1357 1512; x_wconf 81' lang='grc' dir='ltr'>ἢν</span> <span class='ocrx_word' id='word_1_102' title='bbox 1386 1443 1478 1496; x_wconf 75' lang='grc' dir='ltr'>καὶ</span> <span class='ocrx_word' id='word_1_103' title='bbox 1503 1442 1590 1497; x_wconf 80' lang='grc' dir='ltr'><strong>διὰ</strong></span> <span class='ocrx_word' id='word_1_104' title='bbox 1618 1441 1711 1496; x_wconf 80' lang='grc' dir='ltr'><strong>τοῦ</strong></span> <span class='ocrx_word' id='word_1_105' title='bbox 1741 1444 1877 1514; x_wconf 82' lang='grc' dir='ltr'>ἡμε-</span> 
     </span>
    </p>
   </div>
   <div class='ocr_carea' id='block_1_17' title="bbox 311 1529 1874 1606">
    <p class='ocr_par' dir='ltr' id='par_1_17' title="bbox 311 1529 1874 1606">
     <span class='ocr_line' id='line_1_17' title="bbox 311 1529 1874 1606; baseline 0.006 -25"><span class='ocrx_word' id='word_1_106' title='bbox 311 1529 620 1601; x_wconf 85' lang='grc' dir='ltr'>ροευρεσίου</span> <span class='ocrx_word' id='word_1_107' title='bbox 659 1531 909 1602; x_wconf 80' lang='grc' dir='ltr'>εὑρόντες</span> <span class='ocrx_word' id='word_1_108' title='bbox 931 1533 1089 1585; x_wconf 86' lang='grc' dir='ltr'>ὁποία</span> <span class='ocrx_word' id='word_1_109' title='bbox 1119 1532 1202 1596; x_wconf 88' lang='grc' dir='ltr'><strong>τίς</strong></span> <span class='ocrx_word' id='word_1_110' title='bbox 1238 1533 1353 1586; x_wconf 81' lang='grc' dir='ltr'>ἐστι</span> <span class='ocrx_word' id='word_1_111' title='bbox 1381 1532 1488 1587; x_wconf 86' lang='grc' dir='ltr'><strong>τῶν</strong></span> <span class='ocrx_word' id='word_1_112' title='bbox 1516 1535 1616 1605; x_wconf 83' lang='grc' dir='ltr'>τῆς</span> <span class='ocrx_word' id='word_1_113' title='bbox 1641 1534 1874 1606; x_wconf 79' lang='grc' dir='ltr'>ἑϐδομά-</span> 
     </span>
    </p>
   </div>
   <div class='ocr_carea' id='block_1_18' title="bbox 307 1622 1875 1699">
    <p class='ocr_par' dir='ltr' id='par_1_18' title="bbox 307 1622 1875 1699">
     <span class='ocr_line' id='line_1_18' title="bbox 307 1622 1875 1699; baseline 0.003 -23"><span class='ocrx_word' id='word_1_114' title='bbox 307 1623 399 1686; x_wconf 89' lang='grc' dir='ltr'><strong>δος</strong></span> <span class='ocrx_word' id='word_1_115' title='bbox 419 1622 661 1695; x_wconf 84' lang='grc' dir='ltr'>ἡμερῶν,</span> <span class='ocrx_word' id='word_1_116' title='bbox 700 1622 797 1686; x_wconf 71' lang='grc' dir='ltr'><strong>τὰς</strong></span> <span class='ocrx_word' id='word_1_117' title='bbox 827 1622 1018 1685; x_wconf 68' lang='grc' dir='ltr'>λοιπὰς</span> <span class='ocrx_word' id='word_1_118' title='bbox 1051 1624 1375 1696; x_wconf 88' lang='grc' dir='ltr'>προσθέντες</span> <span class='ocrx_word' id='word_1_119' title='bbox 1404 1625 1534 1697; x_wconf 78' lang='grc' dir='ltr'>ἄχρι</span> <span class='ocrx_word' id='word_1_120' title='bbox 1556 1626 1656 1697; x_wconf 83' lang='grc' dir='ltr'>τῆς</span> <span class='ocrx_word' id='word_1_121' title='bbox 1672 1628 1875 1699; x_wconf 82' lang='grc' dir='ltr'>Κυρια-</span> 
     </span>
    </p>
   </div>
   <div class='ocr_carea' id='block_1_19' title="bbox 307 1714 1874 1791">
    <p class='ocr_par' dir='ltr' id='par_1_19' title="bbox 307 1714 1874 1791">
     <span class='ocr_line' id='line_1_19' title="bbox 307 1714 1874 1791; baseline 0.001 -20"><span class='ocrx_word' id='word_1_122' title='bbox 307 1714 434 1785; x_wconf 78' lang='grc' dir='ltr'>κ’ἡς,</span> <span class='ocrx_word' id='word_1_123' title='bbox 474 1714 663 1786; x_wconf 74' lang='grc' dir='ltr'>ἕξομεν</span> <span class='ocrx_word' id='word_1_124' title='bbox 695 1717 790 1770; x_wconf 79' lang='grc' dir='ltr'><strong>καὶ</strong></span> <span class='ocrx_word' id='word_1_125' title='bbox 829 1715 889 1768; x_wconf 86' lang='grc' dir='ltr'>τὸ</span> <span class='ocrx_word' id='word_1_126' title='bbox 926 1716 1189 1788; x_wconf 84' lang='grc' dir='ltr'>ἡμέτερον</span> <span class='ocrx_word' id='word_1_127' title='bbox 1232 1716 1383 1785; x_wconf 80' lang='grc' dir='ltr'>ἆγιον</span> <span class='ocrx_word' id='word_1_128' title='bbox 1423 1718 1615 1788; x_wconf 86' lang='grc' dir='ltr'><strong>Πάσχα</strong></span> <span class='ocrx_word' id='word_1_129' title='bbox 1644 1719 1702 1771; x_wconf 82' lang='grc' dir='ltr'>ὲν</span> <span class='ocrx_word' id='word_1_130' title='bbox 1744 1720 1874 1791; x_wconf 80' lang='grc' dir='ltr'>ποίᾳ</span> 
     </span>
    </p>
   </div>
   <div class='ocr_carea' id='block_1_20' title="bbox 308 1802 1948 1881">
    <p class='ocr_par' dir='ltr' id='par_1_20' title="bbox 308 1802 1948 1881">
     <span class='ocr_line' id='line_1_20' title="bbox 308 1802 1948 1881; baseline 0 -24"><span class='ocrx_word' id='word_1_131' title='bbox 308 1804 461 1858; x_wconf 74' lang='grc' dir='ltr'>ἔσται</span> <span class='ocrx_word' id='word_1_132' title='bbox 480 1804 586 1858; x_wconf 81' lang='grc' dir='ltr'><strong>τῶν</strong></span> <span class='ocrx_word' id='word_1_133' title='bbox 608 1803 699 1858; x_wconf 80' lang='grc' dir='ltr'><strong>τοῦ</strong></span> <span class='ocrx_word' id='word_1_134' title='bbox 721 1805 963 1879; x_wconf 83' lang='grc' dir='ltr'>Μαρτίου</span> <span class='ocrx_word' id='word_1_135' title='bbox 988 1807 1151 1877; x_wconf 82' lang='grc' dir='ltr'>μηνὸς</span> <span class='ocrx_word' id='word_1_136' title='bbox 1168 1806 1200 1877; x_wconf 78' lang='grc' dir='ltr'><strong>ἢ</strong></span> <span class='ocrx_word' id='word_1_137' title='bbox 1217 1806 1310 1859; x_wconf 78' lang='grc' dir='ltr'><strong>τοῦ</strong></span> <span class='ocrx_word' id='word_1_138' title='bbox 1339 1807 1609 1878; x_wconf 83' lang='grc' dir='ltr'>Ἀπριλίου</span> <span class='ocrx_word' id='word_1_139' title='bbox 1632 1810 1870 1881; x_wconf 86' lang='grc' dir='ltr'>ἡμερῶν.</span> <span class='ocrx_word' id='word_1_140' title='bbox 1906 1802 1948 1857; x_wconf 87' lang='grc' dir='ltr'><strong>Β</strong></span> 
     </span>
    </p>
   </div>
   <div class='ocr_carea' id='block_1_21' title="bbox 382 1897 1877 1968">
    <p class='ocr_par' dir='ltr' id='par_1_21' title="bbox 382 1897 1877 1968">
     <span class='ocr_line' id='line_1_21' title="bbox 382 1897 1877 1968; baseline 0.003 -18"><span class='ocrx_word' id='word_1_141' title='bbox 382 1897 501 1968; x_wconf 81' lang='grc' dir='ltr'><strong>Χρὴ</strong></span> <span class='ocrx_word' id='word_1_142' title='bbox 527 1897 707 1967; x_wconf 87' lang='grc' dir='ltr'>μέντοι</span> <span class='ocrx_word' id='word_1_143' title='bbox 738 1898 829 1951; x_wconf 73' lang='grc' dir='ltr'>καὶ</span> <span class='ocrx_word' id='word_1_144' title='bbox 852 1898 1010 1951; x_wconf 80' lang='grc' dir='ltr'>τοῦτο</span> <span class='ocrx_word' id='word_1_145' title='bbox 1042 1897 1258 1963; x_wconf 88' lang='grc' dir='ltr'>εἰδέναι,</span> <span class='ocrx_word' id='word_1_146' title='bbox 1281 1899 1356 1963; x_wconf 87' lang='grc' dir='ltr'><strong>ὡς</strong></span> <span class='ocrx_word' id='word_1_147' title='bbox 1375 1900 1468 1953; x_wconf 76' lang='grc' dir='ltr'><strong>ἐπὶ</strong></span> <span class='ocrx_word' id='word_1_148' title='bbox 1491 1899 1584 1953; x_wconf 81' lang='grc' dir='ltr'>τοῦ</span> <span class='ocrx_word' id='word_1_149' title='bbox 1611 1900 1654 1953; x_wconf 86' lang='grc' dir='ltr'>ε’</span> <span class='ocrx_word' id='word_1_150' title='bbox 1684 1902 1779 1954; x_wconf 73' lang='grc' dir='ltr'><strong>καὶ</strong></span> <span class='ocrx_word' id='word_1_151' title='bbox 1802 1901 1877 1967; x_wconf 83' lang='grc' dir='ltr'><strong>ις’</strong></span> 
     </span>
    </p>
   </div>
   <div class='ocr_carea' id='block_1_22' title="bbox 308 1989 1878 2066">
    <p class='ocr_par' dir='ltr' id='par_1_22' title="bbox 308 1989 1878 2066">
     <span class='ocr_line' id='line_1_22' title="bbox 308 1989 1878 2066; baseline 0.001 -21"><span class='ocrx_word' id='word_1_152' title='bbox 308 1989 508 2045; x_wconf 83' lang='grc' dir='ltr'>κύκλου</span> <span class='ocrx_word' id='word_1_153' title='bbox 521 1991 617 2062; x_wconf 84' lang='grc' dir='ltr'>τῆς</span> <span class='ocrx_word' id='word_1_154' title='bbox 641 1990 866 2063; x_wconf 85' lang='grc' dir='ltr'>σελήνης</span> <span class='ocrx_word' id='word_1_155' title='bbox 886 1992 982 2062; x_wconf 81' lang='grc' dir='ltr'><strong>οὐχ</strong></span> <span class='ocrx_word' id='word_1_156' title='bbox 999 1993 1027 2045; x_wconf 88' lang='grc' dir='ltr'><strong>ό</strong></span> <span class='ocrx_word' id='word_1_157' title='bbox 1049 1991 1378 2064; x_wconf 75' lang='grc' dir='ltr'>προρρηθεὶς</span> <span class='ocrx_word' id='word_1_158' title='bbox 1395 1993 1627 2064; x_wconf 82' lang='grc' dir='ltr'>ἀριθμὸς</span> <span class='ocrx_word' id='word_1_159' title='bbox 1650 1992 1758 2047; x_wconf 83' lang='grc' dir='ltr'><strong>τῶν</strong></span> <span class='ocrx_word' id='word_1_160' title='bbox 1784 2001 1878 2066; x_wconf 78' lang='grc' dir='ltr'>ρς¹</span> 
     </span>
    </p>
   </div>
   <div class='ocr_carea' id='block_1_23' title="bbox 308 2080 1877 2154">
    <p class='ocr_par' dir='ltr' id='par_1_23' title="bbox 308 2080 1877 2154">
     <span class='ocr_line' id='line_1_23' title="bbox 308 2080 1877 2154; baseline 0.002 -20"><span class='ocrx_word' id='word_1_161' title='bbox 308 2081 564 2153; x_wconf 84' lang='grc' dir='ltr'>ἡμερῶν,</span> <span class='ocrx_word' id='word_1_162' title='bbox 598 2081 631 2152; x_wconf 81' lang='grc' dir='ltr'>ἢ</span> <span class='ocrx_word' id='word_1_163' title='bbox 664 2082 757 2135; x_wconf 79' lang='grc' dir='ltr'>καὶ</span> <span class='ocrx_word' id='word_1_164' title='bbox 792 2080 870 2154; x_wconf 73' lang='grc' dir='ltr'>ρξ’</span> <span class='ocrx_word' id='word_1_165' title='bbox 899 2083 1187 2149; x_wconf 76' lang='grc' dir='ltr'>συνάγεται</span> <span class='ocrx_word' id='word_1_166' title='bbox 1217 2082 1304 2136; x_wconf 78' lang='grc' dir='ltr'>διὰ</span> <span class='ocrx_word' id='word_1_167' title='bbox 1341 2085 1441 2153; x_wconf 80' lang='grc' dir='ltr'>τῆς</span> <span class='ocrx_word' id='word_1_168' title='bbox 1476 2082 1584 2136; x_wconf 85' lang='grc' dir='ltr'>τῶν</span> <span class='ocrx_word' id='word_1_169' title='bbox 1623 2083 1877 2138; x_wconf 85' lang='grc' dir='ltr'>ὲπακτῶν</span> 
     </span>
    </p>
   </div>
   <div class='ocr_carea' id='block_1_24' title="bbox 307 2169 1876 2244">
    <p class='ocr_par' dir='ltr' id='par_1_24' title="bbox 307 2169 1876 2244">
     <span class='ocr_line' id='line_1_24' title="bbox 307 2169 1876 2244; baseline 0.003 -20"><span class='ocrx_word' id='word_1_170' title='bbox 307 2170 705 2234; x_wconf 83' lang='grc' dir='ltr'>ὲπισυνθέσεως</span> <span class='ocrx_word' id='word_1_171' title='bbox 746 2170 883 2242; x_wconf 85' lang='grc' dir='ltr'>μετὰ</span> <span class='ocrx_word' id='word_1_172' title='bbox 920 2171 1027 2224; x_wconf 82' lang='grc' dir='ltr'>τῶν</span> <span class='ocrx_word' id='word_1_173' title='bbox 1067 2169 1267 2223; x_wconf 82' lang='grc' dir='ltr'>λοιπῶν</span> <span class='ocrx_word' id='word_1_174' title='bbox 1294 2171 1375 2233; x_wconf 87' lang='grc' dir='ltr'><strong>εἰς</strong></span> <span class='ocrx_word' id='word_1_175' title='bbox 1402 2170 1470 2225; x_wconf 76' lang='grc' dir='ltr'><strong>τὰ</strong></span> <span class='ocrx_word' id='word_1_176' title='bbox 1497 2170 1736 2241; x_wconf 79' lang='grc' dir='ltr'>ἑπόμενα</span> <span class='ocrx_word' id='word_1_177' title='bbox 1769 2189 1876 2244; x_wconf 88' lang='grc' dir='ltr'>μη-</span> 
     </span>
    </p>
   </div>
   <div class='ocr_carea' id='block_1_25' title="bbox 308 2254 1879 2333">
    <p class='ocr_par' dir='ltr' id='par_1_25' title="bbox 308 2254 1879 2333">
     <span class='ocr_line' id='line_1_25' title="bbox 308 2254 1879 2333; baseline 0 -17"><span class='ocrx_word' id='word_1_178' title='bbox 308 2263 436 2316; x_wconf 73' lang='grc' dir='ltr'>νῶνο</span> <span class='ocrx_word' id='word_1_179' title='bbox 472 2262 584 2316; x_wconf 83' lang='grc' dir='ltr'>ἀλλ’</span> <span class='ocrx_word' id='word_1_180' title='bbox 615 2263 706 2316; x_wconf 74' lang='grc' dir='ltr'><strong>ἐπὶ</strong></span> <span class='ocrx_word' id='word_1_181' title='bbox 738 2261 835 2333; x_wconf 83' lang='grc' dir='ltr'>μὲν</span> <span class='ocrx_word' id='word_1_182' title='bbox 860 2261 953 2316; x_wconf 84' lang='grc' dir='ltr'>τοῦ</span> <span class='ocrx_word' id='word_1_183' title='bbox 988 2268 1028 2315; x_wconf 89' lang='grc' dir='ltr'><strong>ε’</strong></span> <span class='ocrx_word' id='word_1_184' title='bbox 1057 2260 1255 2315; x_wconf 86' lang='grc' dir='ltr'>κύκλου</span> <span class='ocrx_word' id='word_1_185' title='bbox 1287 2259 1428 2333; x_wconf 87' lang='grc' dir='ltr'>ρλς’,</span> <span class='ocrx_word' id='word_1_186' title='bbox 1458 2262 1549 2314; x_wconf 75' lang='grc' dir='ltr'><strong>ἐπὶ</strong></span> <span class='ocrx_word' id='word_1_187' title='bbox 1584 2261 1642 2315; x_wconf 79' lang='grc' dir='ltr'>δὲ</span> <span class='ocrx_word' id='word_1_188' title='bbox 1673 2261 1766 2315; x_wconf 78' lang='grc' dir='ltr'><strong>τοῦ</strong></span> <span class='ocrx_word' id='word_1_189' title='bbox 1803 2254 1879 2328; x_wconf 87' lang='grc' dir='ltr'>ις’</span> 
     </span>
    </p>
   </div>
   <div class='ocr_carea' id='block_1_26' title="bbox 310 2347 1881 2428">
    <p class='ocr_par' dir='ltr' id='par_1_26' title="bbox 310 2347 1881 2428">
     <span class='ocr_line' id='line_1_26' title="bbox 310 2347 1881 2428; baseline -0.001 -18"><span class='ocrx_word' id='word_1_190' title='bbox 310 2355 425 2428; x_wconf 75' lang='grc' dir='ltr'>ρλζ¹</span> <span class='ocrx_word' id='word_1_191' title='bbox 448 2355 536 2409; x_wconf 78' lang='grc' dir='ltr'><strong>διὰ</strong></span> <span class='ocrx_word' id='word_1_192' title='bbox 559 2356 649 2409; x_wconf 87' lang='grc' dir='ltr'>τὸν</span> <span class='ocrx_word' id='word_1_193' title='bbox 680 2354 917 2426; x_wconf 80' lang='grc' dir='ltr'>βίσεξτον</span> <span class='ocrx_word' id='word_1_194' title='bbox 939 2354 1169 2426; x_wconf 82' lang='grc' dir='ltr'>ἀριθμὸν</span> <span class='ocrx_word' id='word_1_195' title='bbox 1193 2356 1500 2424; x_wconf 84' lang='grc' dir='ltr'>συνάγεται·</span> <span class='ocrx_word' id='word_1_196' title='bbox 1526 2347 1601 2408; x_wconf 80' lang='grc' dir='ltr'>ὧν</span> <span class='ocrx_word' id='word_1_197' title='bbox 1620 2354 1881 2426; x_wconf 84' lang='grc' dir='ltr'>ἀνθυφαι-</span> 
     </span>
    </p>
   </div>
   <div class='ocr_carea' id='block_1_27' title="bbox 309 2446 1881 2522">
    <p class='ocr_par' dir='ltr' id='par_1_27' title="bbox 309 2446 1881 2522">
     <span class='ocr_line' id='line_1_27' title="bbox 309 2446 1881 2522; baseline 0.001 -20"><span class='ocrx_word' id='word_1_198' title='bbox 309 2448 575 2522; x_wconf 84' lang='grc' dir='ltr'>ρουμένου</span> <span class='ocrx_word' id='word_1_199' title='bbox 617 2447 1103 2521; x_wconf 87' lang='grc' dir='ltr'>τριακονθημέρου,</span> <span class='ocrx_word' id='word_1_200' title='bbox 1143 2450 1172 2501; x_wconf 87' lang='grc' dir='ltr'><strong>ό</strong></span> <span class='ocrx_word' id='word_1_201' title='bbox 1202 2448 1386 2512; x_wconf 84' lang='grc' dir='ltr'>λοιπὸς</span> <span class='ocrx_word' id='word_1_202' title='bbox 1415 2446 1646 2519; x_wconf 76' lang='grc' dir='ltr'>ἀριθμὸς</span> <span class='ocrx_word' id='word_1_203' title='bbox 1672 2449 1752 2512; x_wconf 81' lang='grc' dir='ltr'>εἰς</span> <span class='ocrx_word' id='word_1_204' title='bbox 1782 2448 1881 2519; x_wconf 81' lang='grc' dir='ltr'>τὴν</span> 
     </span>
    </p>
   </div>
   <div class='ocr_carea' id='block_1_28' title="bbox 307 2537 1877 2610">
    <p class='ocr_par' dir='ltr' id='par_1_28' title="bbox 307 2537 1877 2610">
     <span class='ocr_line' id='line_1_28' title="bbox 307 2537 1877 2610; baseline 0 -17"><span class='ocrx_word' id='word_1_205' title='bbox 307 2539 478 2610; x_wconf 74' lang='grc' dir='ltr'>αὑτήν</span> <span class='ocrx_word' id='word_1_206' title='bbox 512 2538 780 2610; x_wconf 83' lang='grc' dir='ltr'>ποσότητα</span> <span class='ocrx_word' id='word_1_207' title='bbox 806 2541 918 2602; x_wconf 89' lang='grc' dir='ltr'>τοῖς</span> <span class='ocrx_word' id='word_1_208' title='bbox 950 2540 1007 2592; x_wconf 83' lang='grc' dir='ltr'>ὲν</span> <span class='ocrx_word' id='word_1_209' title='bbox 1038 2542 1149 2603; x_wconf 87' lang='grc' dir='ltr'>τοῖς</span> <span class='ocrx_word' id='word_1_210' title='bbox 1182 2538 1387 2602; x_wconf 86' lang='grc' dir='ltr'>λοιποῖς</span> <span class='ocrx_word' id='word_1_211' title='bbox 1412 2537 1631 2601; x_wconf 80' lang='grc' dir='ltr'>κύκλοις</span> <span class='ocrx_word' id='word_1_212' title='bbox 1658 2537 1758 2608; x_wconf 84' lang='grc' dir='ltr'>τῆς</span> <span class='ocrx_word' id='word_1_213' title='bbox 1788 2555 1877 2593; x_wconf 81' lang='grc' dir='ltr'>σε·</span> 
     </span>
    </p>
   </div>
   <div class='ocr_carea' id='block_1_29' title="bbox 308 2629 841 2702">
    <p class='ocr_par' dir='ltr' id='par_1_29' title="bbox 308 2629 841 2702">
     <span class='ocr_line' id='line_1_29' title="bbox 308 2629 841 2702; baseline 0.002 -19"><span class='ocrx_word' id='word_1_214' title='bbox 308 2629 478 2702; x_wconf 87' lang='grc' dir='ltr'>λήνης</span> <span class='ocrx_word' id='word_1_215' title='bbox 508 2629 841 2701; x_wconf 88' lang='grc' dir='ltr'>περαίνεται.</span> 
     </span>
    </p>
   </div>
   <div class='ocr_carea' id='block_1_30' title="bbox 382 2719 1880 2792">
    <p class='ocr_par' dir='ltr' id='par_1_30' title="bbox 382 2719 1880 2792">
     <span class='ocr_line' id='line_1_30' title="bbox 382 2719 1880 2792; baseline 0.001 -18"><span class='ocrx_word' id='word_1_216' title='bbox 382 2720 499 2775; x_wconf 82' lang='grc' dir='ltr'>Ἵνα</span> <span class='ocrx_word' id='word_1_217' title='bbox 522 2721 577 2775; x_wconf 84' lang='grc' dir='ltr'>δὲ</span> <span class='ocrx_word' id='word_1_218' title='bbox 609 2722 703 2774; x_wconf 76' lang='grc' dir='ltr'>καὶ</span> <span class='ocrx_word' id='word_1_219' title='bbox 737 2722 829 2775; x_wconf 71' lang='grc' dir='ltr'><strong>ἐπὶ</strong></span> <span class='ocrx_word' id='word_1_220' title='bbox 864 2720 1258 2789; x_wconf 87' lang='grc' dir='ltr'>ύποδείγματος</span> <span class='ocrx_word' id='word_1_221' title='bbox 1302 2719 1511 2792; x_wconf 71' lang='grc' dir='ltr'>φανερὰ</span> <span class='ocrx_word' id='word_1_222' title='bbox 1550 2720 1773 2791; x_wconf 86' lang='grc' dir='ltr'>γένηται</span> <span class='ocrx_word' id='word_1_223' title='bbox 1808 2720 1880 2775; x_wconf 79' lang='grc' dir='ltr'>τὰ</span> 
     </span>
    </p>
   </div>
   <div class='ocr_carea' id='block_1_31' title="bbox 308 2811 1880 2886">
    <p class='ocr_par' dir='ltr' id='par_1_31' title="bbox 308 2811 1880 2886">
     <span class='ocr_line' id='line_1_31' title="bbox 308 2811 1880 2886; baseline -0.001 -17"><span class='ocrx_word' id='word_1_224' title='bbox 308 2814 594 2886; x_wconf 86' lang='grc' dir='ltr'>εἰρημένα,</span> <span class='ocrx_word' id='word_1_225' title='bbox 623 2814 744 2868; x_wconf 75' lang='grc' dir='ltr'>ἐπεὶ</span> <span class='ocrx_word' id='word_1_226' title='bbox 784 2812 927 2868; x_wconf 76' lang='grc' dir='ltr'>κατὰ</span> <span class='ocrx_word' id='word_1_227' title='bbox 962 2814 1059 2885; x_wconf 81' lang='grc' dir='ltr'>τὴν</span> <span class='ocrx_word' id='word_1_228' title='bbox 1090 2812 1262 2884; x_wconf 80' lang='grc' dir='ltr'>ἀρχὴν</span> <span class='ocrx_word' id='word_1_229' title='bbox 1301 2811 1395 2866; x_wconf 79' lang='grc' dir='ltr'>τοῦ</span> <span class='ocrx_word' id='word_1_230' title='bbox 1431 2814 1488 2866; x_wconf 77' lang='grc' dir='ltr'>ὲν</span> <span class='ocrx_word' id='word_1_231' title='bbox 1522 2813 1599 2884; x_wconf 82' lang='grc' dir='ltr'>τῷ</span> <span class='ocrx_word' id='word_1_232' title='bbox 1624 2813 1880 2869; x_wconf 79' lang='grc' dir='ltr'>ἐνεστῶτι</span> 
     </span>
    </p>
   </div>
   <div class='ocr_carea' id='block_1_32' title="bbox 307 2903 1882 2979">
    <p class='ocr_par' dir='ltr' id='par_1_32' title="bbox 307 2903 1882 2979">
     <span class='ocr_line' id='line_1_32' title="bbox 307 2903 1882 2979; baseline -0.001 -19"><span class='ocrx_word' id='word_1_233' title='bbox 307 2908 485 2979; x_wconf 82' lang='grc' dir='ltr'>χρόνῳ</span> <span class='ocrx_word' id='word_1_234' title='bbox 526 2906 872 2978; x_wconf 85' lang='grc' dir='ltr'>Ἰανουαρίου,</span> <span class='ocrx_word' id='word_1_235' title='bbox 914 2905 1097 2977; x_wconf 89' lang='grc' dir='ltr'>τρίτου</span> <span class='ocrx_word' id='word_1_236' title='bbox 1143 2903 1340 2957; x_wconf 79' lang='grc' dir='ltr'>κύκλου</span> <span class='ocrx_word' id='word_1_237' title='bbox 1386 2904 1613 2976; x_wconf 85' lang='grc' dir='ltr'>σελήνης</span> <span class='ocrx_word' id='word_1_238' title='bbox 1647 2905 1882 2976; x_wconf 84' lang='grc' dir='ltr'>ἀρχομέ-</span> 
     </span>
    </p>
   </div>
   <div class='ocr_carea' id='block_1_33' title="bbox 308 2994 1880 3068">
    <p class='ocr_par' dir='ltr' id='par_1_33' title="bbox 308 2994 1880 3068">
     <span class='ocr_line' id='line_1_33' title="bbox 308 2994 1880 3068; baseline -0.001 -17"><span class='ocrx_word' id='word_1_239' title='bbox 308 3015 424 3063; x_wconf 89' lang='grc' dir='ltr'>νου,</span> <span class='ocrx_word' id='word_1_240' title='bbox 469 2996 700 3051; x_wconf 82' lang='grc' dir='ltr'>ὲπακταί</span> <span class='ocrx_word' id='word_1_241' title='bbox 733 2999 868 3050; x_wconf 87' lang='grc' dir='ltr'>εἰσιν</span> <span class='ocrx_word' id='word_1_242' title='bbox 900 3002 972 3062; x_wconf 84' lang='grc' dir='ltr'>ς’·</span> <span class='ocrx_word' id='word_1_243' title='bbox 1013 2994 1266 3067; x_wconf 78' lang='grc' dir='ltr'>φανερὸν,</span> <span class='ocrx_word' id='word_1_244' title='bbox 1307 2994 1383 3059; x_wconf 81' lang='grc' dir='ltr'>ὡς</span> <span class='ocrx_word' id='word_1_245' title='bbox 1418 2995 1526 3067; x_wconf 83' lang='grc' dir='ltr'>πρὸ</span> <span class='ocrx_word' id='word_1_246' title='bbox 1563 2994 1624 3060; x_wconf 81' lang='grc' dir='ltr'>ἓξ</span> <span class='ocrx_word' id='word_1_247' title='bbox 1660 2995 1880 3068; x_wconf 82' lang='grc' dir='ltr'>ἡμερῶν</span> 
     </span>
    </p>
   </div>
   <div class='ocr_carea' id='block_1_34' title="bbox 307 3082 1881 3161">
    <p class='ocr_par' dir='ltr' id='par_1_34' title="bbox 307 3082 1881 3161">
     <span class='ocr_line' id='line_1_34' title="bbox 307 3082 1881 3161; baseline 0.006 -20"><span class='ocrx_word' id='word_1_248' title='bbox 307 3088 405 3142; x_wconf 79' lang='grc' dir='ltr'>τοῦ</span> <span class='ocrx_word' id='word_1_249' title='bbox 447 3087 772 3161; x_wconf 85' lang='grc' dir='ltr'>Ἰανουαρίου</span> <span class='ocrx_word' id='word_1_250' title='bbox 805 3087 1026 3157; x_wconf 89' lang='grc' dir='ltr'>γέγονεν</span> <span class='ocrx_word' id='word_1_251' title='bbox 1054 3089 1088 3159; x_wconf 91' lang='grc' dir='ltr'><strong>ἡ</strong></span> <span class='ocrx_word' id='word_1_252' title='bbox 1123 3086 1354 3156; x_wconf 76' lang='grc' dir='ltr'>συζυγία</span> <span class='ocrx_word' id='word_1_253' title='bbox 1385 3087 1653 3159; x_wconf 83' lang='grc' dir='ltr'>συνοδική’</span> <span class='ocrx_word' id='word_1_254' title='bbox 1692 3087 1786 3158; x_wconf 82' lang='grc' dir='ltr'><strong>ἀφ’</strong></span> <span class='ocrx_word' id='word_1_255' title='bbox 1812 3082 1881 3160; x_wconf 82' lang='grc' dir='ltr'><strong>ἧς</strong></span> 
     </span>
    </p>
   </div>
   <div class='ocr_carea' id='block_1_35' title="bbox 1975 537 3534 613">
    <p class='ocr_par' dir='ltr' id='par_1_35' title="bbox 1975 537 3534 613">
     <span class='ocr_line' id='line_1_35' title="bbox 1975 537 3534 613; baseline 0.003 -21"><span class='ocrx_word' id='word_1_256' title='bbox 1975 537 2111 592; x_wconf 88' lang='lat' dir='ltr'><strong>dunt</strong></span> <span class='ocrx_word' id='word_1_257' title='bbox 2153 546 2409 593; x_wconf 89' lang='lat' dir='ltr'><strong>accurata</strong></span> <span class='ocrx_word' id='word_1_258' title='bbox 2460 540 2781 610; x_wconf 89' lang='lat' dir='ltr'><strong>plenilunia,</strong></span> <span class='ocrx_word' id='word_1_259' title='bbox 2851 543 3304 613; x_wconf 76' lang='lat' dir='ltr'><strong>quemadmodum</strong></span> <span class='ocrx_word' id='word_1_260' title='bbox 3347 552 3534 613; x_wconf 77' lang='lat' dir='ltr'><strong>postea</strong></span> 
     </span>
    </p>
   </div>
   <div class='ocr_carea' id='block_1_36' title="bbox 1970 630 3535 690">
    <p class='ocr_par' dir='ltr' id='par_1_36' title="bbox 1970 630 3535 690">
     <span class='ocr_line' id='line_1_36' title="bbox 1970 630 3535 690; baseline 0.004 -8"><span class='ocrx_word' id='word_1_261' title='bbox 1970 639 2127 683; x_wconf 87' lang='lat' dir='ltr'><strong>certa</strong></span> <span class='ocrx_word' id='word_1_262' title='bbox 2180 630 2394 685; x_wconf 90' lang='lat' dir='ltr'><strong>ratione</strong></span> <span class='ocrx_word' id='word_1_263' title='bbox 2445 631 2993 690; x_wconf 82' lang='lat' dir='ltr'><strong>demonstrabimus:</strong></span> <span class='ocrx_word' id='word_1_264' title='bbox 3037 635 3084 688; x_wconf 89' lang='lat' dir='ltr'><strong>si</strong></span> <span class='ocrx_word' id='word_1_265' title='bbox 3104 634 3362 689; x_wconf 89' lang='lat' dir='ltr'><strong>collectos</strong></span> <span class='ocrx_word' id='word_1_266' title='bbox 3413 634 3535 689; x_wconf 89' lang='lat' dir='ltr'><strong>illus</strong></span> 
     </span>
    </p>
   </div>
   <div class='ocr_carea' id='block_1_37' title="bbox 1975 719 3535 800">
    <p class='ocr_par' dir='ltr' id='par_1_37' title="bbox 1975 719 3535 800">
     <span class='ocr_line' id='line_1_37' title="bbox 1975 719 3535 800; baseline 0.006 -25"><span class='ocrx_word' id='word_1_267' title='bbox 1975 719 2090 777; x_wconf 89' lang='lat' dir='ltr'><strong>dies</strong></span> <span class='ocrx_word' id='word_1_268' title='bbox 2152 738 2381 777; x_wconf 90' lang='lat' dir='ltr'><strong>numero</strong></span> <span class='ocrx_word' id='word_1_269' title='bbox 2406 738 2493 777; x_wconf 77' lang='grc' dir='ltr'><strong>ενι</strong></span> <span class='ocrx_word' id='word_1_270' title='bbox 2542 724 2596 779; x_wconf 84' lang='grc' dir='ltr'>ἰιι</span> <span class='ocrx_word' id='word_1_271' title='bbox 2653 727 2865 783; x_wconf 70' lang='lat' dir='ltr'><strong>caeteris</strong></span> <span class='ocrx_word' id='word_1_272' title='bbox 2920 728 3200 783; x_wconf 88' lang='lat' dir='ltr'><strong>lunaribus</strong></span> <span class='ocrx_word' id='word_1_273' title='bbox 3228 729 3415 800; x_wconf 84' lang='lat' dir='ltr'><strong>cyclis,</strong></span> <span class='ocrx_word' id='word_1_274' title='bbox 3442 738 3535 784; x_wconf 85' lang='lat' dir='ltr'><strong>aut</strong></span> 
     </span>
    </p>
   </div>
   <div class='ocr_carea' id='block_1_38' title="bbox 1974 813 3535 888">
    <p class='ocr_par' dir='ltr' id='par_1_38' title="bbox 1974 813 3535 888">
     <span class='ocr_line' id='line_1_38' title="bbox 1974 813 3535 888; baseline 0.005 -23"><span class='ocrx_word' id='word_1_275' title='bbox 1974 825 2082 867; x_wconf 84' lang='lat' dir='ltr'><strong>cvu</strong></span> <span class='ocrx_word' id='word_1_276' title='bbox 2140 826 2266 866; x_wconf 89' lang='lat' dir='ltr'><strong>cum</strong></span> <span class='ocrx_word' id='word_1_277' title='bbox 2306 813 2575 870; x_wconf 85' lang='lat' dir='ltr'><strong>hisextilis</strong></span> <span class='ocrx_word' id='word_1_278' title='bbox 2640 828 2818 871; x_wconf 88' lang='lat' dir='ltr'><strong>annus</strong></span> <span class='ocrx_word' id='word_1_279' title='bbox 2877 816 3103 883; x_wconf 85' lang='lat' dir='ltr'><strong>incidit;</strong></span> <span class='ocrx_word' id='word_1_280' title='bbox 3136 817 3190 871; x_wconf 88' lang='lat' dir='ltr'><strong>in</strong></span> <span class='ocrx_word' id='word_1_281' title='bbox 3216 817 3384 888; x_wconf 79' lang='lat' dir='ltr'><strong>cyclis</strong></span> <span class='ocrx_word' id='word_1_282' title='bbox 3408 834 3535 873; x_wconf 81' lang='lat' dir='ltr'><strong>vero</strong></span> 
     </span>
    </p>
   </div>
   <div class='ocr_carea' id='block_1_39' title="bbox 1976 907 3532 981">
    <p class='ocr_par' dir='ltr' id='par_1_39' title="bbox 1976 907 3532 981">
     <span class='ocr_line' id='line_1_39' title="bbox 1976 907 3532 981; baseline 0.006 -25"><span class='ocrx_word' id='word_1_283' title='bbox 1976 918 2109 967; x_wconf 82' lang='lat' dir='ltr'><strong>xm,</strong></span> <span class='ocrx_word' id='word_1_284' title='bbox 2138 919 2271 958; x_wconf 80' lang='lat' dir='ltr'><strong>xvnt</strong></span> <span class='ocrx_word' id='word_1_285' title='bbox 2301 914 2356 960; x_wconf 88' lang='lat' dir='ltr'><strong>et</strong></span> <span class='ocrx_word' id='word_1_286' title='bbox 2384 921 2500 970; x_wconf 76' lang='lat' dir='ltr'><strong>XIX,</strong></span> <span class='ocrx_word' id='word_1_287' title='bbox 2536 907 2913 962; x_wconf 87' lang='lat' dir='ltr'><strong>tantummodo</strong></span> <span class='ocrx_word' id='word_1_288' title='bbox 2944 922 3030 972; x_wconf 89' lang='lat' dir='ltr'><strong>cv,</strong></span> <span class='ocrx_word' id='word_1_289' title='bbox 3058 925 3086 962; x_wconf 91' lang='lat' dir='ltr'><strong>a</strong></span> <span class='ocrx_word' id='word_1_290' title='bbox 3109 910 3315 981; x_wconf 84' lang='lat' dir='ltr'><strong>synodo</strong></span> <span class='ocrx_word' id='word_1_291' title='bbox 3356 910 3532 965; x_wconf 81' lang='lat' dir='ltr'><strong>lunari</strong></span> 
     </span>
    </p>
   </div>
   <div class='ocr_carea' id='block_1_40' title="bbox 1976 991 3535 1071">
    <p class='ocr_par' dir='ltr' id='par_1_40' title="bbox 1976 991 3535 1071">
     <span class='ocr_line' id='line_1_40' title="bbox 1976 991 3535 1071; baseline 0.006 -24"><span class='ocrx_word' id='word_1_292' title='bbox 1976 991 2298 1048; x_wconf 90' lang='lat' dir='ltr'><strong>Januarium</strong></span> <span class='ocrx_word' id='word_1_293' title='bbox 2323 996 2674 1052; x_wconf 84' lang='lat' dir='ltr'><strong>antecedente</strong></span> <span class='ocrx_word' id='word_1_294' title='bbox 2702 999 3089 1068; x_wconf 88' lang='lat' dir='ltr'><strong>producamus,</strong></span> <span class='ocrx_word' id='word_1_295' title='bbox 3138 1009 3192 1055; x_wconf 86' lang='lat' dir='ltr'><strong>et</strong></span> <span class='ocrx_word' id='word_1_296' title='bbox 3243 1000 3535 1071; x_wconf 80' lang='lat' dir='ltr'><strong>unicuique</strong></span> 
     </span>
    </p>
   </div>
   <div class='ocr_carea' id='block_1_41' title="bbox 1975 1084 3534 1162">
    <p class='ocr_par' dir='ltr' id='par_1_41' title="bbox 1975 1084 3534 1162">
     <span class='ocr_line' id='line_1_41' title="bbox 1975 1084 3534 1162; baseline 0.006 -25"><span class='ocrx_word' id='word_1_297' title='bbox 1975 1084 2152 1140; x_wconf 86' lang='lat' dir='ltr'><strong>mensi</strong></span> <span class='ocrx_word' id='word_1_298' title='bbox 2215 1094 2582 1155; x_wconf 84' lang='lat' dir='ltr'><strong>competentes</strong></span> <span class='ocrx_word' id='word_1_299' title='bbox 2646 1090 3007 1145; x_wconf 88' lang='lat' dir='ltr'><strong>attribuamus</strong></span> <span class='ocrx_word' id='word_1_300' title='bbox 3053 1091 3199 1155; x_wconf 89' lang='lat' dir='ltr'><strong>dies,</strong></span> <span class='ocrx_word' id='word_1_301' title='bbox 3262 1101 3534 1162; x_wconf 88' lang='lat' dir='ltr'><strong>postrema</strong></span> 
     </span>
    </p>
   </div>
   <div class='ocr_carea' id='block_1_42' title="bbox 1976 1175 3535 1252">
    <p class='ocr_par' dir='ltr' id='par_1_42' title="bbox 1976 1175 3535 1252">
     <span class='ocr_line' id='line_1_42' title="bbox 1976 1175 3535 1252; baseline 0.006 -23"><span class='ocrx_word' id='word_1_302' title='bbox 1976 1175 2134 1230; x_wconf 87' lang='lat' dir='ltr'><strong>nobis</strong></span> <span class='ocrx_word' id='word_1_303' title='bbox 2172 1175 2229 1231; x_wconf 91' lang='lat' dir='ltr'><strong>in</strong></span> <span class='ocrx_word' id='word_1_304' title='bbox 2273 1177 2626 1247; x_wconf 87' lang='lat' dir='ltr'><strong>plenilunium</strong></span> <span class='ocrx_word' id='word_1_305' title='bbox 2652 1180 2912 1244; x_wconf 86' lang='lat' dir='ltr'><strong>incurret,</strong></span> <span class='ocrx_word' id='word_1_306' title='bbox 2936 1182 3079 1252; x_wconf 89' lang='lat' dir='ltr'><strong>quod</strong></span> <span class='ocrx_word' id='word_1_307' title='bbox 3107 1192 3190 1238; x_wconf 90' lang='lat' dir='ltr'><strong>est</strong></span> <span class='ocrx_word' id='word_1_308' title='bbox 3204 1181 3412 1238; x_wconf 87' lang='lat' dir='ltr'><strong>Pascha</strong></span> <span class='ocrx_word' id='word_1_309' title='bbox 3438 1182 3535 1238; x_wconf 90' lang='lat' dir='ltr'><strong>Ju-</strong></span> 
     </span>
    </p>
   </div>
   <div class='ocr_carea' id='block_1_43' title="bbox 1974 1264 3535 1343">
    <p class='ocr_par' dir='ltr' id='par_1_43' title="bbox 1974 1264 3535 1343">
     <span class='ocr_line' id='line_1_43' title="bbox 1974 1264 3535 1343; baseline 0.006 -24"><span class='ocrx_word' id='word_1_310' title='bbox 1974 1264 2227 1332; x_wconf 90' lang='lat' dir='ltr'><strong>daicum;</strong></span> <span class='ocrx_word' id='word_1_311' title='bbox 2255 1282 2418 1338; x_wconf 87' lang='lat' dir='ltr'><strong>quam</strong></span> <span class='ocrx_word' id='word_1_312' title='bbox 2453 1269 2507 1324; x_wconf 90' lang='lat' dir='ltr'><strong>in</strong></span> <span class='ocrx_word' id='word_1_313' title='bbox 2542 1270 2804 1326; x_wconf 87' lang='lat' dir='ltr'><strong>laterculo</strong></span> <span class='ocrx_word' id='word_1_314' title='bbox 2834 1271 3289 1343; x_wconf 79' lang='lat' dir='ltr'><strong>feriarum,quam</strong></span> <span class='ocrx_word' id='word_1_315' title='bbox 3320 1274 3375 1328; x_wconf 92' lang='lat' dir='ltr'><strong>in</strong></span> <span class='ocrx_word' id='word_1_316' title='bbox 3404 1273 3535 1329; x_wconf 89' lang='lat' dir='ltr'><strong>heb-</strong></span> 
     </span>
    </p>
   </div>
   <div class='ocr_carea' id='block_1_44' title="bbox 1975 1356 3535 1432">
    <p class='ocr_par' dir='ltr' id='par_1_44' title="bbox 1975 1356 3535 1432">
     <span class='ocr_line' id='line_1_44' title="bbox 1975 1356 3535 1432; baseline 0.003 -22"><span class='ocrx_word' id='word_1_317' title='bbox 1975 1356 2223 1412; x_wconf 89' lang='lat' dir='ltr'><strong>domadis</strong></span> <span class='ocrx_word' id='word_1_318' title='bbox 2259 1356 2418 1411; x_wconf 85' lang='lat' dir='ltr'><strong>cadat</strong></span> <span class='ocrx_word' id='word_1_319' title='bbox 2476 1357 2653 1425; x_wconf 89' lang='lat' dir='ltr'><strong>diem,</strong></span> <span class='ocrx_word' id='word_1_320' title='bbox 2699 1359 3125 1431; x_wconf 81' lang='lat' dir='ltr'><strong>investigantes,</strong></span> <span class='ocrx_word' id='word_1_321' title='bbox 3168 1361 3393 1432; x_wconf 84' lang='lat' dir='ltr'><strong>reliquis</strong></span> <span class='ocrx_word' id='word_1_322' title='bbox 3465 1360 3535 1415; x_wconf 89' lang='lat' dir='ltr'><strong>ad</strong></span> 
     </span>
    </p>
   </div>
   <div class='ocr_carea' id='block_1_45' title="bbox 1976 1448 3531 1520">
    <p class='ocr_par' dir='ltr' id='par_1_45' title="bbox 1976 1448 3531 1520">
     <span class='ocr_line' id='line_1_45' title="bbox 1976 1448 3531 1520; baseline 0.002 -18"><span class='ocrx_word' id='word_1_323' title='bbox 1976 1448 2311 1505; x_wconf 82' lang='lat' dir='ltr'><strong>Dominicam</strong></span> <span class='ocrx_word' id='word_1_324' title='bbox 2363 1465 2539 1520; x_wconf 90' lang='lat' dir='ltr'><strong>usque</strong></span> <span class='ocrx_word' id='word_1_325' title='bbox 2600 1450 2820 1516; x_wconf 86' lang='lat' dir='ltr'><strong>additis,</strong></span> <span class='ocrx_word' id='word_1_326' title='bbox 2870 1461 3275 1508; x_wconf 88' lang='lat' dir='ltr'><strong>sacrosanctum</strong></span> <span class='ocrx_word' id='word_1_327' title='bbox 3327 1451 3531 1508; x_wconf 85' lang='lat' dir='ltr'><strong>Pascha</strong></span> 
     </span>
    </p>
   </div>
   <div class='ocr_carea' id='block_1_46' title="bbox 1973 1522 3535 1613">
    <p class='ocr_par' dir='ltr' id='par_1_46' title="bbox 1973 1522 3535 1613">
     <span class='ocr_line' id='line_1_46' title="bbox 1973 1522 3535 1613; baseline 0.002 -19"><span class='ocrx_word' id='word_1_328' title='bbox 1973 1547 2243 1606; x_wconf 89' lang='lat' dir='ltr'><strong>nostrum,</strong></span> <span class='ocrx_word' id='word_1_329' title='bbox 2270 1555 2381 1612; x_wconf 88' lang='lat' dir='ltr'><strong>quo</strong></span> <span class='ocrx_word' id='word_1_330' title='bbox 2412 1538 2590 1595; x_wconf 77' lang='lat' dir='ltr'><strong>Martii</strong></span> <span class='ocrx_word' id='word_1_331' title='bbox 2613 1540 2695 1596; x_wconf 67' lang='lat' dir='ltr'><strong>vel</strong></span> <span class='ocrx_word' id='word_1_332' title='bbox 2719 1540 2918 1611; x_wconf 83' lang='lat' dir='ltr'><strong>Aprilis</strong></span> <span class='ocrx_word' id='word_1_333' title='bbox 2946 1541 3031 1597; x_wconf 90' lang='lat' dir='ltr'><strong>die</strong></span> <span class='ocrx_word' id='word_1_334' title='bbox 3048 1542 3344 1613; x_wconf 75' lang='lat' dir='ltr'><strong>contingat,</strong></span> <span class='ocrx_word' id='word_1_335' title='bbox 3367 1522 3535 1597; x_wconf 67' lang='lat' dir='ltr'><strong>extri-</strong></span> 
     </span>
    </p>
   </div>
   <div class='ocr_carea' id='block_1_47' title="bbox 1978 1632 2252 1688">
    <p class='ocr_par' dir='ltr' id='par_1_47' title="bbox 1978 1632 2252 1688">
     <span class='ocr_line' id='line_1_47' title="bbox 1978 1632 2252 1688; baseline 0.007 -2"><span class='ocrx_word' id='word_1_336' title='bbox 1978 1632 2252 1688; x_wconf 88' lang='lat' dir='ltr'><strong>cahimus.</strong></span> 
     </span>
    </p>
   </div>
   <div class='ocr_carea' id='block_1_48' title="bbox 2051 1909 3535 1989">
    <p class='ocr_par' dir='ltr' id='par_1_48' title="bbox 2051 1909 3535 1989">
     <span class='ocr_line' id='line_1_48' title="bbox 2051 1909 3535 1989; baseline 0.003 -21"><span class='ocrx_word' id='word_1_337' title='bbox 2051 1909 2340 1970; x_wconf 85' lang='lat' dir='ltr'><strong>Sciendum</strong></span> <span class='ocrx_word' id='word_1_338' title='bbox 2366 1924 2545 1971; x_wconf 90' lang='lat' dir='ltr'><strong>tamen</strong></span> <span class='ocrx_word' id='word_1_339' title='bbox 2566 1923 2650 1972; x_wconf 90' lang='lat' dir='ltr'><strong>est</strong></span> <span class='ocrx_word' id='word_1_340' title='bbox 2677 1917 2730 1972; x_wconf 91' lang='lat' dir='ltr'><strong>in</strong></span> <span class='ocrx_word' id='word_1_341' title='bbox 2767 1934 2798 1972; x_wconf 82' lang='grc' dir='ltr'><strong>ν</strong></span> <span class='ocrx_word' id='word_1_342' title='bbox 2818 1917 2903 1973; x_wconf 80' lang='lat' dir='ltr'><strong>vel</strong></span> <span class='ocrx_word' id='word_1_343' title='bbox 2930 1933 3018 1973; x_wconf 76' lang='lat' dir='ltr'><strong>xvr</strong></span> <span class='ocrx_word' id='word_1_344' title='bbox 3045 1917 3198 1989; x_wconf 83' lang='lat' dir='ltr'><strong>cyclo</strong></span> <span class='ocrx_word' id='word_1_345' title='bbox 3237 1917 3400 1983; x_wconf 80' lang='lat' dir='ltr'><strong>lunae,</strong></span> <span class='ocrx_word' id='word_1_346' title='bbox 3428 1932 3535 1972; x_wconf 86' lang='lat' dir='ltr'><strong>nu-</strong></span> 
     </span>
    </p>
   </div>
   <div class='ocr_carea' id='block_1_49' title="bbox 1979 2007 3535 2080">
    <p class='ocr_par' dir='ltr' id='par_1_49' title="bbox 1979 2007 3535 2080">
     <span class='ocr_line' id='line_1_49' title="bbox 1979 2007 3535 2080; baseline 0.004 -23"><span class='ocrx_word' id='word_1_347' title='bbox 1979 2019 2186 2059; x_wconf 86' lang='lat' dir='ltr'><strong>merum</strong></span> <span class='ocrx_word' id='word_1_348' title='bbox 2215 2007 2364 2060; x_wconf 91' lang='lat' dir='ltr'><strong>illum</strong></span> <span class='ocrx_word' id='word_1_349' title='bbox 2394 2021 2503 2072; x_wconf 75' lang='lat' dir='ltr'><strong>cvr,</strong></span> <span class='ocrx_word' id='word_1_350' title='bbox 2536 2008 2648 2063; x_wconf 88' lang='lat' dir='ltr'><strong>sive</strong></span> <span class='ocrx_word' id='word_1_351' title='bbox 2692 2022 2800 2062; x_wconf 71' lang='lat' dir='ltr'><strong>cru</strong></span> <span class='ocrx_word' id='word_1_352' title='bbox 2836 2009 3047 2064; x_wconf 85' lang='lat' dir='ltr'><strong>dierum</strong></span> <span class='ocrx_word' id='word_1_353' title='bbox 3085 2010 3309 2065; x_wconf 88' lang='lat' dir='ltr'><strong>minime</strong></span> <span class='ocrx_word' id='word_1_354' title='bbox 3353 2010 3535 2080; x_wconf 80' lang='lat' dir='ltr'><strong>colligi</strong></span> 
     </span>
    </p>
   </div>
   <div class='ocr_carea' id='block_1_50' title="bbox 1977 2096 3536 2167">
    <p class='ocr_par' dir='ltr' id='par_1_50' title="bbox 1977 2096 3536 2167">
     <span class='ocr_line' id='line_1_50' title="bbox 1977 2096 3536 2167; baseline 0.002 -19"><span class='ocrx_word' id='word_1_355' title='bbox 1977 2108 2044 2148; x_wconf 78' lang='lat' dir='ltr'><strong>ex</strong></span> <span class='ocrx_word' id='word_1_356' title='bbox 2065 2101 2377 2164; x_wconf 88' lang='lat' dir='ltr'><strong>epactarum</strong></span> <span class='ocrx_word' id='word_1_357' title='bbox 2408 2110 2472 2149; x_wconf 90' lang='lat' dir='ltr'><strong>ac</strong></span> <span class='ocrx_word' id='word_1_358' title='bbox 2510 2096 2843 2167; x_wconf 86' lang='lat' dir='ltr'><strong>reliquorum</strong></span> <span class='ocrx_word' id='word_1_359' title='bbox 2873 2098 3067 2153; x_wconf 89' lang='lat' dir='ltr'><strong>ordine</strong></span> <span class='ocrx_word' id='word_1_360' title='bbox 3098 2099 3365 2155; x_wconf 88' lang='lat' dir='ltr'><strong>mensium</strong></span> <span class='ocrx_word' id='word_1_361' title='bbox 3389 2098 3536 2153; x_wconf 89' lang='lat' dir='ltr'><strong>addi-</strong></span> 
     </span>
    </p>
   </div>
   <div class='ocr_carea' id='block_1_51' title="bbox 1978 2184 3537 2260">
    <p class='ocr_par' dir='ltr' id='par_1_51' title="bbox 1978 2184 3537 2260">
     <span class='ocr_line' id='line_1_51' title="bbox 1978 2184 3537 2260; baseline 0.002 -21"><span class='ocrx_word' id='word_1_362' title='bbox 1978 2185 2124 2240; x_wconf 91' lang='lat' dir='ltr'><strong>tione</strong></span> <span class='ocrx_word' id='word_1_363' title='bbox 2155 2203 2169 2240; x_wconf 90' lang='lat'><strong>:</strong></span> <span class='ocrx_word' id='word_1_364' title='bbox 2197 2184 2292 2240; x_wconf 86' lang='lat' dir='ltr'><strong>sed</strong></span> <span class='ocrx_word' id='word_1_365' title='bbox 2324 2186 2377 2240; x_wconf 94' lang='lat' dir='ltr'><strong>in</strong></span> <span class='ocrx_word' id='word_1_366' title='bbox 2407 2202 2440 2242; x_wconf 81' lang='grc' dir='ltr'><strong>ν</strong></span> <span class='ocrx_word' id='word_1_367' title='bbox 2465 2188 2639 2258; x_wconf 89' lang='lat' dir='ltr'><strong>cyclo,</strong></span> <span class='ocrx_word' id='word_1_368' title='bbox 2660 2201 2854 2242; x_wconf 70' lang='lat' dir='ltr'><strong>cxxxvr</strong></span> <span class='ocrx_word' id='word_1_369' title='bbox 2873 2206 2889 2256; x_wconf 90' lang='lat'><strong>;</strong></span> <span class='ocrx_word' id='word_1_370' title='bbox 2911 2188 2967 2243; x_wconf 92' lang='lat' dir='ltr'><strong>in</strong></span> <span class='ocrx_word' id='word_1_371' title='bbox 2995 2190 3150 2260; x_wconf 81' lang='lat' dir='ltr'><strong>cyclo</strong></span> <span class='ocrx_word' id='word_1_372' title='bbox 3174 2205 3286 2253; x_wconf 68' lang='grc' dir='ltr'>ενι,</span> <span class='ocrx_word' id='word_1_373' title='bbox 3317 2197 3537 2259; x_wconf 84' lang='lat' dir='ltr'><strong>propter</strong></span> 
     </span>
    </p>
   </div>
   <div class='ocr_carea' id='block_1_52' title="bbox 1978 2275 3535 2349">
    <p class='ocr_par' dir='ltr' id='par_1_52' title="bbox 1978 2275 3535 2349">
     <span class='ocr_line' id='line_1_52' title="bbox 1978 2275 3535 2349; baseline 0.002 -19"><span class='ocrx_word' id='word_1_374' title='bbox 1978 2275 2269 2341; x_wconf 78' lang='lat' dir='ltr'><strong>bisextum,</strong></span> <span class='ocrx_word' id='word_1_375' title='bbox 2295 2289 2514 2331; x_wconf 75' lang='lat' dir='ltr'><strong>cxxxvn</strong></span> <span class='ocrx_word' id='word_1_376' title='bbox 2537 2276 2654 2332; x_wconf 87' lang='lat' dir='ltr'><strong>dies</strong></span> <span class='ocrx_word' id='word_1_377' title='bbox 2687 2277 2910 2332; x_wconf 84' lang='lat' dir='ltr'><strong>conﬂari</strong></span> <span class='ocrx_word' id='word_1_378' title='bbox 2942 2296 2957 2333; x_wconf 91' lang='lat'><strong>:</strong></span> <span class='ocrx_word' id='word_1_379' title='bbox 2994 2279 3064 2335; x_wconf 90' lang='lat' dir='ltr'><strong>de</strong></span> <span class='ocrx_word' id='word_1_380' title='bbox 3108 2279 3308 2349; x_wconf 86' lang='lat' dir='ltr'><strong>quibus</strong></span> <span class='ocrx_word' id='word_1_381' title='bbox 3335 2279 3535 2335; x_wconf 85' lang='lat' dir='ltr'><strong>subdu-</strong></span> 
     </span>
    </p>
   </div>
   <div class='ocr_carea' id='block_1_53' title="bbox 1979 2367 3535 2440">
    <p class='ocr_par' dir='ltr' id='par_1_53' title="bbox 1979 2367 3535 2440">
     <span class='ocr_line' id='line_1_53' title="bbox 1979 2367 3535 2440; baseline 0.002 -19"><span class='ocrx_word' id='word_1_382' title='bbox 1979 2367 2087 2423; x_wconf 89' lang='lat' dir='ltr'><strong>ctis</strong></span> <span class='ocrx_word' id='word_1_383' title='bbox 2115 2383 2245 2431; x_wconf 81' lang='lat' dir='ltr'><strong>xxx,</strong></span> <span class='ocrx_word' id='word_1_384' title='bbox 2275 2369 2528 2424; x_wconf 87' lang='lat' dir='ltr'><strong>residuus</strong></span> <span class='ocrx_word' id='word_1_385' title='bbox 2559 2384 2818 2425; x_wconf 90' lang='lat' dir='ltr'><strong>numerus</strong></span> <span class='ocrx_word' id='word_1_386' title='bbox 2859 2370 2927 2424; x_wconf 90' lang='lat' dir='ltr'><strong>ad</strong></span> <span class='ocrx_word' id='word_1_387' title='bbox 2963 2370 3230 2436; x_wconf 83' lang='lat' dir='ltr'><strong>eamdem,</strong></span> <span class='ocrx_word' id='word_1_388' title='bbox 3268 2378 3429 2440; x_wconf 90' lang='lat' dir='ltr'><strong>atque</strong></span> <span class='ocrx_word' id='word_1_389' title='bbox 3479 2371 3535 2424; x_wconf 87' lang='lat' dir='ltr'><strong>in</strong></span> 
     </span>
    </p>
   </div>
   <div class='ocr_carea' id='block_1_54' title="bbox 1977 2457 3189 2532">
    <p class='ocr_par' dir='ltr' id='par_1_54' title="bbox 1977 2457 3189 2532">
     <span class='ocr_line' id='line_1_54' title="bbox 1977 2457 3189 2532; baseline 0.003 -21"><span class='ocrx_word' id='word_1_390' title='bbox 1977 2458 2188 2513; x_wconf 58' lang='lat' dir='ltr'><strong>caeteris</strong></span> <span class='ocrx_word' id='word_1_391' title='bbox 2210 2457 2350 2512; x_wconf 66' lang='lat' dir='ltr'><strong>lunae</strong></span> <span class='ocrx_word' id='word_1_392' title='bbox 2376 2458 2570 2528; x_wconf 85' lang='lat' dir='ltr'><strong>cyclis,</strong></span> <span class='ocrx_word' id='word_1_393' title='bbox 2606 2475 2872 2515; x_wconf 87' lang='lat' dir='ltr'><strong>summam</strong></span> <span class='ocrx_word' id='word_1_394' title='bbox 2906 2461 3189 2532; x_wconf 75' lang='lat' dir='ltr'><strong>redigitur.</strong></span> 
     </span>
    </p>
   </div>
   <div class='ocr_carea' id='block_1_55' title="bbox 2048 2716 3538 2789">
    <p class='ocr_par' dir='ltr' id='par_1_55' title="bbox 2048 2716 3538 2789">
     <span class='ocr_line' id='line_1_55' title="bbox 2048 2716 3538 2789; baseline -0.001 -16"><span class='ocrx_word' id='word_1_395' title='bbox 2048 2716 2179 2785; x_wconf 84' lang='lat' dir='ltr'><strong>Quae</strong></span> <span class='ocrx_word' id='word_1_396' title='bbox 2217 2726 2279 2772; x_wconf 92' lang='lat' dir='ltr'><strong>ut</strong></span> <span class='ocrx_word' id='word_1_397' title='bbox 2323 2717 2573 2787; x_wconf 79' lang='lat' dir='ltr'><strong>exemplo</strong></span> <span class='ocrx_word' id='word_1_398' title='bbox 2630 2716 2862 2772; x_wconf 74' lang='lat' dir='ltr'><strong>clariora</strong></span> <span class='ocrx_word' id='word_1_399' title='bbox 2921 2716 3072 2782; x_wconf 82' lang='lat' dir='ltr'><strong>ﬁant,</strong></span> <span class='ocrx_word' id='word_1_400' title='bbox 3127 2716 3384 2789; x_wconf 89' lang='lat' dir='ltr'><strong>quoniam</strong></span> <span class='ocrx_word' id='word_1_401' title='bbox 3434 2716 3538 2771; x_wconf 90' lang='lat' dir='ltr'><strong>hoc</strong></span> 
     </span>
    </p>
   </div>
   <div class='ocr_carea' id='block_1_56' title="bbox 1978 2807 3535 2880">
    <p class='ocr_par' dir='ltr' id='par_1_56' title="bbox 1978 2807 3535 2880">
     <span class='ocr_line' id='line_1_56' title="bbox 1978 2807 3535 2880; baseline -0.004 -15"><span class='ocrx_word' id='word_1_402' title='bbox 1978 2824 2146 2873; x_wconf 86' lang='lat' dir='ltr'><strong>anno,</strong></span> <span class='ocrx_word' id='word_1_403' title='bbox 2174 2810 2393 2865; x_wconf 90' lang='lat' dir='ltr'><strong>ineunte</strong></span> <span class='ocrx_word' id='word_1_404' title='bbox 2414 2807 2676 2863; x_wconf 82' lang='lat' dir='ltr'><strong>Januario</strong></span> <span class='ocrx_word' id='word_1_405' title='bbox 2705 2808 2912 2879; x_wconf 89' lang='lat' dir='ltr'><strong>pariter</strong></span> <span class='ocrx_word' id='word_1_406' title='bbox 2940 2822 3004 2864; x_wconf 80' lang='lat' dir='ltr'><strong>ac</strong></span> <span class='ocrx_word' id='word_1_407' title='bbox 3020 2808 3174 2880; x_wconf 85' lang='lat' dir='ltr'><strong>cyclo</strong></span> <span class='ocrx_word' id='word_1_408' title='bbox 3195 2809 3335 2862; x_wconf 75' lang='lat' dir='ltr'><strong>lunae</strong></span> <span class='ocrx_word' id='word_1_409' title='bbox 3354 2807 3535 2871; x_wconf 86' lang='lat' dir='ltr'><strong>tertio,</strong></span> 
     </span>
    </p>
   </div>
   <div class='ocr_carea' id='block_1_57' title="bbox 1978 2896 3537 2978">
    <p class='ocr_par' dir='ltr' id='par_1_57' title="bbox 1978 2896 3537 2978">
     <span class='ocr_line' id='line_1_57' title="bbox 1978 2896 3537 2978; baseline -0.004 -21"><span class='ocrx_word' id='word_1_410' title='bbox 1978 2910 2183 2973; x_wconf 75' lang='lat' dir='ltr'><strong>epactte</strong></span> <span class='ocrx_word' id='word_1_411' title='bbox 2218 2911 2346 2957; x_wconf 91' lang='lat' dir='ltr'><strong>sunt</strong></span> <span class='ocrx_word' id='word_1_412' title='bbox 2372 2916 2447 2969; x_wconf 81' lang='grc' dir='ltr'><strong>νι,</strong></span> <span class='ocrx_word' id='word_1_413' title='bbox 2484 2900 2707 2956; x_wconf 86' lang='lat' dir='ltr'><strong>evidens</strong></span> <span class='ocrx_word' id='word_1_414' title='bbox 2756 2911 2840 2956; x_wconf 89' lang='lat' dir='ltr'><strong>est</strong></span> <span class='ocrx_word' id='word_1_415' title='bbox 2860 2900 3105 2978; x_wconf 75' lang='lat' dir='ltr'><strong>lunarem</strong></span> <span class='ocrx_word' id='word_1_416' title='bbox 3135 2898 3399 2971; x_wconf 82' lang='lat' dir='ltr'><strong>synodum</strong></span> <span class='ocrx_word' id='word_1_417' title='bbox 3427 2896 3537 2951; x_wconf 80' lang='lat' dir='ltr'><strong>Ka-</strong></span> 
     </span>
    </p>
   </div>
   <div class='ocr_carea' id='block_1_58' title="bbox 1980 2989 3538 3050">
    <p class='ocr_par' dir='ltr' id='par_1_58' title="bbox 1980 2989 3538 3050">
     <span class='ocr_line' id='line_1_58' title="bbox 1980 2989 3538 3050; baseline -0.002 -3"><span class='ocrx_word' id='word_1_418' title='bbox 1980 2993 2169 3050; x_wconf 90' lang='lat' dir='ltr'><strong>lendas</strong></span> <span class='ocrx_word' id='word_1_419' title='bbox 2197 2991 2486 3048; x_wconf 86' lang='lat' dir='ltr'><strong>Januarias</strong></span> <span class='ocrx_word' id='word_1_420' title='bbox 2516 3009 2614 3049; x_wconf 83' lang='lat' dir='ltr'><strong>sex</strong></span> <span class='ocrx_word' id='word_1_421' title='bbox 2640 2991 2837 3048; x_wconf 88' lang='lat' dir='ltr'><strong>diebus</strong></span> <span class='ocrx_word' id='word_1_422' title='bbox 2895 2993 3278 3047; x_wconf 81' lang='lat' dir='ltr'><strong>antecessisse.</strong></span> <span class='ocrx_word' id='word_1_423' title='bbox 3342 2989 3425 3043; x_wconf 80' lang='lat' dir='ltr'><strong>Ab</strong></span> <span class='ocrx_word' id='word_1_424' title='bbox 3472 3004 3538 3044; x_wconf 86' lang='lat' dir='ltr'><strong>ea</strong></span> 
     </span>
    </p>
   </div>
   <div class='ocr_carea' id='block_1_59' title="bbox 1981 3079 3537 3157">
    <p class='ocr_par' dir='ltr' id='par_1_59' title="bbox 1981 3079 3537 3157">
     <span class='ocr_line' id='line_1_59' title="bbox 1981 3079 3537 3157; baseline -0.006 -16"><span class='ocrx_word' id='word_1_425' title='bbox 1981 3083 2190 3157; x_wconf 86' lang='lat' dir='ltr'><strong>synodo</strong></span> <span class='ocrx_word' id='word_1_426' title='bbox 2213 3085 2541 3154; x_wconf 84' lang='lat' dir='ltr'><strong>computatis</strong></span> <span class='ocrx_word' id='word_1_427' title='bbox 2570 3083 2763 3138; x_wconf 87' lang='lat' dir='ltr'><strong>diebus</strong></span> <span class='ocrx_word' id='word_1_428' title='bbox 2795 3097 2907 3148; x_wconf 75' lang='grc' dir='ltr'>ενι,</span> <span class='ocrx_word' id='word_1_429' title='bbox 2942 3090 2996 3138; x_wconf 87' lang='lat' dir='ltr'><strong>et</strong></span> <span class='ocrx_word' id='word_1_430' title='bbox 3027 3081 3265 3137; x_wconf 87' lang='lat' dir='ltr'><strong>indidem</strong></span> <span class='ocrx_word' id='word_1_431' title='bbox 3296 3079 3537 3150; x_wconf 81' lang='lat' dir='ltr'><strong>explica-</strong></span> 
     </span>
    </p>
   </div>
   <div class='ocr_carea' id='block_1_60' title="bbox 307 3168 1879 3249">
    <p class='ocr_par' dir='ltr' id='par_1_60' title="bbox 307 3175 1879 3249">
     <span class='ocr_line' id='line_1_60' title="bbox 307 3175 1879 3249; baseline -0.003 -16"><span class='ocrx_word' id='word_1_432' title='bbox 307 3177 710 3249; x_wconf 77' lang='grc' dir='ltr'>ἀριθμήσαντες</span> <span class='ocrx_word' id='word_1_433' title='bbox 735 3176 947 3249; x_wconf 78' lang='grc' dir='ltr'>ἡμέρας</span> <span class='ocrx_word' id='word_1_434' title='bbox 978 3182 1086 3247; x_wconf 87' lang='grc' dir='ltr'>ρς’,</span> <span class='ocrx_word' id='word_1_435' title='bbox 1115 3176 1207 3230; x_wconf 79' lang='grc' dir='ltr'>καὶ</span> <span class='ocrx_word' id='word_1_436' title='bbox 1234 3175 1725 3247; x_wconf 78' lang='grc' dir='ltr'>προσεκὸάλλοντες</span> <span class='ocrx_word' id='word_1_437' title='bbox 1749 3178 1879 3231; x_wconf 88' lang='grc' dir='ltr'>ταύ-</span> 
     </span>
    </p>
   </div>
   <div class='ocr_carea' id='block_1_61' title="bbox 1975 3168 3537 3249">
    <p class='ocr_par' dir='ltr' id='par_1_61' title="bbox 1978 3168 3537 3245">
     <span class='ocr_line' id='line_1_61' title="bbox 1978 3168 3537 3245; baseline -0.006 -14"><span class='ocrx_word' id='word_1_438' title='bbox 1978 3175 2069 3239; x_wconf 75' lang='lat' dir='ltr'><strong>tis.</strong></span> <span class='ocrx_word' id='word_1_439' title='bbox 2096 3190 2217 3245; x_wconf 62' lang='lat' dir='ltr'><strong>Quae</strong></span> <span class='ocrx_word' id='word_1_440' title='bbox 2276 3174 2494 3245; x_wconf 82' lang='lat' dir='ltr'><strong>quidem</strong></span> <span class='ocrx_word' id='word_1_441' title='bbox 2547 3173 2851 3229; x_wconf 82' lang='lat' dir='ltr'><strong>conﬂantur</strong></span> <span class='ocrx_word' id='word_1_442' title='bbox 2882 3189 2948 3229; x_wconf 82' lang='lat' dir='ltr'><strong>ex</strong></span> <span class='ocrx_word' id='word_1_443' title='bbox 3004 3172 3197 3227; x_wconf 90' lang='lat' dir='ltr'><strong>diebus</strong></span> <span class='ocrx_word' id='word_1_444' title='bbox 3224 3187 3278 3224; x_wconf 76' lang='grc' dir='ltr'><strong>νι</strong></span> <span class='ocrx_word' id='word_1_445' title='bbox 3298 3179 3423 3225; x_wconf 89' lang='lat' dir='ltr'><strong>ante</strong></span> <span class='ocrx_word' id='word_1_446' title='bbox 3441 3168 3537 3223; x_wconf 85' lang='lat' dir='ltr'><strong>Ja-</strong></span> 
     </span>
    </p>
   </div>
   <div class='ocr_carea' id='block_1_62' title="bbox 308 3272 1880 3344">
    <p class='ocr_par' dir='ltr' id='par_1_62' title="bbox 308 3272 1880 3344">
     <span class='ocr_line' id='line_1_62' title="bbox 308 3272 1880 3344; baseline 0.001 -17"><span class='ocrx_word' id='word_1_447' title='bbox 308 3290 410 3339; x_wconf 90' lang='grc' dir='ltr'><strong>τας</strong></span> <span class='ocrx_word' id='word_1_448' title='bbox 433 3273 540 3327; x_wconf 81' lang='grc' dir='ltr'><strong>ἀπὸ</strong></span> <span class='ocrx_word' id='word_1_449' title='bbox 562 3273 662 3343; x_wconf 84' lang='grc' dir='ltr'>τῆς</span> <span class='ocrx_word' id='word_1_450' title='bbox 684 3272 936 3344; x_wconf 89' lang='grc' dir='ltr'>τοιαύτης</span> <span class='ocrx_word' id='word_1_451' title='bbox 958 3272 1195 3338; x_wconf 85' lang='grc' dir='ltr'>συνόδου,</span> <span class='ocrx_word' id='word_1_452' title='bbox 1217 3273 1417 3337; x_wconf 81' lang='grc' dir='ltr'>αἵτινες</span> <span class='ocrx_word' id='word_1_453' title='bbox 1443 3273 1750 3344; x_wconf 80' lang='grc' dir='ltr'>περιέχουσι</span> <span class='ocrx_word' id='word_1_454' title='bbox 1779 3274 1880 3339; x_wconf 88' lang='grc' dir='ltr'><strong>τάς</strong></span> 
     </span>
    </p>
   </div>
   <div class='ocr_carea' id='block_1_63' title="bbox 309 3360 1880 3435">
    <p class='ocr_par' dir='ltr' id='par_1_63' title="bbox 309 3360 1880 3435">
     <span class='ocr_line' id='line_1_63' title="bbox 309 3360 1880 3435; baseline -0.001 -16"><span class='ocrx_word' id='word_1_455' title='bbox 309 3381 372 3419; x_wconf 89' lang='grc' dir='ltr'><strong>τε</strong></span> <span class='ocrx_word' id='word_1_456' title='bbox 415 3363 520 3435; x_wconf 83' lang='grc' dir='ltr'>πρὸ</span> <span class='ocrx_word' id='word_1_457' title='bbox 561 3363 653 3417; x_wconf 78' lang='grc' dir='ltr'>τοῦ</span> <span class='ocrx_word' id='word_1_458' title='bbox 700 3362 1025 3435; x_wconf 80' lang='grc' dir='ltr'>Ἰανουαρίου</span> <span class='ocrx_word' id='word_1_459' title='bbox 1059 3362 1133 3428; x_wconf 82' lang='grc' dir='ltr'><strong>ς’,</strong></span> <span class='ocrx_word' id='word_1_460' title='bbox 1168 3363 1264 3416; x_wconf 64' lang='grc' dir='ltr'><strong>καὶ¹</strong></span> <span class='ocrx_word' id='word_1_461' title='bbox 1297 3362 1394 3425; x_wconf 73' lang='grc' dir='ltr'>τὰς</span> <span class='ocrx_word' id='word_1_462' title='bbox 1435 3361 1600 3415; x_wconf 83' lang='grc' dir='ltr'>αὐτοῦ</span> <span class='ocrx_word' id='word_1_463' title='bbox 1633 3360 1726 3415; x_wconf 79' lang='grc' dir='ltr'><strong>τοῦ</strong></span> <span class='ocrx_word' id='word_1_464' title='bbox 1774 3364 1880 3417; x_wconf 89' lang='grc' dir='ltr'>Ἰα-</span> 
     </span>
    </p>
   </div>
   <div class='ocr_carea' id='block_1_64' title="bbox 309 3453 1879 3528">
    <p class='ocr_par' dir='ltr' id='par_1_64' title="bbox 309 3453 1879 3528">
     <span class='ocr_line' id='line_1_64' title="bbox 309 3453 1879 3528; baseline -0.003 -16"><span class='ocrx_word' id='word_1_465' title='bbox 309 3455 561 3528; x_wconf 85' lang='grc' dir='ltr'>νουαρίου</span> <span class='ocrx_word' id='word_1_466' title='bbox 598 3455 709 3519; x_wconf 91' lang='grc' dir='ltr'>λα’,</span> <span class='ocrx_word' id='word_1_467' title='bbox 749 3454 829 3508; x_wconf 72' lang='grc' dir='ltr'>ἔτι</span> <span class='ocrx_word' id='word_1_468' title='bbox 866 3472 925 3508; x_wconf 88' lang='grc' dir='ltr'><strong>τε</strong></span> <span class='ocrx_word' id='word_1_469' title='bbox 963 3454 1325 3526; x_wconf 79' lang='grc' dir='ltr'>Φεϐρουαρίου</span> <span class='ocrx_word' id='word_1_470' title='bbox 1365 3453 1471 3526; x_wconf 84' lang='grc' dir='ltr'>κη’,</span> <span class='ocrx_word' id='word_1_471' title='bbox 1508 3453 1601 3507; x_wconf 78' lang='grc' dir='ltr'>καὶ</span> <span class='ocrx_word' id='word_1_472' title='bbox 1636 3454 1879 3525; x_wconf 89' lang='grc' dir='ltr'>Μαρτίου</span> 
     </span>
    </p>
   </div>
   <div class='ocr_carea' id='block_1_65' title="bbox 310 3542 1879 3617">
    <p class='ocr_par' dir='ltr' id='par_1_65' title="bbox 310 3542 1879 3617">
     <span class='ocr_line' id='line_1_65' title="bbox 310 3542 1879 3617; baseline -0.005 -14"><span class='ocrx_word' id='word_1_473' title='bbox 310 3550 414 3612; x_wconf 88' lang='grc' dir='ltr'>λα’,</span> <span class='ocrx_word' id='word_1_474' title='bbox 468 3548 563 3602; x_wconf 79' lang='grc' dir='ltr'>καὶ</span> <span class='ocrx_word' id='word_1_475' title='bbox 623 3546 895 3617; x_wconf 82' lang='grc' dir='ltr'>’Δπριλίου</span> <span class='ocrx_word' id='word_1_476' title='bbox 944 3553 997 3611; x_wconf 88' lang='grc' dir='ltr'><strong>ι’,</strong></span> <span class='ocrx_word' id='word_1_477' title='bbox 1045 3546 1367 3617; x_wconf 83' lang='grc' dir='ltr'>εὑρίσκομεν</span> <span class='ocrx_word' id='word_1_478' title='bbox 1416 3542 1515 3614; x_wconf 85' lang='grc' dir='ltr'>τὴν</span> <span class='ocrx_word' id='word_1_479' title='bbox 1568 3542 1879 3596; x_wconf 87' lang='grc' dir='ltr'>τελευταίαν</span> 
     </span>
    </p>
   </div>
   <div class='ocr_carea' id='block_1_66' title="bbox 310 3634 1879 3713">
    <p class='ocr_par' dir='ltr' id='par_1_66' title="bbox 310 3634 1879 3713">
     <span class='ocr_line' id='line_1_66' title="bbox 310 3634 1879 3713; baseline -0.005 -18"><span class='ocrx_word' id='word_1_480' title='bbox 310 3641 524 3713; x_wconf 90' lang='grc' dir='ltr'>ἡμέραν</span> <span class='ocrx_word' id='word_1_481' title='bbox 556 3641 636 3704; x_wconf 73' lang='lat' dir='ltr'><strong>sl:</strong></span> <span class='ocrx_word' id='word_1_482' title='bbox 662 3640 761 3712; x_wconf 78' lang='grc' dir='ltr'><strong>τήν</strong></span> <span class='ocrx_word' id='word_1_483' title='bbox 792 3645 822 3693; x_wconf 88' lang='grc' dir='ltr'><strong>ι’</strong></span> <span class='ocrx_word' id='word_1_484' title='bbox 862 3636 956 3691; x_wconf 78' lang='grc' dir='ltr'>τοῦ</span> <span class='ocrx_word' id='word_1_485' title='bbox 1016 3637 1289 3708; x_wconf 81' lang='grc' dir='ltr'>’Δπριλίου</span> <span class='ocrx_word' id='word_1_486' title='bbox 1337 3635 1736 3707; x_wconf 76' lang='grc' dir='ltr'>ἐμπίπτουσαν,</span> <span class='ocrx_word' id='word_1_487' title='bbox 1785 3634 1879 3687; x_wconf 72' lang='grc' dir='ltr'>καὶ</span> 
     </span>
    </p>
   </div>
   <div class='ocr_carea' id='block_1_67' title="bbox 311 3725 1880 3804">
    <p class='ocr_par' dir='ltr' id='par_1_67' title="bbox 311 3725 1880 3804">
     <span class='ocr_line' id='line_1_67' title="bbox 311 3725 1880 3804; baseline -0.006 -16"><span class='ocrx_word' id='word_1_488' title='bbox 311 3733 646 3804; x_wconf 78' lang='grc' dir='ltr'>πανσέληνον</span> <span class='ocrx_word' id='word_1_489' title='bbox 676 3727 839 3785; x_wconf 80' lang='grc' dir='ltr'>οὖσαν</span> <span class='ocrx_word' id='word_1_490' title='bbox 876 3729 1090 3801; x_wconf 83' lang='grc' dir='ltr'>ἡμέραν</span> <span class='ocrx_word' id='word_1_491' title='bbox 1128 3727 1417 3782; x_wconf 81' lang='grc' dir='ltr'>Ἰουδαϊκοῦ</span> <span class='ocrx_word' id='word_1_492' title='bbox 1450 3726 1661 3797; x_wconf 89' lang='grc' dir='ltr'><strong>Πάσχα·</strong></span> <span class='ocrx_word' id='word_1_493' title='bbox 1696 3727 1761 3796; x_wconf 83' lang='grc' dir='ltr'>ἢν</span> <span class='ocrx_word' id='word_1_494' title='bbox 1785 3725 1880 3779; x_wconf 79' lang='grc' dir='ltr'><strong>καὶ</strong></span> 
     </span>
    </p>
   </div>
   <div class='ocr_carea' id='block_1_68' title="bbox 310 3815 1880 3897">
    <p class='ocr_par' dir='ltr' id='par_1_68' title="bbox 310 3815 1880 3897">
     <span class='ocr_line' id='line_1_68' title="bbox 310 3815 1880 3897; baseline -0.005 -17"><span class='ocrx_word' id='word_1_495' title='bbox 310 3826 402 3880; x_wconf 81' lang='grc' dir='ltr'>διὰ</span> <span class='ocrx_word' id='word_1_496' title='bbox 423 3826 515 3879; x_wconf 80' lang='grc' dir='ltr'><strong>τοῦ</strong></span> <span class='ocrx_word' id='word_1_497' title='bbox 541 3822 960 3897; x_wconf 85' lang='grc' dir='ltr'>ἡμεροευρεσίου</span> <span class='ocrx_word' id='word_1_498' title='bbox 988 3820 1238 3894; x_wconf 85' lang='grc' dir='ltr'>εὑρόντες</span> <span class='ocrx_word' id='word_1_499' title='bbox 1266 3819 1475 3891; x_wconf 83' lang='grc' dir='ltr'>ἡμέραν</span> <span class='ocrx_word' id='word_1_500' title='bbox 1504 3815 1668 3872; x_wconf 83' lang='grc' dir='ltr'>οὖσαν</span> <span class='ocrx_word' id='word_1_501' title='bbox 1698 3834 1880 3889; x_wconf 87' lang='grc' dir='ltr'>παρα-</span> 
     </span>
    </p>
   </div>
   <div class='ocr_carea' id='block_1_69' title="bbox 1976 3261 3534 3331">
    <p class='ocr_par' dir='ltr' id='par_1_69' title="bbox 1976 3261 3534 3331">
     <span class='ocr_line' id='line_1_69' title="bbox 1976 3261 3534 3331; baseline -0.004 -11"><span class='ocrx_word' id='word_1_502' title='bbox 1976 3268 2253 3329; x_wconf 87' lang='lat' dir='ltr'><strong>nuarium,</strong></span> <span class='ocrx_word' id='word_1_503' title='bbox 2308 3272 2363 3320; x_wconf 89' lang='lat' dir='ltr'><strong>et</strong></span> <span class='ocrx_word' id='word_1_504' title='bbox 2420 3280 2550 3319; x_wconf 76' lang='lat' dir='ltr'><strong>xm</strong></span> <span class='ocrx_word' id='word_1_505' title='bbox 2606 3263 2876 3331; x_wconf 83' lang='lat' dir='ltr'><strong>Januarii,</strong></span> <span class='ocrx_word' id='word_1_506' title='bbox 2912 3280 2976 3317; x_wconf 88' lang='lat' dir='ltr'><strong>ac</strong></span> <span class='ocrx_word' id='word_1_507' title='bbox 3028 3261 3312 3318; x_wconf 83' lang='lat' dir='ltr'><strong>Februarii</strong></span> <span class='ocrx_word' id='word_1_508' title='bbox 3342 3276 3534 3325; x_wconf 72' lang='lat' dir='ltr'><strong>xum,</strong></span> 
     </span>
    </p>
   </div>
   <div class='ocr_carea' id='block_1_70' title="bbox 1976 3353 3536 3428">
    <p class='ocr_par' dir='ltr' id='par_1_70' title="bbox 1976 3353 3536 3428">
     <span class='ocr_line' id='line_1_70' title="bbox 1976 3353 3536 3428; baseline -0.006 -15"><span class='ocrx_word' id='word_1_509' title='bbox 1976 3358 2154 3413; x_wconf 85' lang='lat' dir='ltr'><strong>Martii</strong></span> <span class='ocrx_word' id='word_1_510' title='bbox 2201 3373 2350 3421; x_wconf 78' lang='lat' dir='ltr'><strong>xxxi,</strong></span> <span class='ocrx_word' id='word_1_511' title='bbox 2380 3368 2434 3412; x_wconf 89' lang='lat' dir='ltr'><strong>et</strong></span> <span class='ocrx_word' id='word_1_512' title='bbox 2455 3356 2659 3428; x_wconf 85' lang='lat' dir='ltr'><strong>Aprilis</strong></span> <span class='ocrx_word' id='word_1_513' title='bbox 2691 3372 2745 3422; x_wconf 70' lang='grc' dir='ltr'>ι,</span> <span class='ocrx_word' id='word_1_514' title='bbox 2785 3355 3031 3409; x_wconf 88' lang='lat' dir='ltr'><strong>ultimam</strong></span> <span class='ocrx_word' id='word_1_515' title='bbox 3064 3354 3277 3410; x_wconf 90' lang='lat' dir='ltr'><strong>dierum</strong></span> <span class='ocrx_word' id='word_1_516' title='bbox 3309 3353 3536 3408; x_wconf 90' lang='lat' dir='ltr'><strong>istarum</strong></span> 
     </span>
    </p>
   </div>
   <div class='ocr_carea' id='block_1_71' title="bbox 1976 3442 3539 3520">
    <p class='ocr_par' dir='ltr' id='par_1_71' title="bbox 1976 3442 3539 3520">
     <span class='ocr_line' id='line_1_71' title="bbox 1976 3442 3539 3520; baseline -0.007 -16"><span class='ocrx_word' id='word_1_517' title='bbox 1976 3451 2171 3505; x_wconf 87' lang='lat' dir='ltr'><strong>cadere</strong></span> <span class='ocrx_word' id='word_1_518' title='bbox 2203 3449 2668 3520; x_wconf 83' lang='lat' dir='ltr'><strong>deprchendemus</strong></span> <span class='ocrx_word' id='word_1_519' title='bbox 2723 3447 2780 3501; x_wconf 92' lang='lat' dir='ltr'><strong>in</strong></span> <span class='ocrx_word' id='word_1_520' title='bbox 2809 3463 2842 3501; x_wconf 65' lang='grc' dir='ltr'><strong>τι</strong></span> <span class='ocrx_word' id='word_1_521' title='bbox 2872 3447 3098 3517; x_wconf 81' lang='lat' dir='ltr'><strong>Aprilis,</strong></span> <span class='ocrx_word' id='word_1_522' title='bbox 3132 3460 3253 3515; x_wconf 77' lang='lat' dir='ltr'><strong>qua:</strong></span> <span class='ocrx_word' id='word_1_523' title='bbox 3280 3450 3334 3498; x_wconf 90' lang='lat' dir='ltr'><strong>et</strong></span> <span class='ocrx_word' id='word_1_524' title='bbox 3364 3442 3539 3514; x_wconf 89' lang='lat' dir='ltr'><strong>plcni-</strong></span> 
     </span>
    </p>
   </div>
   <div class='ocr_carea' id='block_1_72' title="bbox 1975 3535 3538 3607">
    <p class='ocr_par' dir='ltr' id='par_1_72' title="bbox 1975 3535 3538 3607">
     <span class='ocr_line' id='line_1_72' title="bbox 1975 3535 3538 3607; baseline -0.004 -13"><span class='ocrx_word' id='word_1_525' title='bbox 1975 3539 2182 3594; x_wconf 87' lang='lat' dir='ltr'><strong>iunium</strong></span> <span class='ocrx_word' id='word_1_526' title='bbox 2219 3542 2343 3605; x_wconf 90' lang='lat' dir='ltr'><strong>erit,</strong></span> <span class='ocrx_word' id='word_1_527' title='bbox 2379 3554 2443 3593; x_wconf 89' lang='lat' dir='ltr'><strong>ac</strong></span> <span class='ocrx_word' id='word_1_528' title='bbox 2462 3537 2746 3597; x_wconf 82' lang='lat' dir='ltr'><strong>Judaicum</strong></span> <span class='ocrx_word' id='word_1_529' title='bbox 2776 3536 3004 3594; x_wconf 79' lang='lat' dir='ltr'><strong>Pascha.</strong></span> <span class='ocrx_word' id='word_1_530' title='bbox 3034 3537 3210 3607; x_wconf 84' lang='lat' dir='ltr'><strong>Hujus</strong></span> <span class='ocrx_word' id='word_1_531' title='bbox 3256 3551 3322 3592; x_wconf 81' lang='lat' dir='ltr'><strong>ex</strong></span> <span class='ocrx_word' id='word_1_532' title='bbox 3371 3535 3538 3589; x_wconf 80' lang='lat' dir='ltr'><strong>later-</strong></span> 
     </span>
    </p>
   </div>
   <div class='ocr_carea' id='block_1_73' title="bbox 1975 3627 3537 3699">
    <p class='ocr_par' dir='ltr' id='par_1_73' title="bbox 1975 3627 3537 3699">
     <span class='ocr_line' id='line_1_73' title="bbox 1975 3627 3537 3699; baseline -0.003 -15"><span class='ocrx_word' id='word_1_533' title='bbox 1975 3628 2100 3684; x_wconf 92' lang='lat' dir='ltr'><strong>culo</strong></span> <span class='ocrx_word' id='word_1_534' title='bbox 2132 3628 2351 3684; x_wconf 69' lang='lat' dir='ltr'><strong>inventa</strong></span> <span class='ocrx_word' id='word_1_535' title='bbox 2402 3628 2559 3695; x_wconf 81' lang='lat' dir='ltr'><strong>feria,</strong></span> <span class='ocrx_word' id='word_1_536' title='bbox 2620 3643 2742 3699; x_wconf 75' lang='lat' dir='ltr'><strong>qua:</strong></span> <span class='ocrx_word' id='word_1_537' title='bbox 2777 3637 2863 3684; x_wconf 90' lang='lat' dir='ltr'><strong>est</strong></span> <span class='ocrx_word' id='word_1_538' title='bbox 2910 3627 3233 3693; x_wconf 83' lang='lat' dir='ltr'><strong>Parasceve,</strong></span> <span class='ocrx_word' id='word_1_539' title='bbox 3276 3632 3537 3696; x_wconf 85' lang='lat' dir='ltr'><strong>sequente</strong></span> 
     </span>
    </p>
   </div>
   <div class='ocr_carea' id='block_1_74' title="bbox 1974 3714 3537 3776">
    <p class='ocr_par' dir='ltr' id='par_1_74' title="bbox 1974 3714 3537 3776">
     <span class='ocr_line' id='line_1_74' title="bbox 1974 3714 3537 3776; baseline -0.003 -2"><span class='ocrx_word' id='word_1_540' title='bbox 1974 3719 2255 3775; x_wconf 88' lang='lat' dir='ltr'><strong>Dominica</strong></span> <span class='ocrx_word' id='word_1_541' title='bbox 2287 3728 2701 3776; x_wconf 78' lang='lat' dir='ltr'><strong>sacrosanctum</strong></span> <span class='ocrx_word' id='word_1_542' title='bbox 2728 3718 2941 3775; x_wconf 84' lang='lat' dir='ltr'><strong>Pascha</strong></span> <span class='ocrx_word' id='word_1_543' title='bbox 2968 3728 3217 3775; x_wconf 87' lang='lat' dir='ltr'><strong>nostrum</strong></span> <span class='ocrx_word' id='word_1_544' title='bbox 3262 3714 3537 3773; x_wconf 86' lang='lat' dir='ltr'><strong>obtinebi-</strong></span> 
     </span>
    </p>
   </div>
   <div class='ocr_carea' id='block_1_75' title="bbox 1974 3812 2700 3883">
    <p class='ocr_par' dir='ltr' id='par_1_75' title="bbox 1974 3812 2700 3883">
     <span class='ocr_line' id='line_1_75' title="bbox 1974 3812 2700 3883; baseline -0.004 -15"><span class='ocrx_word' id='word_1_545' title='bbox 1974 3829 2118 3878; x_wconf 88' lang='lat' dir='ltr'><strong>mus,</strong></span> <span class='ocrx_word' id='word_1_546' title='bbox 2155 3827 2348 3883; x_wconf 89' lang='lat' dir='ltr'><strong>nempe</strong></span> <span class='ocrx_word' id='word_1_547' title='bbox 2373 3812 2578 3882; x_wconf 80' lang='lat' dir='ltr'><strong>Aprilis</strong></span> <span class='ocrx_word' id='word_1_548' title='bbox 2600 3826 2700 3866; x_wconf 82' lang='lat' dir='ltr'><strong>xu.</strong></span> 
     </span>
    </p>
   </div>
   <div class='ocr_carea' id='block_1_76' title="bbox 313 3898 3536 3984">
    <p class='ocr_par' dir='ltr' id='par_1_76' title="bbox 313 3898 3536 3984">
     <span class='ocr_line' id='line_1_76' title="bbox 313 3898 3536 3984; baseline -0.006 -16"><span class='ocrx_word' id='word_1_549' title='bbox 313 3913 546 3984; x_wconf 87' lang='grc' dir='ltr'>σκευὴν,</span> <span class='ocrx_word' id='word_1_550' title='bbox 583 3909 775 3983; x_wconf 70' lang='grc' dir='ltr'>ἕξομεν</span> <span class='ocrx_word' id='word_1_551' title='bbox 802 3910 896 3962; x_wconf 80' lang='grc' dir='ltr'>καὶ</span> <span class='ocrx_word' id='word_1_552' title='bbox 939 3908 1002 3961; x_wconf 84' lang='grc' dir='ltr'>τὸ</span> <span class='ocrx_word' id='word_1_553' title='bbox 1038 3907 1159 3963; x_wconf 88' lang='grc' dir='ltr'>καθ’</span> <span class='ocrx_word' id='word_1_554' title='bbox 1185 3908 1331 3979; x_wconf 77' lang='grc' dir='ltr'>ἡμᾶς</span> <span class='ocrx_word' id='word_1_555' title='bbox 1377 3905 1528 3975; x_wconf 73' lang='grc' dir='ltr'>ἅγιον</span> <span class='ocrx_word' id='word_1_556' title='bbox 1567 3905 1758 3976; x_wconf 89' lang='grc' dir='ltr'><strong>Πάσχα</strong></span> <span class='ocrx_word' id='word_1_557' title='bbox 1794 3907 1860 3976; x_wconf 80' lang='grc' dir='ltr'>τῇ</span> <span class='ocrx_word' id='word_1_558' title='bbox 1898 3902 2095 3975; x_wconf 77' lang='grc' dir='ltr'>ἐφεξῆς</span> <span class='ocrx_word' id='word_1_559' title='bbox 2118 3903 2369 3974; x_wconf 70' lang='grc' dir='ltr'>κυριακῇ</span> <span class='ocrx_word' id='word_1_560' title='bbox 2398 3901 2735 3973; x_wconf 86' lang='grc' dir='ltr'>τελούμενον,</span> <span class='ocrx_word' id='word_1_561' title='bbox 2769 3902 2935 3971; x_wconf 82' lang='grc' dir='ltr'>ἡγουν</span> <span class='ocrx_word' id='word_1_562' title='bbox 2981 3904 3047 3973; x_wconf 86' lang='grc' dir='ltr'><strong>τῇ</strong></span> <span class='ocrx_word' id='word_1_563' title='bbox 3084 3900 3149 3971; x_wconf 87' lang='grc' dir='ltr'>ιβ’</span> <span class='ocrx_word' id='word_1_564' title='bbox 3194 3898 3289 3954; x_wconf 77' lang='grc' dir='ltr'><strong>τοῦ</strong></span> <span class='ocrx_word' id='word_1_565' title='bbox 3348 3898 3536 3970; x_wconf 81' lang='grc' dir='ltr'>’Δπρι-</span> 
     </span>
    </p>
   </div>
   <div class='ocr_carea' id='block_1_77' title="bbox 312 4004 650 4077">
    <p class='ocr_par' dir='ltr' id='par_1_77' title="bbox 312 4004 650 4077">
     <span class='ocr_line' id='line_1_77' title="bbox 312 4004 650 4077; baseline -0.006 -18"><span class='ocrx_word' id='word_1_566' title='bbox 312 4006 430 4060; x_wconf 86' lang='grc' dir='ltr'>λίου</span> <span class='ocrx_word' id='word_1_567' title='bbox 463 4004 650 4077; x_wconf 87' lang='grc' dir='ltr'>μηνός.</span> 
     </span>
    </p>
   </div>
   <div class='ocr_carea' id='block_1_78' title="bbox 408 4118 1774 4193">
    <p class='ocr_par' dir='ltr' id='par_1_78' title="bbox 408 4118 1774 4193">
     <span class='ocr_line' id='line_1_78' title="bbox 408 4118 1774 4193; baseline 0 -15"><span class='ocrx_word' id='word_1_568' title='bbox 408 4124 547 4193; x_wconf 79' lang='grc' dir='ltr'>Περὶ</span> <span class='ocrx_word' id='word_1_569' title='bbox 576 4122 685 4192; x_wconf 83' lang='grc' dir='ltr'>τῆς</span> <span class='ocrx_word' id='word_1_570' title='bbox 711 4122 997 4191; x_wconf 81' lang='grc' dir='ltr'>νηστείας</span> <span class='ocrx_word' id='word_1_571' title='bbox 1021 4118 1140 4175; x_wconf 82' lang='grc' dir='ltr'>τῶν</span> <span class='ocrx_word' id='word_1_572' title='bbox 1167 4120 1352 4191; x_wconf 78' lang='grc' dir='ltr'>ἁγίων</span> <span class='ocrx_word' id='word_1_573' title='bbox 1374 4122 1774 4179; x_wconf 69' lang='grc' dir='ltr'><strong>Ἀσίου-τύλων.</strong></span> 
     </span>
    </p>
   </div>
   <div class='ocr_carea' id='block_1_79' title="bbox 383 4230 1876 4305">
    <p class='ocr_par' dir='ltr' id='par_1_79' title="bbox 383 4230 1876 4305">
     <span class='ocr_line' id='line_1_79' title="bbox 383 4230 1876 4305; baseline -0.003 -16"><span class='ocrx_word' id='word_1_574' title='bbox 383 4235 485 4289; x_wconf 84' lang='grc' dir='ltr'><strong>ΙΕ’.</strong></span> <span class='ocrx_word' id='word_1_575' title='bbox 524 4234 648 4287; x_wconf 74' lang='grc' dir='ltr'>Ἐπὶ</span> <span class='ocrx_word' id='word_1_576' title='bbox 670 4231 876 4295; x_wconf 90' lang='grc' dir='ltr'>τούτοις</span> <span class='ocrx_word' id='word_1_577' title='bbox 898 4232 1137 4301; x_wconf 72' lang='grc' dir='ltr'>καὶπερὶ</span> <span class='ocrx_word' id='word_1_578' title='bbox 1158 4232 1256 4302; x_wconf 80' lang='grc' dir='ltr'>τῆς</span> <span class='ocrx_word' id='word_1_579' title='bbox 1281 4230 1386 4302; x_wconf 78' lang='grc' dir='ltr'>πρὸ</span> <span class='ocrx_word' id='word_1_580' title='bbox 1409 4232 1507 4303; x_wconf 70' lang='grc' dir='ltr'>τῆς</span> <span class='ocrx_word' id='word_1_581' title='bbox 1532 4233 1749 4305; x_wconf 88' lang='grc' dir='ltr'>μνήμης</span> <span class='ocrx_word' id='word_1_582' title='bbox 1768 4232 1876 4285; x_wconf 84' lang='grc' dir='ltr'><strong>τῶν</strong></span> 
     </span>
    </p>
   </div>
   <div class='ocr_carea' id='block_1_80' title="bbox 315 4322 1878 4396">
    <p class='ocr_par' dir='ltr' id='par_1_80' title="bbox 315 4322 1878 4396">
     <span class='ocr_line' id='line_1_80' title="bbox 315 4322 1878 4396; baseline -0.003 -14"><span class='ocrx_word' id='word_1_583' title='bbox 315 4327 486 4396; x_wconf 84' lang='grc' dir='ltr'>ἁγίων</span> <span class='ocrx_word' id='word_1_584' title='bbox 521 4323 853 4378; x_wconf 84' lang='grc' dir='ltr'>Ἀποστόλων</span> <span class='ocrx_word' id='word_1_585' title='bbox 868 4322 1193 4392; x_wconf 85' lang='grc' dir='ltr'>τελουμένης</span> <span class='ocrx_word' id='word_1_586' title='bbox 1218 4322 1465 4392; x_wconf 76' lang='grc' dir='ltr'>νηστείας</span> <span class='ocrx_word' id='word_1_587' title='bbox 1483 4323 1700 4395; x_wconf 83' lang='grc' dir='ltr'>μέθοδον</span> <span class='ocrx_word' id='word_1_588' title='bbox 1722 4324 1878 4396; x_wconf 79' lang='grc' dir='ltr'>ἐκθή-</span> 
     </span>
    </p>
   </div>
   <div class='ocr_carea' id='block_1_81' title="bbox 2218 4111 3270 4183">
    <p class='ocr_par' dir='ltr' id='par_1_81' title="bbox 2218 4111 3270 4183">
     <span class='ocr_line' id='line_1_81' title="bbox 2218 4111 3270 4183; baseline 0.002 -18"><span class='ocrx_word' id='word_1_589' title='bbox 2218 4111 2297 4166; x_wconf 85' lang='lat' dir='ltr'><strong>De</strong></span> <span class='ocrx_word' id='word_1_590' title='bbox 2314 4112 2518 4183; x_wconf 77' lang='lat' dir='ltr'><strong>jejunio</strong></span> <span class='ocrx_word' id='word_1_591' title='bbox 2543 4122 2844 4166; x_wconf 79' lang='lat' dir='ltr'><strong>sanctorum</strong></span> <span class='ocrx_word' id='word_1_592' title='bbox 2881 4112 3270 4181; x_wconf 74' lang='lat' dir='ltr'><strong>Apostolorum.</strong></span> 
     </span>
    </p>
   </div>
   <div class='ocr_carea' id='block_1_82' title="bbox 1957 4217 3537 4297">
    <p class='ocr_par' dir='ltr' id='par_1_82' title="bbox 1957 4217 3537 4297">
     <span class='ocr_line' id='line_1_82' title="bbox 1957 4217 3537 4297; baseline 0.001 -15"><span class='ocrx_word' id='word_1_593' title='bbox 1957 4217 1964 4225; x_wconf 79' lang='grc'><strong>’</strong></span> <span class='ocrx_word' id='word_1_594' title='bbox 2051 4226 2166 4283; x_wconf 79' lang='lat' dir='ltr'><strong>XV.</strong></span> <span class='ocrx_word' id='word_1_595' title='bbox 2190 4227 2318 4283; x_wconf 88' lang='lat' dir='ltr'><strong>Post</strong></span> <span class='ocrx_word' id='word_1_596' title='bbox 2337 4226 2660 4297; x_wconf 59' lang='lat' dir='ltr'><strong>hacjejunii</strong></span> <span class='ocrx_word' id='word_1_597' title='bbox 2688 4242 2924 4297; x_wconf 84' lang='lat' dir='ltr'><strong>quoque,</strong></span> <span class='ocrx_word' id='word_1_598' title='bbox 2956 4226 3101 4297; x_wconf 89' lang='lat' dir='ltr'><strong>quod</strong></span> <span class='ocrx_word' id='word_1_599' title='bbox 3134 4234 3260 4282; x_wconf 90' lang='lat' dir='ltr'><strong>ante</strong></span> <span class='ocrx_word' id='word_1_600' title='bbox 3319 4234 3537 4283; x_wconf 67' lang='lat' dir='ltr'><strong>sancto-</strong></span> 
     </span>
    </p>
   </div>
   <div class='ocr_carea' id='block_1_83' title="bbox 1979 4318 3539 4392">
    <p class='ocr_par' dir='ltr' id='par_1_83' title="bbox 1979 4318 3539 4392">
     <span class='ocr_line' id='line_1_83' title="bbox 1979 4318 3539 4392; baseline -0.003 -16"><span class='ocrx_word' id='word_1_601' title='bbox 1979 4336 2099 4376; x_wconf 87' lang='lat' dir='ltr'><strong>rum</strong></span> <span class='ocrx_word' id='word_1_602' title='bbox 2128 4321 2496 4392; x_wconf 89' lang='lat' dir='ltr'><strong>apostolorum</strong></span> <span class='ocrx_word' id='word_1_603' title='bbox 2527 4319 2842 4373; x_wconf 89' lang='lat' dir='ltr'><strong>memoriam</strong></span> <span class='ocrx_word' id='word_1_604' title='bbox 2874 4319 3073 4390; x_wconf 77' lang='lat' dir='ltr'><strong>agitur,</strong></span> <span class='ocrx_word' id='word_1_605' title='bbox 3107 4318 3417 4373; x_wconf 86' lang='lat' dir='ltr'><strong>methodum</strong></span> <span class='ocrx_word' id='word_1_606' title='bbox 3444 4334 3539 4374; x_wconf 79' lang='lat' dir='ltr'><strong>ex-</strong></span> 
     </span>
    </p>
   </div>
   <div class='ocr_carea' id='block_1_84' title="bbox 314 4411 1879 4512">
    <p class='ocr_par' dir='ltr' id='par_1_84' title="bbox 314 4413 1873 4487">
     <span class='ocr_line' id='line_1_84' title="bbox 314 4413 1873 4487; baseline 0 -17"><span class='ocrx_word' id='word_1_607' title='bbox 314 4432 479 4487; x_wconf 80' lang='grc' dir='ltr'>σομεν</span> <span class='ocrx_word' id='word_1_608' title='bbox 510 4415 597 4469; x_wconf 80' lang='grc' dir='ltr'><strong>διὰ</strong></span> <span class='ocrx_word' id='word_1_609' title='bbox 624 4413 986 4484; x_wconf 86' lang='grc' dir='ltr'>λογικωτέρας</span> <span class='ocrx_word' id='word_1_610' title='bbox 1028 4413 1371 4477; x_wconf 80' lang='grc' dir='ltr'>ἀποδείξεως,</span> <span class='ocrx_word' id='word_1_611' title='bbox 1415 4413 1641 4484; x_wconf 83' lang='grc' dir='ltr'>ἔχουσαν</span> <span class='ocrx_word' id='word_1_612' title='bbox 1683 4413 1873 4479; x_wconf 74' lang='grc' dir='ltr'>οὕτως.</span> 
     </span>
    </p>
   </div>
   <div class='ocr_carea' id='block_1_85' title="bbox 1975 4411 3539 4512">
    <p class='ocr_par' dir='ltr' id='par_1_85' title="bbox 1981 4411 3539 4484">
     <span class='ocr_line' id='line_1_85' title="bbox 1981 4411 3539 4484; baseline -0.001 -16"><span class='ocrx_word' id='word_1_613' title='bbox 1981 4429 2250 4484; x_wconf 89' lang='lat' dir='ltr'><strong>ponemus</strong></span> <span class='ocrx_word' id='word_1_614' title='bbox 2303 4413 2499 4468; x_wconf 84' lang='lat' dir='ltr'><strong>rationi</strong></span> <span class='ocrx_word' id='word_1_615' title='bbox 2549 4427 2613 4467; x_wconf 90' lang='lat' dir='ltr'><strong>ac</strong></span> <span class='ocrx_word' id='word_1_616' title='bbox 2658 4411 3104 4467; x_wconf 85' lang='lat' dir='ltr'><strong>demonstrationi</strong></span> <span class='ocrx_word' id='word_1_617' title='bbox 3149 4411 3351 4466; x_wconf 84' lang='lat' dir='ltr'><strong>certius</strong></span> <span class='ocrx_word' id='word_1_618' title='bbox 3397 4412 3539 4466; x_wconf 86' lang='lat' dir='ltr'><strong>inni-</strong></span> 
     </span>
    </p>
   </div>
   <div class='ocr_carea' id='block_1_86' title="bbox 325 4503 1878 4578">
    <p class='ocr_par' dir='ltr' id='par_1_86' title="bbox 325 4503 1878 4578">
     <span class='ocr_line' id='line_1_86' title="bbox 325 4503 1878 4578; baseline -0.001 -18"><span class='ocrx_word' id='word_1_619' title='bbox 325 4506 480 4560; x_wconf 76' lang='grc' dir='ltr'>Ἐπεὶ</span> <span class='ocrx_word' id='word_1_620' title='bbox 513 4506 606 4560; x_wconf 82' lang='grc' dir='ltr'><strong>ἀπ’</strong></span> <span class='ocrx_word' id='word_1_621' title='bbox 635 4504 804 4575; x_wconf 79' lang='grc' dir='ltr'>αὐτῆς</span> <span class='ocrx_word' id='word_1_622' title='bbox 851 4505 949 4575; x_wconf 83' lang='grc' dir='ltr'>τῆς</span> <span class='ocrx_word' id='word_1_623' title='bbox 995 4503 1155 4572; x_wconf 87' lang='grc' dir='ltr'>ἁγίας</span> <span class='ocrx_word' id='word_1_624' title='bbox 1195 4505 1289 4557; x_wconf 76' lang='grc' dir='ltr'>καὶ</span> <span class='ocrx_word' id='word_1_625' title='bbox 1320 4504 1573 4577; x_wconf 82' lang='grc' dir='ltr'>λαμπρᾶς</span> <span class='ocrx_word' id='word_1_626' title='bbox 1593 4506 1878 4578; x_wconf 83' lang='grc' dir='ltr'>Κυριακῆς</span> 
     </span>
    </p>
   </div>
   <div class='ocr_carea' id='block_1_87' title="bbox 309 4596 1880 4669">
    <p class='ocr_par' dir='ltr' id='par_1_87' title="bbox 309 4596 1880 4669">
     <span class='ocr_line' id='line_1_87' title="bbox 309 4596 1880 4669; baseline -0.002 -16"><span class='ocrx_word' id='word_1_627' title='bbox 309 4599 405 4653; x_wconf 83' lang='grc' dir='ltr'>τοῦ</span> <span class='ocrx_word' id='word_1_628' title='bbox 438 4599 627 4669; x_wconf 87' lang='grc' dir='ltr'>Πάσχα</span> <span class='ocrx_word' id='word_1_629' title='bbox 657 4598 817 4669; x_wconf 86' lang='grc' dir='ltr'>μέχρι</span> <span class='ocrx_word' id='word_1_630' title='bbox 842 4597 934 4651; x_wconf 62' lang='grc' dir='ltr'><strong>κιιι)⁵</strong></span> <span class='ocrx_word' id='word_1_631' title='bbox 956 4597 1122 4669; x_wconf 80' lang='grc' dir='ltr'>αὐτῆς</span> <span class='ocrx_word' id='word_1_632' title='bbox 1148 4598 1247 4668; x_wconf 83' lang='grc' dir='ltr'>τῆς</span> <span class='ocrx_word' id='word_1_633' title='bbox 1272 4596 1379 4651; x_wconf 80' lang='grc' dir='ltr'><strong>τῶν</strong></span> <span class='ocrx_word' id='word_1_634' title='bbox 1415 4598 1584 4667; x_wconf 85' lang='grc' dir='ltr'>ἁγίων</span> <span class='ocrx_word' id='word_1_635' title='bbox 1627 4597 1880 4652; x_wconf 81' lang='grc' dir='ltr'>Ἀποστό-</span> 
     </span>
    </p>
   </div>
   <div class='ocr_carea' id='block_1_88' title="bbox 311 4686 1882 4762">
    <p class='ocr_par' dir='ltr' id='par_1_88' title="bbox 311 4686 1882 4762">
     <span class='ocr_line' id='line_1_88' title="bbox 311 4686 1882 4762; baseline -0.004 -18"><span class='ocrx_word' id='word_1_636' title='bbox 311 4691 418 4744; x_wconf 89' lang='grc' dir='ltr'><strong>λων</strong></span> <span class='ocrx_word' id='word_1_637' title='bbox 437 4692 737 4762; x_wconf 82' lang='grc' dir='ltr'>Κυριακῆς,</span> <span class='ocrx_word' id='word_1_638' title='bbox 760 4689 825 4760; x_wconf 80' lang='grc' dir='ltr'>ἢν</span> <span class='ocrx_word' id='word_1_639' title='bbox 844 4689 936 4741; x_wconf 61' lang='grc' dir='ltr'><strong>καί⁸</strong></span> <span class='ocrx_word' id='word_1_640' title='bbox 960 4686 1214 4759; x_wconf 85' lang='grc' dir='ltr'>ἀπόκρεω</span> <span class='ocrx_word' id='word_1_641' title='bbox 1235 4686 1490 4757; x_wconf 77' lang='grc' dir='ltr'>ποιοῦμεν</span> <span class='ocrx_word' id='word_1_642' title='bbox 1511 4687 1597 4741; x_wconf 81' lang='grc' dir='ltr'><strong>διὰ</strong></span> <span class='ocrx_word' id='word_1_643' title='bbox 1619 4688 1717 4760; x_wconf 81' lang='grc' dir='ltr'>τὴν</span> <span class='ocrx_word' id='word_1_644' title='bbox 1739 4690 1882 4759; x_wconf 77' lang='grc' dir='ltr'>εἰρη-</span> 
     </span>
    </p>
   </div>
   <div class='ocr_carea' id='block_1_89' title="bbox 314 4780 1878 4855">
    <p class='ocr_par' dir='ltr' id='par_1_89' title="bbox 314 4780 1878 4855">
     <span class='ocr_line' id='line_1_89' title="bbox 314 4780 1878 4855; baseline 0 -20"><span class='ocrx_word' id='word_1_645' title='bbox 314 4784 480 4855; x_wconf 83' lang='grc' dir='ltr'>μένην</span> <span class='ocrx_word' id='word_1_646' title='bbox 503 4782 612 4836; x_wconf 83' lang='grc' dir='ltr'>τῶν</span> <span class='ocrx_word' id='word_1_647' title='bbox 655 4782 822 4850; x_wconf 81' lang='grc' dir='ltr'>ἁγίων</span> <span class='ocrx_word' id='word_1_648' title='bbox 857 4781 1190 4836; x_wconf 86' lang='grc' dir='ltr'>Ἀποστόλων</span> <span class='ocrx_word' id='word_1_649' title='bbox 1227 4780 1496 4853; x_wconf 87' lang='grc' dir='ltr'>νηστείαν,</span> <span class='ocrx_word' id='word_1_650' title='bbox 1529 4781 1649 4834; x_wconf 86' lang='grc' dir='ltr'>ὅσαι</span> <span class='ocrx_word' id='word_1_651' title='bbox 1675 4781 1878 4852; x_wconf 82' lang='grc' dir='ltr'>ἡμέραι</span> 
     </span>
    </p>
   </div>
   <div class='ocr_carea' id='block_1_90' title="bbox 308 4871 1878 4944">
    <p class='ocr_par' dir='ltr' id='par_1_90' title="bbox 308 4871 1878 4944">
     <span class='ocr_line' id='line_1_90' title="bbox 308 4871 1878 4944; baseline -0.002 -16"><span class='ocrx_word' id='word_1_652' title='bbox 308 4876 449 4928; x_wconf 69' lang='grc' dir='ltr'>εἰσιν</span> <span class='ocrx_word' id='word_1_653' title='bbox 478 4874 605 4943; x_wconf 76' lang='grc' dir='ltr'>(εἰσὶ</span> <span class='ocrx_word' id='word_1_654' title='bbox 636 4873 693 4926; x_wconf 78' lang='grc' dir='ltr'>δὲ</span> <span class='ocrx_word' id='word_1_655' title='bbox 726 4872 854 4944; x_wconf 80' lang='grc' dir='ltr'>νζ’),</span> <span class='ocrx_word' id='word_1_656' title='bbox 890 4872 1143 4927; x_wconf 81' lang='grc' dir='ltr'>τοσαῦταί</span> <span class='ocrx_word' id='word_1_657' title='bbox 1180 4874 1283 4925; x_wconf 85' lang='grc' dir='ltr'>είσι</span> <span class='ocrx_word' id='word_1_658' title='bbox 1309 4871 1399 4926; x_wconf 81' lang='grc' dir='ltr'>καὶ</span> <span class='ocrx_word' id='word_1_659' title='bbox 1428 4871 1535 4925; x_wconf 82' lang='grc' dir='ltr'><strong>ἀπὸ</strong></span> <span class='ocrx_word' id='word_1_660' title='bbox 1561 4873 1659 4943; x_wconf 80' lang='grc' dir='ltr'>τῆς</span> <span class='ocrx_word' id='word_1_661' title='bbox 1688 4873 1878 4944; x_wconf 85' lang='grc' dir='ltr'>τρίτης</span> 
     </span>
    </p>
   </div>
   <div class='ocr_carea' id='block_1_91' title="bbox 310 4962 1880 5036">
    <p class='ocr_par' dir='ltr' id='par_1_91' title="bbox 310 4962 1880 5036">
     <span class='ocr_line' id='line_1_91' title="bbox 310 4962 1880 5036; baseline -0.002 -15"><span class='ocrx_word' id='word_1_662' title='bbox 310 4967 404 5021; x_wconf 82' lang='grc' dir='ltr'>τοῦ</span> <span class='ocrx_word' id='word_1_663' title='bbox 429 4967 607 5021; x_wconf 73' lang='grc' dir='ltr'>Μαΐου</span> <span class='ocrx_word' id='word_1_664' title='bbox 637 4964 762 5036; x_wconf 84' lang='grc' dir='ltr'>ἄχρι</span> <span class='ocrx_word' id='word_1_665' title='bbox 793 4967 890 5035; x_wconf 86' lang='grc' dir='ltr'>τῆς</span> <span class='ocrx_word' id='word_1_666' title='bbox 926 4963 1013 5035; x_wconf 86' lang='grc' dir='ltr'><strong>κη’</strong></span> <span class='ocrx_word' id='word_1_667' title='bbox 1052 4963 1145 5017; x_wconf 75' lang='grc' dir='ltr'><strong>τοῦ</strong></span> <span class='ocrx_word' id='word_1_668' title='bbox 1188 4964 1424 5029; x_wconf 89' lang='grc' dir='ltr'>Ἰουνίου,</span> <span class='ocrx_word' id='word_1_669' title='bbox 1455 4962 1575 5016; x_wconf 85' lang='grc' dir='ltr'>καθ’</span> <span class='ocrx_word' id='word_1_670' title='bbox 1607 4963 1673 5036; x_wconf 77' lang='grc' dir='ltr'>ἢν</span> <span class='ocrx_word' id='word_1_671' title='bbox 1706 4964 1738 5034; x_wconf 86' lang='grc' dir='ltr'><strong>ἡ</strong></span> <span class='ocrx_word' id='word_1_672' title='bbox 1769 4980 1880 5019; x_wconf 88' lang='grc' dir='ltr'>τοι·</span> 
     </span>
    </p>
   </div>
   <div class='ocr_carea' id='block_1_92' title="bbox 310 5054 1877 5128">
    <p class='ocr_par' dir='ltr' id='par_1_92' title="bbox 310 5054 1877 5128">
     <span class='ocr_line' id='line_1_92' title="bbox 310 5054 1877 5128; baseline -0.001 -18"><span class='ocrx_word' id='word_1_673' title='bbox 310 5057 449 5128; x_wconf 89' lang='grc' dir='ltr'>αύτη</span> <span class='ocrx_word' id='word_1_674' title='bbox 482 5056 700 5128; x_wconf 89' lang='grc' dir='ltr'>συμπλη</span> <span class='ocrx_word' id='word_1_675' title='bbox 710 5055 892 5127; x_wconf 82' lang='grc' dir='ltr'>ροῦται</span> <span class='ocrx_word' id='word_1_676' title='bbox 912 5055 1150 5126; x_wconf 78' lang='grc' dir='ltr'><strong>νηστεία⁸</strong></span> <span class='ocrx_word' id='word_1_677' title='bbox 1176 5054 1270 5109; x_wconf 83' lang='grc' dir='ltr'><strong>ἐὰν</strong></span> <span class='ocrx_word' id='word_1_678' title='bbox 1291 5054 1458 5117; x_wconf 79' lang='grc' dir='ltr'>αὐτὰς</span> <span class='ocrx_word' id='word_1_679' title='bbox 1482 5056 1576 5109; x_wconf 84' lang='grc' dir='ltr'>ἀπ’</span> <span class='ocrx_word' id='word_1_680' title='bbox 1593 5056 1758 5127; x_wconf 84' lang='grc' dir='ltr'>αὐτῆς</span> <span class='ocrx_word' id='word_1_681' title='bbox 1779 5056 1877 5126; x_wconf 77' lang='grc' dir='ltr'>τῆς</span> 
     </span>
    </p>
   </div>
   <div class='ocr_carea' id='block_1_93' title="bbox 309 5146 1877 5220">
    <p class='ocr_par' dir='ltr' id='par_1_93' title="bbox 309 5146 1877 5220">
     <span class='ocr_line' id='line_1_93' title="bbox 309 5146 1877 5220; baseline -0.003 -18"><span class='ocrx_word' id='word_1_682' title='bbox 309 5149 499 5220; x_wconf 85' lang='grc' dir='ltr'>τρίτης</span> <span class='ocrx_word' id='word_1_683' title='bbox 522 5147 615 5201; x_wconf 81' lang='grc' dir='ltr'>τοῦ</span> <span class='ocrx_word' id='word_1_684' title='bbox 629 5147 805 5201; x_wconf 75' lang='grc' dir='ltr'>Μαΐου</span> <span class='ocrx_word' id='word_1_685' title='bbox 828 5147 952 5218; x_wconf 79' lang='grc' dir='ltr'>ἄχρι</span> <span class='ocrx_word' id='word_1_686' title='bbox 978 5147 1079 5217; x_wconf 81' lang='grc' dir='ltr'>τῆς</span> <span class='ocrx_word' id='word_1_687' title='bbox 1097 5146 1380 5219; x_wconf 81' lang='grc' dir='ltr'>Κυριακῆς</span> <span class='ocrx_word' id='word_1_688' title='bbox 1403 5146 1509 5199; x_wconf 83' lang='grc' dir='ltr'><strong>τῶν</strong></span> <span class='ocrx_word' id='word_1_689' title='bbox 1522 5146 1715 5215; x_wconf 81' lang='grc' dir='ltr'>Ἀγίων</span> <span class='ocrx_word' id='word_1_690' title='bbox 1744 5146 1877 5200; x_wconf 78' lang='grc' dir='ltr'>πάνο</span> 
     </span>
    </p>
   </div>
   <div class='ocr_carea' id='block_1_94' title="bbox 311 5238 1875 5309">
    <p class='ocr_par' dir='ltr' id='par_1_94' title="bbox 311 5238 1875 5309">
     <span class='ocr_line' id='line_1_94' title="bbox 311 5238 1875 5309; baseline -0.002 -15"><span class='ocrx_word' id='word_1_691' title='bbox 311 5258 419 5294; x_wconf 87' lang='grc' dir='ltr'><strong>των</strong></span> <span class='ocrx_word' id='word_1_692' title='bbox 444 5240 625 5303; x_wconf 83' lang='grc' dir='ltr'>κοινὰς</span> <span class='ocrx_word' id='word_1_693' title='bbox 644 5238 808 5302; x_wconf 71' lang='grc' dir='ltr'>οὔσας</span> <span class='ocrx_word' id='word_1_694' title='bbox 827 5238 1132 5309; x_wconf 82' lang='grc' dir='ltr'>ἀφέλωμεν,</span> <span class='ocrx_word' id='word_1_695' title='bbox 1162 5238 1260 5302; x_wconf 78' lang='grc' dir='ltr'>τὰς</span> <span class='ocrx_word' id='word_1_696' title='bbox 1290 5238 1754 5309; x_wconf 85' lang='grc' dir='ltr'>καταλειφθείσας,</span> <span class='ocrx_word' id='word_1_697' title='bbox 1776 5239 1875 5302; x_wconf 85' lang='grc' dir='ltr'><strong>τάς</strong></span> 
     </span>
    </p>
   </div>
   <div class='ocr_carea' id='block_1_95' title="bbox 309 5329 1874 5403">
    <p class='ocr_par' dir='ltr' id='par_1_95' title="bbox 309 5329 1874 5403">
     <span class='ocr_line' id='line_1_95' title="bbox 309 5329 1874 5403; baseline -0.001 -19"><span class='ocrx_word' id='word_1_698' title='bbox 309 5349 365 5384; x_wconf 86' lang='grc' dir='ltr'><strong>τε</strong></span> <span class='ocrx_word' id='word_1_699' title='bbox 383 5330 619 5403; x_wconf 86' lang='grc' dir='ltr'>δηλονότι</span> <span class='ocrx_word' id='word_1_700' title='bbox 635 5333 727 5385; x_wconf 86' lang='grc' dir='ltr'><strong>ἀπ’</strong></span> <span class='ocrx_word' id='word_1_701' title='bbox 750 5330 915 5399; x_wconf 70' lang='grc' dir='ltr'>αὐτῆς</span> <span class='ocrx_word' id='word_1_702' title='bbox 929 5329 1031 5397; x_wconf 81' lang='grc' dir='ltr'>τῆς</span> <span class='ocrx_word' id='word_1_703' title='bbox 1041 5329 1587 5401; x_wconf 77' lang='grc' dir='ltr'>λαμπρᾶςΚυριακῆς</span> <span class='ocrx_word' id='word_1_704' title='bbox 1606 5329 1765 5402; x_wconf 86' lang='grc' dir='ltr'>μέχρι</span> <span class='ocrx_word' id='word_1_705' title='bbox 1780 5329 1874 5383; x_wconf 73' lang='grc' dir='ltr'>καὶ</span> 
     </span>
    </p>
   </div>
   <div class='ocr_carea' id='block_1_96' title="bbox 309 5420 1875 5493">
    <p class='ocr_par' dir='ltr' id='par_1_96' title="bbox 309 5420 1875 5493">
     <span class='ocr_line' id='line_1_96' title="bbox 309 5420 1875 5493; baseline 0.001 -21"><span class='ocrx_word' id='word_1_706' title='bbox 309 5420 412 5489; x_wconf 74' lang='grc' dir='ltr'>τῆς</span> <span class='ocrx_word' id='word_1_707' title='bbox 440 5421 628 5491; x_wconf 86' lang='grc' dir='ltr'>τρίτης</span> <span class='ocrx_word' id='word_1_708' title='bbox 653 5421 747 5475; x_wconf 76' lang='grc' dir='ltr'>τοῦ</span> <span class='ocrx_word' id='word_1_709' title='bbox 764 5423 957 5479; x_wconf 79' lang='grc' dir='ltr'>Μαῖου.</span> <span class='ocrx_word' id='word_1_710' title='bbox 982 5421 1187 5483; x_wconf 74' lang='grc' dir='ltr'>καὶτὰς</span> <span class='ocrx_word' id='word_1_711' title='bbox 1209 5421 1303 5473; x_wconf 79' lang='grc' dir='ltr'><strong>ἀπ’</strong></span> <span class='ocrx_word' id='word_1_712' title='bbox 1320 5420 1490 5491; x_wconf 82' lang='grc' dir='ltr'>ἀρχῆς</span> <span class='ocrx_word' id='word_1_713' title='bbox 1508 5421 1605 5490; x_wconf 84' lang='grc' dir='ltr'>τῆς</span> <span class='ocrx_word' id='word_1_714' title='bbox 1625 5421 1875 5493; x_wconf 87' lang='grc' dir='ltr'>τοιαύτης</span> 
     </span>
    </p>
   </div>
   <div class='ocr_carea' id='block_1_97' title="bbox 312 5509 1727 5584">
    <p class='ocr_par' dir='ltr' id='par_1_97' title="bbox 312 5509 1727 5584">
     <span class='ocr_line' id='line_1_97' title="bbox 312 5509 1727 5584; baseline 0.002 -21"><span class='ocrx_word' id='word_1_715' title='bbox 312 5510 561 5581; x_wconf 81' lang='grc' dir='ltr'>νηστείας</span> <span class='ocrx_word' id='word_1_716' title='bbox 585 5512 712 5584; x_wconf 76' lang='grc' dir='ltr'>ἄχρι</span> <span class='ocrx_word' id='word_1_717' title='bbox 741 5512 837 5583; x_wconf 81' lang='grc' dir='ltr'>τῆς</span> <span class='ocrx_word' id='word_1_718' title='bbox 866 5512 945 5565; x_wconf 85' lang='grc' dir='ltr'>κθ⁹</span> <span class='ocrx_word' id='word_1_719' title='bbox 967 5509 1058 5564; x_wconf 81' lang='grc' dir='ltr'><strong>τοῦ</strong></span> <span class='ocrx_word' id='word_1_720' title='bbox 1102 5510 1338 5576; x_wconf 82' lang='grc' dir='ltr'>Ἰουνίου,</span> <span class='ocrx_word' id='word_1_721' title='bbox 1374 5511 1493 5575; x_wconf 79' lang='grc' dir='ltr'>ίσας</span> <span class='ocrx_word' id='word_1_722' title='bbox 1516 5510 1727 5581; x_wconf 69' lang='grc' dir='ltr'>ἕξομεν.</span> 
     </span>
    </p>
   </div>
   <div class='ocr_carea' id='block_1_98' title="bbox 418 5648 1747 5707">
    <p class='ocr_par' dir='ltr' id='par_1_98' title="bbox 418 5648 1747 5707">
     <span class='ocr_line' id='line_1_98' title="bbox 418 5648 1747 5707; baseline 0.001 -13"><span class='ocrx_word' id='word_1_723' title='bbox 418 5650 497 5694; x_wconf 56' lang='lat' dir='ltr'><strong>Aab</strong></span> <span class='ocrx_word' id='word_1_724' title='bbox 538 5656 702 5705; x_wconf 64' lang='grc' dir='ltr'>λαμπρᾶς</span> <span class='ocrx_word' id='word_1_725' title='bbox 764 5648 843 5697; x_wconf 62' lang='lat' dir='ltr'><strong>la</strong></span> <span class='ocrx_word' id='word_1_726' title='bbox 860 5662 924 5705; x_wconf 62' lang='grc' dir='ltr'>τῆς</span> <span class='ocrx_word' id='word_1_727' title='bbox 946 5654 979 5707; x_wconf 74' lang='grc' dir='ltr'><strong>γ’</strong></span> <span class='ocrx_word' id='word_1_728' title='bbox 1004 5661 1070 5697; x_wconf 76' lang='grc' dir='ltr'>τοῦ</span> <span class='ocrx_word' id='word_1_729' title='bbox 1092 5657 1210 5696; x_wconf 61' lang='lat' dir='ltr'><strong>Maleo</strong></span> <span class='ocrx_word' id='word_1_730' title='bbox 1272 5649 1350 5697; x_wconf 69' lang='grc' dir='ltr'><strong>Ᾱτὸ</strong></span> <span class='ocrx_word' id='word_1_731' title='bbox 1437 5662 1500 5705; x_wconf 64' lang='grc' dir='ltr'><strong>γῆς</strong></span> <span class='ocrx_word' id='word_1_732' title='bbox 1565 5662 1747 5707; x_wconf 56' lang='grc' dir='ltr'>κυρίας.</span> 
     </span>
    </p>
   </div>
   <div class='ocr_carea' id='block_1_99' title="bbox 365 5718 1069 5775">
    <p class='ocr_par' dir='ltr' id='par_1_99' title="bbox 365 5718 1069 5775">
     <span class='ocr_line' id='line_1_99' title="bbox 365 5718 1069 5775; baseline 0 -19"><span class='ocrx_word' id='word_1_733' title='bbox 365 5719 592 5763; x_wconf 68' lang='grc' dir='ltr'>Ᾱιυριιιῆς</span> <span class='ocrx_word' id='word_1_734' title='bbox 633 5720 695 5766; x_wconf 69' lang='grc' dir='ltr'>ἕως</span> <span class='ocrx_word' id='word_1_735' title='bbox 718 5718 818 5764; x_wconf 60' lang='lat' dir='ltr'><strong>Bia;</strong></span> <span class='ocrx_word' id='word_1_736' title='bbox 881 5725 945 5775; x_wconf 58' lang='grc' dir='ltr'>τῆς</span> <span class='ocrx_word' id='word_1_737' title='bbox 1016 5724 1069 5775; x_wconf 45' lang='lat' dir='ltr'><strong>.K&#39;.</strong></span> 
     </span>
    </p>
   </div>
   <div class='ocr_carea' id='block_1_100' title="bbox 420 5773 1196 5833">
    <p class='ocr_par' dir='ltr' id='par_1_100' title="bbox 420 5773 1196 5833">
     <span class='ocr_line' id='line_1_100' title="bbox 420 5773 1196 5833; baseline 0.005 -16"><span class='ocrx_word' id='word_1_738' title='bbox 420 5778 540 5825; x_wconf 60' lang='grc' dir='ltr'>κείω</span> <span class='ocrx_word' id='word_1_739' title='bbox 567 5780 610 5830; x_wconf 58' lang='grc' dir='ltr'>γ’.</span> <span class='ocrx_word' id='word_1_740' title='bbox 769 5787 837 5824; x_wconf 67' lang='lat' dir='ltr'><strong>tiri</strong></span> <span class='ocrx_word' id='word_1_741' title='bbox 880 5773 994 5833; x_wconf 66' lang='grc' dir='ltr'>Ᾱτίυν</span> <span class='ocrx_word' id='word_1_742' title='bbox 1018 5773 1196 5822; x_wconf 60' lang='grc' dir='ltr'>τάντίον.</span> 
     </span>
    </p>
   </div>
   <div class='ocr_carea' id='block_1_101' title="bbox 1980 4502 3540 4576">
    <p class='ocr_par' dir='ltr' id='par_1_101' title="bbox 1980 4502 3540 4576">
     <span class='ocr_line' id='line_1_101' title="bbox 1980 4502 3540 4576; baseline 0.001 -17"><span class='ocrx_word' id='word_1_743' title='bbox 1980 4521 2125 4561; x_wconf 80' lang='lat' dir='ltr'><strong>xam.</strong></span> <span class='ocrx_word' id='word_1_744' title='bbox 2159 4507 2293 4561; x_wconf 82' lang='lat' dir='ltr'><strong>Cum</strong></span> <span class='ocrx_word' id='word_1_745' title='bbox 2323 4507 2464 4561; x_wconf 89' lang='lat' dir='ltr'><strong>enim</strong></span> <span class='ocrx_word' id='word_1_746' title='bbox 2501 4521 2531 4559; x_wconf 91' lang='lat' dir='ltr'><strong>a</strong></span> <span class='ocrx_word' id='word_1_747' title='bbox 2558 4512 2745 4560; x_wconf 89' lang='lat' dir='ltr'><strong>sancta</strong></span> <span class='ocrx_word' id='word_1_748' title='bbox 2775 4513 2827 4559; x_wconf 92' lang='lat' dir='ltr'><strong>et</strong></span> <span class='ocrx_word' id='word_1_749' title='bbox 2867 4512 3093 4576; x_wconf 80' lang='lat' dir='ltr'><strong>augusta</strong></span> <span class='ocrx_word' id='word_1_750' title='bbox 3112 4502 3388 4560; x_wconf 82' lang='lat' dir='ltr'><strong>Paschatis</strong></span> <span class='ocrx_word' id='word_1_751' title='bbox 3435 4505 3540 4560; x_wconf 84' lang='lat' dir='ltr'><strong>Do-</strong></span> 
     </span>
    </p>
   </div>
   <div class='ocr_carea' id='block_1_102' title="bbox 1980 4595 3540 4668">
    <p class='ocr_par' dir='ltr' id='par_1_102' title="bbox 1980 4595 3540 4668">
     <span class='ocr_line' id='line_1_102' title="bbox 1980 4595 3540 4668; baseline 0.001 -16"><span class='ocrx_word' id='word_1_752' title='bbox 1980 4597 2202 4666; x_wconf 89' lang='lat' dir='ltr'><strong>minica,</strong></span> <span class='ocrx_word' id='word_1_753' title='bbox 2231 4598 2297 4652; x_wconf 90' lang='lat' dir='ltr'><strong>ad</strong></span> <span class='ocrx_word' id='word_1_754' title='bbox 2324 4608 2632 4654; x_wconf 87' lang='lat' dir='ltr'><strong>sanctorum</strong></span> <span class='ocrx_word' id='word_1_755' title='bbox 2653 4598 3036 4668; x_wconf 86' lang='lat' dir='ltr'><strong>Apostolorum</strong></span> <span class='ocrx_word' id='word_1_756' title='bbox 3092 4595 3451 4660; x_wconf 90' lang='lat' dir='ltr'><strong>Dominicam,</strong></span> <span class='ocrx_word' id='word_1_757' title='bbox 3483 4599 3540 4654; x_wconf 89' lang='lat' dir='ltr'><strong>in</strong></span> 
     </span>
    </p>
   </div>
   <div class='ocr_carea' id='block_1_103' title="bbox 1979 4688 3539 4762">
    <p class='ocr_par' dir='ltr' id='par_1_103' title="bbox 1979 4688 3539 4762">
     <span class='ocr_line' id='line_1_103' title="bbox 1979 4688 3539 4762; baseline -0.001 -18"><span class='ocrx_word' id='word_1_758' title='bbox 1979 4706 2085 4760; x_wconf 88' lang='lat' dir='ltr'><strong>qua</strong></span> <span class='ocrx_word' id='word_1_759' title='bbox 2136 4699 2358 4762; x_wconf 88' lang='lat' dir='ltr'><strong>propter</strong></span> <span class='ocrx_word' id='word_1_760' title='bbox 2406 4692 2623 4746; x_wconf 91' lang='lat' dir='ltr'><strong>illorum</strong></span> <span class='ocrx_word' id='word_1_761' title='bbox 2674 4690 2943 4761; x_wconf 87' lang='lat' dir='ltr'><strong>jejunium</strong></span> <span class='ocrx_word' id='word_1_762' title='bbox 3000 4688 3164 4744; x_wconf 90' lang='lat' dir='ltr'><strong>etiam</strong></span> <span class='ocrx_word' id='word_1_763' title='bbox 3208 4705 3239 4743; x_wconf 87' lang='lat' dir='ltr'><strong>a</strong></span> <span class='ocrx_word' id='word_1_764' title='bbox 3281 4690 3539 4743; x_wconf 80' lang='lat' dir='ltr'><strong>carnibus</strong></span> 
     </span>
    </p>
   </div>
   <div class='ocr_carea' id='block_1_104' title="bbox 1978 4781 3539 4852">
    <p class='ocr_par' dir='ltr' id='par_1_104' title="bbox 1978 4781 3539 4852">
     <span class='ocr_line' id='line_1_104' title="bbox 1978 4781 3539 4852; baseline 0 -17"><span class='ocrx_word' id='word_1_765' title='bbox 1978 4782 2339 4847; x_wconf 87' lang='lat' dir='ltr'><strong>abstinemus,</strong></span> <span class='ocrx_word' id='word_1_766' title='bbox 2371 4794 2503 4852; x_wconf 90' lang='lat' dir='ltr'><strong>quot</strong></span> <span class='ocrx_word' id='word_1_767' title='bbox 2532 4789 2660 4837; x_wconf 89' lang='lat' dir='ltr'><strong>sunt</strong></span> <span class='ocrx_word' id='word_1_768' title='bbox 2702 4781 2818 4836; x_wconf 89' lang='lat' dir='ltr'><strong>dies</strong></span> <span class='ocrx_word' id='word_1_769' title='bbox 2845 4781 2995 4852; x_wconf 92' lang='lat' dir='ltr'><strong>(sunt</strong></span> <span class='ocrx_word' id='word_1_770' title='bbox 3043 4790 3223 4836; x_wconf 91' lang='lat' dir='ltr'><strong>autem</strong></span> <span class='ocrx_word' id='word_1_771' title='bbox 3250 4782 3403 4851; x_wconf 77' lang='lat' dir='ltr'><strong>LVII),</strong></span> <span class='ocrx_word' id='word_1_772' title='bbox 3435 4789 3539 4835; x_wconf 83' lang='lat' dir='ltr'><strong>tot-</strong></span> 
     </span>
    </p>
   </div>
   <div class='ocr_carea' id='block_1_105' title="bbox 1976 4875 3542 4947">
    <p class='ocr_par' dir='ltr' id='par_1_105' title="bbox 1976 4875 3542 4947">
     <span class='ocr_line' id='line_1_105' title="bbox 1976 4875 3542 4947; baseline -0.001 -15"><span class='ocrx_word' id='word_1_773' title='bbox 1976 4878 2118 4932; x_wconf 88' lang='lat' dir='ltr'><strong>idem</strong></span> <span class='ocrx_word' id='word_1_774' title='bbox 2167 4894 2198 4932; x_wconf 85' lang='lat' dir='ltr'><strong>a</strong></span> <span class='ocrx_word' id='word_1_775' title='bbox 2228 4894 2288 4932; x_wconf 85' lang='grc' dir='ltr'><strong>ιιι</strong></span> <span class='ocrx_word' id='word_1_776' title='bbox 2329 4876 2454 4933; x_wconf 82' lang='lat' dir='ltr'><strong>Maii</strong></span> <span class='ocrx_word' id='word_1_777' title='bbox 2495 4877 2564 4933; x_wconf 89' lang='lat' dir='ltr'><strong>ad</strong></span> <span class='ocrx_word' id='word_1_778' title='bbox 2618 4892 2787 4931; x_wconf 80' lang='lat' dir='ltr'><strong>xxvm</strong></span> <span class='ocrx_word' id='word_1_779' title='bbox 2819 4875 2966 4931; x_wconf 85' lang='lat' dir='ltr'><strong>Junii</strong></span> <span class='ocrx_word' id='word_1_780' title='bbox 3001 4884 3281 4947; x_wconf 89' lang='lat' dir='ltr'><strong>putantur,</strong></span> <span class='ocrx_word' id='word_1_781' title='bbox 3311 4891 3420 4947; x_wconf 89' lang='lat' dir='ltr'><strong>quo</strong></span> <span class='ocrx_word' id='word_1_782' title='bbox 3450 4875 3542 4931; x_wconf 86' lang='lat' dir='ltr'><strong>dio</strong></span> 
     </span>
    </p>
   </div>
   <div class='ocr_carea' id='block_1_106' title="bbox 1972 4970 3539 5042">
    <p class='ocr_par' dir='ltr' id='par_1_106' title="bbox 1972 4970 3539 5042">
     <span class='ocr_line' id='line_1_106' title="bbox 1972 4970 3539 5042; baseline -0.003 -15"><span class='ocrx_word' id='word_1_783' title='bbox 1972 4971 2240 5042; x_wconf 84' lang='lat' dir='ltr'><strong>jejunium</strong></span> <span class='ocrx_word' id='word_1_784' title='bbox 2277 4971 2424 5027; x_wconf 88' lang='lat' dir='ltr'><strong>istud</strong></span> <span class='ocrx_word' id='word_1_785' title='bbox 2450 4970 2734 5027; x_wconf 88' lang='lat' dir='ltr'><strong>terminari</strong></span> <span class='ocrx_word' id='word_1_786' title='bbox 2768 4970 2907 5025; x_wconf 89' lang='lat' dir='ltr'><strong>solet</strong></span> <span class='ocrx_word' id='word_1_787' title='bbox 2940 4985 2954 5022; x_wconf 90' lang='lat'><strong>:</strong></span> <span class='ocrx_word' id='word_1_788' title='bbox 2988 4970 3034 5026; x_wconf 91' lang='lat' dir='ltr'><strong>si</strong></span> <span class='ocrx_word' id='word_1_789' title='bbox 3072 4986 3409 5025; x_wconf 87' lang='lat' dir='ltr'><strong>communem</strong></span> <span class='ocrx_word' id='word_1_790' title='bbox 3435 4985 3539 5024; x_wconf 78' lang='lat' dir='ltr'><strong>nu-</strong></span> 
     </span>
    </p>
   </div>
   <div class='ocr_carea' id='block_1_107' title="bbox 1976 5060 3537 5126">
    <p class='ocr_par' dir='ltr' id='par_1_107' title="bbox 1976 5060 3537 5126">
     <span class='ocr_line' id='line_1_107' title="bbox 1976 5060 3537 5126; baseline -0.003 -7"><span class='ocrx_word' id='word_1_791' title='bbox 1976 5078 2180 5119; x_wconf 91' lang='lat' dir='ltr'><strong>merum</strong></span> <span class='ocrx_word' id='word_1_792' title='bbox 2210 5063 2416 5118; x_wconf 88' lang='lat' dir='ltr'><strong>dierum</strong></span> <span class='ocrx_word' id='word_1_793' title='bbox 2442 5077 2472 5115; x_wconf 93' lang='lat' dir='ltr'><strong>a</strong></span> <span class='ocrx_word' id='word_1_794' title='bbox 2511 5078 2569 5116; x_wconf 93' lang='lat' dir='ltr'><strong>Ill</strong></span> <span class='ocrx_word' id='word_1_795' title='bbox 2590 5062 2733 5126; x_wconf 74' lang='lat' dir='ltr'><strong>Maii,</strong></span> <span class='ocrx_word' id='word_1_796' title='bbox 2758 5061 2825 5116; x_wconf 91' lang='lat' dir='ltr'><strong>ad</strong></span> <span class='ocrx_word' id='word_1_797' title='bbox 2854 5060 3183 5117; x_wconf 87' lang='lat' dir='ltr'><strong>Dominicam</strong></span> <span class='ocrx_word' id='word_1_798' title='bbox 3211 5060 3537 5117; x_wconf 88' lang='lat' dir='ltr'><strong>Sanctorum</strong></span> 
     </span>
    </p>
   </div>
   <div class='ocr_carea' id='block_1_108' title="bbox 1974 5153 3536 5226">
    <p class='ocr_par' dir='ltr' id='par_1_108' title="bbox 1974 5153 3536 5226">
     <span class='ocr_line' id='line_1_108' title="bbox 1974 5153 3536 5226; baseline -0.001 -17"><span class='ocrx_word' id='word_1_799' title='bbox 1974 5153 2213 5209; x_wconf 84' lang='lat' dir='ltr'><strong>omnium</strong></span> <span class='ocrx_word' id='word_1_800' title='bbox 2239 5154 2643 5218; x_wconf 87' lang='lat' dir='ltr'><strong>abstulerimus,</strong></span> <span class='ocrx_word' id='word_1_801' title='bbox 2663 5164 2948 5226; x_wconf 87' lang='lat' dir='ltr'><strong>utramque</strong></span> <span class='ocrx_word' id='word_1_802' title='bbox 2960 5154 3170 5211; x_wconf 91' lang='lat' dir='ltr'><strong>dierum</strong></span> <span class='ocrx_word' id='word_1_803' title='bbox 3201 5153 3536 5224; x_wconf 90' lang='lat' dir='ltr'><strong>reliquorum</strong></span> 
     </span>
    </p>
   </div>
   <div class='ocr_carea' id='block_1_109' title="bbox 1973 5243 3537 5318">
    <p class='ocr_par' dir='ltr' id='par_1_109' title="bbox 1973 5243 3537 5318">
     <span class='ocr_line' id='line_1_109' title="bbox 1973 5243 3537 5318; baseline 0.002 -18"><span class='ocrx_word' id='word_1_804' title='bbox 1973 5260 2262 5311; x_wconf 85' lang='lat' dir='ltr'><strong>summam,</strong></span> <span class='ocrx_word' id='word_1_805' title='bbox 2316 5256 2430 5301; x_wconf 89' lang='lat' dir='ltr'><strong>tam</strong></span> <span class='ocrx_word' id='word_1_806' title='bbox 2475 5245 2565 5318; x_wconf 91' lang='lat' dir='ltr'><strong>qui</strong></span> <span class='ocrx_word' id='word_1_807' title='bbox 2612 5245 2681 5300; x_wconf 88' lang='lat' dir='ltr'><strong>ab</strong></span> <span class='ocrx_word' id='word_1_808' title='bbox 2732 5256 2956 5317; x_wconf 79' lang='lat' dir='ltr'><strong>augusta</strong></span> <span class='ocrx_word' id='word_1_809' title='bbox 3006 5246 3096 5300; x_wconf 90' lang='lat' dir='ltr'><strong>illa</strong></span> <span class='ocrx_word' id='word_1_810' title='bbox 3136 5244 3417 5300; x_wconf 86' lang='lat' dir='ltr'><strong>Dominica</strong></span> <span class='ocrx_word' id='word_1_811' title='bbox 3466 5243 3537 5303; x_wconf 84' lang='lat' dir='ltr'><strong>ad</strong></span> 
     </span>
    </p>
   </div>
   <div class='ocr_carea' id='block_1_110' title="bbox 1974 5333 3533 5405">
    <p class='ocr_par' dir='ltr' id='par_1_110' title="bbox 1974 5333 3533 5405">
     <span class='ocr_line' id='line_1_110' title="bbox 1974 5333 3533 5405; baseline 0.001 -17"><span class='ocrx_word' id='word_1_812' title='bbox 1974 5349 2034 5389; x_wconf 90' lang='grc' dir='ltr'><strong>ιιι</strong></span> <span class='ocrx_word' id='word_1_813' title='bbox 2067 5333 2187 5388; x_wconf 82' lang='lat' dir='ltr'><strong>Maii</strong></span> <span class='ocrx_word' id='word_1_814' title='bbox 2213 5337 2503 5405; x_wconf 87' lang='lat' dir='ltr'><strong>pertinent,</strong></span> <span class='ocrx_word' id='word_1_815' title='bbox 2561 5350 2724 5405; x_wconf 89' lang='lat' dir='ltr'><strong>quam</strong></span> <span class='ocrx_word' id='word_1_816' title='bbox 2771 5335 2862 5405; x_wconf 87' lang='lat' dir='ltr'><strong>qui</strong></span> <span class='ocrx_word' id='word_1_817' title='bbox 2894 5337 2962 5392; x_wconf 89' lang='lat' dir='ltr'><strong>ab</strong></span> <span class='ocrx_word' id='word_1_818' title='bbox 3009 5336 3163 5391; x_wconf 90' lang='lat' dir='ltr'><strong>initio</strong></span> <span class='ocrx_word' id='word_1_819' title='bbox 3202 5335 3533 5405; x_wconf 80' lang='lat' dir='ltr'><strong>jejunioruut</strong></span> 
     </span>
    </p>
   </div>
   <div class='ocr_carea' id='block_1_111' title="bbox 1972 5424 3372 5498">
    <p class='ocr_par' dir='ltr' id='par_1_111' title="bbox 1972 5424 3372 5498">
     <span class='ocr_line' id='line_1_111' title="bbox 1972 5424 3372 5498; baseline 0.001 -17"><span class='ocrx_word' id='word_1_820' title='bbox 1972 5426 2038 5481; x_wconf 82' lang='lat' dir='ltr'><strong>ad</strong></span> <span class='ocrx_word' id='word_1_821' title='bbox 2081 5442 2205 5481; x_wconf 77' lang='lat' dir='ltr'><strong>xxix</strong></span> <span class='ocrx_word' id='word_1_822' title='bbox 2248 5424 2618 5496; x_wconf 78' lang='lat' dir='ltr'><strong>Junii,paretn</strong></span> <span class='ocrx_word' id='word_1_823' title='bbox 2654 5437 2708 5483; x_wconf 89' lang='lat' dir='ltr'><strong>et</strong></span> <span class='ocrx_word' id='word_1_824' title='bbox 2744 5428 3001 5498; x_wconf 57' lang='lat' dir='ltr'><strong>aqualem</strong></span> <span class='ocrx_word' id='word_1_825' title='bbox 3035 5428 3372 5483; x_wconf 89' lang='lat' dir='ltr'><strong>habebimus.</strong></span> 
     </span>
    </p>
   </div>
   <div class='ocr_carea' id='block_1_112' title="bbox 2110 5650 3381 5703">
    <p class='ocr_par' dir='ltr' id='par_1_112' title="bbox 2110 5650 3381 5703">
     <span class='ocr_line' id='line_1_112' title="bbox 2110 5650 3381 5703; baseline 0 -4"><span class='ocrx_word' id='word_1_826' title='bbox 2110 5666 2139 5699; x_wconf 83' lang='lat' dir='ltr'><strong>a</strong></span> <span class='ocrx_word' id='word_1_827' title='bbox 2160 5650 2410 5702; x_wconf 87' lang='lat' dir='ltr'><strong>Dominica</strong></span> <span class='ocrx_word' id='word_1_828' title='bbox 2531 5666 2557 5701; x_wconf 85' lang='lat' dir='ltr'><strong>a</strong></span> <span class='ocrx_word' id='word_1_829' title='bbox 2582 5654 2612 5701; x_wconf 83' lang='grc'><strong>5</strong></span> <span class='ocrx_word' id='word_1_830' title='bbox 2637 5653 2744 5703; x_wconf 79' lang='lat' dir='ltr'><strong>Maii</strong></span> <span class='ocrx_word' id='word_1_831' title='bbox 2769 5652 2828 5703; x_wconf 89' lang='lat' dir='ltr'><strong>ad</strong></span> <span class='ocrx_word' id='word_1_832' title='bbox 2852 5652 2949 5701; x_wconf 80' lang='lat' dir='ltr'><strong>Do-</strong></span> <span class='ocrx_word' id='word_1_833' title='bbox 3078 5665 3104 5699; x_wconf 90' lang='lat' dir='ltr'><strong>a</strong></span> <span class='ocrx_word' id='word_1_834' title='bbox 3129 5650 3381 5701; x_wconf 79' lang='lat' dir='ltr'><strong>Dominlca</strong></span> 
     </span>
    </p>
   </div>
   <div class='ocr_carea' id='block_1_113' title="bbox 2029 5710 3501 5767">
    <p class='ocr_par' dir='ltr' id='par_1_113' title="bbox 2029 5710 3501 5767">
     <span class='ocr_line' id='line_1_113' title="bbox 2029 5710 3501 5767; baseline -0.002 0"><span class='ocrx_word' id='word_1_835' title='bbox 2029 5710 2069 5767; x_wconf 79' lang='grc' dir='ltr'><strong>Δ</strong></span> <span class='ocrx_word' id='word_1_836' title='bbox 2089 5712 2290 5766; x_wconf 69' lang='lat' dir='ltr'><strong>Pascha</strong></span> <span class='ocrx_word' id='word_1_837' title='bbox 2302 5714 2408 5766; x_wconf 69' lang='grc' dir='ltr'><strong>ωδ</strong></span> <span class='ocrx_word' id='word_1_838' title='bbox 2453 5713 2494 5765; x_wconf 92' lang='grc' dir='ltr'><strong>Β</strong></span> <span class='ocrx_word' id='word_1_839' title='bbox 2537 5716 2760 5763; x_wconf 82' lang='lat' dir='ltr'><strong>miniram</strong></span> <span class='ocrx_word' id='word_1_840' title='bbox 2828 5727 2929 5763; x_wconf 85' lang='lat' dir='ltr'><strong>om-</strong></span> <span class='ocrx_word' id='word_1_841' title='bbox 2960 5712 2996 5765; x_wconf 86' lang='lat' dir='ltr'><strong>C</strong></span> <span class='ocrx_word' id='word_1_842' title='bbox 3038 5712 3326 5762; x_wconf 85' lang='lat' dir='ltr'><strong>S&#39;anctorum</strong></span> <span class='ocrx_word' id='word_1_843' title='bbox 3340 5725 3440 5761; x_wconf 83' lang='lat' dir='ltr'><strong>om-</strong></span> <span class='ocrx_word' id='word_1_844' title='bbox 3459 5711 3501 5764; x_wconf 80' lang='grc' dir='ltr'><strong>ο</strong></span> 
     </span>
    </p>
   </div>
   <div class='ocr_carea' id='block_1_114' title="bbox 2090 5772 3449 5841">
    <p class='ocr_par' dir='ltr' id='par_1_114' title="bbox 2090 5772 3449 5841">
     <span class='ocr_line' id='line_1_114' title="bbox 2090 5772 3449 5841; baseline 0 -16"><span class='ocrx_word' id='word_1_845' title='bbox 2090 5773 2203 5829; x_wconf 68' lang='lat' dir='ltr'><strong>ﬂaii</strong></span> <span class='ocrx_word' id='word_1_846' title='bbox 2520 5777 2652 5829; x_wconf 86' lang='lat' dir='ltr'><strong>nium</strong></span> <span class='ocrx_word' id='word_1_847' title='bbox 2669 5776 2952 5828; x_wconf 88' lang='lat' dir='ltr'><strong>Sanctorum</strong></span> <span class='ocrx_word' id='word_1_848' title='bbox 3030 5777 3167 5827; x_wconf 82' lang='lat' dir='ltr'><strong>nium</strong></span> <span class='ocrx_word' id='word_1_849' title='bbox 3182 5775 3242 5829; x_wconf 83' lang='lat' dir='ltr'><strong>ad</strong></span> <span class='ocrx_word' id='word_1_850' title='bbox 3258 5772 3449 5841; x_wconf 61' lang='lat' dir='ltr'><strong>zﬁjutt.</strong></span> 
     </span>
    </p>
   </div>
  </div>
