4036 6218
550 279 690 336 130⁵1

1549 285 1893 342 APPENDIX
1926 287 2016 342 AD
2049 286 2312 344 EUSEBII
2346 287 2760 349 CHRONICON.

3649 294 3772 349 1508

625 394 708 449 Sit
757 396 900 450 enim
952 397 1006 450 in
1055 397 1158 452 hoc
1198 397 1588 470 diagrammate
1621 411 1768 458 recta
1802 403 1891 458 AB
1946 406 2101 460 instat

2292 406 2470 460 Ἔστω
2497 407 2604 480 γὰρ
2634 410 2754 461 ἀντὶ
2789 407 2886 478 μὲν
2915 406 3020 460 τῶν
3049 405 3126 471 νζ*
3156 406 3381 478 ἡμερῶν
3402 407 3513 461 τῶν
3539 409 3650 462 ἀπὸ
3679 411 3774 481 τῆς

552 500 662 540 ινιι
715 485 929 540 dierum
980 488 1220 553 illorum,
1272 506 1365 560 qui
1401 505 1431 544 a
1459 489 1709 547 Paschali
1740 494 2020 551 Dominica
2049 497 2115 552 ad

559 577 899 632 Dominicam
957 588 1272 636 sanctorum
1326 584 1710 654 Apostolorum
1763 594 1817 643 et
1871 589 2114 644 omnium

553 668 883 724 Sanctorum
942 670 1209 742 interiecti
1259 683 1405 738 sunt,
1465 691 1563 746 pro
1594 693 1702 731 Lvu
1737 694 1866 734 vero
1904 680 2049 746 aliis,
2084 696 2114 734 a

553 775 614 814 ιιι
635 758 756 814 Maii
788 759 856 814 ad
885 777 1058 816 xxvm
1083 761 1252 827 Junii,
1285 764 1356 818 sit
1381 773 1531 820 recta
1557 765 1664 820 BD.
1698 767 1962 833 Quoniam
1986 785 2114 840 ergo

552 866 674 921 qua:
698 851 986 907 intervallo
1019 868 1050 906 a
1080 853 1203 908 Maii
1245 871 1326 921 ιιι,
1354 855 1421 910 ad
1438 856 1774 912 Dominicam
1801 869 2113 915 sanctorum

551 944 796 1001 omnium
832 945 1142 1015 respondet,
1192 945 1297 1012 BC,
1335 949 1641 1004 communis
1670 957 1753 1004 est
1787 965 1800 1001 :
1836 953 1882 1006 si
1913 952 1982 1006 ab
2015 967 2113 1007 ex-

550 1037 740 1091 tremis
765 1035 1064 1100 auferatur,
1103 1051 1444 1108 consequens
1489 1048 1572 1094 est
1611 1052 1814 1095 rectam
1862 1042 1973 1107 AB,
2007 1043 2112 1099 hoc

547 1134 632 1182 est
651 1127 991 1182 intervallum
1015 1143 1044 1180 a
1064 1126 1343 1185 Dominica
1371 1129 1592 1186 Paschae
1607 1132 1770 1204 zoﬁ.
1785 1132 1852 1187 ad
1878 1151 1939 1189 ιιι
1958 1134 2107 1200 Maii,

548 1219 808 1286 aequalem
830 1233 952 1274 esse
981 1227 1144 1274 rectae
1176 1219 1288 1284 CD,
1319 1222 1434 1276 sive
1467 1222 1750 1279 intervallo
1771 1239 1803 1278 a
1829 1225 2111 1282 Dominica

551 1307 878 1364 Sanctorum
900 1311 1142 1364 omnium
1177 1311 1243 1365 ad
1272 1328 1442 1367 xxvm
1469 1311 1665 1380 Junii,.
1689 1316 1743 1369 in
1781 1331 1888 1386 qua
1916 1318 2110 1388 jejunii

548 1402 815 1456 terminus
841 1409 924 1456 est
958 1417 970 1452 :
1003 1401 1223 1456 inventa
1254 1403 1342 1458 die
1367 1407 1592 1472 mensis,
1625 1408 1679 1461 in
1707 1423 1870 1478 quam
1903 1411 2108 1468 incidet

547 1491 778 1557 Pascha,
809 1493 854 1548 si
883 1492 1000 1548 dies
1025 1501 1403 1564 computemus
1429 1497 1496 1552 ab
1516 1500 1704 1553 eadem
1734 1498 2012 1558 Dominica
2040 1504 2108 1558 ad

550 1598 608 1636 ιιι
635 1582 781 1646 Maii,
817 1583 1044 1638 totidem
1096 1583 1417 1644 habebimus
1466 1596 1782 1645 sanctorum
1815 1591 2108 1663 Apostolo-

549 1689 669 1728 rum
692 1673 903 1744 jejunio
932 1675 1248 1746 praeﬁnitas.

550 1871 626 1926 De
648 1874 964 1929 correctione
995 1873 1297 1947 Paschatis,
1327 1881 1464 1936 alias
1521 1883 1586 1938 de
1614 1884 1859 1941 Iaterculi
1880 1887 2104 1958 defectu.

616 2029 637 2060 ⁸
659 2027 793 2085 XVI.
816 2030 882 2084 Et
906 2031 1020 2088 haec
1036 2035 1251 2104 quidem
1277 2038 1429 2092 satis.
1454 2040 1536 2094 Ab
1563 2040 1840 2098 hisautem
1864 2048 2107 2115 proxime

548 2125 918 2178 necessarium
945 2137 1050 2190 εει,
1082 2128 1370 2184 ostendere
1389 2145 1634 2199 causam,
1679 2149 1779 2188 cur
1810 2150 1985 2191 canon
2017 2139 2107 2195 ille

548 2211 832 2270 Paschalis
863 2233 970 2271 non
999 2225 1116 2273 tuto
1137 2219 1316 2274 editus
1340 2229 1456 2276 est:
1487 2231 1541 2277 et
1567 2231 1749 2279 utrum
1795 2227 1867 2281 ita
1898 2244 1928 2281 a
1959 2229 2107 2299 prin-

546 2306 688 2376 cipio
715 2307 895 2362 editus
919 2308 1102 2376 fuerit,
1141 2329 1346 2380 necne;
1391 2315 1516 2370 item
1538 2331 1661 2372 cum
1677 2319 1753 2374 ita
1779 2321 1870 2385 sit,
1887 2325 2105 2392 quando

544 2397 822 2468 contingat
842 2397 1049 2455 Pascha
1088 2416 1118 2454 a
1152 2404 1308 2458 nobis
1340 2405 1442 2460 rite
1482 2407 1764 2475 celebrari,
1803 2423 1858 2466 et
1885 2417 2103 2483 quando

543 2487 613 2541 ab
640 2496 827 2542 exacta
851 2489 1034 2559 regula
1064 2489 1262 2546 deﬁcit.
1282 2493 1506 2560 Horum,
1530 2513 1650 2566 qua:
1670 2499 1924 2565 diximus,
1957 2508 2103 2562 nulla

545 2579 649 2633 alia
679 2596 839 2636 causa
877 2589 980 2648 est,
1010 2593 1207 2653 praeter
1229 2601 1389 2656 quam
1420 2589 1565 2658 quod
1592 2591 1733 2645 lunae
1763 2594 1829 2647 ad
1852 2598 2101 2652 eumdem

542 2673 722 2727 locum
758 2688 854 2743 per
895 2675 1082 2731 decem
1115 2685 1167 2732 et
1203 2693 1396 2734 novem
1445 2697 1616 2738 annos
1638 2682 1910 2743 Romanos
1961 2691 2103 2745 redi-

545 2773 635 2821 tus
661 2781 770 2820 non
803 2775 992 2822 exacte
1037 2784 1066 2820 a
1099 2769 1255 2824 nobis
1285 2781 1595 2842 assumptus
1623 2783 1726 2842 est,
1752 2779 2104 2848 quemadmo-

545 2857 676 2912 dum
709 2859 764 2912 in
786 2875 1048 2929 processu
1089 2877 1184 2935 per
1216 2864 1376 2918 aliam
1433 2873 1733 2937 temporum
1789 2876 2102 2930 conversio-

542 2964 666 3003 nem
701 2952 1070 3017 ostendemus,
1130 2969 1250 3026 quae
1291 2971 1386 3024 per
1437 2971 1611 3014 annos
1644 2961 1835 3032 viginti
1861 2966 2100 3036 quinque

2214 497 2469 570 λαμπρᾶς
2491 501 2775 571 Κυριακῆς
2809 500 2936 571 ἄχρι
2975 501 3067 554 καὶ
3095 500 3204 554 τῶν
3235 502 3404 570 ἁγίων
3441 503 3772 556 Ἀποστὸλων

2215 591 2308 643 καὶ
2346 593 2559 645 πάντων
2589 591 2872 662 Κυριακῆς
2898 595 2930 663 ή
2959 593 3058 645 AB’
3099 593 3298 648 εύθεϊα⁸
3329 594 3447 648 ἀντὶ
3481 594 3536 648 δὲ
3569 595 3679 649 τῶν
3701 596 3773 660 νζ*

2211 682 2434 752 ἡμερῶν
2468 683 2726 747 ὡσαύτως
2754 684 2831 756 τῷ
2863 685 2972 738 ἀπὸ
2999 684 3097 754 τῆς
3118 685 3307 757 τρίτης
3331 686 3424 738 τοῦ
3451 688 3629 740 Μαΐου
3651 688 3773 758 ἄχρι

2213 772 2307 822 καὶ
2335 771 2434 842 τῆς
2465 771 2553 842 κη’
2584 771 2676 824 τοῦ
2722 772 2937 825 Ἰουνίου
2972 775 3004 844 ή
3033 773 3144 826 ΓΔ’.
3183 775 3291 827 Καὶ
3326 776 3447 828 ἐπεὶ
3478 778 3510 847 ἡ
3546 777 3656 830 ἀπὺ
3679 778 3772 846 τῆς

2210 861 2402 933 τρίτης
2432 862 2524 914 τοῦ
2551 863 2726 916 Μαΐου
2753 863 2878 934 ἄχρι
2910 866 3002 918 καὶ
3025 866 3124 936 τῆς
3151 868 3437 937 Κυριακῆς
3457 867 3566 920 τῶν
3581 869 3770 936 Ἀγίων

2212 951 2428 1005 πάντων
2451 955 2601 1025 κοινή
2627 955 2793 1007 ἐστιν’
2819 955 3206 1028 ἀφαιρεθείσης
3225 959 3426 1029 ταύτης
3443 960 3550 1012 τῶν
3570 961 3770 1033 ἄκρων,

2210 1042 2455 1098 λείπεται
2483 1047 2516 1116 ἡ
2539 1046 2649 1101 AI".
2674 1046 2948 1100 τουτέστιν
2982 1048 3142 1119 ήάπὺ
3167 1051 3265 1120 τῆς
3293 1049 3552 1121 λαμπρᾶς
3570 1054 3774 1124 Κυρια-

2211 1133 2311 1203 κῆς
2328 1134 2452 1205 ἀχρι
2477 1137 2568 1188 καὶ
2589 1137 2686 1206 τῆς
2704 1137 2752 1205 γ’
2779 1139 2870 1190 τοῦ
2888 1139 3084 1204 Μαΐου,
3113 1141 3199 1211 ίση
3223 1136 3361 1194 εἶναι
3387 1145 3451 1213 τῇ
3475 1143 3594 1206 BA',
3623 1161 3773 1197 τουτ-

2209 1227 2323 1280 έστι
2351 1231 2418 1297 τῇ
2443 1228 2549 1281 ἀπὸ
2576 1228 2675 1299 τῆς
2700 1229 2980 1301 Κυριακῆς
3005 1230 3112 1282 τῶν
3153 1231 3346 1300 Ἀγίων
3377 1232 3616 1297 πάντων,
3649 1235 3770 1306 ἄχρι

2209 1316 2302 1368 καὶ
2338 1317 2436 1385 τῆς
2465 1316 2549 1387 κη’
2576 1316 2670 1369 τοῦ
2714 1317 2950 1381 Ἰουνίου,
2992 1318 3115 1372 καθ’
3148 1320 3214 1390 ἥν
3251 1321 3366 1372 ἐστι
3401 1322 3460 1374 τὸ
3491 1323 3649 1386 τέλος
3675 1325 3771 1394 τῆς

2209 1407 2485 1476 νηστείας·
2511 1405 2649 1476 μετά
2676 1406 2737 1460 τὸ
2757 1409 2937 1478 εὑρεῖν
2959 1408 3057 1478 τὴν
3075 1409 3287 1480 ἡμέραν
3315 1410 3408 1463 τοῦ
3441 1413 3614 1482 μηνὸς
3654 1415 3771 1469 καθ’

2207 1499 2273 1569 ἢν
2303 1497 2452 1550 ἔσται
2483 1497 2543 1550 τὸ
2580 1497 2791 1568 Πάσχα,
2822 1499 3224 1571 ἀριθμήσαντες
3247 1501 3369 1554 ὅσαι
3400 1503 3606 1575 ἡμέραι
3641 1507 3772 1558 εἰσὶν

2207 1590 2301 1642 ἀπ’
2323 1589 2492 1660 αὐτῆς
2517 1589 2644 1661 ἄχρι
2667 1590 2762 1643 καὶ
2784 1590 2885 1660 τῆς
2910 1591 3002 1644 τοῦ
3028 1593 3204 1644 Μαΐου
3232 1594 3442 1664 τρίτης,
3465 1595 3565 1660 τὰς
3586 1599 3777 1652 τοσαύ-

2206 1696 2306 1743 τας
2331 1681 2522 1752 ἓξομεν
2551 1681 2646 1734 τοῦ
2679 1681 2915 1753 πλήθους
2950 1682 3059 1737 τῶν
3093 1685 3315 1755 ἡμερῶν
3339 1689 3439 1757 τῆς
3468 1687 3577 1741 τῶν
3607 1691 3773 1759 ἀγίων

2136 1752 2180 1807 Β
2224 1771 2557 1825 Ἀποστόλων
2585 1789 2646 1844 νη
2655 1752 2856 1838 στείας.

2209 1884 2348 1954 Περὶ
2396 1883 2524 1963 τῆς.
2547 1884 2652 1938 τοῦ
2674 1883 2907 1965 *Πάσχα
2936 1887 3344 1965 διορθώσεως,
3389 1892 3592 1961 ἄλλως
3638 1897 3770 1965 περὶ

2451 1953 2562 2022 τῆς
2599 1954 2702 2007 τοῦ
2737 1953 3518 2029 κανονίουνσφαλερὸτητος.

2277 2044 2397 2112 ις’.
2444 2045 2554 2099 Καὶ
2597 2045 2768 2100 ταῦτα
2817 2049 2914 2119 μὲν
2965 2051 3178 2114 ἱκανῶς·
3222 2053 3419 2124 ἐφεξῆς
3461 2057 3520 2108 δὲ
3563 2058 3772 2123 τούτοις

2207 2137 2497 2205 ἀναγκαῖον
2529 2139 2698 2205 δεῖξαι
2721 2141 2820 2210 τήν
2846 2157 2905 2192 τε
2931 2141 3109 2195 αίτίαν
3139 2143 3232 2196 τοῦ
3270 2146 3555 2218 σφαλερῶς
3589 2152 3768 2203 ἐκκεῖ-

2208 2226 2327 2279 σθαι
2364 2227 2426 2279 τὸ
2466 2229 2750 2299 εἰρημένον
2796 2230 2902 2283 τῶν
2933 2231 3252 2302 Πασχαλίων
3294 2236 3558 2300 κανόνιον,
3601 2241 3696 2291 καὶ
3721 2245 3770 2295 εἰ

2205 2317 2298 2371 ἀπ’
2330 2318 2503 2389 ἀρχῆς
2543 2318 2716 2382 οὕτως
2756 2318 3013 2387 ἔκκειται,
3055 2321 3164 2376 εἴτε
3207 2325 3301 2376 καὶ
3333 2327 3432 2397 μήο
3457 2326 3538 2378 ἔτι
3566 2327 3645 2392 δὲ,
3677 2330 3769 2383 καὶ

2204 2410 2373 2473 οὕτως
2407 2410 2647 2480 ἔχοντος,
2693 2411 2822 2464 πότε
2859 2413 3144 2482 συμϐαίνει
3183 2415 3356 2486 ὀρθῶς
3395 2417 3666 2472 τελεῖσθαι
3707 2425 3770 2474 τι

2203 2502 2393 2570 Πάσχα
2433 2502 2521 2571 ὑφ’
2563 2502 2739 2572 ἡμῶν·
2787 2503 2916 2554 πότε
2962 2504 3018 2557 δὲ
3049 2506 3148 2576 τῆς
3184 2505 3440 2577 ἀκριϐοῦς
3481 2510 3768 2563 ἐκπίπτειν

2201 2593 2507 2665 ὀρθότητος.
2551 2594 2615 2646 Ἦ
2655 2594 2751 2664 μὲν
2785 2590 2876 2648 οὖν
2905 2595 3052 2648 αίτία
3079 2595 3185 2648 τῶν
3215 2598 3468 2652 τοιούτων
3501 2602 3600 2654 οὐκ
3633 2602 3767 2675 άλλη

2201 2684 2282 2747 τίς
2310 2687 2483 2751 ἐστιν,
2519 2688 2565 2737 εἰ
2609 2685 2682 2756 μὴ
2717 2685 2855 2757 ὃτιη
2889 2686 2977 2740 διὰ
3001 2687 3108 2740 τῶν
3143 2689 3208 2741 ιθ⁹
3251 2689 3572 2762 Ῥωμαϊκῶν
3611 2695 3766 2758 ὲτῶν,

2201 2776 2292 2840 οὓς
2319 2778 2413 2829 καὶ
2441 2776 2786 2847 σεληνιακοὺς
2813 2779 3043 2843 κύκλους
3070 2781 3358 2853 καλοῦμεν,
3385 2785 3647 2856 γινομένη
3671 2788 3768 2858 τῆς

2202 2867 2429 2938 σελήνης
2479 2868 2943 2935 ἀποκατάστασις,
2989 2873 3095 2924 οὐκ
3138 2872 3249 2926 ἐστι
3297 2875 3434 2928 κατά
3481 2876 3544 2928 τὸ
3593 2878 3766 2948 πάντη

2198 2958 2422 3030 ἀκριϐὲς
2442 2959 2555 3030 είλη
2567 2959 2764 3030 μμένη·
2795 2962 2870 3024 ὡς
2897 2963 3173 3033 προϊόντες
3200 2965 3441 3036 δείξομεν
3472 2968 3541 3021 δι’
3576 2970 3769 3038 ἐτέρας

541 3038 891 3110 IEgyptiacos
954 3041 1032 3105 tit,
1096 3051 1150 3098 et
1205 3061 1311 3115 qua
1351 3047 1614 3105 mirabilis
1663 3050 1982 3111 Ptolemaeus
2043 3057 2097 3110 in

2202 3052 2452 3122 χρονικῆς
2480 3052 2970 3118 ἀποκαταστάσεως
3008 3056 3109 3126 τῆς
3151 3057 3238 3110 διὰ
3278 3065 3353 3111 κε’
3377 3061 3769 3128 Αἰγυπτιακῶν

541 3148 706 3202 opere
735 3136 1162 3191 coustructionis
1187 3153 1322 3193 usus
1352 3149 1454 3206 est,
1488 3140 1629 3196 facta
1657 3145 1938 3216 utriusque
1963 3162 2098 3202 con-

541 3227 810 3283 versionis
839 3228 980 3283 inter
1010 3245 1070 3284 se
1114 3233 1540 3302 comparatione.
1583 3233 1972 3305 Comparamus
2001 3256 2098 3296 au-

469 3291 489 3316 ’
542 3325 651 3372 tem
675 3324 772 3373 sic.
799 3317 1348 3376 Decemnovennalem
1374 3323 1511 3378 lunae
1536 3331 1940 3386 conversionem
1965 3349 2098 3404 qua-

542 3409 860 3477 druplamus
885 3410 1050 3480 (quod
1101 3426 1196 3480 per
1227 3412 1641 3482 quadriennium
1683 3431 1856 3476 annus
1894 3419 2093 3476 Roma-

543 3515 648 3555 nus
670 3517 735 3555 ex
755 3501 1118 3571 quadrantum
1147 3505 1465 3562 diurnorum
1499 3511 1814 3566 accessione
1840 3515 2098 3569 restitua-

541 3589 672 3659 tur).
712 3589 789 3644 lta
817 3591 948 3646 ﬁunt
972 3594 1099 3646 anni
1126 3593 1354 3649 Romani
1382 3613 1562 3652 Lxxv1.
1594 3598 1902 3670 Triplamus
1931 3604 2094 3659 etiam

541 3682 730 3737 eodem
769 3684 930 3737 modo
957 3684 1150 3755 viginti
1177 3686 1414 3757 quinque
1450 3704 1714 3744 annorum
1743 3690 2094 3764 Egyptiaco-

541 3789 662 3828 rum
703 3774 954 3843 lustrum,
985 3785 1038 3830 et
1071 3777 1199 3832 facit
1233 3794 1406 3835 annos
1433 3796 1591 3835 Lxxv.
1627 3780 1734 3836 Ηοε
1761 3799 1900 3837 Lxxv
1925 3784 2094 3858 IEgy-

541 3866 751 3936 ptiacos
805 3881 978 3924 annos
1029 3877 1222 3924 exacta
1283 3871 1423 3926 luna:
1482 3875 1756 3930 restitutio
1822 3879 2096 3953 antevenit

538 3959 810 4028 scrupulis
849 3961 1059 4016 diurnis
1124 3964 1488 4033 sexagenariis
1543 3965 1610 4029 8',
1645 3965 1762 4020 ειη.
1798 3967 1932 4034 Quia
1966 3985 2093 4026 vero

542 4065 704 4105 1.xva
736 4053 862 4105 anni
911 4051 1140 4107 Romani
1172 4071 1311 4110 Lxxv
1340 4071 1512 4112 annos
1557 4057 1905 4129 Egyptiacos
1934 4077 2094 4133 supe-

537 4152 662 4200 rant
701 4145 893 4201 diebus
925 4161 1243 4213 cccnxxnv,
1275 4149 1383 4204 illis
1413 4151 1459 4205 si
1489 4150 1850 4221 adjecerimus
1882 4157 2092 4226 portio-

537 4254 660 4292 nem
702 4239 951 4293 diurnam
987 4239 1053 4294 dc
1079 4249 1268 4295 exacta
1325 4243 1465 4298 lunae
1515 4248 1890 4311 conversione,
1939 4267 2093 4305 scru-

536 4329 665 4398 pula
689 4328 757 4394 8’,
790 4328 907 4395 ειν,
950 4335 1004 4382 et
1054 4329 1121 4384 de
1173 4331 1423 4387 conﬂatis
1468 4333 1659 4391 diebus
1717 4336 1841 4401 584,
1873 4339 1940 4406 8’,
1971 4340 2090 4408 ειη,

536 4419 927 4476 deduxerimus
950 4422 1215 4475 mensium
1248 4422 1506 4478 tredecim
1538 4425 1813 4482 lunarium
1857 4429 1970 4485 dies
2004 4447 2093 4502 ap-
2124 4451 2167 4506 ο

533 4514 794 4585 pendices
817 4515 939 4577 585,
969 4514 1070 4580 ὅδ’,
1103 4514 1199 4568 52¹⁹
1228 4535 1239 4569 :
1281 4515 1603 4573 habebimus
1657 4528 1901 4576 exactam
1951 4523 2094 4581 lunae

531 4605 954 4670 restitutionem,
987 4620 1094 4676 qua
1113 4606 1633 4664 decemnovennales
1667 4618 1903 4678 quatuor
1931 4616 2094 4672 orbes

532 4696 812 4754 Romanos
843 4700 1117 4755 antevenit
1141 4700 1412 4770 scrupulis
1439 4699 1649 4758 diurnis
1681 4704 1782 4769 Μ’,
1820 4705 1941 4770 29",
1973 4724 2093 4778 qua:

530 4790 749 4862 quidem
780 4797 863 4845 est
883 4789 1059 4859 portio
1081 4789 1186 4843 diei
1212 4790 1391 4843 minor
1422 4789 1745 4862 quadrante.
1777 4791 1885 4849 Sed
1917 4793 2091 4850 inter-

535 4897 601 4940 ea
660 4889 778 4938 esto
810 4880 1088 4952 quadrans
1120 4880 1254 4936 iere.
1310 4879 1369 4934 In
1425 4892 1660 4952 quatuor
1722 4899 1850 4956 ergo
1907 4885 2095 4944 lustris

533 4974 873 5046 septuaginta
899 4989 992 5028 sex
1020 4985 1307 5035 annorum,
1341 4973 1444 5026 hoc
1473 4979 1557 5028 est
1590 4973 1645 5028 in
1677 4977 1934 5031 trecentis
1959 4993 2093 5047 qua-

429 5068 436 5074 ⁷
530 5078 654 5124 tuor
682 5068 837 5122 annis
864 5064 1146 5128 Romanis,
1172 5080 1293 5134 qua:
1319 5079 1412 5135 per
1447 5064 1618 5122 denos
1649 5082 1892 5123 novenos
1920 5083 2092 5125 annos

529 5159 591 5215 ﬁt
624 5157 899 5214 restitutio
927 5171 1036 5212 non
1085 5165 1297 5220 exacta,
1327 5167 1547 5226 superat
1573 5159 1976 5216 exactissimam
2005 5159 2093 5214 die

532 5257 644 5298 uno
675 5241 906 5310 integro.
939 5241 1115 5311 Atque
1143 5241 1351 5296 idcirco
1381 5240 1538 5297 facile
1554 5241 1883 5313 deprehendi
1912 5252 2090 5314 potest

533 5349 798 5392 canonem
833 5333 1178 5389 deiicientem
1213 5333 1374 5389 hodie
1399 5333 1613 5390 duabus
1641 5333 1832 5392 diebus
1862 5351 1893 5391 a
1927 5337 2093 5406 pleni-

533 5429 684 5484 lunio
713 5426 924 5482 Pascha
945 5425 1160 5481 Judaici
1178 5433 1306 5481 ante
1323 5425 1408 5480 his
1448 5432 1720 5481 trecentos
1741 5436 1978 5497 quatuor
1999 5443 2090 5482 an-

529 5537 632 5577 nos
657 5521 931 5577 Romanos
969 5527 1344 5577 constructum
1399 5517 1585 5575 fuisse.
1614 5519 1820 5586 Quodsi
1849 5519 2086 5576 Pascha-

2203 3143 2338 3195 ὲτῶν
2385 3143 2525 3197 κατά
2568 3144 2627 3197 τὸ
2671 3146 3055 3217 ἀκριϐέστερον
3098 3150 3402 3220 γινομένης,
3441 3148 3587 3225 ᾗτινι
3630 3157 3768 3208 καὶὸ

2202 3235 2302 3289 θαυ
2312 3237 2504 3306 μάσιος
2527 3239 2796 3309 ἐχρήσατο
2810 3240 3137 3311 Πτολεμαῖος
3154 3243 3210 3296 ὲν
3225 3245 3289 3314 τῇ
3307 3244 3403 3314 τῆς
3417 3248 3462 3297 Σ
3463 3246 3768 3312 υντὰξεως

2201 3329 2574 3399 πραγματείᾳ,
2612 3331 2996 3401 συγκρίναντες
3026 3332 3228 3396 ταύτας
3261 3334 3537 3404 ἀλλήλαις.
3573 3337 3766 3391 Ποιού-

2204 3435 2300 3489 μεν
2328 3418 2384 3472 δὲ
2420 3419 2517 3491 τὴν
2551 3419 2835 3491 σύγκρισιν
2875 3420 3034 3474 οὕτω·
3077 3424 3628 3497 Τετραπλασιάζομεν
3670 3431 3771 3500 τὴν,

2201 3512 2706 3585 ἐννεαδεκαετηρίδα
2729 3514 2825 3584 τῆς
2846 3514 3088 3587 σελήνης,
3111 3518 3203 3570 καὶ
3223 3519 3457 3586 γίνονται
3481 3521 3766 3592 Ῥωμαϊκά

2200 3600 2293 3672 ἐτη
2326 3603 2432 3666 ος’·
2467 3603 2924 3676 τριπλασιάζομεν
2949 3607 2994 3660 δ’
3020 3607 3277 3672 ὡσαύτως
3310 3613 3399 3664 καὶ
3428 3611 3528 3682 τὴν
3568 3616 3764 3667 εἰκοσι-

2201 3695 2586 3765 πενταετηρίδα
2613 3695 2720 3748 τῶν
2745 3697 3147 3764 Αἰγυπτιακῶν,
3175 3701 3269 3752 καὶ
3295 3705 3436 3754 ποιεῖ
3455 3703 3550 3758 σε’.
3583 3704 3764 3758 Ταῦτα

2199 3783 2254 3835 δὲ
2281 3784 2349 3837 τά
2373 3784 2442 3836 οε⁹
2468 3785 2806 3853 Αἰγυπτιακά
2828 3786 2920 3858 ἔτη
2954 3789 3319 3860 προλαμϐάνει
3340 3793 3372 3862 η
3394 3793 3760 3865 ἀκριϐεστάτη

2197 3877 2295 3946 τῆς
2345 3874 2570 3947 σελήνης
2614 3879 3052 3944 ἀποκατάστασις
3099 3881 3407 3952 έξηκοστοῖς
3450 3887 3666 3956 ἡμέρας
3712 3887 3768 3958 η’

2198 3965 2317 4019 κα”,
2363 3967 2514 4020 Ἐπεὶ
2551 3967 2608 4020 δὲ
2640 3969 2735 4022 καὶ
2769 3969 2836 4022 τὰ
2877 3970 2964 4035 ος⁹
3001 3973 3280 4043 Ῥωμαϊκά
3309 3973 3402 4045 ἐτη
3435 3975 3544 4028 τῶν
3571 3986 3642 4030 σε’
3669 3980 3764 4031 Αἰ-

2197 4055 2510 4121 γυπτιακῶν
2555 4057 2907 4128 ὑπερέχουσιν
2953 4061 3184 4132 ἡμέραις
3224 4063 3360 4129 τπδ,
3407 4066 3630 4131 ταύταις
3664 4069 3764 4122 ἐάν

2198 4143 2521 4216 προσθῶμεν
2558 4147 2624 4200 τά
2663 4148 2769 4201 ἀπὸ
2805 4152 2904 4220 τῆς
2948 4150 3340 4222 ἀκριϐεστάτης
3381 4156 3758 4209 ἀποκαταστά-

2199 4249 2334 4298 σεως
2362 4235 2412 4306 η’
2443 4236 2561 4302 κα”,
2587 4237 2680 4289 καὶ
2711 4239 2818 4293 τῶν
2857 4242 3158 4311 γενομένων
3191 4243 3305 4296 τπδ’
3339 4247 3553 4316 ἡμερῶν
3577 4247 3624 4317 η’
3652 4247 3757 4300 xu."

2197 4325 2482 4396 ἀφέλωμεν
2515 4329 3035 4402 τρισκαιδεκάμηνον
3063 4334 3319 4398 ὲπουσίας
3351 4337 3570 4407 ἡμερῶν
3594 4340 3759 4410 σελή-

2198 4435 2294 4488 νης
2317 4425 2460 4486 τπγ’,
2485 4419 2586 4488 νγ’,
2605 4421 2714 4491 νβ¹’·
2746 4423 2935 4494 ἕξομεν
2963 4425 3060 4495 τὴν
3086 4427 3286 4498 ἀκριϐῆ
3319 4430 3764 4488 ἀποκατάστασιν

2194 4510 2293 4580 τῆς
2320 4511 2566 4583 σελήνης,
2603 4514 3086 4585 προλαμϐάνουσαν
3121 4518 3218 4590 τὴν
3255 4519 3340 4574 διά
3374 4523 3483 4575 τῶν
3513 4525 3760 4579 ὲννεαδε-

2194 4601 2527 4672 καετηρίδων
2555 4601 2859 4674 ὲξηκοστοῐς
2885 4605 3098 4676 ἡμέρας
3127 4608 3191 4670 o',
3224 4609 3303 4674 ιδ’,
3335 4611 3622 4686 κθ”,ἇπερ
3653 4617 3777 4681 εἰσὶ,

2198 4691 2362 4762 μέρος
2407 4694 2618 4764 ἡμέρας
2657 4694 2876 4748 ἔλασσον
2909 4697 2942 4768 ἢ
2980 4697 3041 4750 δ’.
3077 4699 3226 4762 Τέως
3263 4701 3402 4754 ἔστω
3433 4704 3476 4757 δ’
3508 4706 3759 4774 ἔγγιστα.

2195 4783 2358 4836 Ὥστε
2385 4786 2443 4837 ὲν
2466 4784 2540 4838 τδ’
2584 4786 2906 4857 Ῥωμαϊκοῖς
2934 4787 3107 4843 ἔτεσιν
3130 4792 3162 4862 ὴ
3195 4792 3282 4844 διὰ
3303 4794 3410 4848 τῶν
3439 4799 3758 4864 ὲννεαδεκα-

2193 4875 2452 4946 ετηρίδων
2499 4877 2936 4942 ἀποκατάστασις
2995 4881 3068 4954 μὴ
3128 4883 3356 4955 ἀκριϐὴς
3400 4887 3620 4960 ὑστερεῖ
3661 4892 3766 4961 τῆς

2194 4968 2596 5040 ἀκριϐεστάτης
2620 4969 2800 5042 ἡμέρᾳ
2829 4971 3009 5043 τελείᾳ
3035 4973 3105 5028 α’.
3139 4975 3250 5029 Καὶ
3286 4977 3375 5032 διὰ
3410 4979 3570 5035 τοῦτο
3595 4983 3759 5038 εὐκα-

2193 5060 2452 5131 τανόητον
2477 5061 2649 5123 ἔσται,
2687 5063 2768 5116 ὅτι
2793 5062 2855 5116 τὸ
2881 5066 3125 5119 κανόνιον
3156 5067 3306 5122 δυσὶν
3334 5071 3571 5144 ἡμέραις
3602 5077 3759 5129 ἐκπί-

2195 5171 2326 5207 πτον
2347 5156 2447 5226 τῆς
2473 5154 2610 5208 κατά
2636 5154 2705 5209 τά
2738 5155 2997 5212 Ἰουδαϊκά
3019 5161 3299 5230 Πασχάλια
3323 5165 3759 5239 πανσεληνιακῆς

2193 5245 2404 5317 ἡμέρας
2423 5249 2480 5300 ὲν
2500 5249 2608 5311 τοῖς
2632 5248 2726 5302 νῦν
2752 5249 2986 5320 χρόνοις,
3015 5252 3117 5322 πρὸ
3137 5253 3209 5306 τδ¹
3227 5255 3246 5284 ⁶
3270 5256 3593 5325 Ῥωμαϊκῶν
3618 5261 3758 5313 ἑτῶν

2201 5337 2447 5408 συνέστη.
2482 5338 2638 5392 Ἀλλά
2663 5341 2756 5393 καὶ
2777 5339 2932 5412 εἴπερ
2956 5344 2988 5414 ὴ
3018 5342 3123 5396 τῶν
3145 5345 3465 5414 Πασχαλίων
3489 5350 3756 5421 πανσελη-

2195 5427 2354 5499 νιακὴ
2399 5430 2576 5501 ἡμέρα
2622 5430 2718 5501 τὴν
2765 5433 2963 5504 ἀκριϐῆ
3011 5435 3196 5506 ἐδήλου
3248 5437 3356 5491 τῶν
3407 5442 3754 5512 πανσελήνων

2191 5519 2358 5591 ὤραν,
2397 5523 2611 5592 εἴχομεν
2641 5522 2706 5575 ἂν
2738 5523 2960 5577 δυνατὸν
2990 5526 3395 5595 ἐπιλογίσασθαι
3421 5533 3511 5585 καὶ
3540 5533 3616 5586 ἔτι
3653 5533 3751 5605 πρὸ

599 5677 620 5708 ⁸
652 5672 821 5746 Hujus
849 5676 1031 5743 capitis
1068 5675 1303 5730 Latinam
1334 5677 1616 5732 versionem
1644 5693 1673 5730 a
1695 5674 1960 5748 Scaligero
1990 5675 2182 5734 editam
2204 5678 2490 5748 posuimus.
2563 5677 2834 5752 “Scaliger
2869 5680 2943 5734 bis
2973 5682 3073 5738 5οὶ
3106 5683 3244 5754 legit.
