4036 6218
283 301 421 362 1309

1181 304 1408 362 ISAACI
1447 305 1755 362 MONACHI
1791 305 2169 363 COMPUTUS
2212 303 2650 361 ECCLESIAS'I‘.

3357 309 3499 365 1310

282 415 462 470 πόσων
507 417 642 471 ἐτῶν
673 418 734 471 τὸ
774 417 1008 472 τοιοῦτον
1047 435 1290 473 κανονιον
1335 421 1586 490 συνέστη.
1622 422 1768 483 Τέως
1795 421 1838 474 δ’

1953 422 2072 475 lium
2104 420 2525 491 pleniluniorum
2555 420 2674 475 dies
2722 419 3128 476 exactissimum
3193 422 3504 483 ostenderet

282 509 368 562 ἵνα
401 509 618 580 γνῶμεν
657 511 793 581 μετὰ
836 511 975 563 πόσα
1009 510 1102 582 ἔτη
1139 511 1230 564 τοῦ
1267 513 1532 584 παρόντος
1559 513 1761 566 τέλειαι
1795 513 1840 583 β’

281 600 485 671 ήμέραι
513 603 1004 674 ἀπαρτισθήσονται
1037 607 1092 658 αἱ
1122 609 1220 676 τῆς
1241 606 1524 676 ἀκριϐείας
1550 607 1843 661 ἐκπίπτου-

283 708 390 753 σαι,
418 693 746 763 ἐποιήσαμεν
765 693 1104 766 ψηφοφορίαν
1127 697 1558 768 πανσεληνιακῆς
1585 699 1843 766 συζυγίας

293 783 582 837 Ἰουδαϊκοῦ
619 787 809 858 Πάσχα
843 789 1245 860 παρακειμένου
1276 789 1353 860 τῷ
1390 791 1644 844 ἐνεστῶτι
1677 793 1843 862 τρίτῳ

282 873 464 944 κύκλῳ
488 874 586 944 τῆς
613 874 858 947 σελήνης,
893 877 921 928 ι’
947 877 1040 930 τοῦ
1083 878 1356 948 Ἀπριλίου
1386 879 1845 949 καταγεγραμμέ-

281 983 380 1037 νην
408 966 640 1036 ἐχοντος.
675 967 917 1041 Εὖρομεν
949 969 1005 1022 δέ
1035 970 1236 1042 ταύτην
1265 969 1633 1022 ἐκπίπτουσαν
1671 969 1759 1022 διὰ
1785 971 1846 1022 τὸ

286 1057 360 1129 μὴ
389 1057 634 1128 ἀκριϐὲς,
665 1058 739 1122 ώς
768 1060 999 1132 εἴρηται,
1043 1076 1144 1130 της
1177 1061 1692 1125 ἀποκαταστάσεως,
1786 1059 1847 1112 τὸ

283 1147 527 1201 κανόνιον
553 1147 772 1218 χρῆται,
817 1151 897 1212 είς
931 1152 1029 1221 τὴν
1061 1151 1110 1220 η’
1151 1150 1242 1203 τοῦ
1285 1150 1447 1203 αὑτοῦ
1497 1151 1662 1221 μηνὸς
1711 1150 1847 1221 μετά

281 1239 428 1312 ὥρας
454 1257 600 1311 τρεις
641 1241 957 1312 ίσημερινὰς
988 1243 1086 1313 τῆς
1116 1242 1236 1296 κατ’
1268 1242 1436 1314 αὐτὴν
1467 1243 1728 1314 ἀνατολῆς
1753 1243 1846 1296 τοῦ

282 1331 456 1402 ἡλίου.
498 1333 648 1385 Ἐπεὶ
682 1329 774 1388 οὖν
805 1335 859 1386 αἱ
896 1335 1044 1405 τρεῖς
1075 1327 1212 1405 ὧραι
1255 1335 1568 1405 ἰσημεριναὶ
1598 1335 1648 1406 η’
1685 1335 1850 1406 μέρος

283 1424 390 1476 εἰσὶ
425 1422 518 1476 τοῦ
563 1425 982 1495 ήμερονυκτίου,
1027 1423 1122 1478 ἐὰν
1164 1425 1225 1478 τὸ
1261 1425 1369 1478 τῶν
1419 1424 1740 1495 Ῥωμαϊκῶν
1775 1424 1848 1478 τδ¹

282 1514 417 1567 ἐτῶν
466 1514 558 1584 (ἐν
599 1511 680 1578 οἷς
716 1515 1104 1586 ήμερονύκτιον
1151 1517 1351 1571 τέλειον
1403 1517 1772 1589 προλαμϐάνει
1814 1519 1848 1588 ή

281 1606 515 1678 ἀκριϐὴς
544 1609 982 1672 ἀποκατάστασις
1006 1607 1104 1680 τὴν
1134 1609 1222 1662 διὰ
1254 1610 1346 1662 τὸν
1379 1609 1848 1682 ἐννεαδεκαετηρί-

279 1696 386 1749 δων
412 1699 486 1767 μὴ
507 1699 735 1769 ἀκριϐῆ)
777 1699 839 1751 τὸ
862 1698 910 1770 η’
932 1699 1205 1770 λάϐωμεν,
1229 1701 1258 1754 ὃ
1279 1704 1426 1754 ἐστιν
1448 1701 1542 1771 ἔτη
1571 1703 1849 1774 Ῥωμαῖκά

281 1787 384 1860 λη’·
416 1787 608 1859 ἕξομεν
648 1788 766 1860 μεθ’
797 1791 897 1843 ὅσα
943 1791 1039 1860 μὲν
1073 1791 1165 1862 ἔτη
1198 1791 1291 1843 τοῦ
1323 1793 1616 1856 ἐνεστῶτος
1647 1793 1848 1846 τέλειαι

281 1879 495 1933 ἔσονται
521 1879 720 1951 ἡμέραι
747 1879 791 1950 β’
817 1882 870 1933 αἱ
895 1881 993 1950 τῆς
1019 1881 1298 1953 ἀκριϐείας
1324 1882 1702 1936 ἐκπίπτουσαι·
1734 1885 1848 1954 μετ’

283 1972 498 2042 ἐκείνην
522 1971 578 2025 δὲ
603 1973 700 2044 τὴν
731 1973 1172 2027 ἀποκατάστασιν
1201 1973 1360 2028 πάλιν
1381 1974 1600 2044 ἄρξεται
1622 1976 1716 2028 καὶ
1739 1974 1852 2027 ἐτέ-

286 2081 387 2135 ρας
423 2065 634 2136 ήμέρας
676 2065 840 2136 μόρια
878 2066 1336 2138 προλαμϐάνεινὴ
1371 2067 1600 2138 ἀκριϐὴς
1640 2068 1737 2138 τὴν
1776 2067 1850 2138 μὴ

283 2154 508 2226 ἀκριϐῆ.
543 2155 617 2207 Τὸ
647 2155 786 2226 μετά
816 2155 898 2228 λη’
925 2157 982 2210 δέ
1026 2157 1120 2227 ἐτη
1160 2156 1253 2209 τοῦ
1296 2158 1560 2228 παρόντος
1597 2156 1748 2210 ἐσται
1791 2157 1853 2209 τὸ

287 2245 461 2312 ,ςῖῧιεγ
492 2245 631 2308 ἔτος.
657 2248 767 2300 Καὶ
796 2249 844 2300 εἰ
875 2247 974 2318 μὲν
1005 2247 1146 2301 κατὰ
1175 2246 1276 2318 τὴν
1313 2246 1465 2319 παρά
1489 2249 1603 2310 τοῖς
1641 2246 1851 2310 πολλοῖς

285 2337 685 2408 ἐπικρατοῦσαν
724 2337 881 2402 δόξαν
920 2337 1308 2409 συμπλήρωσις
1336 2337 1487 2390 ἔσται
1523 2336 1616 2389 τοῦ
1653 2337 1853 2400 παντὸς

287 2429 428 2482 κατά
489 2427 587 2500 τὴν
636 2428 729 2481 τοῦ
779 2429 826 2492 ,ς
874 2427 1026 2492 ἔτους
1082 2427 1510 2498 συμπλήρωσιν,
1566 2426 1851 2498 περίεργον

287 2519 438 2573 ἔσται
470 2521 649 2592 ζητεῖν
677 2519 921 2592 διορθοῦν
943 2521 1040 2591 τήν
1060 2521 1158 2590 τῆς
1179 2520 1406 2590 σελήνης
1445 2519 1665 2590 μέθοδον
1693 2517 1849 2582 ἐτῶν,

289 2613 450 2684 μόνον
489 2613 577 2666 πα’
612 2613 1206 2685 καταλειφθησομένων,
1243 2614 1302 2665 ἐν
1336 2607 1416 2675 οἷς
1443 2612 1522 2664 δεῖ
1547 2614 1612 2682 τῇ
1652 2611 1854 2681 μεθόδῳ

284 2706 461 2778 ταύτῃ
483 2705 620 2778 μετᾶ
640 2706 974 2779 διορθώσεως
997 2706 1252 2778 χρῆσθαι,
1283 2705 1550 2776 μηδεμιᾶς
1577 2704 1851 2773 ἀξιολόγου

285 2798 660 2869 γενησομένης
685 2797 943 2868 διαφορᾶς
976 2799 1033 2850 ἐν
1064 2799 1174 2860 τοῖς
1205 2796 1511 2868 εἰρημένοις
1544 2794 1633 2849 πα¹
1657 2794 1850 2859 ἔτεσιν,

288 2891 339 2943 εί
373 2891 439 2960 τῇ
476 2888 782 2960 ἀδιορθώτῳ
824 2888 1059 2960 ἐχρῶντο
1091 2887 1299 2959 μεθόδῳ
1325 2889 1373 2940 οί
1402 2887 1520 2940 τότε
1554 2888 1850 2960 περιόντεςο

288 2980 339 3032 εί
368 2979 444 3046 δὲ,
473 2979 614 3036 καθά
634 2981 781 3034 δοκεῖ
802 2997 945 3033 τισιν
973 2979 1171 3043 ἄλλοις,
1203 2979 1454 3050 ἀόριστον
1480 2974 1617 3032 εἶναι
1641 2979 1729 3031 τὸν
1756 2979 1854 3050 τῆς

1943 512 2343 581 oppositionum
2377 519 2610 579 tempus,
2635 524 2918 581 possemus
2943 511 3252 566 accuratius
3280 513 3501 567 ratioci-

1945 601 2064 654 nari
2089 608 2213 655 ante
2246 607 2379 670 quot
2399 615 2575 655 annos
2597 601 2720 654 talis
2751 615 2927 657 canon
2953 602 3292 672 compositus
3319 603 3498 659 fuerit.

1945 692 2151 746 Interea
2183 701 2360 747 tamen
2393 700 2452 746 ut
2500 707 2893 761 cognoscamus
2921 702 3044 763 post
3093 701 3225 763 quot
3256 708 3431 750 annos
3471 710 3503 748 ἃ

1945 785 2200 855 praesenti
2228 784 2450 854 integrae
2472 783 2589 839 dies
2616 785 2756 849 dum,
2797 801 2918 855 quae
2946 786 3259 841 desciscunt
3284 787 3354 841 ab
3375 803 3505 840 exa-

1946 879 2112 942 mine,
2149 877 2592 934 consummandae
2638 878 2770 941 sint,
2829 879 3110 948 plenilunii
3169 876 3381 938 Pascha
3413 878 3505 933 Ju-

1947 967 2088 1022 daici
2117 969 2369 1036 praesenti
2393 968 2547 1038 cyclo
2573 968 2827 1038 appositi,
2858 968 3004 1038 quod
3034 970 3304 1024 decimam
3343 970 3506 1039 Apri«

1946 1059 2014 1114 lis
2037 1058 2178 1114 diem
2210 1059 2500 1129 ascriptam
2534 1058 2716 1125 habet,
2770 1059 3034 1114 rationem
3091 1061 3370 1117 inivimus.
3403 1060 3508 1116 De-

1948 1151 2336 1221 prehendimus
2366 1159 2569 1214 autem,
2597 1158 2819 1220 propter
2874 1166 2981 1205 non
3051 1160 3384 1220 accuratam,
3444 1160 3506 1206 ut

1948 1245 2153 1298 dictum
2197 1249 2302 1307 cst,
2351 1242 2734 1297 conversionis
2788 1242 2996 1298 lunaris
3058 1244 3346 1307 rationem,
3395 1259 3504 1312 qua

1948 1351 2126 1391 canon
2147 1336 2339 1399 utitur,
2365 1333 2673 1389 desciscere
2695 1334 2748 1387 in
2767 1341 3012 1388 octavam
3035 1334 3234 1403 Aprilis
3260 1343 3382 1405 post
3408 1335 3508 1390 ho-

1949 1443 2038 1482 ras
2067 1436 2180 1481 tres
2207 1425 2612 1496 aequinoctiales
2650 1425 2720 1480 ab
2751 1434 2874 1479 ortu
2911 1425 3066 1489 solis,
3103 1426 3195 1494 qui
3232 1426 3286 1480 in
3316 1426 3505 1482 eadem

1949 1520 2037 1575 die
2063 1519 2310 1590 contigit.
2369 1517 2509 1583 Quia
2539 1533 2669 1572 vero
2725 1526 2838 1573 tres
2893 1517 3040 1571 liora:
3099 1517 3508 1587 aequinoctiales

1951 1619 2077 1668 sunt
2098 1618 2285 1667 octava
2304 1625 2430 1680 pars
2458 1612 2715 1680 temporis
2744 1611 2996 1666 nocturni
3017 1620 3071 1666 et
3103 1610 3306 1675 diurni.
3335 1612 3382 1667 si
3410 1627 3510 1666 an-

1951 1720 2143 1759 norum
2171 1718 2324 1758 cccrv
2353 1701 2744 1765 Romanorum,
2781 1702 2834 1756 in
2866 1703 3064 1772 quibus
3113 1704 3377 1775 integram
3408 1719 3510 1759 no~

1951 1804 2088 1851 ctem
2121 1802 2176 1849 et
2205 1794 2348 1848 diem
2387 1801 2579 1848 exacta
2601 1793 2889 1847 conversio
2922 1808 3032 1849 non
3084 1804 3349 1861 exactam,
3387 1809 3510 1863 quae

1952 1885 2084 1940 ﬁtin
2102 1903 2193 1940 xtx
2217 1885 2398 1948 annis,
2438 1884 2720 1954 anticipat,
2774 1893 3018 1938 octavam
3051 1895 3255 1954 partem
3297 1901 3513 1941 assum-

1950 1978 2241 2048 pserimus,
2273 1976 2327 2032 id
2383 1984 2486 2040 est,
2522 1992 2696 2032 annos
2733 1974 3006 2031 Romanos
3052 1993 3259 2032 xxxvtu
3295 1995 3308 2031 :
3343 1977 3511 2033 habe-

1951 2070 2130 2125 bimus
2155 2076 2276 2139 post
2301 2075 2436 2137 quot
2473 2084 2648 2124 annos
2697 2085 2726 2122 a
2772 2069 3024 2140 praesenti
3078 2071 3302 2140 integrae
3349 2080 3511 2126 erunt

1951 2159 2071 2214 dies
2101 2157 2222 2212 duae
2261 2158 2329 2211 ab
2351 2158 2604 2212 examine
2628 2157 2964 2215 deﬁcientes.
2996 2158 3128 2214 Post
3150 2160 3299 2213 illam
3327 2169 3506 2216 autem

1952 2249 2388 2313 conversionem,
2423 2262 2645 2303 rursum
2671 2247 2792 2303 aliis
2821 2248 2930 2303 diei
2971 2251 3244 2320 scrupulis
3289 2250 3512 2319 incipiet

1951 2348 2143 2397 exacta
2175 2339 2448 2394 restitutio
2480 2354 2591 2393 non
2625 2346 2872 2394 exactam
2912 2340 3228 2410 anticipare.
3262 2339 3391 2395 Post
3411 2357 3513 2394 an-

1953 2447 2054 2486 nos
2075 2438 2255 2484 autem
2290 2431 2510 2499 triginta
2539 2435 2664 2483 octo
2691 2444 2722 2482 a
2749 2432 3000 2498 praesenti
3025 2433 3326 2487 eritannus
3350 2431 3508 2488 6919.

1954 2515 1998 2588 [⁷
2016 2517 2094 2571 Ac
2138 2517 2208 2577 si.
2231 2523 2291 2570 ut
2328 2516 2568 2585 vulgaris
2597 2517 2915 2586 est.0pinio,
2950 2520 3180 2589 septimo
3223 2522 3519 2576 millesimo

1951 2614 2196 2663 vertente
2219 2607 2385 2661 totius
2407 2604 2593 2658 mundi
2623 2603 2803 2659 futura
2824 2610 3221 2663 consummatio
3253 2618 3368 2676 est;
3408 2610 3516 2665 fru-

1953 2710 2068 2755 stra
2097 2699 2153 2753 in
2183 2695 2499 2768 castiganda
2519 2696 2696 2750 lunari
2735 2697 2990 2752 methodo
3044 2699 3200 2754 labor
3229 2701 3514 2757 adhibebi-

1953 2800 2076 2854 tur;
2105 2805 2229 2844 cum
2263 2789 2392 2843 anni
2418 2787 2792 2843 tantummodo
2815 2788 2883 2844 de
2909 2804 3121 2844 summa
3146 2791 3338 2862 reliqui
3398 2795 3512 2848 sint

1954 2899 2140 2947 Lxxxt,
2155 2897 2250 2952 per
2269 2896 2407 2951 quos
2427 2879 2711 2936 emendata
2737 2880 2827 2934 illa
2849 2880 3138 2936 methodus
3162 2883 3216 2936 in
3240 2900 3341 2939 usu
3362 2885 3461 2938 erit
3496 2905 3509 2940 :

1955 2992 2077 3033 cum
2101 2976 2154 3030 in
2186 2975 2306 3030 istis
2336 2989 2500 3028 Lxxxt
2540 2972 2700 3028 annis
2716 2980 2824 3027 nOn
2851 2973 3082 3028 multum
3117 2975 3350 3039 intersit,
3376 2977 3422 3031 si
3450 2976 3510 3040 ii,

291 3068 601 3133 συντελείας
629 3070 837 3140 καιρὸν,
869 3063 947 3133 οἷς
980 3069 1072 3124 καὶ
1103 3069 1262 3132 αὐτὸς
1291 3069 1621 3138 συντίθεμαιο
1651 3068 1852 3140 πρέπον

1958 3069 2194 3138 quitum
2231 3065 2552 3138 superstites
2575 3075 2756 3130 erunt.
2822 3074 3056 3122 veterem
3109 3083 3209 3123 nec
3270 3069 3517 3124 emenda-

289 3159 359 3213 ἂν
382 3159 469 3231 εἴη
495 3159 738 3229 διορθοῦν
758 3161 854 3232 τήν
880 3160 1124 3231 περὶτῆς
1147 3159 1372 3231 σελήνης
1397 3159 1638 3230 μέθοδον,
1656 3160 1678 3191 ⁸
1698 3175 1858 3229 προσ-

288 3266 322 3305 τ
346 3247 498 3306 (ii-lat
526 3253 647 3313 ταῖς
670 3251 770 3320 τῆς
801 3250 1026 3322 σελήνης
1048 3251 1328 3316 ἐπακταῖς,
1358 3250 1422 3314 ἃς
1448 3252 1481 3322 ή
1511 3249 1605 3304 νῦν
1637 3249 1858 3321 μέθοδος

293 3341 641 3414 ὺπαγορεύει,
669 3343 764 3396 καὶ
803 3343 1087 3414 ἐπερευνᾷ,
1123 3343 1216 3396 καὶ
1253 3341 1393 3397 οὕτω
1425 3343 1498 3417 μὴ
1534 3341 1857 3414 σφάλλεσθαι

292 3435 395 3505 τῆς
426 3434 733 3508 ὀρθότητος.
757 3435 830 3488 Τὸ
857 3436 1037 3506 μέντοι
1059 3436 1359 3505 Πασχάλιον
1378 3437 1638 3501 κανόνιον,
1657 3438 1857 3507 ἀμετα-

293 3528 519 3600 ποίητον
544 3527 719 3598 μένον,
745 3529 836 3580 καὶ
867 3527 946 3580 ἔτι
981 3527 1387 3600 σφαλερώτερον
1417 3528 1584 3581 ἔσται’
1623 3529 1858 3600 παρόσον

294 3619 391 3672 νῦν
410 3618 505 3688 μὲν
519 3618 579 3672 δυ
588 3618 668 3671 etv
687 3618 919 3690 ἡμέραις
934 3619 1184 3672 ἐκπίπτει
1198 3619 1294 3690 τῆς
1312 3618 1584 3689 ἀληθείας,
1602 3620 1694 3673 ἀπ’
1719 3620 1861 3672 ἐκεί-

295 3727 386 3764 νου
412 3708 468 3762 δὲ
484 3708 576 3761 τοῦ
592 3708 762 3773 ἔτους,
779 3709 977 3782 δηλαδὴ
991 3712 1084 3764 τοῦ
1104 3711 1292 3778 ,ςὲιθλ
1307 3712 1498 3785 τρισίν.
1519 3714 1636 3766 Ἐπὶ
1653 3713 1860 3778 τούτοις

297 3799 643 3872 σκεψώμεθα,
665 3800 758 3854 καὶ
781 3803 829 3854 εί
858 3800 978 3854 καθ’
1000 3802 1227 3856 ἕκαστον
1253 3803 1370 3867 ἔτος
1399 3804 1686 3874 σφάλλεται
1707 3807 1740 3875 ή
1765 3805 1860 3858 τοῦ

299 3893 468 3964 μηνὸς
492 3892 691 3964 ἡμέρα,
715 3891 833 3946 καθ’
857 3893 923 3964 ἣν
943 3895 1100 3964 ἡμεῖς
1125 3894 1186 3947 τὸ
1207 3895 1358 3963 ἅγιον
1379 3897 1567 3966 Πάσχα
1581 3894 1859 3966 τελοῦμεν,

294 3979 330 4050 ἢ
365 3979 492 4034 ποτέ
531 3979 650 4050 μὲν,
689 3980 818 4033 ποτὲ
857 3981 914 4033 δὲ
944 3982 1026 4035 οῦ.
1073 3982 1112 4034 Γ
1115 3981 1349 4054 νώριμον
1381 3983 1436 4036 δὲ
1467 3984 1640 4050 ἔσται,
1683 3985 1778 4049 ὡς,
1814 3987 1862 4039 εί

299 4071 435 4143 μόνῃ
491 4074 554 4141 τῇ
599 4071 694 4125 τοῦ
740 4073 905 4143 μηνὸς
948 4074 1128 4146 ἡμέρᾳ
1175 4075 1236 4127 τὸ
1292 4075 1558 4148 ἡμέτερον
1622 4077 1862 4130 ὲκανονί-

296 4163 437 4226 ζετο,
497 4162 588 4214 καὶ
634 4163 708 4234 μὴ
741 4163 986 4233 ἀνάγκην
1029 4164 1248 4235 εἴχομεν
1289 4166 1382 4218 καὶ
1417 4165 1556 4220 κατὰ
1581 4167 1864 4239 Κυριακὴν

294 4254 402 4325 ήμέ
412 4271 508 4324 ραν
524 4253 677 4308 τοῦτο
695 4255 866 4310 τελεῖν
883 4273 896 4286 ·
928 4256 1048 4309 καθ’
1072 4258 1298 4312 ἕκαστον
1320 4257 1384 4310 ἂν
1408 4257 1524 4321 ἔτος
1549 4259 1860 4326 ἐσφάλλετο,

295 4346 544 4417 καθάπερ
576 4349 669 4400 καὶ
706 4348 766 4400 τὸ
812 4348 1118 4416 Ἰουδαϊκὸν,
1176 4349 1270 4403 καὶ
1315 4353 1434 4413 ταῖς
1484 4350 1634 4403 δυσὶν
1676 4353 1864 4415 αὐταῖς

1958 3168 2070 3214 tam
2141 3158 2558 3228 assumpscrint.
2617 3155 2736 3219 Sin,
2781 3164 2839 3211 ut
2876 3159 3148 3230 plerisque
3202 3160 3378 3216 visum
3431 3169 3516 3214 est

1959 3247 2102 3312 aliis,
2151 3247 2352 3317 quibus
2403 3254 2456 3302 et
2497 3246 2786 3311 assentior,
2839 3246 3014 3302 ultimi
3061 3263 3288 3304 occasus
3326 3249 3513 3303 mundi
3585 3317 3590 3322 ὓ

1958 3348 2170 3411 tempus
2189 3339 2454 3396 incertum
2475 3349 2588 3395 est:
2614 3355 2915 3410 congruum
2941 3339 3103 3394 fuerit
3164 3340 3304 3395 lunae
3348 3339 3515 3394 casti-

1959 3447 2087 3502 gare
2115 3431 2450 3498 metltodum,
2487 3438 2544 3486 et
2579 3431 2647 3485 ad
2691 3438 2909 3500 epactas
2957 3429 3174 3492 addere,
3223 3446 3360 3500 quas
3397 3431 3515 3485 vui-

1958 3533 2081 3595 gata
2104 3525 2242 3578 ratio
2271 3523 2594 3593 prmscribit,
2648 3530 2702 3576 et
2729 3522 2994 3591 explorat,
3042 3536 3106 3575 ac
3159 3522 3239 3576 sic
3270 3522 3340 3577 ab
3368 3531 3518 3576 recto

1958 3631 2068 3671 non
2102 3614 2409 3671 deﬂectere.
2436 3615 2574 3668 Nam
2621 3615 2668 3670 si
2701 3613 3025 3669 laterculum
3083 3612 3348 3670 Paschale
3398 3617 3520 3671 sine

1961 3709 2339 3764 emendatione
2380 3712 2617 3770 maneat,
2642 3705 2821 3776 majus
2856 3705 3006 3761 illius
3023 3705 3213 3760 vitium
3245 3705 3356 3763 ﬁet.
3381 3706 3518 3761 Cum

1960 3790 2334 3856 enim'hiduze
2383 3797 2645 3852 duntaxat
2698 3811 2729 3850 a
2789 3797 3016 3850 veritate
3039 3797 3356 3865 {abhorreat
3415 3795 3519 3849 hoc

1961 3903 2222 3962 tempore,
2266 3892 2479 3960 expleto
2504 3903 2647 3942 anno
2678 3887 2838 3952 6919,
2889 3887 3055 3942 tridui
3091 3903 3246 3943 error
3271 3885 3518 3958 incidet.]

1960 3983 2056 4039 His
2079 3984 2150 4038 ita
2182 3979 2598 4045 animadversis,
2637 3978 3064 4045 consideremus,
3103 3993 3170 4032 an
3198 3985 3252 4032 et
3293 3977 3521 4046 singulis

1961 4076 2118 4130 annis
2140 4079 2329 4144 peccat
2360 4071 2497 4134 dies,
2529 4070 2583 4122 in
2615 4082 2720 4138 qua
2746 4077 2848 4122 nos
2865 4074 3277 4122 sacrosanctum
3309 4063 3522 4118 Pascha

1962 4164 2322 4230 celebramus,
2390 4167 2484 4213 aut
2523 4159 2658 4212 alias
2689 4157 2906 4228 quidem
2963 4163 3174 4227 peccat,
3204 4156 3338 4210 alias
3389 4170 3520 4209 non.

1963 4257 2173 4312 Patcbit
2212 4269 2362 4318 vero,
2398 4252 2446 4307 si
2498 4250 2565 4306 ad
2595 4266 2761 4304 unum
2809 4249 2951 4304 diem
2999 4248 3204 4304 mensis
3262 4246 3523 4301 duntaxat

1962 4350 2168 4406 Pascha
2221 4357 2470 4401 nostrum
2535 4343 2863 4412 exigeretur,
2920 4341 3078 4412 205
3131 4349 3184 4396 et
3235 4355 3341 4394 non
3385 4355 3523 4409 opus

293 4439 553 4510 ἡμέραις,
588 4440 835 4512 καθάπερ
872 4442 1066 4495 ἐκεῖνο.
1095 4441 1192 4494 Διὲι
1219 4442 1275 4494 δὲ
1313 4443 1373 4494 τὸ
1411 4441 1549 4496 κατά
1575 4442 1852 4515 Κυριακὴν

1954 4454 2100 4503 esset
2147 4439 2281 4496 illud
2342 4435 2621 4492 Dominica
2660 4434 2748 4488 die
2793 4433 3088 4498 celebrare,
3143 4429 3373 4500 singulis
3429 4443 3526 4490 an-

295 4531 585 4594 τελεῖσθαι,
623 4533 906 4604 συμϐαίνει
957 4533 1057 4588 ούκ
1093 4532 1157 4587 ἂν
1201 4533 1545 4604 σφάλλεσθαι.
1577 4535 1666 4588 Διὸ
1693 4553 1852 4608 προσ-

1961 4540 2048 4594 nis
2086 4541 2433 4607 peccaturum
2490 4526 2660 4590 illud,
2716 4522 3168 4595 quemadmodum
3222 4529 3277 4575 et
3339 4519 3526 4575 Judai-

297 4623 484 4676 εκτέον
533 4625 593 4677 τὸ
625 4626 868 4697 ἀκριϐές.
921 4625 1025 4678 Τοῦ
1070 4625 1352 4679 Ἰουδαϊκοῦ
1397 4627 1586 4697 Πάσχα
1626 4627 1762 4701 μόνῃ
1791 4631 1858 4700 τῇ

296 4713 392 4765 τοῦ
429 4713 594 4785 μηνὸς
625 4713 806 4785 ήμέρᾳ
833 4713 1214 4784 ὑποκειμένου,
1250 4711 1636 4784 συμϐαίνοντος
1669 4714 1767 4783 μὲν
1803 4714 1852 4765 ἐν

1965 4715 2255 4772 admodum
2310 4720 2364 4767 et
2420 4709 2574 4763 illud.
2643 4705 2751 4760 Sed
2796 4704 2924 4775 quia
2975 4702 3254 4758 Dominica
3305 4701 3393 4756 die
3437 4718 3528 4758 ce-

298 4806 576 4876 Κυριακῇ,
601 4805 633 4876 ἢ
667 4805 731 4876 β’,
759 4806 792 4876 ἦ
820 4813 889 4875 γ’,
912 4806 947 4877 ἢ
977 4806 1038 4870 δ’,
1066 4806 1100 4876 ἢ
1128 4811 1191 4870 ε’,
1223 4805 1285 4862 τὺ
1332 4807 1460 4876 παρ’
1504 4807 1633 4877 ἡμῖν
1672 4805 1852 4878 Πάσχα

1967 4810 2228 4872 lebratur,
2266 4808 2553 4874 propterea
2584 4813 2696 4854 non
2723 4811 2938 4866 semper
2969 4803 3178 4867 peccat.
3213 4793 3318 4850 Sed
3352 4793 3528 4849 subti-

299 4895 360 4948 οὗ
404 4896 714 4964 σφάλλεται,
741 4901 806 4973 τῇ
849 4898 1046 4969 ἐφεξῆς
1071 4901 1318 4971 κυριακῇ
1359 4897 1674 4968 τελούμενον
1702 4915 1713 4926 ο
1738 4898 1852 4952 ὄταη

1968 4903 2075 4957 lius
2105 4915 2194 4955 res
2232 4905 2474 4968 putetur.
2509 4891 2957 4959 Quotiescunque
2976 4886 3264 4943 Judaicum
3294 4884 3526 4951 Pascha,

300 4986 345 5038 δ’
363 4989 420 5039 ἐν
445 4991 764 5060 παρασκευῇ
798 4989 831 5059 ἢ
863 4990 1146 5061 Σαϐϐάτῳ,
1165 4990 1459 5062 τηνικαῦτα
1481 4991 1574 5044 καὶ
1604 4990 1748 5062 μάλα
1767 4992 1852 5061 τῆς

1971 4993 2115 5066 quod
2144 4989 2238 5046 uni
2268 4988 2376 5044 diei
2405 4984 2608 5040 mensis
2633 4980 2941 5050 subjectum
2968 4989 3071 5042 est,
3099 4976 3372 5048 contingit
3415 4976 3527 5032 Do-

301 5081 590 5153 ὀρθότητος
619 5083 888 5137 ἐκπίπτει.
933 5086 1335 5156 Συμπίπτοντος
1381 5087 1477 5158 μὲν
1517 5086 1625 5158 γάρ
1669 5089 1727 5140 ἐν
1769 5104 1852 5140 πα·

1973 5084 2197 5146 minica,
2237 5087 2332 5136 aut
2371 5077 2504 5134 feria
2537 5071 2802 5136 secunda,
2834 5079 2929 5126 aut
2963 5071 3147 5135 tertia,
3183 5077 3278 5124 aut
3309 5077 3528 5140 quarta,

306 5179 573 5247 ρασκευῇ,
605 5176 910 5246 ὀφείλοντες
936 5180 1096 5248 ἡμεῖς
1129 5179 1290 5243 εὐθὺς
1317 5182 1383 5251 τῇ
1413 5180 1610 5252 ἐφεξῆς
1624 5181 1852 5252 Κυριακῖ

1974 5186 2068 5234 aut
2094 5176 2308 5248 quinta,
2338 5179 2472 5225 tunc
2503 5175 2751 5223 nostrum
2781 5163 2991 5218 Pascha
3020 5176 3131 5218 non
3163 5169 3374 5234 peccat,
3405 5177 3530 5216 cum

302 5269 366 5322 τὸ
394 5269 585 5340 Πάσχα
619 5270 810 5336 τελεῖν,
839 5273 920 5330 εἰς
955 5271 1054 5341 τὴν
1090 5273 1204 5342 μετ’
1233 5273 1446 5342 ἐκείνην
1487 5273 1852 5344 μεταϐαίνομεπ

1977 5268 2221 5342 sequenti
2268 5261 2549 5319 Dominica
2598 5258 2926 5314 celebretur.
2963 5253 3195 5321 Quando
3219 5268 3350 5309 vero
3396 5253 3533 5308 feria

305 5365 586 5434 Κυριακήν
607 5380 618 5393 ·
657 5364 842 5434 ἐπειδὴ
876 5365 936 5418 τὸ
965 5367 1021 5417 ὲν
1040 5365 1115 5436 τῷ
1140 5367 1368 5437 κανονίῳ
1390 5365 1849 5436 διαλαμϐανόμενο

1977 5370 2152 5428 sexta,
2183 5369 2277 5414 aut
2315 5356 2584 5420 Sabbato;
2627 5360 2758 5405 tunc
2811 5364 2940 5403 vero
2992 5347 3078 5403 vel
3110 5346 3338 5403 nimium
3360 5360 3534 5416 quan-

319 5454 602 5508 Ἰουδαϊκὸν
627 5457 816 5528 Πάσχα
844 5456 990 5512 δυσὶν
1013 5435 1243 5529 ἡμέραις
1271 5435 1703 5529 ἁτέοδειχθείσαις
1726 5435 1852 5510 πλεο

1978 5463 2094 5514 tum
2133 5469 2163 5507 a
2196 5458 2346 5507 recto
2392 5445 2688 5510 desciscit;
2736 5441 3011 5498 incidente
3047 5438 3192 5494 enim
3233 5438 3291 5494 in
3343 5435 3532 5494 feriam

379 5633 544 5689 ⁷11ωε
569 5655 596 5690 a
623 5635 890 5707 Scaligero
927 5640 1277 5710 prmlermissa
1301 5640 1667 5711 supplevimus,
1693 5655 1807 5710 qua:
1831 5645 1948 5692 sunt
1965 5636 2098 5692 notis
2125 5635 2245 5690 εἰπε
2277 5632 2531 5686 distracta
2550 5625 2616 5700 [1.
2684 5626 2704 5658 ⁸
2735 5624 2773 5695 f.
2801 5623 2894 5678 xui
2921 5637 3109 5694 προστ.

1964 4643 2088 4688 cum
2133 4623 2374 4686 Pascha,
2421 4627 2475 4674 et
2519 4618 2738 4688 quidem
2782 4615 2994 4670 duabus
3051 4613 3244 4668 diebus
3271 4652 3287 4678 ,
3338 4628 3527 4682 quem-
3611 4616 3620 4627 ‘
