4036 6218
564 313 696 370 1511

1584 312 1676 367 AD
1708 312 1975 370 EUSEBII
2015 311 2410 371 CHRONICON
2439 316 2800 375 APPENDIX.

3648 324 3776 378 £312

563 437 795 491 sextam,
824 441 948 481 cum
976 427 1300 484 deberemus
1339 427 1581 499 proxime
1631 439 1892 500 sequente
1939 431 2114 486 Domi-

2219 432 2369 497 νάζει
2407 435 2501 489 τοῦ
2542 437 2743 509 κυρίως
2799 438 2927 508 παρ’
2946 437 3125 492 αὐτῶν
3172 438 3531 510 τελουμένων
3596 441 3693 493 καὶ
3728 444 3778 493 ὲν

563 519 687 574 nica
734 517 941 573 Pascha
997 519 1293 584 celebrare,
1327 521 1383 574 in
1414 535 1534 575 eam
1589 518 1953 587 Dominicam,
2003 541 2124 595 quae

564 617 687 680 post
714 609 860 663 illam
894 612 1158 679 sequitur,
1187 611 1646 679 transcendimus,
1677 614 2119 685 quandoquidem

564 699 773 756 Pascha
816 699 1124 767 Iudaicum,
1174 702 1315 773 quod
1358 703 1411 756 in
1437 718 1648 759 canone
1677 706 1997 769 assumitur,
2038 707 2122 760 bi-

563 793 694 858 duo,
750 792 895 862 quod
946 808 976 847 a
1026 794 1184 849 nobis
1215 794 1646 851 demonstratum
1697 807 1802 861 est,
1851 796 2059 853 Pascha
2091 813 2124 853 a

560 883 763 939 Judaeis
811 884 1078 939 celebrari
1136 885 1357 940 solitum
1412 888 1707 957 praevertit.
1766 888 1825 943 In
1883 889 2123 947 Sabbato

562 991 778 1047 quoque
833 977 974 1032 idem
1005 978 1273 1049 contingit
1324 987 1544 1048 propter
1571 980 1815 1035 eamdem
1873 996 2119 1038 causam.

561 1066 696 1121 Cum
718 1066 861 1122 enim
889 1067 1233 1134 deberemus,
1274 1068 1665 1126 interveniente
1694 1073 1961 1140 postridie
2012 1073 2123 1128 Do-

561 1159 785 1223 minira,
812 1158 1023 1215 Pascha
1067 1161 1366 1225 celebrare,
1413 1162 1468 1217 in
1498 1164 1666 1227 illam,
1698 1180 1821 1235 quae
1855 1174 1977 1235 post
2000 1182 2121 1222 eam

560 1248 827 1317 sequitur,
861 1249 1154 1304 transitum
1181 1250 1432 1307 facimus.
1470 1250 1587 1307 Uno
1614 1254 1833 1324 quidem
1857 1256 1960 1310 hoc
1989 1271 2121 1312 casu

559 1347 838 1409 peccatur,
874 1349 1096 1411 propter
1119 1358 1366 1407 causam,
1384 1359 1548 1415 quam
1572 1345 1832 1413 diximus,
1861 1363 1969 1403 non
1994 1364 2125 1404 exa-

560 1435 663 1484 cta:
688 1430 1048 1487 restitutionis
1083 1433 1312 1489 lunaris.
1344 1433 1442 1490 Est
1463 1443 1517 1492 et
1550 1437 1693 1493 alius
1723 1454 1887 1495 casus
1931 1438 2124 1510 (quan-

2220 525 2481 596 Σαϐϐάτῳ
2498 526 2555 579 δὲ
2573 527 2635 580 τὸ
2653 528 2835 598 ὅμοιον
2857 527 3142 598 συμϐαίνει
3162 528 3249 583 διὰ
3269 529 3367 600 τὴν
3390 528 3565 601 αὐτὴν
3585 531 3778 586 αἰτίαν.

2234 616 2562 686 ὐφείλοντες
2589 620 2696 691 γὰρ
2724 620 2816 672 καὶ
2845 619 3018 684 οὕτως
3045 622 3111 691 τῇ
3142 619 3401 692 ἐπαύριον
3416 622 3678 693 κυριακῇ
3700 639 3781 676 τεο

2220 706 2331 760 λεῖν
2366 708 2429 761 τὸ
2458 710 2666 780 Πάσχα,
2700 712 2781 774 εἰς
2807 710 2906 782 τὴν
2929 711 3042 781 μετ’
3066 711 3237 782 αὑτήν
3263 711 3663 783 μεταϐαίνομεν
3692 715 3785 767 οῦκ

2219 800 2414 871 ὀρθῶς.
2445 802 2539 854 Ἓν
2560 802 2655 872 μὲν
2686 801 2752 873 δὴ
2789 801 2967 866 τοῦτο,
3002 802 3095 855 καὶ
3130 802 3208 866 ὡς
3247 804 3341 857 ἐπὶ
3371 803 3434 857 rb
3477 804 3625 858 πολὺ
3651 821 3781 875 συμ-

2221 888 2401 943 ϐαῖνον
2432 891 2694 963 σφαλερὸν
2727 889 2876 963 παρὰ
2899 890 2996 962 τήν
3027 892 3319 963 εἰρημένην
3343 890 3548 957 αἰτίαν,
3584 892 3689 963 τὴν
3718 893 3784 965 μὴ
3877 924 3883 933 ι

2220 982 2328 1036 ἀπὸ
2356 982 2454 1053 τῆς
2478 983 2738 1053 ἀκριϐοῦς
2762 984 3252 1049 ἀποκαταστάσεως
3274 1001 3288 1016 ο
3317 985 3433 1039 ἔστι
3457 986 3516 1040 δὲ
3553 987 3658 1040 καὶ
3676 988 3784 1040 ἒπ-

2225 1089 2314 1143 ρον
2338 1073 2500 1144 (πλὴν
2545 1073 2783 1136 σπανίως
2823 1074 3142 1145 γινόμενον),
3190 1073 3279 1127 διά
3317 1074 3415 1146 τὴν
3447 1076 3553 1148 τῆς
3599 1078 3786 1147 ἰσημεο

2223 1160 2344 1232 ρίας
2380 1162 2742 1232 μετάπτωσιν.
2789 1163 3197 1235 Ὀπισθοδρομεῖ
3225 1166 3334 1236 γὰρ
3356 1167 3453 1220 καὶ
3474 1167 3627 1237 αὕτη
3654 1168 3787 1220 κατὰ

2221 1254 2501 1325 περιόδους
2518 1253 2675 1322 ἑτῶν,
2703 1255 2768 1308 δι’
2793 1255 2859 1326 ἡν
2874 1256 3048 1310 αἰτίαν
3067 1256 3319 1328 ἐροῦμεν,
3342 1258 3575 1329 ἔχουσαν
3600 1259 3786 1323 οὕτως’

2221 1345 2295 1401 Tb
2320 1345 2407 1400 διὰ
2437 1346 2541 1411 τξε⁸
2565 1348 2787 1419 ἡμερῶν
2806 1348 2900 1402 καὶ
2936 1349 2979 1402 δ’
3016 1348 3194 1418 λέγειν
3237 1350 3327 1404 τὸν
3366 1351 3517 1421 ἥλιον
3552 1352 3672 1405 ἀπὸ
3704 1352 3790 1405 τοῦ

2222 1437 2384 1491 αὐτοῦ
2417 1438 2641 1509 σημείου
2674 1440 2754 1503 εἰς
2785 1440 2846 1493 τὸ
2885 1440 3016 1494 αὐτὸ
3053 1440 3427 1508 καθίστασθαι,
3468 1444 3790 1515 παχυμερέ-

559 1534 723 1590 quam
748 1521 851 1576 hoc
871 1523 1089 1592 quidem
1120 1540 1245 1580 raro
1266 1527 1500 1597 accidat)
1532 1537 1755 1601 propter
1776 1530 1930 1587 verni
1953 1530 2114 1602 aequi-

2224 1543 2412 1599 στερον
2453 1530 2699 1600 εἴρηται·
2744 1529 2882 1584 κατά
2927 1530 2986 1583 δὲ
3026 1531 3089 1584 τὸ
3134 1531 3521 1605 ἀκριϐέστερον
3557 1535 3793 1606 παράτι

560 1612 729 1669 uoctii
790 1614 1141 1672 luxationem.
1211 1615 1379 1673 Retro
1445 1621 1591 1675 enim
1648 1622 1993 1693 progreditur
2069 1634 2114 1678 et

2226 1622 2410 1692 μόριον
2433 1638 2448 1652 ·
2477 1623 2553 1686 ὡς
2586 1623 2685 1693 μὲν
2713 1624 2742 1676 ὁ
2767 1623 3092 1703 Πτολεμαῖος
3123 1627 3181 1679 ἐν
3216 1628 3282 1697 τῇ
3312 1625 3614 1691 Συντάξει
3642 1629 3793 1698 φησὶ,

560 1702 737 1774 ipsum
770 1721 985 1778 quoque
1018 1715 1141 1778 post
1171 1711 1552 1767 conversiones
1576 1727 1872 1781 annorum,
1902 1721 2114 1784 propter

2224 1713 2560 1786 τριακοστὸν,
2594 1715 2671 1779 ὡς
2693 1715 2751 1770 δὲ
2775 1716 2832 1769 οἵ
2848 1702 2908 1770 τε
2933 1717 3082 1787 παρὰ
3106 1718 3343 1790 Πέρσαις
3369 1718 3432 1772 τὸ
3462 1720 3569 1790 τῆς
3601 1720 3797 1791 ἀστρο-

558 1811 679 1851 eam
712 1813 1159 1893 causam,.quam
1192 1802 1475 1869 dicemus;
1513 1819 1633 1874 quae
1676 1805 1751 1858 ita
1792 1805 1992 1861 habet:
2026 1821 2114 1861 so-

2225 1766 2437 1875 νομίας
2465 1766 3359 1881 *καῖ-ιήμξςῑῇτήν
3381 1766 3645 1881 νθερίζὴν
3679 1766 3798 1864 σξιο-

560 1890 665 1944 lem
700 1889 987 1947 intervallo
1014 1892 1121 1947 365
1161 1892 1374 1949 dierum
1403 1902 1457 1949 et
1485 1895 1807 1966 quadrantis
1831 1898 1900 1952 ab
1928 1898 2114 1953 eodem

2219 1895 2448 1962 ποῦντες
2480 1899 2684 1970 τροπήν
2716 1900 3089 1965 ἀνατέλλοντος
3118 1900 3210 1955 τοῦ
3249 1902 3425 1973 ἡλίου,
3462 1903 3532 1956 δι’
3570 1905 3794 1975 ἡμερῶν

558 1991 763 2051 puncto
808 1982 877 2037 ad
930 1984 1071 2038 idem
1104 1986 1326 2050 reverti,
1373 1988 1631 2057 pinguius
1666 1998 1945 2059 acceptum
1991 1999 2114 2046 est:

2219 1988 2475 2043 πλειόνων
2504 1991 2931 2062 ὲστοχασάμεθα,
2957 1993 3322 2047 διακοσιοστΟῦ
3355 1994 3564 2065 μεῖζον,
3595 1996 3795 2067 μᾶλλον

559 2074 857 2129 secundum
885 2090 1015 2131 vero
1049 2076 1299 2133 subtilem
1333 2080 1621 2144 rationem,
1656 2080 1836 2149 aliqua
1865 2081 1970 2136 diei
2001 2097 2114 2152 por-

2217 2076 2273 2131 δὲ
2301 2079 2322 2111 ⁹
2356 2080 2546 2152 βραχεῖ
2587 2099 2689 2135 τινι
2738 2082 2954 2138 ἔλαττον
3009 2084 3322 2150 έκατοστοῦ,
3357 2088 3698 2158 εὑρίσκομεν
3738 2089 3796 2142 τὸ

556 2165 706 2221 tione
729 2166 929 2233 minus,
954 2175 1013 2221 ut
1033 2168 1249 2239 quidem
1283 2169 1605 2225 Ptolemaeus
1643 2171 1697 2225 in
1735 2171 2114 2243 Compositione

2221 2168 2407 2240 μόριον
2435 2170 2610 2237 τοῦτο,
2640 2171 2669 2224 ὃ
2693 2172 2799 2225 τῶν
2823 2172 2928 2238 τξε¹
2951 2175 3044 2227 καὶ
3062 2175 3100 2227 δ’
3130 2176 3381 2247 ἀφαιρεῖν
3411 2177 3511 2230 δεῖ.
3541 2178 3663 2249 Τὴν
3688 2180 3796 2250 γὰρ

560 2255 658 2319 ait,
696 2258 1119 2323 trecentesima;
1158 2266 1217 2311 ut
1269 2266 1449 2313 autem
1483 2258 1775 2315 Persarum
1817 2264 2114 2317 mathema-

2219 2261 2438 2333 ἐαρινὴν
2473 2264 2761 2334 ἰσημερίαν
2786 2267 2852 2336 τῇ
2887 2272 2970 2320 κα⁸
3002 2266 3096 2319 τοῦ
3126 2268 3369 2339 Μαρτίου
3398 2271 3564 2340 φησὶν
3588 2272 3620 2323 ό
3655 2272 3793 2323 Πτο-

558 2346 676 2410 tici,
705 2357 758 2401 et
789 2363 888 2402 nos
922 2348 1215 2404 solstitium
1246 2365 1342 2420 per
1370 2352 1554 2421 plures
1582 2352 1701 2408 dies
1736 2354 2116 2421 observantes,

559 2436 1015 2506 deprehendimus
1043 2441 1346 2509 portionem
1378 2442 1525 2496 illam
1569 2443 1827 2511 majorem
1857 2445 2117 2502 ducente-

558 2527 695 2581 sima
753 2538 927 2600 parte,
991 2546 1153 2602 quam
1204 2532 1421 2602 quidem
1472 2548 1504 2589 a
1539 2534 1731 2590 diebus
1758 2535 1863 2591 365
1886 2546 1939 2593 et
1983 2554 2120 2609 qua-

557 2618 750 2675 drante
782 2622 998 2678 auferre
1029 2631 1297 2693 oporteat.
1350 2623 1758 2697 Equinoctium
1798 2631 1944 2684 enim
1993 2646 2119 2687 ver-

560 2725 689 2764 num
719 2713 796 2766 ait
823 2712 1149 2770 Ptolemmus
1196 2716 1397 2771 saeculo
1432 2732 1533 2772 suo
1569 2719 1761 2774 coulici
1791 2737 1881 2775 xxi
1917 2720 2115 2777 Martii.

558 2799 671 2858 Nos
697 2811 875 2858 autem
899 2804 1078 2874 ipsum
1105 2805 1562 2877 deprehendimus
1590 2821 1715 2866 ante
1736 2828 1803 2865 xv
1830 2812 2029 2880 Martii,
2052 2831 2117 2870 ex

559 2897 781 2951 solstitii
808 2898 1283 2971 observationibus
1316 2900 1495 2970 ipsum
1521 2911 1793 2971 putantes.
1826 2903 1966 2971 Quia
1988 2923 2117 2962 vero

557 2987 645 3041 lex
696 2986 933 3043 Mosaica
981 2969 1232 3059 proximo
1284 2969 1410 3061 post
1455 3006 1683 3047 vernum
1730 2994 2113 3064 aequinoctium

2218 2353 2435 2426 λεμαῖος
2466 2356 2524 2409 έν
2547 2359 2658 2420 τοῖς
2700 2360 2820 2411 κατ’
2844 2359 3005 2414 αὐτὸν
3042 2361 3250 2432 χρόνοις
3283 2362 3544 2432 γίνεσθαι.
3597 2363 3795 2435 Ἡμεῖς

2217 2445 2276 2499 δὲ
2310 2448 2414 2518 πρὸ
2444 2450 2542 2520 τῆς
2580 2455 2640 2501 ιε’
2666 2449 2760 2503 τοῦ
2798 2450 2962 2504 αὑτοῦ
2994 2451 3161 2524 μηνὸς
3199 2454 3258 2505 ἐν
3302 2455 3416 2519 τοῖς
3462 2453 3583 2507 καθ’
3631 2457 3795 2526 ἡμᾶς

2219 2537 2429 2609 χρόνοις
2470 2539 2672 2611 ταύτην
2720 2541 3086 2614 λαμϐάνομεν,
3120 2544 3228 2597 ἀπὺ
3259 2544 3362 2615 τῆς
3405 2547 3539 2599 κατὰ
3566 2546 3669 2616 τὴν
3694 2546 3793 2599 θε-

2220 2632 2372 2704 ρινὴν
2399 2632 2603 2705 τροπὴν
2634 2634 2915 2705 τηρήσεως
2960 2636 3164 2706 ταύτην
3205 2635 3379 2700 οὕτως
3407 2637 3795 2710 ἐπιλογιζόμε-

2218 2741 2318 2779 νοι.
2371 2726 2480 2779 Καὶ
2528 2724 2710 2797 ἐπειδὴ
2763 2728 2792 2779 ὁ
2834 2726 3126 2792 Μωσαῖκὺς
3174 2728 3337 2800 νόμος
3387 2732 3457 2802 τῇ
3505 2729 3650 2800 μετὰ
3692 2731 3791 2802 τὴν

2219 2815 2435 2888 ἐαρινὴν
2477 2817 2760 2889 ἰσημερίαν
2805 2824 2855 2872 α’
2900 2819 3217 2891 πανσελήνῳ
3263 2819 3425 2884 εὐθὺς
3484 2823 3616 2885 τοὺς
3664 2824 3790 2876 Ἰου-

2217 2907 2397 2971 δαίους
2426 2908 2598 2961 τελεῖν
2635 2908 2695 2963 τὸ
2727 2910 2919 2980 Πάσχα
2952 2909 3351 2982 προτρέπεται’
3384 2912 3508 2967 καθ’
3549 2912 3654 2978 οὓς
3695 2915 3789 2985 μὲν

2217 2999 2436 3070 χρόνους
2468 3000 2693 3072 συνέστη
2722 3000 2782 3053 τὸ
2809 3001 3095 3073 εἰρημένον
3138 3001 3401 3067 κανόνιον,
3427 3003 3531 3074 τῆς
3566 3006 3788 3077 ἐαρινῆς

556 3080 853 3151 plenilunia
874 3079 1056 3136 statim
1079 3079 1287 3137 Pascha
1329 3081 1602 3140 celebrare
1626 3082 1827 3141 Judzeis
1850 3087 2113 3159 praecipit:

2222 3092 2508 3165 ἰσημερίας
2532 3096 2598 3165 τῇ
2634 3100 2715 3147 κα¹
2741 3092 3004 3166 Μαρτίου,
3035 3093 3068 3165 ἡ
3094 3095 3187 3148 καὶ
3223 3095 3328 3166 πρὸ
3359 3095 3531 3167 αὐτῆς
3558 3095 3786 3166 ἔγγιστα

555 3188 666 3244 quo
691 3182 932 3243 tempore
959 3187 1137 3228 canon
1165 3171 1448 3231 Paschalis
1482 3184 1834 3234 constructus
1865 3188 1967 3246 est,
1991 3195 2116 3235 cum

555 3267 765 3322 scilicet
784 3280 1010 3321 vernum
1046 3266 1433 3337 aequinoctium
1475 3269 1530 3323 in
1561 3286 1653 3325 xxi
1703 3279 1796 3327 aut
1827 3288 1900 3327 xx
1938 3272 2114 3329 Martii

556 3359 946 3429 propemodum
998 3359 1397 3424 conﬁceretur;
1445 3361 1863 3430 pleniluniorum
1898 3366 2014 3421 dies
2059 3366 2115 3421 iu

554 3464 763 3505 canone
790 3451 961 3504 notati
986 3459 1039 3505 et
1057 3448 1343 3505 Iudaicum
1369 3450 1581 3507 Pascha
1602 3455 2114 3528 indicantes,prima

553 3542 770 3611 quidem
801 3550 929 3598 sunt
959 3543 1063 3600 rite
1090 3555 1213 3614 post
1233 3546 1618 3617 aequinoctium
1649 3549 1972 3621 plenilunia.
1996 3550 2115 3608 Non

553 3634 699 3687 enim
718 3634 954 3704 reperies
981 3649 1244 3692 cauonem
1268 3638 1576 3709 transgredi
1596 3639 1949 3711 plenilunium
1973 3644 2117 3700 vice-

554 3720 706 3778 sima:
727 3724 914 3793 prima:
938 3723 1136 3792 Martii,
1167 3727 1310 3797 quod
1340 3728 1557 3799 quidem
1587 3738 1717 3786 tunc
1744 3740 1860 3787 erat
1880 3734 2113 3804 primum

557 3821 681 3884 post
711 3816 1118 3885 aequinoctium,
1161 3818 1308 3873 aliud
1340 3828 1523 3876 autem
1563 3821 1737 3878 vicem
1762 3824 1880 3894 ejus
1912 3826 2117 3881 substio

556 3914 729 3962 tuere.
765 3904 920 3962 Nunc
937 3923 1066 3963 vero
1091 3923 1219 3964 cum
1239 3926 1466 3965 vernum
1492 3912 1876 3983 aequinoctium
1903 3930 1996 3970 sex
2021 3922 2115 3971 aut

555 3998 804 4068 pluribus
846 3999 1039 4058 diebus
1088 4011 1236 4059 retro
1274 4019 1622 4073 progressum
1663 4004 1847 4071 fuerit,
1889 4019 2114 4078 possent

555 4106 678 4147 csse
707 4093 810 4146 alia
841 4094 1013 4164 prima
1052 4094 1347 4165 plenilunia
1376 4104 1502 4151 ante
1530 4113 1621 4151 xxi
1648 4096 1845 4165 Martii,
1888 4101 1944 4155 in
1988 4101 2112 4172 qui-

552 4182 656 4239 bus
684 4181 855 4238 .ludaai
888 4183 1104 4254 quidem
1136 4184 1347 4240 Pascha
1391 4187 1686 4253 celebrent,
1712 4205 1815 4244 nos
1844 4206 1973 4247 vero
2002 4194 2115 4264 ple-

550 4275 757 4329 nilunia
781 4275 1009 4330 canonis
1030 4288 1319 4347 sequentes
1348 4280 1616 4351 integrum
1648 4298 1890 4340 mensem
1921 4300 1953 4339 a
1987 4301 2112 4341 con-

430 4399 437 4402 ‹
548 4382 686 4438 gruo
719 4375 958 4439 tempore
986 4367 1377 4426 desciscamus.
1408 4371 1551 4428 Ante
1582 4388 1757 4431 annos
1781 4377 1924 4431 enim
1956 4378 2110 4448 quin-

549 4459 831 4531 quaginta,
885 4475 1009 4514 cum
1058 4459 1237 4515 adhuc
1273 4470 1430 4518 aetate
1462 4464 1681 4534 juvenis
1731 4482 1929 4532 essem,
1965 4479 2018 4524 et
2050 4470 2105 4525 iu

547 4553 781 4623 quadam
815 4551 1058 4609 Thraciae
1081 4554 1235 4621 urbe,
1257 4556 1343 4609 cui
1380 4571 1574 4611 nomen
1605 4557 1799 4623 Alnos,
1830 4561 2101 4632 degerem,

547 4646 657 4701 vidi
689 4647 793 4702 loci
822 4648 1117 4718 inquilinos
1146 4647 1363 4706 Iudaeos
1393 4651 1653 4707 vicesima
1686 4652 1862 4710 Martii
1897 4654 2104 4713 Pascha

550 4754 708 4793 suum
742 4738 979 4808 obivisse
1009 4760 1023 4796 :
1060 4757 1159 4797 nos
1187 4757 1317 4797 vero
1340 4750 1588 4799 nostrum
1623 4756 1870 4801 sanctum
1898 4747 2106 4807 Pascha

548 4831 808 4886 vicesima
838 4833 999 4887 tertia
1036 4833 1237 4903 Aprilis
1271 4836 1687 4902 celebravimus,
1738 4841 1914 4896 secuti
1962 4841 2105 4899 diem

548 4921 828 4990 pleniluuii
856 4925 1081 4979 canonis
1102 4927 1158 4979 in
1186 4941 1318 4980 xvm
1336 4927 1538 4998 Aprilis
1566 4937 1826 4985 notatam.
1846 4931 1958 5004 Ego
1985 4934 2107 5004 qui-

451 5081 468 5099 .
547 5012 669 5068 dem
699 5021 831 5070 tunc
857 5030 970 5070 rem
1002 5015 1303 5075 admiratus
1337 5035 1459 5075 sum
1485 5020 1663 5076 adhuc
1697 5023 1850 5080 rudis
1896 5027 2109 5084 matbec

548 5107 870 5161 maticarum
900 5123 1102 5163 rerum.
1133 5111 1330 5167 Postea
1350 5128 1480 5167 νετο
1501 5128 1697 5171 causas
1731 5117 1807 5172 rei
1837 5132 1905 5172 ex
1929 5126 2108 5174 astro-

547 5199 780 5254 nomicis
813 5198 1117 5267 disciplinis
1145 5203 1368 5258 edoctus
1404 5209 1619 5275 percepi
1653 5206 1758 5263 hoc
1788 5210 1891 5266 rite
1929 5215 2107 5267 conti-

546 5289 711 5361 gisse.
749 5289 825 5344 Ex
853 5289 939 5346 his
996 5291 1160 5362 igitur
1187 5301 1424 5360 constat,
1474 5298 1686 5366 quoties
1712 5300 1957 5369 proxime
2008 5319 2107 5360 ex-

547 5388 727 5436 actum
757 5397 979 5436 vernum
1003 5384 1406 5453 aequinoctium,
1448 5387 1552 5441 hoc
1579 5395 1663 5444 est
1690 5380 1759 5447 xv
1788 5380 2103 5457 Martii,'us-

546 5486 653 5541 que
685 5473 749 5527 ad
779 5490 849 5528 xx
876 5474 1141 5544 ejusdem,
1170 5477 1436 5549 contingit
1464 5481 1821 5550 plenilunium
1846 5483 1983 5551 ﬁeri,
2004 5502 2104 5543 nos

549 5576 580 5621 a
610 5564 793 5634 regula
820 5565 1083 5622 deﬁcere:
1114 5568 1258 5638 quod
1286 5569 1349 5625 ad
1373 5571 1662 5640 plenilunia
1697 5575 1895 5647 Aprilis
1927 5586 2106 5637 trans-

624 5719 646 5755 ⁸
673 5718 800 5776 llaec
833 5737 935 5776 non
964 5721 1113 5776 habet
1150 5722 1406 5794 Scaliger.

2216 3182 2575 3255 τελουμένης·
2613 3186 2668 3237 αἰ
2716 3185 2774 3239 έν
2818 3183 2896 3255 τῷ
2941 3185 3170 3257 κανονίῳ
3203 3187 3610 3258 παρακείμεναι
3658 3206 3786 3243 παν-

2219 3270 2529 3344 σεληνιακαί
2570 3275 2793 3345 ἡμέραι,
2840 3277 2931 3330 καὶ
2964 3275 3025 3329 τὸ
3055 3276 3341 3332 Ἰουδαϊκὸν
3371 3278 3639 3351 δηλοῦσαι
3679 3283 3785 3338 Πά-

2217 3379 2347 3433 σχα,
2396 3364 2609 3436 πρῶταί
2654 3369 2790 3419 εἰσιν
2844 3367 3101 3437 ἀσφαλῶς
3155 3369 3293 3440 μετὰ
3338 3371 3436 3441 τὴν
3493 3373 3783 3445 ἰσημερίαν

2214 3454 2553 3526 πανσέληνοι.
2587 3456 2720 3511 Οὐδὲ
2744 3456 2853 3529 γὰρ
2890 3457 3071 3532 εὕροις
3106 3461 3171 3515 ἂν
3214 3461 3275 3515 τὸ
3320 3462 3568 3518 κανόνιον
3604 3482 3780 3537 παρα-

2211 3544 2402 3616 τρέχον
2435 3545 2532 3617 μὲν
2564 3548 2660 3619 τὴν
2682 3548 2741 3601 ὲν
2768 3551 2832 3620 τῇ
2864 3556 2949 3603 καθ
2980 3550 3073 3604 τοῦ
3096 3552 3356 3625 ⁵Μαρτίου
3406 3555 3743 3628 πανσέληνον
3763 3574 3779 3587 -

2212 3634 2332 3705 ἣτις
2358 3641 2406 3688 α’
2430 3631 2498 3707 ἦν
2528 3636 2664 3707 μετά
2703 3638 2801 3709 τὴν
2843 3639 3132 3711 ἰσημερίαν
3160 3642 3304 3706 τότε,
3335 3643 3449 3696 ἀντ’
3478 3645 3700 3717 ἐκείνης
3726 3645 3776 3698 δὲ

2213 3726 2403 3797 ἑτέραν
2430 3728 2529 3798 τὴν
2560 3730 2677 3798 μετ’
2706 3729 2920 3802 ἐκείνην
2946 3729 3179 3803 ἔκρινον.
3205 3733 3318 3787 Νῦν
3344 3734 3403 3787 δὲ
3429 3736 3531 3806 τῆς
3557 3738 3776 3809 ἐαρινῆς

2217 3818 2501 3891 ἰσημερίας
2538 3819 2596 3886 ἒξ
2634 3819 2888 3893 ἡμέραις,
2921 3822 2955 3894 ἢ
2987 3824 3081 3877 καὶ
3115 3823 3351 3878 πλείοσιν
3382 3827 3777 3900 όπισθοδρομη-

2214 3909 2404 3979 σάσης,
2428 3910 2655 3964 δύναιντ’
2677 3912 2744 3966 ἂν
2771 3913 2926 3967 ἄλλαι
2956 3915 3167 3987 πρῶται
3196 3916 3520 3989 πανσέληνοι
3551 3920 3661 3990 πρὸ
3682 3922 3779 3990 τῆς

2212 4007 2296 4054 κα¹
2316 4000 2409 4055 τοῦ
2442 4003 2685 4073 Μαρτίου
2724 4004 2985 4075 γίνεσθαι,
3020 4007 3142 4061 καθ’
3168 4007 3235 4072 ἃς
3276 4009 3386 4062 τῶν
3423 4011 3693 4066 Ἰουδαίων
3717 4012 3780 4066 τὸ

2212 4095 2401 4165 Πάσχα
2425 4095 2738 4163 τελούντων,
2763 4100 2923 4169 ἡμεῖς
2954 4102 3073 4163 ταῖς
3104 4102 3162 4154 ὲν
3207 4100 3284 4173 τῷ
3327 4104 3516 4156 κανόνι
3558 4104 3776 4157 ἀκολου⁶

2214 4184 2447 4251 θοῦντες,
2481 4186 2766 4258 ὁλόκληρον
2805 4192 2948 4260 μῆνα
2989 4189 3083 4243 τοῦ
3123 4192 3490 4263 προσήκοντος
3523 4194 3772 4264 ὑστεροῦ-

2215 4295 2312 4350 μεν
2350 4278 2562 4350 καιροῦ.
2602 4278 2716 4351 Πρδ
2753 4280 2959 4350 χρόνων
2996 4280 3104 4352 γὰρ
3148 4283 3508 4353 πεντήκοντα,
3554 4284 3667 4349 νέος
3691 4283 3774 4339 ὢν

2212 4373 2291 4425 ἔτι
2314 4372 2410 4443 τὴν
2441 4371 2675 4443 ἡλικίαν,
2710 4372 2819 4443 ἐγὼ
2851 4374 2969 4446 μὲν,
3006 4377 3156 4447 παρά
3190 4393 3295 4430 τινι
3325 4376 3435 4432 τῶν
3485 4379 3770 4449 Θρᾳκικῶν

2139 4453 2184 4508 Ῑ)
2212 4462 2416 4517 πόλεων
2449 4463 2758 4535 διατρίϐων,
2789 4466 2932 4538 Αἴνῳ
2964 4467 3288 4541 καλουμένῃ,
3323 4462 3463 4523 εἶδον
3501 4472 3623 4524 τότε
3647 4472 3772 4536 τοὺς

2209 4557 2385 4609 ἐκεῖσε
2422 4556 2520 4627 τὴν
2550 4558 2760 4628 οἴκησιν
2802 4558 3152 4629 ποιουμένους
3189 4560 3475 4625 Ἰουδαίους
3506 4565 3569 4634 τῇ
3607 4570 3655 4615 κ’
3677 4564 3771 4617 τοῦ

2208 4646 2450 4720 Μαρτίου
2488 4648 2550 4703 τὸ
2575 4652 2769 4703 οἰκεῖον
2819 4651 3010 4722 Πάσχα
3048 4651 3404 4716 τελέσαντας·
3445 4654 3508 4707 τὸ
3545 4654 3605 4707 δὲ
3649 4656 3771 4709 καθ’

2211 4741 2355 4811 ἡμᾶς
2382 4740 2535 4809 διγιον
2566 4741 2756 4812 Πάσχα
2788 4743 2947 4812 ἡμεῖς
2970 4743 3036 4813 τῇ
3071 4748 3118 4795 κ’
3142 4741 3234 4795 τοῦ
3277 4743 3552 4815 Ἀπριλίου
3592 4746 3772 4799 ἐτελέ-

2212 4851 2402 4904 σαμεν,
2435 4834 2894 4906 ἀκολουθήσαντες
2931 4837 2995 4905 τῇ
3044 4835 3101 4887 ὲν
3138 4833 3214 4905 τῷ
3239 4836 3467 4908 κανονίῳ
3506 4837 3603 4890 τοῦ
3638 4839 3768 4892 Ἰου-

2205 4927 2391 4981 δαϊκοῦ
2420 4927 2609 4998 Πάσχα
2652 4926 3120 4999 διαλαμϐανομένῃ
3157 4928 3556 5001 πανσεληνιακῇ
3587 4930 3769 5004 ἡμέρα

2219 5018 2492 5093 Ἀπριλίου
2522 5026 2610 5093 ιη’.
2640 5020 2749 5073 Καὶ
2781 5018 2902 5071 τότε
2932 5019 3029 5089 μὲν
3075 5016 3185 5087 ἐγὼ
3217 5021 3273 5072 ὲν
3306 5020 3532 5092 ἀπόροις
3565 5021 3767 5093 ἐθέμην

2202 5114 2266 5168 τὸ
2303 5115 2554 5187 πρᾶγμα,
2592 5115 2754 5183 μήπω
2806 5110 3196 5182 μαθηματικῶν
3238 5111 3516 5183 ἁψάμενος
3554 5113 3725 5184 λόγων
3746 5132 3764 5146 ο

2207 5205 2429 5278 ὕστερον
2454 5205 2530 5270 δὲ,
2564 5203 2660 5267 τὰς
2698 5202 2875 5266 αἰτίας
2908 5201 3017 5254 τῶν
3057 5203 3309 5256 τοιούτων
3349 5205 3415 5257 ὲκ
3442 5204 3546 5274 τῆς
3571 5206 3767 5279 ἀστρον

2206 5299 2433 5371 νομικῆς
2464 5295 2648 5369 μαθὼν
2677 5295 3006 5367 ἐπιστήμης,
3027 5294 3196 5360 ἔγνων
3220 5296 3314 5349 καὶ
3332 5294 3491 5348 τοῦτο
3518 5297 3658 5350 κατά
3680 5298 3767 5351 τὸν

2208 5391 2392 5444 εἰκότα
2414 5388 2571 5457 λόγον
2600 5387 2833 5461 συμϐάν.
2877 5386 3109 5457 Φανερδν
3153 5386 3259 5456 ἄρα
3303 5386 3526 5454 γέγονεν
3553 5388 3618 5440 ὲκ
3649 5387 3768 5441 τοῦ-

2208 5503 2336 5547 των,
2365 5485 2469 5551 ὅτι,
2501 5481 2729 5553 ὁπηνίκα
2752 5480 3011 5549 σύνεγγυς
3038 5480 3136 5549 τῆς
3173 5478 3433 5551 ἀκριϐοῦς
3459 5468 3784 5553 ἰσημερίας

2209 5548 2484 5633 τουτέστιν
2509 5548 2618 5630 ἀπὸ
2643 5572 2745 5643 τῆς
2768 5569 2860 5627 τοῦ
2884 5548 3124 5642 Μαρτίου
3154 5575 3233 5637 ιε’,
3250 5548 3360 5635 ⁷ἕως
3386 5570 3485 5641 τῆς
3508 5548 3787 5667 faba-oi:
