4036 6218
279 325 417 382 1517

1162 327 1384 385 ISAACI
1421 325 1722 386 MONACHI
1755 319 2130 381 COMPUTUS
2185 317 2616 377 ECCLESIAST.
2729 313 2739 327 ’

3359 319 3495 376 1⁸518

276 459 368 506 κις
412 441 480 498 ἂν
521 443 769 518 δυνηθῇς,
801 445 892 498 τὸν
944 442 1038 498 τοῦ
1086 445 1284 520 κύκλου
1330 449 1428 520 τῆς
1489 446 1835 508 Ἰνδικτιῶνος

1936 438 2192 495 dictionis
2235 439 2474 510 cyclum,
2517 440 2632 494 sive
2665 451 2840 494 annos
2885 452 2956 492 xv
3007 456 3020 491 :
3068 435 3335 508 quidquid
3370 439 3498 492 reli-

276 533 531 606 ἀριθμὸν,
564 536 728 607 ἧγουν
757 535 847 588 τὸν
891 542 949 589 ιε’
970 553 983 566 ·
1017 538 1110 591 καὶ
1140 537 1210 592 τά
1256 539 1692 611 καταλειπόμενα
1734 538 1834 592 κά-

275 621 466 688 τωθεν,
497 623 528 694 ἢ
563 624 656 677 καὶ
688 623 878 694 μέχρις
902 624 1082 680 αὐτῶν
1112 626 1220 683 τῶν
1255 625 1339 691 ιε’,
1373 626 1519 684 ἐστιν
1559 629 1588 682 ὀ
1623 627 1836 682 ἐνιστά-

280 714 440 784 μένος
469 714 664 779 κύκλος
697 715 884 786 αὐτῆς.
1789 710 1820 718 ”

858 847 862 856 '
875 831 890 851 '
899 833 1248 906 Υπόδειγμα.

343 939 469 998 Οἴον
499 943 895 1017 ὺποδείγματος
925 947 1114 1021 χάριν
1164 951 1317 1004 Ἐπεὶ
1359 953 1428 1006 τὰ
1469 952 1577 1007 ἀπὸ
1608 953 1835 1017 κτίσεως

275 1036 482 1107 κόσμου
536 1037 691 1105 εἰσὶν,
743 1037 819 1103 ὡς
854 1038 1164 1111 δεδήλωται,
1209 1042 1302 1116 ἐτη
1351 1052 1557 1115 ,ςωπεκ
1581 1045 1831 1116 λέγομεν,

273 1129 358 1182 δτι
394 1131 868 1196 πεντεκαιδεκάκις
891 1132 959 1186 τὰ
1004 1140 1047 1187 ν’
1081 1136 1186 1204 cluv',
1231 1136 1324 1190 καὶ
1358 1137 1834 1201 πεντεκαιδεκάκις

275 1218 346 1273 τὰ
370 1225 419 1291 η’
449 1227 555 1292 ρκ’,
605 1222 864 1294 γινόμενα
906 1225 1041 1296 ὁμοῦ
1076 1225 1239 1298 ,ςωοῖ
1270 1227 1709 1298 Κατελείφθησαν
1740 1227 1835 1282 καὶ

277 1311 440 1383 μέχρι
462 1313 570 1367 τῶν
600 1322 786 1378 ,ςωπε’
826 1315 920 1386 ἔτη
947 1322 1039 1369 ιε’·
1075 1316 1111 1370 ἃ
1151 1317 1244 1371 καί
1273 1320 1408 1371 εἰσιν
1439 1320 1467 1372 ὁ
1489 1317 1834 1389 ἐνιστάμενος

273 1402 475 1467 κύκλος
501 1404 685 1474 αὐτῆς.
717 1406 854 1459 Ἀλλ’
870 1407 989 1460 ἐπεὶ
1009 1407 1270 1481 δυσχερὴς
1287 1405 1422 1463 εἶναι
1447 1408 1724 1474 δοκεῖτοῖς
1757 1408 1832 1481 μὴ

273 1495 468 1550 εἰδόσιν
499 1498 755 1567 ἐντέχνως
789 1498 1044 1569 ψηφίζειν
1074 1502 1106 1571 ή
1133 1501 1352 1572 τοιαύτη
1381 1502 1618 1573 μέθοδος,
1645 1503 1831 1555 ἐπενο-

273 1587 380 1659 ﬁlii;
403 1604 486 1652 τις
516 1588 647 1660 άλλη
683 1592 1007 1664 σαφεστέρα,
1042 1592 1136 1646 καὶ
1164 1594 1335 1666 ῥᾴστη
1365 1596 1475 1658 τοῖς
1499 1594 1671 1668 ταύτῃ
1690 1611 1830 1667 χρω-

278 1679 479 1750 μένοις,
512 1679 704 1750 έχουσα
733 1680 906 1746 ,οὕτως
918 1699 933 1715 ο

1933 547 2103 602 quum
2142 531 2247 586 erit
2285 529 2426 586 infra
2451 530 2701 585 eumdem
2733 546 3046 596 numerum,
3079 538 3175 584 aut
3201 530 3248 586 si
3285 531 3498 600 integer

1933 635 2195 678 numerus
2223 621 2342 692 ipse
2371 619 2625 676 residuus
2657 621 2749 688 sit,
2767 623 2870 678 erit
2891 637 3133 693 praesens
3165 619 3498 678 lndictionis

1935 713 2144 784 cyclus.

2548 823 2882 894 Exemplum.

2002 935 2245 1006 Exempli
2297 934 2469 1006 gratia
2535 954 2548 990 :
2613 934 2882 1002 Quoniam
2937 935 3007 991 ab
3076 935 3208 992 orbe
3275 937 3498 994 condito

1932 1034 2311 1101 numerantur,
2339 1035 2399 1081 ut
2437 1028 2549 1097 jam
2590 1027 2849 1092 diximus,
2898 1028 3024 1082 anni
3067 1027 3234 1094 6885,
3268 1031 3502 1099 quinde-‘

1933 1120 2045 1174 cies
2101 1122 2493 1190 quinquaginta
2543 1117 2752 1174 faciunt
2800 1120 2953 1187 750;
3002 1122 3316 1190 quindecies
3367 1124 3496 1180 item

1933 1221 2058 1268 octo
2088 1213 2220 1267 dant
2255 1211 2394 1278 12ος
2427 1212 2564 1266 ﬁunt
2595 1212 2722 1266 anni
2767 1214 2928 1268 simul
2979 1214 3138 1269 6870.
3189 1214 3393 1272 Desunt
3425 1216 3496 1271 ad

1933 1303 2288 1374 complendas
2337 1303 2478 1358 6885
2509 1304 2636 1358 anni
2681 1304 2770 1370 15,
2821 1307 2915 1374 qui
2949 1315 3033 1361 est
3071 1321 3309 1376 praesens
3350 1309 3496 1364 lndi-

1933 1397 2136 1452 ctionis
2176 1397 2382 1468 cyclus.
2414 1395 2615 1451 Verum
2657 1397 2784 1467 quia
2817 1412 3033 1452 morosa
3070 1411 3154 1454 est
3190 1400 3493 1456 calculandi

1929 1489 2154 1543 minime
2191 1489 2380 1559 peritis
2429 1489 2531 1544 ista
2573 1490 2882 1554 methodus,
2921 1493 3227 1562 excogitata
3269 1502 3354 1549 est
3388 1495 3495 1550 alia

1931 1581 2176 1650 quaedam
2208 1584 2465 1653 apertior,
2513 1591 2570 1636 et
2606 1583 2853 1652 expedita
2888 1598 3012 1638 cum
3061 1584 3250 1654 primis
3291 1585 3359 1642 iis
3399 1586 3493 1658 qui

1931 1675 2010 1728 uti
2039 1690 2102 1730 ea
2131 1675 2403 1729 voluerint
2429 1693 2444 1742 ;
2477 1690 2599 1746 qua:
2625 1675 2704 1730 sic
2739 1675 2900 1731 habet
2941 1695 2955 1731 :

346 1771 631 1843 Κράτησον
659 1772 726 1826 τά
755 1773 908 1842 ὀλίγα
934 1773 1027 1846 ἐτη
1051 1791 1064 1806 ·
1099 1774 1252 1844 ὀλίγα
1280 1775 1336 1829 δὲ
1369 1775 1597 1847 λέγομεν
1631 1775 1700 1830 τά
1730 1776 1830 1830 κά-
1857 1774 1858 1777 “

2000 1766 2200 1836 Accipe
2243 1767 2512 1822 minorem
2559 1783 2846 1823 numerum
2889 1783 3194 1834 annorum,
3239 1769 3494 1828 videlicet

273 1863 445 1918 τωθεν
472 1863 578 1918 τῶν
615 1881 672 1917 τε
711 1864 959 1935 χιλιάδων
993 1868 1086 1920 καὶ
1133 1869 1528 1922 έκατοντάδωνο
1558 1869 1724 1939 ἤγουν
1760 1867 1829 1921 τὰ

273 1955 341 2007 ἐκ
376 1954 612 2024 μονάδων
659 1955 752 2008 καὶ
783 1956 1040 2022 δεκάδων,
1075 1957 1108 2029 ἢ
1141 1957 1235 2012 καὶ
1274 1958 1332 2024 ἐξ
1364 1957 1685 2029 ἀμφοτέρων
1707 1974 1830 2010 συν-

275 2045 578 2116 ιστάμενα,
631 2044 788 2100 ἅτινά
837 2049 942 2100 εἰσι
1001 2048 1100 2118 τὴν
1153 2050 1390 2120 σήμερον
1447 2056 1548 2104 πεν.
1611 2049 1830 2112 Τούτοις

275 2135 512 2207 πρόσθες
536 2141 597 2201 ε’,
640 2136 732 2189 καὶ
782 2137 1016 2206 γίνονται
1047 2141 1116 2204 Lf.
1151 2137 1348 2206 Ἀφελε
1376 2137 1484 2191 ἀπὸ
1514 2137 1717 2192 τούτων
1761 2137 1832 2191 τά

276 2231 375 2291 ιε’,
404 2226 588 2288 ὁσάκις
625 2226 875 2296 ἐγχωρεῖ,
922 2226 1120 2281 εἰπών·
1170 2227 1650 2292 Πεντεκαιδεκάκις
1678 2229 1748 2283 τὰ
1789 2235 1829 2281 ε’

273 2323 348 2371 οε¹
368 2335 381 2347 ·
413 2315 834 2388 κατελείφθησαν
861 2317 1020 2390 μέχρι
1040 2319 1148 2372 τῶν
1177 2323 1227 2386 ια
1254 2319 1348 2374 καὶ
1375 2327 1434 2373 ιε’
1454 2337 1467 2350 ο
1494 2320 1650 2374 ἅτινά
1673 2322 1828 2387 slew,

273 2410 355 2479 ᾡς
387 2410 638 2482 ἀνωτέρω
669 2410 978 2481 δεδήλωται,
1029 2412 1057 2463 ὁ
1093 2412 1438 2482 ἐνιστάμενος
1489 2411 1684 2477 κύκλος
1731 2413 1831 2483 τῆς

287 2502 573 2556 Ἰνδίκτου·
609 2503 788 2556 ὅντινα
828 2503 921 2557 xal
957 2503 1206 2574 εὑρήσεις
1243 2503 1497 2572 ἀσφαλῶς
1530 2507 1646 2568 ταῖς
1678 2506 1830 2576 είρη-

278 2595 470 2666 μέναις
495 2594 771 2667 χρώμενος
794 2594 1018 2663 ἐφόδοις,
1049 2593 1280 2665 ὁποτέρᾳ.
1313 2593 1495 2665 βούλῃ.

384 2728 523 2797 Περὶ
553 2727 662 2797 τῆς
687 2725 976 2795 εὑρέσεως
1003 2724 1108 2780 τοῦ
1141 2724 1368 2779 κύκλου
1395 2722 1500 2778 τοῦ
1527 2724 1724 2792 ἡλίου.

351 2846 423 2898 Β⁹.
457 2845 518 2898 Ὀ
532 2844 590 2899 δέ
630 2861 691 2913 γε
719 2843 810 2898 τοῦ
839 2841 986 2914 ἡλίου
1011 2840 1205 2904 κύκλος
1229 2839 1451 2910 ἄρχεται
1483 2839 1581 2910 μὲν
1609 2836 1714 2892 ἀπὸ
1731 2837 1832 2907 τῆς

277 2944 326 2990 α’
350 2937 442 2990 τοῦ
487 2935 808 3008 Ὀκτωϐρίου
851 2934 1037 3004 μηνὸς,
1080 2931 1362 3004 ἀνέρχεται
1388 2932 1444 2985 δέ
1481 2932 1584 2996 ἓως
1611 2931 1832 3004 χρόνους

275 3026 386 3099 κη’,
419 3027 511 3080 καὶ
557 3023 712 3088 αὖθις
753 3024 1015 3096 λαμϐάνει
1055 3023 1154 3096 τὴν
1185 3023 1376 3095 ἀρχήν.
1423 3023 1486 3076 Εί
1527 3017 1618 3076 οὖν
1661 3021 1833 3084 Θέλεις

1929 1873 2053 1912 eum
2095 1859 2188 1927 qui
2226 1858 2369 1912 infra
2404 1859 2740 1915 millenarios
2762 1867 2816 1915 et
2852 1861 3190 1916 centenarios
3213 1865 3488 1931 excurrit;

1929 1943 2032 1998 hoc
2056 1952 2138 2000 est
2169 1947 2262 2015 qui
2297 1962 2365 2001 ex
2403 1948 2704 2004 unitatibus
2736 1957 2790 2005 et
2815 1949 3128 2011 decadibus,
3166 1953 3251 2006 vel
3279 1968 3344 2008 ex
3370 1969 3489 2008 am-

1928 2032 2104 2088 bobus
2149 2042 2387 2099 constat,
2427 2037 2736 2106 cujusmodi
2776 2037 2936 2095 hodie
2968 2047 3051 2096 est
3079 2041 3168 2096 85.
3215 2042 3298 2096 Ad
3345 2043 3494 2098 hunc

1929 2125 2066 2179 adde
2107 2124 2141 2179 5
2180 2141 2193 2176 ε
2243 2125 2376 2180 ﬁunt
2416 2126 2502 2181 90.
2536 2127 2767 2184 Detrahe
2810 2131 2896 2194 15,
2942 2133 3122 2204 quoad
3169 2143 3343 2205 potes,
3384 2136 3491 2190 hoc

1929 2216 2091 2271 modo
2142 2233 2157 2269 :
2204 2217 2520 2284 quindecies
2574 2221 2816 2292 quinque
2864 2223 2996 2277 dant
3046 2225 3133 2289 75,
3177 2234 3384 2281 restant
3425 2227 3491 2281 15

1930 2306 1997 2360 ad
2034 2308 2385 2378 complendas
2425 2308 2513 2364 90.
2562 2309 2662 2366 Hic
2689 2314 2791 2368 erit
2836 2315 3022 2385 cyclus
3056 2331 3300 2384 praesens
3341 2316 3490 2371 Indi-

1929 2399 2126 2454 ctionis
2169 2416 2183 2453 :
2217 2416 2378 2470 quem
2417 2409 2649 2473 utraque
2680 2406 2952 2474 methodo,
2991 2415 3154 2476 prout
3177 2408 3353 2464 visum
3385 2409 3491 2464 erit

1929 2497 2135 2555 exacte,
2172 2492 2434 2560 reperies.

2150 2715 2421 2781 Quomodo
2445 2715 2780 2770 inveniendus
2808 2717 2878 2770 sit
2907 2716 3035 2770 solis
3064 2715 3258 2784 cyclus.

1999 2831 2065 2886 ll.
2104 2831 2305 2903 Cyclus
2353 2830 2486 2886 solis
2536 2845 2565 2884 a
2593 2830 2847 2885 Kalendis
2890 2828 3142 2886 Octobris
3179 2829 3489 2895 inchoatur,

1934 2931 1988 2977 et
2039 2922 2107 2977 ad
2150 2937 2324 2977 annos
2362 2935 2533 2976 xxvm
2583 2919 2945 2991 progreditur,
2985 2919 3130 2975 unde
3171 2934 3362 2976 rursus
3391 2935 3491 2974 no-

1931 3029 2058 3069 vum
2107 3015 2254 3084 capit
2308 3014 2548 3067 initium.
2594 3011 2750 3066 Hunc
2779 3027 2910 3082 ergo
2946 3012 3192 3082 reperire
3224 3011 3272 3068 si
3303 3012 3488 3067 volue-

277 3119 374 3172 καὶ
397 3117 579 3170 τοῦτον
604 3118 797 3188 εὑρεῖν,
827 3115 955 3168 λάϐε
985 3113 1053 3168 τά
1089 3113 1196 3168 ἀπὸ
1227 3113 1455 3177 κτίσεως
1477 3112 1679 3183 κόσμου
1713 3111 1829 3182 ἐτη,

1943 3107 2044 3174 ris,
2076 3106 2261 3176 accipe
2289 3120 2461 3160 annos
2500 3104 2568 3159 ab
2606 3105 2737 3159 orbe
2772 3104 3014 3168 condito,
3055 3112 3110 3159 et
3145 3119 3238 3160 eos
3285 3105 3492 3174 partire

279 3213 375 3266 καὶ
404 3211 622 3282 μέρισον
665 3209 801 3263 αὐτὰ
835 3208 985 3278 παρὰ
1011 3207 1102 3261 τὸν
1127 3206 1356 3279 ἀριθμὸν
1378 3206 1487 3260 τῶν
1517 3203 1704 3259 τούτου
1733 3203 1833 3258 κύ·

277 3304 444 3368 κλων,
493 3304 655 3373 ἧγουν
697 3300 801 3354 τῶν
843 3306 962 3371 κη’⁶
1012 3299 1085 3352 τά
1127 3297 1557 3369 καταλειπόμενα
1593 3294 1835 3351 κάτωθεν

279 3396 388 3448 τῶν
452 3401 558 3466 κη’,
606 3393 640 3460 ἢ
697 3392 790 3446 καὶ
835 3392 939 3455 ἓως
999 3389 1176 3446 αὐτῶν
1195 3430 1211 3456 ,
1267 3388 1411 3443 ἔστιν
1459 3389 1490 3440 ὁ
1535 3387 1629 3441 τοῦ
1685 3386 1832 3458 ἡλίου

279 3486 497 3549 κύκλος.

892 3595 1238 3666 Υπόδειγμα.

387 3731 474 3767 ινα
527 3713 584 3766 δέ
635 3709 910 3767 κάνταῦθα
957 3709 1286 3780 σαφέστερον
1331 3707 1360 3761 δ
1401 3707 1544 3777 λέγω
1587 3705 1832 3777 γένηται,

281 3804 542 3874 λαμϐάνω
575 3802 645 3856 τὰ.
674 3802 934 3874 εἰρημένα
983 3801 1077 3873 ἐτη
1129 3800 1199 3854 τὰ
1227 3797 1443 3872 genere"
1493 3798 1586 3852 καὶ
1633 3794 1836 3869 μερίζω

282 3896 457 3951 ταῦτα
501 3894 648 3968 παρὰ
678 3894 784 3947 τῶν
837 3899 920 3964 κη’
946 3891 1115 3956 οὕτως
1139 3907 1155 3923 ·
1202 3890 1647 3952 Ὀκτωεικοσάκις
1692 3888 1760 3943 τὰ
1791 3894 1835 3940 σ¹

285 3997 377 4060 ,ε,χ’
400 4005 413 4017 ⁸
449 3986 865 4050 ὀκτωεικοσάκις
894 3986 960 4039 τὰ
997 3992 1048 4055 μ’
1093 3991 1226 4056 ,αρκ’
1245 3999 1258 4013 ·
1304 3984 1398 4038 καὶ
1424 3981 1837 4044 ὀκτωεικοσάκις

282 4084 355 4138 τὰ
401 4088 440 4134 ε’
493 4086 612 4153 ρμ”
659 4080 916 4149 γινόμενα
959 4073 1092 4148 ὁμοῦ
1123 4074 1290 4147 ,ςωξη
1339 4071 1678 4141 Κατελείφθη
1732 4071 1838 4133 ἕως

283 4171 394 4225 τῶν
430 4176 510 4225 πε⁹
539 4168 632 4223 καὶ
668 4167 760 4240 ἐτη
799 4173 875 4221 κε’
896 4184 908 4196 ”
945 4164 1104 4220 ἅτινά
1135 4165 1270 4218 εἰσιν
1301 4164 1329 4216 ὁ
1371 4162 1514 4217 κατὰ
1558 4161 1618 4214 τὸ
1666 4160 1837 4232 παρὸν

281 4263 404 4325 ἔτος
432 4260 774 4332 ἐνιστάμενος
802 4256 996 4320 κύκλος
1022 4253 1118 4309 τοῦ
1145 4254 1297 4328 ἡλίου
1327 4253 1566 4317 εἰκοστὸς
1593 4251 1837 4323 πέμπτος

283 4352 584 4422 τυγχάνων.

1931 3213 2030 3268 per
2074 3197 2178 3261 28,
2229 3197 2322 3267 qui
2383 3204 2468 3252 est
2516 3211 2777 3250 numerus
2829 3195 3104 3266 cyclorum
3187 3194 3488 3260 solarium;

1933 3289 2193 3360 quidquid
2221 3288 2492 3344 relicuum
2515 3288 2617 3344 erit
2639 3302 2748 3342 non
2776 3287 2954 3357 majus
2983 3301 3143 3357 quam
3166 3286 3257 3351 28,
3278 3285 3368 3341 hic
3385 3286 3491 3342 erit

1933 3383 2066 3438 solis
2091 3381 2299 3451 cyclus.

2541 3575 2876 3645 Exemplum.

2003 3688 2074 3745 Ut
2115 3699 2295 3745 autem
2345 3689 2548 3745 clarius
2601 3690 2674 3744 sit
2723 3689 2867 3760 quod
2916 3687 3060 3753 dico,
3113 3705 3270 3746 sumo
3317 3704 3491 3745 annos

1933 3781 2140 3847 mundi,
2172 3797 2309 3852 quos
2334 3779 2480 3848 dixi,
2508 3777 2669 3846 6885,
2713 3796 2916 3851 eosque
2953 3780 3136 3836 divido
3169 3796 3265 3850 per
3285 3781 3354 3836 28
3387 3783 3491 3838 hoc

1934 3873 2096 3928 modo
2154 3892 2167 3928 :
2229 3871 2411 3927 Vicies
2471 3872 2641 3927 octies
2687 3871 2792 3927 200
2849 3871 3056 3926 faciunt
3101 3870 3281 3939 5600;
3323 3872 3491 3927 vicies

1935 3965 2106 4022 octies
2149 3965 2240 4030 40,
2291 3965 2422 4020 dant
2471 3963 2650 4032 M20;
2697 3964 2866 4020 vicies
2907 3965 3078 4019 octies
3117 3963 3150 4017 5
3191 3972 3317 4019 sunt
3365 3964 3489 4019 MO.

1938 4055 2158 4112 Summa
2195 4056 2333 4112 6860
2354 4094 2372 4121 ,
2403 4055 2596 4126 reliqui
2631 4062 2759 4110 sunt
2805 4054 2874 4109 ad
2922 4055 3216 4125 explendos
3247 4055 3318 4110 85
3351 4054 3485 4109 anni

1934 4150 2023 4217 25,
2058 4150 2150 4221 qui
2178 4156 2261 4205 est
2283 4149 2412 4204 anni
2440 4148 2725 4219 praesentis
2753 4147 2947 4203 solaris
2977 4147 3163 4203 cvclus
3189 4146 3280 4202 25.

369 4409 520 4497 ζὲπεὶ
557 4443 614 4496 δέ
650 4441 709 4494 ού
744 4439 899 4511 μόνον
930 4439 1042 4502 τοῖς
1076 4437 1200 4509 ἄρτι
1234 4433 1568 4507 μαθημάτων
1601 4428 1837 4502 ἁπτομέ-

2005 4409 2073 4474 Ει
2103 4416 2361 4487 quoniam
2407 4431 2516 4471 non
2566 4416 2739 4470 solum
2772 4415 3058 4486 tyronibus
3087 4412 3222 4468 artis
3261 4411 3490 4482 cujusli-

284 4554 419 4602 νοις,
449 4535 583 4589 ἀλλά
615 4534 708 4587 καὶ
734 4531 944 4594 πολλοῖς
968 4529 1074 4583 τῶν
1105 4525 1486 4597 ἐντελεστέρων
1509 4521 1840 4595 αίρετώτερά

284 4633 392 4685 εἰσι
427 4629 496 4682 τά
547 4626 884 4697 σαφέστερα,
923 4622 998 4686 ὠς
1043 4619 1446 4692 εὐληπτότερα·
1493 4614 1840 4682 ὑποδείξομεν

284 4717 562 4774 κάνταῦθα
593 4717 689 4789 τὴν
720 4712 1051 4784 σαφεστέραν
1079 4710 1193 4764 ὁδὸν
1223 4708 1446 4778 ἔχουσαν
1480 4705 1670 4768 οὕτως·
1715 4703 1841 4765 Τοῖς

278 4812 486 4880 ὀλίγοις
526 4809 721 4872 ἐτεσιν,
767 4804 923 4859 ἆτινά
959 4804 1094 4856 slew
1140 4801 1262 4872 ἄρτι
1302 4804 1406 4861 ets’,
1444 4793 1840 4868 προστιθέαμεν

285 4905 363 4959 κδ’
385 4923 398 4936 ·
429 4904 522 4957 καὶ
564 4901 799 4969 γίνονται
852 4895 958 4968 pO"
990 4894 1161 4948 ταῦτα
1207 4889 1492 4960 ὑφείλομεν
1537 4884 1688 4956 παρὰ
1733 4881 1841 4936 τῶν

281 5005 374 5069 κη’
396 5038 412 5061 ,
463 4995 741 5064 λέγοντες⁶
806 4985 1251 5048 Ὀκτωεικοσάκις
1309 4982 1378 5036 τὰ
1426 4986 1474 5049 γ’
1530 4976 1643 5069 1:6:-
1712 4993 1842 5069 κατ-

284 5063 608 5158 ελείφθησαν
661 5083 820 5155 μέχρι
867 5081 975 5134 τῶν
1023 5079 1099 5151 pO’
1146 5077 1240 5130 καὶ
1297 5080 1371 5129 κε’
1391 5091 1404 5104 ο
1436 5072 1512 5135 ὡς
1572 5063 1709 5123 εἶναι
1752 5066 1842 5121 τὸν

285 5181 631 5251 ἐνιστάμενον
657 5175 854 5231 κύκλον
886 5179 984 5238 κε’,
1011 5173 1086 5236 ὡς
1115 5165 1529 5242 προδεδήλωται.

287 5401 489 5465 Ὅπως
517 5397 612 5452 δεῖ
648 5395 951 5465 εὐρίοςκειις
993 5387 1275 5465 ιξξιιίςγτοι)Δ
1296 5382 1489 5453 μηνὸς
1518 5379 1745 5465 ἡμέραν
1775 5376 1844 5430 ἐν

461 5449 604 5537 ὲὸιᾷ
642 5449 760 5520 ἐῶ)-
791 5461 834 5524 ζ¹
875 5462 985 5532 τῆς
1023 5449 1344 5526 ἑϐδομάδος
1367 5449 1668 5523 τυγχάνει.

357 5647 431 5700 1".
473 5643 688 5698 Κείσθω
714 5657 795 5694 σοι
823 5637 880 5691 δὲ
919 5636 1012 5691 καὶ
1037 5635 1192 5688 τοῦτο
1219 5632 1277 5684 ἐν
1315 5627 1531 5700 γνώσει,
1559 5624 1656 5688 ὡς,
1686 5622 1752 5693 ἢν
1779 5620 1845 5674 ἂν

1941 4512 2050 4576 bet,
2084 4509 2178 4566 sed
2224 4523 2417 4564 eorum
2461 4509 2734 4579 plerisque
2786 4509 2879 4578 qui
2931 4506 2987 4560 in
3029 4521 3092 4560 ea
3140 4503 3494 4575 perfectiores

1941 4611 2088 4666 sunt,
2136 4601 2464 4672 iucundiora
2522 4602 2700 4656 solent
2739 4614 2862 4655 esse
2910 4613 3029 4668 qua:
3078 4604 3206 4653 sunt
3238 4597 3492 4661 clariora,

1940 4697 2084 4768 quod
2117 4695 2339 4751 facilius
2369 4694 2652 4764 capiantur
2685 4711 2698 4747 :
2738 4707 2836 4746 nos
2881 4689 3272 4760 expeditiorem
3303 4704 3497 4760 quam-

1940 4790 2063 4845 dam
2105 4787 2251 4842 viam
2291 4786 2382 4840 hic
2427 4785 2756 4855 aperiemus.
2792 4797 2913 4853 qua:
2945 4789 3029 4837 est
3058 4781 3348 4851 ejusmodi.
3396 4781 3498 4834 Mi-

1939 4877 2059 4933 nori
2099 4891 2364 4932 annorum
2413 4889 2662 4940 numero,
2710 4873 2804 4944 qui
2851 4880 2936 4927 est
2979 4871 3068 4935 85,
3115 4868 3367 4925 addimus
3403 4871 3493 4934 21,

1941 4967 2076 5021 ﬁunt
2105 4965 2205 5020 109
2235 4984 2249 5020 :
2283 4966 2394 5020 haec
2421 4979 2518 5034 per
2535 4963 2606 5017 28
2638 4961 2956 5024 dividimus,
2989 4961 3174 5029 itaque
3200 4960 3499 5015 ratiocina-

1942 5068 2061 5114 mur
2116 5075 2129 5111 :
2177 5057 2342 5113 vicies
2399 5056 2570 5111 octies
2607 5057 2642 5110 5
2692 5064 2819 5110 sunt
2869 5054 2957 5108 84.
3009 5053 3235 5118 Restant
3276 5051 3342 5106 ad
3393 5051 3497 5108 109

1942 5151 2316 5223 eomplendos,
2369 5149 2460 5216 25,
2505 5149 2598 5221 qui
2647 5156 2734 5204 est
2791 5149 2976 5218 cyclus
3013 5161 3255 5216 praesens
3300 5144 3392 5209 25,
3437 5151 3498 5199 ut

1938 5246 2050 5314 jam
2081 5240 2442 5299 ostendimus.

1945 5359 2108 5430 208
2134 5357 2252 5424 Qua
2288 5355 2493 5408 ratione
2531 5348 3006 5430 propositaguauis
3040 5346 3235 5430 mensis
3270 5342 3498 5430 alicui“;

2014 5414 2175 5493 d5,"
2199 5414 2543 5496 cognoscatur
2596 5414 2753 5493 quam
2809 5414 2862 5473 in
2925 5415 3260 5472 hebdomadis
3313 5414 3501 5482 feriam

2016 5502 2272 5553 incurrat.

2012 5613 2100 5666 lll.
2136 5610 2360 5666 Noveris
2382 5620 2761 5678 quamcunque
2789 5604 2929 5660 diem
2961 5601 3018 5656 in
3046 5595 3333 5655 duodecim
3371 5593 3501 5648 anni
3579 5670 3584 5680 ‘

285 5689 1218 5813 ἡμέραν-τωνπτούνὸλουἐνιαυτοῦ
1274 5689 1339 5795 ip;
1386 5689 1570 5794 μηνῶν
1616 5689 1848 5786 ἐθελήσῃ

1949 5705 2226 5764 mensibus
2266 5709 2522 5759 accurate
2550 5701 2673 5773 quis
2707 5710 3038 5770 cognoscere
3063 5691 3214 5758 velit,
3257 5689 3313 5746 in
3340 5698 3503 5764 quam
3577 5751 3601 5776 .
