4036 6218
553 303 691 358 1519

1571 301 1659 356 AD
1699 301 1966 358 EUSEDII
2007 302 2402 362 CllRONlCON
2450 302 2811 360 APPENDIX.

3655 303 3783 360 £320

552 417 904 475 hebdomadis
952 418 1141 475 feriam
1195 419 1417 483 incidat,
1462 420 1530 474 ad
1578 422 1681 476 hoc
1727 423 2109 477 extricandum

2211 441 2295 487 τις
2332 424 2573 495 ἀκριϐῶς
2617 424 2814 478 εἰδέναι
2855 423 2912 476 ὲν
2944 422 3075 492 ποίει⁵
3114 422 3224 476 τῶν
3276 423 3320 487 ζ’
3352 423 3452 494 τῆς
3495 423 3788 494 ἑϐδομάδος

551 511 812 566 utendum
847 511 924 565 illi
965 526 1089 567 esse
1133 513 1288 584 cyclo
1334 513 1486 577 solis,
1521 522 1575 568 et
1612 517 2042 585 congruentibus
2068 520 2118 572 ei

551 605 795 665 biscxtis.
853 621 1064 660 necnon
1111 607 1315 676 epactis
1365 606 1652 661 mensium.
1701 609 1994 664 Sciendum
2035 619 2119 666 est

526 693 716 762 ‘igitur
750 693 1031 750 bisextiles
1064 697 1120 751 in
1164 713 1272 752 uno
1317 698 1471 767 cyclo
1519 700 1651 755 solis
1698 716 1819 756 esse
1865 709 2115 772 septem;

551 799 676 837 nam
714 793 906 854 quater
945 795 1167 856 septena
1199 786 1402 842 faciunt
1429 789 1518 842 28.
1554 788 1764 844 Etenim
1807 792 1860 846 in
1889 807 2032 846 anno
2066 809 2119 846 tv

551 872 664 926 dies
712 890 856 930 unus
901 878 1178 946 colligitur
1219 895 1232 931 :
1269 893 1430 947 porro
1467 880 1740 933 mensium
1785 890 2011 950 epactae,
2071 882 2117 938 si

550 965 742 1022 diebus
788 977 1038 1023 constent
1087 985 1236 1032 χχιι,
1293 980 1420 1024 sunt
1468 972 1549 1035 ὅς
1608 971 1690 1025 sin
1753 988 1857 1025 xxx
1907 980 2118 1028 tantum

550 1059 805 1122 habeant,
836 1070 964 1113 sunt
985 1059 1040 1112 2.
1069 1059 1345 1129 Incipiunt
1375 1070 1558 1116 autem
1600 1064 1666 1118 ab
1691 1061 1938 1130 Octobri,
1974 1064 2120 1119 unde

550 1160 604 1205 et
661 1153 848 1222 cyclus
906 1153 1038 1207 solis
1091 1154 1403 1208 inchoatur.
1455 1153 1622 1223 lgitur
1673 1167 1895 1226 epactas
1955 1158 2119 1212 habet

550 1243 787 1297 October
813 1244 866 1307 5,
897 1243 1202 1299 November
1233 1245 1288 1310 2,
1327 1245 1626 1300 December
1647 1247 1701 1310 5,
1734 1247 2026 1304 Januarius
2060 1251 2114 1311 3,

550 1334 780 1389 Martius
807 1336 861 1398 δ’,
895 1336 1094 1405 Aprilis
1123 1336 1180 1396 2,
1223 1336 1398 1392 Maius
1446 1338 1498 1402 5,
1545 1337 1740 1393 Junius
1771 1340 1826 1402 2,
1858 1339 2033 1394 Julius
2062 1341 2116 1404 5,

549 1427 829 1497 Augustus
875 1429 1000 1482 item
1049 1428 1103 1490 3,
1143 1426 1459 1497 September
1500 1430 1554 1482 2.
1599 1428 1883 1500 Proposita
1937 1433 2120 1502 itaque

553 1519 796 1589 qualibet
848 1519 1051 1571 mensis
1104 1517 1225 1582 die,
1284 1535 1444 1588 quam
1496 1520 1740 1575 invenire
1792 1522 1967 1592 placet
2017 1523 2112 1593 (sit

548 1617 728 1665 autem
758 1610 986 1679 exempli
1011 1610 1183 1679 gratia
1206 1627 1328 1663 xxix
1361 1610 1537 1665 Martii
1563 1612 1679 1667 dies
1701 1613 1864 1682 hujus
1889 1615 2039 1677 anni,
2062 1616 2116 1669 in

551 1717 712 1772 quam
738 1700 1174 1755 Christianorum
1204 1701 1608 1756 sanctissimum
1632 1702 1839 1757 Pascha
1870 1705 2112 1776 incidet),

551 1792 618 1845 ad
652 1792 796 1845 hunc
819 1791 1036 1844 modum
1062 1791 1363 1845 invenietur
1387 1810 1399 1845 :

2220 515 2442 586 ἡμερῶν
2494 515 2769 586 τυγχάνει,
2823 513 2904 586 τῷ
2952 511 3047 565 τοῦ
3093 512 3243 582 ἡλίου
3297 512 3483 584 κύκλῳ
3538 516 3636 568 καὶ
3681 519 3789 578 τοῖς

2219 607 2502 676 ἑπομένοις
2538 607 2684 678 αὑτῷ
2722 605 3002 676 βισέξτοις,
3036 606 3116 659 ἔτι
3152 607 3210 659 δὲ
3249 607 3341 659 καὶ
3371 610 3492 670 ταῖς
3524 609 3792 669 ἑπακταῖς

2219 699 2327 751 τῶν
2363 699 2547 769 μηνῶν
2577 698 2710 770 πρὸς
2741 697 2840 768 τὴν
2869 698 3072 769 ταύτης
3119 697 3333 768 εὑρεσιν
3376 700 3669 770 χρήσεται.
3707 696 3794 748 Διὸ

2217 789 2507 858 γινώσκειν
2540 806 2597 840 σε
2632 789 2758 860 Χρὴν
2806 789 2881 852 ὡς
2927 789 3146 860 βίσεξτα
3180 791 3277 860 μὲν
3309 790 3349 820 ¹¹
3380 790 3469 843 τὸν
3491 787 3589 841 τοῦ
3640 789 3791 858 ἡλίου

2219 884 2415 938 κύκλον
2461 886 2595 936 εἰσὶν
2627 885 2670 948 ζ’
2692 901 2706 915 ο
2751 884 3002 955 τετράκις
3048 883 3156 954 γὰρ
3200 882 3270 935 τά
3302 883 3343 947 ζ’
3371 888 3488 952 κη’·
3523 881 3674 934 κατὰ
3711 899 3794 933 τε-

2217 973 2414 1043 τάρτου
2456 972 2564 1043 γὰρ
2593 971 2785 1042 χρόνου
2824 974 3110 1042 συνάγεται
3141 973 3230 1025 ἕν’
3273 974 3327 1024 αἱ
3374 972 3430 1024 δὲ
3463 971 3575 1023 τῶν
3607 971 3794 1040 μηνῶν

2219 1064 2452 1116 ἑπακταὶ
2491 1063 2598 1114 τῶν
2650 1063 2745 1132 μὲν
2782 1064 3009 1133 ἐχόντων
3062 1063 3166 1116 ἀνά
3215 1062 3292 1116 λα’
3321 1063 3532 1133 ἡμέρας
3584 1063 3696 1114 εἰσὶ
3725 1069 3792 1130 γ’,

2219 1157 2325 1209 τῶν
2370 1156 2425 1208 δὲ
2473 1155 2577 1209 ἀνά
2611 1154 2652 1209 λ’
2705 1154 2766 1226 β’.
2805 1158 3094 1227 Ἀρχονται
3133 1156 3261 1223 γοῦν
3294 1157 3399 1208 ἀπὸ
3442 1154 3538 1208 τοῦ
3587 1155 3792 1206 Ὀκτω-

2219 1248 2370 1317 ϐρίου
2413 1247 2600 1318 μηνὸς,
2631 1247 2722 1316 ἀφ’
2754 1243 2813 1302 οὑ
2857 1249 2948 1301 καὶ
2996 1249 3024 1299 ὁ
3068 1246 3161 1300 τοῦ
3207 1247 3353 1317 ἡλίου
3390 1245 3591 1307 κύκλος
3630 1247 3795 1314 ἄρχεο

2217 1359 2326 1393 ται.
2357 1341 2464 1394 Καί
2495 1343 2600 1393 είσι
2639 1340 2732 1394 τοῦ
2775 1341 3103 1411 Ὀκτωϐρίου
3138 1347 3207 1408 γ’,
3238 1339 3329 1392 τοῦ
3379 1338 3696 1408 Νοεμϐρίου
3730 1338 3792 1407 β’,

2217 1433 2310 1486 τοῦ
2341 1433 2673 1503 Δεκεμϐρίου
2702 1441 2771 1502 γ’,
2801 1433 2892 1486 τού
2939 1433 3263 1505 Ἰανουαρίου
3294 1440 3362 1500 γ’,
3399 1431 3490 1483 τού
3543 1431 3793 1501 Μαρτίου

2219 1531 2291 1593 γ’,
2318 1524 2410 1578 τοῦ
2458 1526 2730 1598 Ἀπριλίου
2765 1524 2830 1596 β’,
2858 1523 2950 1578 τού
2995 1527 3170 1580 Μαΐου
3205 1531 3272 1593 γ’,
3305 1523 3397 1577 τού
3457 1523 3680 1577 Ἰουνίου
3731 1522 3794 1591 β’,

2218 1615 2311 1669 τοῦ
2356 1615 2574 1670 Ἰουλίου
2611 1624 2680 1684 γ’,
2713 1615 2928 1669 καὶτοῦ
2973 1613 3277 1683 Αὐγούστου
3315 1621 3385 1682 γ’,
3422 1615 3515 1668 καὶ
3554 1614 3651 1666 τοῦ
3706 1615 3798 1666 Σε-

2218 1708 2516 1779 πτεμϐρίου
2536 1706 2598 1778 β’.
2619 1709 2681 1760 Εἰ
2708 1705 2800 1761 οὖν
2839 1707 3012 1778 βούλει
3037 1707 3421 1778 ὀποιανδήποτε
3454 1706 3625 1777 μηνὸς
3657 1706 3799 1775 ἡμέ-

2152 1786 2195 1845 Β
2225 1816 2322 1869 ραν
2352 1799 2530 1870 εὑρεῖν
2583 1798 2802 1868 (κείσθω
2847 1798 2902 1852 δὲ
2950 1799 3106 1869 χάριν
3135 1799 3525 1868 ύποδείγματος
3565 1800 3597 1868 ἡ
3649 1797 3801 1849 κατά

549 1887 611 1941 τὸ
654 1887 1001 1958 ἐνιστάμενον
1035 1885 1129 1939 νύν
1159 1886 1277 1950 ἔτος
1319 1886 1398 1941 κθ¹
1430 1886 1523 1942 τοῦ
1563 1889 1808 1961 Μαρτίου
1840 1891 2026 1962 μηνὸς,
2058 1892 2116 1947 ἑν
2153 1887 2308 1967 ᾖκαὶ
2334 1895 2394 1949 τὸ
2432 1896 2582 1965 ἅγιον
2626 1895 2779 1966 ἡμῶν
2832 1894 2937 1948 τῶν
2981 1893 3315 1966 Χριστιανῶν
3355 1894 3548 1962 Πάσχα
3599 1892 3796 1964 ἔσται)

549 1980 902 2055 εὑρεθήσεται
932 1979 1122 2043 οὓτως·

616 2073 781 2128 Sume
813 2073 1078 2127 labentem
1106 2072 1240 2128 solis
1267 2074 1501 2144 cyclum,
1542 2075 1632 2144 qui
1661 2083 1744 2129 est
1763 2077 1855 2140 25,
1890 2093 2118 2147 ejusque

549 2166 832 2222 bisextiles
862 2164 894 2218 6
924 2183 939 2230 ;
972 2179 1095 2216 nam
1124 2174 1316 2232 quater
1358 2180 1454 2219 sex
1484 2165 1723 2220 elliciunt
1749 2167 1840 2222 24.
1879 2167 2115 2225 Summae

549 2256 794 2312 omnium
843 2256 905 2309 '51
962 2255 1102 2309 adde
1149 2255 1415 2310 mensium
1455 2265 1697 2325 epactas,
1737 2273 1928 2330 nempe
1956 2257 2120 2315 Octo-

548 2347 685 2408 bris,
726 2345 1067 2412 Novembris,
1100 2345 1411 2401 Decembris
1453 2355 1506 2401 et
1535 2345 1785 2402 Januarii
1817 2368 1830 2416 ;
1866 2349 1984 2407 dies
2011 2369 2118 2406 un-

549 2440 748 2500 decim,
794 2436 928 2492 [iunt
961 2437 1053 2491 42.
1114 2437 1362 2507 Adjunge
1411 2437 1592 2491 Martii
1633 2439 1704 2494 9.9
1772 2441 1908 2508 dies,
1962 2444 2121 2512 cujus

551 2529 739 2585 feriam
765 2529 1014 2599 inquiris,
1046 2528 1341 2583 coniiciunt
1376 2528 1462 2594 7i,
1494 2544 1613 2600 quae
1635 2547 1731 2600 per
1771 2531 1801 2584 7
1829 2533 2121 2588 hebdoma-

547 2627 636 2682 dis
683 2626 884 2696 partire
923 2624 1041 2679 dies
1082 2625 1136 2678 in
1190 2625 1333 2679 hunc
1381 2626 1601 2680 modum
1641 2641 1653 2676 :
1691 2625 1878 2681 Decies
1923 2625 1954 2678 7
1994 2633 2122 2681 sunt

548 2717 659 2785 70;
695 2724 864 2772 restat
894 2715 946 2777 Ι,
970 2731 1089 2786 qua:
1112 2723 1196 2770 est
1229 2715 1589 2770 hebdomadis
1622 2715 1794 2784 prima
1827 2714 1979 2776 feria.
2009 2715 2121 2769 sive

547 2810 870 2873 Dominica,
916 2808 969 2862 in
1013 2822 1176 2876 quam
1232 2806 1407 2860 Martii
1454 2807 1544 2868 29,
1595 2822 1757 2876 quam
1803 2809 2118 2877 quaerimus,

548 2901 764 2956 incidit.
796 2898 953 2965 Quod
991 2899 1035 2952 si
1070 2899 1124 2951 in
1180 2898 1282 2951 alia
1327 2897 1626 2967 quaestione
1666 2899 2109 2968 collectioneque,

550 3001 676 3065 post
726 2992 1052 3048 divisionem
1086 3005 1182 3061 per
1211 2991 1264 3054 7,
1295 2989 1420 3054 duo,
1451 2999 1631 3045 tresve
1675 2991 1812 3053 dies,
1845 2998 1938 3044 aut
1980 3005 2110 3059 qua-

2289 2081 2434 2135 Λάϐε
2487 2099 2575 2152 μοι
2625 2081 2714 2135 τὸν
2746 2081 3088 2151 ἐνιστάμενον
3139 2079 3336 2133 κύκλον
3381 2078 3470 2132 τοὺ
3511 2079 3672 2150 ἡλίου
3719 2079 3796 2132 κε’

2221 2170 2574 2240 τυγχάνοντα,
2603 2171 2697 2224 καὶ
2727 2169 2795 2222 τὰ
2839 2169 3025 2222 τούτου
3059 2169 3308 2239 τέταρτα,
3343 2167 3504 2237 ἧγουν
3540 2167 3796 2236 βίσεξτα,

2221 2263 2378 2316 ἅτινά
2411 2264 2549 2316 εἰσιν
2579 2269 2652 2328 ς’.
2699 2262 2963 2333 Τετράκις
2997 2259 3104 2331 γὰρ
3146 2257 3197 2324 ς’
3227 2257 3303 2312 κδ’
3311 2301 3325 2313 .
3372 2257 3591 2320 Τούτοις
3619 2258 3796 2326 γεγό-

2222 2371 2374 2406 νασιν
2398 2356 2441 2386 ”
2471 2354 2551 2408 λα’
2584 2353 2817 2425 πρόσθες
2849 2354 2948 2416 τὰς
2974 2352 3081 2404 τῶν
3108 2351 3289 2422 μηνῶν
3321 2348 3577 2411 ἑπακτάς.
3610 2349 3796 2419 ἤγουν

2219 2443 2312 2498 τοῦ
2370 2444 2716 2516 Ὀκτωϐρίου,
2766 2440 3092 2514 Νοεμϐρίου,
3143 2440 3470 2512 Δεκεμϐρίου
3513 2439 3608 2492 καὶ
3686 2441 3796 2493 Ἰα-

2219 2535 2468 2607 νουαρίου
2511 2536 2719 2607 ἡμέρας
2761 2541 2825 2587 ια’
2850 2553 2864 2568 ο
2899 2535 3006 2588 ἰδοὺ
3050 2535 3156 2605 pen
3189 2532 3422 2596 Ταύταις
3462 2529 3794 2597 ὲπισύναξον

2221 2627 2314 2681 καὶ
2348 2627 2445 2690 τάς
2473 2626 2565 2679 τοῦ
2602 2627 2845 2696 Μαρτίου
2881 2625 2961 2678 κθ¹
2983 2641 2994 2652 ·
3032 2623 3213 2694 ἐπειδὴ
3253 2622 3350 2694 τὴν
3379 2621 3459 2674 κθ¹
3485 2619 3650 2674 αὑτοῦ
3686 2621 3793 2695 ζη-

2219 2721 2330 2780 τεῖς
2375 2717 2564 2788 μαθεῖν
2593 2720 2650 2771 ἑν
2687 2719 2813 2790 ποίᾳ
2840 2717 2941 2788 τῆς
2965 2715 3250 2788 ἑϐδομάδος
3277 2717 3455 2788 ἡμέρα
3481 2718 3751 2787 τυγχάνει
3777 2733 3790 2743 ·

2221 2810 2313 2862 καὶ
2350 2809 2456 2861 ἰδοὺ
2503 2808 2789 2877 γεγόνασιν
2831 2814 2930 2862 οαθ.
2978 2807 3191 2870 Ταύτας
3223 2806 3435 2876 ὖφειλον
3467 2808 3560 2859 ἐπὶ
3587 2807 3706 2859 τῶν
3749 2806 3780 2870 ζ

2217 2901 2313 2971 τῆς
2367 2900 2657 2970 ἑϐδομάδος
2702 2899 2950 2972 ἡμερῶν,
2990 2899 3186 2954 εἰπών·
3238 2900 3465 2962 Δεκάκις
3511 2899 3580 2952 τά
3616 2899 3667 2961 ζ’
3713 2907 3788 2952 ο’·

2219 2991 2542 3063 κατελείφθη
2574 2993 2665 3044 καί
2705 2992 2818 3063 μία,
2847 2993 2970 3063 ἥτις
3004 2992 3120 3044 ἐστὶ
3149 2991 3337 3063 πρώτη
3363 2992 3460 3062 τῆς
3486 2992 3790 3061 ἑϐδομάδος

548 3095 674 3139 tuor
709 3085 904 3153 reliqui
952 3083 1081 3144 sint,
1120 3097 1183 3135 ac
1214 3081 1468 3151 deinceps
1510 3098 1682 3152 usque
1719 3082 1782 3136 ad
1815 3083 1864 3145 7,
1895 3083 2110 3136 coutin-

2217 3084 2399 3156 ἡμέρα
2447 3087 2480 3155 ἡ
2509 3085 2759 3155 Κυριακὴ
2806 3085 2839 3154 ἡ
2888 3083 3190 3154 ζητουμένη
3231 3077 3362 3135 οὖσα
3395 3082 3485 3135 τοῦ
3532 3084 3788 3150 Μαρτίου

549 3185 676 3247 gent
700 3177 958 3231 nimirum
985 3183 1192 3229 cietcrze
1224 3174 1575 3230 hebdomadis
1607 3191 1671 3230 ex
1703 3177 1894 3229 ordine
1942 3175 2108 3229 feria).

551 3267 664 3324 Hoc
709 3268 752 3324 si
811 3269 865 3322 in
913 3267 1193 3322 mensibus
1245 3267 1501 3321 omnibus
1565 3266 1786 3328 feceris,
1845 3275 1955 3320 tam
2017 3269 2109 3338 qui

549 3360 805 3415 Martium
853 3361 1201 3422 antecedunt.
1253 3375 1415 3429 quam
1451 3360 1542 3430 qui
1597 3370 1936 3430 sequuntur;
1987 3376 2108 3415 cer-

551 3452 761 3512 tissime
829 3467 893 3505 ac
963 3453 1082 3506 sine
1137 3467 1321 3506 errore
1387 3451 1690 3521 comperies
1739 3452 2111 3524 cujuscunque

550 3545 775 3599 libuerit
815 3545 923 3600 diei
978 3543 1166 3599 feriam
1215 3545 1267 3597 in
1312 3543 1578 3598 duodenis
1631 3544 1757 3598 anni
1808 3544 2106 3599 mensibus.

549 3636 721 3692 Porro
762 3635 1094 3691 Februarius
1135 3636 1270 3689 nihil
1315 3651 1544 3706 prorsus
1601 3636 1654 3690 in
1710 3644 2109 3692 menstruarmn

547 3739 860 3802 cpactarum
889 3729 1175 3784 ratiocinia
1212 3728 1443 3782 confert.
1478 3727 1574 3782 Est
1601 3727 1745 3781 enim
1773 3727 2107 3794 deminutus,

549 3837 614 3878 ac
641 3823 832 3878 diebus
867 3828 1072 3876 tantum
1108 3826 1322 3875 constat
1350 3827 1474 3874 octo
1505 3827 1559 3873 et
1589 3819 1797 3890 viginti.
1831 3819 1894 3872 Et
1920 3835 2112 3889 quam-

548 3913 632 3968 vis
675 3913 731 3967 in
779 3926 922 3966 anno
975 3910 1214 3965 bisextili
1264 3927 1394 3964 xm
1455 3910 1673 3972 habeat,
1737 3924 1846 3964 uno
1904 3910 2110 3965 scilicet

547 4006 733 4061 addito
774 4005 904 4071 die;
967 4003 1056 4056 hic
1100 4002 1352 4057 videlicet
1413 4002 1502 4058 ille
1547 4002 1664 4058 dies
1701 4009 1804 4065 est,
1849 4003 1939 4071 qui
1989 4009 2110 4072 post

548 4112 723 4152 annos
752 4112 804 4150 tv
840 4097 895 4150 in
924 4098 1079 4166 cyclo
1109 4095 1242 4151 solis
1281 4095 1491 4148 accedit
1521 4109 1663 4148 anno
1690 4095 1950 4150 bisextili.
1983 4093 2110 4148 Ideo

546 4191 633 4246 bis
667 4189 942 4243 numerari
979 4203 1087 4241 non
1113 4187 1295 4242 debet.
1321 4185 1630 4252 Quinetiam
1664 4186 1717 4239 in
1747 4185 2108 4256 computanda

548 4281 679 4336 feria
726 4295 835 4333 non
885 4285 1011 4333 ante
1057 4278 1304 4348 procedit
1346 4279 1399 4332 in
1453 4292 1743 4340 summam,
1789 4292 1951 4346 quam
2005 4275 2107 4331 Fe-

545 4370 802 4426 bruarius
851 4367 1096 4431 desierit,
1139 4367 1242 4422 hoc
1280 4375 1364 4422 est
1394 4367 1460 4421 ab
1506 4368 1726 4423 ineunte
1773 4367 1995 4429 Martio,
2045 4382 2109 4422 ac

544 4464 821 4533 deinceps.

2215 3177 2315 3230 κθ’.
2350 3178 2412 3229 Ei
2441 3177 2497 3229 δὲ
2545 3176 2722 3247 συμϐῇ
2763 3177 2822 3228 ὲν
2858 3173 2988 3246 ἄλλῃ
3016 3175 3239 3246 τοιαύτῃ
3276 3175 3493 3244 ζητήσει
3532 3176 3630 3227 καὶ
3665 3177 3790 3226 ἐπι-

2213 3270 2498 3338 συναγωγῇ
2547 3267 2683 3339 μετά
2716 3267 2806 3320 τὸν
2846 3265 2888 3330 ζ’
2919 3266 3176 3336 ὑφειλμὸν
3210 3265 3631 3335 καταλειφθῆναι
3670 3266 3784 3327 δύο,

2209 3360 2242 3432 ἡ
2271 3360 2417 3433 τρία,
2449 3362 2480 3432 ἡ
2513 3361 2578 3426 δ’,
2621 3361 2714 3414 καὶ
2757 3358 2989 3430 καθεξῆς
3023 3359 3181 3430 μέχρι
3209 3359 3314 3412 τῶν
3349 3359 3412 3423 ζ’,
3443 3359 3662 3412 ἔσονται
3694 3359 3787 3428 δη-

2210 3452 2379 3506 λονότι
2430 3453 2570 3506 κατὰ
2609 3451 2759 3517 τάξιν
2787 3454 2841 3504 αί
2871 3452 3052 3505 λοιπαὶ
3083 3452 3180 3521 τῆς
3221 3451 3510 3521 ἑϐδομάδος
3549 3452 3782 3523 ἡμέραι.

2211 3545 2312 3597 Τὸν
2338 3545 2520 3614 ὅμοιον
2563 3539 2655 3598 οὖν
2699 3544 2863 3597 ποιῶν
2889 3545 3090 3615 τρόπον
3123 3545 3216 3596 καί⁵
3257 3545 3335 3606 εἰς
3373 3545 3497 3606 τοὺς
3531 3544 3636 3614 πρὸ
3687 3545 3784 3596 τοῦ

2209 3637 2452 3708 Μαρτίου
2497 3637 2690 3708 μῆνας,
2740 3637 2831 3690 καὶ
2874 3638 2955 3700 είς
3000 3638 3125 3700 τοὺς
3169 3639 3282 3708 μετ’
3317 3637 3475 3690 αὑτὸν
3505 3637 3780 3702 ἅπαντας,

2209 3727 2464 3797 ἀσφαλῶς
2492 3728 2584 3780 καὶ
2611 3725 2918 3790 ἀπταίστως
2961 3727 3212 3798 εὑρήσεις
3239 3727 3303 3796 ἥν
3342 3726 3405 3779 ἂν
3436 3727 3782 3798 ἑπιζητήσης

2210 3821 2418 3892 ἡμέραν
2467 3819 2574 3871 τῶν
2621 3817 2714 3871 τοῦ
2766 3818 2884 3870 ὅλου
2924 3817 3167 3871 ἐνιαυτοῦ
3218 3816 3418 3888 μηνῶν.
3482 3818 3543 3871 Ὀ
3591 3817 3781 3887 μέντοι

2207 3910 2565 3984 Φεϐρουάριος
2589 3910 2649 3962 ού
2681 3910 3020 3981 συνεισφέρει
3045 3928 3096 3962 τι
3131 3910 3264 3973 ὅλως
3288 3912 3344 3962 έν
3387 3912 3507 3972 ταῖς
3551 3910 3782 3981 εἰρημέ-

2209 4007 2323 4067 ναῖς
2352 4005 2614 4066 ἐπακταῖς
2643 4002 2750 4055 τῶν
2786 4003 2990 4074 μηνῶν.
3028 4001 3430 4072 Ἦλαττωμένος
3463 4003 3575 4072 γάρ
3603 4005 3780 4067 ἐστιν,

2210 4103 2295 4168 κη’
2328 4098 2421 4150 καὶ
2452 4095 2614 4167 μόνας
2639 4095 2848 4168 ἡμέρας
2874 4095 3029 4166 ἔχων.
3069 4095 3132 4148 Ei
3160 4095 3216 4148 δὲ
3237 4096 3328 4148 καὶ
3353 4094 3592 4164 βισέξτου
3618 4096 3784 4159 όντος

2210 4187 2290 4240 κθ⁹
2337 4187 2764 4258 προστιθεμένης
2809 4187 2955 4257 αὑτῴ
3006 4189 3132 4258 μιᾶς
3166 4187 3412 4259 ἡμέραςο
3469 4186 3578 4238 ἀλλ’
3620 4185 3782 4256 αὕτη

2209 4278 2354 4330 ἐστὶν
2389 4281 2422 4348 ἡ
2451 4277 2591 4331 κατὰ
2620 4277 2662 4329 δ’
2700 4277 2922 4349 χρόνους
2953 4277 3345 4349 προστιθεμένη
3381 4279 3438 4330 ἑν
3482 4276 3552 4347 τῷ
3579 4275 3783 4346 κύκλῳ

2209 4369 2301 4423 τοῦ
2333 4370 2506 4441 ἡλίου,
2545 4367 2784 4439 βισέξτου
2833 4370 3015 4434 ὄντος·
3055 4373 3149 4424 καὶ
3185 4370 3271 4423 διὰ
3304 4369 3460 4423 τοῦτο
3487 4370 3584 4422 ούκ
3625 4368 3786 4422 ἑνδέ-

2211 4478 2361 4530 χεται
2409 4462 2784 4532 δισσευθῆναιο
2816 4463 2935 4532 ἥτις
2964 4463 3081 4516 οὑδὲ
3125 4462 3324 4531 ὀφείλει
3362 4463 3679 4531 εἰσάγεσθαι
3723 4465 3784 4515 ἐν

543 4560 621 4632 τῷ
657 4560 700 4592 ³³
731 4558 914 4629 πούτῳ
950 4553 1372 4628 ἡμεροευρεσίῳ,
1407 4553 1710 4624 ἀρξαμένου
1738 4553 1832 4606 τού
1857 4553 2097 4623 βισέξτου
2133 4556 2343 4628 χρόνου,
2413 4557 2480 4628 ἢν
2529 4558 2601 4630 μὴ
2640 4557 2880 4631 παρέλθῃ
2925 4561 2953 4612 ὁ
3001 4558 3356 4632 Φεϐρουάριος
3377 4597 3391 4621 ,
3446 4559 3615 4628 ἤγουν
3678 4557 3786 4610 ἀπ’

542 4656 716 4728 ἀρχῆς
752 4654 844 4708 τοῦ
876 4653 1120 4725 Μαρτίου
1154 4652 1248 4704 καὶ
1275 4651 1599 4722 ἔμπροσθεν.

755 4773 826 4827 De
859 4773 1060 4827 ratione
1094 4773 1227 4843 cycli
1265 4771 1464 4824 lunaris
1497 4770 1868 4840 investigandi.

608 4885 697 4940 IV.
763 4885 958 4958 Cyclus
1010 4887 1208 4940 lunzea
1254 4883 1509 4939 Kalendis
1561 4882 1837 4939 Ianuariis
1885 4881 2098 4953 incipit,

539 4987 703 5048 atque
745 4977 813 5031 ad
863 4993 1035 5034 annos
1079 4993 1171 5030 xu
1223 4975 1520 5046 perductus
1561 4991 1763 5028 novum
1823 4973 1969 5043 capit
2009 4989 2103 5028 ex-

538 5071 774 5125 ordium.
809 5068 965 5123 Hunc
983 5084 1113 5141 ergo
1129 5068 1368 5138 reperire
1387 5066 1435 5121 si
1460 5067 1562 5131 vis,
1588 5082 1855 5122 annorum
1885 5067 1952 5118 ab
1973 5065 2103 5118 orbe

538 5161 758 5217 condito
798 5176 1066 5215 summam
1115 5159 1319 5232 partire
1368 5175 1465 5231 per
1507 5173 1794 5214 numerum
1835 5157 1972 5228 cycli
2021 5156 2103 5209 lu-

538 5255 711 5319 naris,
750 5253 804 5306 id
854 5262 939 5308 est
986 5270 1100 5320 nx,
1142 5255 1432 5323 reliquum,
1471 5251 1615 5322 quod
1668 5258 1752 5306 est
1794 5250 1935 5304 infra
1979 5265 2094 5313 χιχ,

537 5354 632 5399 aut
666 5361 755 5400 xix
786 5343 912 5414 ipsi,
939 5350 1123 5416 cyclus
1162 5354 1246 5402 est
1275 5345 1451 5400 iniens
1477 5345 1636 5397 lunaa.
1678 5342 1963 5408 Quaeratur
1993 5341 2097 5394 hoc

537 5450 677 5490 anno
701 5437 1002 5492 68851una:
1025 5439 1228 5508 cyclus,
1257 5438 1360 5493 hoc
1399 5436 1558 5492 modo
1595 5433 2042 5489 ratiocinabimur
2075 5451 2087 5486 :

535 5517 731 5575 Novies
777 5537 840 5576 ac
881 5523 1063 5579 decies
1101 5525 1459 5595 multiplicata
1511 5524 1613 5579 300
1670 5523 1876 5578 faciunt
1927 5521 2086 5576 5700.

2135 4776 2178 4830 D
2209 4770 2397 4834 Ὅπως
2441 4767 2536 4821 δεῖ
2575 4769 2876 4836 εὑρίσκειν
2915 4766 3024 4819 τὸν
3069 4767 3294 4820 κύκλον
3334 4764 3444 4833 τῆς
3475 4766 3782 4834 σελήνης.

2271 4884 2342 4935 Δ⁹.
2395 4882 2453 4935 '0
2485 4881 2584 4952 τῆς
2621 4881 2846 4950 σελήνης
2885 4879 3079 4942 κύκλος
3107 4879 3328 4949 ἄρχεται
3370 4879 3468 4948 μὲν
3517 4880 3629 4933 ἀπὸ
3676 4883 3786 4952 τῆς

2204 4973 2425 5046 πρώτης
2454 4973 2547 5027 τοῦ
2586 4973 2907 5043 Ἰανουαρίου
2958 4972 3141 5042 μηνὸς,
3183 4972 3468 5043 ἀνέρχεται
3514 4972 3573 5025 δὲ
3609 4973 3782 5044 μέχρι

2203 5066 2407 5137 χρόνων
2438 5065 2522 5127 ιϐ’,
2573 5065 2665 5118 καὶ
2701 5064 2860 5116 πάλιν
2888 5064 3149 5134 λαμϐάνει
3187 5065 3381 5134 ἀρχήν.
3419 5065 3484 5117 El.
3519 5061 3618 5118 οὖν
3644 5064 3788 5133 βού-

2203 5156 2283 5209 λει
2331 5157 2422 5209 καὶ
2465 5156 2648 5210 τοῦτον
2695 5158 2891 5227 εὑρεῖν,
2943 5154 3157 5224 ὑφειλον
3209 5156 3361 5226 παρά
3407 5157 3498 5208 τὸν
3532 5155 3787 5227 ἀριθμον

2203 5247 2362 5299 αὑτοῦ
2399 5247 2594 5300 κύκλου
2617 5247 2802 5317 αὑτῆς,
2834 5248 2996 5318 ἤγουν
3030 5247 3135 5300 τῶν
3171 5247 3254 5309 ιθ’,
3291 5247 3359 5300 τά
3403 5248 3510 5300 ἀπὸ
3535 5249 3788 5313 κτίσεως

2203 5339 2405 5410 κόσμου
2440 5338 2533 5409 ἐτη
2557 5355 2569 5367 ·
2599 5341 2692 5393 καὶ
2730 5338 2800 5392 τὰ
2833 5339 3253 5408 καταλειφθέντα
3283 5339 3352 5392 τὰ
3378 5338 3620 5391 κάτωθεν
3655 5341 3784 5391 τῶν

2200 5431 2285 5492 ιθ’,
2318 5430 2351 5502 ἦ
2387 5432 2478 5486 καὶ
2511 5432 2702 5502 μέχρις
2732 5432 2928 5496 αὐτῶν,
2960 5433 3189 5503 ὑπάρχει
3219 5432 3247 5486 ὁ
3284 5431 3632 5501 ἐνιστάμενος
3673 5432 3786 5483 κύ-

2197 5521 2322 5586 κλος
2357 5524 2455 5594 τῆς
2503 5523 2748 5595 σελήνης.
2786 5525 2964 5578 Ἔστω
3008 5525 3070 5595 δὴ
3104 5524 3280 5596 ζητεῖν
3334 5525 3480 5594 ἡμᾶς
3523 5523 3679 5576 κατά
3713 5523 3784 5576 τὸ

608 5671 650 5704 ⁸⁸
685 5670 835 5726 Deest
865 5673 1022 5728 κατά.
1099 5677 1140 5708 η
1172 5675 1297 5732 Cor.
1328 5678 1625 5747 γεγονόσιν.
1702 5677 1744 5710 ¹³
1772 5676 1851 5730 An
1881 5692 1976 5744 pro
2011 5675 2321 5748 κομπούτῳ.
