4036 6218
331 321 461 379 1521

1510 308 1724 372 iSAACl
1766 315 2067 373 MONACHI
2105 315 2492 376 CONPUTUS.

3389 317 3526 381 15ἓὶ

331 441 504 510 παρὸν
533 443 716 512 ,ςωπέ
747 438 862 503 ἔτος
905 436 993 492 τὸν
1025 437 1219 491 κύκλον
1253 438 1417 508 αὐτῆς
1437 455 1448 467 ·
1497 438 1589 490 καὶ
1621 437 1844 508 λέγομεν
1867 455 1880 469 ο

2011 448 2115 496 tem
2149 439 2394 510 sexagies
2423 436 2791 492 novemdecim
2837 435 2968 490 dant
2999 433 3166 503 111ος
3191 435 3276 492 bis
3304 451 3493 494 novem
3512 471 3527 480 -

346 529 838 592 Ἑννεακαιδεκάκις
866 530 935 581 τὰ
967 535 1013 582 τ’
1045 529 1138 598 led!
1159 547 1171 556 ο
1225 529 1686 591 ὲννεακαιδεκάκις
1725 528 1794 580 τά
1837 528 1877 594 ξ’

335 625 504 688 ,αρμ”
545 619 636 671 καὶ
662 617 1124 680 ὲννεακαιδεκάκις
1156 616 1222 670 τά
1252 617 1293 686 β’
1321 617 1399 686 λη’
1419 634 1431 646 ·
1473 617 1724 686 γινόμενα
1747 616 1879 686 ὁμοῦ

333 715 534 778 ,τωοη’.
575 707 1012 777 Κατελείφθησαν
1045 707 1200 778 μέχρι
1237 707 1343 760 τῶν
1374 714 1453 760 πε¹
1484 709 1577 759 καὶ
1609 707 1650 770 ζ’
1677 723 1691 736 ο
1728 705 1884 760 ἀτινά

334 799 468 849 εἰσιν
491 797 830 866 ἐνιστάμενος
854 797 952 867 τῆς
985 797 1209 868 σελήνης
1228 795 1422 858 κύκλος
1450 795 1492 860 ζ’
1521 794 1613 849 ὢν.
1654 796 1763 849 Καὶ
1797 794 1886 848 διά

334 888 432 957 τῆς
485 887 648 957 ἄλλης
701 887 919 958 μεθόδου
971 889 1221 959 εὑρήσεις
1268 887 1453 940 τοῦτον
1507 887 1880 958 ἀπονωτέρως.

337 981 462 1044 Τοῖς
525 979 830 1051 εἰρημένοις
878 979 1076 1048 ὀλίγοις
1127 978 1332 1042 ἔτεσιν,
1386 975 1550 1046 ήγουν
1609 979 1718 1041 τοῖς
1779 985 1882 1040 πε’,

338 1068 572 1141 πρόσθες
598 1070 690 1122 καὶ
714 1067 804 1133 ιζ’,
839 1069 932 1121 καὶ
959 1068 1191 1136 γίνονται
1224 1065 1323 1138 ρϐ’.
1363 1064 1544 1118 Ταῦτα
1611 1068 1660 1119 εί
1723 1067 1958 1136 ὑφείλεις

338 1161 465 1230 γοῦν
497 1161 592 1214 καὶ
622 1158 792 1223 οὑτως
819 1159 864 1224 ζ’
891 1160 1186 1230 τυγχάνων.

425 1252 740 1322 Ἀπορήσειε
768 1251 811 1304 δ’
828 1252 891 1306 ἄν
907 1269 989 1314 τις
1004 1252 1110 1303 τῶν
1136 1249 1268 1320 μετά
1295 1248 1534 1318 σκέψεως
1556 1251 1674 1312 ταῖς
1691 1250 1892 1322 παρού-

341 1360 462 1406 σαις
481 1342 717 1413 μεθόδοις
743 1341 1187 1412 ἐντυγχανόντων,
1203 1341 1316 1404 πῶς
1333 1342 1390 1392 ἐν
1404 1343 1468 1410 τῇ
1486 1341 1709 1412 δευτέρᾳ
1723 1341 1892 1414 ταύτῃ

345 1434 549 1506 μεθόδῳ
573 1431 929 1503 προστίθεμεν
957 1435 1015 1486 ὲν
1039 1432 1135 1503 μὲν
1167 1431 1243 1502 τῷ
1264 1431 1360 1502 τῆς
1385 1432 1607 1485 ἰνδίκτου
1632 1432 1814 1503 κύκλῳ
1829 1439 1890 1496 ε’,

341 1527 402 1578 ὲν
440 1524 496 1576 δὲ
534 1522 610 1594 τῷ
636 1521 728 1576 τοῦ
757 1521 905 1592 ἡλίου
949 1521 1049 1584 κδ’,
1081 1522 1172 1576 καὶ
1200 1522 1257 1573 ὲν
1286 1521 1362 1591 τῷ
1393 1521 1490 1592 τῆς
1517 1519 1742 1591 σελήνης
1771 1521 1850 1586 κζ’
1873 1538 1888 1552 ·

342 1615 437 1668 καὶ
461 1618 508 1667 εί
535 1613 767 1682 ἀσφαλές
790 1615 935 1666 ἐστιν
969 1615 1054 1666 ἀεὶ
1081 1612 1452 1686 προσχρῆσθαι
1479 1615 1597 1676 ταῖς
1621 1613 1892 1676 τοιαύταις

344 1705 695 1778 προσθήκαις.
728 1706 868 1777 Πρὸς
900 1705 990 1769 οὓς
1017 1704 1263 1775 ἐροῦμεν,
1293 1705 1367 1768 ὡς
1401 1706 1500 1758 οὐκ
1525 1705 1610 1758 ἀεὶ
1637 1699 1794 1758 αὗται
1830 1705 1895 1758 τὸ

1987 533 2182 596 decim,
2215 534 2303 587 58.
2341 530 2680 598 Colliguntur
2713 529 2839 582 anni
2864 528 3024 584 6878.
3061 528 3262 585 Desunt
3286 529 3352 583 ad
3383 545 3529 585 com.

1989 623 2214 692 plendos
2245 622 2333 684 85,
2377 621 2504 674 anni
2546 619 2596 685 7,
2638 619 2732 688 qui
2774 625 2856 673 est
2883 620 3165 687 praesentis
3212 621 3340 674 anni
3375 619 3531 674 luna-

1989 713 2066 769 ris
2110 714 2316 784 cyclus.
2369 711 2522 766 Licet
2567 711 2669 765 hoc
2705 720 2760 767 et
2803 713 2906 765 alia
2944 712 3196 768 methodo
3237 712 3533 782 periclitari

1989 804 2194 873 majore
2233 804 2572 872 compendio.
2617 802 2893 857 Annorum
2929 803 3119 857 minori
3156 818 3401 867 numero,
3432 803 3536 859 hoc

1989 902 2074 948 est
2123 891 2212 957 85,
2257 893 2432 963 adjiee
2467 893 2556 956 17,
2601 883 2737 947 fiunt
2776 892 2897 946 102.
2939 892 3014 948 Ea
3043 895 3089 950 si
3130 909 3224 964 per
3253 894 3319 948 19
3349 893 3536 950 ἀίειγίο

1989 983 2146 1048 buas,
2179 983 2552 1054 relinquentur
2576 982 2628 1049 7,
2658 983 2841 1039 itidem
2882 995 2941 1038 ut
2969 986 3021 1038 in
3059 985 3237 1054 priore
3262 985 3534 1039 methodo.

1994 1073 2144 1145 παρά
2185 1074 2275 1128 τὸν
2330 1074 2415 1138 ιθ’,
2462 1073 2979 1144 καταλειφθήσονται
3032 1074 3097 1137 ζ’.
3168 1075 3538 1145 ’Δναφαίνσται

2082 1249 2354 1308 Dubitabit
2396 1252 2624 1310 forsitan
2663 1255 2858 1326 aliquis
2903 1255 2994 1326 qui
3036 1257 3196 1327 paulo
3235 1262 3542 1317 accuratius

1997 1342 2052 1397 in
2100 1343 2199 1398 has
2238 1344 2519 1400 methodos
2556 1347 2793 1400 animum
2834 1347 3144 1412 intenderit,
3191 1365 3288 1403 cur
3340 1351 3394 1405 in
3442 1352 3544 1408 hac
3583 1417 3585 1420 γ

1996 1435 2316 1504 posteriore,
2379 1449 2501 1489 cum
2555 1436 2764 1506 cyclum
2821 1437 3134 1492 indietionis
3194 1440 3541 1509 inquirimus,

1997 1523 2266 1578 addantur
2292 1525 2358 1592 5;
2398 1524 2452 1578 in
2487 1526 2639 1595 cyclo
2664 1527 2794 1582 solis
2817 1526 2922 1594 24;
2954 1529 3006 1582 in
3039 1529 3210 1582 lunari
3237 1531 3303 1584 27
3335 1549 3350 1598 ;
3384 1541 3547 1602 atque

1998 1623 2178 1669 utrum
2231 1625 2489 1686 perpetuo
2543 1617 2848 1674 additiones
2911 1619 3027 1674 ista:
3084 1619 3344 1679 faciendae
3412 1625 3542 1678 sintt
3617 1619 3622 1626 ’

1998 1703 2410 1776 Respondemus
2443 1723 2549 1762 non
2591 1723 2685 1764 eas
2725 1724 2939 1780 semper
2975 1717 3120 1766 tutas
3160 1727 3301 1771 esse.
3347 1715 3441 1769 Sed
3477 1715 3546 1771 ad

347 1801 558 1872 βέϐαιον
585 1799 814 1868 ἔχουσιν,
859 1797 992 1851 ἀλλά
1030 1797 1218 1867 μέχρις
1258 1797 1378 1850 ὃλου
1423 1794 1515 1848 τοῦ
1559 1793 1902 1865 ὲνενηκοστοῦ

2005 1811 2201 1850 annum
2243 1798 2618 1853 tantummodo
2657 1799 2760 1854 900
2801 1801 3090 1870 expletum.
3121 1812 3242 1872 post
3264 1819 3386 1859 eum
3419 1821 3547 1861 vero

346 1892 440 1946 καὶ
474 1890 630 1962 μόνου
672 1889 855 1952 ἐτους’
891 1888 1025 1957 μετὰ
1068 1888 1125 1941 δὲ
1164 1887 1338 1950 τοῦτο,
1372 1887 1535 1959 ἄλλης
1584 1886 1898 1959 ἀρξαμένης

345 1983 863 2054 ὲκατονταετηρὶδος,
900 1982 1053 2036 ἄλλαι
1082 1983 1173 2034 καὶ
1213 1979 1516 2052 προσθῆκαι
1547 1981 1900 2052 παραληφθή-

350 2095 566 2132 σονταιο
626 2078 788 2147 ήγουν
836 2077 892 2128 ὲν
957 2074 1054 2145 μὲν
1089 2071 1166 2143 τῷ
1209 2073 1306 2141 τῆς
1359 2074 1586 2127 ίνδίκτου
1633 2072 1814 2143 κύκλῳ
1865 2072 1898 2143 ἢ

346 2167 518 2232 οὐδὲν,
562 2166 595 2239 ἢ
630 2174 708 2233 ιε’,
748 2169 804 2220 ὲν
843 2162 898 2218 δὲ
931 2164 1008 2234 τῷ
1052 2163 1144 2217 τοῦ
1177 2161 1328 2233 ήλίου
1371 2162 1458 2227 ιϐ’,
1493 2165 1550 2216 ὲν
1593 2162 1649 2215 δὲ
1689 2161 1768 2232 τῷ
1807 2162 1902 2231 τῆς

351 2259 579 2330 σελήνης
605 2265 673 2327 γ’.
702 2255 883 2319 Οὕτως
908 2251 998 2308 οὖν
1023 2253 1182 2308 πάλιν
1205 2255 1513 2317 ἀπταίστως
1539 2256 1571 2324 ή
1599 2252 1706 2306 τῶν
1733 2251 1905 2305 τοιού-

349 2368 458 2404 των
501 2350 828 2422 προϐήσεται
859 2346 1070 2401 κύκλων
1113 2344 1344 2417 εὕρεσις.
1378 2343 1627 2406 Πλείονος
1653 2343 1708 2396 δὲ
1743 2344 1904 2396 ἕνεκα

351 2440 602 2510 γνώσεως
626 2440 717 2494 καὶ
746 2439 835 2492 τὸν
857 2438 1057 2492 τούτων
1089 2437 1242 2507 λόγον
1273 2436 1606 2507 ἀποκαλύψω
1653 2452 1755 2498 σοι,
1786 2436 1905 2496 ταῖς

353 2535 564 2597 πολλοῖς
608 2533 737 2595 ἴσως
782 2531 854 2602 μὴ
898 2529 1310 2600 γινωσκόμενον.
1364 2529 1628 2598 Ἐκάστης
1656 2528 1772 2590 οἵας
1815 2526 1908 2596 δή-

353 2643 484 2680 ποτε
513 2623 889 2695 πληρουμένης
911 2621 1430 2692 ἑκατονταετηρίδος,
1475 2621 1595 2673 ὅσον
1640 2619 1706 2671 ἂν
1741 2617 1908 2688 εὕρῃς

356 2719 416 2770 ὲν
442 2715 519 2786 τῷ
548 2714 858 2784 τελευταίῳ,
893 2713 1057 2783 ’ήγουν
1084 2711 1160 2782 τῷ
1218 2717 1259 2781 ρ’
1305 2709 1503 2780 ταύτης
1553 2708 1682 2766 ἔτει.
1723 2707 1813 2759 τόν
1850 2723 1909 2759 τε

355 2806 551 2859 κύκλον
600 2804 691 2858 τοῦ
739 2801 886 2875 ἡλίου
938 2803 1030 2856 καὶ
1074 2804 1172 2872 τῆς
1218 2801 1462 2871 σελήνης,
1499 2799 1592 2852 καὶ
1635 2799 1734 2868 τῆς
1784 2795 1910 2851 ίνδί-

356 2917 507 2964 κτου,
537 2899 704 2968 αὑτὴν
727 2896 923 2966 ταύτην
946 2895 1042 2966 τὴν
1074 2893 1300 2946 ἑκάστου
1330 2890 1597 2961 ποσότητα
1627 2889 1715 2959 ἔχε
1745 2903 1913 2958 προσ-

356 2992 532 3063 θήκην
565 2993 643 3055 ei;
668 2991 736 3044 τὰ
769 2986 922 3056 ὀλίγα
953 2984 1046 3058 ἐτη
1076 2987 1172 3056 τῆς
1201 2983 1503 3056 ἀρχομένης
1530 2985 1911 3048 ἑκατονταετη-

360 3081 534 3153 ρὶδοςο
592 3081 686 3133 καὶ
747 3078 997 3150 εὑρήσεις
1056 3074 1121 3126 δι’
1174 3073 1406 3142 ἑκάστης
1459 3069 1775 3140 προσθήκης
1825 3067 1914 3120 τὸν

357 3177 552 3230 οἰκεῖον
604 3173 806 3244 ἑκάστῃ
867 3168 1094 3233 κύκλον,
1146 3167 1222 3229 ὡς
1277 3163 1529 3235 ἀνωτέρω
1585 3163 1872 3233 δεδήλωται
1910 3176 1924 3190 ·

1997 1889 2136 1942 alius
2166 1905 2427 1945 numerus
2469 1891 2749 1946 addendus
2783 1892 2908 1956 erit,
2949 1894 3094 1948 velut
3131 1896 3198 1950 ad
3241 1896 3547 1953 indictionis

1998 1980 2207 2051 cyclum
2235 1983 2320 2044 15,
2347 1983 2432 2035 vel
2467 1983 2520 2046 0,
2571 1983 2640 2037 ad
2683 1984 2914 2039 solarem
2968 1987 3054 2052 12,
3091 1988 3159 2042 ad
3204 1989 3443 2045 lunarem
3491 1993 3545 2055 5,

1998 2086 2228 2138 quorum
2271 2085 2372 2140 ope
2422 2072 2560 2142 cycli
2605 2087 2796 2128 omnes
2853 2074 2944 2130 isti
2981 2076 3097 2132 sine
3127 2092 3312 2133 errore
3356 2095 3550 2150 prove-

2000 2158 2169 2212 nient.
2217 2157 2323 2212 Sed
2357 2159 2626 2215 uberioris
2664 2159 2926 2216 doctrinae
2964 2177 3126 2218 causa
3169 2166 3329 2234 hujus
3353 2168 3548 2230 rei,tihi

2003 2252 2266 2306 rationem
2327 2253 2641 2322 explicabo,
2692 2269 2852 2324 quam
2910 2271 3020 2310 non
3082 2259 3236 2312 multi
3301 2258 3551 2316 fortassis

2005 2343 2331 2412 intelligunt.
2381 2342 2641 2399 Vertente
2685 2346 2927 2416 quolibet
2995 2350 3343 2414 centenario,
3397 2353 3554 2421 quid-

2004 2433 2133 2504 quid
2169 2435 2222 2487 in
2254 2434 2550 2489 centesimo
2583 2451 2726 2489 anno
2753 2437 3018 2506 reliquum
3048 2447 3130 2492 ea
3161 2439 3228 2494 de
3252 2442 3555 2497 ratiuncula

2007 2524 2159 2589 solis,
2203 2524 2342 2579 luna:
2386 2525 2471 2579 vel
2515 2525 2850 2591 indictinnis,
2902 2529 3064 2596 hujus
3102 2546 3386 2585 numerum
3417 2533 3556 2589 adde

2007 2628 2219 2684 semper
2272 2616 2580 2686 excurrenti
2645 2631 2808 2685 supra
2861 2618 3134 2672 ineuntem
3184 2623 3556 2676 centenarium

2009 2705 2203 2760 minori
2241 2721 2504 2772 summie;
2554 2712 2613 2760 ut
2652 2722 2750 2776 per
2794 2707 3086 2776 cujuslibet
3141 2711 3353 2779 generis
3404 2713 3557 2780 adje—

2010 2797 2246 2850 ctionem
2289 2804 2676 2868 congruentem
2704 2797 2903 2855 habeas
2931 2800 3162 2869 cyclum,
3210 2809 3269 2854 ut
3309 2803 3558 2872 superius

2012 2885 2347 2941 ostendimus
2379 2905 2392 2940 :
2425 2886 2529 2940 hoc
2554 2894 2639 2942 est
2666 2887 2899 2942 solarem
2930 2889 3113 2944 addito
3145 2891 3276 2945 solis
3301 2895 3556 2961 proprio;

2013 2977 2256 3031 lunarem
2287 2976 2473 3032 addito
2503 2977 2679 3030 lunari
2705 2996 2719 3040 ;
2754 2986 2806 3034 et
2830 2978 3258 3045 indictionalem,
3284 2998 3347 3036 ex
3377 2998 3442 3037 eo
3465 2985 3556 3054 qui

2015 3066 2330 3122 indictionis
2354 3067 2608 3136 proprius
2637 3075 2741 3122 est.

1966 3161 2133 3230 ήγουν
2183 3163 2250 3231 τῇ
2296 3159 2389 3213 τοῦ
2432 3157 2584 3230 ήλίου
2619 3160 2710 3214 τὸν
2736 3158 2829 3214 τοῦ
2872 3161 3043 3233 ἡλίου,
3083 3165 3148 3234 τῇ
3194 3164 3294 3234 τῆς
3341 3163 3561 3236 σελήνης

359 3263 450 3318 τὸν
471 3265 568 3334 τῆς
604 3263 850 3333 σελήνης,
891 3260 984 3313 καὶ
1021 3260 1084 3329 τῇ
1123 3257 1220 3326 τῆς
1275 3257 1504 3309 ἱνδίκτου
1557 3255 1647 3308 τὸν
1689 3256 1787 3323 τῆς
1836 3251 2082 3305 ίνδίκτου.

398 3375 598 3442 Ὅπως
654 3373 748 3428 δεῖ
789 3373 1098 3442 εὑρίσκειν.
1140 3369 1246 3423 τὸν
1293 3366 1564 3436 θεμέλιον
1607 3363 1716 3431 τῆς
1774 3377 1875 3418 σε-
1938 3369 1981 3425 G

1024 3439 1238 3506 λήνης.

433 3557 510 3610 Ε’.
545 3554 646 3607 Τὸν
669 3552 725 3606 δέ
753 3571 815 3621 γε
843 3551 1083 3622 θεμέλιον
1113 3551 1210 3620 τῆς
1237 3548 1459 3618 σελήνης
1484 3543 1590 3598 ίσθι
1619 3543 1913 3614 ἀρχόμενον

364 3647 473 3701 ἀπὸ
509 3645 605 3715 τῆς
641 3651 685 3696 α’
717 3643 810 3696 τοῦ
851 3640 1172 3711 Ἰανουαρίου
1193 3657 1207 3670 ·
1258 3638 1349 3707 ἀφ’
1378 3631 1438 3692 οὑ
1482 3635 1721 3706 δηλονότι
1768 3635 1862 3688 καὶ
1887 3634 1916 3686 ὁ

365 3740 566 3809 ταύτης
602 3736 799 3799 κύκλος
831 3735 926 3806 τήν
973 3733 1145 3805 ἀρχὴν
1184 3729 1471 3800 λαμϐάνει.
1506 3728 1568 3780 Ei
1601 3721 1691 3778 οὖν
1739 3723 1913 3794 βούλει

367 3832 460 3886 καὶ
507 3828 691 3882 τοῦτον
738 3828 1037 3899 εὑρίσκειν,
1074 3818 1526 3882 ἑνδεκαπλασίαζε
1575 3817 1664 3870 τὸν
1708 3817 1916 3870 ἐνιστά-

370 3937 528 3992 μενον
575 3920 768 3974 κύκλον
815 3920 908 3972 καὶ
951 3915 1029 3986 τῷ
1079 3915 1186 3968 ἀπὸ
1231 3913 1324 3967 τοῦ
1380 3905 1914 3978 ὲνδεκαπλασιασμοῦ

366 4013 630 4083 γινομένῳ
653 4009 869 4082 ἀριθμῷ
899 4006 1172 4078 προστίθει
1195 4010 1243 4073 γ’
1262 4021 1274 4035 ·
1303 4004 1395 4055 καὶ
1417 4003 1506 4055 τὸν
1536 3999 1914 4069 συναγόμενον,

368 4107 416 4158 εί
447 4105 544 4176 μὲν
573 4101 814 4157 κάτωθέν
849 4102 963 4153 ἐστι
994 4098 1103 4150 τῶν
1142 4096 1207 4159 λ’,
1232 4093 1392 4148 αὑτὸν
1434 4094 1637 4144 ἐκεῖνον
1665 4087 1802 4143 εἶναι
1829 4089 1915 4157 γί-

367 4210 540 4250 νωσκε
579 4192 670 4245 τὸν
709 4187 951 4260 θεμέλιον
973 4203 986 4217 ·
1021 4188 1070 4239 εἰ
1112 4186 1157 4239 δ’
1183 4181 1426 4254 ὑπερϐῇ,
1464 4181 1652 4241 ὁσάκις
1688 4179 1920 4248 ἐγχωρεῖ

366 4287 456 4340 τὸν
495 4281 545 4338 λ’
578 4283 778 4337 τούτων
807 4277 1052 4348 ἀφελὼν,
1102 4276 1162 4330 τὸ
1209 4271 1664 4343 καταλειπόμενόν
1709 4271 1856 4322 ἐστιν
1888 4269 1917 4320 ὁ

369 4376 633 4448 θεμέλιος.
675 4373 785 4436 Τὰς
821 4370 997 4443 μέντοι
1033 4369 1200 4438 τρεῖς,
1230 4365 1296 4428 ἃς
1327 4364 1536 4434 ἔφημεν
1574 4359 1918 4433 προστιθέναι

367 4467 446 4538 τῷ
469 4467 560 4519 τοῦ
602 4456 1129 4528 ένδεκαπλασιασμοῦ
1162 4453 1401 4526 ἀριθμῷ,
1441 4450 1765 4522 προσθήσεις
1793 4449 1914 4504 καθ’

366 4557 592 4610 ἕκαστον
639 4551 876 4607 ἐνιαυτὸν
919 4549 1107 4620 μέχρις
1145 4545 1267 4598 ὅλου
1322 4541 1417 4595 τοῦ
1464 4547 1538 4605 ις’
1582 4539 1780 4593 κύκλου
1822 4542 1920 4610 τῆς

371 4646 597 4716 σελήνης
616 4662 629 4674 ο
661 4645 717 4697 ὲν
745 4643 798 4695 δέ
826 4658 889 4710 γε
916 4641 1025 4702 τοῖς
1047 4637 1248 4698 λοιποῖς
1265 4633 1432 4704 τρισὶ,
1459 4630 1535 4701 τῷ
1570 4631 1630 4693 ιζ’
1659 4629 1917 4699 δηλονότι,

2257 3363 2530 3434 Quomodo
2576 3364 2712 3422 (una:
2747 3366 2905 3422 radix
2934 3368 3312 3438 investiganda.

2084 3534 2149 3592 ν.
2171 3539 2459 3596 Sciendum
2487 3551 2570 3599 est
2601 3544 2838 3600 radicem
2870 3545 3011 3600 lunae
3039 3560 3068 3600 a
3099 3545 3352 3602 Kalendis
3374 3545 3568 3604 Janua-

2015 3630 2112 3686 riis
2128 3632 2419 3702 auspicari,
2443 3634 2684 3704 aquibus
2701 3635 2846 3691 illius
2872 3636 3061 3708 cyclus
3091 3637 3300 3708 incipit.
3315 3637 3484 3703 Quam
3510 3648 3567 3693 ut

2016 3721 2293 3787 invenias,
2331 3723 2438 3779 duc
2470 3725 2740 3781 ineuntem
2777 3728 2918 3782 lunae
2966 3728 3176 3799 cyclum
3220 3729 3275 3783 in
3333 3747 3407 3792 ιι,
3457 3732 3569 3785 eol-

2016 3813 2210 3868 lectam
2236 3829 2501 3869 summam
2530 3830 2664 3886 auge
2685 3816 2719 3869 5
2750 3816 2985 3880 additis;
3033 3817 3294 3886 quidquid
3321 3820 3565 3881 exsistet.

2015 3903 2070 3957 id
2108 3904 2154 3959 si
2185 3905 2364 3960 minus
2404 3913 2488 3959 est
2511 3906 2600 3970 '50,
2631 3906 2786 3960 radix
2819 3915 2903 3962 est
2944 3907 3085 3962 luna:
3124 3908 3208 3962 :si
3238 3909 3414 3978 majus
3452 3919 3568 3974 est,

2015 3992 2084 4048 de
2117 4009 2181 4048 eo
2209 3995 2388 4063 quoad
2420 3995 2604 4050 licebit
2631 3996 2856 4050 detrahe
2885 3996 2973 4062 50,
2995 3997 3273 4052 residuum
3306 4006 3390 4054 est
3421 3999 3572 4053 radix

2017 4085 2178 4139 lunae.
2216 4085 2388 4141 Porro
2419 4089 2720 4142 ternarium
2771 4087 2958 4151 illum,
3012 4103 3174 4158 quem
3217 4089 3573 4160 multiplicato

2017 4191 2113 4246 per
2146 4193 2201 4232 ιιι
2244 4193 2472 4234 numero
2511 4179 2818 4234 addendum
2858 4194 2980 4234 esse
3009 4178 3317 4244 docuimus,
3354 4180 3574 4250 adjicie-

2018 4282 2140 4322 mus
2181 4269 2235 4322 in
2263 4284 2406 4324 anno
2447 4270 2643 4340 quovis
2682 4285 2853 4339 usque
2891 4270 2956 4324 ad
2999 4277 3294 4326 Vertentem
3334 4269 3401 4325 16
3435 4271 3576 4324 lunae

2019 4360 2271 4429 cyclum;
2315 4361 2368 4414 in
2419 4361 2646 4430 reliquis
2678 4361 2875 4424 tribus,
2909 4369 2968 4414 ut
3001 4361 3055 4415 in
3089 4361 3177 4423 17,
3213 4361 3301 4426 18,
3348 4362 3436 4426 19,
3477 4378 3577 4432 pro

2021 4450 2197 4506 tribus
2238 4451 2404 4506 addes
2431 4451 2486 4506 4.
2532 4450 2622 4506 Sic
2673 4452 2817 4508 enim
2865 4452 3072 4522 absque
3105 4465 3290 4507 errore
3334 4452 3575 4506 lunarem

2022 4540 2261 4596 radicem
2300 4542 2568 4598 invenies.
2597 4542 2763 4599 Potes
2799 4544 3129 4612 expeditiore
3153 4542 3405 4598 methodo
3431 4559 3577 4598 eam-
3608 4528 3611 4530 ’

2021 4631 2144 4687 dem
2180 4631 2261 4687 sic
2295 4632 2637 4702 investigare.
2672 4635 2751 4688 Ad
2788 4648 3070 4686 numerum
3117 4633 3318 4688 radicis
3356 4647 3580 4687 curren-

368 4736 446 4807 τῷ
475 4743 565 4807 ιη’,
599 4735 693 4788 καὶ
722 4733 799 4803 τῷ
822 4732 906 4794 ιθ’,
932 4729 1051 4784 o'twi.
1081 4727 1187 4780 τῶν
1223 4732 1273 4795 γ’
1318 4722 1648 4794 προσθήσεις
1675 4721 1718 4774 δ’
1739 4738 1752 4751 ·
1784 4720 1908 4773 οὖτα

2027 4720 2098 4774 tis
2127 4721 2265 4776 adde
2293 4737 2368 4776 ιι.
2389 4722 2443 4776 Si
2478 4739 2688 4779 summa
2711 4729 2928 4792 superet
2950 4738 3079 4786 xxx,
3101 4723 3334 4792 demptis
3364 4722 3578 4786 iisdem,

367 4827 476 4898 γάρ
510 4843 590 4880 σοι
611 4824 971 4893 ἀπταίστωςή
1000 4819 1089 4873 τοῦ
1117 4817 1366 4888 θεμελίου
1389 4816 1558 4885 αὐτῆς
1589 4813 1919 4885 προϐήσεται

369 4917 602 4988 εὕρεσις.
645 4913 751 4967 Καὶ
799 4911 967 4974 οὕτως
999 4906 1351 4978 ἀπονωτέρως
1397 4904 1648 4975 εὑρήσεις
1694 4901 1784 4954 τὸν
1821 4900 1921 4970 τῆς

371 5007 598 5076 σελήνης
655 5002 922 5074 θεμέλιον.
995 4999 1086 5069 Τῷ
1159 4996 1251 5050 τοῦ
1310 4993 1600 5056 ἐνεστῶτος
1669 4989 1916 5060 θεμελίου

2029 4812 2296 4882 reliquum
2350 4815 2576 4869 sumito.
2633 4814 2691 4869 Si
2741 4814 2921 4868 minor
2970 4821 3054 4869 est
3101 4829 3380 4878 numerus,
3437 4813 3582 4867 hunc

2026 4902 2207 4973 ipsum
2247 4920 2349 4975 pro
2379 4907 2564 4962 radice
2607 4907 2812 4976 capies.
2839 4907 2977 4962 Cum
3011 4914 3192 4962 autem
3226 4922 3358 4962 xxix
3391 4921 3584 4963 occur‘

2024 4995 2116 5058 rit,
2149 4993 2391 5050 addenda
2429 5006 2556 5052 sunt
2591 5011 2691 5051 xu.

368 5096 585 5168 ἀριθμῷ
614 5093 887 5167 προστίθει
906 5099 992 5144 ια’.
1018 5090 1126 5143 Καὶ
1156 5091 1202 5141 εἰ
1231 5088 1326 5158 μὲν
1351 5085 1518 5139 πλείω
1543 5085 1649 5137 τῶν
1671 5082 1714 5135 λ’
1737 5080 1910 5150 ἀναϐῇ
1948 5083 1977 5135 ό
2009 5084 2258 5156 ἀριθμὸς,
2279 5088 2348 5142 τὰ
2375 5087 2417 5141 λ’
2475 5088 2723 5158 ἐμϐαλὼν
2748 5089 2813 5152 ιδ,
2863 5089 2932 5143 τὰ
2964 5089 3395 5161 καταλειπόμενα
3453 5083 3562 5159 κρά

367 5207 449 5244 τει
469 5207 481 5220 ·
519 5191 567 5242 εί
593 5189 650 5242 δὲ
677 5186 916 5243 κάτωθεν
945 5184 1131 5237 τούτου
1164 5183 1328 5244 ἐστὶν,
1361 5177 1521 5232 αὑτὸν
1567 5177 1769 5228 ἐκεῖνον
1797 5169 1934 5226 εἶναι
1994 5179 2227 5244 γίνωσκε
2295 5181 2386 5234 τὸν
2425 5181 2691 5252 θεμέλιον.
2733 5182 2820 5234 Ἐν
2849 5180 3027 5251 μέντοι
3062 5180 3138 5251 τῷ
3171 5182 3273 5243 κθ’,
3307 5180 3373 5233 ιϐ’
3415 5179 3493 5232 δεῖ
3527 5193 3584 5230 σε

370 5285 703 5358 προσθεῖναι.

369 5395 558 5463 Ὅπως
589 5397 890 5465 εὑρίσκειν
928 5390 1022 5446 δεῖ
1049 5392 1254 5526 ἓῆῖριῆν
1280 5384 1510 5458 ἡμερῶν
1547 5385 1719 5438 ἐστιν
1749 5384 1786 5452 ἠ
1813 5398 1923 5437 σεο

1100 5479 1118 5512 7
1223 5497 1237 5510 .

1100 5479 1212 5512 mm
1223 5497 1237 5510 .

1055 5477 1118 5514 ,ιτ
1223 5497 1237 5510 .

442 5564 530 5629 ς’.
555 5560 665 5624 Τὰς
685 5557 894 5630 ἡμέρας
921 5555 976 5607 δὲ
1001 5554 1099 5617 τὰς
1118 5477 1232 5606 ἵτῗὸ
1256 5551 1556 5620 γεννήσεως
1585 5546 1753 5619 αὐτῆς
1786 5544 1926 5599 οὓτω

441 5717 482 5747 ³⁸
507 5715 547 5784 f.
585 5713 844 5768 ἐκϐαλών.

679 5809 944 5868 Ριτιιοι.
979 5805 1094 5865 Gn.
1117 5797 1293 5862 XIX.

2274 5385 2545 5452 Quomodo
2581 5387 2800 5443 inveniri
2829 5386 2995 5458 possit
3028 5393 3158 5439 wtas
3181 5384 3339 5440 (unde.

2102 5539 2187 5597 Vl.
2219 5539 2454 5598 ditatem
2483 5540 2626 5596 luna:
2669 5537 2734 5595 ad
2779 5526 2922 5596 hunc
2957 5535 3179 5596 modum
3212 5533 3586 5611 investigabil.

3197 5782 3274 5844 ω
