4036 6218
292 327 426 384 1393

1416 329 1635 390 ISAACI
1674 329 1977 390 ΜΟΝΑοΗί
2013 328 2408 394 COMPUTUS.

3371 323 3391 379 ἰ
3401 319 3504 380 326

285 443 511 518 εὕρισκε
550 449 726 504 πόσων
749 447 968 521 ἡμερῶν
1005 447 1279 521 τυγχάνει,
1303 453 1396 506 καὶ
1421 453 1643 517 ταύταις
1669 452 1846 517 διδοὺς

1953 469 2044 525 pro
2061 469 2389 526 unoquoque
2415 453 2503 508 die
2516 446 2771 521 scrupula
2799 459 2852 502 tv
2878 443 3063 514 accipe
3099 454 3112 494 :
3146 457 3412 498 summam
3443 459 3507 497 es

286 537 392 592 ἀνὰ
432 539 601 594 λεπτὰ
646 540 708 604 δ’,
752 542 820 594 τὰ
859 541 1196 611 συναγόμενα
1244 544 1416 598 λεπτά
1469 543 1654 616 μέριζε
1694 545 1848 616 παρά

285 628 379 683 τὸν
431 630 492 694 ε’,
522 630 839 701 μεταϐαλὼν
883 633 962 694 εἰς
997 631 1179 703 ὥρας’
1225 635 1318 687 καὶ
1363 635 1503 702 ἕξεις
1550 635 1607 690 τὸ
1652 636 1845 707 ζητού-

291 736 471 789 μενον.
504 720 772 785 Ὡσαύτως
803 722 896 776 καὶ
931 722 1067 793 μετά
1089 723 1184 796 τὴν
1211 725 1492 796 ἀπόχυσιν,
1514 728 1678 798 ἠγουν
1707 727 1846 797 μετά

286 811 385 879 τὴν
413 809 474 862 ιε’
497 810 666 880 αὑτῆς
703 811 933 883 ἡμέραν,
970 815 1016 866 εἰ
1045 813 1223 884 βούλει
1256 813 1528 887 εὑρίσκειν
1565 817 1663 880 τὰς
1697 818 1847 890 ὥρας

286 903 384 973 τῆς
407 901 620 970 φάσεως
641 903 829 973 αὐτῆς,
857 905 1018 973 ἄφελε
1051 907 1156 960 ἀπὸ
1182 907 1292 962 τῶν
1323 908 1387 961 ιϐ’
1411 909 1566 981 ὡρῶν
1597 910 1694 981 τῆς
1719 910 1847 982 ὅλης

286 996 479 1056 νυκτὸς
543 992 663 1046 καθ’
711 996 945 1067 ἑκάστην
1006 995 1245 1072 ἑσπέραν
1288 1001 1394 1054 τῶν
1462 1003 1845 1073 παρελθουσῶν

287 1084 458 1138 λεπτά
488 1085 550 1149 δ’,
581 1086 670 1139 καὶ
709 1088 766 1140 αἱ
799 1089 1254 1162 καταλειπόμεναι
1290 1086 1452 1165 ὧραι,
1481 1095 1514 1165 ἢ
1548 1096 1638 1148 καὶ
1675 1096 1847 1151 λεπτά

291 1179 408 1248 μετ’
434 1177 631 1242 αὐτῶν,
665 1179 816 1233 ἔσται
848 1183 881 1252 ἡ
910 1181 1107 1250 φαῦσις
1137 1183 1326 1254 αὑτῆς.
1354 1187 1423 1238 Ἣ
1455 1188 1547 1240 καὶ
1581 1187 1773 1251 άλλως.

358 1265 592 1336 Εὖρισκε
645 1266 824 1322 πόσων
867 1272 1087 1343 ἡμερῶν
1126 1274 1356 1347 ὑπάρχει
1393 1276 1500 1330 ἀπὸ
1532 1279 1628 1348 τῆς
1660 1281 1848 1352 γεννή-

289 1372 426 1421 σεως
463 1358 630 1429 αὐτῆς
665 1359 825 1429 μέχρι
849 1361 945 1432 τῆς
995 1363 1135 1432 μετὰ
1175 1366 1274 1437 τὴν
1321 1367 1582 1437 ἁπόχυσιν
1610 1371 1846 1442 ἡμέρας,

287 1445 411 1553 καθ’
437 1447 501 1518 ἣν
530 1448 710 1517 ζητεῖς
737 1451 833 1514 τὰς
880 1452 1027 1524 ὧρας
1057 1455 1149 1508 τοῦ
1193 1459 1471 1529 φωτισμοῦ
1513 1461 1701 1532 αὐτῆς.
1736 1463 1846 1527 Τὰς

287 1537 382 1589 οὖν
411 1537 664 1602 τοιαύτας
711 1541 921 1614 ἡμέρας
975 1545 1222 1618 ἀςςαιρῶν
1266 1549 1371 1602 ἀπὸ
1411 1550 1518 1603 τῶν
1557 1552 1622 1618 λ’,
1660 1556 1846 1626 κράτει

286 1630 386 1691 τάς
419 1629 866 1701 καταλειφθείσας
913 1637 1105 1708 μέχρις
1153 1639 1320 1710 αὑτῆς
1360 1641 1487 1712 ὅλης
1532 1645 1630 1715 τῆς
1657 1644 1723 1710 λ’,
1760 1644 1849 1712 αἷς

286 1717 462 1784 διδοὺς
493 1722 595 1775 ἀνά
626 1722 794 1778 λεπτὰ
824 1725 885 1792 δ’,
916 1727 981 1781 τά
1011 1729 1115 1782 ἀπὸ
1146 1731 1347 1785 τούτων
1375 1735 1635 1806 γινόμενα
1669 1739 1844 1794 πάντα

289 1811 460 1902 λεπτά
496 1813 684 1886 μέριζε
728 1819 877 1890 παρὰ
927 1819 1033 1873 τῶν
1075 1821 1149 1873 ε’·
1195 1823 1288 1878 καὶ
1339 1824 1561 1902 μαθήσῃ
1606 1828 1846 1900 ἀκριϐῶς
1875 1808 1921 1871 Β

288 1901 464 1967 πόσας
491 1905 636 1976 ὥρας
668 1908 760 1961 καὶ
785 1909 954 1964 λεπτὰ
990 1913 1170 1982 μέλλει
1198 1915 1424 1986 λάμψαι.

375 1995 510 2050 Ἀλλ’
538 1996 765 2070 ἐπείπερ
806 2002 837 2072 η
878 2003 1100 2075 τοιαύτη
1139 2005 1360 2076 μέθοδος
1392 2009 1449 2059 ὲν
1490 2008 1694 2074 πάσαις
1730 2013 1849 2076 ταῖς

288 2082 386 2138 τοῦ
420 2086 663 2140 ἐνιαυτοῦ
697 2087 816 2153 νυξὶ
846 2089 922 2161 τῷ
947 2091 1163 2163 ἀριθμῷ
1195 2093 1302 2147 τῶν
1330 2093 1396 2146 ιϐ’
1425 2096 1622 2167 χρῆται
1657 2098 1844 2169 ὡρῶν·

287 2177 422 2244 ἡμῖν
446 2174 491 2229 δ’
520 2178 573 2229 αἰ
615 2177 806 2242 νύκτες
843 2179 981 2233 κατά
1034 2182 1129 2253 μὲν
1173 2182 1272 2254 τὴν
1323 2185 1545 2258 ἐαρινὴν
1587 2187 1679 2242 καί
1726 2188 1848 2258 φθι-

290 2268 593 2340 νοπωρινὴν
617 2269 921 2340 ἰσημερίαν,
940 2271 1103 2342 ἤγουν
1119 2273 1256 2326 κατά
1274 2274 1364 2328 τὸν
1377 2276 1743 2349 Σεπτέμϐριον
1759 2279 1852 2334 καὶ

291 2357 435 2409 κατά
455 2358 544 2410 τὸν
580 2359 816 2431 Μάρτιον
851 2361 1008 2430 μόνον
1044 2362 1392 2432 ἔχουσιν-ἀνὰ
1420 2367 1485 2420 ιδ’
1514 2367 1694 2440 ὡρῶν,
1731 2369 1851 2423 καθ’

291 2445 351 2498 ὃν
381 2447 566 2518 καιρὸν
597 2450 690 2501 καὶ
725 2451 758 2522 ή
789 2451 1014 2520 ρηθεῖσα
1051 2452 1269 2522 μέθοδος
1299 2456 1544 2529 ἀσφαλής
1568 2461 1682 2511 ἐστι
1713 2459 1852 2513 κατὰ

292 2540 390 2599 τ“ς
423 2535 568 2607 ὥρας
612 2536 892 2600 ἰσάζουσα·
927 2540 1064 2610 μετά
1100 2540 1156 2595 δὲ
1197 2543 1286 2597 τὸν
1317 2546 1703 2620 Σεπτέμσριον,
1739 2567 1851 2620 χειά

295 2623 470 2694 μῶνος
499 2624 809 2693 φθάνοντος,
849 2627 947 2689 τάς
985 2628 1050 2680 ι6¹
1084 2628 1230 2701 ὧρας
1264 2634 1658 2705 ὑπερϐαίνουσα
1690 2640 1721 2710 ἡ
1756 2639 1852 2703 νὺξ

294 2717 433 2770 κατά
469 2718 661 2790 μικρὸν
701 2719 979 2791 προϐαίνει
1020 2722 1146 2793 ἄχρι
1181 2724 1289 2777 τῶν
1323 2732 1410 2778 ιε’·
1457 2727 1716 2794 ὡσαύτως
1758 2733 1851 2785 καὶ

295 2807 431 2876 μετά
464 2809 552 2862 τὸν
579 2809 818 2880 Μάρτιον
850 2809 977 2882 ἄχρι
1014 2812 1107 2865 τοῦ
1135 2811 1323 2884 θέρους
1354 2817 1613 2886 προϊοῦσα
1650 2821 1848 2892 κατέρ-

291 2916 444 2970 χεται
486 2903 565 2964 εἰς
592 2900 739 2972 ὥρας
768 2901 844 2955 θ’⁶
899 2904 1007 2958 κάκ
1054 2904 1242 2958 τούτου
1285 2909 1656 2978 ἀναφαίνεται,
1685 2911 1760 2975 ὡς
1792 2913 1850 2966 αἰ

290 2993 441 3062 παρὰ
464 2992 562 3062 τῆς
588 2995 879 3066 εἰρημένης
907 2995 1087 3068 ψήφου
1116 2998 1520 3071 λαμϐανόμεναι
1549 2994 1684 3073 ὧραι
1714 3004 1850 3058 κατά

1950 547 2204 604 omnibus
2232 547 2516 603 collectam
2556 544 2758 614 partire
2787 555 2884 611 per
2917 555 2971 602 ν,
3012 545 3067 592 et
3098 551 3194 607 pro
3226 534 3293 590 iis
3317 533 3508 604 singu-

1932 638 2033 694 'las
2060 639 2224 694 horas
2250 652 2476 694 numera
2510 652 2523 692 :
2554 636 2779 692 habebis
2813 634 2915 688 hoc
2949 630 3111 686 modo
3143 625 3286 698 quod
3313 625 3511 696 quari-

1951 739 2060 786 tur.
2104 730 2366 791 Similiter
2404 739 2525 800 post
2565 725 2945 799 plenilunium,
2995 722 3099 776 hoc
3140 726 3226 774 est
3271 723 3396 788 post
3445 723 3512 768 xv

1951 820 2094 877 diem
2132 821 2293 885 lunze,
2321 828 2380 874 ut
2409 820 2593 886 horas,
2643 816 2844 888 quibus
2877 814 3040 878 lucet,
3072 821 3386 881 assequare,
3419 806 3508 861 de.

1952 913 2107 968 trahe
2162 911 2230 967 de
2270 911 2422 966 horis
2477 925 2550 963 xu
2607 910 2830 977 integra:
2884 903 3080 969 noctis,
3123 915 3222 972 pro
3274 897 3513 970 qualibet

1951 1009 2141 1058 exacta
2185 1011 2345 1057 nocte
2375 1000 2633 1070 scrupula
2667 1015 2720 1053 ιν
2757 1017 2770 1053 ι
2810 996 2952 1068 quod
2994 994 3267 1064 reliquum
3299 986 3383 1046 esi
3413 987 3512 1042 lio-

1951 1107 2160 1156 rarum,
2209 1094 2292 1148 vel
2341 1091 2756 1162 scrupulorum,
2810 1097 3025 1157 tempus
3067 1091 3152 1140 est
3191 1095 3298 1152 quo
3346 1080 3509 1133 lucet.

1951 1179 2080 1238 item
2109 1183 2214 1237 alio
2236 1182 2418 1238 modo.

2025 1273 2174 1329 Scito
2203 1284 2337 1346 quot
2389 1274 2507 1330 dies
2545 1270 2818 1341 interjecti
2867 1269 2979 1324 sint
3033 1281 3062 1320 a
3114 1277 3252 1320 nova
3288 1262 3412 1315 luna
3444 1257 3512 1313 ad

1951 1369 2288 1436 propositum
2324 1367 2467 1422 diem
2522 1363 2818 1436 plenilunio
2861 1359 3249 1431 posteriorem,
3287 1364 3395 1422 quo
3425 1351 3515 1405 die

1953 1460 2215 1533 quaeritur
2235 1465 2367 1528 quot
2397 1456 2547 1512 horis
2581 1455 2779 1508 lucent.
2814 1449 3091 1506 Summam
3119 1449 3329 1504 dierum
3361 1446 3515 1502 aufer

1956 1555 2024 1608 de
2056 1568 2199 1606 xxx:
2233 1549 2376 1620 quod
2393 1553 2640 1620 superest
2658 1544 2736 1599 ad
2765 1543 3097 1599 tricesimam
3129 1555 3302 1610 usque
3327 1539 3513 1593 lunam

1954 1646 2166 1716 accipe;
2216 1659 2316 1714 pro
2357 1640 2587 1711 singulis
2637 1637 2828 1693 diebus
2871 1634 3106 1689 residuis
3165 1631 3423 1702 scrupula
3459 1638 3514 1682 ιν

1953 1737 2204 1807 computa
2228 1753 2241 1789 :
2263 1733 2545 1788 collectam
2568 1745 2632 1785 ex
2663 1727 2916 1784 omnibus
2940 1736 3206 1782 summam
3228 1722 3514 1793 scrupulo.

1950 1826 2317 1897 rum°partire
2355 1839 2450 1894 per
2480 1839 2512 1875 ν
2539 1837 2551 1876 :
2577 1822 2650 1876 ita
2684 1828 2834 1876 certo
2861 1815 3163 1888 connperies
3191 1823 3324 1886 quot
3348 1813 3514 1868 horas

1949 1928 2004 1976 et
2030 1918 2287 1990 scrupula
2315 1916 2496 1971 lucere
2520 1913 2736 1969 debeat.

2023 2009 2130 2066 Sed
2174 2008 2431 2080 quoniam
2479 2003 2761 2061 methodus
2795 2002 2898 2058 ista
2934 2007 3124 2056 noctes
3172 2010 3361 2052 omnes
3414 2005 3512 2067 per

1951 2117 2153 2158 annum
2202 2107 2376 2156 totum
2427 2098 2595 2154 sumit
2645 2096 2901 2150 horarum
2946 2109 3043 2158 xu,
3083 2089 3222 2162 apud
3267 2103 3369 2145 nos
3421 2101 3514 2142 aus

1951 2201 2058 2248 tem
2102 2191 2206 2247 sub
2245 2205 2472 2246 vernum
2519 2194 2574 2243 et
2629 2185 2941 2240 autumnale
2981 2183 3245 2238 duntaxat
3270 2179 3514 2250 aaquinon

1950 2284 2144 2346 ctium,
2169 2281 2272 2336 hoc
2287 2289 2369 2336 est
2394 2277 2701 2350 Septembri
2729 2284 2783 2330 et
2809 2271 3020 2337 Martio,
3054 2281 3240 2327 noctes
3255 2273 3511 2324 horarum

1952 2384 2078 2431 sunt
2098 2390 2207 2440 xu;
2234 2386 2342 2442 quo
2377 2381 2616 2440 tempore
2654 2366 2942 2422 methodus
2971 2375 3318 2432 nostra,qua:
3348 2360 3512 2415 hora-

1952 2481 2071 2520 rum
2111 2465 2470 2534 aequalitatem
2494 2459 2761 2532 postulat,
2791 2472 2978 2512 errore
3010 2464 3196 2510 vacat:
3228 2461 3350 2526 post
3379 2451 3514 2522 Sep‘

1959 2557 2222 2612 tembrem
2244 2595 2259 2617 ,
2311 2553 2639 2610 succedente
2680 2549 2878 2613 hieme,
2908 2563 3012 2602 nox
3049 2563 3125 2601 xu
3161 2548 3324 2601 horas
3353 2561 3514 2600 exce.

1956 2647 2092 2702 dens
2124 2644 2385 2717 paulatim
2418 2642 2484 2696 ad
2516 2657 2585 2696 ιν
2619 2653 2793 2708 usque
2824 2636 3203 2708 progreditur;
3230 2643 3350 2705 post
3371 2635 3514 2688 Mar-

1951 2739 2085 2791 tium
2115 2750 2330 2806 quoque
2355 2748 2527 2803 usque
2557 2729 2622 2784 ad
2657 2730 2902 2784 aestivum
2931 2726 3222 2782 solstitium
3253 2739 3510 2795 progres-

1953 2846 2072 2886 sum
2126 2828 2352 2891 faciens,
2391 2823 2458 2880 ad
2508 2823 2672 2879 horas
2722 2837 2776 2876 Ix
2806 2817 3106 2883 decrescit;
3143 2832 3207 2871 ex
3240 2830 3348 2885 quo
3377 2813 3511 2868 illud

1953 2927 2198 2993 apparet,
2237 2919 2400 2974 horas
2422 2915 2633 2972 calculo
2653 2915 2758 2969 isto
2785 2920 3022 2983 putatas,
3048 2910 3126 2964 uti
3161 2911 3216 2963 in
3246 2907 3510 2962 ambobus

1953 3009 2293 3080 aequinoctiis
2339 3003 2546 3062 similes
2592 3001 2935 3072 aequalesque
2972 3006 3125 3062 sunt,
3176 2997 3255 3053 sic
3297 2996 3513 3051 in'relia

293 3085 393 3199 μὶν
432 3085 532 3150 τὰς
570 3085 964 3199 ,διᾷληφθείσας
1020 3090 1304 3162 ἰσημερίας
1347 3093 1481 3146 εἰσὶν
1527 3095 1710 3165 ὅμοιαι
1757 3097 1848 3149 καὶ

1956 3102 2079 3173 quis
2113 3098 2451 3170 temporibus
2482 3095 2614 3149 alias
2639 3092 2896 3162 majores,
2941 3093 3076 3146 alias
3103 3090 3341 3143 minores
3367 3103 3510 3150 esse,

2413 3181 2426 3199 ι
2476 3185 2527 3199 οι
2623 3195 2633 3199 -
2667 3192 2680 3199 -
2786 3198 2792 3199 ,
2905 3182 2945 3199 η·
2982 3198 2988 3199 ,
3034 3181 3279 3199 j!____.--._
3337 3177 3389 3199 Δ.
3426 3177 3510 3199 L1-

293 3177 426 3239 ἴσαι,
458 3179 596 3232 κοιτά
626 3179 683 3232 δὲ
715 3180 874 3234 λοιπά
908 3181 1001 3234 τοῦ
1035 3183 1227 3253 χρόνου
1255 3185 1394 3256 μέρη
1425 3187 1554 3239 ποτὲ
1591 3187 1692 3258 μὲν
1733 3189 1848 3258 μεί-

290 3269 446 3332 ζονές
495 3273 634 3335 εἰσι,
693 3274 822 3325 ποτὲ
872 3272 928 3326 δὲ
967 3274 1278 3339 ἐλάττονες,
1327 3277 1383 3329 αἲ
1431 3279 1524 3332 καὶ
1566 3279 1851 3334 καλοῦνται

290 3361 537 3431 καιρικαί
562 3377 576 3392 ·
603 3363 732 3433 ἡμῖν
757 3363 812 3416 δί
833 3367 861 3416 ὀ
886 3367 1083 3429 σκοπός
1113 3368 1227 3419 ἐστι
1253 3366 1339 3422 διά
1359 3368 1465 3421 τῶν
1487 3369 1606 3423 καθ’
1623 3370 1852 3424 ἕκαστον

294 3452 438 3524 μῆνα
489 3453 851 3524 ἐνισταμένων
905 3455 1032 3511 ἴσων
1059 3455 1217 3530 ὡρῶν
1245 3497 1260 3522 ,
1309 3458 1608 3531 αὐξομένης
1647 3477 1707 3514 τε
1757 3463 1852 3515 καὶ

295 3544 623 3616 μειουμένης
651 3545 753 3617 τῆς
783 3546 1002 3614 νυκτὸς,
1033 3547 1307 3621 εὑρίσκειν
1333 3549 1431 3614 τὰς
1463 3551 1582 3604 καθ’
1617 3550 1852 3623 ἑκάστην

292 3632 532 3704 ἑσπέραν
560 3633 706 3705 ὥρας
738 3634 834 3689 τοῦ
857 3637 1135 3707 φωτισμοῦ
1166 3639 1334 3710 αὑτῆς
1353 3656 1368 3668 ·
1405 3631 1849 3713 ὑποδειχθήσεται

291 3725 490 3796 τρόπον
513 3727 574 3791 ³⁸,
609 3727 756 3791 ὅπως
788 3729 1041 3799 ἀσφαλῶς
1083 3731 1176 3784 καὶ
1211 3731 1369 3785 τοῦτο
1398 3735 1705 3803 γενήσεται,
1758 3749 1852 3804 μει-

291 3815 668 3888 ταϐαλομένων
694 3819 802 3872 τῶν
837 3821 1138 3892 εἰρημένων
1162 3823 1360 3877 ἀνίσων
1392 3823 1657 3894 καιρικῶν
1694 3823 1852 3898 ὡρῶν

293 3913 374 3974 εἰς
401 3910 499 3974 τὰς
529 3915 655 3983 παρ’
684 3914 813 3984 ἡμῖν
848 3914 989 3978 ἴσας,
1018 3916 1116 3979 τὰς
1145 3915 1479 3987 καλουμένας
1509 3918 1848 3988 ἰσημερινάς.

295 4001 452 4054 Ἐστι
481 4002 527 4054 δ’
555 4001 745 4067 οὑτως.

362 4091 596 4164 Εῦρισκε
619 4095 831 4166 πρῶτον
853 4093 1032 4150 πόσων
1059 4099 1280 4170 ἡμερῶν
1306 4100 1539 4173 ὑπάρχει
1571 4101 1605 4171 ὴ
1634 4100 1848 4170 σελήνη,

292 4184 388 4238 καὶ
425 4185 596 4250 πόσας
627 4186 774 4258 ὥρας
819 4191 1075 4260 καιρικὰς
1125 4191 1303 4262 μέλλει
1340 4192 1571 4263 λάμψαι,
1615 4192 1690 4256 ὠς
1715 4193 1855 4245 ἀνω-

289 4275 434 4346 τέρω
482 4277 744 4348 ἀκήκοας.
807 4276 1020 4345 Ταύτας
1060 4278 1152 4336 οὖν
1199 4272 1664 4337 πολλαπλασίασον
1714 4285 1852 4354 μετὶ

290 4367 400 4420 τῶν
443 4368 621 4440 ὡρῶν,
655 4369 722 4434 ἃς
749 4371 856 4442 ἕχει
885 4374 1013 4444 παρ’
1051 4375 1181 4445 ἡμῖν
1203 4376 1236 4447 η
1261 4375 1354 4442 νὺξ
1377 4375 1471 4429 τοῦ
1501 4376 1853 4446 ἐνισταμένου

1952 3209 2072 3263 quae
2095 3201 2149 3248 et
2179 3181 2448 3262 καιρικαί,
2476 3185 2529 3240 id
2557 3195 2639 3240 est
2663 3182 2991 3251 temporaria:
3021 3181 3298 3237 dicuntur.
3327 3177 3394 3230 At
3426 3177 3512 3230 hic

1953 3287 2113 3341 nobis
2149 3281 2463 3353 prepositus
2496 3285 2578 3333 est
2608 3291 2829 3344 scopus,
2851 3281 2909 3328 ut
2932 3289 3026 3344 per
3059 3271 3297 3341 aequales
3327 3283 3514 3324 mense

1953 3373 2149 3445 quovis
2199 3370 2390 3431 horas.
2435 3372 2716 3422 crescente
2746 3365 2828 3419 vel
2857 3363 3204 3418 decrescente
3243 3358 3392 3420 luna,
3424 3371 3537 3410 τει-

1953 3463 2228 3535 periamus
2252 3465 2455 3532 quanto
2483 3463 2606 3527 post
2653 3469 2931 3526 vesperam
2964 3465 3234 3522 quamque
3272 3459 3512 3519 tempore

1950 3556 2128 3610 luceat
2157 3573 2169 3606 :
2204 3553 2324 3608 Ideo
2354 3551 2492 3604 ratio
2520 3550 2766 3620 quaedam
2791 3547 3034 3602 tradetur
3060 3561 3089 3599 a
3114 3543 3291 3608 nobis,
3323 3559 3427 3614 qua
3457 3541 3512 3597 id

1951 3657 2101 3702 certo
2156 3643 2414 3714 consequi
2464 3643 2755 3712 possimus,
2801 3639 2877 3695 uti
2917 3639 3174 3693 nimirum
3221 3635 3514 3706 inmquales

1951 3736 2100 3792 horae
2152 3735 2258 3791 illae
2300 3749 2364 3789 ac
2410 3732 2751 3804 temporariae
2796 3730 2851 3786 in
2900 3745 3016 3793 eas.
3069 3744 3207 3800 quas
3257 3739 3513 3783 vocamus

1951 3828 2376 3902 aequinoctiales,
2409 3833 2708 3881 mutentur.
2736 3823 2829 3879 Est
2859 3831 3039 3879 autem
3081 3819 3371 3893 ejusmodi.

2023 4097 2291 4172 imprimis
2334 4105 2466 4169 quot
2495 4095 2705 4151 dierum
2753 4101 2887 4150 aetas
2930 4089 3074 4148 lunae
3115 4093 3185 4148 sit
3225 4090 3510 4162 investiga,

1952 4202 2190 4265 quotque
2234 4187 2592 4260 temporarias
2619 4187 2781 4241 horas
2805 4185 2986 4240 lucere
3008 4198 3127 4238 eam
3159 4189 3423 4255 oporteat,
3454 4187 3515 4235 ut

1955 4288 2008 4341 in
2042 4281 2416 4355 superioribus
2441 4278 2778 4335 intellexisti.
2803 4269 2912 4335 Has
2938 4292 3060 4332 cum
3085 4277 3234 4332 horis
3255 4274 3516 4345 multiplia

1954 4393 2040 4443 ca,
2074 4391 2211 4448 quas
2248 4374 2390 4446 apud
2419 4387 2522 4427 nos
2553 4371 2816 4442 propositi
2848 4369 3052 4425 mensis
3081 4384 3188 4422 nox
3221 4367 3402 4430 habet,
3447 4369 3514 4421 de

295 4458 485 4528 μηνὸς,
509 4461 629 4514 καθ’
657 4463 716 4514 ὃν
741 4463 981 4535 δηλονότι
1013 4468 1044 4537 ή
1081 4467 1306 4539 ζήτησις
1347 4469 1575 4538 γίνεται.
1609 4471 1718 4524 Καὶ
1755 4473 1847 4524 τὸν

1961 4485 2068 4540 quo
2093 4465 2344 4522 videlicet
2371 4461 2654 4532 quaeritur.
2697 4457 2976 4512 Summam
2994 4457 3275 4511 collectam
3306 4468 3371 4509 ex
3394 4469 3515 4524 per-

295 4549 654 4621 συναγόμενον
682 4551 789 4606 ἀπὸ
825 4554 1012 4609 τούτου
1047 4556 1276 4628 ἀριθμὸν
1331 4557 1518 4630 μὲριζε
1563 4560 1652 4614 ἀεὶ
1701 4561 1851 4634 παρά

290 4638 383 4692 τὸν
414 4640 501 4705 ιδ’,
530 4643 694 4714 ἤγουν
723 4644 813 4698 τὸν
850 4647 1078 4719 ἀριθμὸν
1103 4648 1210 4702 τῶν
1239 4651 1502 4723 καιρικῶν
1526 4650 1712 4721 ὡρῶνο
1749 4651 1846 4705 καὶ

290 4729 463 4796 οὕτως
493 4732 632 4799 ἕξεις
662 4734 759 4808 τὴν
783 4736 892 4791 τῶν
914 4737 1166 4794 τοιούτων
1195 4737 1351 4810 ὡρῶν
1379 4741 1697 4815 μεταϐολήν.
1726 4741 1850 4797 Οἷον

292 4822 432 4877 εστω
469 4825 696 4897 δοκιμῆς
721 4829 911 4900 χάριν,
973 4832 1228 4904 πέμπτης
1261 4833 1428 4904 οὔσης
1477 4835 1574 4906 τῆς
1621 4837 1849 4907 σελήνης

293 4914 434 4968 κατά
459 4915 552 4968 τὸν
592 4918 936 4990 Ἰανουάριον,
969 4921 1090 4974 καθ’
1118 4923 1176 4976 ὃν
1211 4922 1320 4994 ἔχει
1371 4924 1498 4996 παρ’
1527 4927 1659 4996 ἡμῖν
1689 4925 1723 4994 ἡ
1752 4922 1850 4989 νὺξ

290 5006 443 5078 ὧρας
477 5009 558 5068 ιδ’,
592 5008 772 5080 ζητεῖν
815 5013 964 5082 ἡμᾶς
995 5009 1167 5076 πόσας
1195 5012 1343 5085 ὥρας
1387 5012 1567 5085 μέλλει
1615 5013 1847 5084 λάμψαι,

291 5102 386 5154 καὶ
444 5102 768 5174 εὑρίσκομεν
812 5104 951 5158 κατὰ
989 5107 1084 5176 τὴν
1134 5107 1622 5179 ἀναγεγραμμένην
1668 5106 1852 5175 ἔφοδον

290 5192 462 5247 λεπτά
490 5193 559 5258 κ’,
583 5194 744 5265 ἢγουν
769 5195 917 5267 ὥρας
941 5197 1197 5268 καιρικάς
1222 5197 1263 5250 δ’
1281 5213 1294 5227 ⁸
1321 5197 1387 5261 ἀς
1415 5197 1657 5261 θέλοντες
1687 5213 1851 5268 μετα-

293 5286 476 5341 ϐαλεῖν
505 5289 584 5351 εἰς
620 5289 954 5360 ίσημερινάς,
991 5290 1528 5364 πολλαπλασιάζομεν
1565 5293 1766 5356 ταύτας
1787 5293 1852 5365 δὴ

290 5377 390 5456 τὰς
417 5378 460 5431 δ’
490 5379 639 5451 ὥρας
667 5381 804 5452 μετά
834 5381 943 5434 τῶν
988 5381 1048 5435 ιδ’
1067 5381 1246 5454 ὡρῶν,
1288 5383 1354 5447 ἃς
1394 5384 1506 5454 ἔχει
1545 5387 1578 5455 ἡ
1613 5383 1737 5449 νὺξ,
1779 5384 1854 5448 ὡς

291 5469 527 5541 εἴρηται,
572 5470 710 5526 κατὰ
766 5471 854 5526 τὸν
904 5474 1230 5546 Ἰανουάριον
1253 5492 1265 5504 ·
1297 5475 1556 5546 λέγομεν·
1587 5474 1856 5547 Τετράκις

291 5562 360 5615 τά
395 5562 475 5627 ιδ’,
497 5563 603 5628 νς’.
636 5565 820 5620 Ταῦτα
847 5567 902 5620 δὲ
921 5567 991 5621 τὰ
1015 5567 1102 5632 νς¹
1130 5567 1424 5640 μερίζομεν
1452 5569 1600 5640 παρά
1634 5568 1724 5624 τὸν
1765 5568 1852 5635 ιδ’,

371 5751 412 5782 ³⁸
439 5749 479 5818 [ο
511 5747 726 5820 τρόπος.

1957 4567 2115 4631 petua
2148 4556 2332 4626 regula
2361 4554 2564 4625 partire
2593 4566 2689 4622 per
2721 4567 2818 4614 xu,
2849 4548 3041 4618 quiest
3063 4547 3511 4616 temporariaruin

1958 4663 2218 4705 numerus
2259 4646 2538 4701 horarum.
2563 4641 2679 4697 Hoc
2707 4639 2867 4695 modo
2891 4638 3304 4694 conversionem
3344 4638 3509 4712 hora-

1957 4755 2076 4797 rum
2112 4737 2437 4809 assequeris.
2478 4731 2718 4802 Exempli
2758 4745 2944 4794 causa,
2979 4736 3038 4783 ut
3068 4725 3380 4783 methodum
3419 4742 3511 4795 pec

1957 4833 2298 4890 riclitemur:
2339 4827 2501 4883 Sexta
2547 4826 2616 4882 sit
2658 4823 2786 4878 luna
2834 4836 3020 4876 mense
3065 4818 3346 4882 Januario,
3404 4834 3513 4887 quo

1958 4924 2136 4981 noctis
2193 4923 2342 4977 horae
2412 4925 2538 4974 sunt
2589 4912 3000 4985 quatuordecim
3050 4929 3064 4965 :
3110 4917 3164 4965 et
3209 4907 3517 4980 inquiratur

1957 5024 2090 5088 quot
2147 5016 2308 5070 horas
2356 5013 2481 5066 luna
2538 5015 2698 5064 nocte
2759 5007 2958 5061 luceat.
3013 5001 3088 5056 Ex
3132 5001 3224 5056 illa
3279 5000 3512 5064 ratione,

1956 5123 2118 5180 quam
2157 5105 2406 5176 superius
2450 5100 2835 5172 exposuimus,
2886 5098 3021 5150 [lunt
3063 5093 3272 5149 minuta
3325 5092 3514 5162 viginti

1959 5217 2080 5272 qtae
2111 5206 2239 5255 sunt
2285 5197 2434 5252 horae
2469 5192 2809 5264 temporariae
2853 5199 3122 5261 quatuor;
3170 5201 3310 5257 quas
3355 5194 3416 5240 ut
3461 5185 3517 5239 in

1959 5291 2251 5364 aaquabiles
2297 5293 2714 5350 convertamus,
2756 5281 2854 5337 has
2897 5280 3044 5350 ipsas
3083 5286 3320 5350 quatuor
3354 5277 3517 5332 horas

1961 5387 2015 5441 in
2046 5376 2452 5455 quatuordecim
2472 5415 2487 5441 ,
2525 5389 2662 5446 quas
2705 5387 2809 5428 nox
2861 5371 3045 5435 habet,
3075 5377 3136 5424 ut
3177 5370 3383 5424 dictum
3411 5375 3518 5433 est,

1958 5475 2220 5532 Januario
2260 5485 2484 5533 mense,
2521 5469 2820 5527 ducentes;
2868 5465 2944 5520 ita
2983 5463 3218 5518 dicimus
3261 5479 3275 5516 ι
3319 5459 3522 5527 Quater

1962 5565 2370 5640 quatuordecim
2396 5555 2632 5620 elﬁeiunt
2661 5573 2760 5616 ses
2787 5565 2844 5615 et
2883 5556 3291 5630 quinquaginta.
3321 5548 3396 5609 Ea
3427 5561 3525 5625 per
