4036 6218
522 313 544 367 Ι
554 310 663 367 327

1500 294 1586 349 AD
1624 289 1891 348 EUSEBII
1928 281 2325 343 CHRONICON
2364 279 2586 336 APPEN
2600 278 2731 336 [ΠΧ.

3604 270 3741 325 ιῑεε

523 424 808 482 duodecim
852 417 1144 490 partimur,
1186 414 1401 485 quoties
1443 417 1528 467 eat
1565 408 1600 462 δ
1646 407 1771 478 εχι.
1820 403 2069 461 Totidem
2103 405 2127 460 Α

2229 401 2269 452 tl
2300 400 2490 470 ἀνήκει
2537 399 2721 460 αὐτοῖς
2762 395 2802 448 δ’
2847 395 2939 448 καὶ
2994 392 3268 463 δίμοιρον·
3316 389 3461 459 άπερ
3509 389 3648 442 εἰσιν
3690 391 3744 441 αἱ

525 520 660 574 nunt
713 515 860 568 hom
903 517 1138 582 quatuor
1185 517 1485 561 conversae.
1543 498 1652 557 Sed
1692 497 1761 554 de
1815 495 1902 552 his
1956 495 2087 548 hac-

526 622 707 668 tenus.

697 718 971 786 Quomodo
1004 711 1363 770 inveniendam
1395 710 1463 765 sit
1490 708 1652 780 legale
1676 703 1905 761 Pascha.

604 829 736 885 Vlll.
805 823 1275 897 Carnisprivium,
1328 821 1502 892 legale
1550 817 1800 880 Pascha,
1841 820 2087 870 sanctum

531 924 739 980 Pascha
779 919 1241 982 Christianorum,
1275 913 1482 984 jejunia
1515 918 1827 968 sanctorum
1869 912 2090 976 aposto-

532 1019 709 1072 lorum
746 1014 849 1068 hoc
893 1009 1052 1065 modo
1084 1007 1341 1079 reperies.
1367 1004 1533 1058 Lunae
1565 1001 1834 1066 radicem,
1872 998 1975 1051 hoc
2012 1005 2095 1052 est

535 1115 803 1179 epactam,
825 1119 944 1175 qua:
967 1103 1021 1157 in
1046 1115 1212 1156 cursu
1241 1105 1347 1163 est,
1370 1113 1464 1167 per
1486 1093 1739 1149 undecim
1760 1088 2093 1158 multiplica;

535 1213 762 1258 summae
780 1195 918 1252 adde
952 1210 1046 1250 sex
1078 1193 1217 1253 dies.
1248 1190 1506 1245 nimirum
1537 1195 1807 1255 tres,qua3
1822 1199 1887 1237 ex
1907 1188 2095 1251 postea

538 1298 837 1349 memorato
903 1284 1376 1357 sesquiscrupuli,
1446 1297 1510 1336 ae
1570 1282 1768 1334 triente
1819 1276 2095 1339 conﬁunt,

540 1400 659 1456 quae
690 1397 854 1453 supra
884 1381 1002 1436 dies
1029 1379 1099 1432 29
1133 1378 1235 1449 1/2
1266 1382 1604 1431 menstruum
1640 1373 1781 1426 lunae
1810 1368 2099 1424 circuitum

540 1477 741 1531 habere
782 1469 1312 1535 demonstravimus;
1349 1473 1462 1522 tres
1492 1466 1618 1521 item
1654 1463 1788 1519 alias
1831 1462 1896 1515 ad
1942 1459 2102 1530 quin-

542 1565 933 1638 quagenarium
992 1559 1317 1632 explendum
1372 1540 1680 1612 numerum.
1734 1552 1778 1604 A
1831 1565 1981 1615 xvu,
2040 1560 2104 1602 ac

545 1637 801 1728 deinceps
838 1670 937 1726 pro
984 1654 1161 1708 tribus
1212 1649 1350 1705 adde
1399 1654 1668 1718 quatuor;
1725 1640 1869 1713 quod
1928 1637 2105 1707 major

2188 490 2603 563 μεταϐληθεῖσαι
2639 482 2778 559 ὧραι
2826 486 2869 539 δ’
2875 526 2890 551 ,
2939 485 3213 554 γεγονυῖαι
3261 481 3304 535 δ’
3340 482 3434 536 καὶ
3477 480 3745 551 δίμοιρον.

2186 582 2296 637 Καὶ
2317 582 2447 653 περὶ
2478 582 2573 653 μὲν
2600 579 2804 633 τούτων
2825 577 2919 631 ἐπὶ
2941 574 3214 630 τοσοῦτον.

2316 695 2515 759 Ὅπως
2549 691 2642 747 δεῖ
2664 692 2968 761 εὑρίσκειν
2997 688 3061 743 τὸ
3092 686 3343 757 νομικὸν
3369 685 3612 754 Πάσχα.

2258 809 2342 863 Π’.
2357 806 2466 879 Τὴν
2491 807 2547 861 δέ
2571 823 2631 876 γε
2660 805 2957 876 Ἀπόκρεω,
2980 803 3041 856 τὸ
3064 801 3288 872 νομικὸν
3316 801 3529 871 Πάσχα,
3553 798 3618 852 τὺ
3645 797 3753 850 τῶν

2190 898 2530 974 Χριστιανῶν
2554 899 2708 967 ἆγιον
2737 897 2951 965 Πάσχα,
2987 895 3082 948 καὶ
3112 893 3211 957 τάς
3242 893 3339 965 τῆς
3364 892 3621 963 νηστείας
3649 891 3755 943 τῶν

2193 993 2361 1062 ἀγίων
2396 990 2706 1045 ἀποστόλων
2736 988 2946 1059 ἡμέρας
2976 983 3229 1058 ἐύρήσεις
3254 985 3424 1050 οὕτως
3446 1001 3461 1014 ·
3502 983 3755 1037 Ἕνδεκα·-

2195 1088 2456 1151 πλασίαζε
2492 1084 2583 1138 τὸν
2617 1081 2886 1136 ἐνεστῶτα
2928 1080 3024 1150 τῆς
3064 1078 3295 1150 σελήνης
3342 1077 3594 1149 θεμέλιον
3617 1094 3631 1107 ·
3667 1074 3757 1129 καὶ

2195 1180 2272 1251 τῷ
2301 1178 2544 1248 γεγονότι
2577 1173 2792 1248 ἀριθμῷ
2837 1169 3114 1244 προστίθει
3159 1170 3374 1241 ἡμέρας
3404 1168 3481 1233 ς’,
3514 1169 3616 1231 τάς
3664 1168 3761 1238 μὲν

2197 1273 2247 1341 γ’
2271 1270 2368 1334 τὰς
2394 1267 2785 1337 συνισταμένας
2812 1266 2875 1318 ὲκ
2894 1263 2988 1317 τοῦ
3012 1262 3231 1316 ὄπισθεν
3253 1260 3544 1332 εἰρημένου
3564 1256 3761 1312 λεπτοῦ

2200 1363 2318 1426 tvo;
2343 1363 2433 1415 ml
2463 1359 2707 1431 ἡμίσεος,
2737 1358 2831 1411 καὶ
2862 1356 3066 1428 τρίτου,
3108 1355 3247 1425 άπερ
3272 1352 3637 1406 κατεπέκεινα
3659 1350 3764 1403 τῶν

2202 1452 2285 1508 κθ⁹
2308 1451 2374 1507 S"
2397 1449 2619 1523 ἡμερῶν
2651 1447 2788 1518 ἔχων
2816 1446 3080 1500 δέδεικται
3098 1444 3127 1496 ό
3145 1444 3246 1514 τῆς
3266 1443 3495 1512 σελήνης
3517 1443 3766 1513 μηνιαῖος

2204 1544 2401 1607 κύκλος
2422 1560 2437 1573 ·
2471 1540 2570 1605 τὰς
2604 1540 2662 1594 δὲ
2689 1539 2879 1610 ἑτέρας
2906 1538 2956 1607 γ’
2988 1540 3067 1601 είς
3099 1535 3482 1606 ἀναπλήρωσιν
3513 1533 3612 1587 τοῦ
3641 1551 3767 1587 πεν-

2204 1634 2468 1710 τηκοστοῦ
2492 1633 2614 1707 ἀριθ
2624 1631 2745 1705 μοῦ.
2778 1630 2908 1684 Ἀπὸ
2923 1630 2980 1683 δὲ
2996 1628 3088 1683 τοῦ
3107 1627 3172 1693 ιζ’
3193 1629 3287 1682 καὶ
3306 1627 3432 1698 ἑξῆς
3450 1628 3576 1681 ἀντὶ
3595 1626 3704 1679 τῶν
3722 1625 3769 1695 τ

547 1720 761 1806 illorum
794 1720 987 1802 m-odus
1011 1746 1066 1800 in
1096 1745 1165 1798 iis
1192 1742 1443 1797 exsistat.
1493 1736 1604 1791 llas
1634 1735 1751 1790 dies
1781 1732 2044 1822 adiunges
2076 1744 2105 1782 a

2229 1728 2585 1802 προστίθενται
2612 1726 2681 1779 δ’·
2717 1722 2903 1794 ἐπειδὴ
2927 1721 3125 1776 πλείων
3150 1723 3184 1793 ή
3207 1721 3429 1775 ἐκείνων
3454 1720 3693 1790 ποσότης
3715 1720 3772 1770 ὲν

548 1843 722 1915 primo
742 1840 895 1911 cyclu
916 1839 982 1894 ad
1004 1839 1271 1907 integrum
1298 1831 1566 1888 decimum
1587 1835 1819 1885 sextum.
1850 1825 1907 1879 ln
1929 1810 2108 1879 tribus

2229 1821 2414 1884 εούτοις
2456 1818 2761 1887 συνάγεται.
2811 1814 3022 1878 Ταύτας
3057 1813 3114 1867 δὲ
3150 1811 3476 1885 προσθήσεις
3521 1811 3632 1865 ἀπὸ
3680 1810 3772 1864 τοῦ

550 1933 774 2004 reliquis
812 1946 910 2003 pro
932 1930 1110 1984 tribus
1139 1926 1305 1981 addes
1334 1932 1561 1994 septem.
1583 1919 1661 1975 De
1689 1932 1901 1974 summa
1932 1915 2107 1978 aufer,

549 2024 728 2099 quoad
764 2032 939 2099 potes,
971 2020 1215 2091 triginta.
1253 2015 1515 2077 Residuo,
1558 2010 1703 2084 quod
1732 2016 1816 2064 est
1845 2006 1987 2061 infra
2014 2005 2112 2059 tri-

553 2098 724 2190 ginta,
765 2114 931 2170 ducto
960 2111 1117 2167 initio
1147 2109 1215 2163 ab
1256 2105 1483 2164 Martio.
1532 2100 1666 2156 adde
1696 2107 1827 2170 quot
1864 2098 1968 2152 erit
2018 2111 2104 2150 ne-

554 2184 709 2264 cesse
732 2206 871 2270 dies,
912 2203 1085 2257 donec
1113 2196 1507 2271 quinquaginta
1540 2191 1837 2260 compleas.
1882 2185 1939 2242 Si
1973 2184 2115 2238 Mar-

555 2301 666 2355 tius
698 2312 806 2352 non
856 2292 1119 2357 sudiciat,
1164 2288 1400 2358 reliquas
1436 2284 1553 2340 dies
1598 2298 1660 2336 ex
1693 2280 1861 2351 Aprili
1897 2277 2113 2341 sulllce;

480 2402 488 2409 ‘
555 2389 729 2443 donec
772 2396 1072 2446 summam,
1105 2394 1268 2451 quam
1301 2375 1411 2430 dixi
1434 2415 1449 2438 .
1483 2370 1874 2444 quinquaginta
1905 2367 2116 2422 dierum

555 2466 779 2537 edicias.
824 2475 902 2529 Ea
941 2473 1251 2542 ubicunque
1303 2469 1557 2533 desierit;
1598 2472 1724 2535 puta
1766 2463 1820 2516 in
1853 2461 1995 2514 hanc
2028 2464 2121 2511 aut

560 2571 709 2626 illam
750 2565 950 2628 Martii,
985 2562 1069 2617 vel
1114 2559 1319 2632 Aprilis
1362 2557 1531 2620 diem,
1567 2555 1621 2609 in
1655 2568 1775 2608 eam
1798 2550 2120 2611 Judaicum,

494 2732 501 2743 θ
561 2660 730 2733 legale
767 2658 907 2715 scito
950 2653 1161 2713 Pascha
1190 2652 1501 2707 convenire.
1533 2646 1704 2720 Cujus
1733 2644 1921 2702 feriam
1951 2661 2019 2701 ex
2060 2657 2123 2700 ea

560 2750 839 2817 mcthodo,
866 2763 1029 2820 quam
1077 2760 1242 2817 supra
1286 2743 1692 2814 proposuimus,
1725 2739 1815 2795 ubi
1864 2738 2122 2809 reperies,

563 2842 814 2917 proxime
860 2844 1119 2910 sequente
1164 2834 1442 2890 Dominica
1483 2832 1727 2904 ejusdem
1777 2828 2127 2887 hebdomadas

566 2938 784 2991 noveris
818 2941 1064 2989 sanctum
1111 2927 1549 2983 Christianorum
1591 2922 1801 2980 Pascha
1840 2920 2124 2979 celebrari.

2212 1912 2429 1983 πρώτου
2463 1909 2661 1963 κύκλου
2699 1906 2888 1980 μέχρις
2919 1907 3040 1960 ὅλου
3088 1904 3181 1959 τοῦ
3217 1904 3321 1969 ις’·
3356 1905 3413 1957 ὲν
3440 1904 3499 1958 δὲ
3528 1907 3643 1968 τοῖς
3668 1904 3777 1956 λοισ-

2212 2006 2332 2066 ποϊς
2364 2002 2540 2074 τρισὶν
2566 2001 2685 2055 ἀντὶ
2708 2000 2814 2053 τῶν
2840 1997 3005 2071 τριῶν
3035 1996 3362 2070 προσθήσεις
3380 1998 3425 2062 ζ’
3449 1999 3513 2050 ¹⁷.
3552 1998 3666 2052 Καὶ
3688 1998 3776 2050 τὸν

2217 2095 2574 2166 συναγόμενον
2604 2091 2766 2162 ὕφελε
2799 2090 2948 2162 παρά
2979 2089 3069 2143 τὸν
3096 2089 3161 2157 λ’,
3186 2089 3375 2154 ὁσάκις
3417 2091 3684 2161 ἐγχωρεῖ·
3710 2089 3783 2142 τά

2213 2187 2269 2241 δὲ
2315 2184 2753 2255 καταλειπόμενα
2805 2181 3048 2237 κάτωθεν
3095 2180 3203 2236 τῶν
3231 2180 3277 2234 λ’
3326 2181 3540 2253 κρατῶν
3562 2222 3579 2244 ,
3611 2182 3782 2251 ἄρχου

2217 2276 2324 2331 ἀπὸ
2354 2275 2447 2329 τοῦ
2504 2274 2781 2347 Μαρτίου,
2828 2274 3131 2327 ἐπιϐάλλων
3163 2273 3343 2336 αὐτοῖς
3394 2272 3606 2343 ἡμέρας
3652 2274 3784 2335 ὅσας

2217 2367 2403 2439 δεήσῃ,
2439 2365 2525 2420 ἴνα
2587 2364 2766 2439 σώσῃς
2790 2364 2854 2419 ν’.
2902 2364 3011 2417 Καὶ
3057 2364 3157 2418 οὐκ
3198 2363 3240 2395 ¹⁸
3295 2364 3519 2435 ἀρκέσει
3558 2364 3721 2434 μόνος
3758 2366 3789 2417 ὁ

2220 2460 2483 2531 Μάρτιος,
2510 2458 2753 2529 λάμϐανε
2787 2456 2885 2521 τὰς
2930 2455 3257 2528 λειπομένας
3291 2458 3371 2520 είς
3414 2456 3789 2526 ίκανοποίησιν

2225 2550 2334 2604 τῶν
2369 2550 2672 2623 εἰρημένων
2699 2547 2740 2603 ν’
2773 2549 2880 2602 ἀπὸ
2916 2548 3012 2602 τοῦ
3060 2548 3357 2622 ’Λπριλίοω
3404 2546 3575 2601 Ἔνθα
3610 2548 3790 2601 τοίνυν

2223 2643 2501 2718 καταλήξῃ
2538 2645 2571 2716 ή
2612 2642 2833 2714 τοιαύτη
2872 2642 3091 2714 ἡμέρα,
3136 2643 3300 2712 ἡγουν
3329 2642 3364 2713 ἡ
3409 2642 3785 2713 πεντηκοστὴ·

2224 2743 2390 2814 ήγουν
2424 2738 2535 2792 εῐτε
2565 2738 2648 2801 είς
2677 2737 2775 2800 τὰς
2805 2736 2969 2800 τόσας
2998 2734 3090 2789 τοῦ
3139 2735 3406 2806 Μαρτίου,
3432 2734 3547 2787 εἴτε
3586 2734 3666 2797 είς
3693 2734 3790 2798 τάς

2225 2835 2387 2898 τόσας
2431 2831 2526 2886 τοῦ
2564 2828 2876 2904 Ἀπριλίου·
2927 2826 3048 2882 κατ’
3081 2825 3246 2899 αὐτὴν
3288 2825 3506 2898 ἐκείνην
3540 2821 3685 2881 εἶναι
3724 2825 3795 2894 γί-

2229 2943 2405 2983 νωσκε
2437 2925 2498 2980 τὺ
2531 2922 2819 2978 Ἰουδαῖκδν
2857 2922 3069 2992 Πάσχα,
3104 2923 3267 2992 ἤγουν
3298 2920 3358 2973 τὸ
3391 2922 3640 2990 νομικόν.
3661 2920 3794 2973 Ἦν-

565 3029 685 3096 Qua
725 3043 784 3083 re
841 3030 1148 3103 comperta,
1206 3019 1309 3074 tria
1361 3018 1655 3089 quotannis
1696 3016 1900 3072 addens
1951 3023 2127 3086 quotae

2229 3037 2353 3074 τινα
2385 3018 2480 3072 καὶ
2532 3017 2801 3089 εὑρίσκων
2840 3016 2899 3068 ὲν
2952 3014 3080 3087 ποίᾳ
3124 3013 3223 3084 τῆς
3273 3012 3567 3083 ἑϐδομάδος
3617 3014 3799 3083 ἡμέρα

570 3120 798 3186 mensis,
848 3118 904 3172 in
937 3100 1045 3188 qua
1093 3112 1303 3168 Pascha
1339 3108 1775 3183 deprehendisti,
1819 3105 2127 3175 Carnispri—

2231 3111 2487 3183 τυγχάνει
2514 3108 2602 3163 διά
2636 3109 2733 3179 τῆς
2763 3106 3250 3178 ἀναγεγραμμένης
3284 3104 3507 3176 μεθόδου
3539 3103 3637 3157 τοῦ
3666 3106 3799 3173 ήμε·

566 3212 719 3281 νὶυηι
750 3207 999 3264 habebis.
1036 3203 1093 3258 Si
1132 3205 1203 3259 sit
1248 3218 1424 3256 annus
1467 3199 1784 3263 bissextilis,
1820 3211 1920 3267 pro
1960 3196 2137 3251 tribus

537 3302 711 3378 .adde
762 3305 1016 3370 quatuor.
1062 3295 1232 3350 Porro
1283 3293 1328 3349 si
1373 3292 1512 3347 citra
1546 3305 1715 3346 xxvm
1758 3290 1899 3345 diem
1937 3287 2135 3353 Hartii,

574 3389 1011 3445 Christianorum
1042 3395 1289 3441 sanctum
1319 3382 1530 3439 Pascha
1564 3381 1788 3444 incidat,
1818 3380 2138 3435 Januarium

574 3479 929 3551 Carnisprivii
960 3477 1080 3534 dies
1116 3475 1402 3532 obtinebit.
1463 3471 1560 3528 Sin
1609 3472 1749 3526 ultra
1794 3488 1963 3526 xxvm
1998 3471 2140 3527 diem

577 3579 858 3643 incurrat,
888 3574 1185 3630 Februario
1224 3569 1513 3641 contingit.
1545 3568 1603 3624 Si
1638 3566 1844 3623 Pascha
1874 3567 1931 3622 in
1963 3568 2140 3639 ipsum

579 3667 739 3724 cadat
780 3681 951 3721 xxvnt
1001 3664 1181 3730 diem;
1234 3661 1282 3717 si
1319 3660 1538 3732 quidem
1572 3657 1869 3713 bissextilis
1893 3672 2002 3712 non
2040 3659 2144 3713 erit

580 3773 782 3822 annus,
827 3752 1073 3810 Januarii
1110 3768 1237 3807 xm
1281 3750 1368 3805 die
1408 3747 1841 3820 Carnispririum
1882 3750 2006 3805 erit.
2046 3747 2143 3804 Et-

579 3849 725 3906 enim
772 3856 898 3904 octo
936 3854 990 3901 et
1029 3844 1220 3917 viginti
1255 3859 1379 3898 rum
1427 3844 1600 3898 tribus
1643 3842 1851 3898 faciunt
1880 3859 2045 3897 unum
2094 3854 2147 3898 et

580 3941 827 4014 triginta.
864 3936 961 3995 Sin
1001 3938 1300 3994 bissextilis
1339 3937 1522 4001 fuerit,
1558 3936 1814 3992 Kalendis
1838 3934 2149 3991 Februariis

584 4032 828 4099 incidet;
868 4046 991 4087 nam
1034 4030 1227 4101 viginti
1264 4037 1390 4083 octo
1443 4043 1567 4083 cum
1628 4035 1867 4098 quatuor
1911 4025 2053 4081 duos
2094 4034 2149 4081 ct

584 4122 806 4195 triginta
832 4120 1130 4176 coniiciunt
1160 4138 1174 4175 :
1210 4120 1277 4176 de
1304 4120 1504 4191 quibus
1532 4120 1738 4175 relictis
1754 4117 2016 4174 Januario
2043 4133 2150 4172 uno

585 4224 640 4270 ct
677 4215 923 4285 triginta,
961 4212 1203 4283 reliquus
1249 4222 1334 4267 est
1387 4228 1551 4275 unus,
1584 4210 1677 4282 qui
1709 4218 1793 4266 est
1834 4210 2008 4282 prima
2050 4207 2151 4264 Fe-

587 4308 792 4365 bruarii
824 4306 961 4361 dies.
990 4305 1137 4359 Idem
1168 4302 1335 4358 facies
1369 4314 1422 4359 et
1457 4304 1513 4359 in
1549 4303 1726 4359 Martii
1758 4317 1989 4367 xxnx,ac
2017 4317 2149 4367 xxx,

2238 3200 2546 3275 ροευρεσίου
2569 3237 2585 3263 ,
2618 3197 3007 3270 τὴν.ὲπιοῦσαν
3048 3194 3354 3267 ἔμπροσθεν
3399 3194 3677 3265 κυριακὴν
3703 3193 3799 3262 τῆς

2237 3295 2404 3364 αὐτῆς
2437 3291 2728 3364 ἑϐδομάδος
2765 3289 2873 3343 ῐσθι
2902 3288 3189 3360 τυγχάνειν
3214 3287 3275 3340 ea
3309 3287 3417 3340 τῶν
3453 3288 3801 3359 Χριστιανῶν

2238 3386 2391 3456 ἅγιον
2436 3386 2648 3455 Πάσχα.
2697 3382 2898 3437 Τούτου
2947 3381 3006 3435 δέ
3049 3398 3130 3435 σοι
3176 3379 3452 3452 γνωρίμου
3496 3379 3801 3449 γεγονότος,

2238 3472 2287 3541 γ’
2318 3472 2437 3559 κατ’
2484 3470 2603 3534 ἔτος
2632 3468 2943 3542 προστιθεὶς
2988 3470 3055 3540 τῇ
3103 3468 3273 3540 πόστῃ
3305 3467 3398 3522 τοῦ
3435 3469 3642 3539 μηνὸς,
3678 3468 3739 3519 ἐν

2239 3563 2437 3635 εὑρέθη
2459 3562 2518 3615 τὸ
2544 3562 2753 3633 Πάσχα,
2774 3558 2913 3624 ἕξεις
2938 3559 3034 3631 τὴν
3058 3559 3353 3630 Ἀπόκρεω.
3374 3558 3436 3611 Εἰ
3466 3558 3526 3611 δὲ
3551 3559 3802 3628 τυγχάνει

2240 3656 2268 3707 ὁ
2298 3654 2486 3728 χρόνος
2516 3653 2775 3724 βίσεξτος,
2804 3653 2925 3707 ἀντὶ
2975 3650 3085 3705 τῶν
3108 3656 3156 3719 γ’
3193 3649 3477 3722 προσθήσῃ
3502 3649 3545 3701 δ’
3552 3689 3568 3702 .
3600 3649 3736 3702 Ἀλλ’
3751 3650 3797 3700 εί

2246 3749 2344 3820 μὲν
2373 3747 2479 3802 ἀπὸ
2508 3747 2608 3817 τῆς
2636 3744 2721 3816 κη’
2751 3744 2845 3798 τοῦ
2880 3742 3126 3815 Μαρτίου
3160 3743 3253 3797 καὶ
3288 3741 3535 3795 κάτωθεν
3566 3740 3720 3812 τύχοι
3750 3741 3805 3792 τὸ

2247 3837 2357 3892 τῶν
2387 3836 2724 3909 Χριστιανῶν
2751 3834 2904 3904 ἀγιον
2933 3834 3146 3904 Πάσχα.
3181 3832 3323 3887 κατά
3358 3832 3450 3885 τὸν
3485 3833 3805 3904 Ἰανουάριον

2246 3929 2398 3983 ἔσται
2425 3931 2456 4000 ὴ
2502 3928 2840 3999 Ἀπόκρεως·
2877 3928 2924 3979 εί
2954 3925 3010 3978 δὲ
3060 3924 3168 3978 ἀπὸ
3195 3924 3295 3995 τῆς
3336 3925 3424 3994 κη’
3454 3925 3549 3978 καὶ
3582 3923 3805 3987 ἀνωθεν,

2248 4020 2388 4075 κατά
2431 4021 2521 4075 τὸν
2557 4020 2937 4093 Φεϐρουάριον.
2974 4020 3061 4073 Ἐν
3101 4018 3238 4088 αύτῇ
3282 4016 3461 4088 μέντοι
3496 4018 3562 4086 τῇ
3593 4015 3680 4087 κη’
3715 4014 3808 4067 τοῦ

2248 4113 2514 4185 Μαρτίου,
2545 4114 2593 4165 εἱ
2618 4113 2715 4182 μὲν
2730 4112 2829 4166 οὐκ
2853 4111 2997 4164 ἔστιν
3026 4113 3055 4164 ό
3081 4110 3269 4182 χρόνος
3297 4106 3556 4179 βίσεξτος,
3595 4107 3673 4167 είς
3706 4104 3807 4174 τήν

2249 4200 2330 4253 λα’
2359 4200 2509 4253 ἔσται
2548 4198 2641 4252 τοῦ
2680 4198 3036 4270 Ίανουαρίου·
3068 4196 3154 4269 κη’
3175 4198 3283 4269 γὰρ
3316 4198 3410 4250 καὶ
3437 4196 3490 4264 γ’
3513 4195 3586 4250 λα’
3607 4212 3623 4227 ·
3656 4196 3706 4247 εί
3748 4194 3811 4247 δὲ

2251 4288 2329 4341 ἐνι
2361 4287 2630 4359 βίσεξτος,
2660 4289 2738 4350 εἰς
2776 4286 2874 4358 τὴν
2917 4286 2967 4340 α’
3006 4285 3097 4341 τοῦ
3160 4285 3557 4358 Φεϐρουαρίου·
3590 4281 3673 4353 κη’
3699 4281 3815 4352 γὰρ

590 4399 672 4453 vel
704 4413 856 4461 xxxi,
890 4395 1023 4449 utin
1050 4392 1282 4464 reliquis
1311 4392 1470 4446 annis
1500 4392 1669 4447 addas
1697 4392 1799 4445 tria
1839 4411 1852 4447 :
1882 4391 2127 4446 bissextil

2252 4382 2346 4436 καὶ
2374 4381 2416 4435 δ’
2461 4381 2575 4434 λ6’·
2627 4382 2719 4451 ἀφ’
2750 4374 2835 4433 ὧν·
2858 4382 3023 4445 ἐάσας
3060 4378 3138 4450 τῷ
3174 4378 3485 4449 Ἰανουαρίῳ
3526 4375 3629 4441 λα’,
3678 4392 3817 4428 κατ-

495 4482 501 4500 ¹
589 4479 728 4553 sitio,
761 4493 1014 4556 quatuor,
1053 4493 1165 4537 tum
1213 4480 1484 4548 deductis,
1538 4489 1597 4535 ut
1649 4481 1854 4535 dictum
1885 4488 1969 4536 est
1998 4497 2148 4546 xxxi,

591 4596 655 4633 ac
695 4577 956 4635 Januario
999 4575 1239 4637 tributis,
1271 4572 1413 4645 quod
1463 4573 1734 4642 reliquum
1776 4578 1880 4636 est,
1907 4572 2152 4644 assignes

590 4667 921 4733 Februario;
952 4680 1182 4737 quorum
1219 4664 1430 4720 dierum
1469 4663 1693 4719 ultimus
1725 4670 1810 4718 est
1836 4663 2153 4735 Carnispri-

592 4762 761 4815 vium.
807 4759 876 4812 At
916 4767 1229 4814 sanctorum
1256 4756 1625 4828 apostolorum
1662 4755 1873 4828 jejunio
1904 4757 2153 4812 attributi

594 4853 714 4910 dies
740 4853 813 4907 ita
843 4854 1203 4924 reperientur.

2254 4474 2473 4544 ελείφθη
2507 4474 2632 4545 μία·
2673 4475 2768 4528 καὶ
2798 4474 2877 4526 ἔνι
2896 4473 2991 4526 τοῦ
3032 4471 3393 4546 Φεόρουαρίου
3427 4470 3497 4524 α’.
3531 4470 3635 4521 Τὸν
3660 4467 3821 4520 αὐτὸν

2257 4567 2313 4620 δὲ
2344 4566 2543 4638 τρόπον
2573 4567 2815 4637 ποιήσεις
2847 4564 2942 4618 ml.
2971 4563 3112 4617 κατά
3143 4562 3240 4635 τὴν
3265 4560 3370 4626 κθ⁹,
3400 4560 3497 4615 κα)⁸
3522 4559 3587 4622 λ’,
3611 4559 3706 4613 καὶ
3742 4556 3820 4610 λα’

2258 4656 2352 4710 τοῦ
2401 4657 2669 4729 Μαρτίου,
2699 4655 3009 4729 προστιθεὶς
3048 4653 3152 4708 ἀνά
3192 4651 3391 4723 τριῶν·
3425 4651 3465 4704 δ’
3492 4651 3548 4705 δὲ
3578 4649 3724 4721 μόνῳ
3748 4647 3824 4717 τῷ

2262 4749 2489 4822 picea-.19
2507 4766 2520 4779 ·
2545 4746 2663 4803 εἷτα
2703 4746 2966 4811 ἐκϐαλὼν,
2991 4746 3065 4810 ὡς
3091 4745 3329 4818 εἴρηται,
3357 4742 3439 4796 λα’
3466 4741 3559 4797 τοῦ
3596 4743 3827 4794 Ἰανουα-

2265 4849 2405 4925 ρίου,
2430 4847 2529 4910 τάς
2566 4840 3035 4912 καταλειπομένας
3066 4831 3207 4890 δίδου
3244 4835 3321 4907 τῷ
3349 4834 3728 4907 Φεσρουαρίῳ·
3754 4824 3828 4884 ὧν

593 4949 629 5020 ἡ
659 4946 936 5001 τελευταία
959 4947 1104 5001 ἐστὶν
1136 4948 1170 5019 ή
1216 4944 1515 5016 Ἀπόκρεω.
1548 4944 1611 4998 Ἡ
1643 4943 1699 5000 δὲ
1738 4945 1846 5000 τῶν
1880 4949 2102 5021 ἡμερῶν
2156 4949 2387 5019 ποσότης
2441 4945 2541 5015 τῆς
2587 4940 2836 5013 νηστείας
2870 4936 2979 4990 τῶν
3015 4935 3185 5006 ἀγίων
3231 4930 3540 4987 ἀποστόλων
3578 4929 3723 4982 οὓτω
3752 4944 3830 4981 σοι

600 5039 735 5111 δήλη
760 5040 1073 5110 γενήσεται.

597 5156 716 5222 Qua
746 5156 948 5211 ratione
978 5156 1170 5226 jejunii
1217 5165 1519 5210 sanctorum
1554 5156 1916 5215 apostolorum
1944 5158 2055 5212 dies
2085 5159 2165 5213 in-

1155 5227 1316 5280 veniri
1363 5226 1601 5281 debeant.

670 5335 759 5392 lX.
794 5337 876 5394 Ab
916 5337 1034 5407 ipso
1066 5337 1418 5395 sanctissimo
1460 5337 1745 5393 Paschatis
1775 5336 1884 5400 die,
1933 5337 2164 5407 ipsomet

594 5428 846 5494 excluso,
877 5443 1051 5498 usque
1072 5426 1139 5481 ad
1171 5427 1389 5482 tertium
1418 5426 1540 5480 Maii
1567 5435 1700 5497 quot
1724 5427 1836 5482 sint
1866 5427 1986 5482 dies
2015 5442 2166 5481 com»

601 5527 769 5592 puta;
816 5520 1014 5589 quibus
1050 5518 1331 5585 collectis,
1380 5519 1496 5576 sive
1544 5517 1773 5585 Martio,
1817 5519 1933 5573 sive
1991 5517 2162 5589 Aprili

2271 5156 2462 5219 Ὅπως
2490 5152 2583 5205 δεῖ
2622 5150 2925 5219 εὑρίσκειν
2964 5145 3071 5211 τὰς
3096 5141 3320 5219 ἡμέρας
3358 5139 3470 5208 τῆς
3498 5136 3619 5191 τῶν·
3653 5136 3836 5206 ἁγίων·

2689 5215 3049 5273 ἀποστόλων
3070 5215 3376 5281 νηστείας.

2340 5335 2416 5389 Θ¹.
2449 5332 2681 5405 Εὖρισκε
2718 5331 2825 5384 ἀπὸ
2851 5328 2952 5400 τῆς
2974 5328 3188 5401 ἡμέρας
3219 5324 3313 5379 τοῦ
3349 5324 3504 5393 ἀγίου
3539 5320 3695 5393 ἡμῶν
3726 5315 3837 5372 Πά-

2273 5444 2377 5499 σχα
2402 5466 2418 5489 ,
2451 5427 2572 5499 δίχα
2615 5424 2845 5495 ταύτης,
2898 5421 3062 5475 πόσαι
3106 5418 3245 5472 είσὶν
3293 5415 3499 5487 ἡμέραι
3533 5412 3696 5484 μέχρι
3744 5407 3839 5463 καὶ

2272 5519 2443 5590 αὐτῆς
2470 5518 2571 5589 τῆς
2592 5523 2641 5587 γ’
2664 5515 2757 5570 τοῦ
2785 5513 2962 5580 Μαῖου
2981 5531 2995 5544 ·
3029 5513 3123 5568 καὶ
3136 5510 3341 5574 ταύτας
3368 5504 3707 5577 συναγαγὼν,
3729 5502 3839 5555 eis:

677 5697 720 5731 ²’
749 5695 1259 5766 Ροειιιιαιιειιριοεὶοι·
1292 5698 1428 5752 ratio
1458 5697 1497 5750 δ’
1535 5713 1634 5749 non
1676 5695 1743 5761 ζ’.
1790 5696 1864 5771 ἠ
1899 5694 2022 5767 Leg.
2053 5695 2144 5749 καὶ
2172 5696 2219 5748 εί
2243 5695 2361 5750 οὐκ.
