4036 6218
373 347 513 399 13329
1025 344 1080 399 S.
1124 342 1431 398 ANDREJﬁ
1467 339 1850 398 CRETENSIS
1890 338 1976 395 DE
2014 337 2238 395 εἴρω
2271 332 2522 392 εοωῐιι
2549 331 2637 406 ΕΤ
2672 326 2953 386 ιυΝΑιιι.
3464 330 3599 384 ίῖιδθ

366 471 447 532 εἰς
470 469 560 522 τὸν
585 469 843 540 Μάρτιον,
873 469 981 522 εἴτε
1008 470 1087 532 είς
1113 469 1202 522 τὸν
1227 467 1502 540 Ἀπρίλιον
1523 467 1719 539 εὑρεθῇ
1744 467 1803 520 τὸ
1823 466 1936 520 Πά-

2001 513 2010 536 ι
2044 464 2252 521 Pascha
2296 462 2604 533 contingat,
2638 459 2861 515 totidem
2909 457 3048 512 scito
3076 454 3194 512 dies
3222 471 3343 512 esse
3379 465 3595 512 sancte-

369 578 473 632 σχα
495 604 510 626 ,
547 563 811 626 τοσαύτας
843 558 980 615 εἶναι
1009 562 1240 630 γίνωσκε
1275 562 1368 615 καὶ
1410 561 1506 626 τὰς
1547 563 1644 632 τῆς
1679 559 1929 632 νηστείας

1444 561 1506 626 ὰς
1547 563 1644 632 τῆς
1679 559 1929 632 νηστείας
2035 573 2156 613 rum
2180 555 2545 628 apostolorum
2573 551 2782 624 jejunio
2809 550 3038 607 dicatos.

368 653 477 705 τῶν
511 653 682 722 ἁγίων
714 653 1026 707 ἀποστόλων
1060 654 1289 725 ἡμέρας.

931 965 1156 1052 ΤΟΥ
1191 965 2056 1054 ΜΑΚΑΡΙΩΤΑΤΟΥ
2109 960 2612 1051 ΑΝΔΡΕΟΥ
2673 959 3110 1046 ΚΡΗΤΗΣ

1622 1145 1758 1200 ΤΟΥ
1790 1145 2340 1201 ΙΕΡΟΣΟΛΥΜΙΤΟΥ
2366 1146 2382 1215 ι

380 1302 741 1367 ΜΕΘΟΔΟΣ,
780 1307 925 1361 ΠΩΣ
962 1304 1080 1360 ΔΕΙ
1114 1307 1394 1360 ΕΥΡΕΙΝ
1435 1307 1573 1360 ΤΟΝ
1606 1305 2368 1430 κγῇςιίριέιῖἕᾶᾼὲὀιᾶογ,
2408 1305 2997 1360 ΦΙΛΟΠΟΝΠΘΕΙΣΑ
3032 1306 3347 1359 ΑΚΡΙΒΩΣ
3379 1301 3604 1362 ΧΑΡΙΝ

866 1617 1280 1710 SANCTI
1357 1617 1871 1710 ANDREIE
1941 1617 3024 1714 HIEROSOLYMITAN
3048 1624 3123 1746 Ι,

1598 1807 1908 1867 EPISCOPI
1941 1809 2340 1878 CRETENSIS,

374 1951 712 2015 Melbodus
754 1951 1180 2035 investigandi
1212 1952 1375 2035 cycli
1410 1953 1662 2028 solaris,
1699 1962 1761 2018 et
1814 1953 2362 2094 liintorisinecnon
2399 1958 2738 2035 Paschalis,
2774 1959 2838 2021 in
2872 1961 3302 2023 studiosorum
3337 1961 3601 2039 gratiam

1821 2052 1854 2094 e
1884 2050 1915 2094 θ
1943 2049 2074 2094 iora
2103 2051 2159 2094 a.
2179 2037 2200 2060 ‘

1821 2037 2159 2096 elaborata.
2179 2037 2200 2060 ‘

438 2271 646 2342 Κράτει
677 2273 745 2326 τὰ
778 2273 928 2328 κάτω
954 2273 1062 2328 τῶν
1087 2273 1428 2344 χιλιοντάδων
1454 2276 1547 2329 καὶ
1573 2277 1943 2332 ὲκατοντάδων
1978 2289 2017 2343 Β

2009 2293 2017 2340 ι
2125 2280 2290 2336 Sume
2318 2295 2493 2336 annos
2535 2278 2676 2333 infra
2714 2277 3047 2333 millenarios
3075 2285 3128 2332 ct
3161 2278 3506 2333 centenarios
3538 2277 3603 2332 ab

368 2365 478 2418 τῶν
502 2365 610 2419 άπὸ
628 2366 856 2430 κτίσεως
877 2366 1080 2437 κόσμου
1102 2382 1114 2394 ·
1139 2367 1232 2420 καὶ
1265 2365 1558 2438 πρόσθεττε
1591 2369 1634 2399 ¹’
1656 2369 1749 2423 καὶ
1779 2369 1939 2439 ἕτερα

2043 2373 2180 2428 orbe
2231 2371 2456 2426 condito
2489 2389 2503 2436 ;
2549 2371 2725 2440 iisque
2755 2370 2891 2424 alios
2941 2369 3078 2422 adde
3110 2385 3260 2427 xxw.
3297 2385 3364 2424 ex
3408 2370 3605 2439 quibus

372 2455 446 2508 κδ’
472 2472 486 2486 ·
544 2456 638 2509 καὶ
667 2458 919 2527 ’ποίησον
963 2456 1232 2528 σταθμόνο
1291 2458 1386 2510 καὶ
1425 2459 1584 2528 ὕφελε
1643 2460 1779 2514 αὐτὰ
1839 2461 1943 2515 ὑπὸ

2042 2461 2289 2516 confecla
2337 2476 2546 2514 summa
2581 2476 2677 2530 per
2711 2475 2878 2514 xxvm
2923 2460 3117 2522 divisa,
3153 2462 3300 2530 quod
3339 2462 3605 2516 rcliuuum

370 2547 477 2601 τῶν
516 2555 600 2619 κη’
629 2567 643 2579 ·
691 2549 786 2602 καὶ
831 2548 903 2602 τὰ
947 2548 1378 2619 ὲναπομείναντα
1425 2552 1484 2603 ἐν
1530 2553 1596 2622 τῇ
1649 2552 1792 2623 χειρί
1847 2568 1941 2604 σου

1731 2552 1792 2623 γρι
1847 2568 1941 2604 σου
2044 2561 2148 2618 est,
2171 2553 2275 2609 erit
2303 2551 2490 2624 cyclus
2521 2552 2674 2608 solis.
2706 2548 2787 2606 lta‘
2810 2552 3104 2622 quotannis
3138 2552 3325 2608 facies.

370 2641 535 2704 αὐτός
579 2643 727 2696 ἐστιν
762 2644 792 2697 ό
839 2641 1039 2706 κύκλος
1082 2640 1176 2695 τοῦ
1217 2640 1390 2712 ἡλίου.
1433 2642 1543 2696 Καὶ
1583 2643 1755 2708 οὕτως
1799 2644 1940 2698 ποίει

373 2734 492 2787 κατ’
523 2731 663 2797 ἔτος.

664 2844 901 2914 Ὁμοίως
939 2844 1036 2899 καὶ
1067 2845 1197 2913 περὶ
1240 2845 1343 2913 τῆς
1372 2845 1662 2914 σελήνης.

2300 2835 2501 2892 Eodem
2536 2835 2688 2891 modo
2716 2847 2764 2892 et
2791 2837 2842 2890 in
2875 2838 3002 2891 (una
3037 2837 3351 2906 proceditur.

443 2959 649 3030 Κράτει
680 2959 748 3014 τὰ
781 2960 920 3014 αὐτὰ
955 2959 1252 3032 κούντουρα
1303 2961 1412 3014 τῶν
1462 2961 1804 3032 χιλιοντάδων
1849 2963 1942 3017 καὶ

2113 2953 2313 3024 Accipe
2377 2954 2628 3009 similiter
2669 2961 3021 3009 excurrentes
3062 2967 3225 3022 supra
3275 2951 3606 3005 millcnarios

373 3051 758 3117 ἐκατοντάδων,
791 3051 901 3105 τῶν
929 3052 1036 3106 ἀπὸ
1066 3053 1297 3116 κτίσεως
1327 3053 1529 3123 κόσμου
1547 3073 1560 3085 ι
1597 3053 1829 3126 πρόσθες
1852 3057 1944 3108 καὶ

2045 3053 2099 3102 et
2132 3046 2474 3103 centenarios
2521 3047 2590 3102 ab
2627 3046 2760 3101 orbe
2793 3047 3043 3102 condito:
3077 3045 3274 3115 quibus
3306 3042 3442 3098 adde
3473 3041 3604 3105 :ivn,

370 3143 535 3218 ἕτερα
578 3143 676 3209 ιζό
729 3145 820 3198 καὶ
863 3145 1084 3215 ποίησον
1130 3144 1268 3197 αὐτὰ
1316 3145 1587 3216 σταθμόν·
1639 3148 1732 3200 καὶ
1779 3146 1941 3216 ὕφελε

2044 3150 2099 3196 et
2143 3141 2371 3196 collecta
2407 3156 2618 3198 summa
2661 3155 2756 3214 per
2812 3156 2903 3195 xix
2947 3141 3175 3210 partita,
3205 3136 3480 3193 residuum
3525 3146 3607 3192 est

373 3234 480 3286 ὑπὸ
504 3235 613 3288 τῶν
647 3234 709 3287 ιθ¹
736 3251 748 3264 ·
783 3235 879 3289 καὶ
909 3235 978 3289 τὰ
1010 3235 1460 3305 ὲναπολειφθέντα
1489 3238 1546 3291 ὲν
1584 3239 1650 3310 τῇ
1685 3239 1824 3310 χειρί
1850 3257 1941 3294 σου

830 3235 879 3287 ιὶ
909 3235 978 3289 τὰ
1010 3235 1460 3305 ὲναπολειφθέντα
1489 3238 1546 3291 ὲν
1584 3239 1650 3310 τῇ
1685 3239 1824 3310 χειρί
1850 3257 1941 3294 σου
2047 3235 2233 3306 cyclus
2268 3235 2424 3289 luna}.

370 3323 534 3386 αύτός
555 3325 702 3377 ἐστιν
725 3326 754 3378 ό
785 3323 981 3386 κύκλος
1011 3325 1112 3396 τῆς
1138 3326 1385 3397 σελήνης.

385 3437 618 3506 Ὁμοίως
668 3437 769 3494 καὶ
805 3439 845 3508 ή
885 3437 1148 3562 τνδικτὲς
1191 3437 1592 3501 ἀναϐιϐάζεται
1641 3439 1770 3510 ἦτοι
1817 3445 1942 3498 κατ’

1120 3526 1240 3562 τος.

2049 3440 2250 3496 Eadem
2293 3441 2532 3497 methodo
2566 3451 2615 3497 et
2647 3459 2738 3514 per
2771 3459 2935 3524 annos
2967 3441 3197 3514 singulos
3227 3440 3443 3495 indictio
3481 3456 3605 3494 σοντι

2734 3524 2922 3562 sura”.

1120 3526 1240 3575 τος.
2734 3524 2922 3584 surgit.

445 3617 650 3690 Κράτει
681 3620 749 3672 τὰ
771 3621 878 3674 άπὸ
905 3621 1134 3686 κτίσεως
1162 3621 1366 3693 κόσμου
1387 3639 1400 3653 ⁶
1439 3623 1654 3678 ἅπαντα
1680 3626 1909 3698 πρόσθες
1927 3669 1942 3692 ,
1975 3647 2019 3709 c

2014 3648 2019 3708 ς
2123 3623 2328 3694 Collige
2378 3639 2550 3678 annos
2602 3623 2669 3678 ab
2726 3623 2858 3679 orbc
2927 3621 3180 3687 condito,
3237 3629 3292 3676 ct
3342 3635 3608 3676 summam

375 3711 470 3762 καὶ
503 3710 662 3779 ὖφελε
692 3711 830 3765 αὐτὰ
865 3713 967 3766 ὑπὸ
995 3713 1102 3767 τῶν
1143 3720 1232 3766 ιε”
1267 3716 1360 3769 καὶ
1385 3715 1456 3769 τὰ
1495 3716 1945 3787 ὲναπολειφθέντα

1633 3717 1945 3787 ολειφθέντα
2050 3715 2256 3787 partire
2287 3728 2380 3783 per
2412 3729 2518 3768 xv:
2552 3713 2817 3784 reliquum
2843 3714 2947 3769 crit
2983 3713 3227 3768 indictio.

376 3801 433 3851 ἐν
464 3803 529 3871 τῇ
562 3802 702 3874 χειρί
727 3819 820 3854 σου
847 3800 982 3873 αὕτη
1015 3805 1160 3857 ἐστὶν
1183 3805 1431 3869 ῐνδικτος.

447 3893 684 3945 Γίνωσκε
710 3894 767 3946 δὲ
814 3896 905 3948 καὶ
939 3896 1116 3960 τοῦτο,
1162 3898 1243 3951 ὅτι
1274 3898 1421 3968 ἥλιος
1455 3901 1678 3972 ἄρχεται
1717 3901 1824 3955 ἀπὸ
1848 3903 1947 3974 τῆς

2126 3903 2418 3958 Sciendum
2467 3909 2550 3958 est
2591 3909 2771 3955 autem
2816 3900 2984 3955 solem
3039 3900 3276 3969 incipere
3301 3915 3329 3953 a
3355 3895 3610 3951 Kalendis

375 3992 424 4037 ct'
461 3985 554 4037 τοῦ
585 3987 955 4058 ὐκτωμδρίου
999 3990 1165 4059 μηνός
1190 4006 1202 4019 ·
1230 3992 1263 4060 ἡ
1295 3991 1350 4044 δὲ
1378 3991 1573 4064 σελήνη
1607 3991 1714 4045 άπὸ
1757 3996 1854 4065 τῆς
1899 4008 1950 4047 α⁹

2048 3988 2303 4045 Octobris
2343 4005 2356 4041 :
2412 3989 2594 4043 lunam
2626 4007 2654 4042 a
2698 3987 2819 4042 Kal.
2860 3987 3155 4054 Januariis,
3201 3987 3547 4042 indictiouem
3583 4002 3612 4039 a

376 4077 469 4130 τοῦ
509 4079 833 4148 Ἰανουαρίου
876 4080 1070 4150 μηνόςι
1116 4081 1208 4134 καὶ
1259 4084 1292 4153 ἡ
1338 4082 1564 4147 ῐνδικτος
1609 4084 1715 4138 ἀπὸ
1753 4085 1852 4156 τῆς
1898 4087 1948 4143 α’

1116 4081 1208 4134 καὶ
1259 4084 1292 4153 ἡ
1338 4082 1564 4147 ῐνδικτος
1609 4084 1715 4138 ἀπὸ
1753 4085 1852 4156 τῆς
1898 4087 1948 4143 α’
2051 4081 2305 4140 Kalendis
2337 4081 2686 4154 Septembris.

377 4171 468 4224 τοῦ
499 4172 564 4224 Σε
572 4189 666 4224 πτε
675 4171 867 4244 μὸρίου
895 4173 1080 4244 μηνός.

447 4264 541 4326 Εἰς
572 4263 634 4316 τὸ
667 4266 843 4334 εὑρεῖν
882 4281 940 4316 σε
973 4265 1032 4317 τὸ
1061 4267 1280 4336 νομικὸν
1309 4267 1516 4339 Πάσχα,
1550 4269 1818 4342 κράτησον
1853 4272 1946 4326 τοῦ

2118 4260 2197 4316 Ad
2228 4263 2608 4318 inveniendum
2640 4263 2810 4334 legale
2864 4262 3093 4327 Pascha.
3139 4264 3320 4333 accipe
3370 4263 3612 4317 lunarem

377 4355 802 4427 ὲπιζητουμένου
831 4356 980 4420 ἔτους
1008 4357 1098 4411 τὸν
1127 4359 1323 4413 κύκλον
1351 4361 1450 4431 τῆς
1485 4362 1731 4434 σελήνης,
1757 4365 1949 4429 ὁπόσος

2049 4355 2260 4425 cyclum
2312 4357 2438 4409 anni
2482 4355 2769 4426 propositi,
2798 4371 3031 4426 eumque
3070 4373 3161 4426 per
3191 4355 3438 4409 undecim
3474 4355 3612 4408 mul-

377 4448 514 4510 ἐστὶ,
550 4449 643 4500 καὶ
695 4449 1186 4504 ὲνδεκαπλασίασον
1229 4453 1425 4506 αὐτόν’
1475 4455 1708 4526 πρόσθες
1748 4457 1803 4510 δὲ
1857 4460 1950 4512 καὶ

2054 4449 2259 4520 tiplica,
2313 4449 2378 4504 ad
2422 4464 2690 4504 summam
2738 4449 2914 4518 adjice
2961 4465 3088 4514 sex,
3139 4464 3260 4518 qua:
3320 4467 3353 4501 a
3407 4447 3613 4503 sarculis

379 4539 573 4609 ἑτέρας
618 4545 669 4603 ς’
704 4539 812 4592 τῶν
848 4540 946 4593 ἀπ’
972 4540 1230 4594 αἰώνων·
1279 4544 1452 4598 ἰστέον
1492 4545 1570 4606 δὲ,
1619 4545 1699 4598 ὅτι
1741 4547 1820 4609 είς
1860 4546 1950 4598 τὸν

2061 4543 2356 4612 appellant.
2394 4541 2592 4597 Verum
2643 4543 2695 4595 in
2743 4543 2897 4614 cyclo
2945 4558 3077 4604 xm,
3120 4550 3172 4596 ct
3208 4555 3356 4603 xvuu,
3408 4548 3462 4594 et
3500 4544 3613 4602 in.

383 4631 445 4694 ιζ’
473 4629 688 4693 κύκλον,
722 4632 813 4684 καὶ
854 4638 942 4703 ιη’,
973 4632 1065 4685 καὶ
1110 4631 1173 4685 ιθ¹
1208 4634 1268 4686 ού
1307 4635 1606 4706 προστίθης
1634 4643 1687 4700 ς’
1713 4636 1820 4688 τῶν
1856 4639 1948 4690 ἀπ’

2053 4651 2164 4689 non
2201 4651 2318 4698 sex.
2365 4636 2458 4691 sed
2500 4642 2708 4706 septem
2755 4634 3001 4689 addenda
3040 4642 3205 4699 sunt;
3236 4636 3287 4686 in
3321 4632 3444 4687 aliis
3467 4647 3615 4694 vero,

381 4722 611 4785 αἰώνων,
641 4725 775 4778 ἄλλα
812 4725 886 4789 ζ’·
922 4727 980 4778 ὲν
1019 4726 1074 4779 δὲ
1107 4729 1218 4788 τοῖς
1254 4726 1432 4790 ἄλλοις
1476 4728 1618 4792 ὅλοις
1647 4728 1863 4794 κύκλοις
1897 4739 1949 4796 ς’

2052 4746 2173 4786 sex.
2212 4729 2403 4786 Postea
2455 4731 2740 4785 collectam
2783 4743 3050 4784 summam
3103 4726 3304 4796 partire
3349 4741 3444 4796 per
3486 4741 3615 4788 xxx,

382 4815 474 4870 καὶ
519 4816 707 4886 μόνας,
747 4817 821 4880 ὡς
864 4816 1092 4888 ἔφημεν.
1137 4817 1252 4870 Εἶθ’
1299 4816 1472 4882 οὕτως
1513 4818 1772 4873 άνάλυσον
1814 4820 1950 4876 αύτά

2055 4823 2206 4892 quod
2239 4823 2507 4892 reliquum
2539 4821 2666 4884 erit,
2699 4836 2728 4874 a
2756 4819 3020 4876 Kalendis
3055 4818 3261 4873 Martiis
3303 4826 3493 4890 putare
3535 4817 3617 4872 in-

381 4909 468 4963 ὅιὰ
493 4910 601 4962 τῶν
633 4909 674 4961 λ’
695 4926 708 4938 ·
738 4910 830 4962 κα)⁸
865 4910 933 4963 τὰ
962 4910 1203 4964 κάτωθεν
1232 4910 1339 4965 τῶν
1376 4911 1417 4964 λ’
1451 4911 1719 4983 κράτησαν
1739 4929 1752 4942 °
1786 4912 1952 4985 ἀρξά-

2052 4913 2209 4983 cipe,
2250 4912 2424 4968 donec
2474 4911 2868 4982 quinquaginta
2911 4911 3028 4965 dies
3070 4910 3369 4979 expleveris
3406 4927 3420 4964 :
3455 4923 3614 4978 quem

385 5020 543 5073 μενος
568 5002 674 5056 άπὸ
696 5003 788 5056 τοῦ
817 5003 1058 5075 Μαρτίου
1086 5004 1273 5076 μηνὸς,
1299 5003 1520 5075 άρίθμει
1546 5005 1728 5058 ἐπάνω
1753 5005 1949 5071 αὐτῶν,

2025 5014 2340 5060 'numerum
2393 5005 2438 5059 si
2486 5003 2628 5058 intra
2673 5002 2923 5056 Martium
2968 5002 3177 5056 ellicere
3232 5000 3429 5070 possis,
3483 5000 3619 5053 bene

381 5095 484 5158 ἓως
517 5095 637 5148 ὅτου
669 5093 937 5165 ἱκανώσῃς
963 5101 1005 5146 ν’
1044 5095 1255 5166 ἡμέρας
1279 5111 1292 5124 ο
1335 5093 1426 5147 καὶ
1459 5094 1507 5147 εί
1544 5092 1642 5164 μὲν
1677 5095 1951 5148 ἱκανωθῶ-

2059 5095 2238 5150 habet.
2269 5095 2364 5149 Sin
2392 5095 2593 5159 minus,
2633 5109 2788 5148 sume
2812 5093 3086 5148 residuum
3116 5106 3147 5146 e
3171 5090 3363 5144 diebus
3396 5090 3615 5161 Aprilis.

385 5206 468 5241 σιν
495 5189 551 5242 αἱ
583 5195 625 5238 ν’
653 5189 854 5260 ἡμέραι
879 5189 1029 5252 ἐντὸς
1064 5187 1172 5241 τῶν
1199 5188 1463 5259 Μαρτίου,
1490 5187 1676 5259 χάρις·
1716 5188 1764 5240 εί
1791 5187 1835 5240 δ’
1859 5185 1943 5250 οὒ,

2053 5189 2225 5244 donec
2249 5188 2665 5259 quinquagenos
2691 5185 2961 5241 absolvas.
2996 5183 3328 5253 Quocunque
3354 5181 3442 5236 die
3464 5181 3617 5252 quin-

383 5282 624 5352 λάμϐανε
651 5282 743 5334 καὶ
775 5282 882 5335 άπὸ
906 5281 999 5334 τοῦ
1033 5281 1304 5352 Ἀπριλίου
1331 5278 1520 5350 μηνὸς,
1549 5279 1652 5342 ἕως
1683 5280 1803 5332 ὅτου
1832 5280 1949 5332 ἱκα-

2058 5284 2315 5355 quaginta
2361 5283 2614 5353 completi
2669 5281 2890 5341 fuerint.
2941 5281 2995 5335 in
3043 5295 3166 5335 eum
3197 5277 3406 5334 Pascha
3449 5275 3617 5348 legale

386 5373 561 5446 νώσῃς
601 5375 789 5438 αὑτάς.
835 5376 923 5428 Ἐν
1047 5373 1090 5426 δ’
1121 5375 1186 5428 ἂν
1226 5373 1408 5443 ἡμέρᾳ
1457 5370 1785 5424 ἱκανωθῶσιν
1817 5373 1873 5424 αἱ
1908 5379 1948 5425 ν’

1226 5373 1408 5443 ἡμέρᾳ
1457 5370 1785 5424 ἱκανωθῶσιν
1817 5373 1873 5424 αἱ
1908 5379 1948 5425 ν’
2057 5380 2182 5434 anni
2220 5379 2482 5450 propositi
2511 5378 2815 5434 conveniet.

385 5467 610 5538 ἡμέραι,
654 5470 711 5521 ὲν
750 5467 884 5538 αὐτῇ
925 5469 990 5536 τῇ
1034 5465 1215 5536 ἡμέρα
1247 5464 1386 5519 κατὰ
1434 5464 1494 5518 τὸ
1533 5463 1948 5536 ἐπιζητούμενον

385 5563 501 5628 ἔτος
531 5563 735 5632 γίνεται
767 5563 826 5615 τὸ
855 5561 1074 5632 νομικὸν
1104 5561 1310 5629 Πάσχα.

437 5718 478 5750 ¹¹⁹
507 5721 544 5788 f.
581 5718 806 5790 πρόσθες
828 5736 903 5772 τε.
