4036 6218
527 341 658 398 1551

1520 341 1612 396 AD
1655 340 1920 397 EUSEBII
1959 343 2351 401 CHBONICON
2387 345 2747 402 APPENDIX.

3616 341 3638 394 ί
3647 339 3749 394 ὃὸἱ

528 460 646 530 Qua
682 463 888 518 ratione
917 461 1050 531 feria
1093 460 1280 534 legalis
1325 460 1606 515 Paschalis
1653 460 1955 533 indaganda
1991 462 2076 518 sit.

2189 467 2292 530 Εις
2325 465 2388 517 τὸ
2431 463 2628 532 εὑρεῖν
2666 480 2738 518 σε
2775 464 2845 517 ἐν
2882 463 3020 534 ποίᾳ
3053 459 3238 530 ἡμέρᾳ
3281 458 3361 527 ἦν
3392 456 3459 510 τό
3505 456 3752 523 νομικὸν

596 610 792 682 Accipe
821 611 1052 668 solarem
1084 613 1318 683 cyclum,
1350 620 1403 668 et
1424 613 1736 670 bissextiles
1758 613 1874 670 dies
1910 630 2080 670 anno-

526 717 645 756 rum
699 703 1028 773 elapsorum.
1076 705 1225 760 Adde
1276 705 1394 760 dies
1431 706 1634 762 mensis
1683 706 1734 760 in
1783 722 1942 776 quem
1974 705 2078 759 Pa-

528 795 658 850 scha
715 793 883 864 legale
927 795 1136 862 incidit,
1177 795 1244 849 ad
1293 779 1470 865 ipsum
1529 813 1702 868 usque
1749 797 1974 853 Pascha.
2022 795 2080 852 Si

529 885 719 942 Martio
765 901 952 942 mense
1004 887 1170 957 legale
1215 885 1422 942 Pascha
1470 891 1768 958 contingat,
1821 887 1886 942 ad
1932 903 2082 942 sum-

529 995 669 1032 mam
704 978 877 1048 adjice
913 980 1184 1044 undecim,
1219 989 1437 1051 propter
1484 997 1699 1036 menses
1728 987 1981 1049 quatuor,
2008 979 2076 1034 ab

526 1068 746 1124 Octobri
831 1069 1037 1124 scilicet
1115 1071 1180 1124 ad
1258 1067 1572 1124 Januarium
1641 1089 1656 1125 :
1718 1069 1789 1122 ita
1850 1077 1908 1122 ut
1981 1082 2078 1137 pro

525 1174 590 1214 eo
629 1174 814 1216 mense
852 1160 942 1229 qui
997 1176 1101 1214 nx
1142 1161 1258 1215 dies
1304 1160 1482 1215 habet.
1533 1158 1640 1213 duo
1686 1157 1870 1228 capias
1914 1172 1928 1208 :
1983 1171 2080 1225 pro

524 1265 591 1306 eo
643 1265 790 1314 vero,
836 1249 929 1319 qui
981 1264 1105 1303 xm
1162 1257 1406 1314 constat,
1445 1249 1584 1308 ;tria.
1625 1247 1780 1315 Quod
1827 1248 1871 1304 si
1921 1247 2080 1316 Apri-

525 1341 629 1394 lem
694 1341 747 1395 in
815 1356 1054 1396 mensem
1109 1341 1276 1410 legale
1339 1338 1542 1395 Pascha
1591 1329 1878 1409 competat,
1943 1338 2082 1394 adde

527 1438 747 1502 propter
804 1429 1052 1484 Mai-tium
1101 1430 1226 1485 tria.
1285 1429 1619 1500 Colligentur
1689 1445 1800 1484 xw.
1871 1428 2080 1495 Quibus

525 1522 779 1577 omnibus
820 1521 874 1576 in
921 1536 1082 1576 unam
1129 1536 1394 1577 summam
1433 1520 1688 1580 redactis.
1726 1535 1844 1575 eam
1879 1521 2082 1590 partire

525 1628 623 1683 per
683 1620 938 1682 septem;
991 1611 1267 1670 residuum
1309 1613 1458 1667 dabit
1515 1612 1701 1668 feriam
1751 1612 1937 1682 legalis
1977 1610 2080 1665 Pa-

526 1705 749 1763 schalis.
808 1703 925 1771 Qua
984 1715 1191 1774 reperla
1240 1703 1565 1776 progredere
1633 1719 1806 1773 usque
1861 1701 1927 1756 ad
1986 1699 2082 1757 Do-

2847 531 3081 600 Πάσχα.

2257 626 2545 698 Κράτησον
2573 625 2664 678 τὸν
2696 624 2892 679 κύκλον
2927 623 3020 677 τοῦ
3049 623 3221 694 ἡλίου,
3284 623 3379 676 καὶ
3407 621 3477 676 τὰ
3514 618 3749 691 βεσεξτα.

2186 720 2358 772 όπόσα
2391 718 2516 773 εισι.
2558 717 2801 788 Πρόσθες
2833 715 3006 770 δὲκαὶ
3033 714 3132 777 τὰς
3168 714 3379 785 ἡμέρας
3401 712 3493 766 τοῦ
3525 709 3748 782 νομικοῦ

2183 808 2394 878 Πάσχα,
2428 808 2540 860 οἵου
2582 807 2746 878 μηνὸς
2783 799 2870 876 ἦν,
2909 805 3000 858 καὶ
3029 805 3219 858 ὁπόσαι
3258 805 3381 856 εἰσι.
3413 803 3523 856 Καὶ
3559 805 3610 855 ει
3651 803 3749 872 μὲν

2183 901 2297 954 ἐστι
2328 900 2388 954 τὸ
2418 899 2637 970 νομικὸν
2660 898 2848 968 Πάσχα
2880 898 2960 960 εἰς
2983 896 3070 950 τὸν
3110 898 3349 968 Μάρτιον
3377 896 3540 966 μῆνα,
3581 895 3748 965 nptia-

2184 993 2274 1056 θες
2300 993 2391 1047 καὶ
2439 999 2507 1046 ια’
2534 981 2671 1063 ὑπὲρ
2700 990 2806 1044 τῶν
2842 989 3056 1060 μηνῶν⁸
3097 988 3291 1052 οἵτινές
3321 990 3456 1040 εἰσιν
3497 986 3612 1039 ἀπὸ
3651 985 3747 1038 τοῦ

2195 1085 2564 1158 Ὀκτωμὸρίου
2596 1083 2761 1156 μηνὸς
2790 1085 2912 1154 ἄχρι
2949 1081 3040 1135 τοῦ
3076 1081 3399 1168 Ἰανουαρίου
3430 1080 3524 1133 καὶ

2180 1173 2288 1226 ἀπὸ
2316 1175 2412 1244 μὲν
2448 1173 2540 1227 τοῦ
2579 1172 2744 1242 μηνὸς
2775 1171 2870 1224 τοῦ
2911 1170 3122 1240 ἔχοντος
3150 1169 3359 1239 ἡμέρας
3379 1167 3421 1221 λ’
3449 1167 3751 1237 λαμϐάνεις

2181 1264 2390 1335 ἡμέρας
2421 1262 2513 1320 δύο
2531 1279 2545 1294 ο
2595 1263 2703 1316 ἀπὸ
2725 1261 2782 1315 δὲ
2817 1259 2910 1316 τοῦ
2937 1260 3147 1333 ἔχοντος
3175 1259 3252 1312 λα’
3283 1259 3492 1330 ἡμέρας
3527 1258 3748 1328 λαμϐά-

2181 1370 2291 1416 νεις
2323 1359 2370 1421 γ’
2396 1369 2408 1383 ·
2461 1356 2509 1406 ει
2552 1353 2594 1406 δ’
2643 1352 2791 1405 ἐστὶν
2836 1353 2914 1414 εἰς
2961 1350 3051 1402 τὸν
3103 1349 3374 1421 ’Λπρίλιον
3421 1349 3480 1401 τὸ
3524 1348 3750 1418 νομικὸν

2182 1447 2394 1516 Πάσχα,
2443 1445 2675 1515 πρόσθες
2714 1445 2988 1517 καὶύπὲρ
3020 1443 3111 1497 τού
3152 1443 3394 1513 Μαρτίου
3424 1443 3633 1513 ἡμέρας
3672 1448 3748 1507 γ’.

2182 1537 2291 1594 Καὶ
2325 1537 2432 1590 ἰδοὺ
2459 1537 2695 1606 γίνονται
2729 1536 2805 1589 ιδ’.
2827 1536 2934 1589 Καὶ
2959 1537 3129 1598 οὕτως
3151 1533 3356 1597 ἐνώσας
3384 1534 3579 1594 πάντα,
3612 1534 3750 1586 ἀνά-

2181 1627 2338 1682 λυσον
2376 1627 2465 1682 διά
2515 1627 2624 1681 τῶν
2655 1625 2731 1690 ζ’·
2763 1628 2856 1680 καὶ
2904 1628 3006 1682 ὅσα
3035 1626 3276 1680 κάτωθεν
3303 1625 3409 1680 τῶν
3439 1624 3482 1690 ζ’
3534 1625 3755 1677 ἐναπο-

2185 1719 2447 1790 μείνουσι,
2491 1719 2709 1791 δηλοῦσι
2745 1719 2847 1790 τὴν
2886 1719 3097 1791 ἡμέραν
3143 1717 3235 1770 τοῦ
3265 1717 3486 1788 νομικοῦ
3528 1716 3750 1787 Πάσχα.

523 1797 819 1861 minicam,
881 1795 1334 1866 quemadmodum
1395 1795 1657 1852 didicisti.
1728 1793 1805 1849 ιω
1871 1793 2076 1850 Pascha

2193 1811 2360 1865 Ἑπάν
2386 1811 2443 1865 δὲ
2475 1809 2637 1884 εὕρῃς
2675 1810 2861 1881 αὐτὴν,
2893 1811 3079 1865 ἄνελθε
3123 1811 3282 1881 ἄχρις
3309 1810 3406 1879 τῆς
3435 1809 3749 1881 Κυριακῆς,

523 1888 892 1946 Christianum
926 1887 1188 1944 invenies.

677 2087 954 2144 Methodus
982 2089 1272 2144 Christiani
1299 2088 1575 2144 Paschatis
1608 2087 1916 2142 inveniendi.

595 2179 760 2235 Sume
807 2182 1016 2252 cyclum
1065 2181 1197 2235 solis
1237 2180 1362 2233 anni
1405 2179 1667 2249 propositi
1701 2194 1713 2230 :
1749 2177 1876 2232 huic
1906 2177 2080 2246 adiice

522 2271 833 2326 bissextiles
857 2271 1191 2341 prseteritos;
1225 2271 1304 2325 sic
1331 2278 1388 2323 ut
1416 2270 1559 2324 diem
1595 2285 1760 2323 unum
1796 2285 1895 2338 pro
1920 2269 2080 2324 annis

522 2369 758 2429 quatuor
818 2358 1082 2429 accipias.
1143 2357 1282 2412 Tum
1333 2359 1378 2415 si
1435 2357 1626 2413 Martio
1672 2373 1860 2413 mense
1911 2359 2081 2430 legale

520 2449 728 2506 Pascha
763 2451 1062 2521 contingat,
1097 2451 1235 2506 adde
1273 2458 1492 2522 epactas
1521 2451 1640 2520 ejus
1678 2453 1936 2521 quinque.
1982 2449 2079 2505 Sin

521 2542 681 2600 cadat
720 2544 772 2598 in
807 2543 1072 2614 Aprilem,
1111 2543 1230 2612 ejus
1275 2550 1520 2612 epactau
1579 2557 1594 2597 ι
1645 2542 1837 2610 adjice.
1883 2541 2079 2598 Conie-

521 2646 664 2691 ctam
713 2653 981 2693 summam
1021 2636 1200 2692 divide
1240 2653 1335 2708 per
1380 2639 1432 2703 7,
1463 2636 1608 2708 quod
1663 2637 1933 2705 reliquum
1972 2641 2076 2700 est,

522 2728 779 2789 Kalendis
835 2731 1041 2785 mensis
1084 2729 1231 2784 illius
1289 2727 1479 2784 feriam
1539 2727 1778 2792 exhibet,
1823 2727 1878 2782 in
1917 2740 2078 2796 quem

522 2823 689 2888 legale
728 2821 935 2877 Pascha
971 2823 1250 2890 competit.
1299 2821 1566 2890 Deinceps
1598 2835 1728 2890 ergo
1762 2819 2073 2874 numerabis

519 2927 552 2971 ι
581 2909 835 2967 Kalendis
856 2911 1010 2981 ipsis,
1041 2919 1102 2965 ut
1131 2911 1375 2966 invenias
1399 2925 1560 2980 quam
1593 2909 1648 2963 in
1674 2908 1863 2964 feriam
1894 2909 2077 2964 incur-

519 3010 612 3058 rat'
634 3003 797 3074 legale
829 3001 1060 3058 Pascha.
1092 2998 1148 3054 ld
1186 3001 1275 3056 ubi
1303 3002 1412 3056 eris
1441 3009 1747 3064 assecutus,
1783 2999 1827 3055 si
1859 2999 2076 3071 quidem

521 3090 802 3150 Doniinica
845 3095 938 3157 sit,
989 3093 1315 3164 progredere
1361 3107 1533 3161 usque
1574 3091 1640 3147 ad
1699 3091 2074 3162 insequentem

521 3190 748 3244 alteram
794 3184 1153 3242 Dominicam.
1201 3183 1258 3240 In
1325 3199 1389 3238 ea
1441 3182 1812 3237 Christianum
1867 3181 2077 3237 accidet

519 3278 729 3335 Pascha
803 3277 859 3334 Si
913 3279 1046 3335 feria
1100 3295 1138 3333 ιι
1184 3279 1295 3344 sit,
1347 3293 1456 3332 non
1504 3277 1684 3332 minus
1725 3278 1828 3334 erit
1869 3275 2078 3333 Pascha

520 3371 766 3442 proxima
795 3367 1096 3433 Dominica,
1140 3377 1304 3438 atque
1338 3369 1412 3421 ita
1445 3381 1609 3437 porro
1635 3382 1806 3437 usque
1837 3366 1904 3421 ad
1937 3365 2076 3420 Sab-

521 3463 726 3516 batum.
757 3460 966 3518 Etenim
995 3462 1048 3516 in
1075 3458 1319 3515 eamdem
1349 3457 1741 3514 hebdomadcm
1773 3456 1934 3512 ambo
1969 3455 2073 3510 Pa-

521 3553 712 3612 schata
750 3561 1106 3616 concurrunt,
1146 3567 1252 3606 non
1279 3559 1460 3608 tamen
1489 3551 1738 3605 eumdem
1768 3549 1931 3605 diem.

590 3643 700 3701 Sed
747 3645 879 3702 illud
926 3643 1204 3701 sciendum
1243 3652 1347 3707 est,
1389 3639 1843 3712 quemadmodum
1875 3645 2078 3710 epactte

520 3743 813 3792 menstruae
857 3734 1113 3793 conﬂant.
1162 3733 1352 3790 Annus
1381 3732 1574 3788 diebus
1613 3737 1827 3786 constat
1853 3743 2074 3788 cccuv.

519 3829 627 3897 Et,
662 3845 760 3902 per
797 3845 872 3883 vn
912 3827 1119 3892 divisae,
1154 3842 1317 3882 unam
1361 3826 1504 3881 diem
1544 3823 1880 3894 relinquunt.
1924 3820 2077 3878 Hanc

518 3927 684 4000 igitur
731 3923 934 3990 addito,
984 3939 1192 3979 necnon
1235 3938 1303 3978 ex
1348 3920 1570 3977 Octobri
1607 3926 1738 3983 tres,
1805 3919 1941 3976 ﬁunt
2000 3934 2074 3976 Iv.

521 4017 631 4074 Has
674 4017 960 4075 Novembri
989 4015 1180 4086 adjice.
1217 4015 1444 4071 Easdem
1474 4027 1665 4070 rursus
1693 4028 1829 4084 auge
1865 4011 2076 4066 duabus

516 4124 546 4163 e
593 4107 883 4164 Novembri
938 4109 1134 4176 captis,
1211 4106 1340 4161 ﬂent
1387 4121 1442 4159 vr
1486 4111 1690 4175 epacta:
1742 4101 2098 4164 Decembris,

515 4197 728 4267 Quibus
765 4198 1026 4253 accedant
1058 4205 1219 4251 trese
1241 4195 1546 4259 Decembri,
1577 4202 1630 4249 et
1664 4210 1726 4249 ex
1759 4208 1967 4249 summa
2000 4210 2073 4257 ix,

515 4289 692 4358 abjice
725 4306 819 4351 vn,
861 4296 1066 4343 restant
1095 4287 1224 4350 duo,
1261 4297 1464 4357 epactze
1492 4283 1756 4339 Januarii.
1791 4284 1942 4340 Adde
1971 4283 2074 4337 tria

515 4381 585 4436 ob
627 4378 966 4442 Ianuarium,
1013 4377 1278 4433 exsislcnt
1321 4393 1354 4432 v
1384 4385 1585 4444 epactze
1613 4374 1913 4438 Februarii,
1953 4390 2073 4445 qua:

512 4482 566 4526 et
594 4471 786 4526 Martio
831 4478 1158 4540 congruunt.
1205 4467 1321 4522 Jam
1362 4467 1429 4522 ad
1464 4484 1496 4520 v
1537 4469 1669 4522 istas
1714 4467 1888 4522 Martii
1937 4467 2073 4523 adde

515 4572 646 4617 tres.
671 4560 1010 4630 Colliguntur
1036 4575 1154 4622 vm,
1187 4573 1218 4614 e
1251 4559 1449 4628 quibus
1491 4557 1748 4612 detractis
1776 4572 1873 4618 vn,
1909 4555 2073 4611 relin-

517 4651 766 4719 quiltlr'l
817 4649 1018 4719 Aprilis
1063 4657 1268 4719 epacta.
1319 4649 1401 4704 Ob
1453 4648 1691 4718 Aprilem
1747 4646 1884 4702 adde
1919 4647 2070 4712 duo,

519 4745 644 4797 licnt
671 4741 794 4803 tria,
821 4750 1024 4812 cpacta:
1063 4740 1185 4796 Maii
1223 4761 1235 4796 :
1279 4742 1368 4811 qui
1400 4741 1599 4796 additis
1627 4740 1824 4803 tribus,
1852 4747 2071 4810 epactas

515 4831 644 4887 facit
666 4832 812 4888 Junii
856 4849 929 4887 vi.
958 4819 1186 4889 Accedit
1215 4833 1438 4888 biduum
1471 4841 1688 4902 propter
1724 4830 1971 4895 Junium,
2017 4841 2070 4886 et

512 4942 576 4980 ex
633 4939 844 4980 summa
887 4941 980 4980 vm
1024 4924 1257 4995 demptis
1292 4942 1388 4990 vii,
1421 4932 1590 4978 restat
1632 4922 1809 4980 tlulii
1857 4931 2067 4993 epacta.

514 5014 650 5071 Tum
712 5024 934 5087 propter
991 5015 1191 5072 Julium
1260 5016 1538 5084 adjunctis
1589 5015 1807 5076 tribus,
1869 5023 2073 5084 epactas

515 5107 649 5162 ﬁunt
673 5108 898 5178 Augusti
933 5126 1003 5163 iv.
1035 5109 1314 5180 Augustus
1340 5109 1526 5177 adjicit
1553 5109 1674 5170 tria,
1709 5124 1883 5178 eoque
1913 5106 2074 5162 modo

511 5215 587 5254 νιι
608 5210 949 5269 consurgunt
969 5211 1172 5271 epactas
1201 5201 1553 5272 Septembris.
1588 5199 1744 5255 Hunc
1774 5201 1829 5255 in
1855 5201 2072 5254 modum

512 5290 814 5360 explicatur
856 5301 1170 5362 epactarum
1212 5291 1566 5363 propagatio;
1600 5307 1721 5361 quae
1753 5289 2074 5361 compendio

512 5380 586 5437 ita
617 5382 959 5452 proponitur.

2180 1903 2322 1959 καθὰ
2367 1903 2668 1977 ἐδιδάχθης,
2720 1904 2814 1957 καὶ
2859 1904 3110 1975 εὑρήσεις
3147 1902 3210 1956 τὸ
3256 1900 3364 1955 τῶν
3403 1899 3752 1974 Χριστιανῶν

2179 1995 2394 2064 Πάσχα.

2354 2088 2459 2150 Εἰς
2502 2087 2568 2140 τὸ
2606 2085 2803 2153 εὑρεῖν
2842 2084 2906 2140 τὸ
2943 2083 3298 2152 Χριστιανὸν
3331 2082 3564 2152 Πάσχα.

2248 2178 2534 2250 Κράτησον
2559 2178 2650 2232 τοῦ
2679 2177 3103 2250 ἐπιζητούμενον
3133 2176 3284 2240 ἔτους
3309 2175 3401 2230 τὸν
3431 2175 3627 2230 κύκλον
3649 2175 3750 2228 τοῦ

2178 2271 2328 2346 ἡλίου
2350 2287 2366 2304 ο
2401 2271 2635 2342 πρόσθες
2663 2271 2720 2323 δὲ
2745 2271 2839 2324 καὶ
2869 2270 2936 2323 τά
2964 2269 3297 2342 παρελθόντα
3319 2268 3531 2340 βίσεξτα
3547 2285 3561 2297 ο
3585 2284 3746 2322 τουτο

2179 2366 2292 2419 ἐστι
2333 2363 2470 2417 κατὰ
2509 2365 2550 2417 δ’
2589 2364 2819 2428 κύκλους
2850 2364 3062 2436 ἡμέραν
3103 2369 3170 2417 α’.
3195 2359 3309 2416 Εἴθ’
3335 2361 3525 2423 οὕτως,
3557 2362 3607 2412 εἰ
3640 2361 3750 2429 μέν

2179 2455 2295 2507 ἐστι
2317 2455 2378 2508 τὸ
2398 2453 2616 2525 νομικὸν
2649 2455 2838 2525 Πάσχα
2874 2456 2954 2518 εἰς
2982 2453 3074 2508 τὸν
3104 2453 3346 2524 Μάρτιον
3379 2453 3540 2523 μῆνα,
3570 2453 3750 2523 πρόσ-
3852 2462 3860 2469 '

2179 2546 2269 2611 θες
2299 2548 2396 2612 τάς
2430 2548 2671 2612 ἐπακτὸς
2702 2547 2862 2600 αὑτοῦ
2889 2553 2928 2599 ε’
2948 2563 2961 2577 ο
2989 2548 3036 2599 ει
3069 2545 3124 2599 δέ
3157 2547 3302 2599 ἐστιν
3329 2547 3409 2608 εις
3440 2545 3529 2596 τὸν
3565 2542 3745 2612 Ἀπρεο

2178 2639 2311 2702 λιον,
2362 2638 2594 2710 πρόσθες
2641 2644 2688 2691 α’
2735 2636 2832 2707 τὴν
2887 2634 3050 2692 αὐτοῦ
3102 2636 3364 2705 ὲπακτήν.
3405 2632 3639 2694 Ἐνὼσας
3678 2631 3740 2685 δὲ

2179 2731 2378 2794 πάντα,
2414 2730 2676 2784 άνάλυσον
2710 2728 2796 2782 διὰ
2829 2727 2936 2780 τῶν
2969 2727 3046 2790 ζ’·
3080 2727 3173 2781 καὶ
3215 2726 3283 2779 τά
3308 2726 3551 2779 κάτωθεν
3576 2726 3678 2777 τῶν
3695 2724 3742 2788 ζ’

2177 2820 2392 2892 δηλοῦσι
2424 2821 2520 2891 τὴν
2566 2819 2891 2892 άρχιμηνίαν
2919 2817 3010 2870 τοῦ
3061 2815 3244 2888 μηνὸς,
3275 2818 3332 2868 ὲν
3375 2809 3419 2882 ᾧ
3451 2818 3660 2884 γίνεται
3681 2813 3746 2868 τὸ

2178 2911 2398 2982 νομικὸν
2425 2912 2636 2982 Πάσχα.
2663 2907 2774 2964 Εἶθ’
2802 2908 2973 2973 οὕτως
3005 2907 3306 2979 ἀριθμησον
3330 2908 3422 2960 ἀπ’
3444 2909 3616 2976 αὐτῆς
3645 2907 3748 2976 τῆς

2176 3003 2520 3076 ἁρχιμηνῑας,
2564 3004 2710 3067 ὅπως
2754 3001 2917 3075 εὕρῃς
2963 3003 3020 3053 ὲν
3056 3001 3184 3074 ποίᾳ
3220 3002 3399 3074 ἡμέρᾳ
3436 3002 3647 3069 γίνεται
3681 2999 3749 3052 τὸ

2177 3095 2394 3164 νομικὸν
2433 3093 2638 3163 Πάσχα.
2681 3093 2844 3145 Ἐπὰν
2885 3091 2939 3146 δὲ
2965 3092 3127 3161 εὕρῃς
3165 3092 3349 3161 αὐτὴν,
3394 3092 3442 3143 εἰ
3495 3092 3596 3160 μὲν
3631 3091 3750 3144 Κυ-

2185 3187 2342 3257 ριακὴ
2389 3185 2497 3255 εἴη.
2526 3185 2710 3240 ἄνελθε
2755 3187 2833 3248 εἰς
2877 3183 2973 3255 τὴν
3019 3183 3390 3256 ἐπερχομένην
3418 3183 3743 3253 Κυριακήν⁹

2179 3279 2398 3330 κάκείσε
2445 3273 2512 3348 ἦν
2547 3277 2608 3331 τὸ
2669 3277 3007 3348 Χριστιανῶν
3060 3277 3283 3347 Πάσχα·
3331 3277 3378 3327 εἰ
3419 3273 3476 3327 δὲ
3515 3273 3748 3343 δευτέρα

2175 3371 2342 3431 ἐστὶν,
2369 3368 2626 3431 ὡσαύτως
2657 3372 2721 3439 τῇ
2757 3368 3024 3440 ἐρχομένῃ
3071 3369 3342 3438 Κυριακῇ,
3374 3363 3468 3418 καὶ
3507 3364 3746 3433 καθεξῆς

2176 3463 2302 3532 ἄχρι
2334 3460 2426 3515 τοῦ
2477 3459 2775 3513 σαόὄάτουο
2824 3461 2881 3512 ὲν
2920 3457 3027 3530 γὰρ
3073 3460 3168 3530 μιᾷ
3212 3456 3459 3527 ὲϐδομάδι
3499 3455 3742 3525 γίνονται

2175 3554 2340 3624 ἄμφω
2371 3552 2440 3606 τὰ
2468 3552 2674 3624 Πάσχα,
2711 3551 2767 3605 ὲν
2811 3551 2908 3622 μιᾷ
2935 3549 2989 3603 δὲ
3015 3551 3196 3622 ἡμέρᾳ
3223 3549 3492 3618 οὐδαμῶς.

2245 3645 2337 3697 Δεῖ
2363 3642 2648 3711 γινώσκειν
2680 3641 2795 3706 πῶς
2841 3641 3080 3709 γίνονται
3111 3641 3166 3693 αἱ
3203 3638 3435 3692 ὲπακταὶ
3475 3637 3587 3691 τῶν
3631 3654 3736 3705 μη-

2173 3734 2299 3790 νῶν.
2345 3735 2403 3788 '0
2432 3734 2671 3798 ivno-rb;
2696 3733 2805 3804 ἔχει
2839 3733 3048 3804 ἡμέρας
3077 3732 3197 3797 τξε’.
3224 3731 3437 3793 Ταύτας
3464 3728 3740 3792 ἀναλύσας

2174 3828 2261 3884 διὰ
2284 3827 2392 3881 τῶν
2424 3828 2486 3894 ζ’,
2517 3826 2777 3898 ἀπομένει
2809 3827 2926 3898 μία.
2970 3825 3186 3896 Ταύτην
3232 3825 3330 3896 τὴν
3361 3824 3486 3896 μίαν
3520 3822 3740 3893 προπερ

2175 3921 2318 3991 θητι,
2352 3921 2443 3975 καὶ
2473 3920 2581 3974 ἀπὸ
2617 3919 2711 3973 τοῦ
2753 3918 3124 3991 Ὀκτωμσρίου
3153 3923 3232 3986 γ’·
3264 3917 3360 3971 καὶ
3397 3914 3635 3984 γίνονται
3671 3913 3736 3968 δ’.

2174 4013 2388 4076 Ταύτας
2446 4013 2677 4084 πρόσθες
2718 4012 2793 4083 τῷ
2843 4010 3150 4082 Νοεμϐρίῳ.
3197 4009 3402 4080 Κράτει
3445 4008 3606 4062 πάλιν
3639 4006 3741 4070 τὰς

2173 4104 2236 4168 δ’,
2269 4105 2498 4177 πρόσθες
2527 4105 2618 4159 καὶ
2663 4104 2770 4158 ἀπὸ
2805 4103 2896 4157 τοῦ
2939 4102 3238 4174 Νοεμϐρίου
3271 4101 3333 4170 ﬂ"
3371 4101 3463 4154 xui.
3498 4101 3732 4168 γίνονται

2177 4201 2230 4260 ς’
2275 4197 2352 4258 εἰς
2381 4196 2469 4248 τὸν
2511 4197 2860 4266 Δεκέμϐριον.
2905 4193 3069 4252 Πάλιν
3109 4193 3380 4263 κράτησον
3421 4191 3520 4255 τὰς
3562 4191 3728 4251 αὑτάς

2176 4295 2250 4353 ς’,
2279 4288 2370 4340 καὶ
2407 4287 2636 4358 πρόσθες
2661 4287 2751 4339 καὶ
2783 4287 2888 4339 ἀπὸ
2912 4285 3005 4339 τοῦ
3033 4285 3361 4356 Δεκεμϐρίου
3395 4291 3442 4352 γ’
3467 4300 3479 4312 ’
3522 4285 3607 4336 καὶ
3642 4282 3730 4350 τίς

2173 4397 2353 4433 νονται
2387 4379 2450 4432 θ’.
2489 4377 2811 4451 Ἀπόρριψον
2836 4379 2931 4442 τὰς
2963 4379 3006 4443 ζ’
3025 4395 3038 4409 ·
3076 4379 3168 4431 καὶ
3194 4377 3524 4448 άπομένουσι
3545 4374 3633 4429 δύο
3655 4377 3733 4438 εἰς

2104 4471 2265 4556 υτον
2306 4473 2649 4542 Ἰανουάριον.
2701 4471 2941 4543 Πρόσθες
2981 4471 3074 4525 καὶ
3111 4477 3160 4539 γ’
3205 4470 3311 4524 ἀπὸ
3357 4469 3450 4522 τοῦ
3504 4469 3739 4522 Ἰανουασ-

2185 4564 2320 4636 ρίου,
2354 4563 2449 4616 καὶ
2486 4563 2723 4631 γίνονται
2753 4570 2791 4615 ε’
2822 4565 2901 4626 εἰς
2931 4562 3020 4617 τὸν
3047 4561 3426 4633 Φεϐρουάριον.
3457 4562 3523 4613 Αἱ
3553 4560 3600 4614 δ’
3641 4560 3740 4612 αὐε-

2176 4649 2263 4703 ταί
2295 4653 2401 4704 εἱσι
2443 4651 2537 4706 καὶ
2582 4652 2662 4714 εἰς
2695 4652 2784 4705 τὸν
2826 4652 3086 4722 Μάρτιον.
3123 4650 3292 4703 Πάλιν
3337 4651 3606 4721 κράτησον
3642 4651 3740 4712 τὰς

2176 4743 2358 4804 πέντε,
2391 4744 2482 4798 καὶ
2511 4742 2742 4815 πρόσθες
2768 4743 2862 4795 καὶ
2897 4742 3003 4798 ἀπὸ
3038 4741 3131 4795 τοῦ
3156 4741 3397 4814 Μαρτίου
3429 4748 3498 4810 γ”
3524 4739 3614 4794 καὶ
3651 4739 3737 4807 τι-

2174 4851 2352 4889 νονται
2394 4841 2466 4905 η’.
2508 4836 2831 4907 Ἀπόρῤιψον
2873 4835 2971 4898 τὰς
3005 4836 3068 4900 ξ’,
3096 4834 3415 4905 ὲναπομένει
3463 4833 3557 4886 καὶ
3586 4838 3636 4885 α’
3658 4833 3740 4894 εἰς

2175 4925 2264 4980 τὸν
2291 4926 2580 4998 ’Δπρίλιον.
2605 4927 2891 4998 Κράτησον
2909 4924 3066 4979 πάλιν
3091 4925 3257 4996 αὐτὴν
3279 4923 3376 4997 τὴν
3399 4930 3446 4977 α’
3465 4941 3478 4953 ·
3508 4921 3737 4992 πρόσθες

2178 5018 2271 5072 καὶ
2312 5017 2404 5072 δύο
2444 5020 2553 5072 ἀπὸ
2585 5018 2678 5070 τοῦ
2711 5019 3004 5092 Ἀπριλίου,
3038 5019 3129 5071 καὶ
3171 5017 3409 5081 γίνονται
3445 5022 3493 5084 γ’
3535 5017 3614 5079 εις
3646 5013 3736 5067 τὸν

2172 5109 2365 5164 Μάῖον.
2401 5109 2568 5163 Πάλιν
2603 5111 2872 5183 κράτησον
2905 5109 3071 5174 αὑτὰς
3103 5110 3200 5172 τὰς
3242 5115 3288 5176 γ’
3314 5127 3327 5141 ·
3379 5107 3612 5178 πρόσθες
3643 5105 3736 5157 καὶ

2173 5201 2281 5255 ἀπὸ
2323 5199 2416 5254 τοῦ
2450 5202 2625 5256 Μαΐου
2658 5211 2725 5270 γ’,
2767 5202 2860 5255 καὶ
2888 5201 3127 5271 γίνονται
3169 5207 3222 5267 ς’
3249 5201 3330 5264 εἰς
3369 5201 3458 5253 τὸν
3500 5196 3730 5252 Ἰούνιον.

2175 5292 2340 5346 Πάλιν
2371 5294 2642 5364 κράτησον
2673 5293 2838 5357 αὑτάς
2885 5293 2982 5356 τὰς
3010 5301 3081 5358 ς’.
3114 5295 3205 5346 καὶ
3237 5291 3474 5362 πρόσθες
3505 5289 3611 5343 ἀπὸ
3640 5284 3732 5340 τοό

2185 5382 2401 5436 Ἰουνίου
2435 5384 2500 5455 β’,
2537 5384 2774 5452 γίνονται
2810 5391 2880 5453 η’.
2925 5385 3248 5457 Ἀπόρμψον
3270 5384 3370 5446 τὰς
3385 5382 3451 5448 ζ’,
3477 5382 3732 5450 άπομένει

512 5479 564 5529 α’
599 5475 678 5537 εἰς
711 5474 804 5528 τὸν
839 5474 1076 5528 Ἰούλιον.
1108 5475 1275 5530 Πάλιν
1307 5474 1581 5546 κράτησον
1608 5475 1705 5547 τὴν
1728 5481 1775 5528 α’
1795 5493 1809 5507 ο
1843 5473 2074 5545 πρόσθες
2105 5473 2199 5527 καὶ
2227 5475 2332 5529 ἀπὸ
2353 5475 2445 5530 τοῦ
2483 5478 2699 5532 Ἰουλίου
2729 5482 2894 5551 τρεῖς,
2925 5480 3159 5548 γίνονται
3205 5478 3247 5532 δι
3277 5479 3355 5541 εἰς
3396 5477 3486 5532 τὸν
3539 5473 3732 5542 Αὔγου-

514 5583 654 5621 στον.
700 5569 866 5624 Πάλιν
905 5571 1176 5643 κράτησον
1215 5573 1384 5637 αὐτάς
1426 5571 1526 5636 τὰς
1569 5571 1611 5626 δ’
1633 5587 1646 5602 ·
1695 5571 1928 5644 πρόσθες
1969 5570 2076 5625 ἀπὸ
2101 5571 2195 5626 τοῦ
2228 5573 2536 5642 Αὐγούστου
2575 5583 2644 5646 γ’,
2707 5580 2802 5630 καὶ
2845 5578 3081 5647 γίνονται
3139 5576 3182 5641 ζ’
3218 5577 3299 5639 εἰς
3340 5573 3432 5628 τὸν
3487 5573 3728 5642 Σεπτὲμα

511 5657 682 5730 εριον.
725 5662 834 5720 Καὶ
867 5663 1038 5717 ταῦτα
1083 5665 1179 5738 μὲν
1217 5665 1480 5740 ἐντέχνως
1526 5666 1893 5740 κατέστρωται
1931 5668 2058 5741 περὶ
2096 5668 2338 5725 πάντων·
2370 5669 2508 5725 ἔστω
2529 5671 2684 5726 σοιδὲ
2710 5671 2878 5727 ταῦτα
2936 5674 3004 5728 τὰ
3049 5671 3355 5744 δηλωθέντα
3403 5669 3477 5734 ὡς
3528 5670 3584 5723 ὲν
3617 5669 3724 5720 tm-

511 5745 672 5831 τομῇ.
