4036 6218
380 328 524 387 ιεδδ

726 444 792 496 Δί
819 437 1064 493 ὲπακταί
1087 435 1345 492 ἑκάστου
1366 439 1580 508 μηνός.

376 571 499 642 Μὴν
542 571 903 642 Ὀκτώμσριος
1033 576 1082 624 α’
1220 571 1344 641 Μὴν
1378 570 1650 642 Ἀπρίλιος
1877 577 1926 625 α’

374 659 500 730 Μὴν
538 660 835 731 Νοέμσριος
1040 661 1084 715 δ’
1223 659 1346 732 Μὴν
1377 661 1548 724 Μάῖος
1877 667 1925 732 γ’

373 749 496 819 Μὴν
527 749 852 821 Δεκέμϐριος
1036 758 1078 804 ε’
1218 750 1340 823 Μὴν
1377 751 1593 815 Ἰούνιος
1872 759 1925 816 ς’

375 843 499 912 Μὴν
542 840 857 912 Ἰανουάριος
1033 842 1078 914 β’
1219 844 1341 914 Μὴν
1378 843 1592 907 Ἰούλιος
1876 849 1925 895 α’

375 934 502 1003 Μὴν
529 932 888 1005 Φεϐρουάριος
1036 940 1077 988 ε’
1219 934 1341 1004 Μὴν
1369 931 1674 1003 Αὔγουστος
1881 933 1926 986 δ’

375 1023 496 1095 Μὴν
525 1025 764 1096 Μάρτιος
1036 1033 1076 1079 ε’
1216 1025 1338 1098 Μὴν
1375 1026 1742 1099 Σεπτέμσριος
1880 1027 1924 1090 ζ’

444 1139 506 1192 El
559 1137 719 1211 βούλῃ
773 1139 952 1211 εὑρεῖν
986 1157 1044 1193 σε
1091 1143 1158 1193 τὸ·
1199 1139 1442 1211 θεμέλιον
1485 1140 1578 1194 τοῦ
1607 1140 1923 1211 φεγγαρίου,

373 1229 532 1283 ὁπότε
581 1229 714 1301 λήθη
758 1231 996 1300 γίνεταιο
1042 1232 1310 1304 κράτησον
1355 1231 1450 1285 τοῦ
1502 1231 1923 1304 ὲπιζητουμένου

371 1319 527 1384 ἔτους
550 1320 641 1373 τὸν
673 1320 864 1375 κύκλον
885 1323 985 1392 τῆς
1011 1323 1238 1395 σελήνης
1259 1323 1451 1387 ὁπόσος
1483 1323 1575 1377 καὶ
1601 1319 1667 1396 ἦν
1686 1338 1699 1352 ο
1733 1323 1823 1376 καὶ
1847 1325 1927 1377 έν-

370 1409 797 1465 δεκαπλασίασον
845 1414 1043 1468 αὐτόν’
1101 1413 1194 1466 καὶ
1246 1413 1478 1486 πρόσθες
1523 1415 1708 1469 ἐπάνω
1759 1415 1922 1469 αὐτοῦ

371 1500 528 1572 ἕτερα
565 1508 631 1570 γ’.
681 1501 790 1558 Εἶθ’
815 1504 984 1570 οὕτως
1011 1505 1275 1560 ἀνάλυσον
1300 1506 1438 1560 αύτά
1466 1506 1554 1560 διὰ
1587 1509 1694 1560 τῶν
1723 1506 1766 1560 λ’
1785 1525 1799 1540 ·
1829 1507 1922 1562 καὶ

368 1588 438 1642 τά
477 1592 716 1648 κάτωθεν
755 1595 860 1649 τῶν
894 1596 936 1650 λ’
967 1595 1183 1668 δηλοῦσι
1211 1597 1272 1650 τὸ
1307 1597 1550 1668 θεμέλιον
1582 1598 1674 1652 τοῦ
1719 1616 1923 1668 φεγγα-

373 1682 489 1753 ρίου

380 1832 690 1851 m0

1255 326 1436 384 AETII
1469 323 2238 416 DE'SIGNIFIQATIONIBUS
2274 323 2708 383 STELLARUM.

1951 440 2001 499 Α

3439 323 3580 381 εδει

2417 435 2634 506 Epacue
2665 449 2917 491 mensium
2945 431 3199 489 omnium.

2028 572 2259 629 October
2695 587 2713 625 ι
2891 571 3109 641 Aprilis.
3166 563 3172 570 ’
3552 587 3579 624 ι-

2026 665 2323 722 November
2664 681 2718 719 ιν
2899 663 3070 717 Maius
3513 675 3579 716 ιιι

2025 759 2317 815 December
2685 773 2718 810 v
2894 753 3088 810 Junius
3519 767 3572 807 vn

2023 848 2314 903 Ianuarius
2681 861 2718 898 ιι
2893 843 3070 898 Julius
3554 859 3571 899 ι

2024 939 2352 995 Februarius
2689 953 2722 990 v
2894 934 3172 1002 Augustus
3519 950 3574 989 Iv

2025 1030 2248 1085 Martius
2689 1044 2723 1081 ν
2900 1025 3213 1098 September
3495 1041 3572 1081 VII

2099 1141 2154 1195 Si
2212 1141 2354 1196 lunae
2403 1140 2813 1196 fundamentum
2854 1137 3158 1210 cnjusmodi
3206 1146 3306 1206 snt,
3349 1137 3568 1202 oblitus,

2026 1236 2350 1306 investigare
2377 1234 2547 1289 velis:
2583 1232 2768 1302 accipe
2797 1233 3036 1287 lunarem
3075 1229 3284 1303 cyclum
3320 1230 3445 1285 anni
3478 1246 3574 1287 cu-

2023 1326 2266 1397 juslibet,
2298 1340 2532 1396 eumque
2562 1339 2657 1408 per
2691 1323 2944 1378 undecim
2973 1321 3268 1394 multiplica
3300 1339 3315 1378 :
3349 1338 3572 1378 summae

2021 1418 2160 1474 adde
2187 1419 2314 1472 tria.
2349 1416 2620 1487 Quidquid
2651 1415 2754 1472 erit
2782 1415 3064 1471 collectum
3100 1430 3194 1486 per
3215 1429 3321 1469 xxx
3350 1413 3526 1470 divide
3550 1432 3566 1469 :

2023 1507 2299 1564 residuum
2349 1506 2394 1562 si
2445 1506 2516 1562 sit
2553 1504 2695 1559 infra
2736 1503 3169 1576 xxx,qu:esitum
3198 1503 3337 1558 lunae
3375 1500 3570 1557 funda-

2020 1608 2260 1655 mentum
2287 1597 2520 1654 exhibet.

1429 1975 1686 2062 ΠΕΡΙ
1739 1945 2499 2064 ΕΠΙΣΗΜΑΣΙΩΝ

1795 2155 1803 2219 ξ
1817 2151 2128 2208 ΔΣΤΕΡΩΝ

1167 2284 1264 2352 Ἐκ
1293 2296 1385 2352 τοῦ
1418 2297 1600 2370 τρίτου
1629 2297 1915 2370 τμήματος
1945 2295 2151 2350 ’Δετίου
2177 2292 2628 2366 ’Δμιδηνοῦ,κεφ.
2667 2292 2791 2367 ρξδν.

872 2545 1022 2638 DE
1095 2523 2280 2636 SIGNIFICATIONIBUS
2348 2539 3046 2631 STELLABUM

1192 2735 1276 2792 Ex
1302 2734 1546 2794 Sermone
1576 2733 1674 2790 111
1706 2733 2000 2792 Tetrabibli
2019 2734 2159 2790 Aetii
2183 2731 2443 2800 Amidem',
2467 2744 2616 2802 caput
2651 2731 2774 2788 164.

1614 2881 1911 2951 lnterprete
1937 2877 2220 2936 Cornario.

446 3099 661 3175 Ἐπειδὴ
677 3099 732 3153 δὲ
748 3100 839 3154 καὶ
859 3100 906 3153 οί
928 3103 1048 3154 κατ’
1062 3099 1285 3174 οὐρανὸν
1301 3102 1526 3175 ἀστέρες
1541 3103 1916 3169 ἀνατέλλοντες
1948 3113 1988 3167 Β

2086 3093 2535 3167 Quandoquidem
2587 3093 2749 3149 etiam
2814 3094 2984 3150 stellae
3042 3094 3096 3149 in
3154 3093 3294 3149 caelo
3331 3092 3572 3152 orienth

364 3189 507 3243 κατὰ
524 3168 661 3253 τοὺς-
676 3190 1036 3261 τεταγμένους
1061 3168 1242 3254 αὐτοῖς
1263 3191 1371 3245 ὑπὸ
1393 3168 1487 3245 τοῦ
1517 3192 1650 3247 Θεοῦ
1673 3195 1914 3264 καιροὺς,

362 3283 459 3336 καὶ
491 3282 735 3346 δύνοντες
777 3282 976 3352 ὁμοίως
1016 3282 1106 3337 τὸν
1135 3283 1270 3356 ἀέρα
1315 3283 1635 3348 ἀλλοιοῦσιν,
1675 3285 1749 3349 ὡς
1783 3295 1918 3348 συμ-

361 3371 567 3425 ϐαίνειν
593 3374 655 3426 ἐκ
683 3371 868 3426 τούτου
908 3372 1001 3426 καὶ
1033 3373 1264 3444 ἀνέμους
1299 3373 1482 3428 ἄλλοτε
1525 3375 1699 3439 ἀλλως
1731 3379 1880 3429 πνεῖν
1900 3393 1913 3408 ·

362 3464 658 3530 ἀναγκαῖον
686 3463 909 3533 ἐνόμισα
941 3462 1172 3516 ἐνταῦθα
1207 3462 1441 3532 δηλῶσαι
1473 3465 1714 3536 καιροὺς,
1755 3465 1811 3517 έν
1838 3461 1919 3528 οἷς

363 3554 561 3619 αὐτῶν,
603 3554 786 3624 σαφῶς
826 3554 1174 3609 ἀλλοιούντων
1210 3555 1300 3609 τὸν
1347 3555 1502 3628 ἀέρα,
1544 3557 1794 3612 ἀνατολαὶ
1826 3558 1919 3611 καὶ

359 3643 541 3708 δύσεις
587 3644 840 3713 γίνονται.
873 3645 982 3699 Καὶ
1035 3645 1145 3716 γὰρ
1167 3629 1296 3700 ⁵τῶν
1331 3647 1678 3714 ὑγιαινόντων
1707 3645 1776 3700 τὰ
1812 3644 1917 3700 σώο

367 3751 530 3806 ματα,
562 3735 657 3789 καὶ
685 3735 866 3806 πολλῷ
898 3736 1094 3807 μᾶλλον
1131 3737 1237 3789 τῶν
1274 3737 1589 3802 νοσούντων,
1619 3737 1918 3792 ἀλλοιοῦται

364 3827 499 3899 πρὸς
527 3828 624 3899 τὴν
651 3827 743 3881 τοῦ
771 3828 930 3899 ἀέρος
953 3828 1297 3884 κατάστασιν.

432 3919 578 3990 Μηνὶ
609 3919 849 3990 Δύστρῳ,
899 3920 928 3974 ὃ
984 3922 1099 3974 ἐστι
1141 3919 1368 3991 Μαρτίῳ
1414 3919 1499 3984 ιϐ’,
1549 3919 1577 3972 ό
1634 3917 1919 3990 λεγόμενος

365 4009 560 4072 Ἵππος
586 4010 880 4064 ἀνατέλλει.

431 4098 579 4170 Μηνὶ
609 4099 686 4171 τῷ
718 4099 866 4171 αὐτῷ
902 4106 987 4169 κγ’
1018 4100 1272 4173 ἰσημερία
1300 4101 1517 4172 ὲαρινήο
1549 4101 1642 4154 καί
1678 4101 1794 4154 ἐστι
1825 4117 1920 4172 με-

363 4189 522 4263 γίστη
547 4191 755 4263 ταραχὴ
785 4189 879 4244 τοῦ
905 4191 1082 4262 ἀέρος.

434 4281 582 4352 Μηνὶ
628 4281 893 4352 Ξανθικῷ,
935 4281 1212 4336 τουτέστιν
1252 4281 1508 4354 ’Δπριλίῳ
1544 4287 1615 4346 α’,
1658 4279 1920 4353 Πληῖάδες

362 4369 650 4440 ἀκρόνυχοι
682 4370 978 4438 φαίνωνται.

2014 3189 2170 3261 juxta
2199 3193 2442 3256 tempora
2496 3199 2528 3240 a
2583 3183 2693 3240 Deo
2741 3184 2876 3253 ipsis
2906 3184 3183 3250 ordinata,
3233 3191 3288 3241 et
3317 3183 3568 3241 similiter

2019 3279 2332 3339 occidentes
2353 3291 2478 3334 aera
2517 3283 2752 3340 mutant,
2790 3284 2851 3331 ut
2874 3276 3154 3346 contingat
3179 3291 3246 3331 ex
3281 3276 3380 3331 hoc
3405 3277 3569 3332 etiam

2017 3377 2215 3428 ventos
2241 3369 2380 3424 alias
2407 3367 2564 3423 aliter
2601 3366 2831 3438 spirare,
2879 3367 3250 3422 necessarium
3302 3363 3428 3421 duxi
3482 3366 3571 3422 hic

2017 3470 2260 3534 tempora
2291 3459 2552 3523 indicare,
2581 3459 2635 3514 in
2667 3457 2862 3529 quibus
2886 3473 3093 3521 earum,
3129 3473 3248 3528 qua
3275 3459 3452 3529 palam
3482 3473 3572 3514 ae-

2016 3569 2131 3610 rem
2153 3553 2405 3618 alterant,
2429 3559 2580 3607 ortus
2614 3556 2670 3605 et
2708 3564 2936 3606 occasus
2962 3548 3115 3604 ﬁunt.
3139 3548 3273 3604 Nam
3312 3564 3569 3606 sanorum

2017 3659 2270 3716 corpora,
2313 3649 2368 3698 et
2416 3641 2586 3696 multo
2628 3639 2801 3712 magis
2844 3647 3189 3713 aegrotorum.
3218 3639 3378 3710 juxta
3427 3640 3570 3698 aeria

2018 3742 2222 3792 statum
2257 3733 2578 3787 alterantur.

2088 3914 2271 3970 Mense
2307 3912 2527 3986 Dystro,
2562 3911 2656 3982 qui
2686 3910 2910 3969 Martius
2935 3920 3039 3977 est,
3065 3910 3252 3982 Equus
3273 3926 3433 3968 mane
3460 3911 3568 3966 ori-

2017 4012 2107 4060 tur
2132 4004 2340 4060 decima
2365 4018 2507 4058 nona
2542 4000 2652 4056 die.

2086 4093 2272 4151 Mense
2316 4094 2527 4162 eodem,
2580 4093 2668 4148 die
2712 4108 2868 4157 χχιιι,
2907 4093 3293 4163 aequinoctium
3343 4107 3571 4150 vernum

2017 4195 2122 4251 est,
2155 4193 2208 4242 et
2226 4185 2460 4240 maxima
2483 4185 2628 4241 aeris
2653 4184 2912 4240 turbatio.

2088 4275 2270 4331 Mense
2285 4273 2578 4340 Xanthico,
2602 4275 2697 4346 qui
2718 4280 2804 4330 est
2820 4273 3046 4345 Aprilis,
3059 4273 3230 4344 prima
3251 4271 3573 4331 dieineunto

2020 4377 2177 4424 nocte
2202 4367 2248 4400 '°
2277 4365 2523 4422 Pleiades
2547 4373 2828 4436 apparent.

431 4459 578 4531 Μηνὶ
599 4459 676 4530 τῷ
704 4458 851 4530 αύτῷ
882 4458 943 4512 ιθ¹
967 4460 1228 4532 Πληῖάδες
1256 4460 1494 4532 ἑσπέριοι
1517 4460 1867 4533 κρύπτονται.
1945 4445 1990 4504 C

2089 4457 2272 4514 Mense
2312 4455 2525 4519 eodem,
2568 4455 2656 4510 die
2689 4471 2803 4523 xu,
2853 4453 3100 4511 Pleiades
3140 4457 3350 4527 vesperi
3385 4454 3570 4511 occul-

432 4551 580 4621 Μηνὶ
611 4551 686 4622 τῷ
728 4551 875 4622 αὐτῷ
905 4559 988 4605 κα¹
1029 4552 1290 4621 Πληῖάδες
1331 4552 1446 4622 ἅμα
1493 4551 1644 4622 ὴλίου
1677 4551 1912 4624 ,ἀνατολῇ

363 4642 698 4698 ὶπιτέλλουσι
717 4661 730 4677 ·
761 4646 852 4701 καί
883 4647 995 4698 ὲστι
1031 4644 1258 4716 μεγίστη
1284 4646 1318 4716 ὴ
1361 4644 1487 4714 περὶ
1519 4645 1610 4697 τὸν
1654 4645 1793 4716 ἀέρα
1824 4662 1917 4698 τα-

431 4826 578 4898 Μηνὶ
601 4825 679 4897 τῷ
706 4825 850 4898 αὐτῷ
874 4825 953 4890 κζ’
985 4826 1172 4897 Ὠρίων
1199 4827 1445 4898 ἑσπέριος
1466 4826 1783 4898 κρύπτεται.

430 4920 577 4991 Μηνὶ
626 4918 970 4990 Ἀρτεμισίῳ,
1018 4919 1047 4972 ὃ
1089 4920 1202 4972 ἐστι
1239 4920 1399 4990 Μαΐῳ
1443 4925 1513 4982 α’,
1563 4918 1752 4982 Ὑάδες
1800 4919 1916 4989 ἀμα

361 5008 514 5081 ἡλίου
545 5008 775 5079 ἀνατολῇ
807 5007 1159 5062 ὲπιτέλλουσι.

431 5101 577 5171 Μηνὶ
597 5099 674 5169 τῷ
694 5098 840 5169 αὐτῷ
870 5098 932 5162 δ’,
967 5098 1118 5170 Λύρα
1136 5098 1385 5170 ἑσπέριος
1408 5097 1692 5162 ἐπιτέλλει,
1721 5097 1812 5151 καί
1832 5097 1919 5151 ἀλ-

363 5191 596 5245 λοιοῦται
618 5189 723 5261 ἀὴρ
758 5190 970 5252 ἱκανῶς.

431 5283 578 5353 Μηνὶ
607 5280 683 5352 τῷ
719 5279 865 5350 αύτῷ
891 5286 944 5345 ς’
975 5279 1073 5344 Αἲξ
1112 5281 1220 5350 ἑῴα
1265 5279 1547 5347 ἐπιτέλλει,
1591 5281 1682 5332 καὶ
1713 5277 1914 5349 σφόδρα

362 5373 663 5428 ἀλλοιοῦται
685 5374 714 5426 ὁ
737 5372 846 5443 ἀὴρ
877 5370 982 5443 πρὸ
1023 5373 1150 5443 μιᾶς
1178 5372 1212 5442 ἢ
1239 5371 1351 5425 δύο.

430 5465 576 5534 Μηνὶ
600 5464 759 5534 Μαΐῳ
785 5462 828 5527 ζ’
853 5461 1113 5533 Πληῖάδες
1130 5462 1260 5534 έῷαι
1291 5463 1586 5530 φαίνονται,
1628 5461 1719 5516 καὶ
1755 5461 1914 5534 ἄρχε-

367 5567 452 5608 rat
481 5554 510 5606 ό
534 5552 640 5625 ἀὴρ
673 5550 1044 5626 καθίστασθαι.

439 5707 483 5740 ⁸⁸
510 5705 797 5762 Carnarius
833 5705 986 5771 male,
1017 5706 1335 5775 intempesta
1376 5713 1552 5762 nocte.

2023 4558 2222 4604 tantur.

2090 4639 2272 4699 Mense
2298 4641 2507 4707 eodem,
2539 4659 2650 4708 ni,
2669 4640 2912 4697 Pleiades
2933 4653 3055 4694 cum
3084 4638 3214 4694 solis
3242 4646 3365 4693 ortu
3395 4640 3572 4694 oriun-

2020 4741 2147 4788 tur:
2183 4745 2237 4790 et
2266 4741 2351 4790 est
2376 4733 2613 4788 maxima
2638 4733 2787 4788 circa
2820 4744 3000 4786 aerem
3034 4728 3289 4782 turbatio.

2090 4823 2272 4878 Mense
2293 4822 2506 4887 eodem,
2534 4838 2706 4886 xxvn,
2735 4820 2904 4877 Orion
2935 4819 3146 4888 vesperi
3178 4818 3500 4874 occultatur.

2089 4911 2270 4969 Mense
2290 4911 2604 4980 Artemisio,
2635 4913 2736 4968 hoc
2758 4922 2842 4968 est
2869 4911 3028 4974 Maio,
3054 4909 3226 4981 prima
3250 4908 3338 4965 die
3357 4906 3570 4981 Hyades

2019 5021 2144 5060 cum
2178 5005 2308 5061 solis
2333 5015 2453 5061 ortu
2479 5005 2749 5060 oriuntur.

2091 5092 2274 5148 Mense
2300 5094 2510 5158 eodem,
2548 5109 2601 5148 IV
2631 5093 2742 5157 dic,
2764 5090 2900 5163 Lyra
2932 5090 3140 5161 vesperi
3173 5090 3366 5157 oritur,
3401 5097 3456 5144 et
3479 5105 3572 5144 aer

2021 5186 2251 5242 multum
2285 5186 2564 5241 alteratur.

2090 5275 2272 5332 Mense
2291 5275 2500 5340 eodem,
2529 5292 2603 5340 vn,
2627 5276 2797 5346 Capra
2823 5288 2980 5331 mane
2998 5273 3190 5336 oritur,
3212 5281 3258 5327 et
3275 5269 3427 5326 valde
3449 5273 3574 5324 alte-

2020 5375 2173 5424 ratur
2205 5382 2314 5422 aer.

2092 5443 2215 5514 Maii
2244 5474 2317 5512 vn
2339 5456 2580 5514 Pleiades
2607 5473 2765 5514 mane
2792 5464 3070 5530 apparent.
3093 5464 3146 5510 et
3169 5467 3262 5509 aer
3282 5448 3458 5508 sedari
3485 5451 3572 5506 iu-

2015 5549 2166 5621 cipit.
