4036 6218
491 271 632 332 i335

1534 272 1622 326 AD
1664 269 1932 328 EUSEBII
1969 266 2358 326 CllRONlCON
2396 271 2754 330 APPENDIX.

3571 266 3702 323 l356

560 386 684 442 Maii
718 403 827 452 six,
867 388 1079 461 Hyades
1131 406 1289 446 mane
1339 401 1620 462 apparent,
1667 401 1720 446 et
1755 407 1849 446 aer
1898 390 2053 444 valde

2218 393 2362 461 Μηνὶ
2388 393 2545 462 Μαΐῳ
2570 393 2633 446 ιθ¹
2666 392 2852 456 Ὑάδες
2873 389 3002 461 ἐῷαι
3037 388 3332 459 φαίνονται,
3359 387 3452 441 καὶ
3474 385 3706 439 ἀλλοιοῦ-

490 479 751 538 alteratur
776 480 965 550 pridie.
997 490 1090 536 aut
1122 483 1318 550 nudius
1341 484 1534 538 tertius
1569 484 1686 552 eius
1709 483 1834 537 diei.

564 570 684 624 Maii
732 587 858 631 χχιν
890 571 1063 643 Capra
1097 575 1307 646 vesperi
1361 575 1710 640 occultatur;
1739 582 1794 630 et
1843 575 2046 630 nudius

493 660 686 717 tertius
711 660 831 730 ejus
862 660 967 716 diei
999 677 1094 718 aer
1122 672 1392 718 movetur.

561 751 760 807 Mensis
787 751 934 808 Junii
977 754 1239 819 secunda,
1267 754 1458 826 Aquila
1489 756 1697 828 vesperi
1727 757 1924 811 oritur.

561 837 762 894 Mensis
790 839 1030 909 ejusdem
1058 857 1112 896 vx
1149 841 1413 898 Arcturus
1441 861 1600 900 mane
1637 847 1856 900 occidit.

559 927 761 984 Mensis
787 932 1030 1000 ejusdem
1059 949 1117 987 ιχ
1151 934 1375 1004 Delphin
1405 951 1630 1006 vespere
1659 938 1850 992 oritur.

561 1019 828 1080 Vicesima
858 1023 1048 1093 quinta
1084 1025 1250 1080 Orion
1287 1042 1444 1082 mane
1491 1029 1622 1083 oriri
1667 1029 1875 1099 incipit.
1911 1029 2050 1084 Sunt

2149 501 2237 537 ται
2269 483 2405 536 πάνυ
2433 485 2460 536 6
2493 482 2598 556 ἀὴρ
2623 483 2728 554 πρὸ
2756 481 2934 552 μιᾶςῆ
2955 480 3048 534 δύο
3074 478 3314 550 ἡμερῶν.

2217 576 2359 647 Μηνὶ
2397 576 2475 647 τῷ
2515 576 2660 646 αὐτῷ
2693 575 2767 628 κδ’
2798 574 2895 638 Αἲξ
2931 574 3180 645 ἑσπέριος
3233 571 3534 643 κρύπτεται
3557 584 3574 599 ⁶
3617 568 3710 624 γέεὶ

2149 669 2375 722 κινεῖται
2404 668 2432 718 6
2458 667 2562 737 ἀὴρ
2593 665 2698 736 πρὸ
2725 665 2815 718 δύο
2838 663 3074 734 ἡμερῶν.

2219 759 2364 830 Μηνὶ
2399 757 2599 827 Ἰουνίῳ
2629 756 2669 826 β’
2713 755 2890 816 Ἀετὸς
2916 755 3164 826 ἑσπέριος
3195 752 3479 806 ἐπιτέλλει.

2220 850 2365 918 Μηνὶ
2397 848 2476 918 τῷ
2506 847 2653 916 αύτῷ
2684 853 2735 910 ς’
2781 845 3099 917 Ἀρκτοῦρος
3127 843 3257 911 ἑῷος
3281 843 3445 896 δύνει.

2219 941 2366 1010 Μηνὶ
2392 937 2470 1008 τῷ
2500 937 2645 1008 αύτῷ
2682 937 2725 990 θ’
2749 936 2940 1004 Δελφὶς
2969 934 3215 1004 ἑσπέριος
3242 933 3530 989 ἐπιτέλλει.

2220 1029 2364 1099 Μηνὶ
2392 1028 2467 1098 τῷ
2522 1026 2666 1097 αὐτῷ
2700 1032 2775 1079 κε’
2824 1025 3011 1096 Ὠρίων
3061 1023 3192 1093 ἑῷος
3232 1023 3453 1094 ἄρχεται
3495 1021 3707 1076 ἐπιτέλ-

493 1120 670 1166 autem
706 1114 942 1171 solstitia
988 1117 1196 1184 aestiva,
1223 1125 1278 1173 et
1317 1134 1410 1173 aer
1445 1119 1621 1175 tribus
1665 1120 1856 1177 diebus
1890 1131 2047 1177 antea

2166 1133 2281 1174 tew.
2313 1121 2432 1172 Εἰσὶ
2463 1120 2519 1172 δέ
2542 1121 2737 1190 τροπαὶ
2760 1115 2963 1188 θεριναί
2983 1131 2997 1145 ·
3044 1118 3138 1169 καὶ
3171 1115 3473 1170 ἀλλοιοῦται
3506 1114 3712 1186 σφόδρα

490 1204 643 1258 valde
668 1205 950 1260 alteratur.

560 1297 762 1354 Mensis
794 1299 923 1354 Julii
952 1302 1112 1356 tertio
1140 1301 1306 1358 Orion
1331 1312 1482 1361 totus
1509 1307 1704 1360 oritur.

566 1387 786 1443 Decima
815 1399 1007 1460 quarta
1042 1391 1282 1464 Procyon
1316 1410 1472 1449 mane
1495 1397 1690 1453 oritur.

564 1478 780 1534 Decima
829 1498 972 1536 nona
1013 1483 1178 1539 Canis
1233 1501 1391 1540 mane
1440 1489 1651 1550 oritur;
1701 1498 1754 1543 et
1787 1490 2051 1560 contingit

493 1574 724 1627 maxima
773 1575 914 1630 aeris
963 1576 1237 1644 turbatio;
1296 1578 1591 1648 aliquando
1628 1581 1789 1636 etiam
1846 1584 2048 1640 nudius

493 1666 686 1722 tertius
709 1667 829 1735 ejus
859 1668 988 1724 diei.

2149 1215 2178 1266 6
2206 1212 2310 1282 ἀὴρ
2337 1212 2440 1282 πρὸ
2470 1210 2634 1282 τριῶν
2663 1210 2902 1281 ἡμερῶν.

2220 1303 2366 1373 Μηνὶ
2409 1301 2610 1370 Ἰουλίῳ
2635 1309 2682 1369 γ’
2724 1301 2909 1372 Ὠρίων
2938 1301 3058 1364 ὅλος
3088 1301 3371 1354 ἐπιτέλλει.

2217 1393 2361 1464 Μηνὶ
2392 1393 2468 1462 τῷ
2498 1392 2643 1463 αύτῷ
2676 1392 2733 1444 ιδ’
2761 1392 3016 1463 Προκύων
3040 1391 3171 1462 ἑῷος
3204 1391 3491 1446 ἐπιτέλλει.

2222 1487 2367 1557 Μηνὶ
2392 1484 2468 1555 τῷ
2501 1484 2646 1554 αύτῷ
2678 1484 2741 1536 ιθ¹
2770 1485 2928 1541 Κύων
2961 1485 3092 1555 ἑῷος
3113 1486 3404 1538 ἐπιτέλλει·
3444 1486 3540 1540 καὶ
3569 1487 3716 1552 γίνε-

2151 1592 2240 1628 ται
2287 1576 2514 1646 μεγίστη
2545 1574 2634 1629 τοῦ
2661 1575 2818 1646 ἀέρος
2871 1574 3098 1646 ταραχὴ,
3133 1575 3301 1628 ἐνίοτε
3339 1577 3433 1628 καὶ
3476 1575 3583 1645 πρὸ
3623 1575 3716 1627 δύο

2150 1667 2390 1739 ἡμερῶν.

565 1727 837 1814 Vicesima
869 1760 1059 1829 quinta
1088 1759 1284 1830 Aquila
1330 1776 1488 1818 mane
1525 1763 1755 1832 occidit;
1803 1775 2052 1821 movetur

2173 1727 2204 1739 η
2221 1727 2365 1829 Μηνὶ
2392 1758 2466 1829 τῷ
2485 1758 2630 1830 αύτῷ
2659 1765 2734 1812 κε’
2770 1759 2948 1822 Ἀετὸς
2977 1758 3106 1830 ἑῷος
3133 1759 3276 1812 δύνει
3295 1773 3308 1786 °
3339 1761 3568 1811 κινεῖται
3603 1757 3663 1810 δέ
3689 1760 3720 1812 6

495 1857 674 1905 autem
707 1865 799 1904 aer
830 1862 952 1906 ante
991 1851 1252 1907 triduum.

569 1941 771 1998 Mensis
799 1943 1028 2013 Augusti
1066 1960 1133 1997 xv
1169 1942 1307 2015 Lyra
1339 1960 1498 2000 mane
1521 1947 1737 2001 occidit.

569 2033 785 2089 Decima
823 2051 966 2090 nona
1015 2035 1243 2105 Delphin
1280 2052 1440 2092 mane
1470 2038 1712 2104 occidit;
1743 2047 1797 2094 et
1827 2049 1909 2096 est
1937 2056 2056 2098 mu-

498 2126 632 2180 tatio
658 2126 864 2182 aestatis
886 2127 950 2180 ad
980 2126 1351 2197 frigiditatem.

569 2219 838 2275 Vicesima
888 2229 1077 2275 octava
1126 2219 1494 2276 Vindemiator
1541 2237 1699 2278 mane
1757 2226 1955 2291 oritur,
2003 2237 2057 2283 et

501 2311 675 2363 malus
703 2310 865 2365 Navis
898 2311 1100 2365 occidit
1130 2331 1142 2366 :
1176 2321 1229 2366 et
1259 2320 1343 2366 est
1365 2312 1488 2369 ﬁnis
1521 2315 1729 2371 dierum
1755 2327 1877 2389 post
1899 2337 2058 2376 exor-

498 2406 611 2454 tum
640 2399 802 2454 Canis
833 2399 1039 2454 dierum
1073 2418 1161 2458 τι..

569 2487 774 2546 Mensis
805 2489 1138 2562 Septembris
1165 2497 1392 2565 septima
1421 2498 1598 2568 Capra
1629 2499 1838 2568 veSperi
1863 2501 2056 2556 oritur.

572 2579 792 2637 Decima
825 2585 1054 2653 septima
1093 2585 1358 2646 Arcturus
1396 2590 1590 2657 oritur,
1621 2598 1675 2646 et
1703 2591 1896 2648 alterat
1934 2609 2059 2649 vero

501 2674 749 2735 sequenti
771 2673 876 2728 die.

573 2763 790 2820 Decima
824 2782 969 2821 nona
1005 2767 1166 2838 Spica
1215 2786 1375 2827 mane
1416 2773 1611 2839 oritur,
1662 2775 1923 2830 alteratur
1967 2791 2060 2831 aer

501 2856 715 2912 duobus
747 2859 939 2915 diebus
971 2869 1151 2916 antea.
1862 2860 1865 2863 ”

573 2949 840 3005 Vicesima
864 2951 1051 3023 quinta
1074 2954 1458 3023 aequinoctium
1483 2955 1541 3010 fit
1557 2957 1955 3021 autumnale,et
1976 2964 2060 3012 est

2154 1849 2261 1920 ἀὴρ
2300 1851 2404 1920 πρὸ
2435 1849 2596 1919 τριῶν
2622 1849 2862 1922 ἡμερῶν.

2225 1940 2684 2010 ΜηνὶοΑύγούστῳ
2721 1947 2778 1992 ιε’
2810 1940 2960 2012 Λύρα
2985 1940 3117 2012 ἑῷος
3136 1942 3302 1994 δύνει.

2223 2032 2367 2102 Μηνὶ
2397 2032 2475 2102 τῷ
2517 2031 2663 2102 αὐτῷ
2715 2032 2778 2084 ιθ¹
2820 2032 3012 2101 Δελφὶς
3067 2032 3196 2103 ἑῷος
3244 2033 3418 2087 δύνει·
3456 2034 3550 2086 καὶ
3601 2035 3717 2088 ἐστι

2154 2123 2329 2194 τροπὴ
2363 2123 2454 2177 τοῦ
2487 2124 2676 2194 θέρους
2703 2124 2795 2177 ἐπὶ
2829 2125 2888 2178 τὸ
2908 2125 3108 2196 ψυχρόν
3133 2129 3198 2180 ²¹.

2225 2216 2371 2286 Μηνὶ
2402 2215 2479 2286 τῷ
2509 2217 2655 2288 αὐτῷ
2698 2224 2784 2287 κη’
2818 2219 3205 2290 Προτρυγητὴς
3249 2218 3380 2289 ἑῷος
3428 2219 3712 2283 ἐπιτέλλει,

2158 2310 2251 2364 καὶ
2280 2311 2310 2363 6
2344 2309 2509 2373 Ἰστδς
2540 2309 2703 2363 δύνει.
2737 2311 2890 2362 Ἔστι
2927 2311 3046 2363 τότε
3068 2311 3217 2374 τέλος
3250 2311 3385 2382 μετά
3413 2312 3510 2383 τὴν
3539 2315 3716 2366 ἐπιτο-

2158 2401 2253 2473 λὴν
2277 2401 2370 2455 τοῦ
2401 2401 2576 2464 Κυνὸς
2608 2401 2825 2473 ἡμερῶν
2861 2410 2932 2472 μ’.

2226 2493 2372 2564 Μηνὶ
2404 2494 2756 2564 Σεπτεμϐρίῳ
2790 2493 2834 2558 ζ’
2868 2495 2966 2559 Αἲξ
2998 2495 3247 2567 ἑσπέριος
3273 2495 3552 2549 ἐπιτέλλει.

2227 2585 2374 2656 Μηνὶ
2413 2585 2490 2655 τῷ
2537 2586 2684 2655 αύτῷ
2730 2585 2792 2650 ιζ’
2816 2587 2859 2618 ³⁸
2901 2585 3221 2658 Ἀρκτοῦρος
3263 2587 3563 2642 ἑπιτέλλει’
3621 2587 3714 2641 καὶ

2158 2675 2359 2730 ἀλλοιοῖ
2384 2679 2450 2747 τῇ
2479 2677 2604 2748 ἑξῆς
2631 2677 2812 2749 ἡμέρᾳ
2837 2679 2901 2732 ³³.

2228 2768 2372 2839 Μηνὶ
2397 2767 2473 2838 τῷ
2497 2767 2642 2838 αὐτῷ
2680 2767 2740 2820 ιθ⁰
2774 2769 2981 2838 Στάχυς
3014 2767 3144 2839 ἑῷος
3165 2768 3429 2822 ἐπιτέλλει
3448 2786 3462 2800 ε
3489 2769 3722 2823 ἀλλοιού-

2158 2877 2247 2914 ται
2273 2859 2329 2912 δέ
2354 2863 2381 2914 6
2408 2860 2513 2932 ἀὴρ
2546 2860 2650 2932 πρὸ
2672 2861 2763 2914 δύο
2788 2861 3025 2932 ἡμερῶν.

2229 2951 2373 3022 Μηνὶ
2410 2950 2486 3021 τῷ
2507 2949 2653 3014 αὐτῷ
2685 2957 2761 3004 κε’
2789 2950 3044 3021 ίσημερία
3071 2949 3432 3020 φθινοπωρινή
3455 2968 3469 2980 ο
3501 2951 3600 3004 καὶ
3645 2952 3723 3018 γί-

502 3041 737 3095 maxima
769 3043 912 3099 aeris
949 3044 1187 3098 turbatio
1225 3045 1401 3102 tribus
1426 3055 1585 3101 antea
1614 3047 1806 3102 diebus
1839 3067 1854 3102 :
1889 3062 2057 3117 quare

2166 3058 2306 3094 νεται
2325 3042 2550 3112 μεγίστη
2562 3040 2772 3112 ταραχὴ
2786 3041 2877 3092 τοῦ
2896 3041 3052 3111 ἀέρος
3081 3040 3185 3111 πρὸ
3204 3040 3367 3111 τριῶν
3385 3043 3418 3112 ἡ
3426 3058 3491 3110 με
3502 3041 3631 3111 ρῶν·
3650 3041 3729 3094 διο

500 3139 587 3185 est
625 3131 925 3188 cavendum
967 3150 1034 3190 ne
1073 3151 1264 3191 venam
1315 3151 1596 3199 secemus,
1645 3152 1821 3207 neque
1861 3153 2062 3210 purgeo

502 3237 661 3287 mus,
693 3239 868 3294 neque
909 3227 1044 3280 alias
1078 3242 1278 3298 corpus
1314 3227 1617 3282 vehementi
1665 3235 1814 3281 motu
1847 3243 2062 3283 movea-

506 3329 628 3370 mus
655 3330 684 3367 a
720 3314 928 3370 decima
978 3317 1166 3386 quinta
1205 3317 1539 3389 Septembris
1567 3335 1740 3390 usque
1773 3321 1838 3376 ad
1869 3320 2063 3377 vicesi-

507 3391 648 3458 mam
679 3418 924 3476 quartam
955 3409 1196 3477 ejusdem
1220 3410 1444 3470 mensis.

579 3493 772 3550 Mensis
797 3495 1046 3553 Octobris
1073 3507 1223 3553 sexta
1257 3498 1470 3554 Corona
1497 3515 1654 3556 mane
1680 3503 1872 3568 oritur,
1902 3511 1955 3559 et
1980 3512 2063 3560 est

503 3587 796 3643 vehemens
827 3589 970 3644 aeris
999 3593 1243 3646 mutatio.

577 3678 816 3749 Septima
851 3681 1006 3736 Hmdi
1032 3685 1241 3754 vesperi
1265 3685 1535 3741 oriuntur.

579 3771 797 3826 Decima
856 3775 1084 3843 septima
1129 3775 1344 3848 Ilyades
1391 3794 1616 3850 veSpere
1670 3781 1968 3837 oriuntur:
2013 3788 2064 3837 et

505 3877 700 3934 magna
727 3867 782 3918 llt
809 3867 952 3921 aeris
981 3868 1241 3924 turbatio.

581 3953 850 4010 Vicesima
883 3960 1062 4024 tertia,
1093 3976 1199 4015 una
1229 3977 1351 4016 cum
1383 3965 1515 4019 solis
1556 3974 1677 4018 ortu
1702 3963 1946 4019 Pleiades
1969 3979 2064 4018 oc-

506 4049 698 4104 eidunt
732 4069 745 4105 ε
778 4058 830 4106 et
861 4053 1125 4124 contingit
1158 4055 1329 4125 pridie
1362 4058 1597 4111 maxima
1633 4059 1776 4112 aeris
1804 4057 2062 4112 turbatio.

580 4230 779 4287 Mensis
805 4231 1127 4289 Novembris
1157 4243 1308 4289 sexta
1328 4235 1576 4293 Pleiades
1597 4252 1755 4293 mane
1780 4237 2064 4306 occidunt;

506 4333 560 4379 et
589 4324 778 4390 incipit
809 4339 902 4381 aer
924 4325 1126 4380 sedari.

576 4413 870 4470 Undecima
899 4416 1035 4486 Lyra
1065 4432 1223 4473 mane
1255 4421 1444 4474 oritur.

577 4505 847 4562 Vicesima
882 4510 1076 4579 prima,
1119 4509 1332 4582 Hyades
1382 4527 1539 4567 mane
1581 4512 1835 4568 occidunt
1861 4528 1876 4578 ;
1905 4520 1958 4568 et
1983 4529 2071 4569 se-

507 4601 692 4671 quenti
723 4601 812 4656 die
841 4602 1078 4657 turbatio
1102 4604 1158 4657 ﬁt
1191 4605 1338 4659 circa
1372 4621 1575 4660 aerem.

581 4689 848 4752 Vicesima
900 4697 1129 4768 septima
1157 4695 1320 4752 Orion
1376 4697 1572 4765 oritur,
1619 4706 1673 4752 et
1709 4695 1925 4752 Corona
1975 4711 2064 4751 oc-

507 4784 658 4837 cidlt.

578 4874 780 4932 Mensis
800 4876 1113 4936 Decembris
1141 4881 1336 4951 prima.
1363 4880 1517 4936 canis
1537 4896 1696 4935 mane
1717 4880 1939 4935 occidit.
1966 4878 2073 4934 Ob-
2131 4938 2140 4948 ,

507 4974 781 5020 servatum
809 4975 893 5022 est
929 4977 1109 5024 autem
1141 4986 1170 5023 a
1204 4972 1410 5035 multis,
1450 4970 1592 5042 quod
1626 4973 1672 5026 si
1705 4979 2072 5041 tempestuosa

509 5057 672 5112 hiet-lt
713 5059 826 5114 haec
854 5061 990 5123 dies,
1021 5072 1333 5132 perseverat
1370 5065 1688 5134 plerumque
1735 5064 1978 5118 turbatio
2006 5065 2070 5118 ad

508 5149 626 5204 dies
664 5167 868 5206 xxxvii.
903 5151 961 5205 Si
991 5169 1119 5208 vero
1153 5171 1344 5211 serena
1376 5156 1558 5222 fuerit,
1599 5171 1693 5226 per
1726 5163 1805 5210 tot
1835 5156 1951 5212 dies
1987 5171 2068 5211 se-

508 5242 793 5300 renitatem
827 5242 942 5299 l‘orc
981 5247 1268 5317 signiﬁcat.

579 5332 821 5399 Decima,
855 5334 1010 5392 limdi
1053 5354 1210 5394 manu
1240 5339 1517 5397 occidunt.

579 5420 901 5491 Undecima,
944 5428 1119 5498 Capra
1161 5446 1318 5487 mane
1375 5432 1598 5497 occidit,
1649 5439 1703 5487 et
1742 5430 2076 5502 perturbatio

512 5517 653 5574 aeris
688 5518 744 5572 lit
773 5520 1055 5589 postridie.

2163 3134 2672 3206 παραφυλάττεσθαι
2698 3135 2800 3206 χρὴ
2835 3133 2965 3205 μηδέ
2982 3133 3348 3202 φλεὸοτομείν,
3370 3131 3502 3202 μηδέ
3533 3131 3728 3184 καθαί-

2168 3245 2298 3300 ρειν,
2337 3227 2458 3297 μηδ’
2497 3226 2668 3290 ἄλλως
2697 3227 2757 3278 τὸ
2783 3226 2938 3295 σῶμα
2963 3227 3128 3278 κινεῖν
3151 3225 3350 3296 σφοδρᾷ
3380 3227 3598 3297 κινήσει
3623 3226 3729 3278 ἀπὸ

2167 3327 2226 3378 ιε’
2255 3319 2347 3374 τοῦ
2375 3319 2748 3390 Σεπτεμϐρίου
2778 3318 2936 3389 μέχρι
2967 3317 3063 3372 κδ’.

2231 3501 2379 3570 Μηνὶ
2417 3497 2730 3570 Ὀκτωδρίῳ
2758 3503 2810 3562 ς’
2843 3495 3109 3572 Στέφανος
3145 3493 3276 3564 ἑῷος
3309 3494 3613 3547 ἐπιτέλλει·
3636 3497 3729 3550 καί

2165 3593 2279 3645 ἐστι
2309 3589 2512 3662 σφοδρά
2542 3587 2807 3661 μεταϐολὴ
2836 3585 2930 3640 τοῦ
2965 3587 3142 3656 ἀέρος.

2233 3685 2377 3755 Μηνὶ
2401 3682 2478 3751 τῷ
2507 3681 2653 3751 αὐτῷ
2681 3679 2724 3744 ζ’
2763 3682 2976 3751 Ἐριφοι
3004 3679 3247 3748 ἑσπέριοι
3273 3677 3631 3731 ἐπιτέλλουσι.

2236 3776 2380 3845 Μηνὶ
2403 3773 2477 3844 τῷ
2502 3771 2648 3842 αύτῷ
2677 3770 2740 3836 ιζ’
2775 3770 2962 3832 Ὑάδες
2977 3768 3216 3839 ἑσπέριοι
3237 3768 3578 3822 ἐπιτέλλουσι
3596 3787 3609 3798 ·
3638 3771 3729 3822 καὶ

2169 3867 2324 3938 ἱκανὴ
2347 3863 2557 3937 ταραχὴ
2578 3860 2671 3916 τοῦ
2700 3861 2860 3934 ἀέρος
2883 3861 3108 3929 γίνεται.
3417 3889 3424 3898 -

2235 3961 2379 4029 Μηνὶ
2404 3957 2482 4028 τῷ
2503 3953 2649 4024 αὐτῷ
2671 3961 2753 4022 κγ’
2777 3954 2891 4024 ἅμα
2917 3953 3065 4024 ἡλίου
3093 3952 3320 4022 ἀνατολῇ
3346 3951 3616 4020 Πληῖάδες
3641 3949 3729 4004 δύ-

2167 4068 2312 4105 νουσι
2333 4069 2347 4080 ·
2380 4051 2471 4104 καί
2505 4050 2617 4101 ἐστι
2648 4047 2874 4119 μεγίστη
2901 4043 3110 4116 ταραχὴ
3141 4043 3232 4098 τοῦ
3269 4044 3426 4116 ἀέρος
3457 4043 3562 4114 πρὸ
3600 4045 3724 4111 μιῶ

2167 4144 2398 4216 ἡμέρας·

2238 4237 2384 4307 Μηνὶ
2411 4232 2701 4305 Νοεμϐρίῳ
2726 4238 2778 4296 ς’
2810 4227 3069 4298 Πληῖἀδες
3095 4226 3223 4298 ἐῷαι
3255 4226 3468 4279 δύνουσι
3488 4243 3501 4254 ο
3527 4225 3612 4277 καὶ
3630 4223 3722 4294 ἆρ-

2169 4347 2320 4404 χεται
2352 4325 2709 4382 καθίστασθαι
2746 4325 2772 4375 6
2812 4324 2937 4395 ἀήρ.

2101 4404 2143 4457 D
2239 4421 2385 4490 Μηνὶ
2416 4418 2492 4489 τῷ
2521 4415 2666 4486 αὐτῷ
2699 4413 2766 4468 ια’
2810 4414 2855 4444 ’⁸
2885 4411 3034 4482 Λύρα
3056 4408 3187 4480 ἑῷος
3212 4407 3501 4463 ἐπιτέλλει.

2243 4513 2387 4584 Μηνὶ
2412 4512 2489 4582 τῷ
2532 4510 2680 4580 αὐτῷ
2716 4514 2801 4561 κα¹
2839 4505 3024 4568 Ὑάδες
3070 4501 3198 4572 ἐῷαι
3245 4501 3460 4556 δύνουσι
3481 4520 3493 4531 ·
3524 4502 3614 4554 καὶ
3641 4517 3735 4552 τας

2176 4607 2313 4680 ραχὴ
2343 4607 2468 4678 περὶ
2497 4603 2588 4656 τὸν
2615 4602 2751 4674 ἀέρα
2777 4601 2981 4669 γίνεται
3001 4600 3066 4668 τῇ
3095 4596 3241 4666 ἑξῆς.

2244 4700 2388 4772 Μηνὶ
2419 4697 2497 4770 τῷ
2530 4695 2674 4768 αὑτῴ
2706 4693 2785 4761 κζ’
2835 4693 3023 4764 Ὠρίων
3065 4688 3352 4752 ἐπιτέλλει,
3391 4688 3486 4741 καὶ
3528 4686 3737 4755 Στέφα-

2173 4811 2261 4856 νος
2293 4791 2456 4845 δύνει.

2244 4883 2390 4954 Μηνὶ
2423 4880 2737 4952 Δεκεμϐρίῳ
2774 4885 2820 4930 α’
2850 4875 3009 4931 Κύων
3054 4873 3184 4944 ἑῷος
3222 4873 3389 4926 δύνει.
3434 4873 3741 4942 Τετήρηται

2173 4976 2228 5029 δὲ
2279 4978 2391 5037 τοῖς
2447 4972 2678 5035 πολλοῖς,
2718 4971 2810 5033 ὡς,
2866 4969 2918 5021 εἴ
2957 4985 3021 5036 γε
3068 4966 3315 5037 χειμάσει
3358 4966 3416 5016 ἐν
3467 4963 3635 5035 ταύτῃ
3666 4965 3738 5032 τῇ

2177 5063 2378 5136 ἡμέρα,
2406 5060 2653 5131 ἐπιμένει
2677 5058 2751 5120 ὼς
2781 5056 3036 5126 ἐπίπανή
3076 5055 3285 5126 ταραχὴ
3324 5053 3417 5105 τοῦ
3451 5053 3608 5123 ἀέρος
3637 5070 3740 5121 μεσ-

2177 5175 2266 5231 χρι
2296 5154 2519 5227 ἡμερῶν
2557 5153 2655 5217 λζ’.
2691 5151 2752 5204 Εἰ
2783 5148 2838 5205 δέ
2871 5147 3122 5210 εὐδιὰσει,
3153 5144 3214 5198 τὸ
3242 5145 3374 5197 αὐτὸ
3402 5144 3737 5218 munitiet".

2241 5339 2387 5408 Μηνὶ
2416 5334 2492 5404 τῷ
2529 5331 2676 5402 αύτῷ
2706 5337 2736 5384 ι’
2778 5329 2992 5400 Ἔριφοι
3032 5327 3153 5397 ἑῷοι
3188 5325 3422 5378 δύνουσι.

2244 5429 2390 5499 Μηνὶ
2422 5426 2500 5496 τῷ
2555 5423 2700 5492 αύτῷ
2749 5429 2814 5474 ια’
2843 5421 2889 5453 ’⁵
2935 5419 3033 5484 Λῖξ
3067 5419 3174 5488 ἑῴα
3217 5416 3393 5470 δύνει·
3429 5409 3635 5484 ταραχὴ
3679 5408 3740 5460 δὲ

2176 5520 2380 5590 γίνεται
2411 5515 2546 5587 μετὰ
2581 5513 2706 5584 μίαν
2739 5511 2969 5583 ἡμέραν.

575 5677 617 5718 ³³
645 5674 718 5740 al.
754 5674 960 5748 ζλΰχειν.
1039 5679 1083 5712 ³³
1109 5677 1181 5733 al.
1212 5678 1289 5735 ιδ’.
1379 5680 1420 5711 ⁸³
1451 5679 1523 5732 al.
1560 5676 1702 5732 ἄλλοι
1732 5677 1786 5737 δὲ
1817 5679 1880 5750 τῇ
1906 5675 2030 5748 ἑξῆς
2053 5673 2252 5746 ἡμέρᾳ.
2331 5671 2373 5708 ⁸⁵⁸
2402 5669 2473 5726 al.
2516 5674 2600 5736 ιγ’.
2635 5732 2642 5739 ,
2679 5666 2721 5699 ²⁸
2749 5665 2822 5721 al.
2858 5663 3159 5735 συμϐαίνει.
3234 5661 3278 5694 ²⁶
3313 5660 3387 5715 τι.
3423 5665 3520 5714 καί·
