2018 3109
161 178 227 204 1557

196 235 268 270 Μηνὶ
281 236 319 271 τῷ
338 237 409 272 αὐτῳ
424 240 465 271 κγ’
483 238 503 252 ’⁷
517 238 616 273 τροπαὶ
630 239 790 274 χειμεριναί.

196 282 270 316 Μηνὶ
291 283 444 318 Ἰανουαρίῳ
458 283 477 309 δ
495 283 591 317 Δελφὶς
608 284 751 311 ἐπιτέλλει.

196 327 268 362 Μηνὶ
283 328 322 363 τῷ
343 328 417 363 αὑτῷ
433 332 452 355 ε’
466 329 488 344 ’⁸
502 330 515 355 ὁ
537 329 625 361 Ἀετὸς
646 330 771 365 ἑσπέριος
791 330 879 356 δύνει·
898 339 944 357 τα-

162 372 231 408 ραχὴ
244 373 272 399 δὲ
284 374 386 411 σφοᾷρὰ
401 374 504 408 γίνεται
519 375 586 410 μετὰ
597 375 642 401 δύο
655 376 772 412 ἡμέρας.

195 418 268 452 Μηνὶ
285 417 323 453 τῷ
337 418 411 453 αὐτῷ
434 422 472 445 κε’
486 420 500 445 ὁ
513 419 636 455 λαμπρὸς
654 420 739 455 ἀστὴρ
753 421 781 447 ὲν
793 420 832 456 τῷ
849 421 941 448 Λέοντ.

159 462 249 488 δύνει·
264 464 373 490 κινεῖτε
390 464 441 498 πρὸ
454 464 536 499 τριῶν
553 465 663 501 ἡμερῶν
674 466 719 493 τὸν
734 466 811 502 ἀέρα.

196 507 268 543 Μηνὶ
280 507 318 543 τῷ
333 508 406 544 αὐτῷ
420 512 462 543 κη’
473 509 569 544 Δελφὶς
586 510 711 545 ἑσπέριος
727 511 809 538 δύνει.

195 553 268 588 Μηνὶ
284 553 323 588 τῷ
339 553 412 589 αὐτῷ
426 554 466 581 κθ¹
481 554 557 590 Λύρα
572 556 698 591 ἑσπέριος
708 556 791 584 δύνει.

195 598 268 633 Μηνὶ
283 598 455 634 Φεϐρουαρίῳ
471 603 496 631 ς’
511 600 531 615 ¹⁹
548 600 666 635 Ζέφυρος
678 601 748 626 πνεῖ.

195 642 267 677 Μηνὶ
277 642 315 678 τῷ
329 643 401 678 αὑτῷ
416 644 457 670 κ6⁷
470 645 484 670 ὁ
497 644 580 677 Ἰστὸς
589 644 660 671 δύνει
677 645 813 681 ἑσπέριος,
828 655 872 673 και
886 646 942 674 ἐστι

160 689 265 724 ταραχὴ
277 688 324 715 τοῦ
336 690 425 725 ἀέρος.
805 718 808 721 ,

196 735 268 770 Μηνὶ
280 735 318 770 τῷ
329 736 402 771 αὐτῷ
417 740 455 763 κε’
479 737 639 772 Ἀρκτοῦρος
651 737 792 763 ἐπιτέλλει.

196 781 268 817 Μηνὶ
275 780 313 816 τῷ
319 781 392 816 αὐτῷ
399 785 443 814 κς’
452 782 585 817 χελιδόνες
592 783 727 815 πέτονται,
739 784 784 810 καὶ
791 784 939 818 φαίνονται.

197 858 218 873 ⁸⁷
236 858 323 885 αΙ.κό¹.

362 859 385 874 ’⁸
402 859 438 886 at.
456 862 496 886 ιε’.
546 860 569 875 ²⁹
583 859 620 887 al.
640 859 682 891 ιζ’.

593 179 821 208 DlSSERTATlO
841 179 884 207 DE
901 178 993 207 ORTU
1014 178 1057 206 ΕΤ
1077 177 1211 207 OCCASU
1232 178 1393 207 SIDERUM.

955 242 978 269 Α

1029 238 1163 266 Vicesima
1174 238 1252 265 tertia
1268 238 1415 278 solstitium
1427 241 1469 265 est
1483 237 1637 266 hibernum.

1030 283 1131 311 Mensis
1147 283 1268 311 Januarii
1285 288 1382 318 quarta
1398 283 1510 318 Delphin
1523 283 1620 310 oritur.

1029 328 1141 361 Quinta,
1157 328 1254 363 Aquila
1267 328 1373 363 vesperi
1387 328 1503 361 occidit;
1515 332 1543 355 et
1555 328 1584 355 fit
1599 327 1717 355 turbatio
1731 335 1776 356 ve-

994 374 1107 402 hemens
1122 379 1183 409 post
1199 375 1268 401 duos
1283 374 1353 401 dies.

1030 420 1139 455 Quinta,
1154 420 1268 449 illustris
1282 421 1361 448 stella
1380 421 1408 447 in
1428 420 1517 448 Leone
1540 419 1657 453 occidit;
1673 424 1775 447 movet-

993 475 1045 502 que
1060 471 1123 494 ante
1139 466 1258 493 triduum
1273 474 1376 494 aerem.

1030 511 1164 540 Vicesima
1177 516 1273 539 octava
1292 512 1405 547 Delphin
1422 512 1527 547 vesperi
1545 513 1654 540 Occidit.

1029 557 1162 585 Vicesima
1176 565 1258 590 nona,
1275 557 1346 593 Lyra
1358 558 1462 592 vesperi
1477 558 1586 585 occidit.

1029 603 1131 631 Mensis
1146 602 1287 630 Februarii
1305 608 1381 631 sexta
1400 603 1535 631 Favonius
1548 604 1644 638 spirat.

1029 648 1164 676 Vicesima
1183 649 1313 682 secunda,
1336 649 1426 677 malus
1439 649 1521 678 Navis
1538 650 1644 685 vesperi
1663 650 1774 683 occidit,

994 698 1021 721 et
1035 699 1076 721 est
1093 694 1215 721 turbatio
1228 693 1299 722 aeris
1315 702 1421 730 magna.

1029 738 1164 767 Vicesima
1179 740 1286 774 quinta,
1303 740 1436 768 Arcturus
1454 740 1560 775 vesperi
1571 741 1667 768 oritur.

1029 784 1164 813 Vicesima
1183 790 1270 819 sexta,
1289 787 1449 815 hirundines
1466 788 1557 815 volant
1589 792 1616 815 et
1634 792 1772 823 apparent.

168 937 1756 950 W

347 991 443 1052 DE
494 992 708 1056 ORTU
746 993 845 1054 ET
896 993 1197 1058 OCCASU
1237 995 1585 1059 SIDEBUM

773 1099 1168 1145 DlSSEBTATlO

163 1175 197 1205 In
208 1185 257 1203 rm
265 1177 346 1204 multa
356 1177 521 1204 elucidantur
528 1185 585 1213 quw
593 1178 625 1204 ab
634 1177 783 1204 auctoribus
795 1185 876 1211 supra
887 1176 963 1204 editis
972 1176 1079 1203 obscure
1088 1176 1202 1211 allegata
1210 1184 1280 1210 sunt,
1293 1177 1331 1204 vel
1342 1178 1509 1213 corriguntur
1518 1186 1575 1213 quia
1583 1187 1687 1205 erronec
1695 1178 1775 1205 dicta.

599 1236 681 1266 (Dion.
696 1238 822 1267 l'snvrus.
841 1237 872 1261 De
883 1235 992 1261 doctrina
1003 1238 1145 1267 temporum,
1163 1238 1180 1260 ι.
1194 1235 1236 1266 lll,
1251 1242 1275 1266 p.
1286 1234 1336 1265 59.)

453 1334 652 1361 HPUGEQPIA.

198 1380 235 1407 De
252 1384 312 1407 ortu
333 1380 451 1408 siderum
474 1384 500 1407 et
523 1388 623 1407 occasu
648 1380 748 1407 sclecta
768 1381 890 1415 qmedam
911 1389 945 1409 ex

162 1426 273 1460 optimis
296 1429 323 1453 et
347 1425 466 1460 antiquis
493 1426 650 1453 auctoribus
675 1427 798 1461 exempla
825 1427 946 1461 profere-

162 1479 241 1504 mus,
260 1471 287 1498 in
310 1471 409 1506 quibus
435 1474 542 1497 ortuum
566 1475 603 1498 et‘
617 1478 763 1497 occasuum
788 1472 945 1499 varietatem

162 1525 269 1545 omnem
286 1517 468 1552 experiemur;
487 1521 516 1543 ut
539 1517 571 1543 ad
597 1521 756 1543 cancrorum
773 1517 819 1552 qui
844 1518 946 1552 passim

163 1563 286 1590 incidunt
302 1571 380 1590 usum
398 1568 424 1591 et
441 1561 628 1589 tractationem
649 1569 798 1596 paucorum
814 1562 944 1590 observa-

163 1608 200 1635 tio
217 1608 395 1636 similitudine
418 1608 477 1642 ipsa
500 1607 643 1642 pertineat.
670 1606 723 1634 Sed
739 1607 790 1634 tria
812 1612 874 1635 sunt
893 1608 945 1635 im-

163 1654 268 1688 primis.
282 1661 342 1688 qua:
355 1653 387 1679 ad
401 1657 476 1680 ortus
490 1658 516 1680 et
531 1661 647 1681 occasus
659 1653 778 1689 speciem
790 1654 817 1680 in
828 1654 946 1688 scripto-

164 1706 224 1725 rum
243 1698 320 1725 libris
343 1698 489 1725 eruendam
514 1702 606 1725 uotata
631 1707 693 1726 esse
715 1699 845 1727 doctrina:
867 1699 948 1735 hujus

164 1743 282 1771 artifices
291 1744 395 1778 jubent.
406 1743 524 1771 Primum
535 1749 577 1772 est
588 1749 704 1779 tempus,
718 1745 790 1780 quod
802 1745 837 1773 ab
852 1735 947 1773 aucto-

165 1799 194 1817 re
208 1790 268 1825 ipso
289 1790 324 1817 sit
341 1798 511 1825 expressum,
525 1794 571 1817 aut
586 1798 618 1818 ex
635 1791 695 1825 ejus
717 1791 841 1819 oratione
859 1791 948 1827 colligi

165 1837 266 1870 possit;
286 1835 434 1863 secundum
461 1840 502 1863 est
524 1836 601 1863 locus
623 1837 689 1863 solis
708 1836 746 1863 illi
773 1837 886 1871 tempori
907 1845 949 1864 re-

165 1882 318 1916 spondens;
350 1882 460 1909 tertium
487 1887 529 1909 est
558 1882 681 1918 signiferi
706 1883 780 1910 orbis
805 1883 947 1918 particula,

165 1928 223 1955 sive
239 1928 348 1962 gradus,
366 1935 481 1962 quocum
502 1928 578 1955 stella
599 1929 687 1955 oritur
710 1933 757 1956 aut
777 1929 878 1957 occidit
893 1939 900 1957 :
915 1937 948 1957 ex

165 1982 220 2009 quo
239 1973 346 2001 demum
372 1979 477 2009 tempus
502 1974 629 2001 idoneum
657 1975 684 2002 in
709 1983 781 2002 anno
803 1982 834 2002 ac
856 1983 948 2002 mense

164 2020 300 2056 catiatur.
318 2020 355 2046 Ex
370 2020 403 2051 iis
420 2021 536 2055 primum
559 2021 609 2047 nisi
631 2027 646 2046 a
668 2021 802 2055 scriptore
828 2020 948 2048 declare-
962 2011 982 2040 (ί

164 2069 220 2096 tne,
235 2066 319 2093 certis
342 2066 508 2101 conjecturis
526 2073 558 2092 ac
574 2066 789 2093 circumstantiis
811 2066 948 2093 aestiman-

164 2113 230 2139 dum
248 2120 319 2145 esse,
335 2117 409 2139 recte
430 2112 510 2139 iidem
533 2112 570 2139 illi
596 2112 694 2139 eruditi
717 2112 840 2139 homines
855 2112 949 2139 admo-

166 2164 242 2187 uent.
269 2159 296 2186 In
312 2159 419 2186 duobus
435 2158 605 2193 explicandis
627 2159 700 2186 soleo
726 2167 780 2186 non
807 2159 948 2186 scientiam

166 2204 275 2239 quidem
292 2204 319 2230 in
335 2203 481 2238 plerisque,
495 2203 540 2237 qui
559 2208 620 2230 ante
637 2211 686 2231 nos
706 2203 757 2231 ista
774 2203 949 2230 commentati

167 2255 241 2282 sunt.
256 2250 304 2277 sed
329 2250 503 2276 attentionem
529 2249 562 2275 ad
593 2249 618 2276 id
643 2250 716 2284 quod
740 2249 907 2280 scribebant.
923 2253 950 2276 et

166 2296 227 2331 ejus
252 2295 322 2330 quod
349 2295 455 2330 egregie
480 2298 589 2324 norant.
617 2294 832 2322 recordationem
859 2294 950 2329 requi-

167 2349 237 2369 rere.
262 2340 328 2368 Nam
353 2341 379 2367 iu
406 2344 508 2367 tantam
536 2340 732 2367 absurditatem
757 2340 949 2367 nonnullorum

166 2387 275 2415 devenit
297 2386 394 2416 oratio,
411 2391 439 2412 ut
461 2393 549 2420 neque
567 2393 628 2412 cum
651 2385 802 2420 pervagatis
824 2389 949 2412 astrono-

167 2433 227 2459 mize
246 2431 405 2467 principiis,
428 2439 516 2466 neque
532 2439 595 2458 cum
609 2431 750 2458 oculorum
771 2438 803 2458 ac
821 2438 950 2458 sensuum

166 2477 345 2513 experientia,
357 2485 444 2511 neque
458 2485 549 2504 secum
564 2482 700 2512 postremo
713 2476 771 2511 ipsa
786 2476 949 2503 consentiat.

203 2524 268 2556 Qua:
288 2530 331 2549 res
346 2526 376 2548 ut
392 2530 444 2549 non
464 2522 542 2557 ipsis.
557 2523 602 2558 qui
622 2523 674 2549 ista
697 2522 842 2556 scripsere.
862 2521 951 2549 fraudi

168 2570 249 2597 fuerit
265 2569 378 2596 eruditis
393 2568 561 2598 hominibus.
578 2572 605 2596 et
626 2568 722 2595 harum
744 2568 951 2603 disciplinarum

168 2616 281 2644 scientia
306 2615 437 2650 przeditis.
453 2620 480 2641 at
495 2616 557 2642 aliis
579 2622 633 2642 non
658 2614 831 2642 mediocriter
852 2614 950 2645 obfuit,

168 2661 210 2688 vel
226 2661 315 2688 minus
333 2669 412 2695 quam
430 2661 466 2686 illi
484 2661 569 2691 fuere,
586 2661 692 2692 doctis,
710 2660 752 2687 vel
774 2668 885 2695 prorsus
901 2659 951 2686 im-

169 2706 278 2740 peritis,
302 2707 348 2740 qui
371 2706 500 2740 impetum
526 2706 558 2733 ad
582 2706 754 2733 scribendum
770 2706 829 2733 sine
847 2709 906 2732 arte
920 2712 952 2731 ac

167 2752 270 2786 judicio
282 2753 443 2783 conferunt,
458 2756 484 2779 ct
498 2759 558 2785 qua:
571 2752 641 2786 apud
657 2752 725 2779 alios
740 2755 877 2786 utcunque
891 2759 953 2786 per-

169 2802 283 2825 tractata
301 2799 423 2833 lcgerint,
441 2805 557 2833 quorum
575 2798 655 2824 rudes
672 2798 722 2832 ipsi
744 2801 818 2826 sunt.
834 2806 876 2829 ea,
893 2801 953 2825 utut

169 2852 199 2871 se
215 2844 325 2876 habent,
341 2844 367 2870 in
396 2845 638 2871 commentationes
661 2852 726 2870 suas
750 2843 951 2875 transfundere.

169 2890 205 2917 ad
222 2897 355 2918 summam
370 2890 421 2918 sibi
436 2889 566 2917 doctrina:
588 2888 685 2916 fatuam
710 2897 739 2916 ac
757 2889 868 2925 gloriam
891 2896 952 2924 per-

963 1340 985 1367 Β
999 1334 1087 1361 tinere
1109 1336 1216 1368 putant.
1241 1333 1270 1359 ln
1296 1332 1391 1359 horum
1412 1340 1493 1369 grege
1515 1333 1593 1361 facile
1609 1334 1710 1368 primas
1728 1334 1778 1362 hac

994 1383 1073 1407 aetate
1089 1379 1134 1406 ille
1154 1378 1272 1413 scriptor
1294 1378 1409 1410 obtinet,
1426 1379 1471 1413 qni
1491 1378 1628 1407 Plinianas
1654 1380 1687 1407 ad
1710 1379 1778 1407 Soli—

996 1433 1060 1452 num
1079 1424 1292 1452 exercitationes
1309 1432 1397 1459 nuper
1411 1424 1506 1451 edidit.
1523 1424 1560 1451 lbi
1580 1425 1652 1452 enim
1668 1426 1701 1455 de
1716 1430 1777 1453 ortu

995 1475 1022 1498 et
1036 1471 1136 1497 occasu
1151 1463 1270 1497 sideruui
1286 1476 1347 1495 cum
1366 1470 1503 1503 universe,
1518 1474 1576 1496 tum
1593 1474 1730 1497 certorum
1752 1475 1775 1498 et

997 1515 1156 1550 insignium,
1173 1520 1227 1541 tam
1256 1515 1341 1542 multa
1368 1515 1486 1549 scripsit,
1510 1518 1538 1542 ut
1567 1515 1663 1542 harum
1689 1523 1778 1543 rerum

996 1561 1211 1589 scientissimum
1236 1568 1266 1588 se
1285 1569 1346 1588 esse
1368 1562 1448 1596 vulgo
1475 1561 1631 1596 persuaderi
1649 1562 1778 1595 voluerit;

996 1611 1052 1634 tam
1068 1611 1158 1634 autem
1175 1606 1246 1634 foede
1261 1606 1287 1633 in
1302 1607 1429 1634 omnibus
1444 1606 1564 1639 offendit,
1579 1612 1608 1634 ut
1624 1616 1678 1635 non
1691 1612 1781 1635 tanto-

997 1659 1061 1686 pere
1089 1650 1237 1682 inscitiam,
1262 1654 1393 1685 quantum
1422 1659 1452 1679 os
1477 1651 1597 1679 hominis
1623 1652 1726 1685 mirari,
1748 1660 1780 1680 ac

998 1698 1132 1733 castigare
1154 1697 1236 1724 etiam
1258 1697 1327 1724 velle
1354 1697 1465 1729 subeat;
1488 1698 1534 1733 qui
1559 1706 1672 1733 quarum
1690 1707 1780 1725 rerum

999 1744 1120 1772 funditus
1135 1747 1209 1771 esset
1226 1751 1333 1778 expers.
1350 1743 1383 1771 de
1399 1743 1432 1771 iis
1447 1744 1622 1779 prxseribere
1636 1752 1667 1771 ac
1683 1745 1782 1773 docere

999 1790 1078 1822 alios,
1092 1790 1151 1816 sine
1163 1789 1218 1817 ullo
1231 1789 1346 1824 pudore,
1357 1789 1511 1816 tentaverit.
1525 1789 1562 1816 De
1574 1789 1653 1824 cujus
1667 1790 1783 1825 scripto-

999 1837 1037 1865 ris
1054 1838 1154 1865 erratis
1168 1836 1248 1872 paulo
1269 1840 1329 1871 post
1350 1836 1466 1863 dicetur.
1480 1836 1556 1864 Nunc
1575 1837 1618 1864 illa
1640 1843 1783 1872 pmvertaa

998 1891 1071 1915 mus,
1087 1883 1113 1909 in
1128 1883 1227 1917 quibus
1241 1890 1336 1916 parum
1353 1882 1432 1909 nobis
1454 1885 1573 1910 attentos
1587 1890 1648 1911 esse
1667 1884 1783 1910 nonnul-

999 1929 1041 1956 los
1058 1928 1181 1956 eruditos
1197 1927 1449 1955 animadvertimus.

1034 1973 1076 2001 Ad
1091 1974 1174 2001 situm
1190 1974 1257 2000 solis
1273 1974 1299 2000 in
1317 1973 1438 2006 zodiaco,
1451 1977 1477 2000 et
1489 1973 1515 2000 in
1529 1973 1622 2001 eodem
1638 1975 1782 2002 orientium

1000 2020 1141 2048 stellarum
1165 2024 1192 2046 et
1219 2019 1400 2046 occidentimn
1421 2019 1546 2054 regiones
1570 2019 1782 2055 investigandas,

1000 2066 1119 2101 primum
1128 2066 1249 2092 omnium
1269 2066 1406 2093 observari
1422 2066 1526 2097 volunt.
1541 2067 1641 2101 quibus
1650 2068 1783 2094 mensium

999 2112 1097 2140 diebus
1112 2113 1153 2140 sol
1169 2113 1323 2148 ingressum
1341 2113 1368 2139 in
1384 2112 1603 2140 dodecatemoria
1624 2114 1726 2148 singula
1744 2114 1784 2140 fa—

1000 2162 1073 2185 ceret
1089 2158 1121 2185 iis
1136 2158 1316 2192 temporibus,
1332 2158 1431 2191 quibus
1446 2161 1551 2185 veteres
1565 2158 1602 2184 illi
1619 2157 1783 2190 floruerunt;

1000 2203 1083 2238 idque
1100 2211 1132 2230 ex
1149 2203 1311 2236 Columella,
1327 2203 1424 2235 Plinio,
1443 2202 1549 2235 Ovidio,
1566 2211 1597 2230 ac
1613 2204 1717 2231 cat-teris
1729 2204 1785 2231 col-

1001 2250 1059 2285 ligi.
1083 2249 1152 2276 Tum
1178 2249 1342 2283 quibuscum
1360 2248 1463 2275 zodiaci
1482 2249 1611 2284 gradibus
1630 2254 1707 2277 ortus
1726 2249 1785 2276 illa-

1001 2303 1061 2322 rum
1092 2302 1263 2329 oocasusque
1291 2299 1491 2329 congruerent,
1516 2295 1659 2330 diligenter
1687 2295 1784 2322 notari.

1001 2341 1071 2368 llinc
1091 2341 1164 2368 enim
1189 2341 1269 2367 facile
1289 2340 1400 2374 conjici,
1418 2347 1487 2374 quos
1515 2340 1540 2367 in
1557 2340 1616 2368 dies
1631 2340 1786 2368 confercndi

1001 2387 1038 2413 illi
1049 2387 1124 2419 sint;
1138 2394 1211 2418 cum,
1226 2386 1326 2421 quibus
1341 2386 1382 2413 sol
1396 2386 1428 2412 ad
1444 2386 1655 2420 unumquodque
1680 2387 1785 2422 signum

1002 2435 1155 2469 perveniret
1183 2434 1284 2462 sacculo
1314 2434 1376 2465 illo,
1404 2434 1622 2469 cognoverimus.
1650 2433 1732 2461 Recte
1760 2433 1786 2460 id

1002 2480 1111 2515 quidem
1134 2480 1275 2507 hactenus.
1293 2478 1393 2505 Verum
1417 2479 1444 2505 in
1468 2479 1527 2506 loco
1544 2478 1611 2506 solis
1632 2478 1787 2505 deﬁniendo

1002 2534 1097 2561 parum
1117 2525 1196 2552 iidem
1216 2529 1371 2552 accuratam
1392 2525 1523 2552 rationem
1540 2529 1640 2552 tenent.
1659 2524 1725 2551 Nam
1747 2525 1788 2551 in-

1003 2577 1114 2604 gressus
1134 2570 1161 2596 in
1185 2569 1404 2596 dodecatcmoria
1420 2577 1473 2596 non
1488 2576 1520 2595 ex
1540 2569 1576 2595 rei
1600 2568 1723 2598 veritate.
1739 2567 1786 2595 sed

1003 2623 1035 2641 ex
1051 2614 1118 2641 falsa
1130 2613 1309 2648 quorumdam
1325 2617 1446 2640 veterum
1460 2613 1638 2648 persuasione
1652 2616 1784 2640 statuttnt.

1003 2661 1048 2688 Sic
1069 2661 1095 2687 in
1110 2660 1228 2688 Arietem
1241 2659 1305 2686 Julii
1319 2658 1435 2686 Cazsaris
1451 2664 1571 2694 tempore
1586 2659 1670 2686 solem
1687 2666 1720 2685 xv
1734 2657 1787 2685 Ka-

1006 2706 1098 2734 lendas
1112 2706 1189 2740 Apr..
1203 2706 1253 2732 hoc
1267 2709 1309 2732 est
1323 2704 1411 2731 Martii
1431 2713 1496 2731 xvm
1519 2705 1657 2732 iutroiisse
1669 2704 1764 2731 dicunt
1779 2713 1785 2736 ;

1007 2751 1161 2777 iuTaurum
1178 2757 1242 2777 vero
1253 2750 1354 2784 Aprilis
1368 2757 1450 2782 xvnt;
1467 2750 1493 2777 in
1504 2749 1642 2782 Geminos,
1656 2748 1716 2775 Maii
1730 2756 1787 2776 xxx.

1006 2796 1083 2828 Quod
1102 2800 1130 2822 ut
1146 2803 1193 2828 per
1210 2803 1271 2823 sese
1297 2794 1394 2822 falsum
1411 2799 1470 2826 cst,
1486 2795 1526 2821 sic
1547 2802 1580 2822 eo
1603 2795 1692 2830 posito
1716 2793 1788 2821 side-

1006 2850 1064 2870 rum
1083 2846 1158 2869 ortus
1173 2849 1342 2876 occasusque
1360 2848 1510 2880 perperam,
1527 2845 1552 2868 et
1573 2841 1668 2868 alienis
1691 2840 1787 2867 diebus

1006 2889 1103 2925 illigari
1121 2896 1233 2918 necesse
1248 2893 1300 2917 est.
1317 2887 1351 2915 l't
1365 2888 1435 2916 enim
1453 2887 1493 2915 sul
1510 2887 1535 2914 ii
1549 2887 1677 2918 Taurum,
1694 2893 1786 2913 excut-
