4036 6218
547 358 684 416 ίῗδῢ

1546 353 1637 408 AD
1671 351 1945 408 EUSElilI
1985 351 2378 410 CHRONICON
2403 350 2761 407 APPENDIX.

3640 346 3777 405 ιεἰιο

541 475 614 546 ιιιί
647 488 836 537 causa,
869 469 1100 528 subierit
1135 484 1267 524 xvnt
1298 467 1384 523 die
1415 468 1616 538 Aprilis
1637 507 1651 531 ,
1691 465 1960 538 Vergiliae,
1991 481 2112 538 qua:

2216 465 2484 537 ρουμένου
2507 482 2521 495 ·
2555 463 2588 535 ἦ
2622 463 2730 518 ἀπό
2759 479 2902 524 τινος
2926 460 3034 514 τῶν
3056 459 3548 516 συνανατιλλόντων
3579 461 3781 533 βορειο-

543 567 597 620 in
641 563 813 636 gradu
855 561 1022 616 Tauri
1059 576 1226 615 xxvttt
1268 559 1592 613 matutinum
1631 566 1809 613 ortum
1843 573 2114 629 apparen-

543 663 649 712 tem
697 655 965 709 faciebant
1008 667 1152 706 anno
1194 651 1369 721 primo
1412 647 1652 712 Juliano,
1688 649 1766 704 uti
1811 662 1978 719 supra
2017 646 2115 703 de-

544 753 905 803 monstratum
935 751 1040 808 est,
1062 750 1195 797 ortae
1218 741 1419 796 fuerint
1440 739 1562 794 Maii
1591 755 1677 805 xv,
1713 739 1794 794 vel
1829 755 1963 802 xvu,
1987 753 2113 793 cum

541 854 724 893 tamen
757 851 892 891 mn
938 835 993 889 id
1026 832 1306 889 acciderit.
1339 831 1414 886 Ita
1445 833 1638 887 diebus
1669 846 1767 886 vm
1807 831 2025 885 circiter
2058 829 2114 884 in

547 945 611 985 ea
641 929 1005 1000 descriptione
1029 933 1304 998 peccatur.
1333 922 1736 992 Ejusdemmodi
1769 930 1963 977 caetera
1987 925 2115 975 sunt

542 1023 834 1078 orientium
875 1021 1159 1076 intervalla
1207 1019 1446 1073 siderum
1481 1034 1494 1070 :
1534 1017 1587 1069 in
1628 1015 1827 1086 quibus
1874 1029 2115 1085 pronun-

543 1113 744 1169 tiandis
781 1114 848 1167 iis
876 1113 944 1167 de
976 1113 1160 1166 causis
1191 1125 1345 1165 error
1379 1108 1693 1168 intervenit,
1737 1106 1829 1177 qui
1872 1103 2115 1176 profecto

542 1204 902 1275 castigatione
945 1218 1083 1273 opus
1128 1203 1309 1256 habet.
1350 1198 1712 1264 Quamobrem
1744 1198 1809 1252 de
1841 1196 1944 1249 hac
1976 1195 2118 1248 anti-

542 1311 775 1368 quorum
815 1294 1172 1364 quorumdam
1206 1291 1482 1361 opinione,
1515 1297 1569 1343 et
1601 1304 1905 1342 annuorum
1937 1286 2117 1341 cardi-

545 1403 674 1444 num
708 1383 1068 1441 inteversione
1112 1383 1219 1437 dici
1265 1383 1369 1436 hoc
1413 1381 1534 1435 loco
1568 1394 1790 1434 necesse
1824 1387 1928 1442 est,
1958 1385 2017 1432 ut
2049 1377 2116 1432 iis

545 1477 863 1533 auctoribus
914 1472 1276 1538 illustrandis.
1323 1487 1461 1542 quos
1514 1473 1568 1526 in
1626 1471 1765 1525 hanc
1819 1471 2115 1525 editionem

545 1569 902 1638 conjecimus,
935 1563 1164 1620 Gemino
1198 1564 1522 1634 praesertim,
1558 1560 1887 1632 Hipparcho,
1936 1558 2112 1614 Ptole-

546 1675 701 1724 maeo,
731 1659 887 1713 Tatio
920 1671 1086 1728 opera
1121 1656 1225 1709 iSla
1256 1655 1478 1711 serviat.

1171 1766 1400 1825 CAPUT
1442 1767 1482 1821 I.

548 1864 626 1920 De
663 1863 1042 1935 a'quinoctiglis
1085 1871 1135 1935 et
1184 1861 1391 1935 zodiaci
1428 1858 1720 1935 partitione
1748 1874 1780 1910 a
1822 1855 2108 1920 Chaldwis,

895 1932 1162 2004 Ai‘ggptiis
1185 1948 1246 1985 ac
1269 1929 1466 1986 Gra'cis
1494 1929 1761 1984 instituta.

619 2025 736 2080 Duo
757 2034 884 2081 sunt
908 2025 1120 2090 circuli,
1157 2023 1224 2078 ad
1246 2037 1385 2091 quos
1407 2021 1683 2076 stellarum
1728 2020 1867 2076 situs
1901 2024 1957 2073 et
1982 2031 2114 2071 con-

549 2119 826 2172 versiones
872 2117 1178 2186 exiguntur,
1233 2113 1625 2183 aequinoctialis
1686 2121 1739 2166 et
1803 2107 2110 2163 zodiacus:

547 2223 614 2264 ex
657 2223 887 2278 quorum
931 2207 1221 2276 partitione
1270 2205 1550 2274 longitudo
1589 2202 1893 2263 stellarum,
1928 2214 1994 2253 ex
2031 2198 2117 2252 di-

551 2299 751 2353 stantia
807 2297 1035 2352 latitudo
1077 2278 1329 2351 sumitur.
1395 2296 1475 2350 Ac
1530 2295 1783 2349 videntur
1838 2293 1991 2362 prius
2046 2291 2114 2345 ad

547 2391 981 2462 aequinoctialem
1047 2396 1277 2460 utroque
1343 2389 1505 2444 modo
1559 2389 1730 2444 stellae
1789 2393 2116 2456 comparatae

550 2498 711 2553 quam
767 2481 835 2535 ad
891 2479 1195 2543 zodiacum,
1246 2494 1354 2534 non
1411 2479 1586 2533 solum
1635 2481 1689 2533 in
1739 2476 1966 2540 Graecia,
2021 2474 2115 2532 sed

550 2576 712 2632 etiam
744 2573 886 2644 apud
921 2571 1204 2644 Egyptios
1234 2579 1287 2627 et
1311 2571 1627 2637 Chaldaeos;
1663 2570 1861 2641 quibus
1903 2568 1985 2624 vel
2032 2568 2117 2622 in-

549 2673 711 2732 venta
756 2666 838 2720 vel
879 2663 1193 2735 diligentius
1234 2664 1447 2718 exculta
1489 2669 1890 2732 propagataque
1921 2659 1975 2713 in
2011 2674 2119 2714 ca:-

551 2764 696 2811 teros
723 2755 1052 2811 astronomia
1086 2754 1343 2810 creditur.
1370 2753 1441 2809 De
1466 2751 1670 2808 Graecis
1700 2753 1973 2807 memoria:
1998 2766 2119 2820 pro-

549 2847 722 2903 ditum
754 2853 856 2909 est,
890 2847 1123 2917 primum
1175 2846 1416 2900 omnium
1465 2843 1928 2899 Anaximandrum
1972 2841 2116 2896 Mile-

552 2936 694 2993 cium
744 2935 1117 3006 obliquitatem
1171 2933 1416 3006 signiferi
1473 2933 1897 3004 deprehendisse
1934 2930 2117 3004 Olym-

553 3026 709 3098 piade
743 3025 1192 3095 quinquagesima
1238 3032 1448 3079 octava.
1483 3022 1612 3080 Post
1644 3026 1808 3087 hunc,
1841 3025 2116 3080 Cleostra-

2212 558 2389 629 τέρων
2439 557 2473 627 ἢ
2524 555 2876 626 νοτιιιιτέρων.
2939 573 2958 604 ‹
2995 553 3070 606 Ex
3124 551 3225 606 hac
3268 553 3594 608 ascensione
3642 554 3780 607 duo-

2215 648 2443 704 decima
2499 648 2709 720 partis,
2765 647 3011 701 ultinmm
3072 645 3358 700 terminum
3419 644 3780 711 designabant

2213 740 2371 795 stella
2397 741 2653 809 quapiam
2685 735 2911 807 insigni,
2939 751 3058 806 qua:
3086 737 3136 789 in
3167 749 3233 790 eo
3265 735 3385 806 ipso
3412 736 3650 790 termino
3677 738 3780 792 sita

2211 838 2365 894 erat;
2396 829 2475 884 vel
2501 829 2568 883 ab
2593 829 2698 882 alia
2739 827 3123 890 borealiornm,
3155 827 3632 891 australiorumve,
3665 844 3780 898 qua:

2214 921 2375 976 simul
2402 928 2648 974 exortum
2682 919 2942 973 facerent.
2979 939 2998 970 ι

2284 1009 2453 1080 igitur
2480 1025 2545 1063 ex
2579 1009 2776 1066 diurna
2823 1009 3178 1065 conversione
3214 1009 3382 1068 stella:
3411 1010 3537 1064 coeli
3578 1009 3780 1064 circui-

2215 1109 2329 1156 tum
2374 1101 2655 1155 dimensos
2686 1115 2808 1154 esse
2837 1101 3026 1164 refert,
3055 1108 3216 1170 atque
3248 1099 3351 1154 hoc
3381 1100 3621 1169 spatium
3652 1099 3784 1154 duo-

2213 1193 2386 1249 decim
2432 1193 2670 1263 aequales
2723 1191 2779 1246 in
2836 1200 3015 1261 partes
3067 1191 3432 1248 distribuisse.
3485 1190 3674 1258 Quare
3723 1207 3789 1246 ex

2213 1285 2647 1348 ascensionibns,
2676 1293 2730 1340 et
2759 1299 2878 1354 qua:
2909 1291 3152 1352 tempora
3181 1291 3375 1338 vocant
3407 1282 3671 1349 artifices,
3705 1291 3786 1334 at-

2215 1391 2321 1445 que
2351 1377 2404 1430 in
2436 1375 2802 1445 aequinoctiali
2836 1374 3064 1436 circulo,
3097 1388 3206 1427 non
3251 1373 3306 1426 in
3353 1373 3580 1442 obliquo
3609 1381 3666 1428 et
3703 1389 3789 1426 zo-

2214 1469 2392 1533 diaco,
2419 1467 2983 1523 dodecatemoriorum
3030 1466 3395 1535 longitudines
3435 1466 3599 1521 initio
3642 1481 3791 1520 com-

2215 1567 2511 1630 putarunt;
2544 1559 2758 1613 tametsi
2793 1566 3195 1628 scgmentorum
3230 1559 3433 1614 limites
3461 1559 3640 1613 stellis
3675 1562 3791 1629 qui-

2216 1653 2473 1718 busdam,
2502 1653 2650 1706 velut
2675 1649 3014 1714 cardinibus,
3039 1650 3456 1722 distinguerent.
3485 1651 3604 1706 Hoc
3629 1653 3792 1705 modo

2218 1750 2494 1813 segmenta
2533 1741 2822 1796 duodecim
2855 1742 2909 1795 in
2955 1743 3178 1797 zodiaco
3210 1743 3430 1797 fuerunt
3466 1744 3791 1815 manualia;

2213 1836 2267 1890 in
2289 1833 2651 1904 aequinoctiali
2685 1842 2861 1888 autem
2912 1834 3178 1903 aequalia,
3233 1843 3427 1889 contra
3478 1850 3546 1890 ac
3601 1845 3791 1905 postea

2215 1925 2418 1981 factum
2451 1936 2553 1980 est.
2585 1924 2719 1978 Nam
2765 1923 2925 1980 hodie
2969 1924 3404 1980 dodecatemoria
3457 1927 3511 1981 in
3565 1927 3791 1982 zodiaco

2213 2018 2421 2072 circulo
2453 2023 2582 2072 sunt
2623 2016 2874 2086 aequalia,
2907 2027 3014 2070 tam
3049 2018 3102 2071 in
3126 2024 3299 2081 recto,
3332 2032 3498 2087 quam
3551 2019 3606 2072 in
3656 2020 3792 2072 ohli-

2213 2123 2320 2178 quo
2349 2108 2473 2163 coeli
2503 2108 2716 2178 positu;
2749 2107 2803 2160 in
2832 2107 3220 2176 aequinoctiali,
3253 2117 3475 2178 propter
3502 2111 3790 2165 ascensio-

2213 2215 2342 2254 nnm
2371 2199 2762 2262 diversitatem,
2794 2199 3084 2269 utrobique
3133 2209 3262 2255 sunt
3311 2200 3544 2270 majora,
3577 2204 3664 2254 vel
3693 2205 3789 2255 mi-

2215 2307 2370 2347 nora.
2397 2289 2724 2360 Quanquam
2747 2289 2910 2346 Picus
2935 2287 3346 2346 Mirandulanus
3375 2291 3470 2346 lib.
3500 2291 3563 2344 Vl
3590 2291 3789 2348 Contra

2215 2381 2402 2434 astrol.
2443 2395 2564 2450 cap.
2595 2379 2678 2444 \I,
2711 2378 2995 2434 Chaldaeos
3027 2380 3100 2434 ait
3131 2379 3303 2450 signis
3341 2395 3471 2435 usos
3499 2397 3608 2436 non
3639 2398 3785 2442 esse.

2215 2471 2310 2526 sed
2353 2471 2704 2541 imaginibus.
2757 2471 2861 2527 Sed
2906 2470 3264 2528 nihilominus
3302 2473 3647 2541 inaequalitas
3697 2475 3786 2528 illa

2215 2565 2548 2620 constiterit.
2588 2562 2868 2635 Siquidem
2921 2565 3217 2635 imagines,
3264 2565 3380 2620 sive
3419 2565 3595 2620 octavi
3636 2567 3788 2621 orbis

2217 2664 2495 2727 segmenta
2528 2657 2692 2710 certis
2718 2657 2975 2711 distincta
3007 2657 3279 2712 sideribus
3321 2657 3611 2728 inaequalia
3637 2668 3784 2720 sunt.

2216 2755 2276 2801 ut
2302 2747 2409 2800 alia
2444 2745 2943 2802 dodecatemorinm
2976 2763 3134 2803 suum
3181 2763 3287 2802 non
3330 2749 3612 2820 impleant,
3643 2752 3787 2805 velut

2215 2837 2461 2901 Cancer;
2507 2837 2772 2892 excedant
2799 2839 2926 2902 alia,
2958 2848 3012 2893 et
3052 2841 3108 2893 in
3152 2841 3330 2894 vicina
3370 2841 3702 2903 redundent,
3731 2851 3789 2898 ut

2220 2927 2345 2993 Leo,
2378 2929 2609 2985 testibus
2639 2925 2947 3000 Hipparcho
2989 2942 3043 2986 et
3080 2931 3326 2989 Gemino.
3360 2933 3465 2988 Sed
3505 2950 3588 2989 ea:
3627 2933 3787 2988 Chal-

2216 3020 2454 3076 decorum
2491 3029 2546 3076 et
2596 3021 2974 3093 [Egyptiorum
3022 3023 3284 3094 imagines
3313 3041 3341 3079 a
3372 3026 3610 3096 vulgatis
3650 3025 3790 3081 Grae-

551 3125 666 3171 tum
695 3115 990 3170 Tenedium
1028 3117 1181 3185 signa
1225 3116 1277 3169 in
1314 3116 1444 3171 orbe
1479 3117 1572 3170 illo
1605 3115 1891 3186 reperisse,
1923 3123 1978 3170 et
2005 3115 2116 3186 pri-
2143 3156 2185 3214 ο
2219 3127 2428 3176 eorum,
2458 3123 2510 3168 et
2540 3113 2808 3184 hodieque
2840 3117 3149 3186 pervagatis
3183 3116 3410 3172 diversae
3451 3117 3701 3184 fuerunt,
3732 3129 3787 3173 ut

551 3221 639 3260 ma
669 3206 866 3261 Arietis
911 3220 975 3260 ac
1008 3204 1309 3276 Sagittarii,
1357 3214 1414 3259 ut
1437 3206 1626 3261 scribit
1663 3204 1872 3262 Plinius
1917 3206 2012 3260 lib.
2045 3204 2112 3270 ll,

551 3313 673 3368 cap.
709 3294 838 3351 VIII.
864 3297 1030 3352 Addit
1059 3296 1300 3368 Hyginus
1333 3297 1428 3352 lib.
1471 3297 1513 3351 II
1543 3297 1619 3352 De
1644 3299 1966 3352 astronomia
1994 3315 2116 3369 poe-

563 3388 678 3452 .ica,
711 3402 831 3458 cap.
863 3386 930 3442 de
963 3386 1258 3451 Heniocho,
1292 3387 1455 3442 etiam
1505 3385 1705 3444 Ilmdos
1751 3389 1820 3444 ab
1867 3389 1959 3444 illo
2006 3388 2116 3459 pri-

554 3494 700 3534 mum
729 3487 946 3534 notatos
976 3480 1030 3533 in
1057 3481 1217 3535 caelo.

623 3569 780 3639 Apud
816 3569 1098 3627 Chaldaeos
1132 3579 1312 3626 autem
1367 3569 1758 3643 )Egyptiosque
1805 3571 1944 3626 ratio
1991 3588 2117 3642 par-

553 3659 721 3715 tiendi
748 3676 868 3730 quae
893 3660 1076 3725 fuerit,
1107 3661 1348 3716 declarat
1372 3662 1572 3717 Sextus
1597 3661 1902 3733 Empiricus
1925 3662 2019 3716 lib.
2050 3663 2113 3718 V.

552 3749 688 3806 Nam
723 3751 843 3808 illos
873 3754 946 3806 ait
976 3753 1241 3824 insignem
1277 3755 1509 3823 aliquam
1543 3754 1753 3808 stellam
1795 3753 1850 3806 in
1893 3754 2117 3807 zodiaco

551 3847 888 3918 designasse,
911 3846 1070 3914 cujus
1097 3862 1164 3900 ex
1196 3848 1574 3912 conversione,
1602 3855 1656 3900 et
1683 3846 2116 3900 ἀποκαταστάσει

551 3938 620 3992 ad
656 3939 905 3992 eumdem
953 3939 1154 4000 locum,
1190 3939 1433 3993 caelestis
1469 3938 1733 3993 circui'ns
1776 3937 2116 3992 intervallum

549 4027 909 4095 definierunt;
945 4030 1079 4082 Ἕνα
1115 4027 1237 4083 τινὰ
1261 4029 1368 4082 τῶν
1400 4030 1457 4082 ὲν
1484 4029 1561 4100 τῷ
1595 4029 1842 4100 ζωδιακῷ
1871 4029 2118 4100 λαμπρὸν

551 4118 753 4190 ἀστέρα
776 4121 1258 4192 παρατηρήσαντες
1287 4119 1641 4174 ἀνατέλλοντα
1674 4121 1720 4173 οἱ
1757 4120 1943 4185 πάλαι,
1975 4132 2114 4185 etc.;

555 4210 645 4264 ubi
669 4220 722 4265 et
746 4211 965 4264 modum
987 4211 1218 4280 explicat
1237 4226 1344 4280 quo
1363 4211 1618 4266 zodiacus
1643 4211 1924 4266 duodecim
1950 4211 2120 4266 tribu-

552 4309 644 4357 tns
673 4304 725 4356 in
756 4311 956 4372 partes,
987 4318 1050 4356 ac
1083 4311 1189 4356 tam
1229 4303 1400 4372 ipsius
1433 4319 1592 4374 quam
1645 4304 1980 4374 singulorum
2028 4320 2116 4359 se-

548 4401 890 4466 gmentornm
915 4402 1177 4464 tempora,
1196 4392 1292 4446 hoc
1312 4401 1395 4447 est
1411 4393 1695 4466 ἀναφοραί,
1721 4395 1833 4450 sive
1852 4396 2121 4450 ascensio-
2146 4451 2152 4455 _

2221 3203 2460 3261 Achilles
2493 3204 2684 3261 Tatius
2707 3208 2760 3260 in
2789 3208 2937 3261 calce
2965 3205 3388 3279 Prolegomenon
3413 3219 3674 3265 testatur.

2295 3290 2419 3346 Haec
2467 3294 2608 3362 apud
2644 3294 2923 3350 Chaldaeos
2962 3305 3016 3352 et
3066 3295 3350 3368 .‘Egyptios
3395 3298 3613 3354 zodiaci
3665 3308 3786 3353 nata

2219 3380 2417 3438 divisio
2446 3387 2646 3450 serius,
2682 3387 2760 3440 uti
2792 3386 2995 3441 dictum
3022 3395 3125 3452 est,
3152 3389 3386 3458 pervasit
3411 3389 3466 3443 in
3497 3388 3786 3446 Graeciam.

2217 3471 2402 3543 Neque
2431 3489 2558 3529 vero
2591 3491 2714 3529 cum
2755 3475 3004 3530 duodena
3037 3477 3140 3531 ista
3169 3478 3465 3547 partitione
3494 3481 3682 3534 statim
3712 3481 3790 3533 al-

2217 3569 2335 3618 tera
2378 3565 2679 3633 processit,
2735 3582 2856 3634 qua:
2905 3577 3178 3636 segmenta
3233 3568 3448 3638 singula
3495 3571 3690 3624 tribuit
3735 3575 3786 3625 in

2219 3660 2404 3724 partes
2435 3654 2678 3725 triginta.
2727 3655 2806 3709 Ac
2853 3655 3086 3710 diversa:
3127 3655 3415 3711 admodum
3467 3660 3614 3729 apud
3654 3661 3790 3714 anti-

2219 3760 2379 3816 quos,
2415 3747 2647 3801 maxime
2699 3746 2939 3811 Graecos,
2991 3747 3284 3805 divisiones
3335 3751 3604 3806 instituta:
3643 3763 3785 3809 sunt.

2220 3836 2262 3891 E
2289 3838 2489 3908 quibus
2521 3839 2874 3894 celeberrima
2898 3839 2998 3894 fuit
3027 3855 3112 3904 ea,
3139 3857 3260 3911 qua:
3287 3842 3524 3898 circulos
3558 3845 3614 3898 in
3643 3860 3790 3899 seno

2219 3945 2385 4001 genas
2428 3939 2611 4000 partes
2669 3930 2952 3985 distribuit
3006 3951 3020 3988 :
3071 3933 3230 4003 cujus
3295 3934 3539 3988 meminit
3594 3935 3789 3990 Strabo

2221 4021 2314 4075 lib.
2362 4020 2426 4087 ll,
2467 4020 2559 4075 ubi
2609 4023 3044 4092 aequinoctialem
3102 4024 3155 4078 in
3211 4025 3436 4079 totidem
3488 4025 3787 4088 dividit,et

2218 4112 2456 4168 Achilles
2497 4111 2684 4169 Tatius
2731 4115 2786 4167 in
2812 4111 3112 4185 Prolegom.
3142 4131 3260 4187 cap.
3299 4115 3497 4186 XXVI;
3543 4118 3782 4189 Hyginus

2217 4203 2312 4259 lib.
2379 4203 2400 4257 l
2453 4204 2826 4274 [Astronomiw
2903 4216 3040 4275 poet.
3115 4224 3234 4278 cap.
3303 4209 3370 4264 de
3467 4211 3782 4280 figuratione

2219 4296 2554 4352 circulorum
2610 4299 2837 4367 sphaerae
2889 4320 2900 4355 :
2955 4317 2973 4348 ι
3008 4298 3065 4353 1η
3130 4301 3354 4368 triginta
3404 4310 3615 4370 partes,
3666 4302 3777 4362 ait,

2221 4389 2652 4459 unumquodque
2697 4390 3129 4460 hemisphmrium
3173 4390 3446 4457 dividitur,
3483 4394 3554 4446 ita
3586 4392 3660 4446 uti
3699 4393 3783 4446 di-

551 4501 652 4543 nes
685 4487 994 4541 constitutaa
1024 4493 1169 4540 sunt.
1207 4485 1362 4550 Quod
1390 4500 1454 4539 ex
1485 4501 1550 4538 eo
1579 4494 1798 4541 auctore
1829 4486 2120 4556 descripsit
2149 4500 2193 4555 ι)
2218 4481 2431 4537 men‘sio
2476 4481 2779 4552 significari
2829 4483 3078 4538 videatur
3107 4483 3162 4538 in
3197 4492 3309 4538 tota
3352 4484 3560 4553 sphazra
3594 4501 3689 4554 per
3716 4500 3781 4538 ιι

553 4577 862 4632 Macrobius
906 4577 1003 4633 lib.
1045 4575 1084 4640 ι,
1120 4577 1175 4631 in
1218 4575 1399 4630 Somn.
1433 4574 1573 4644 Scip.
1607 4576 1782 4646 Caput
1817 4576 1963 4632 illius
1984 4585 2068 4632 est
2098 4596 2110 4632 :

552 4669 848 4733 Chaldaeis,
903 4670 995 4740 qui
1052 4679 1177 4723 ante
1205 4667 1505 4722 duodcnam
1537 4668 1878 4738 partitionem
1911 4677 2116 4739 septem

555 4759 608 4815 in
632 4761 772 4817 caelo
790 4775 975 4831 sparsa
999 4761 1174 4816 sidera
1195 4767 1463 4822 notarent,
1487 4760 1752 4830 placuisse
1775 4768 1960 4830 postea
1977 4762 2114 4816 duo-

551 4854 725 4908 decim
745 4854 798 4908 in
817 4860 1000 4924 partes
1017 4859 1187 4907 totum
1205 4851 1466 4906 dividere.
1485 4852 1653 4924 Igitur
1671 4852 2005 4923 splendidam
2025 4850 2118 4906 ali-

550 4959 711 5015 quam
726 4944 934 4999 stellam
949 4959 1042 5001 eos
1054 4944 1560 5012 observasse,cujns
1573 4945 1641 4998 ab
1653 4951 1772 4999 ortu
1789 4944 1852 4998 ad
1866 4943 2114 4999 eumdem

552 5042 731 5090 ortum
759 5035 1166 5090 conversionem
1204 5036 1270 5091 ad
1309 5035 1646 5106 clepsydram
1691 5034 1920 5089 dimensi
1966 5041 2110 5090 sunt.

552 5125 827 5193 Quantum
851 5141 1006 5196 aqua:
1029 5128 1082 5181 in
1109 5127 1410 5198 subjectum
1435 5142 1531 5180 vas
1554 5125 1794 5180 stillatim
1820 5125 2113 5190 deciderat,

552 5217 716 5286 hujus
745 5216 961 5270 unciam
991 5215 1056 5270 ad
1091 5217 1412 5273 metiendam
1443 5217 1778 5272 duodecimae
1811 5217 1980 5286 partis
2008 5219 2118 5272 cir-

553 5309 660 5364 culi
688 5309 960 5381 ἁναφοράν
989 5319 1367 5380 sumpserunt;
1403 5325 1633 5380 eamque
1676 5319 1882 5379 partem
1916 5310 2116 5364 illustri

555 5400 734 5470 aliqua
777 5401 932 5457 stella
967 5403 1349 5467 terminarunt,
1380 5417 1499 5472 qua:
1543 5410 1636 5455 aut
1668 5401 1723 5455 in
1754 5416 1820 5457 eo
1856 5401 1974 5470 ipso
2005 5402 2114 5454 cir-

556 5492 663 5546 culi
695 5495 812 5548 loco
843 5492 1177 5564 deprehensa
1219 5494 1310 5555 sit.
1343 5501 1435 5548 ant
1475 5493 1614 5549 idem
1646 5501 1860 5566 tempus
1888 5492 2117 5548 habebat

555 5581 763 5638 oriendi
785 5601 798 5638 :
827 5583 922 5636 Ἐκ
943 5584 1146 5653 ταύτης
1166 5584 1264 5654 τῆς
1286 5585 1563 5654 ἀναφορᾶς
1588 5583 1685 5654 (ait
1715 5581 1957 5652 Sextus),
1975 5582 2116 5654 φημὶ

553 5673 610 5727 δὲ
659 5672 751 5727 τοῦ
797 5673 1284 5746 δωδεκατημορίου,
1335 5675 1396 5728 τὸ
1438 5673 1736 5727 τελευταῖον
1789 5673 1958 5745 πέρας
1990 5676 2117 5744 ἐση-

559 5765 808 5837 μειοῦντο
839 5764 945 5820 ἀπὸ
961 5766 1188 5838 ἀστέρος
1205 5765 1346 5828 τινὸς
1363 5766 1654 5834 ἐπιφανοῦς
1675 5767 1794 5819 κατ’
1824 5765 1952 5819 αὐτὸ
1983 5764 2116 5819 θεω-

2217 4582 2405 4645 partes
2457 4573 2620 4630 facta.
2670 4593 2688 4626 ι
2747 4574 2860 4629 lloc
2909 4573 3070 4629 modo
3117 4575 3273 4644 signo
3325 4575 3547 4629 cuilibet
3601 4583 3786 4644 partes

2213 4665 2477 4736 quinque.
2525 4667 2777 4737 partibus
2819 4667 3050 4736 singulis
3093 4682 3185 4722 sex
3214 4666 3415 4736 gradus
3445 4675 3781 4736 competunt.

2215 4755 2393 4811 Aliter
2420 4756 2746 4814 Posidonius
2775 4757 2918 4827 apud
2951 4756 3292 4813 Cleomedem
3334 4757 3426 4811 lib.
3460 4757 3501 4823 I,
3529 4774 3650 4828 cap.
3689 4757 3783 4820 Ix.

2216 4847 2541 4920 signiferum
2567 4858 2738 4905 totum
2772 4850 2826 4904 in
2853 4865 3018 4904 XLVIII
3054 4857 3235 4920 partes
3272 4849 3578 4914 dividebat,
3615 4850 3786 4904 dode-

2216 4944 2550 4998 catemorion
2617 4943 2871 5014 quodque
2944 4941 3338 5013 quadrifariam
3405 4958 3619 4998 secans.
3674 4944 3786 4998 Alii

2217 5049 2383 5106 porro
2425 5033 2860 5088 dodecatemorio
2911 5034 3104 5102 quovis
3158 5035 3212 5088 in
3259 5035 3543 5090 duodecim
3596 5044 3786 5105 partes

2217 5122 2354 5175 alias
2379 5119 2576 5182 diviso,
2609 5129 2781 5176 totum
2814 5123 3096 5177 zodiacum
3129 5123 3182 5178 in
3211 5139 3370 5179 cum
3394 5125 3576 5194 partiti
3606 5135 3738 5180 sunt
3766 5166 3783 5188 .

2218 5222 2280 5268 ut
2318 5211 2514 5267 Sextus
2541 5212 2844 5284 Empiricus
2872 5213 3033 5269 docet
3063 5215 3218 5270 initio
3244 5217 3369 5270 libri
3396 5215 3460 5273 ν.

2287 5306 2526 5360 Tandem
2559 5321 2625 5360 eo
2651 5321 2938 5376 progressa
2971 5323 3058 5362 res
3084 5315 3187 5370 est,
3213 5319 3270 5362 nt
3302 5317 3412 5362 tam
3433 5309 3786 5379 aequinocti'p

2218 5398 2305 5460 lis,
2333 5412 2493 5467 quam
2526 5396 2750 5467 signifer
2781 5397 3024 5453 circulus
3055 5400 3106 5452 in
3141 5398 3429 5454 duodecim
3465 5407 3665 5470 partes,
3700 5416 3784 5453 ea:

2217 5489 2270 5543 in
2314 5489 2533 5557 triginta
2577 5489 2885 5542 minutatim
2927 5499 3261 5554 secarentnr,
3289 5499 3347 5544 ut
3380 5492 3432 5544 in
3460 5499 3573 5546 tom
3603 5492 3781 5545 cirru-

2218 5579 2269 5633 lo
2319 5592 2484 5632 cccu
2518 5588 2813 5633 numeratae
2848 5579 2991 5644 sint;
3022 5578 3362 5636 duodecimis
3409 5598 3624 5652 quoque
3656 5597 3777 5650 par-

2219 5672 2359 5728 tibus
2387 5674 2670 5742 utriusque
2695 5673 2885 5727 circuli
2919 5673 3136 5728 nomina
3169 5673 3236 5728 de
3266 5675 3496 5729 stellatis
3527 5674 3778 5745 imagini-

2217 5764 2319 5819 bus
2367 5765 2535 5818 indita
2571 5771 2698 5820 sunt
2730 5783 2744 5820 ;
2779 5780 2896 5836 qua:
2936 5771 3046 5817 tum
3086 5764 3332 5821 videlicet
3368 5767 3424 5821 in
3462 5765 3567 5820 illis
3597 5763 3778 5822 canti-
