2018 3109
151 169 218 198 ΒΜ

560 168 786 197 DlSSEBTATlO
805 168 848 196 DE
867 167 960 196 ORTU
980 167 1024 196 ET
1041 168 1174 200 OCCASU
1194 169 1354 200 SIDERUM.

1691 170 1760 198 lati

151 226 296 259 ncbautur,
318 226 423 255 tametsi
446 230 539 262 postea
566 226 672 262 longius
698 228 738 259 εἰς
759 226 794 254 τὰ
812 226 930 262 ἑπόμενα
946 227 965 256 Α
982 227 1069 261 polos,
1086 233 1114 256 et
1137 228 1305 257 tricesimum
1325 235 1460 264 quemque
1471 227 1583 264 gradum
1598 230 1758 261 transeunt;

152 272 370 309 progressionem
387 271 510 299 fecerint.
526 272 564 300 Ac
578 273 713 309 principio
728 274 847 309 quidem,
861 281 929 301 non-

150 318 216 345 dum
231 318 306 345 orbis
322 316 443 345 stelliferi
457 318 634 346 conversione
649 319 769 354 cognita,
781 318 931 354 simplicior

150 355 211 390 erat
235 363 407 390 astronomiae
434 363 513 390 ratio.
540 364 617 392 Unus
644 365 715 391 enim
742 364 930 391 tantummodo

149 415 213 434 cum
240 407 421 442 aequinoctiali
447 409 574 437 zodiacus
604 409 754 437 habebatur
775 410 802 437 in
833 414 929 437 octavo

149 455 230 486 cutio,
247 454 319 489 quod
337 459 364 482 et
383 455 517 483 sideribus
540 456 726 492 distinguitur.
741 456 769 483 id
786 455 857 484 enim
877 456 930 492 pri-

149 508 234 532 mum,
257 501 329 535 quod
357 506 464 533 vocant,
488 502 587 530 mobile
612 502 683 537 apud
713 502 839 537 antiquos
866 502 926 530 fuit.

149 545 215 573 Post
237 545 408 581 Hipparchus
433 548 533 574 moveri
557 547 584 574 in
610 548 803 582 consequentia
828 548 927 575 cmlum

149 591 215 619 illud
228 591 434 624 animadvertit;
453 592 532 627 idque
542 592 702 620 Ptolemaeus
715 592 812 620 deinde
826 593 928 621 certius

149 638 319 673 approbavit.
335 637 435 665 Exinde
449 646 513 673 ergo
527 638 623 673 duplex
638 639 764 666 zodiacus
776 639 810 666 ab
821 638 927 666 artifici-

147 684 200 711 bus
215 684 343 719 distingui
357 688 462 719 cceptus
477 689 518 712 est
529 694 537 712 :
547 692 660 720 quorum
676 685 742 713 alter
756 692 808 712 uno
822 685 928 720 simpli-

148 729 227 764 cique
250 734 325 756 motu
342 730 459 764 praadita:
481 730 592 765 spluera:
614 730 731 758 tributus
753 734 804 763 est,
822 730 849 756 in
872 737 926 765 quo

147 775 215 803 nulli
236 775 370 802 asterismi
387 779 465 808 sunt;
490 775 603 811 ejusque
628 776 762 803 sectiones
780 774 875 803 iisdem
897 775 925 802 in

146 819 427 848 dodecatemoriorum
444 819 552 856 punctis
571 829 632 848 cum
658 821 838 856 :equinoctiali
864 828 925 856 per-

147 868 229 903 petuo
245 865 328 898 fiunt;
344 866 412 892 alter
427 866 451 893 ei
466 866 622 901 suppositus
647 866 673 893 in
696 866 761 893 orbe
783 865 922 897 stellifero,

981 274 1022 301 vel
1049 276 1077 301 in
1107 275 1236 308 zodiaco,
1271 276 1348 303 initio
1381 275 1472 303 itidem
1506 274 1541 302 ab
1570 275 1760 304 intersectione

981 327 1065 347 verna
1092 325 1216 356 sumpto,
1256 329 1288 349 ac
1318 329 1366 357 per
1389 321 1467 358 polos
1497 321 1617 352 zodiaci.
1647 320 1760 356 ejusque

980 365 1148 393 tricesimum
1186 373 1321 401 quemque
1355 366 1467 401 gradum
1505 365 1657 393 absolutum
1698 372 1760 400 per-

980 411 1069 439 ductis
1088 412 1198 439 circulis
1220 412 1356 439 maximis.
1376 411 1500 438 Latitudo
1523 418 1630 445 quoque
1655 410 1696 437 vel
1715 413 1758 438 est

980 456 1064 484 stella:
1090 457 1125 483 ab
1150 457 1334 492 mquinocliali
1364 457 1508 489 distantia;
1537 464 1617 492 quam
1648 456 1758 483 metitur

979 508 1061 528 arcus
1086 502 1183 533 coluri,
1208 502 1265 529 sive
1288 502 1399 530 maximi
1423 502 1515 530 circuli
1537 509 1553 529 a
1575 501 1637 537 polo
1661 500 1755 528 tnundi

978 555 1028 582 per
1044 553 1168 575 centrum
1185 548 1270 576 stella.-
1281 549 1314 575 ad
1327 548 1540 583 aequinoctialem
1553 547 1675 583 producti
1688 548 1755 575 stel-

978 593 1031 620 lam
1051 593 1121 620 inter
1148 597 1175 621 et
1196 593 1410 628 utquinoctialem
1436 592 1608 627 interjectus;
1624 592 1666 619 vel
1685 591 1757 626 ejus-

977 639 1038 667 dem
1070 639 1154 667 stellaa
1177 643 1219 667 est
1241 647 1256 666 a
1283 639 1395 667 zodiaco
1417 639 1562 671 distantia;
1590 637 1647 665 sive
1674 644 1755 665 arcus

977 684 1088 710 maximi
1103 684 1200 711 circuli
1218 691 1266 719 per
1276 684 1353 718 polos
1371 683 1473 711 zodiaci
1492 682 1667 714 transeuntis,
1684 681 1754 708 inter

976 730 1082 757 stellam
1099 729 1258 764 interjectus
1271 733 1297 756 et
1312 729 1462 756 zodiacum.
1483 727 1604 762 Utroque
1623 726 1702 753 modo
1718 726 1754 753 la-

976 775 1121 802 titudinem
1138 776 1286 809 praesertim
1302 774 1439 802 deﬁniisse
1455 779 1559 801 veteres
1574 780 1690 810 sequens
1705 780 1753 800 ca-

977 826 1026 857 put
1040 822 1175 849 ostendet.
1191 821 1258 848 Nam
1281 821 1314 848 de
1339 820 1504 856 longitudine
1526 820 1615 847 minus
1634 822 1751 851 constat,

975 866 1072 901 ecquid
1090 873 1122 893 ea
1135 865 1284 893 secundum
1299 865 1437 892 zodiacum
1451 864 1485 892 ab
1499 864 1553 892 illis
1564 868 1641 899 capta
1655 864 1750 896 fuerit;

146 910 227 945 cujus
245 910 466 939 intersectionum
489 917 586 946 puncta
610 912 662 938 alia
683 915 764 946 atque
785 911 837 937 alia
857 914 922 938 sunt
938 899 959 926 Β
974 899 1036 939 cum
1053 913 1080 939 in
1095 911 1275 947 aequinoctiali
1290 912 1392 939 circulo
1409 914 1590 946 computatam
1606 910 1700 943 fuisse,
1716 917 1752 938 ex

144 957 186 987 εις
203 956 237 983 τὰ
256 956 456 992 προηγούμενα,
474 965 505 985 ac
516 956 608 990 ζὼδια,
621 958 677 984 sive
699 957 843 987 asterismi,
855 964 922 991 pau-

146 1002 221 1029 lat-im
238 1003 278 1034 εις
296 1003 330 1029 τὰ
349 1003 468 1039 ἑπόμενα
491 1004 625 1035 nituntur,
647 1007 727 1038 atque
747 1010 762 1029 a
786 1002 922 1038 cognomi-

144 1047 227 1075 nibus
238 1048 288 1075 sibi
302 1048 527 1076 dodecatemoriis
545 1049 650 1084 longius
663 1049 823 1077 abscedunt.

180 1092 245 1121 Post
260 1093 316 1121 hazc
336 1102 422 1122 novus
442 1094 469 1121 in
488 1095 638 1122 cmlestium
655 1096 760 1122 orbium
776 1098 921 1131 systcmate

143 1143 235 1167 motus
261 1140 386 1168 inventus
409 1144 460 1172 est,
492 1140 641 1168 secundum
667 1149 747 1176 quem
780 1141 918 1173 zodiacus,

142 1185 201 1213 sive
222 1185 347 1220 ecliptica
365 1186 494 1221 majorem
513 1186 677 1214 minoremve
691 1186 771 1213 habet
787 1186 820 1213 ab
831 1193 919 1221 a‘qua-

142 1235 201 1258 tore
219 1231 376 1258 distantiam
399 1235 425 1258 et
446 1231 632 1266 obliquitatem
651 1240 658 1258 :
675 1239 708 1259 ex
726 1238 780 1266 quo
796 1231 919 1258 stellatus

142 1277 217 1304 orbis
234 1276 268 1304 ab
285 1281 378 1304 austro
393 1278 419 1304 in
438 1277 634 1312 septentriones
656 1277 786 1311 torqueri,
802 1280 829 1303 et
846 1283 860 1302 a
876 1283 933 1303 sev

142 1323 343 1358 ptentrionibus
359 1324 391 1349 ad
405 1327 526 1349 austrum
541 1322 640 1350 reflecti
654 1321 773 1349 creditus
783 1326 834 1349 est.
849 1321 918 1348 Hinc

141 1369 224 1404 igitur
256 1369 352 1396 tertius
383 1368 490 1395 additus
529 1372 571 1395 est
603 1367 731 1395 zodiacus
772 1367 919 1401 interjectae

141 1413 263 1448 sphaerae.
279 1413 357 1447 cujus
372 1413 479 1448 propria
501 1417 543 1440 est
564 1413 609 1440 illa
627 1412 744 1444 libratio,
760 1414 805 1447 qui
823 1413 857 1439 ab
869 1420 916 1439 zo-

140 1459 219 1486 diaco
236 1459 314 1494 primi
335 1459 443 1486 mobilis
467 1458 605 1493 paululum
628 1459 745 1485 declinat
761 1458 794 1485 ad
814 1458 917 1493 aquilo-

140 1512 201 1531 nem
233 1508 280 1531 aut
303 1504 459 1535 meridiem,
482 1511 514 1531 ac
542 1504 593 1531 sibi
620 1504 741 1538 proxime
765 1504 915 1538 subjectum

139 1551 233 1578 eadem
249 1551 395 1585 agitatione
411 1554 581 1585 contorquet.
604 1550 655 1577 Sed
674 1558 707 1577 eo
723 1550 914 1585 praetermisso,

139 1596 268 1632 quoniam
291 1596 393 1623 veteris
411 1596 543 1623 duntaxat
562 1596 736 1623 astronomiae
755 1596 823 1622 ratio
839 1595 883 1622 hic
902 1603 916 1622 a

139 1643 219 1671 nobis
245 1642 363 1672 ducitur,
381 1641 482 1676 duplici
510 1641 622 1669 zodiaco
646 1641 765 1669 contenti
789 1641 915 1669 erimus:

139 1696 256 1724 quorum
271 1688 339 1716 alter
352 1688 431 1723 primi
448 1689 509 1716 casli
523 1688 668 1723 pecriliaris
685 1690 805 1715 eamdem
823 1695 918 1722 perpe-

139 1738 186 1761 tuo
213 1733 420 1761 declinationem
461 1734 496 1761 ab
529 1738 681 1769 azquatore,
712 1737 739 1761 et
766 1733 792 1760 in
823 1733 915 1760 eodem

139 1786 241 1816 puncto
263 1780 411 1808 sectionem
435 1779 557 1811 obtinet;
581 1780 648 1806 alter
665 1779 794 1806 continuo
809 1778 835 1805 in
852 1786 917 1805 con-

139 1826 278 1861 sequentia
305 1832 449 1861 progressu
475 1825 596 1852 stellatas
619 1824 750 1859 imagines
767 1823 865 1855 defert.
885 1830 917 1850 ac

138 1877 192 1900 tam
214 1872 350 1900 set-tiones
372 1879 433 1899 cum
457 1875 594 1906 mquatore
613 1870 674 1898 aliis
698 1874 779 1907 atque
804 1870 865 1897 aliis
887 1870 916 1898 in

139 1919 246 1954 punctis
261 1919 335 1950 facit,
351 1925 432 1953 quam
447 1917 665 1945 dodecatemoria
682 1917 740 1952 ipsa
756 1920 915 1946 commutat,

137 1965 271 1992 Caeterum
284 1971 346 1991 cum
365 1963 398 1990 de
419 1963 530 1991 zodiaca
555 1962 669 1997 ejusque
684 1961 840 1998 segmentis,
856 1968 916 1997 qua:

138 2011 215 2045 signa
232 2010 371 2039 dicuntur,
386 2009 508 2036 absolute
521 2009 667 2043 loquimur,
682 2009 799 2042 priorem
816 2007 916 2035 intelli-

136 2057 226 2093 gimus
241 2060 463 2090 Constantemque
477 2055 586 2082 mobilis
606 2055 697 2089 primi,
708 2055 750 2081 vel
764 2054 789 2082 ei
804 2062 916 2089 respon-

136 2104 243 2130 dentem
259 2102 286 2129 in
301 2106 395 2128 octava
415 2101 518 2136 sphera
545 2101 695 2128 zodiacum.
716 2100 773 2128 Hoc
792 2103 863 2129 enim
886 2102 914 2129 in

136 2150 185 2176 ista
204 2149 277 2176 omni
292 2148 416 2176 doctrina
435 2148 499 2175 sciri
525 2149 651 2175 convenit
677 2148 808 2184 quidquid
825 2149 851 2175 in
868 2156 914 2183 su-

135 2195 288 2231 perioribus
315 2194 428 2230 splia’ris
462 2194 626 2221 circulorum
659 2198 913 2230 segmentorumque

976 958 1131 994 Hipparcho
1143 959 1267 994 sequenti
1281 960 1367 993 capite
1382 958 1535 993 colligatur.

1008 1003 1074 1032 Post
1095 1004 1269 1032 Ptolemamm
1291 1003 1473 1039 longitudines
1495 1002 1634 1030 stellarttm
1652 1009 1750 1030 secun-

974 1049 1037 1076 dum
1057 1049 1197 1077 zodiacum
1216 1053 1316 1084 putata:
1338 1053 1401 1076 sunt
1418 1059 1423 1076 :
1442 1055 1555 1083 quarum
1575 1048 1749 1075 ascensiones

972 1094 1168 1129 rectaavprioris
1184 1095 1291 1130 generis
1304 1095 1484 1130 longitudines
1497 1094 1639 1122 habentur.
1652 1094 1688 1121 Ita
1703 1102 1749 1122 zo—

973 1141 1068 1169 diacus
1085 1141 1111 1168 in
1132 1145 1223 1177 partes
1243 1141 1385 1168 duodecim
1405 1141 1532 1176 aequales.
1552 1141 1749 1176 aequinoctialis

972 1187 999 1214 in
1025 1187 1136 1215 totidem
1164 1187 1310 1222 inaequales
1336 1187 1440 1215 divisus
1464 1191 1515 1214 est.
1537 1186 1662 1214 Latitudo
1683 1194 1749 1214 vero

972 1233 1100 1261 distantia
1120 1233 1204 1260 stellae
1230 1236 1271 1260 est
1291 1233 1325 1260 ab
1348 1232 1469 1266 zodiaco,
1484 1232 1540 1259 sive
1558 1232 1692 1267 ecliptica.
1707 1231 1749 1259 Ab

970 1278 1154 1313 mquinoctiali
1173 1286 1237 1305 vero
1254 1277 1394 1310 distantia,
1409 1285 1462 1305 non
1482 1277 1611 1310 latitudo,
1635 1276 1683 1305 sed
1701 1277 1749 1305 de-

970 1324 1081 1352 clinatio
1095 1324 1176 1359 vulgo
1191 1324 1356 1351 nominatur.

1274 1379 1386 1406 CAPUT
1406 1378 1437 1406 ll.

970 1426 1008 1453 De
1017 1424 1177 1461 longitudine
1191 1433 1222 1451 ac
1234 1425 1373 1461 latitudine
1380 1424 1528 1461 stellarum,
1538 1427 1650 1450 veterum
1660 1427 1747 1449 astro-

1005 1469 1142 1488 nomorum
1169 1461 1298 1487 sententia
1328 1460 1486 1491 declaratur,
1507 1463 1643 1492 utramque
1668 1465 1746 1491 penes

1004 1496 1213 1531 wquinoctialem
1236 1495 1363 1522 circulth
1378 1494 1568 1522 consideratam
1584 1493 1685 1528 [uisui

1004 1552 1082 1586 Quod
1097 1552 1130 1580 de
1144 1553 1284 1580 stellarum
1307 1552 1474 1587 longitudine
1502 1552 1589 1586 capite
1612 1550 1747 1586 superiori

968 1599 1096 1633 diximus,
1111 1606 1170 1626 eam
1194 1599 1263 1634 apud
1279 1602 1384 1626 veteres
1403 1598 1552 1626 secundum
1566 1597 1744 1633 aequinoctia-

968 1645 1020 1672 lem
1033 1645 1130 1679 accipi,
1142 1644 1168 1672 id
1183 1652 1215 1672 ex
1227 1643 1381 1679 Hipparcho
1393 1644 1640 1672 demonstrabimus
1654 1643 1744 1670 allatis

967 1690 1069 1725 aliquot
1081 1690 1230 1725 exemplis:
1245 1697 1278 1717 ex
1296 1690 1395 1725 quibus
1412 1690 1500 1724 priora
1517 1689 1561 1716 illa
1581 1689 1691 1716 veniant
1715 1688 1744 1716 in

967 1736 1084 1763 medium
1102 1741 1229 1770 quatuor,
1243 1742 1303 1770 quae
1317 1735 1343 1762 in
1358 1735 1427 1762 liliro
1447 1735 1466 1767 l,
1482 1742 1595 1762 numero
1613 1734 1635 1761 Σ
1651 1735 1744 1770 legun-

966 1787 1019 1813 tur,
1037 1782 1080 1808 ubi
1097 1784 1178 1815 caput
1193 1780 1267 1808 Ursae
1290 1780 1402 1815 majoris
1429 1780 1562 1814 imprimis
1582 1780 1664 1807 sitttm
1683 1787 1744 1808 esse

965 1827 1029 1854 dicit
1043 1827 1069 1854 in
1086 1826 1183 1854 Leonis
1197 1826 1277 1861 paulo
1292 1826 1383 1853 minus
1397 1829 1472 1860 parte
1489 1825 1579 1857 tertia,
1592 1817 1743 1853 secundum

965 1873 1180 1909 aquidistantem
1203 1872 1383 1908 mqitinoctiali
1406 1871 1548 1899 circulum.
1581 1871 1626 1899 Est
1650 1875 1740 1899 autem

965 1919 1144 1955 caput‘Ursa:
1170 1919 1306 1947 borealior
1334 1918 1549 1946 antecedentium
1575 1917 1689 1945 duarum
1715 1917 1743 1945 in

965 1965 1103 1998 laterculo,
1119 1973 1152 1992 ex
1165 1969 1285 1992 veterum
1305 1963 1454 1995 sententia,
1469 1963 1515 1999 qui
1532 1963 1621 1990 nullas
1647 1967 1745 1998 praeter

965 2015 1067 2046 septem
1082 2011 1132 2045 τῆς
1153 2010 1283 2046 ’Δμάξης,
1299 2010 1325 2037 in
1341 2009 1447 2037 Helices
1470 2009 1614 2036 asterismo
1624 2009 1744 2036 colloca-

964 2062 1038 2085 runt.
1055 2058 1119 2085 ltem
1136 2063 1301 2093 postremam
1325 2057 1353 2084 in
1379 2057 1464 2084 cauda
1487 2055 1618 2083 Draconis
1643 2063 1741 2083 secun-

964 2104 1028 2131 dum
1045 2104 1201 2139 parallelum
1216 2104 1351 2131 circulum
1364 2111 1424 2131 esse
1438 2103 1465 2129 in
1479 2106 1555 2138 parte
1571 2101 1669 2128 Leonis
1689 2106 1743 2128 ter-

963 2151 1010 2178 tia.
1036 2149 1067 2178 '0
1090 2150 1139 2185 μὲν
1164 2150 1217 2186 γὰρ
1239 2151 1268 2177 ὲν
1288 2151 1360 2186 ἄκρᾳ
1373 2151 1406 2185 τῇ
1429 2149 1495 2185 οὐρᾷ
1523 2148 1569 2176 τοῦ
1595 2148 1743 2183 Δράκοντος

964 2196 1066 2231 ἐπέχει,
1083 2196 1120 2228 ὠς
1145 2196 1215 2222 κατὰ
1237 2195 1406 2231 παράλληλον
1428 2195 1543 2227 κύκλον,
1564 2194 1611 2220 τοῦ
1632 2194 1743 2225 Λέοντος

136 2241 253 2269 methodi
272 2249 354 2268 causa
378 2240 497 2275 tingitur,
513 2240 629 2275 idipsum
650 2241 799 2276 eodemque
821 2241 910 2273 modo,

969 2242 1061 2278 μοίρας
1086 2245 1128 2276 γ’
1152 2241 1167 2268 ὀ
1190 2241 1218 2268 δὲ
1241 2241 1384 2277 εἰρημένος
1411 2240 1497 2275 ἀστὴρ
1520 2241 1549 2266 ὲν
1571 2239 1610 2275 τῷ
1630 2238 1742 2274 πλινθίῳ

135 2287 169 2314 ad
198 2286 341 2314 inferiores
368 2289 395 2313 et
419 2285 557 2320 subjectos
581 2286 794 2315 accommodari:
826 2290 852 2312 et
880 2285 913 2312 ad

134 2333 223 2368 ipsum
242 2332 310 2359 adeo
336 2336 415 2359 terra;
438 2331 547 2366 globum
572 2330 703 2365 quosdam
726 2331 866 2366 applicari,
884 2331 911 2358 in

134 2386 188 2413 quo
206 2385 272 2405 suus
292 2377 385 2404 itidem
405 2376 603 2411 aequinoctialis
623 2375 762 2403 informari
785 2376 864 2408 solet,
880 2384 912 2403 ac

133 2423 224 2451 cmteri
241 2422 371 2458 paralleli.

169 2467 217 2496 His
241 2467 523 2497 auimadversis.cum
548 2466 689 2494 stellarum
714 2465 783 2494 situs
806 2467 847 2493 vel
868 2466 910 2493 di-

132 2517 207 2541 recte
229 2513 270 2541 vel
296 2513 472 2540 lransversim
497 2513 664 2540 considerari
685 2517 776 2547 queat,
795 2513 846 2539 hoc
868 2515 911 2540 est

133 2560 283 2589 secundum
303 2559 511 2594 longitudinem,
527 2566 559 2586 ac
584 2558 752 2586 latitudinem
770 2567 777 2586 :
795 2565 909 2593 quarum

131 2608 206 2642 prior
218 2606 252 2633 ab
267 2606 456 2633 intersectione
472 2613 555 2632 verna
569 2605 683 2638 zodiaci,
695 2610 721 2633 et
735 2605 910 2641 aequinoctia-

132 2653 166 2681 lis
183 2652 295 2687 incipit;
312 2652 446 2687 posterior
461 2652 537 2687 polos
552 2658 648 2679 versus
663 2651 750 2678 media
767 2651 801 2678 ab
822 2651 908 2686 sphae-

131 2706 160 2725 ra
176 2698 293 2726 sumitur
309 2707 315 2725 :
333 2703 477 2732 utrumque
500 2697 644 2732 dupliciter
663 2697 791 2724 aestimari
809 2701 906 2733 potest.

129 2743 198 2771 Nam
217 2743 357 2778 longitudo
375 2743 417 2771 vel
441 2743 468 2769 in
492 2742 674 2777 aaquinoctiali
697 2746 846 2778 spectatur,
861 2743 907 2778 qui

128 2789 273 2817 duodecim
286 2789 415 2816 tribuitur
427 2789 454 2815 in
468 2793 568 2822 partes,
582 2788 659 2816 initio
670 2789 704 2816 ab
720 2797 801 2815 verna
822 2789 905 2816 inter-

127 2834 249 2863 sectione
277 2833 358 2866 facto,
377 2827 578 2868 designatisque
603 2834 631 2861 in
653 2841 685 2861 eo
709 2834 831 2869 partibus
860 2842 906 2869 per

127 2885 262 2906 maximos
276 2878 404 2910 circulos,
421 2878 477 2906 sive
496 2878 604 2906 coluros
620 2886 679 2910 sex,
693 2879 739 2914 qui
754 2887 800 2914 per
814 2878 904 2906 mundi

964 2288 1057 2323 ἐπέχει
1072 2287 1119 2315 τοῦ
1139 2287 1251 2318 Λέοντος
1274 2286 1362 2322 μικρῷ
1381 2286 1492 2314 ἔλασσον
1507 2285 1561 2311 τῶν
1581 2289 1606 2319 γ’
1627 2284 1739 2320 μοιρῶν.

965 2333 1115 2368 litrumque
1132 2332 1232 2360 falsum
1248 2336 1301 2362 est,
1320 2332 1343 2359 si
1364 2331 1391 2358 in
1408 2332 1518 2358 zodiaco
1533 2334 1669 2365 spectetur
1684 2329 1742 2356 illa-

963 2386 1022 2405 rum
1040 2377 1178 2405 stellarum
1195 2377 1273 2404 situs.
1298 2375 1363 2403 Nam
1379 2376 1464 2411 prior,
1487 2383 1546 2410 qua:
1565 2374 1638 2401 Ursm
1660 2378 1741 2409 caput

963 2423 1083 2458 antiquis
1097 2426 1165 2454 erat,
1180 2421 1326 2457 Hipparchi
1339 2427 1459 2456 tempore
1472 2421 1499 2448 in
1511 2420 1607 2448 Cancri
1622 2420 1654 2447 l5
1665 2424 1741 2455 parte

963 2471 1145 2503 versabatur;
1166 2474 1300 2505 postrema
1323 2468 1417 2496 caudae
1446 2467 1577 2494 Draconis
1599 2467 1624 2494 in
1643 2467 1738 2494 Caneri

962 2517 1011 2548 10,
1035 2517 1087 2544 36'.
1105 2516 1237 2544 Ascensio
1253 2518 1327 2543 recta
1344 2515 1444 2550 prioris
1463 2514 1514 2541 fuit
1536 2513 1598 2545 522,
1613 2513 1653 2540 52'
1669 2520 1739 2540 anno

959 2561 1021 2591 Per.
1041 2562 1095 2590 Jul.
1124 2562 1213 2595 4550;
1235 2561 1396 2597 posterioris
1422 2560 1517 2596 paucis
1532 2559 1611 2586 annis
1627 2562 1717 2593 postea
1730 2579 1738 2590 ,

960 2609 1011 2637 fuit
1026 2608 1088 2640 123,
1107 2607 1158 2642 57’.
1177 2598 1407 2642 Divisa-utraque
1434 2614 1482 2641 per
1498 2605 1532 2633 50
1543 2625 1551 2637 ,
1574 2604 1696 2632 confiunt
1711 2604 1737 2631 iu

960 2654 1055 2690 priori,
1077 2654 1153 2689 signa
1169 2654 1196 2684 ι.
1211 2653 1239 2685 ‘2,
1255 2654 1311 2685 52’;
1327 2652 1354 2679 in
1370 2651 1524 2687 posteriori,
1540 2651 1572 2682 ι,
1592 2651 1619 2683 '5,
1631 2650 1682 2678 57’.
1700 2649 1738 2677 Ita

959 2709 1051 2729 verum
1069 2704 1111 2728 est
1125 2700 1196 2735 quod
1213 2701 1249 2726 ait
1265 2699 1434 2734 Hipparchus
1448 2698 1481 2725 de
1501 2698 1640 2724 ambarum
1658 2696 1736 2727 locis,

959 2748 981 2775 si
997 2748 1025 2775 in
1040 2747 1220 2781 :equinoctiali
1233 2747 1334 2773 circulo
1345 2746 1493 2773 secundum
1509 2745 1682 2771 ascensiones
1696 2751 1737 2770 re-

957 2797 1016 2820 ctas
1029 2812 1035 2824 ,
1056 2794 1114 2824 vel,
1131 2793 1202 2827 quod
1221 2792 1290 2819 idem
1306 2796 1358 2823 est.
1381 2792 1407 2818 in
1424 2799 1456 2817 eo
1471 2791 1598 2826 parallelo
1613 2789 1737 2816 conside-

960 2842 1054 2866 rentur
1065 2858 1071 2870 ,
1093 2846 1171 2872 quem
1187 2837 1271 2865 stellae
1285 2836 1383 2864 diurno
1397 2840 1471 2864 motu
1487 2835 1632 2863 detineant.

998 2883 1104 2910 ﬂursus
1120 2882 1213 2910 eodem
1233 2882 1292 2909 loco
1317 2881 1412 2909 scribit
1432 2879 1611 2915 Hipparchus.
1629 2884 1734 2905 austra-
