4036 6218
557 329 693 384 {3‘3

1566 321 1655 378 AD
1696 322 1959 379 EUSEBH
1994 319 2384 378 (IllHONlCON
2424 318 2784 374 APPENDIX.

3641 319 3779 376 1⁸δό

552 448 735 498 liorem
775 441 1186 498 succ-cdentium
1220 440 1448 494 duarum
1495 440 1548 493 in
1585 440 1838 494 laterculo
1867 439 2110 494 obtinere
2144 444 2182 496 Α
2212 432 2607 494 describendis,
2641 433 2708 487 ab
2742 432 2808 488 iis
2839 431 3090 501 cepisse,
3116 431 3207 500 qui
3252 431 3524 486 borealem
3582 431 3780 487 habent

552 534 941 603 propemodum
986 540 1190 600 partem
1235 530 1432 586 Leonis
1491 530 1800 584 vicesimam
1845 531 2110 600 quintam.

553 625 712 694 Atqui
747 625 899 678 locus
921 623 1040 691 ejus
1070 623 1122 676 in
1162 621 1384 676 zodiaco
1419 621 1519 674 l'uit
1546 620 1836 691 Hipparchi
1880 629 2116 690 tempore

554 717 607 770 in
647 715 843 769 Leonis
883 714 954 779 0,
986 715 1088 767 μ’.
1135 712 1274 782 Ergo
1322 729 1387 766 ex
1424 714 1742 767 ascensione
1795 721 1938 767 recta
1975 715 2115 767 situs

553 805 656 860 iste
689 804 1084 874 computandus
1115 813 1235 868 est;
1265 819 1427 873 quam
1458 805 1668 873 reperio
1697 803 1960 874 graduum
1997 805 2113 868 145,

553 891 655 944 δὲ’.
682 889 776 944 His
809 905 903 960 per
933 890 1154 959 triginta
1183 891 1394 951 divisis,
1426 893 1558 945 liunt
1587 892 1738 962 signa
1770 893 1834 956 4,
1869 893 1967 957 25,
2012 892 2114 955 52',

555 980 658 1032 hoc
686 988 770 1033 est
803 978 1000 1033 Leonis
1024 980 1184 1048 paulo
1214 981 1334 1049 plus
1363 979 1534 1050 gradu
1573 981 1833 1037 vicesimo
1883 983 2072 1052 quinto
2097 1025 2112 1049 ,

556 1072 610 1126 in
639 1071 1027 1139 aequinoctiali,
1059 1071 1143 1126 vel
1173 1071 1557 1141 :equidistante
1587 1073 1636 1127 ei
1667 1073 1891 1126 circulo.

627 1164 826 1217 Ibidem
858 1171 1097 1218 extrema
1147 1164 1334 1218 cauda:
1366 1163 1579 1220 Helices
1610 1166 1868 1220 statuitur
1896 1167 1948 1220 in
1979 1167 2116 1221 Che-

556 1255 753 1317 larum,
779 1270 874 1308 seu
905 1254 1079 1310 Libra:
1106 1264 1300 1324 quarta
1333 1267 1502 1325 parte.
1557 1256 1729 1313 Locus
1754 1267 1869 1313 erat
1901 1259 1955 1313 in
1988 1259 2117 1314 Leo-

557 1349 644 1403 nis
669 1348 780 1412 27,
830 1348 928 1401 16'.
992 1347 1257 1403 Ascensio
1317 1359 1462 1404 recta
1520 1351 1796 1421 signorum
1858 1352 1911 1417 6,
1942 1354 1996 1415 4,
2034 1355 2110 1417 4',

558 1441 714 1510 plane
746 1449 804 1493 ut
840 1439 1180 1509 Hipparchus
1212 1441 1404 1505 voluit,
1440 1443 1492 1496 in
1529 1441 1704 1498 Libra:
1727 1445 1780 1498 4.
1816 1445 1925 1499 Nor
1953 1447 2116 1516 igitur

558 1531 624 1585 ad
656 1531 933 1584 zodiacum
959 1569 974 1593 ,
1007 1531 1100 1586 sed
1135 1530 1203 1583 ad
1228 1533 1566 1601 parallelum,
1593 1538 2110 1606 aequinoctialemve,

558 1621 836 1677 stellarum
863 1622 977 1675 loca
1008 1621 1380 1691 designantur.

580 1742 582 1746 τ
628 1710 863 1765 Numero
914 1709 1000 1763 XII
1058 1710 1399 1784 Hipparchus
1449 1716 1524 1768 ait
1575 1725 1901 1785 postremam
1933 1721 2117 1775 caudae

558 1801 784 1858 minoris
817 1803 967 1860 Ursre
990 1812 1148 1861 sitam
1184 1820 1306 1860 esse
1338 1807 1390 1859 in
1441 1807 1610 1876 gradu
1645 1807 1880 1865 Piscium
1918 1812 2000 1867 l8.
2047 1811 2102 1867 Si

559 1895 767 1948 zodiaci
805 1897 940 1949 ratio
974 1897 1268 1962 habeatur,
1305 1906 1424 1951 erat
1460 1897 1756 1969 Hipparchi
1791 1911 2034 1972 tempore
2060 1903 2115 1957 in

560 1987 729 2056 gradu
783 1986 947 2042 Tauri
995 1989 1082 2042 29.
1135 1991 1395 2043 Ascensio
1442 2001 1586 2044 recta
1620 1992 1755 2052 546.
1792 1995 1890 2055 16',
1920 1995 2116 2064 quibus

561 2097 658 2151 per
689 2081 756 2135 50
783 2081 996 2142 divisis,
1028 2081 1394 2136 conficiuntur
1432 2083 1583 2151 signa
1622 2085 1706 2147 ll,
1743 2085 1826 2148 I6,
1861 2086 1970 2148 l6',
2014 2087 2116 2142 hoc

560 2177 644 2224 est
665 2159 863 2240 gradus
891 2167 1124 2222 Piscium
1164 2171 1224 2223 l6
1245 2209 1258 2231 ,
1310 2171 1388 2223 ιδ’
1411 2211 1426 2236 ,
1459 2173 1753 2226 secundum
1805 2176 2115 2240 parallelum

560 2261 844 2315 circulum.
870 2259 988 2313 Jam
1024 2260 1168 2328 quod
1205 2261 1344 2314 idem
1384 2262 1581 2317 asserit
1630 2279 1782 2317 num.
1813 2264 1925 2319 XIV
1957 2277 2116 2337 caput

563 2351 715 2406 Ursa:
743 2353 968 2407 minoris
992 2394 1006 2416 ,
1045 2353 1158 2407 sive
1189 2353 1538 2410 borealiorem
1589 2357 2022 2413 antecedentium
2061 2361 2114 2415 in

561 2443 822 2497 laterculo
853 2443 1101 2513 plaustri,
1144 2444 1302 2498 sitam
1333 2461 1456 2500 esse
1503 2446 1553 2499 in
1586 2458 1826 2502 extremo
1873 2448 2115 2521 Scorpii,

561 2532 615 2588 id
641 2549 762 2587 cum
797 2533 1004 2588 zodiaci
1041 2535 1161 2587 loco
1206 2550 1312 2589 non
1365 2538 1615 2591 convenit
1645 2557 1656 2591 :
1717 2539 1807 2608 qui
1859 2540 1959 2594 fuit
1988 2540 2119 2612 Hip-

559 2626 744 2697 parchi
781 2633 1019 2695 tempore
1051 2626 1103 2680 in
1135 2626 1306 2695 gradu
1338 2627 1535 2682 Cancri
1586 2629 1670 2692 l5,
1711 2631 1788 2685 l5'
1809 2672 1824 2695 ,
1871 2631 1965 2687 sed
1994 2649 2118 2686 cum

559 2719 880 2773 ascensione
923 2728 1066 2772 recta
1095 2758 1110 2781 ,
1143 2734 1262 2787 qua:
1309 2719 1409 2773 fuit
1443 2721 1720 2790 signorum
1755 2721 1808 2781 8.
1845 2724 1895 2786 l,
1919 2723 2024 2788 26',
2061 2733 2118 2778 ut

558 2809 660 2864 hac
683 2810 893 2863 ratione
923 2809 976 2862 in
1001 2809 1273 2879 Sagittarii
1313 2812 1328 2864 I
1361 2813 1640 2866 censenda
1676 2813 1856 2868 fuerit.

630 2899 756 2971 Item
793 2899 847 2952 in
876 2899 979 2954 line
1011 2900 1131 2954 libri
1160 2899 1196 2956 Ι.
1251 2917 1400 2954 num.
1439 2901 1650 2966 XXVII,
1682 2905 1870 2958 scribit
1900 2914 2118 2962 antece-

557 2991 626 3048 de
666 2998 749 3046 tes
778 2992 832 3044 in
863 2991 1026 3061 Hydri
1055 2993 1232 3062 capite
1265 2993 1510 3048 obtinere
1549 3005 1752 3063 partem
1784 2995 1979 3051 Cancri
2008 3013 2120 3052 am-

2218 541 2246 577 a
2282 525 2504 577 zoiliaco
2531 523 2842 586 distantiam
2870 561 2886 586 ,
2921 523 3025 576 hoc
3057 532 3141 576 est
3178 523 3536 587 latitudinem,
3557 533 3687 592 tum
3718 523 3784 579 de

2218 617 2550 671 australibus
2574 617 2752 687 egisse
2778 634 2792 670 :
2827 615 2972 685 quod
2992 625 3044 668 et
3071 613 3414 684 Hipparchus
3437 616 3554 684 ipse
3585 617 3779 670 tenuit.

2286 705 2590 772 Quinetiam
2632 705 2930 765 Geminus.
2964 706 3055 774 qui
3086 705 3364 776 octoginta
3402 707 3630 761 circiter
3663 717 3782 776 post

2218 797 2583 868 Hipparchum
2634 797 2792 853 annis
2821 795 3021 862 lloruit,
3048 812 3156 851 non
3209 797 3441 854 obscure
3473 791 3781 868 signiﬁcat,

2216 900 2372 943 aetate
2400 904 2496 945 sua
2537 897 2645 942 tam
2667 888 3028 958 longitudines
3061 888 3364 951 stellarum,
3399 903 3567 959 quam
3602 891 3781 944 latitu-

2216 980 2394 1047 dines,
2415 980 2480 1035 ad
2507 980 2784 1034 zodiacum
2819 978 3254 1034 accommodatas
3295 993 3437 1035 esse.
3468 979 3603 1034 Nam
3629 981 3782 1035 initio

2218 1072 2338 1126 libri
2373 1072 2569 1126 asserit
2596 1071 2874 1125 zodiacum
2906 1071 2959 1125 in
2995 1079 3178 1140 partes
3199 1071 3483 1126 duodecim
3516 1075 3780 1143 :equales.

2216 1177 2332 1232 qua:
2356 1171 2480 1215 sunt
2499 1160 2938 1231 signa,distribui
2972 1175 3114 1230 :qua
3147 1163 3357 1216 ratione
3373 1162 3785 1220 dividinecesse

2215 1261 2297 1306 est
2323 1252 2760 1322 aequinoctialem
2795 1253 2846 1305 in
2880 1259 3062 1322 partes
3088 1253 3404 1323 inaequales.
3435 1254 3616 1324 Atque
3640 1255 3783 1309 idem

2217 1341 2568 1395 nihilominus
2645 1341 3022 1410 parallelorum
3097 1341 3427 1396 circulorum
3498 1344 3784 1406 meminit,

2215 1449 2352 1503 quos
2403 1433 2814 1503 tequidistantes
2869 1435 2938 1488 ab
2979 1434 3344 1502 atquinoctiali
3393 1435 3554 1488 stella
3590 1435 3787 1489 diurno

2216 1527 2444 1580 circuitu
2479 1526 2749 1596 designat.
2798 1525 3061 1592 Quocirca
3089 1526 3385 1581 verisimile
3411 1535 3497 1581 est
3526 1528 3786 1598 antiquos

2218 1629 2445 1689 utroque
2482 1619 2642 1673 modo
2678 1619 2953 1674 stellarum
3019 1618 3382 1684 longitudines
3425 1634 3492 1674 ac
3532 1621 3776 1674 latitudi—

2218 1726 2314 1765 nes
2340 1718 2589 1779 putasse;
2642 1725 2740 1779 pro
2768 1724 2833 1764 eo
2867 1718 3028 1779 atque
3071 1713 3138 1764 ad
3181 1710 3490 1766 institutam
3524 1729 3790 1782 πραγμα-

2216 1801 2363 1856 τείαν
2393 1800 2687 1872 expediret.
2724 1799 2837 1856 Nisi
2893 1803 3036 1856 enim
3084 1801 3428 1856 latitudinem
3465 1803 3688 1856 illarum
3723 1805 3790 1858 ab

2217 1894 2440 1947 zodiaco
2473 1892 2744 1946 interdum
2775 1891 3188 1957 adhibuissent,
3236 1909 3342 1948 non
3378 1893 3788 1964 distinguerent

2216 1987 2462 2042 boreales
2485 2001 2671 2040 earum
2707 1986 2846 2040 situs
2875 1985 2942 2039 ab
2977 1985 3310 2039 australibus
3347 1985 3656 2039 secundum
3691 2001 3786 2039 zo-

2215 2079 2462 2141 diacum,
2524 2077 2616 2131 sed
2656 2077 3085 2146 mquinoctialem
3113 2077 3423 2130 duntaxat;
3464 2092 3492 2129 a
3526 2093 3640 2146 quo
3672 2080 3788 2133 solo

2217 2168 2528 2224 latitudines
2557 2167 2868 2222 earumdem
2910 2176 3236 2236 repeterent.
3268 2165 3406 2222 Hinc
3447 2166 3648 2222 falsum
3669 2185 3787 2224 esse

2216 2267 2452 2320 constat,
2477 2257 2620 2328 quod
2671 2255 2940 2327 Josephus
2971 2257 3213 2328 Scaliger
3238 2257 3419 2327 capite
3448 2258 3628 2327 primo
3664 2260 3784 2313 libri

2221 2352 2293 2406 De
2316 2351 2530 2420 anticip.
2571 2352 2760 2419 wquin.
2805 2349 3064 2411 alIirmat,
3125 2358 3253 2405 ante
3283 2350 3630 2407 Ptolemaeum
3664 2353 3788 2407 nul-

2218 2446 2322 2498 lam
2351 2443 2510 2496 aliam
2542 2443 2818 2496 stellarum
2855 2441 3244 2511 longitudinem
3294 2443 3381 2497 vel
3445 2444 3788 2498 latitudinem

2219 2536 2270 2589 in
2297 2551 2396 2590 usu
2432 2535 2632 2597 fuisse,
2665 2549 2828 2604 quam
2859 2548 2979 2603 quae
3012 2548 3177 2602 penes
3203 2535 3642 2604 aequinoctialem
3690 2553 3782 2590 δυο

2219 2630 2419 2695 mitur;
2479 2627 2709 2697 primum
2770 2634 2947 2679 autem
2991 2624 3336 2680 Ptolemaeum
3389 2627 3456 2680 ad
3506 2628 3784 2682 zodiacum

2220 2731 2500 2789 utramque
2529 2717 2890 2773 transtulisse.
2932 2717 3097 2788 Atqui
3127 2716 3408 2780 Geminus,
3437 2717 3533 2788 qui
3584 2719 3784 2772 duceu~

2219 2814 2288 2864 tis
2316 2811 2547 2880 amplius
2571 2811 2728 2864 annis
2759 2808 3108 2863 Ptolemaeum
3135 2810 3434 2878 prmcessit,
3470 2817 3585 2862 tam
3621 2811 3788 2879 longi-

2218 2904 2435 2958 tudines
2463 2903 2770 2966 stellarum,
2793 2918 2956 2972 quam
2989 2902 3304 2956 latitudines
3350 2903 3404 2955 in
3438 2903 3670 2957 zodiaco
3695 2904 3784 2956 de~

2220 2997 2450 3065 scriptas
2477 3011 2598 3051 esse
2619 2995 2818 3052 saeculo
2845 3009 2978 3055 suo,
3031 2994 3350 3064 planissime
3398 2993 3692 3059 declarat,
3737 3004 3789 3048 ut

561 3084 703 3153 plius
740 3083 826 3146 10,
854 3083 994 3152 quod
1039 3084 1250 3153 egregie
1299 3085 1607 3140 ascensioni
1642 3095 1800 3142 rectae
1825 3089 2113 3159 congruit:
2146 3113 2190 3171 ο
2222 3089 2382 3158 paulo
2409 3097 2533 3142 ante
2575 3087 3085 3142 demonstravimus.
3125 3084 3495 3156 Hipparchum
3529 3097 3714 3140 autem
3742 3096 3788 3141 et

558 3190 721 3244 quam
771 3174 985 3228 invenio
1035 3172 1327 3243 Hipparchi
1361 3183 1602 3244 tempore
1636 3177 1911 3246 signorum
1950 3180 2003 3242 5,
2031 3182 2114 3246 l0,

561 3265 661 3320 η’.
704 3262 778 3316 Ita
818 3265 1023 3325 stellas,
1049 3280 1168 3333 quae
1199 3271 1326 3318 sunt
1356 3264 1408 3318 in
1437 3265 1634 3334 Cephei
1667 3269 1861 3334 capite,
1887 3270 2118 3325 collocat

562 3359 702 3414 idem
738 3363 790 3411 in
821 3358 989 3428 gradu
1025 3357 1255 3426 amplius
1286 3357 1371 3411 10.
1411 3357 1472 3409 Et
1501 3374 1599 3413 nos
1632 3363 2003 3416 ascensionem
2033 3379 2117 3417 re-

561 3460 702 3505 ctam
755 3449 1009 3505 australis
1057 3448 1510 3517 deprchendimus
1557 3449 1832 3518 signorum
1877 3453 1975 3517 l0,
2030 3455 2116 3517 l0,

561 3542 664 3596 ιδ’.
700 3543 920 3596 Stellam
945 3541 1186 3611 ejusdem
1224 3541 1518 3605 asterismi,
1549 3557 1669 3611 qua:
1703 3543 1754 3596 in
1788 3545 2011 3600 sinistro
2035 3556 2119 3601 est

563 3633 790 3688 humero
815 3672 829 3696 ,
888 3635 970 3687 vel
1011 3633 1232 3687 brachio
1255 3671 1270 3695 ,
1308 3633 1469 3688 rel‘ert
1504 3631 1841 3702 Hipparchus
1888 3637 2117 3704 positam

561 3741 684 3780 esse
710 3725 762 3778 in
796 3724 962 3795 gradu
993 3725 1062 3779 25
1095 3725 1338 3794 Aquarii.
1376 3725 1636 3780 Ascensio
1669 3734 1815 3780 recta
1845 3728 2116 3798 congruit,

561 3832 683 3888 quae
717 3825 801 3871 est
826 3817 1102 3887 signorum
1139 3816 1225 3878 10,
1263 3817 1354 3881 26,
1377 3817 1481 3872 26'.
1509 3821 1576 3871 At
1606 3819 1660 3872 in
1691 3819 1916 3874 zodiaco
1970 3820 2120 3875 locus

561 3918 679 3963 erat
718 3908 770 3961 in
816 3908 1014 3962 Arietis
1053 3907 1107 3971 5,
1136 3907 1236 3962 48'.
1287 3908 1364 3961 Ad
1402 3909 1514 3964 hac
1575 3910 1629 3963 iu
1681 3910 1902 3965 sinistra
1957 3928 2118 3965 manu

565 3999 744 4054 Bootae
772 3997 1176 4053 antecedentem
1207 3999 1419 4052 stellam
1441 3999 1582 4053 locat
1610 3999 1808 4055 ibidem
1844 4001 1896 4054 in
1931 4001 2122 4057 Chela-

563 4108 684 4146 rum
722 4100 872 4161 parte
895 4091 1129 4158 amplius
1166 4091 1248 4144 l5.
1275 4091 1538 4146 Ascensio
1561 4099 1706 4145 recta
1738 4101 1821 4146 est
1844 4093 2119 4163 signorum

563 4179 618 4242 6,
653 4179 708 4233 ll
735 4220 750 4245 ,
800 4178 915 4244 47';
948 4179 1097 4233 locus
1132 4178 1185 4230 in
1215 4179 1468 4239 zodiaco.
1519 4179 1575 4231 in
1627 4177 1823 4234 Leonis
1878 4180 1983 4242 28,
2016 4180 2119 4234 38'.

563 4272 829 4327 Prmterca
861 4270 952 4324 lib.
989 4268 1030 4322 ll
1077 4270 1235 4323 docet
1286 4269 1628 4340 llipparcbus
1671 4270 2120 4324 australissimatn

565 4365 620 4418 in
675 4363 898 4419 sinistro
952 4361 1086 4431 pede
1125 4359 1305 4414 Boolm
1347 4363 1592 4415 obtinere
1641 4370 1844 4431 partem
1875 4361 2049 4414 Librae
2082 4361 2117 4414 l.

2226 3178 2502 3233 Eudoxum
2536 3179 2768 3248 idipsum
2799 3193 3090 3248 usurpasse
3137 3193 3526 3247 nonnunquam
3553 3219 3569 3240 ,
3604 3179 3789 3247 impri-

2224 3272 2326 3326 mis
2353 3270 2498 3342 quod
2539 3270 2849 3325 latitudines
2884 3269 3096 3333 attinet,
3119 3268 3307 3324 eodem
3338 3269 3683 3338 conjectura:
3709 3285 3787 3340 ge-

2224 3380 2351 3418 nere
2385 3365 2508 3418 licet
2546 3363 2783 3433 assequi.
2832 3361 2979 3415 Nihil
3027 3368 3109 3416 est
3155 3361 3299 3415 enim
3348 3359 3496 3412 aliud
3547 3359 3790 3415 boreales

2225 3455 2427 3518 Stellas,
2456 3454 2789 3508 australesve
2821 3452 2951 3517 dici,
2970 3465 3089 3521 qua:
3109 3466 3139 3504 a
3175 3449 3394 3506 zodiaco
3420 3467 3622 3506 versus
3644 3453 3790 3521 aqui-

2225 3548 2398 3600 lonem
2429 3554 2522 3599 aut
2552 3545 2828 3600 meri-diem
2856 3543 3137 3606 recedunt,
3166 3558 3331 3613 quam
3356 3541 3422 3596 a‘b
3455 3543 3653 3597 eodem
3703 3559 3789 3596 zo-

2225 3638 2381 3691 diaco
2413 3636 2752 3690 latitudinem
2786 3635 2985 3688 habere
3015 3635 3291 3688 borealem
3316 3633 3708 3688 australemve.
3732 3634 3789 3686 Δι

2225 3727 2376 3797 prius
2402 3727 2471 3780 ab
2507 3725 2726 3780 Eudoxo
2782 3725 3102 3794 ueterisque
3127 3764 3142 3786 ,
3174 3723 3318 3793 quod
3355 3723 3469 3792 jam
3517 3725 3785 3784 diximus,

2227 3825 2545 3886 usurpatum
2571 3831 2692 3872 esse
2726 3815 2915 3884 liquet.
2949 3815 3115 3884 Igitur
3141 3823 3196 3869 et
3223 3816 3325 3868 hoc
3355 3830 3577 3884 quoque
3627 3831 3790 3884 genus

2227 3906 2534 3962 latitudinis
2577 3913 2934 3976 agnoverunt,
2960 3907 3104 3975 quod
3133 3905 3203 3960 ab
3253 3904 3479 3959 zodiaco
3535 3907 3788 3960 sumitur.

2228 3998 2464 4061 Nullum,
2486 3999 2630 4068 quod
2671 3996 3352 4065 meminerim,exemplum
3384 3997 3454 4050 ab
3483 3995 3791 4067 Hipparcho

2229 4098 2558 4145 memoratur
2577 4104 2642 4144 ex
2678 4089 2923 4151 Eudoxo,
2949 4087 3005 4142 in
3033 4103 3143 4158 quo
3173 4089 3311 4142 situs
3345 4089 3518 4143 stella:
3549 4091 3791 4142 nomina-

2228 4185 2322 4234 tim
2346 4181 2720 4250 exprimaturI;
2755 4196 2878 4234 natu
2909 4178 3054 4248 quod
3086 4178 3282 4244 librol,
3313 4196 3466 4234 num.
3489 4179 3602 4244 Xll,
3629 4189 3788 4248 caput

2231 4269 2382 4325 Ursae
2408 4269 2632 4339 majoris
2669 4286 2737 4324 ex
2787 4269 2995 4323 Eudoxi
3031 4269 3302 4324 sententia
3335 4271 3606 4324 collocare
3636 4271 3786 4324 vide-

2229 4371 2317 4416 tur
2347 4363 2399 4416 in
2424 4371 2574 4431 parte
2607 4361 2805 4416 Leonis
2833 4361 3174 4426 duodecima,
3202 4363 3359 4417 aliter
3392 4379 3517 4418 sese
3569 4380 3650 4417 res
3695 4362 3790 4415 ha-

566 4454 740 4520 llujus
791 4453 1039 4510 ascensio
1087 4461 1231 4507 recta
1293 4454 1519 4508 miriﬁce
1579 4453 1944 4508 observationi
1993 4469 2123 4507 con-
2159 4471 2198 4524 ι)
2229 4454 2334 4507 bet.
2357 4451 2583 4506 Utenint
2613 4454 2818 4525 integer
2841 4455 3100 4524 siﬁlocus,
3124 4457 3426 4526 nonipsum
3452 4453 3791 4524 caputUrsaa

565 4546 744 4615 gruit;
784 4561 908 4599 nam
943 4552 1028 4600 est
1057 4545 1333 4614 signorum
1364 4544 1418 4607 6,
1447 4546 1497 4608 l,
1527 4544 1631 4597 27'.
1659 4545 1724 4597 At
1757 4547 1906 4599 locus
1943 4544 1997 4598 in
2034 4561 2124 4598 zo-

565 4637 721 4691 diaco
748 4631 1040 4704 Hipparchi
1068 4646 1309 4701 tempore
1336 4634 1389 4687 in
1427 4632 1667 4704 Virginis
1701 4632 1784 4695 19,
1813 4633 1915 4688 55'.

636 4726 795 4780 Plura
813 4727 895 4780 his
916 4725 1113 4780 addere
1131 4733 1441 4794 poteramus
1457 4725 1701 4794 exempla
1721 4744 1732 4778 :
1750 4724 1843 4779 sed
1865 4725 1974 4778 haec
1990 4725 2124 4794 ipsa,

565 4835 687 4888 qua:
718 4819 1028 4888 selegimus,
1064 4818 1198 4872 satis
1233 4818 1283 4870 id
1333 4818 1475 4887 quod
1524 4817 1773 4871 volumus
1815 4817 2126 4881 ostendunt,

568 4913 844 4968 stellarum
884 4909 1270 4980 longitudinem
1298 4910 1366 4963 ab
1400 4908 1706 4980 Hipparcho
1739 4909 1901 4963 statui
1937 4924 2128 4963 secun-

567 5004 695 5057 dum
729 5012 902 5055 rectas
931 5002 1279 5056 ascensiones
1310 5002 1361 5054 in
1394 5001 1782 5070 mqninoctiali,
1811 5003 1926 5056 sive
1953 5003 2128 5072 paral—

569 5095 672 5148 lelo
695 5094 919 5155 circulo,
941 5109 1070 5155 non,
1099 5101 1156 5144 ut
1183 5092 1339 5146 hodie
1367 5094 1444 5156 lit,
1463 5095 1516 5149 in
1535 5094 1776 5148 zodiaco.

642 5183 784 5237 Idem
831 5193 1020 5237 auctor
1067 5185 1490 5239 declinationum
1527 5185 1596 5237 ab
1623 5185 1986 5254 a‘quinoctiali
2018 5184 2126 5237 cir-

568 5276 692 5328 culo
718 5290 954 5344 pcrsa:pe
984 5277 1225 5330 meminit
1259 5295 1271 5330 :
1316 5290 1585 5344 nusquam
1613 5283 1790 5329 autem
1827 5275 2130 5329 latitudinis

575 5367 642 5420 ab
673 5365 915 5420 zodiaco.
952 5365 1190 5421 Tametsi
1222 5384 1326 5421 non
1353 5368 1544 5421 dubito
1589 5367 1750 5436 hujus
1793 5368 1955 5420 etiam
2001 5365 2130 5436 Hip-

574 5459 830 5527 parchum
873 5460 1136 5514 rationem
1192 5460 1480 5526 habuisse;
1539 5472 1824 5530 postquam
1865 5460 2128 5513 circulum

575 5551 736 5604 istum
769 5553 1005 5607 artiﬁces
1037 5553 1091 5606 in
1118 5554 1257 5606 ccelo
1285 5553 1465 5607 metati
1492 5562 1642 5617 sunt,
1669 5563 1720 5607 et
1750 5553 1868 5622 ejus
1899 5553 2130 5622 obliqui-

581 5643 746 5696 latem
780 5643 1293 5697 animadverterunt.
1324 5644 1463 5698 Sane
1496 5644 1834 5715 Hipparchus
1861 5643 2128 5708 observat,

578 5733 881 5802 Eudoxum,
917 5744 968 5790 ct
995 5735 1219 5790 Aratum
1251 5735 1393 5789 illius
1433 5737 1695 5806 exemplo,
1733 5736 1783 5789 in
1832 5736 2130 5792 asterismis

2232 4543 2465 4599 conferri
2497 4543 2632 4598 dicit
2661 4546 2728 4600 ab
2767 4545 2987 4600 Eudoxo
3039 4548 3091 4600 in
3144 4557 3351 4616 partem
3407 4547 3792 4600 duodecimam

2231 4634 2448 4700 Leonis,
2486 4637 2580 4693 sed
2610 4653 2729 4692 eam
2762 4640 2993 4702 stellam,
3019 4655 3138 4709 quae
3166 4639 3467 4695 secundum
3507 4638 3792 4692 Eudoxum

2234 4726 2382 4782 Ursa:
2414 4735 2575 4796 caput
2598 4736 2736 4792 erat,
2767 4729 3108 4800 Hipparchus
3138 4731 3249 4800 ipse
3292 4745 3357 4783 ex
3402 4731 3670 4784 sententia
3698 4744 3797 4783 sua

2229 4819 2281 4874 in
2315 4835 2380 4875 eo
2411 4820 2578 4890 gradu
2612 4821 2878 4877 collocare
2909 4821 3148 4876 videtur:
3176 4820 3279 4890 ἠδὲ
3301 4818 3441 4872 κατὰ
3462 4820 3550 4873 τὸν
3569 4818 3796 4885 Εὔδοξον

2231 4911 2460 4982 κεφαλή,
2495 4933 2514 4964 ι
2569 4928 2730 4983 quam
2773 4928 2899 4968 vero
2931 4912 3138 4967 stellam
3169 4910 3424 4965 Eudoxus
3456 4919 3619 4980 caput
3644 4909 3798 4964 Ursae

2229 5003 2532 5058 constituit.
2574 5023 2593 5056 ι
2629 5003 2837 5057 Etenim
2867 5002 3017 5058 Ursae
3038 5010 3198 5072 caput
3225 5001 3511 5070 utriusque
3541 5001 3672 5053 alibi
3699 4999 3799 5052 Eu-

2229 5094 2454 5155 doxum,
2484 5103 2538 5149 et
2585 5095 2918 5163 antiquiores
2958 5109 3147 5148 omnes
3181 5095 3462 5157 statuisse,
3495 5109 3656 5164 quam
3703 5092 3796 5145 ubi

2232 5185 2394 5240 hodie
2420 5188 2659 5255 ponitur,
2688 5185 3026 5255 Hipparchus
3048 5187 3343 5251 existimat,
3369 5187 3625 5240 nimirum
3649 5196 3800 5238 utro-

2235 5276 2394 5344 bique
2432 5277 2784 5331 borealiorem
2819 5278 3048 5330 duarum
3093 5277 3148 5331 in
3193 5277 3454 5332 laterculo
3484 5275 3800 5346 praeceden-

2233 5371 2368 5422 tium
2389 5351 2553 5438 caput
2601 5369 2936 5438 appellasse;
2975 5371 3042 5424 de
3079 5384 3188 5440 quo
3234 5371 3396 5440 paulo
3429 5376 3550 5439 post
3580 5377 3796 5437 agetur.

2230 5458 2381 5513 Adde
2402 5458 2642 5513 nondum
2677 5456 2844 5510 videri
2878 5456 3086 5513 Eudoxi
3139 5460 3336 5513 sarculo
3377 5458 3679 5512 institutam
3719 5455 3802 5510 si-

2233 5566 2461 5619 gnorum
2499 5550 2550 5602 iu
2584 5557 2766 5618 partes
2801 5550 3020 5620 triginta
3049 5550 3406 5615 divisionem,
3459 5550 3539 5603 vel
3601 5544 3798 5602 circuli

2233 5643 2396 5697 totius
2424 5642 2476 5694 in
2511 5641 2633 5696 560.

2305 5734 2378 5787 Ac
2409 5749 2474 5789 ne
2500 5733 2586 5788 ille
2607 5731 2822 5803 quidem
2847 5732 3089 5790 sincerus
3119 5742 3196 5788 est
3229 5734 3415 5800 locus;
3447 5733 3538 5789 scd
3563 5734 3613 5789 ei
3641 5743 3799 5786 men-
