4036 6218
320 301 458 356 15ᾇὸ

1104 295 1553 355 DISSEHTATIO
1588 295 1675 352 DE
1713 292 1896 351 ORTU
1931 292 2018 348 ET
2058 291 2324 348 OCCASU
2368 291 2689 356 SIDERUM.

3395 298 3532 354 I346

316 415 446 470 dum
499 418 718 481 subest,
773 423 830 469 ut
885 413 1106 467 omnino
1158 413 1438 480 scripserit
1493 407 1867 480 Ilipparchus:
1902 411 1945 467 Α
1975 402 2183 460 fuisse:
2224 405 2366 474 quod
2416 405 2698 474 praefracte
2745 410 2904 473 negat
2933 402 3214 475 Scaliger,
3271 407 3429 476 cujus
3477 414 3532 461 et

327 509 393 560 'Il
425 509 480 562 δὲ
501 510 640 563 κατὰ
668 510 756 560 τὸν
788 504 1010 569 Εὔδοξον
1031 504 1238 574 κεφαλὴ
1254 505 1351 574 τῆς
1374 502 1609 574 μεγάλης
1634 503 1868 573 Ἄρκτου

317 600 458 653 κατὰ
503 601 564 654 τὸ
610 597 1070 669 δωδεκατημόριον
1117 596 1208 650 τοῦ
1253 597 1496 659 Λέοντος.
1533 595 1667 649 Cum
1705 601 1870 658 esset,

316 692 376 744 τὸ
405 691 469 744 ιϐ’
523 692 646 762 μόρ.
703 689 909 760 putavit
966 690 1246 758 legendum
1306 688 1370 741 ιϐ’
1419 705 1563 758 μοιρ.
1620 688 1874 755 Adeoque

317 782 416 851 τὴν
456 781 521 834 ιδ’
561 799 734 852 μοιρ.,
765 781 919 850 quasi
952 781 1006 835 in
1037 779 1351 834 duodecima
1385 788 1536 848 parte
1560 786 1871 848 poneretur,

316 871 552 925 maxime
573 885 696 925 cum
733 871 976 940 proxime
1003 880 1124 924 ante
1145 909 1159 933 ,
1201 869 1417 939 Ἰχθύων
1450 887 1595 940 μοιρ.
1635 869 1703 922 ιϐ’
1736 869 1868 924 scri-

318 971 465 1032 ptum
505 970 670 1016 esset.
704 963 900 1017 Verum
933 959 1277 1030 Hipparchus
1322 961 1444 1030 plus
1487 962 1650 1015 semel
1691 961 1876 1015 docuit

318 1054 374 1108 in
403 1052 562 1106 tertia
593 1053 789 1108 Leonis
815 1060 989 1122 parte,
1038 1068 1145 1106 non
1197 1051 1515 1106 duodecima
1565 1053 1725 1106 situm
1755 1067 1876 1107 esse

318 1149 483 1210 caput
507 1140 654 1196 Ursae
679 1142 922 1212 majoris.
954 1141 1138 1211 Neque
1173 1156 1201 1194 a
1233 1142 1413 1211 scipso
1433 1181 1450 1204 ,
1498 1150 1659 1210 atque
1703 1142 1770 1196 ab
1801 1143 1876 1196 rei

319 1235 544 1286 veritate
574 1242 856 1303 tantopere
906 1234 1236 1288 dissensisse
1278 1235 1381 1287 hoc
1428 1235 1545 1288 loco
1575 1235 1876 1291 credendus

317 1332 422 1385 est,
452 1332 512 1378 ut
549 1323 602 1378 in
636 1324 954 1379 duodecima
992 1333 1144 1394 parte
1177 1334 1457 1380 Statuerct.

390 1415 752 1484 Hipparchum
792 1432 936 1479 vero,
977 1432 1084 1470 non
1122 1416 1174 1470 in
1210 1417 1326 1470 solo
1357 1417 1720 1484 aequinoctiali
1747 1418 1878 1474 stel-

319 1504 496 1557 larum
539 1504 921 1573 longitudines,
954 1506 1047 1559 sed
1075 1505 1320 1558 etiamin
1370 1506 1592 1561 zodiaco
1632 1508 1735 1582 alia
1791 1523 1878 1561 ra-

320 1597 463 1651 tione
491 1611 698 1666 usuque
727 1597 1144 1666 contemplatum
1175 1613 1314 1662 esse,
1338 1612 1403 1652 ex
1439 1598 1578 1653 libro
1622 1601 1742 1666 ejus
1795 1615 1880 1655 se-

320 1688 499 1744 cundo
553 1702 615 1742 ac
662 1689 822 1742 tcrtio
874 1687 1090 1757 probari
1146 1695 1354 1756 potest;
1395 1689 1488 1742 ubi
1545 1689 1612 1744 de
1655 1707 1880 1742 συνανα-

318 1780 498 1844 τολαῖς
527 1789 580 1835 et
609 1779 1032 1848 συγκαταδύσεσι
1070 1781 1305 1835 siderum
1364 1782 1668 1850 disputans,
1696 1792 1877 1851 aperte

323 1874 604 1928 zodiacum
652 1873 706 1926 in
751 1872 1032 1927 duodecim
1088 1882 1266 1942 partes
1316 1877 1586 1944 aequales,
1637 1876 1880 1945 singulas

323 1979 511 2018 earum
549 1965 602 2016 in
637 1963 854 2033 triginta
907 1963 1214 2028 distribuit,
1258 1980 1485 2036 eamque
1534 1966 1879 2035 partitionem

325 2057 394 2110 ab
420 2056 588 2110 initiis
611 2057 888 2126 signorum
915 2053 1213 2126 procedere
1232 2065 1342 2110 tam
1372 2073 1436 2112 ex
1470 2073 1590 2119 sua,
1621 2073 1782 2128 quam
1814 2073 1880 2112 ex

322 2155 564 2202 veterum
618 2145 881 2202 sententia
937 2144 1196 2200 declarat.
1254 2146 1415 2216 Atqui
1452 2147 1498 2203 si
1543 2148 1597 2200 in
1642 2148 1882 2217 aequino-

325 2239 472 2292 ctiali
501 2237 618 2291 solo
647 2237 1010 2306 longitudines
1038 2237 1336 2292 observata;
1367 2236 1618 2301 fuissent,
1649 2253 1756 2292 non
1795 2253 1883 2293 es-

326 2339 408 2384 set
447 2330 498 2383 in
533 2337 715 2398 partes
751 2329 985 2398 aequales
1016 2335 1199 2383 sectus
1241 2328 1528 2394 zodiacus;
1566 2344 1740 2398 neque
1768 2330 1884 2384 sin-

325 2419 447 2488 gula
469 2419 899 2473 dodecatemoria
932 2417 1156 2473 tricenis
1173 2427 1488 2473 constarent
1523 2419 1786 2488 partibus.

396 2510 514 2576 Quo
540 2511 701 2564 etiam
733 2519 1051 2579 argumento
1097 2509 1162 2564 de
1201 2508 1404 2564 Eudoxi
1438 2512 1708 2565 sententia
1749 2525 1884 2564 con-

321 2603 586 2671 jecturam
610 2617 801 2670 capere
848 2609 1028 2670 posset
1062 2602 1260 2670 aliquis
1286 2640 1302 2661 ,
1351 2599 1640 2653 duodecim
1692 2591 1885 2656 abillo

327 2693 479 2763 signa
511 2691 564 2744 in
601 2691 842 2752 zodiaeo,
877 2699 936 2743 ut
961 2691 1026 2744 de
1059 2689 1424 2759 :equinoctiali
1457 2699 1686 2750 taceam,
1711 2691 1884 2745 collo-

325 2791 446 2836 cata
509 2781 903 2850 distribulaque
959 2796 1098 2835 esse.
1158 2779 1365 2834 Etenim
1414 2779 1754 2849 Hipparchus
1817 2783 1884 2835 Ii-

327 2875 425 2930 bro
458 2874 497 2937 I,
533 2889 682 2926 num.
715 2870 828 2936 XII,
859 2881 1182 2942 postremam
1236 2871 1421 2925 caudae
1473 2872 1700 2928 minoris
1735 2873 1887 2930 Ursae

327 2967 402 3018 ait
433 2967 484 3019 in
513 2963 746 3018 Piscium
777 2971 965 3016 octava
1012 2961 1218 3016 decima
1271 2970 1420 3031 parte
1463 2963 1693 3032 positam
1743 2980 1883 3019 esse.

1972 496 2072 548 alia
2090 496 2245 566 longe
2260 497 2574 565 capitaliora
2603 498 2656 550 in
2681 498 2818 552 libro
2848 497 2919 552 De
2936 499 3308 566 anticipatione
3333 503 3528 573 (aqu-In.

1973 585 2134 653 paulo
2152 595 2273 653 post
2291 585 2648 640 excutiemus.

2044 674 2197 730 Hanc
2265 675 2556 746 Hipparchi
2627 678 3106 732 hallucinationem
3170 679 3528 747 asterismos,

1973 765 2086 822 sive
2103 768 2313 822 stellata
2330 766 2495 830 ζῴδια
2511 784 2633 822 cum
2652 769 3101 824 dodecatemoriis
3121 772 3533 840 cognominibus

1973 859 2279 926 promiscue
2335 859 2599 928 capientis
2657 861 2749 913 alii
2805 860 3057 916 similiter
3123 876 3530 931 expresserunt.

1977 947 2176 1004 Scribit
2210 949 2355 1004 enim
2379 951 2530 1004 Arati
2559 951 2882 1008 seholiastes
2908 951 2975 1005 ad
3005 953 3094 1006 illa
3129 955 3286 1008 verba
3318 995 3333 1019 ,

1976 1060 2151 1127 Κρατὶ
2178 1060 2246 1113 δὲ
2268 1064 2321 1113 ol
2336 1062 2571 1129 Δι’δυμοι
2590 1078 2605 1094 ο
2629 1061 2835 1130 μέοζσῃ
2859 1062 2910 1114 δ’
2934 1063 3052 1117 ὑπὸ
3069 1065 3362 1131 Καρκίνος
3380 1064 3531 1118 ἐστι’

1976 1131 2168 1184 Ποσσὶ
2197 1131 2246 1183 δ’
2265 1131 2363 1184 ὑπ’
2388 1131 2767 1200 ἀμφοτέροισι
2789 1133 2951 1186 Λέων
2972 1135 3086 1186 ὑπὸ
3111 1135 3264 1186 καλὰ
3284 1152 3531 1204 φαείνει·

1977 1245 2030 1298 in
2052 1245 2249 1313 quibus
2279 1243 2432 1298 Ursa:
2461 1244 2650 1314 majori
2683 1246 2908 1301 subesse
2939 1247 3071 1300 dicit
3097 1247 3352 1302 Geminos
3389 1249 3534 1304 illius

1977 1333 2137 1403 capiti
2169 1334 2576 1402 respondentes.
2606 1336 2778 1389 ventri
2809 1336 3076 1389 Cancrum
3102 1377 3118 1400 ,
3148 1337 3372 1407 pedibus
3402 1338 3538 1393 Leo-

1980 1439 2119 1478 nem.
2151 1424 2231 1478 Ad
2275 1426 2384 1479 haec
2420 1425 2663 1480 scholion
2696 1427 2946 1481 observat
2989 1429 3253 1496 quosdam
3310 1431 3534 1483 Aratum

1980 1514 2391 1583 reprehendere,
2413 1516 2554 1585 quod
2590 1514 2760 1580 Ursa},
2795 1533 2914 1586 qua:
2940 1519 3137 1586 gradus
3163 1536 3268 1573 non
3303 1521 3535 1590 amplius

1981 1604 2202 1674 triginta
2233 1606 2544 1674 porrigitur,
2579 1607 2829 1660 subtendi
2862 1609 3153 1676 nonaginta
3183 1610 3406 1678 gradus.
3435 1616 3536 1664 hoc

1980 1705 2064 1750 est
2094 1696 2193 1749 tria
2234 1696 2666 1752 dodecatemoria
2697 1698 2961 1768 signiticet
2998 1719 3010 1754 :
3051 1716 3210 1770 quam
3266 1703 3333 1756 ad
3385 1703 3536 1770 obje-

1979 1787 2211 1840 ctionem
2247 1803 2508 1856 nugarum
2536 1789 2718 1844 nescio
2744 1790 2870 1858 quid
2895 1791 3182 1860 expromit.
3214 1791 3357 1846 Nihil
3390 1793 3534 1846 enim

1977 1873 2126 1936 dicit,
2154 1874 2297 1943 quod
2339 1875 2601 1929 indictum
2633 1892 2740 1930 non
2779 1879 2972 1932 melius
3007 1879 3097 1933 sit.
3139 1877 3244 1934 Sed
3274 1881 3535 1934 nimirunt

1977 1963 2079 2018 hoc
2114 1964 2242 2018 illud
2275 1976 2376 2030 est,
2403 1967 2546 2036 quod
2588 1969 2795 2035 monui,
2826 1978 3048 2039 putasse
3071 1971 3163 2040 qui
3195 1972 3274 2026 sic
3307 1971 3534 2040 objicie-

1979 2055 2108 2109 bant
2143 2056 2368 2110 Aratum
2413 2059 2786 2126 Geminorum,
2843 2061 3040 2116 Cancri
3065 2075 3118 2117 et
3150 2063 3344 2118 Leonis
3376 2079 3534 2118 voca-

1981 2144 2122 2199 bulis
2156 2146 2486 2202 intellexisse
2517 2149 2975 2213 dodecatemoria,
3011 2168 3132 2205 cum
3185 2153 3252 2207 de
3308 2155 3534 2208 stellatis

1983 2236 2169 2303 ﬁguris
2210 2237 2482 2306 loquatur.
2519 2237 2654 2291 Nam
2687 2240 2790 2293 hoc
2821 2243 3118 2309 posteriore
3157 2259 3318 2298 sensu
3351 2261 3534 2298 verum

1980 2336 2064 2382 est
2095 2331 2237 2398 quod
2286 2329 2484 2384 Aratus
2535 2332 2760 2393 docuit,
2816 2333 2894 2386 uti
2928 2345 3114 2388 contra
3169 2334 3534 2405 Hipparchum

1981 2420 2337 2474 ostendimus.
2397 2420 2530 2486 Quis
2594 2439 2700 2477 non
2769 2425 2995 2479 miretur
3050 2427 3186 2480 adeo
3237 2429 3536 2483 obcaecatos

1983 2507 2153 2564 fuisse
2178 2510 2388 2579 priscos
2413 2512 2532 2566 illos
2555 2521 2605 2566 et
2624 2515 2862 2584 insignes
2881 2526 3242 2580 astronomos,
3270 2528 3320 2573 et
3347 2535 3535 2574 eorum

1981 2599 2276 2669 principem
2308 2599 2692 2671 Hipparchum,
2727 2613 2785 2657 ut
2838 2606 2941 2660 ista
2975 2625 3080 2661 non
3116 2611 3347 2664 viderint
3375 2614 3398 2665 ?
3432 2612 3537 2667 Sed

1982 2693 2185 2747 erroris
2214 2707 2399 2748 ansam
2428 2711 2492 2748 ex
2533 2709 2598 2748 eo
2625 2706 2907 2764 ceperunt,
2940 2699 3080 2766 quod
3119 2701 3360 2769 ipsorum
3401 2710 3540 2756 tem-

1985 2798 2114 2853 pore
2142 2785 2366 2839 stellatze
2414 2786 2692 2855 signorum
2741 2787 2955 2857 clligies.
2997 2790 3238 2858 ejusdem
3302 2794 3539 2850 nominis

1986 2873 2418 2930 dodecatemoria
2462 2877 2734 2932 tenebant.
2778 2880 2901 2934 Ideo
2936 2880 3144 2935 lubrica
3169 2887 3298 2934 tunc
3321 2889 3460 2944 erat,
3486 2891 3540 2937 et

1987 2974 2289 3035 opportuna
2323 2966 2495 3021 fraudi
2533 2976 2716 3022 mutua
2747 2972 3132 3026 vocabulorum
3179 2973 3492 3028 communio
3520 2993 3534 3028 :

325 3056 396 3108 At
435 3055 732 3110 secundum
769 3055 1068 3108 institutam
1100 3054 1167 3107 ab
1200 3053 1422 3108 Eudoxo
1455 3053 1772 3110 divisionem
1798 3071 1888 3110 zo-
1915 3085 1956 3142 ο
1989 3057 2133 3127 quod
2166 3057 2325 3113 hodie
2358 3059 2540 3115 minus
2581 3061 2797 3123 accidit,
2826 3073 3043 3132 propter
3085 3067 3305 3133 sphaera:
3336 3072 3541 3119 octava

326 3147 488 3209 diaci,
520 3147 574 3200 in
606 3146 763 3200 tertio
796 3145 962 3215 gradu
994 3145 1190 3200 Arietis
1215 3144 1334 3207 εὨς
1357 3145 1412 3198 δὲ
1445 3145 1667 3210 Εὔδοξος
1690 3147 1886 3219 διαιρεῖ

325 3239 417 3290 τὸν
454 3237 714 3302 ζωδιακὸν
741 3236 955 3300 κύκλον,
982 3236 1121 3288 κατὰ
1135 3235 1230 3306 τὴν
1259 3243 1306 3304 γ’
1340 3237 1446 3307 μοι.
1469 3237 1560 3290 τοῦ
1590 3239 1777 3309 Κριοῦ.
1810 3239 1884 3293 Ita

325 3329 470 3382 enim
502 3326 876 3397 castigandum
908 3343 1028 3381 esse
1058 3327 1232 3381 locum
1279 3329 1440 3382 istum
1487 3330 1676 3399 capite
1715 3329 1751 3382 ν
1799 3347 1888 3386 se-

326 3418 513 3488 quenti
579 3417 1062 3472 de’rnonstrabitur.
1121 3415 1320 3471 Verum
1379 3419 1423 3471 si
1483 3419 1548 3473 ad
1603 3421 1884 3474 zodiacum

327 3525 450 3563 eum
476 3549 490 3571 ,
526 3508 617 3577 qui
649 3508 866 3577 proprie
894 3514 1118 3561 vocatur
1137 3545 1151 3568 ,
1176 3507 1417 3560 calculus
1449 3508 1551 3561 iste
1581 3508 1844 3563 referatur
1867 3549 1883 3574 ,

329 3615 439 3654 non
469 3606 663 3652 octavo
697 3597 906 3651 decimo
937 3595 1104 3666 gradu
1123 3595 1380 3659 Piscium,
1416 3596 1510 3650 scd
1544 3595 1707 3650 Tauri
1741 3598 1885 3654 vice-

331 3692 472 3744 simo
509 3703 654 3742 nono
685 3688 836 3741 stella
870 3687 972 3741 ista
1002 3687 1344 3749 versabatur,
1381 3694 1439 3739 ut
1486 3701 1650 3756 supra
1699 3687 1890 3742 docui.

330 3796 472 3835 nius.
525 3779 760 3834 Necesse
811 3785 897 3831 est
956 3791 1084 3846 ergo
1137 3777 1417 3831 zodiacum
1466 3778 1732 3832 circulum
1790 3794 1888 3848 pro

327 3868 692 3941 aequinoctiali
726 3868 794 3921 ab
825 3866 1129 3938 Hipparcho
1180 3869 1386 3939 accipi;
1432 3886 1552 3922 nam
1606 3873 1671 3925 ad
1721 3875 1887 3942 aequi-

330 3962 616 4017 noctialem
644 4001 660 4025 ,
714 3960 1095 4030 parallelumve
1125 3961 1490 4030 aequinoctiali
1525 3963 1789 4018 circulum
1822 3966 1890 4018 si-

330 4063 417 4107 tus
447 4053 534 4106 ille
571 4052 739 4106 stellae
769 4051 1036 4122 congruit.
1072 4051 1340 4116 Quocirca
1391 4055 1564 4110 mirus
1598 4056 1699 4110 iste
1733 4057 1887 4111 locus

329 4153 413 4198 est
465 4142 777 4212 Hipparcni,
827 4143 1089 4212 siquidem
1147 4143 1576 4212 tequinoctialem
1618 4161 1740 4200 cum
1796 4162 1888 4199 zo-

329 4234 488 4288 diaco
557 4234 862 4303 promiscue
915 4247 1207 4300 usurpasse
1276 4241 1543 4288 monstrat
1609 4235 1883 4305 antiquos.

331 4325 543 4379 Etenim
573 4332 691 4378 uter
721 4339 750 4378 e
781 4323 994 4377 duobus
1025 4324 1145 4378 istis
1177 4324 1400 4379 circulis
1431 4326 1483 4378 in
1509 4337 1686 4394 partes
1706 4343 1886 4398 aequa-

1986 3157 2042 3204 et
2077 3151 2482 3205 asterismorum
2516 3152 2569 3206 in
2606 3167 2666 3206 ea
2698 3155 3021 3224 προηγησιν,
3059 3155 3174 3221 Qua
3207 3156 3402 3210 factum
3433 3168 3537 3222 est,

1986 3248 2045 3295 ut
2072 3241 2326 3311 pleraque
2376 3241 2540 3306 ζώδια
2594 3253 2746 3298 extra
2791 3260 2891 3299 sua
2924 3245 3357 3302 dodecatemoria
3410 3264 3541 3304 con-

1982 3329 2201 3386 sistant.
2678 3353 2680 3356 ν

2587 3447 2812 3504 CAPUT
2853 3448 2943 3504 III.

1987 3533 2199 3589 Eudoxi
2222 3540 2499 3612 sentegtia,
2534 3552 2715 3612 contra
2751 3551 2904 3610 atque
2939 3540 3269 3609 Hipparchus
3313 3547 3539 3612 putavit,

2055 3609 2312 3676 exposita.
2351 3608 2597 3675 Eiusdem
2625 3608 2911 3678 Hipparchi
2941 3608 3089 3666 errOr
3119 3608 3543 3669 dodecatemoria

2058 3694 2176 3749 cum
2216 3679 2505 3733 asterismis
2555 3681 2940 3749 confundentis.
2986 3684 3182 3736 Aratus
3233 3694 3280 3738 et
3330 3683 3542 3740 Servius

2057 3748 2338 3802 illustrati.

2059 3862 2401 3934 Hipparchus
2429 3864 2582 3919 initio
2614 3865 2736 3919 libri
2766 3864 2810 3918 II
2846 3873 3039 3919 auctor
3072 3874 3178 3931 est,
3207 3867 3545 3936 antiquiores

1991 3955 2425 4020 mathematicos,
2468 3963 2562 4008 aut
2589 3969 2779 4010 omnes
2823 3963 2915 4007 aut
2969 3956 3270 4024 plerosque,
3297 3957 3543 4012 cardines

1989 4048 2181 4101 solaris
2239 4045 2506 4100 circuitus
2575 4045 2780 4099 zodiaci
2839 4045 3117 4112 signorum
3185 4044 3353 4100 initiis
3398 4048 3546 4100 attri-

1988 4135 2172 4189 buisse
2201 4155 2214 4191 :
2251 4135 2412 4206 idque
2440 4136 2664 4188 Aratum
2694 4135 2746 4188 in
2784 4150 2947 4204 opere
2977 4150 3076 4188 suo
3118 4144 3384 4190 secutum.
3436 4136 3546 4190 Καὶ

1989 4227 2093 4281 ὑπὸ
2129 4229 2238 4282 τῶν
2263 4228 2502 4299 ἀρχαίων
2539 4227 2595 4280 δὲ
2637 4227 3031 4298 μαθηματικῶν
3076 4228 3290 4281 πάντων
3339 4228 3543 4298 σχεδὸν.

1988 4317 2022 4389 ἢ
2074 4317 2181 4370 τῶν
2227 4316 2522 4380 πλείστων,
2583 4315 2770 4368 τοῦτον
2812 4317 2902 4369 τὸν
2955 4317 3152 4384 τρόπον
3210 4319 3238 4369 ὁ
3288 4315 3546 4382 ζωδιακὸς

331 4416 409 4470 les
437 4414 730 4476 dividatur,
765 4414 990 4466 alterum
1015 4420 1229 4480 oportet
1259 4414 1600 4480 inaequaliter
1620 4431 1742 4470 esse
1766 4433 1884 4485 par-
1919 4417 1960 4471 D
1988 4409 2184 4472 κύκλος
2211 4409 2451 4480 διῄρητο·
2486 4427 2504 4458 ε
2531 4410 2707 4478 Atque
2743 4409 2842 4462 hac
2875 4411 3084 4463 ratione
3121 4409 3400 4463 ZUdiacum
3435 4413 3543 4465 cir-

331 4507 511 4559 titum.
550 4502 684 4558 Cum
714 4518 843 4572 ergo
878 4504 1310 4556 demonstratum
1363 4505 1435 4558 sit
1469 4506 1538 4559 ab
1583 4505 1889 4575 Hipparcho

302 4595 387 4649 .in
443 4595 534 4647 illa
585 4601 776 4646 contra
826 4591 1108 4646 Eudoxum
1160 4592 1562 4660 disputatione,
1621 4595 1887 4648 circulum

327 4685 756 4756 aequinoctialem
787 4684 840 4736 in
873 4699 946 4737 xu
987 4684 1141 4753 signa
1191 4683 1485 4746 distribui,
1536 4684 1601 4738 ad
1659 4701 1891 4756 eumque

329 4777 610 4832 stellarum
641 4774 829 4830 referri
878 4773 1274 4842 longitudines,
1329 4773 1613 4842 inatqualia
1647 4789 1768 4828 esse
1799 4792 1891 4829 zo-

329 4867 472 4922 diaci
496 4876 772 4936 segmenta
805 4880 1023 4920 necesse
1043 4873 1160 4929 est;
1192 4880 1312 4933 quas
1347 4865 1563 4935 proprie
1588 4864 1753 4928 ζῴδια
1788 4882 1889 4920 ηο-

331 4959 627 5010 minantur.
675 4953 867 5008 Verum
893 4962 998 5006 tam
1029 4953 1422 5023 aequinoctialis
1454 4953 1891 5008 dodecatemoria

329 5048 495 5113 ζὼδια
532 5054 798 5101 vocantur
836 5046 890 5098 in
917 5047 1066 5100 calce
1093 5046 1213 5099 libri
1245 5044 1399 5114 primi
1434 5045 1502 5098 ab
1536 5045 1844 5114 Hipparcho
1871 5084 1886 5107 ,

328 5155 492 5209 quam
525 5139 763 5193 circulus
798 5137 938 5192 idem
988 5137 1077 5191 ille
1125 5135 1400 5191 zodiacus.
1446 5134 1813 5191 Nihilominus
1840 5145 1894 5190 et

331 5233 397 5295 is,
435 5247 592 5302 quem
613 5231 828 5301 proprie
849 5228 1131 5283 zodiacum
1153 5228 1509 5298 appellamus,
1537 5227 1740 5298 quique
1763 5229 1894 5282 stel-

329 5325 436 5377 Iata
467 5323 618 5392 signa
645 5323 898 5382 sustinet,
923 5319 1204 5389 aequaliter
1234 5319 1288 5372 in
1336 5316 1627 5372 duodecim
1685 5318 1850 5381 ζώδια
1875 5357 1890 5382 ,

331 5423 620 5483 partesque
650 5428 817 5468 cccu
861 5411 928 5465 ab
986 5409 1172 5465 eodem
1206 5408 1516 5480 Hipparcho
1546 5410 1687 5465 libro
1742 5410 1785 5464 II
1839 5418 1893 5466 et

331 5504 397 5560 Ill
427 5505 703 5559 tribuitur.
739 5503 894 5559 Unde
925 5517 1110 5556 verum
1152 5509 1235 5556 est
1258 5541 1273 5564 ,
1319 5502 1463 5571 quod
1499 5517 1663 5572 supra
1696 5501 1892 5556 docui-

330 5611 474 5663 mus,
503 5596 702 5666 duplici
737 5595 946 5648 ratione
981 5607 1043 5645 ac
1088 5590 1304 5646 duobus
1348 5591 1401 5645 in
1451 5592 1673 5646 circulis
1705 5593 1892 5660 signo-

332 5704 452 5744 rum
490 5689 831 5759 partitionem
877 5686 944 5741 ab
976 5684 1212 5754 antiquis
1243 5684 1546 5740 artilicibus
1580 5684 1891 5742 institutam

1990 4501 2173 4554 culum
2209 4499 2572 4555 mathematici
2613 4501 2999 4570 propemodum
3047 4515 3235 4555 omnes
3297 4509 3390 4554 aut
3436 4501 3549 4570 ple-

1991 4590 2148 4660 rique
2180 4592 2362 4660 partiti
2391 4601 2537 4646 sunt.
2579 4611 2596 4642 ι
2630 4592 2857 4646 Constat
2882 4599 3060 4644 tamen
3090 4591 3362 4645 interdum
3395 4593 3543 4655 alibi,

1990 4697 2152 4750 quam
2186 4683 2238 4737 in
2273 4684 2548 4754 signorum
2601 4683 2901 4752 principiis,
2927 4684 3252 4752 :cquinoctia
3287 4693 3340 4738 et
3365 4685 3550 4739 solsti-

1992 4772 2066 4826 tia
2100 4775 2354 4828 collocari
2389 4774 2661 4844 quondam
2700 4774 2857 4828 solita
2896 4773 3098 4837 fuisse,
3130 4790 3306 4843 neque
3335 4775 3387 4829 id
3418 4791 3546 4828 eon-

1993 4872 2220 4917 stanter.
2253 4864 2386 4918 Nam
2421 4865 2511 4918 alii
2556 4865 2608 4917 in
2645 4864 2906 4934 principia
2941 4865 3034 4934 (ait
3067 4864 3308 4920 Achilles
3359 4865 3550 4920 Tatius

1993 4969 2112 5024 cap.
2148 4953 2358 5022 XXIV),
2387 4955 2477 5008 alii
2509 4955 2562 5008 in
2595 4964 2814 5010 octavas
2847 4963 3048 5023 partes,
3078 4957 3169 5010 alii
3207 4957 3260 5011 in
3293 4957 3551 5012 duodeci-

1995 5060 2132 5107 mas,
2159 5046 2246 5099 alii
2275 5046 2328 5098 in
2353 5046 2574 5115 quintas
2611 5045 2851 5102 decimas
2877 5087 2892 5110 ,
2934 5048 3036 5102 hoc
3066 5056 3150 5104 est
3182 5049 3358 5105 media
3391 5049 3447 5104 in
3476 5051 3552 5106 si-

1995 5152 2098 5206 gna
2129 5135 2502 5192 conferebant.

2068 5227 2345 5282 Eudoxum
2381 5229 2821 5283 mathematicum
2853 5230 3142 5300 insignem,
3182 5228 3275 5300 qui
3321 5228 3553 5286 Metonis

1995 5327 2150 5373 aetate
2183 5319 2350 5380 vixit,
2395 5319 2647 5374 cardines
2693 5320 2842 5390 ipsos
2894 5320 2947 5374 in
2993 5320 3184 5374 mediis
3238 5321 3408 5392 signis
3463 5337 3554 5392 po-

1997 5411 2174 5466 suisse
2227 5421 2482 5465 accurate
2527 5411 2720 5478 probat
2771 5410 3110 5482 Hipparchus
3157 5413 3251 5468 lib.
3313 5413 3357 5466 II
3403 5415 3551 5484 (pag.

1996 5501 2141 5572 120),
2170 5501 2346 5556 allatis
2374 5500 2661 5570 ipsiusmet
2708 5500 2912 5556 Eudoxi
2944 5502 3125 5557 verbis
3152 5520 3163 5556 :
3194 5518 3314 5572 qua:
3349 5503 3395 5558 si
3429 5507 3555 5572 quis

1995 5593 2296 5665 expendere
2342 5594 2630 5647 nobiscum
2661 5593 2826 5658 velit,
2867 5592 3010 5647 haud
3049 5593 3209 5648 Iaeile
3246 5593 3555 5665 Hipparcho

1996 5686 2061 5741 de
2090 5683 2294 5741 Eudoxi
2318 5685 2570 5756 opinione
2605 5685 2695 5739 illa
2732 5686 3054 5743 consentiet.
3082 5684 3216 5740 Nam
3241 5686 3397 5748 longe
3427 5686 3553 5743 alia.
