4036 6218
624 275 762 338 131⁸1

1639 283 1729 338 AD
1766 279 2027 339 EUSEBII
2059 279 2448 340 CHRONICON
2477 281 2834 342 APPENDIX.

3642 297 3738 355 {SL8

621 412 786 468 qnam
820 393 1403 471 putavitllipparchus,
1433 400 1799 472 mihiquidem
1822 402 1877 456 in
1907 401 2014 458 illis
2042 392 2176 458 locis
2205 412 2250 466 Α
2283 421 2300 454 ι
2343 401 2482 456 Sunt
2519 410 2692 460 autem
2734 405 2787 458 in
2829 405 2946 474 ipso
2982 403 3154 460 media
3188 407 3486 477 Capricorni
3511 453 3524 475 ,
3549 423 3594 468 et
3621 417 3740 484 pedes

623 490 760 544 velle
782 487 1042 546 Eudoxus
1069 491 1302 550 videtur.

693 579 866 636 Verba
898 581 1119 638 .Eudoxi
1147 602 1161 638 :
1193 585 1452 656 Δεύτερος
1501 584 1558 638 δέ
1618 587 1732 638 ἐστι
1767 584 1993 648 κύκλος,
2033 587 2093 638 tv
2135 577 2179 653 ᾧ

623 669 831 743 θεριναὶ
887 672 1085 742 τροπαὶ
1142 674 1397 743 γίνονται.
1450 675 1602 728 Ἔστι
1657 677 1713 730 δὲ
1772 679 1830 730 tv
1886 674 2057 746 τούτῳ
2113 678 2180 731 τα

626 761 766 832 μέσα
789 760 882 815 τοῦ
914 763 1206 835 Καρκίνου.
1249 783 1266 815 ι
1306 763 1588 821 Secundus
1621 781 1750 822 vero
1785 768 2026 822 circulus
2053 776 2177 832 est,

622 851 676 906 in
705 868 813 922 quo
837 860 921 907 est
955 855 1246 910 solstitium
1277 856 1543 910 aestivum.
1597 856 1655 910 In
1694 873 1761 913 eo
1792 874 1954 928 porro
1980 857 2176 915 Cancri

619 942 795 996 media
825 951 970 997 sunt.
1011 962 1030 996 ι
1072 945 1226 1009 Item,
1254 947 1444 1017 Τρίτος
1474 946 1530 1000 δέ
1561 948 1674 1000 ἐστι
1706 947 1924 1013 κύκλος,
1957 951 2012 1000 tv
2041 941 2085 1017 ᾧ
2122 949 2178 1002 αι

623 1029 900 1102 ἰσημερίαι
933 1032 1190 1099 γίνονται.
1232 1035 1385 1086 Ἔστι
1444 1033 1502 1088 δὲ
1550 1037 1606 1088 tv
1656 1035 1826 1106 τούτῳ
1866 1035 1934 1089 τά
1981 1053 2040 1088 τε
2084 1034 2178 1089 τοῦ

619 1120 791 1193 Κριοῦ
821 1123 960 1193 μέσα
980 1125 1071 1177 καὶ
1095 1123 1162 1176 τὰ
1189 1123 1296 1178 τῶν
1328 1125 1538 1196 Χηλῶν.
1570 1126 1837 1198 Τέταρτος
1863 1126 1940 1189 δὲ,
1969 1129 2026 1179 tv
2047 1121 2091 1194 ᾧ
2122 1129 2178 1180 at

619 1215 921 1286 χειμεριναὶ
963 1218 1160 1286 τροπαὶ
1205 1217 1462 1285 γίνονται.
1507 1219 1662 1272 Ἔστι
1707 1218 1765 1270 δὲ
1804 1221 1862 1272 tv
1895 1218 2068 1289 τούτῳ
2109 1220 2180 1274 τὰ

622 1302 761 1374 μέσα
791 1303 885 1358 τοῦ
920 1307 1218 1378 Δίγόκερω.
1287 1327 1303 1357 ι
1341 1306 1557 1364 Tertius
1580 1324 1707 1364 vero
1738 1310 1977 1365 circulus
1996 1319 2100 1372 est,
2125 1313 2178 1364 in

617 1409 728 1464 quo
771 1395 907 1450 ﬁunt
967 1399 1327 1468 aequinoctia;
1376 1399 1431 1453 in
1481 1415 1548 1455 eo
1595 1401 1767 1456 media
1813 1409 1940 1456 sunt
1977 1400 2178 1457 Arietis

617 1494 671 1542 et
699 1486 1006 1544 Chelarum.
1041 1489 1280 1554 Quartus
1308 1497 1508 1555 autem,
1540 1490 1594 1544 in
1625 1507 1732 1560 quo
1767 1491 2063 1547 solstitium
2092 1498 2178 1545 est

617 1577 926 1634 hibernum.
955 1579 1013 1634 In
1045 1596 1109 1636 eo
1136 1595 1262 1635 vero
1284 1587 1413 1635 sunt
1439 1580 1615 1636 media
1642 1579 1952 1652 Capriconi.
1994 1602 2011 1634 ι
2041 1581 2178 1636 Rur-

617 1684 713 1726 sus
734 1670 968 1742 idipsum
996 1680 1051 1727 et
1086 1673 1194 1727 alio
1225 1671 1433 1727 Eudoxi
1474 1673 1786 1728 testimonio
1809 1671 2173 1729 demonstrari

2280 492 2542 562 Aquarii,
2574 503 2628 548 et
2675 495 2846 548 cauda
2892 494 3044 558 Ceti,
3095 505 3147 549 et
3176 494 3340 552 Fluvii
3379 500 3548 556 ﬂexus.
3582 521 3598 554 ι
3625 505 3738 560 Addit

2279 581 2562 655 Leporem,
2588 593 2642 640 et
2673 585 2836 640 Canis
2868 585 3053 655 pedes,
3083 594 3136 640 et
3162 596 3371 649 caetera.
3401 590 3555 646 donec
3585 594 3738 662 perSa-

2279 675 2553 746 gittarium
2597 677 2664 731 ad
2710 677 2898 732 eadem
2945 677 3257 745 Capricorni
3307 679 3469 734 media
3512 688 3742 752 perveniat.

2279 766 2569 838 Propterea
2629 767 2769 821 libro
2803 767 2992 822 eodem
3019 807 3034 832 ,
3091 783 3241 826 num.
3275 768 3430 837 XXII,
3454 785 3512 826 ac
3532 773 3742 847 deinceps.

2279 857 2621 928 Hipparchus
2672 859 2911 928 tropicos
2985 859 3125 915 duos
3172 869 3227 916 et
3288 861 3666 932 aequinoctialem
3701 887 3744 922 ex

2280 948 2490 1004 Eudoxi
2525 953 2792 1006 sententia
2845 950 3137 1014 describit,
3178 967 3241 1006 ac
3269 954 3502 1010 caelestes
3545 954 3746 1022 imagines

2280 1048 2547 1103 recenset,
2584 1056 2681 1111 per
2717 1056 2856 1112 quas
2886 1042 2964 1094 illi
3007 1051 3303 1097 transeunt.
3354 1041 3502 1098 Velut
3538 1049 3746 1115 trepicum

2277 1132 2526 1187 aestivum
2559 1148 2654 1202 per
2678 1130 2873 1187 Cancri
2897 1146 2962 1187 ac
2989 1130 3188 1187 Leonis
3212 1134 3381 1189 media
3410 1137 3595 1205 trajici,
3625 1138 3746 1208 atqui-

2278 1223 2562 1278 noctialem
2593 1238 2688 1293 per
2718 1221 2916 1278 Arietis
2947 1222 3123 1278 media
3142 1262 3158 1286 ,
3205 1223 3571 1295 Chelarumque
3596 1237 3748 1296 partem

2277 1314 2494 1368 asserit.
2526 1312 2604 1367 Ex
2629 1313 2832 1383 quibus
2879 1315 3226 1384 perspicuum
3252 1323 3334 1369 est
3359 1313 3614 1369 Eudoxum
3651 1331 3751 1372 asu-

2277 1405 2472 1459 rismos
2528 1405 2865 1460 intellexisse
2916 1418 2979 1459 ac
3030 1403 3231 1474 ﬁguras
3266 1406 3523 1461 cmlestes.
3554 1404 3613 1460 Ut
3649 1408 3750 1462 enim

2276 1510 2399 1549 cum
2425 1495 2691 1564 tropicum
2729 1495 2978 1549 mstivum
3012 1497 3087 1549 ait
3115 1512 3214 1566 per
3236 1494 3458 1551 Leonem
3482 1497 3676 1551 medium
3695 1514 3753 1552 se

2275 1585 2512 1640 cundum
2547 1586 2936 1656 longitudinem
2987 1587 3256 1654 transire,
3315 1603 3503 1658 perque
3539 1591 3754 1644 constella-

2277 1678 2453 1733 tiones
2474 1687 2694 1733 cazteras
2717 1695 2731 1744 ;
2776 1677 3011 1748 itemque
3043 1679 3308 1748 tropicum
3337 1680 3562 1735 aestivum
3583 1697 3659 1750 per
3685 1681 3754 1737 Sa-

616 1763 692 1818 ait
717 1766 996 1833 apertius;
1034 1765 1088 1820 in
1139 1781 1250 1836 quo
1302 1765 1369 1820 de
1412 1765 1628 1820 Coluris
1677 1781 1841 1835 agens
1864 1805 1880 1829 ,
1944 1766 2173 1820 alterum
2206 1744 2248 1803 Β
2275 1769 2572 1840 gittarium,
2597 1767 2810 1832 Cetum,
2836 1744 3106 1833 Fluvium,
3129 1744 3243 1826 etc.
3272 1789 3285 1825 :
3322 1786 3425 1826 non
3453 1744 3754 1830 dodeeatemoc

617 1853 810 1907 scribit
843 1854 1126 1909 continere
1151 1852 1213 1908 τὸ
1244 1856 1406 1925 μέσον
1433 1853 1524 1906 τοῦ
1558 1853 1851 1925 Καρκίνου,
1887 1871 1906 1904 ι
1937 1853 2173 1908 medium

613 1943 835 2005 Cancri,
860 1952 914 1998 et
935 1945 996 1998 τὸ
1028 1945 1188 2016 μέσον
1221 1945 1314 1998 τοῦ
1369 1945 1682 2015 Αίγόκερω,
1717 1963 1736 1996 ι
1793 1945 2026 1999 medium
2072 1943 2176 1998 Ca-

616 2034 888 2105 pricorni,
917 2054 936 2088 ι
969 2035 1198 2090 alterum
1231 2051 1379 2100 vero,
1414 2035 1702 2090 Chelarum
1733 2041 1790 2089 et
1815 2035 2012 2090 Arietis
2072 2051 2176 2090 me-

612 2125 723 2180 dia.
757 2125 881 2181 Haec
903 2127 1061 2180 unica
1087 2133 1213 2182 sunt
1252 2127 1318 2182 de
1370 2125 1593 2180 Eudoxo
1617 2124 1966 2194 llipparchea‘.
1995 2126 2176 2196 suspi-

612 2217 788 2272 cionis
815 2225 1132 2287 argumenta
1162 2255 1178 2280 ,
1241 2233 1362 2288 qua:
1405 2233 1511 2271 non
1550 2215 1706 2270 valde
1761 2215 1891 2269 mihi
1949 2232 2174 2286 persua-

611 2305 774 2370 dent;
813 2307 922 2361 imo
949 2306 1284 2362 contrarium
1337 2308 1520 2377 potius
1547 2305 1614 2360 iis
1634 2321 1699 2360 ex
1729 2305 1888 2369 locis,
1920 2315 2081 2377 atque
2107 2322 2173 2361 ex

609 2395 844 2468 lpsomet
871 2397 1178 2470 Hipparcho
1212 2399 1443 2469 probare
1469 2413 1630 2468 posse
1660 2398 1869 2454 videor.

684 2486 774 2542 Sic
798 2488 959 2559 igitur
990 2489 1243 2544 existimo
1272 2508 1286 2544 :
1320 2505 1431 2544 non
1461 2488 1529 2543 de
1556 2488 1728 2559 signis
1755 2487 1910 2558 ipsis,
1938 2487 2052 2543 sive
2073 2487 2170 2544 doc

611 2577 992 2636 decatemoriis
1038 2580 1092 2635 in
1148 2582 1406 2649 zodiaca,
1459 2582 1542 2636 vel
1589 2582 1958 2652 aequinoctiali
2009 2585 2171 2653 primi

609 2669 737 2726 οωιὶ
767 2670 1058 2741 descriptis
1086 2671 1196 2726 illic
1224 2671 1504 2728 Eudoxum
1529 2687 1720 2742 agere;
1762 2672 1858 2728 sed
1890 2672 1956 2728 de
1989 2675 2171 2728 stella-

608 2762 682 2818 tis
710 2762 1034 2833 imaginibus
1076 2771 1129 2818 et
1153 2764 1454 2819 asterismis
1480 2782 1492 2818 :
1523 2779 1660 2836 quos
1683 2764 1898 2820 tametsi
1921 2765 1972 2818 in
1992 2765 2169 2835 primo

608 2853 795 2908 mobili
840 2860 972 2909 aetas
1018 2853 1223 2910 Eudoxi
1251 2855 1576 2910 collocavit:
1620 2855 1764 2926 quod
1819 2865 1931 2910 tum
1985 2857 2167 2912 nullus

608 2943 900 3014 peculiaris
931 2943 1178 2999 stelliferi
1211 2945 1336 2999 cceli
1362 2945 1512 2999 orbis
1547 2953 1728 3001 motus
1762 2945 1830 3000 ab
1863 2945 2165 3001 artiﬁcibus

606 3041 828 3088 notatus
875 3041 1052 3101 esset;
1088 3042 1147 3088 ut
1193 3049 1224 3088 a
1253 3049 1508 3104 supremo
1537 3035 1670 3089 orbe
1700 3035 1962 3106 distingui
1991 3051 2163 3090 mere-

607 3131 788 3188 retur,
817 3132 877 3178 ut
904 3139 970 3180 ex
1001 3124 1290 3180 Aristotele
1309 3135 1525 3182 constat
1554 3126 1650 3181 lib.
1680 3123 1723 3179 ll
1755 3125 1834 3180 De
1864 3127 2014 3190 cwlo,
2042 3142 2162 3198 cap.

606 3212 722 3271 XII.
753 3212 955 3271 Tamen
979 3230 1103 3270 cum
1133 3216 1378 3287 ejusdem
1409 3217 1598 3288 prima:
1626 3218 1850 3288 sphaera:
1880 3219 2168 3275 dodecate-

605 3306 797 3362 moriis
843 3306 1066 3360 minime
1113 3307 1265 3377 paria
1293 3305 1470 3362 facere
1507 3306 1902 3374 credebantur,
1933 3307 2028 3364 sed
2055 3309 2169 3363 dis-

606 3399 776 3452 tincta
830 3406 987 3452 erant
1035 3397 1265 3453 invicem
1293 3438 1308 3463 ,
1357 3407 1415 3452 ut
1449 3398 1590 3454 alius
1625 3408 1772 3454 esset
1825 3399 2021 3466 Aries,
2063 3400 2165 3456 hoc

602 3497 690 3545 cst
710 3488 887 3560 imago
917 3491 1060 3560 picta
1091 3491 1266 3545 stellis
1331 3489 1569 3555 Arietis;
1606 3489 1753 3545 aliud
1782 3491 2019 3562 signum.
2053 3492 2167 3547 sive

602 3588 941 3652 segmentum
974 3581 1215 3650 Arietis;
1248 3593 1343 3637 aut
1388 3581 1716 3638 duodecima
1751 3599 1901 3654 pars,
1934 3600 2044 3639 non
2075 3601 2167 3640 so-

603 3671 715 3726 lum
743 3670 969 3739 zodiaci,
994 3673 1090 3728 sed
1122 3674 1291 3728 multo
1313 3674 1484 3745 magis
1503 3674 1908 3745 aequinoctialis
1929 3677 2121 3732 circuli
2149 3693 2164 3742 ;

602 3763 659 3817 in
689 3779 797 3834 quo
822 3763 992 3833 prius,
1017 3779 1176 3834 quam
1213 3766 1265 3818 in
1300 3765 1412 3832 illo,
1445 3765 1732 3822 duodecim
1759 3767 1916 3837 signa
1963 3771 2168 3824 consti-

599 3859 717 3908 tuta
742 3861 888 3910 sunt.
911 3853 1028 3920 Qua
1055 3855 1123 3910 de
1150 3870 1209 3910 re
1255 3857 1420 3927 paulo
1449 3867 1570 3926 post
1593 3866 1805 3928 agetur.
1839 3857 2015 3914 Doceo
2053 3862 2166 3932 pri-

600 3959 750 4000 mum
780 3944 1060 4000 Eudoxum
1093 3947 1202 4002 illis
1231 3948 1489 4003 omnibus
1529 3950 1584 4003 in
1617 3950 1752 4005 locis
1776 3990 1790 4015 ,
1838 3966 1958 4020 quae
1989 3953 2163 4006 media

597 4043 757 4092 vocat
787 4037 1006 4103 Arietis,
1033 4035 1250 4103 Cancri,
1281 4025 1462 4094 Libr’ae
1493 4047 1548 4095 et
1575 4039 1929 4110 Capricorni,
1983 4043 2165 4098 stella-

600 4137 776 4183 tarum
806 4129 1100 4200 imaginum
1133 4139 1186 4185 et
1211 4132 1626 4188 asterismorum
1662 4131 1838 4186 media
1859 4133 2162 4190 nominare.

596 4219 714 4277 Hoc
742 4237 870 4278 vero
898 4239 1005 4276 non
1042 4223 1280 4288 aliunde,
1318 4240 1481 4296 quam
1542 4241 1610 4280 ex
1666 4226 1912 4295 ipsismet
1941 4224 2164 4280 Eudoxo

597 4321 651 4366 et
682 4311 992 4383 Hipparcho
1033 4313 1421 4370 declarabitur.

2274 1861 2354 1914 ria
2382 1861 2572 1916 circuli
2600 1861 2783 1924 ullius,
2809 1861 2905 1917 sed
2936 1863 3182 1917 stellatas
3211 1863 3406 1934 eﬁigies
3433 1863 3674 1936 designat:
3703 1868 3752 1920 ita

2272 1966 2396 2006 cum
2433 1968 2528 2023 per
2564 1951 2864 2019 Cancrum,
2888 1953 3303 2024 Capricornum,
3333 1957 3550 2012 Arietem
3583 1966 3629 2012 et
3649 1958 3750 2014 Che-

2272 2043 2354 2100 las
2384 2043 2602 2099 eosdem
2645 2059 2826 2100 meare
2856 2044 3094 2100 circulos
3141 2046 3312 2110 dicit,
3345 2064 3448 2102 non
3492 2050 3620 2118 signa
3647 2051 3745 2119 ipsa,

2272 2137 2386 2190 sive
2415 2135 2852 2191 dodecatemoria
2876 2175 2891 2200 ,
2941 2137 3036 2193 sed
3083 2139 3402 2194 asterismos
3427 2141 3656 2212 intelligit.
3681 2140 3754 2196 Sed

2272 2241 2485 2281 omnem
2527 2227 3026 2297 tergiversationem
3089 2230 3376 2286 submovet
3413 2229 3633 2286 Eudoxus
3657 2233 3752 2301 ipss,

2270 2317 2396 2371 dum
2413 2317 2504 2371 illa
2521 2317 2636 2388 ipsa
2662 2333 2757 2389 per
2773 2335 2894 2389 quae
2925 2322 3160 2376 transire
3191 2320 3422 2376 circulos
3439 2323 3524 2386 ait,
3538 2321 3672 2394 ἄστρα
3684 2338 3754 2376 ηο-

2270 2406 2459 2471 minat,
2481 2422 2602 2476 quae
2628 2407 2762 2461 nihil
2786 2408 2929 2462 aliud
2953 2424 3115 2477 quam
3138 2411 3452 2466 asterismos
3476 2417 3526 2464 et
3553 2411 3748 2480 imagines

2243 2576 2250 2584 ι
2269 2501 2592 2572 signiﬁcant.
2605 2502 2844 2558 Achilles
2861 2503 3051 2560 Tatius
3072 2505 3126 2558 in
3153 2502 3524 2571 Pliwnomcnis,
3540 2520 3634 2575 cap.
3655 2503 3750 2569 XIV,

2268 2592 2463 2664 ἄστρον
2489 2595 2544 2648 δὲ
2562 2595 2622 2648 τὸ
2639 2597 2702 2648 ὲκ
2722 2595 2930 2649 πολλῶν
2951 2596 3197 2668 ἀστέρων
3232 2593 3395 2667 σύστη
3404 2615 3493 2668 μα.
3527 2617 3543 2650 ι
3571 2605 3744 2668 system:

2266 2685 2501 2755 plurium
2532 2687 2836 2755 stellarum,
2873 2707 2892 2740 ι
2925 2697 3130 2746 astrum
3173 2703 3298 2742 esse
3331 2689 3459 2742 vult.
3491 2687 3630 2758 idque
3649 2687 3752 2741 Arati

2268 2777 2579 2832 testimonio
2601 2779 2905 2834 conﬁrmat.
2935 2781 3004 2833 At
3025 2779 3304 2845 Eudoxus,
3329 2781 3608 2852 Hipparcho
3629 2786 3744 2840 teste,

2266 2868 2332 2922 de
2360 2868 2562 2923 coluris
2596 2869 2844 2938 loquens,
2882 2871 3036 2923 Ἔστι
3089 2870 3169 2934 δὲ,
3225 2873 3320 2938 ait,
3357 2875 3412 2926 tv
3433 2871 3612 2934 τούτοις
3635 2869 3758 2940 tot?!

2264 2959 2389 3014 τάδε
2411 2977 2424 2991 ’
2467 2966 2514 3014 α’
2541 2962 2569 3014 ὁ
2601 2960 2761 3023 πόλος
2799 2964 2828 3013 ὁ
2873 2962 2960 3014 ἀεὶ
3007 2963 3245 3033 φανερὸς
3293 2964 3386 3018 τοῦ
3436 2964 3613 3034 κόσμον
3635 2975 3647 2991 ⁸
3675 2954 3757 3013 εἶτα

2193 3081 2235 3140 c
2265 3050 2328 3105 τὸ
2367 3052 2527 3123 μέσον
2575 3052 2673 3122 τῆς
2700 3053 2934 3124 Ἀρκτου
2977 3053 3116 3108 κατὰ
3143 3055 3352 3120 πλάτος
3368 3070 3381 3086 ο
3401 3057 3488 3108 καὶ
3511 3052 3592 3107 τοῦ
3609 3051 3759 3122 Καρκίο

2268 3159 2359 3197 νου
2387 3141 2449 3195 τὸ
2491 3142 2674 3213 μέσον.
2711 3161 2729 3192 ι
2775 3143 2915 3196 Sunt
2943 3151 3120 3198 autem
3156 3145 3214 3199 in
3256 3146 3322 3201 iis
3354 3146 3462 3200 haec
3496 3154 3657 3199 astra:
3682 3143 3758 3214 pri-

2277 3249 2424 3288 mum
2458 3249 2670 3304 semper
2702 3250 2972 3304 apparens
3010 3235 3171 3305 polus
3216 3237 3424 3292 mundi.
3473 3236 3646 3292 Deinde
3682 3247 3760 3288 me-

2267 3324 2416 3380 dium
2456 3324 2608 3380 Ursae
2637 3326 2691 3380 in
2734 3325 3161 3398 longitudinem;
3195 3337 3252 3385 et
3276 3329 3466 3386 Cancri
3510 3328 3715 3386 medium.
3744 3341 3758 3376 ι

2268 3429 2330 3470 ac
2349 3414 2580 3471 subinde
2599 3415 2826 3470 caudam
2864 3400 2996 3472 notii
3027 3417 3231 3483 Piscis,
3261 3430 3316 3476 et
3363 3419 3582 3476 medium
3625 3415 3756 3486 Capri-

2264 3508 2415 3562 corni
2444 3505 2650 3574 adjicit.
2681 3505 2806 3561 Hac
2830 3506 2896 3562 de
2926 3507 3114 3562 coluro
3137 3511 3523 3566 solstitiorum.
3553 3507 3616 3562 De
3640 3508 3757 3560 altero

2267 3597 2493 3667 loquens
2523 3595 2734 3660 scribit,
2771 3597 2823 3650 in
2855 3612 2922 3650 eo
2953 3597 3227 3653 contineri
3279 3600 3418 3654 inter
3460 3599 3583 3652 alios
3621 3592 3747 3648 astcri

2267 3704 2434 3754 smus,
2472 3689 2543 3742 τὰ
2579 3688 2716 3760 μέσα
2762 3688 2869 3742 τῶν
2913 3689 3106 3760 Χηλῶν
3155 3691 3303 3745 κατὰ
3340 3691 3546 3754 πλάτος,
3586 3688 3662 3741 καὶ
3693 3677 3756 3737 τοῦ

2265 3779 2436 3851 Κριοῦ
2469 3780 2538 3834 τὰ
2559 3781 2702 3834 νῶτα
2741 3781 2881 3834 κατὰ
2907 3781 3106 3844 πλάτος
3127 3794 3140 3812 ⁶
3183 3802 3202 3833 ι
3244 3782 3415 3837 media
3447 3781 3690 3836 Chelarum
3719 3776 3756 3826 ia

2268 3873 2458 3936 latum,
2488 3880 2542 3926 et
2569 3872 2771 3926 Arietis
2794 3880 2942 3942 terga
2970 3873 3159 3930 itidem
3195 3874 3250 3929 in
3283 3875 3471 3929 latum.
3510 3892 3527 3926 ι
3552 3870 3667 3938 Quid
3685 3864 3757 3920 did

2265 3964 2468 4020 clarius
2497 3973 2703 4035 potest,
2756 3971 2816 4017 ut
2863 3975 3119 4036 appareat
3146 3964 3434 4020 Eudoxum
3455 4005 3468 4027 ,
3501 3979 3607 4019 cum
3636 3955 3757 4015 media

2263 4048 2550 4104 Chelaruin
2573 4089 2588 4113 ,
2628 4048 2828 4104 Arietis
2849 4089 2863 4113 ,
2904 4065 2967 4104 ac
2998 4061 3328 4106 czeterorum
3361 4050 3598 4120 appellat,
3623 4042 3757 4112 imagi-

2265 4157 2362 4196 nes
2419 4143 2564 4211 ipsas
2619 4143 2956 4212 exprimere?
3005 4142 3136 4196 Nam
3193 4144 3265 4196 τὰ
3309 4143 3514 4206 νῶτα,ι
3553 4141 3756 4206 πταῖμα

2266 4231 2516 4293 latitudo,
2556 4252 2574 4284 ι
2603 4232 2823 4287 nonnisi
2851 4233 2918 4288 de
2939 4232 3126 4302 ﬁguris
3158 4234 3415 4304 usurpari
3444 4236 3660 4301 possunt.
3686 4221 3757 4275 tle-

2265 4324 2353 4378 dia
2384 4325 2581 4394 quippe
2619 4325 2897 4395 signorum
2917 4325 3030 4380 sive
3045 4325 3698 4389 dodecatemoriorum,pcr
3719 4327 3758 4366 se

667 4403 978 4460 Etenimilla
1001 4404 1208 4460 Eudoxi
1248 4408 1431 4472 verba,
1450 4423 1514 4463 ex
1531 4409 1730 4479 quibus
1750 4418 2160 4480 argumentatus
2192 4417 2235 4471 D
2263 4415 2620 4487 ἁναστέριστα
2645 4425 2806 4484 sunt;
2832 4433 3006 4487 neque
3043 4435 3062 4468 ι
3102 4423 3255 4489 terga
3282 4436 3300 4469 ι
3323 4417 3566 4471 dicuntur
3593 4411 3756 4468 habere,

596 4504 678 4550 est
707 4493 1068 4567 Hipparchus,
1101 4496 1290 4552 eadem
1339 4498 1462 4554 aliis
1494 4500 1546 4553 in
1585 4501 1719 4556 locis
1739 4541 1752 4564 ,
1793 4501 1886 4556 sed
1919 4502 2160 4572 pleniora

597 4589 944 4659 perscripsit;
967 4603 1091 4644 cum
1122 4591 1188 4645 de
1225 4590 1498 4660 parallelis
1523 4593 1593 4647 ab
1617 4591 1842 4647 Eudoxo
1863 4593 2158 4665 descriptis

595 4677 819 4736 circulis
851 4695 1153 4736 sermonem
1178 4682 1435 4736 instituit.
1460 4681 1620 4738 Velut
1647 4683 1786 4737 libro
1814 4683 1853 4747 1,
1891 4701 2048 4745 num.
2071 4685 2158 4751 111,

596 4769 664 4824 de
695 4771 905 4843 tropico
933 4772 1142 4827 circulo
1176 4792 1188 4827 :
1235 4774 1390 4826 Ἔστι
1419 4773 1475 4828 δὲ
1507 4777 1563 4827 tv
1601 4773 1775 4847 τούτῳ
1800 4775 1870 4829 τὰ
1898 4777 2039 4847 μέσα
2066 4779 2158 4832 τοῦ

595 4860 867 4931 Καρκίνου
887 4903 901 4926 ,
941 4862 1034 4914 καὶ
1059 4860 1127 4914 τὰ
1163 4862 1250 4915 διὰ
1283 4862 1374 4916 τοῦ
1415 4862 1664 4934 σώματος
1696 4865 1835 4918 κατὰ
1860 4870 2033 4937 μῆκος
2066 4868 2159 4921 τοῦ

595 4953 841 5019 Λέοντος,
871 4963 976 5010 etc.
1001 4973 1019 5006 ι
1047 4953 1185 5009 Sunt
1206 4964 1386 5009 autem
1418 4957 1472 5010 in
1507 4957 1611 5028 illo.
1633 4956 1832 5012 Cancri
1863 4961 2074 5026 media,
2107 4971 2160 5013 et

595 5061 715 5117 quae
763 5062 861 5118 per
914 5062 1114 5117 corpus
1152 5045 1354 5102 Leonis
1401 5050 1701 5104 secundum
1766 5052 2157 5122 longitudinem

595 5145 898 5192 transeunt.
956 5157 975 5189 ›
1026 5135 1258 5207 Subjicit
1291 5140 1487 5210 anguis
1548 5137 1820 5210 Ophiuchi
1854 5143 2156 5206 cervicem;

595 5229 838 5283 dextram
855 5245 1074 5284 manum
1091 5230 1394 5302 lngeniculi
1419 5251 1434 5300 ;
1467 5241 1520 5288 et
1545 5235 1649 5288 alia
1667 5233 1869 5298 sidera,
1901 5251 2020 5306 qua:
2048 5236 2157 5290 cir-

595 5320 752 5374 culus
769 5321 872 5376 iste
888 5322 1151 5392 pervadit.
1167 5319 1300 5377 Εἶτα
1323 5325 1624 5396 συμπίπτει
1655 5327 1792 5398 πρὸς
1810 5327 1878 5380 τὰ
1897 5328 2036 5398 μέσα
2063 5326 2156 5380 τοῦ

594 5409 885 5481 Καρκίνου.
923 5430 940 5462 ι
976 5410 1197 5467 Demum
1220 5413 1274 5466 in
1297 5416 1484 5468 eadem
1505 5414 1699 5469 Cancri
1720 5417 1894 5470 media
1923 5416 2155 5471 revolvi-

593 5503 704 5551 tur.
733 5515 752 5549 ι
774 5498 847 5554 De
871 5500 1099 5555 hiberno
1119 5517 1334 5572 quoque
1349 5503 1742 5572 tropico,"Ecm
1757 5505 1813 5558 δὲ
1834 5508 1891 5560 tv
1917 5505 2067 5576 αὑτῷ
2089 5508 2156 5560 τὰ

595 5587 736 5660 μέσα
760 5590 852 5644 τοῦ
873 5593 1169 5666 Αίγόκερω,
1199 5597 1293 5649 καὶ
1319 5601 1364 5650 οἱ
1387 5599 1543 5664 πόδες
1573 5600 1665 5653 τοῦ
1709 5600 1994 5673 Ὕδροχόου
2015 5642 2029 5663 ,
2065 5603 2157 5654 καὶ

589 5679 687 5762 τοῦ
714 5683 924 5756 Κήτους
943 5687 978 5756 ἡ
1004 5687 1158 5758 οὐρὰ,
1190 5689 1283 5741 καὶ
1314 5689 1407 5742 τοῦ
1444 5692 1693 5764 Ποταμοῦ
1729 5695 1762 5764 ἡ
1799 5695 2017 5765 καμπὴ,
2041 5701 2152 5750 etc.

2266 4522 2442 4576 neque
2474 4508 2811 4564 latitudinem
2837 4525 2853 4576 ;
2886 4507 2982 4564 sed
3005 4509 3118 4563 sola
3149 4507 3482 4579 longitudine
3513 4505 3760 4559 censentur-

2331 4597 2472 4664 QUid
2503 4599 2647 4670 quod
2675 4599 3016 4671 Hipparchus
3046 4601 3160 4672 ipse
3185 4601 3280 4656 lib.
3308 4601 3346 4665 I,
3391 4614 3533 4655 num.
3575 4593 3648 4654 Ill.
3688 4588 3763 4642 En-

2263 4690 2386 4744 doxi
2415 4691 2728 4747 testimonia
2763 4693 3056 4755 citaturus,
3089 4701 3240 4746 astra
3264 4692 3354 4746 illa
3384 4699 3550 4751 vocat,
3580 4694 3624 4740 et
3649 4677 3764 4735 ἀπε·

2267 4795 2386 4848 ρας,
2411 4796 2533 4834 cum
2565 4780 2792 4835 Aratum
2839 4782 2915 4835 ait
2948 4781 3155 4836 Eudoxi
3209 4780 3506 4834 imitatione
3544 4775 3603 4830 τὰ
3636 4775 3764 4840 dum

2263 4871 2344 4923 sic
2375 4869 2726 4936 distribuere,
2759 4879 2819 4924 ut
2847 4886 2876 4924 a
2910 4871 3308 4926 borealioribus
3338 4866 3627 4940 inciperet?
3647 4861 3761 4915 Mox:

2261 4961 2397 5032 Περὶ
2439 4961 2493 5014 δὲ
2539 4961 2647 5015 τῶν
2696 4961 2941 5034 ἀστέρων
2981 4961 3090 5015 τῶν
3119 4963 3210 5015 ἐπὶ
3239 4963 3334 5016 τοῦ
3365 4959 3565 5034 θερινοῦ
3587 4957 3662 5010 καὶ
3685 4966 3765 5021 χεν

2264 5053 2478 5125 μερινοῦ
2499 5053 2756 5125 τροπικοῦ
2783 5055 3113 5126 φερομένων,
3151 5055 3229 5108 ἔτι
3273 5054 3331 5108 δὲ
3369 5053 3458 5108 τοῦ
3491 5041 3762 5120 ισημερινοῡ.

2259 5150 2288 5200 ὁ
2328 5148 2424 5218 μὲν
2455 5145 2680 5212 Εὔδοξός
2709 5163 2872 5218 φησιν
2913 5147 3006 5201 ἐπὶ
3045 5147 3139 5202 τοῦ
3185 5147 3395 5218 θερινοῦ
3437 5144 3620 5207 οὕτως⁸
3651 5140 3764 5194 Ἔστι

2259 5237 2316 5291 δὲ
2333 5240 2389 5290 tv
2411 5236 2584 5308 τούτῳ
2599 5237 2669 5290 τὰ
2701 5235 2837 5307 μέσα
2860 5237 2954 5290 τοῦ
2984 5239 3280 5309 Καρκίνου.
3316 5257 3336 5289 ι
3370 5236 3444 5291 De
3469 5235 3625 5291 stellis
3651 5241 3762 5283 vero.

2260 5346 2380 5401 qua
2404 5330 2456 5383 in
2491 5331 2680 5384 aestivo
2711 5329 2924 5400 trapico
2965 5330 3234 5393 feruntur,
3283 5345 3490 5385 necnon
3523 5328 3570 5381 in
3597 5319 3761 5378 circulo

2259 5421 2645 5491 aequinoctiali,
2669 5419 2929 5477 Eudoxus
2972 5423 3190 5493 quidem
3219 5423 3286 5476 de
3312 5423 3497 5476 aestivo
3527 5420 3591 5472 ita
3628 5410 3765 5481 loqui'

2261 5519 2389 5564 tur:
2427 5509 2564 5565 Sunt
2609 5520 2786 5566 autem
2824 5513 2879 5568 in
2929 5513 3033 5568 hoc
3079 5514 3248 5570 media
3297 5512 3509 5569 Cancri.
3539 5530 3556 5562 ι
3606 5503 3761 5560 Eodem

2260 5617 2454 5671 genere
2482 5604 2752 5659 sermonis
2791 5605 2966 5659 utitur
2996 5606 3050 5660 in
3082 5607 3308 5662 hiberno
3335 5605 3539 5675 tropico
3561 5609 3610 5656 et
3634 5593 3762 5663 Wi‘

2265 5695 2509 5749 noctiali.
2529 5694 2769 5754 Proinde
2800 5701 3094 5755 asterimos
3119 5708 3172 5755 et
3199 5696 3438 5755 stellatas
3464 5696 3761 5755 formas,”
