4036 6218
287 263 428 322 1349

1094 270 1550 328 DISSERTATIO
1585 271 1676 326 DE
1711 271 1899 328 ORTU
1931 272 2018 327 ET
2055 271 2321 330 OCCASU
2363 273 2662 332 SIDERUM

3374 276 3515 333 4350

281 380 440 451 signa
462 382 877 442 duodecimasve
907 385 1115 442 zodiaci
1138 399 1344 459 partes,
1386 404 1479 447 aut
1511 392 1858 462 azquinoctia-
1884 396 1929 452 Α
1957 406 2101 462 gere,
2135 394 2328 448 nedum
2365 395 2606 450 dividere
2649 402 2822 465 potest
2851 409 2865 444 :
2897 395 2944 449 si
2975 393 3028 448 in
3069 394 3313 460 zodiaco,
3360 401 3419 450 ut
3447 395 3514 450 de

282 471 350 528 lis
379 472 639 532 Eudoxus
675 476 897 540 indicat,
931 494 1160 548 quarum
1191 483 1367 536 media
1396 483 1464 538 iis
1507 484 1638 554 ipsis
1668 483 1842 538 secari

279 565 504 622 circulis
530 567 714 623 refert.
748 567 900 624 Adde
937 572 1196 639 optimum
1242 573 1448 629 Eudoxi
1487 575 1836 646 interpretem

277 655 526 722 Aratum,
550 659 639 729 qui
671 667 724 714 et
746 659 921 729 ipsum
953 662 1008 716 in
1033 666 1289 722 omnibus
1333 678 1556 722 secutus
1583 675 1698 735 est;
1734 669 1838 733 vel,

279 756 342 803 ut
374 749 715 821 Hipparchus
751 752 900 822 loqui
947 755 1101 822 solet,
1149 759 1566 831 zapsypdrlavo;
1608 777 1708 816 nec
1742 761 1841 813 ali-

279 850 384 906 ter,
416 859 479 896 ac
512 858 611 897 nos
641 845 889 910 facimus,
922 857 1155 902 mentem
1183 850 1328 906 illius
1357 854 1584 923 accepit.
1616 851 1748 906 Nam
1773 851 1841 908 de

281 935 489 1005 tropico
511 935 700 990 scribit
735 936 910 1006 ipsum
937 937 1174 994 Leonem
1210 945 1314 996 sub
1343 950 1579 1012 pectore,
1607 958 1671 998 ac
1706 958 1840 997 ven-

278 1033 362 1080 tre
413 1039 638 1093 secare;
666 1026 938 1084 Cancrum
979 1046 1107 1085 vero
1137 1039 1306 1087 totum
1337 1034 1588 1089 bifariam
1622 1038 1834 1106 partiri.

984 1145 1170 1214 αὺτὰρ
1203 1150 1235 1200 d
1264 1149 1489 1214 κύκλος

282 1208 516 1291 μὲν
535 1208 906 1291 τξπόρςτῇθος,
929 1216 1025 1291 acui
1040 1208 1481 1291 γᾳσζέραμέχρὶ
1500 1219 1649 1286 πρὸς
1669 1221 1832 1291 αὶδὼ,

280 1278 479 1357 leg-ret
512 1281 616 1333 τὸν
635 1280 717 1357 ῃὸὲ
745 1278 1058 1357 διηνεκέωςξ
1081 1278 1364 1354 ὐπέιῖερῦε
1383 1278 1632 1357 ’ᾖξε-λεῖοι)

273 1350 570 1428 ζίξιρξιζνοζ
587 1347 722 1428 ’-ᾗχι
742 1347 1007 1428 μάλιστα
1025 1347 1494 1428 -ὂιχαιόέὶενόνῗκε
1514 1360 1744 1428 νοήσῃς

288 1419 513 1486 Ὀρθὸν,
545 1419 942 1492 ἵν”ὀφθαλμοὶ
964 1419 1189 1480 κύκλου
1217 1419 1530 1498 ἑκάτερθεν
1561 1419 1727 1490 lare}.

272 1529 405 1598 Quae
437 1533 517 1587 sic
549 1535 706 1589 vertit
739 1535 975 1594 Avienus
1018 1555 1032 1592 :

977 1660 1033 1705 at
1068 1653 1294 1707 circulus
1319 1653 1424 1707 ima
1448 1653 1666 1709 calentis

274 1711 518 1791 fet-rora,
540 1733 726 1791 perque
755 1720 927 1773 alvum
961 1725 1145 1790 procul
1167 1725 1221 1777 in
1245 1736 1511 1791 postrema
1536 1723 1722 1780 Leonis

270 1781 549 1861 Succedit;
570 1781 722 1842 Sec-at
749 1800 833 1843 ast
859 1781 997 1846 alius
1018 1809 1110 1861 per
1141 1781 1340 1848 viscera
1361 1795 1560 1861 plana:

275 1853 342 1931 ξι
370 1856 540 1931 medio
560 1862 738 1931 subter
769 1876 898 1915 cava
931 1853 1158 1931 tegmina
1190 1853 1379 1917 dividit
1419 1866 1616 1930 orbem,

267 1922 494 1981 Lumina
521 1928 788 1985 recludens
819 1922 1128 1988 altrinsecus
1158 1935 1330 1988 orbita
1359 1950 1538 2004 porro.

341 2039 414 2097 De
437 2042 661 2098 hiberno
689 2059 903 2116 quoque
933 2047 1142 2117 trapico
1165 2047 1376 2111 scribit,
1399 2064 1522 2102 eum
1544 2048 1834 2118 Capricor-

266 2148 401 2188 num
443 2136 679 2190 medium
715 2137 981 2204 dividere,
1015 2148 1178 2210 atque
1219 2141 1442 2211 Aquarii
1471 2140 1654 2211 pedes,
1701 2155 1834 2196 cau-

266 2225 392 2281 dam
421 2227 537 2282 Ceti
559 2247 574 2284 :

336 2337 535 2413 ρὶυίᾴὶι
564 2339 822 2413 imbriferi
851 2357 1036 2411 corpus
1071 2342 1298 2396 medium
1339 2341 1669 2413 Capricorni.

336 2407 569 2480 Idwique
583 2407 733 2479 pedes
758 2413 926 2481 pueri,
940 2407 1316 2484 postremaque
1342 2407 1546 2480 cauda,
1582 2423 1689 2470 etc.
1712 2453 1728 2481 ,

268 2531 324 2576 ut
353 2524 513 2578 vertit
558 2524 817 2581 Avienus.
869 2524 970 2580 Hic
1023 2542 1151 2582 vero
1203 2527 1342 2582 citra
1397 2529 1829 2584 controversiam

263 2615 472 2672 Cancer
500 2624 554 2671 et
584 2618 949 2688 Capricornus
976 2634 1084 2672 non
1110 2618 1288 2689 signa,
1319 2619 1434 2674 sive
1455 2619 1833 2676 dodecatemo-

263 2708 366 2772 ria,
395 2707 486 2763 sed
519 2707 781 2777 imagines
820 2714 968 2761 sunt.
1002 2705 1136 2761 Nam
1166 2716 1219 2762 et
1256 2707 1480 2778 χέλειον.
1521 2711 1634 2764 sive
1677 2718 1829 2774 testa,

261 2812 372 2853 non
415 2799 570 2853 aliter
619 2799 1020 2854 accommodari
1070 2797 1282 2854 Cancro
1331 2808 1552 2870 potest;
1603 2809 1658 2855 et
1706 2816 1830 2855 cum

259 2887 558 2958 Aquarium
605 2888 830 2959 perinde
868 2889 936 2944 ab
980 2889 1210 2946 hiberno
1260 2893 1476 2962 tropico
1523 2897 1721 2962 secari,
1766 2911 1830 2952 ac

260 2977 651 3050 Capricornum
677 2989 905 3044 asserat,
947 2996 1052 3035 non
1098 2991 1277 3052 potest
1330 2983 1397 3037 ad
1443 2985 1828 3043 dodecatemo-

261 3070 404 3123 rium
439 3071 652 3126 referri.
686 3071 896 3142 Quippe
932 3074 1174 3142 tropicus
1215 3075 1458 3132 circulus
1490 3077 1712 3148 Aquarii
1745 3081 1822 3136 εἰη
1850 3084 1893 3142 C

257 3175 425 3230 gnum
454 3179 628 3234 neque
656 3162 869 3227 dividit,
896 3179 994 3220 nec
1025 3166 1240 3235 attingit
1263 3170 1504 3223 omnino.
1523 3170 1630 3225 Sed
1650 3189 1824 3244 neque

260 3252 351 3306 illa
380 3255 516 3322 ipsa,
544 3271 664 3324 qua:
687 3255 1025 3326 contingunt,
1051 3257 1202 3326 signa
1231 3259 1422 3312 circuli
1459 3260 1547 3315 isti
1579 3264 1824 3331 partiun-

256 3351 348 3398 tur
372 3343 643 3401 bifariam.
673 3343 763 3399 Sic
792 3347 860 3402 de
885 3347 1249 3418 aequinoctiali
1277 3348 1477 3406 Aratus
1505 3352 1646 3408 idem
1681 3373 1693 3409 :

255 3452 427 3526 Σῆμα
444 3453 593 3526 δέλοὶ
618 3458 794 3524 Κριός
813 3473 827 3489 ο
865 3458 1106 3525 Ταύροιό
1132 3474 1194 3510 τε
1226 3459 1485 3526 γούνατα
1510 3460 1714 3516 κεῖται.

253 3525 436 3592 Κριὸς
459 3523 575 3596 μέν
605 3523 756 3579 κατὰ
781 3523 985 3596 μῆκοςί
1005 3523 1375 3596 ἐληλαμένος
1422 3529 1517 3582 διὰ
1558 3533 1818 3585 κύκλων

262 3593 484 3662 Ταύρου)
517 3593 584 3648 δὲ
610 3593 874 3650 σκελέων
901 3596 1058 3665 ὅσση
1088 3593 1488 3667 περἰφαίνεται
1517 3599 1725 3665 ὄκλαξ.

257 3698 475 3776 Signum
503 3711 673 3776 autem
701 3703 949 3776 eiAries,
980 3704 1240 3776 Taurique
1264 3723 1430 3776 genua
1458 3709 1565 3762 sita
1593 3720 1750 3775 sunt;

255 3771 634 3848 griesquidem
664 3776 718 3827 in
749 3774 958 3845 longum
982 3771 1171 3830 ductus
1201 3771 1292 3846 per
1325 3780 1636 3848 cingulum;

259 3841 425 3897 Tauri
442 3841 569 3898 ivero
589 3860 802 3898 crurum
821 3841 1020 3916 quanta
1050 3841 1267 3916 apparet
1296 3841 1529 3918 iri/lexio.

333 3953 401 4010 Ut
445 3971 616 4026 genua
657 3957 822 4012 Tauri
858 3958 924 4013 ad
966 3960 1308 4015 asterismum
1358 3963 1478 4032 ejus
1512 3964 1817 4033 pertinent,

255 4045 337 4102 sic
378 4045 578 4101 Arietis
624 4063 825 4118 corpus
868 4049 942 4103 ab
971 4050 1336 4119 aequinoctiali
1380 4053 1587 4108 circulo
1625 4069 1821 4109 secun-

253 4136 383 4191 dum
427 4140 820 4210 longitudinem
868 4140 1105 4195 divisum
1155 4144 1222 4198 ad
1269 4144 1556 4215 imaginem
1595 4147 1817 4211 Arietis,

252 4244 364 4285 non
387 4231 451 4284 ad
482 4231 999 4298 dodecatemorinm,
1026 4251 1251 4294 necesse
1273 4248 1354 4294 est
1373 4240 1560 4296 referri
1589 4261 1600 4296 :
1625 4258 1817 4312 quem-

252 4324 541 4380 admodum
572 4325 910 4396 Hipparchus
943 4329 1059 4399 ipse
1079 4328 1238 4383 docet
1268 4331 1361 4386 lib.
1393 4330 1434 4396 Ι,
1461 4348 1609 4388 num.
1647 4332 1812 4400 XXV,

1949 484 2172 554 tr0picis
2213 493 2441 549 taceam,
2491 497 2637 542 certe
2669 487 3066 557 atquinoctialis
3108 487 3367 552 Arielem,
3403 503 3513 543 non

1948 576 2246 631 secundum
2297 577 2707 647 longitudinem,
2753 575 2893 632 κατὰ
2949 579 3123 647 μῆκος
3187 575 3515 647 ἐληλαμένον

1947 668 2366 738 partietur,sed
2415 677 2811 733 transversum,
2871 679 2924 725 et
2976 667 3118 722 κατὰ
3166 669 3385 730 πλάτος.
3431 665 3517 720 Si-

1944 760 2164 829 quidem
2214 761 2488 816 sectiones
2536 762 2936 832 aequinoctialis
2965 768 3017 816 et
3065 758 3271 814 zodiaci
3301 761 3370 812 ab
3405 756 3515 812 Eu-

1944 849 2107 917 doxo,
2150 859 2209 904 ut
2255 859 2410 922 putat
2450 850 2816 922 Ilipparchus,
2869 849 3063 906 mediis
3109 849 3164 903 in
3207 848 3381 919 signis
3427 847 3512 902 lo-

1942 940 2154 989 cantur.

2011 1024 2131 1082 Non
2155 1027 2410 1091 absimili,
2447 1035 2505 1082 ut
2540 1027 2792 1100 equidem
2837 1043 2980 1093 reor,
3022 1025 3312 1098 ὁμωνυμίᾳ
3354 1024 3514 1080 indu-

1941 1128 2062 1173 ctus
2087 1117 2427 1190 Hipparchus
2448 1118 2754 1182 Eudoxum,
2787 1120 3015 1173 Aratum
3043 1127 3098 1173 et
3123 1117 3361 1172 Attalum
3396 1123 3513 1170 tra-

1941 1211 2098 1265 duxit
2133 1227 2282 1267 num.
2310 1209 2354 1264 Χ
2386 1211 2510 1266 libri
2537 1211 2720 1281 primi,
2754 1210 2900 1281 quod
2927 1210 3029 1266 sub
3057 1209 3236 1279 capite
3284 1208 3512 1278 majoris

1943 1301 2093 1358 Ursae
2118 1301 2374 1358 Geminos
2407 1311 2673 1365 statuunt,
2697 1303 2800 1358 sub
2833 1301 2969 1357 Ursa
2984 1302 3181 1362 media,
3217 1299 3510 1368 Cancrum;

1940 1394 2043 1448 sub
2085 1393 2480 1464 posterioribus
2514 1393 2764 1463 pedibus,
2805 1392 3060 1448 Leonem.
3109 1388 3214 1445 Ubi
3262 1389 3329 1444 de
3369 1397 3514 1443 aste-

1940 1486 2124 1540 rismis
2174 1485 2294 1540 sine
2341 1484 2508 1540 dubio
2559 1485 2891 1554 loquuntur:
2935 1498 3060 1537 nam
3103 1481 3256 1535 Arati
3295 1496 3508 1544 versus,

1937 1592 2075 1647 quos
2105 1578 2236 1631 citat
2269 1575 2630 1648 Hipparchus,
2655 1592 2762 1632 non
2797 1577 2959 1631 aliter
3001 1574 3227 1646 intelligi
3257 1582 3509 1644 possunt.

1937 1666 2006 1721 At
2034 1665 2378 1738 Hipparchus
2412 1666 2467 1721 id
2507 1683 2572 1723 ex
2600 1682 2665 1721 eo
2691 1665 2910 1734 refellit,
2956 1663 3101 1736 quod
3143 1671 3310 1734 caput
3356 1660 3512 1726 Ursae

1862 1753 1904 1810 Β
1934 1759 2004 1814 sit
2032 1758 2084 1812 in
2116 1758 2312 1814 Leonis
2346 1766 2497 1829 parte
2529 1759 2711 1822 tertia,
2739 1758 2994 1811 nimirum
3029 1756 3086 1811 in
3117 1755 3508 1811 dodecatemo-

1934 1851 2018 1905 rio
2042 1850 2260 1916 Leonis,
2293 1849 2441 1924 quod
2461 1850 2516 1904 in
2538 1848 2910 1921 aequinoctiali
2954 1848 3037 1902 vel
3067 1847 3328 1917 parallelo
3343 1861 3506 1916 repo-

1935 1941 2035 1995 nit.
2060 1939 2172 1996 Hoc
2199 1956 2324 1996 vero
2352 1939 2767 2010 argumentandi
2807 1954 2982 2010 genus
3019 1939 3256 1994 alienum
3297 1945 3402 2003 est,
3452 1947 3507 1992 et

1937 2033 1990 2088 in
2013 2035 2298 2106 ὁμωνυμίᾳ
2326 2035 2684 2088 conflictatur.
2718 2032 2822 2088 Sed
2845 2033 2913 2087 de
2946 2031 3048 2086 hoc
3069 2031 3364 2102 Hipparchi
3386 2031 3506 2087 loco

1937 2125 2186 2195 pluribus
2209 2132 2399 2195 agetur
2437 2125 2616 2195 capite
2649 2125 2808 2179 tertio
2839 2124 2961 2179 libri
3001 2124 3168 2178 tertii.

2001 2214 2084 2270 Ad
2104 2217 2620 2272 estremumsimilis
2643 2216 2968 2287 ambiguitas
2995 2215 3177 2271 fucum
3209 2215 3397 2271 Servio
3427 2215 3504 2269 fc-

1935 2307 2008 2361 cit
2042 2306 2095 2361 in
2117 2305 2534 2364 Commentariis
2554 2307 2655 2362 adl
2683 2307 2942 2378 Georgic.,
2967 2308 3059 2362 ubi
3085 2309 3198 2364 haec
3218 2323 3502 2376 enarrans,

1997 2397 2116 2464 Qua
2147 2399 2289 2454 locus
2321 2398 2600 2471 Erigonam
2630 2401 2785 2468 inter,
2827 2398 3116 2470 Chelasque
3145 2410 3430 2471 sequentes,

1933 2489 2178 2561 quaedam
2221 2468 2466 2555 adnotat,
2511 2507 2632 2561 qua:
2684 2492 2773 2546 hic
2821 2468 3040 2546 referre
3071 2468 3267 2548 melius
3318 2490 3506 2548 fuerit.

1939 2601 1958 2633 ε
1986 2581 2246 2652 Egyptii,
2277 2582 2470 2652 inquit,
2499 2582 2784 2637 duodecim
2825 2598 2949 2639 esse
2995 2590 3254 2638 asserunt
3297 2585 3452 2653 signa
3483 2603 3500 2643 :

1931 2670 2167 2726 Chaldaei
2201 2686 2327 2727 vero
2359 2672 2628 2726 undecim.
2686 2669 2822 2724 Nam
2857 2671 3144 2741 Scorpium
3195 2679 3249 2726 et
3285 2671 3504 2730 Libram

1933 2779 2100 2818 unum
2125 2763 2339 2834 signum
2362 2763 2651 2832 accipiunt.
2676 2760 2854 2818 Chela:
2870 2763 3014 2818 enim
3045 2761 3256 2834 Scorpii
3281 2763 3500 2820 Libram

1932 2856 2160 2911 faciunt.
2195 2856 2358 2911 lidem
2391 2855 2629 2910 Chaldaei
2661 2857 2849 2910 volunt
2879 2854 3116 2926 aequales
3147 2871 3270 2912 esse
3319 2865 3502 2926 partes

1931 2949 1986 3005 in
2013 2949 2267 3004 omnibus
2295 2948 2467 3018 signis
2495 2967 2509 3002 :
2538 2948 2631 3004 sed
2651 2963 2750 3020 pro
2774 2948 3036 3018 qualitate
3071 2948 3180 3012 sui,
3230 2949 3378 3004 aliud
3420 2949 3498 3004 si-

1929 3057 2094 3113 gnum
2125 3058 2218 3107 xx,
2267 3040 2414 3096 aliud
2446 3055 2513 3094 xx.
2548 3040 2745 3095 habere
2777 3059 2791 3096 :
2821 3056 2946 3096 cum
2971 3040 3213 3113 IEgyptii
3263 3043 3498 3098 tricenas

1925 3150 2048 3190 esse
2077 3141 2260 3205 partes
2292 3133 2346 3187 in
2375 3133 2628 3188 omnibus
2646 3133 2831 3188 velint.
2860 3131 3018 3187 Modo
3043 3148 3172 3204 ergo
3199 3134 3498 3189 secundum

1924 3227 2213 3283 Chaldaaos
2267 3226 2489 3281 locutus
2523 3234 2626 3290 est,
2673 3225 2864 3280 dicens
2909 3239 3071 3295 posse
3116 3240 3238 3280 eum
3301 3226 3499 3282 habere

1926 3319 2105 3373 locum
2142 3318 2284 3371 inter
2318 3314 2606 3387 Scorpium
2639 3325 2694 3371 et
2720 3313 3018 3384 Virginem.
3053 3335 3071 3367 ι
3119 3315 3284 3386 Signa
3317 3315 3498 3387 dupli-

1924 3409 2058 3462 citer
2104 3393 2462 3476 usurpantur.
2512 3405 2624 3458 Aut
2675 3405 2821 3460 enim
2869 3405 3303 3460 dodecatemoria
3368 3415 3498 3462 sunt

1923 3499 2319 3569 mninoctialis
2363 3499 2446 3553 vel
2475 3496 2706 3561 zodiaci,
2746 3505 2840 3550 aut
2862 3496 3156 3560 asterismi,
3183 3513 3304 3568 qua;
3333 3499 3495 3570 ἠστε-

1926 3593 2154 3666 ρισμένα
2185 3590 2352 3657 ζώδια
2377 3598 2536 3646 vocat
2580 3588 2943 3660 Hipparchus.
2991 3589 3198 3646 Horum
3245 3593 3495 3663 quaedam

1923 3685 2358 3742 dodecatemorio
2385 3698 2486 3740 suo
2538 3683 2770 3747 minora,
2803 3685 3049 3752 qtuedatn
3085 3684 3293 3754 majora
3342 3697 3492 3752 sunt,

1921 3787 1976 3833 et
1998 3778 2052 3832 in
2083 3777 2260 3833 vicina
2289 3776 2616 3839 redundant,
2643 3782 2702 3829 ut
2727 3789 2888 3842 supra
2915 3775 3174 3830 diximus.
3219 3774 3344 3830 Haec
3369 3792 3491 3831 cum

1923 3868 2144 3939 legisset
2176 3868 2378 3922 alicubi
2410 3867 2820 3937 grammaticus,
2873 3867 3154 3937 signorum
3183 3882 3380 3936 genera
3402 3867 3491 3920 illa

1920 3963 2030 4018 duo
2061 3963 2407 4034 permiscuit,
2432 3969 2487 4016 et
2514 3975 2628 4015 rem
2661 3976 2887 4031 prorsus
2919 3959 3212 4016 absurdam
3251 3969 3305 4014 et
3334 3960 3489 4014 inex-

1921 4053 2225 4108 tricabilem
2274 4052 2481 4114 docuit,
2519 4051 2672 4122 signa
2714 4052 2897 4106 omnia
2941 4051 3240 4121 aequalibus
3279 4052 3489 4106 descri-

1919 4153 2010 4215 pta
2037 4161 2158 4201 esse
2179 4144 2445 4216 partibus,
2463 4151 2517 4198 et
2538 4151 2715 4198 tamen
2734 4143 2880 4198 aliud
2903 4143 3150 4206 tricenis,
3175 4142 3322 4197 aliud
3353 4158 3488 4213 qua-

1921 4236 2178 4307 dragenis
2212 4256 2229 4289 ι
2260 4251 2356 4308 pro
2382 4236 2645 4306 qualitate
2669 4235 2752 4291 sui
2780 4254 2799 4288 ι
2821 4241 3095 4290 constare.
3121 4232 3308 4290 l'riore
3326 4235 3488 4288 modo

1920 4330 2076 4401 signa
2125 4336 2253 4384 sunt
2306 4327 2780 4392 dodecatemoria;
2825 4326 3149 4396 posteriore,
3189 4323 3482 4388 asterismi,

251 4416 347 4470 ubi
375 4416 525 4471 Arati
569 4426 623 4471 et
643 4417 857 4472 Eudoxi
892 4419 958 4473 de
1010 4422 1379 4479 cardinalibus
1418 4424 1552 4481 iisce
1609 4423 1818 4491 ζωδιοις
1847 4430 1896 4490 D
1919 4437 2150 4492 quorum
2175 4421 2265 4475 alii
2295 4420 2608 4492 pauciores,
2641 4419 2735 4474 alii
2765 4418 2949 4489 plures
2977 4428 3244 4487 occupant
3279 4425 3480 4486 partes.

250 4509 467 4566 decreta
501 4511 716 4580 probat,
745 4521 968 4582 excepto
990 4515 1131 4583 quod
1166 4514 1233 4570 de
1260 4518 1442 4573 Ariete
1456 4518 1660 4574 dictum
1695 4530 1809 4576 est:

249 4602 344 4672 qui
385 4611 530 4658 totus
586 4606 946 4674 :cquinoctiali
1002 4607 1209 4661 circulo
1259 4609 1529 4664 borealior
1573 4621 1678 4667 est.
1743 4612 1814 4667 At

248 4693 518 4748 Cancrum
537 4706 589 4751 et
605 4695 836 4752 Leonem
866 4699 1069 4755 medios
1104 4699 1278 4769 trajici
1302 4701 1368 4754 ab
1387 4702 1576 4757 aestivo
1601 4705 1812 4774 tropico

247 4793 399 4841 recte
431 4787 551 4842 illos
576 4790 777 4845 sentire
805 4791 1022 4846 asserit.
1078 4789 1214 4846 Vide
1246 4792 1452 4862 reliqua
1487 4792 1633 4849 illius
1682 4795 1807 4862 loci,

248 4877 309 4933 in
334 4879 552 4949 quibus,
578 4881 724 4954 quod
763 4883 914 4938 valde
953 4883 1152 4938 mirum
1192 4891 1294 4949 est,
1348 4886 1694 4954 apertissime
1730 4888 1808 4942 si-

249 4973 472 5042 gnificat
491 4987 522 5027 a
545 4989 605 5030 se
627 4973 830 5029 Eudoxi
858 4974 1121 5045 Aratique
1151 4975 1297 5030 dicta
1333 4975 1402 5031 ad
1437 4977 1680 5034 stellatas
1730 4977 1810 5033 ef-

247 5065 403 5134 ﬁgies
430 5067 707 5136 applicari.
1261 5061 1265 5068 ’

322 5158 560 5229 Denique
587 5162 701 5216 sive
733 5161 787 5216 in
820 5161 1196 5232 aequinoctiali
1228 5162 1342 5216 sive
1376 5159 1429 5214 in
1467 5160 1693 5216 zodiaco
1743 5163 1814 5217 si-

245 5265 352 5320 gna
381 5252 621 5306 caelestia
650 5251 992 5307 constituerit
1029 5249 1321 5314 Eudoxus,
1353 5251 1420 5307 de
1462 5268 1567 5322 qua
1615 5268 1674 5308 re
1718 5269 1810 5308 ea-

245 5345 359 5415 pite
379 5344 645 5414 superiori
673 5342 877 5399 dictum
908 5351 996 5400 est
1027 5359 1042 5396 :
1073 5358 1248 5414 neque
1279 5344 1336 5398 in
1375 5345 1548 5414 ipsius
1599 5343 1806 5399 Eudoxi

247 5437 426 5493 allatis
454 5437 521 5492 ab
548 5436 855 5508 Hipparcho
888 5437 1067 5501 verbis
1092 5476 1108 5498 ,
1159 5452 1334 5506 neque
1376 5436 1516 5508 apud
1561 5438 1805 5505 Aratum,

244 5529 424 5595 Aries,
465 5529 694 5594 Cancer,
734 5528 933 5594 Chela,
976 5528 1368 5598 Capricornus.
1429 5528 1495 5583 de
1531 5529 1700 5599 signis
1744 5545 1808 5586 ac

245 5621 699 5678 dodecatemori-is
731 5621 988 5692 explicari
1022 5628 1245 5691 queunt.
1281 5618 1414 5675 Nam
1456 5620 1501 5675 si
1547 5620 1601 5675 in
1637 5623 1806 5691 equi-

241 5715 466 5774 aoctiali
499 5715 869 5786 designentur,
914 5721 1105 5770 neuter
1133 5713 1464 5784 tropieorum
1495 5729 1557 5768 ea
1589 5715 1804 5770 contin-

1919 4514 2010 4570 Sic
2036 4514 2306 4570 asterismi
2328 4511 2539 4584 Scorpii
2567 4526 2696 4582 pars
2717 4521 2799 4566 est
2819 4509 3110 4564 Chelarum
3132 4509 3478 4570 asterismus,

1914 4615 1974 4661 ut
2017 4607 2118 4660 hac
2152 4606 2362 4662 ratione
2397 4605 2650 4660 undecim
2703 4601 3077 4658 tantummodo
3113 4599 3224 4655 sint
3265 4601 3473 4671 ἠστεριο

1914 4698 2084 4769 σμένα
2101 4697 2284 4764 ζώδια,
2303 4715 2397 4754 seu
2421 4697 2603 4770 figura:
2621 4697 2846 4753 stellatae
2861 4693 3004 4765 apud
3024 4692 3325 4749 Chaldaaos.
3343 4689 3476 4746 Nam

1911 4790 2172 4862 Egyptii,
2209 4791 2303 4862 qui
2335 4805 2433 4860 pro
2476 4788 2660 4844 Chelis
2710 4786 2930 4842 Libram
2982 4790 3305 4856 posuerunt,
3352 4783 3482 4854 legi-

1912 4885 2101 4939 timum
2143 4898 2428 4939 numerum
2475 4881 2794 4937 obtinebant
2831 4897 2846 4936 :
2885 4880 3039 4950 signa
3079 4877 3299 4948 quidem
3345 4879 3477 4931 utri-

1910 4993 2016 5048 que
2045 4976 2331 5031 duodecim
2365 4974 2749 5029 adhibuerunt.
2779 4971 3044 5026 Caeterum
3072 4967 3310 5040 Virginis
3339 4978 3477 5024 aste-

1910 5071 2112 5126 rismus
2139 5070 2268 5123 olim
2298 5067 2498 5123 Leonis
2525 5074 2579 5122 et
2610 5065 2786 5121 Librae
2810 5074 3015 5136 partes,
3051 5071 3246 5133 praeter
3268 5061 3472 5131 justam

1908 5165 2234 5234 portionem,
2274 5159 2594 5228 occupabat.
2641 5157 2785 5213 Inter
2827 5157 2970 5211 hanc
3011 5169 3140 5210 vero
3185 5159 3240 5208 et
3277 5151 3476 5207 Chelas

1910 5253 2140 5324 Scorpii,
2169 5268 2290 5323 quae
2313 5253 2367 5306 in
2393 5251 2570 5306 Libras
2609 5247 3048 5306 dodecatemorio
3089 5243 3470 5307 versabantur,

1907 5363 2136 5405 vacuum
2166 5354 2252 5402 est
2281 5343 2647 5408 intervallum,
2672 5340 2821 5412 quod
2846 5340 2913 5394 ad
2939 5339 3080 5394 idem
3101 5336 3278 5392 Libra:
3307 5334 3472 5390 dodc,

1906 5439 2239 5496 catemorion
2279 5435 2626 5508 pertinebat:
2658 5448 2769 5504 quo
2817 5433 2874 5486 in
2901 5431 3079 5503 spatio
3118 5428 3300 5485 sedem
3330 5425 3473 5483 indi-

1905 5532 2013 5603 geti
2060 5530 2306 5601 Augusto
2351 5525 2590 5584 destinat
2634 5523 2918 5594 Virgilius.
2975 5521 3050 5577 Ea
3103 5535 3256 5576 mens
3296 5525 3472 5590 poeta:

1906 5623 2026 5688 fuit,
2057 5637 2220 5694 quam
2271 5635 2381 5675 non
2427 5617 2735 5688 assequitur
2774 5615 3018 5672 Servius.
3060 5613 3129 5669 At
3171 5611 3471 5672 Martianus

1903 5713 2122 5786 Capella
2149 5711 2287 5769 libro
2306 5709 2443 5780 Vili,
2484 5723 2605 5782 cap.
2639 5709 2708 5767 de
2757 5709 2882 5766 lixis
2914 5707 3108 5780 signis,
3149 5714 3297 5762 recte
3341 5703 3468 5767 hoc.
