3822 7444
702 318 831 376 1331

1691 314 1781 367 A'D
1821 309 2086 368 EUSEBII
2126 308 2517 366 CHRONICON
2558 309 2909 367 APPENDIX.
3613 325 3652 376 i1:

701 431 842 504 quod
870 430 1172 493 docuimus,
1221 430 1454 501 explicat
1499 429 1583 483 his
1629 430 1810 508 verbis
1843 447 1855 482 :
1903 446 1922 478 ι
1965 427 2084 481 llaec
2140 426 2256 480 dis—
2285 430 2330 484 A
2359 442 2486 480 num
2520 443 2675 482 suum
2704 443 2826 482 esse
2849 427 3177 480 translatum
3210 425 3650 494 perindeomnesm;

701 521 876 577 cernit
939 520 1234 574 zodiacus:
1266 519 1358 589 qui
1415 517 1631 586 quidem
1676 516 1911 584 aequales
1963 513 2252 567 duodecim

703 615 978 683 signorum
1017 612 1247 681 integrat
1297 611 1593 680 portiones.
1645 607 1750 662 Sed
1794 606 2043 660 undecim
2094 604 2255 658 habet

703 706 877 774 signa.
913 702 1170 774 Scorpius
1193 703 1335 756 enim
1387 710 1495 755 tam
1534 716 1690 754 suum
1738 698 1972 768 spatium
2023 702 2257 766 occupat

702 808 948 863 corpore,
980 807 1144 863 quam
1177 791 1358 847 Chelis
1385 799 1617 859 occupat
1649 789 1840 842 Librae.

1302 901 1530 958 CAPUT
1567 899 1657 956 ιν.

703 1017 780 1072 De
808 1028 1030 1072 veterum
1053 1017 1288 1082 opinione
1323 1031 1475 1082 super
1511 1016 1698 1068 annuis
1747 1013 1874 1067 solis
1919 1011 2247 1072 cardinibus,

769 1099 818 1141 et
848 1106 949 1159 qua
973 1081 1172 1159 ratione
1203 1088 1326 1159 alibi
1352 1081 1506 1155 quam
1533 1085 1693 1159 initiis
1721 1086 1988 1159 signorum
2014 1081 2258 1159 ςομοσριὶ

773 1150 987 1228 fuerint.
1019 1155 1307 1212 Columeila
1336 1150 1568 1210 notatur.
1619 1150 1877 1209 Sothihcw
1921 1150 2117 1220 periodi
2169 1151 2257 1202 in-

770 1230 931 1298 signis
959 1228 1168 1296 epocha.

771 1343 1034 1409 Quoniam
1060 1340 1248 1395 mediis
1278 1341 1333 1393 in
1361 1339 1532 1408 signis
1561 1338 1628 1392 ab
1661 1336 1884 1390 Eudoxo
1932 1335 2259 1390 constitutos

701 1451 822 1492 esse
849 1434 1096 1490 cardines
1136 1446 1499 1501 nequaquam,
1541 1439 1599 1484 ut
1635 1429 1840 1499 putavit
1884 1426 2251 1497 Hipparchus,

701 1546 765 1582 rx
804 1528 947 1581 illius
980 1526 1157 1580 verbis
1195 1525 1500 1586 conﬁcitur,
1543 1523 1881 1592 inquiramus
1925 1519 2085 1574 modo
2133 1533 2260 1588 qua-

704 1635 825 1674 nam
858 1619 911 1672 in
945 1625 1096 1688 parte
1122 1617 1394 1682 deﬁxerit;
1425 1625 1536 1668 tum
1568 1630 1689 1684 qua:
1712 1614 1849 1666 ratio
1881 1613 1949 1666 ab
1981 1611 2087 1665 illis
2127 1611 2260 1663 inita

703 1709 794 1773 sit,
827 1709 917 1780 qui
946 1709 1094 1772 alibi,
1135 1723 1296 1778 quam
1344 1707 1398 1760 in
1437 1705 1607 1761 initiis
1654 1705 1956 1776 signorum,
2009 1700 2259 1758 cardines

705 1801 826 1856 illos
853 1814 974 1855 esse
1002 1798 1302 1852 sciverunt.

772 1889 1030 1944 Geminus
1063 1889 1237 1957 capite
1269 1884 1404 1948 XVI,
1438 1891 1632 1956 quarto
1660 1883 1767 1948 die,
1793 1897 1954 1952 quam
1987 1882 2041 1936 in
2070 1880 2263 1950 Capri-

702 1997 926 2036 cornum
951 1980 1032 2034 sol
1060 1986 1143 2034 est
1172 1980 1470 2048 ingressus,
1520 1975 1811 2031 solstitium
1858 1973 2142 2027 hibernum
2197 1987 2260 2026 ex

705 2071 932 2126 Eudoxo
963 2070 1073 2123 ﬁeri
1100 2069 1289 2124 scribit
1318 2109 1332 2133 ,
1382 2081 1606 2120 vernum
1636 2072 1817 2118 autem
1855 2062 2264 2132 tequinoctium,

703 2167 857 2214 sexto
887 2157 974 2212 die
1003 2155 1094 2209 τοῦ
1127 2155 1389 2226 Κριῶνος.
1420 2151 1562 2208 Idem
1603 2161 1790 2205 auctor
1820 2167 1887 2206 ex
1919 2149 2264 2204 Euctemonis

702 2248 969 2304 sententia
1022 2246 1312 2300 solstitium
1341 2245 1620 2297 hibernum
1659 2242 1833 2310 primo
1877 2239 1965 2295 die
2001 2239 2265 2294 committi

701 2339 902 2396 refert:
935 2352 1144 2391 necnon
1174 2334 1483 2389 autumnale
1515 2333 1918 2403 aequinoctium.
1948 2331 2024 2385 Ex
2041 2330 2266 2400 Calippo

701 2444 828 2484 vero
839 2429 1226 2498 quatuoripsos
1243 2426 1489 2480 cardines
1505 2424 1825 2478 nominatim
1858 2423 2135 2493 signorum
2164 2423 2268 2476 ini-

701 2520 793 2574 tiis
808 2518 1094 2573 contineri.
1114 2515 1307 2570 Verum
1325 2514 1621 2569 Columella
1638 2513 1729 2568 lib.
1752 2512 1842 2577 IX,
1862 2528 1982 2582 cap.
2002 2511 2140 2575 XIV,
2161 2512 2268 2567 Me-

702 2619 881 2664 tonem
913 2617 966 2664 et
993 2607 1291 2673 Eudoxum,
1310 2621 1374 2660 ac
1392 2613 1603 2661 veteres
1621 2613 1965 2660 astronomos
1981 2605 2174 2658 scribit
2213 2604 2266 2656 in

701 2701 908 2756 octavis
926 2699 1168 2768 partibus
1188 2698 1462 2768 signorum
1480 2697 1711 2752 solstitia
1729 2706 1781 2751 et
1811 2696 2135 2766 aequinoctia
2171 2709 2268 2764 po-

703 2793 903 2858 suisse;
932 2789 1316 2860 Hipparchum,
1341 2796 1542 2842 mutata
1561 2787 1855 2851 ratione,in
1873 2787 2148 2857 signorum
2164 2787 2268 2839 ini-

703 2883 777 2936 tia
801 2882 1118 2936 contulisse.
1144 2899 1162 2931 ι
1194 2879 1300 2935 Nec
1338 2894 1421 2934 me
1453 2878 1606 2942 fallit,
1635 2876 2148 2948 iIIQtIit,'Hippal‘chi
2183 2893 2266 2928 ra-

701 2974 799 3037 tio,
828 2989 947 3044 quze
975 2972 1130 3027 docet
1147 2971 1376 3026 solstitia
1393 2977 1447 3024 et
1470 2970 1912 3040 aaquinoctianon
1928 2969 2156 3032 octavis,
2173 2967 2267 3023 sed

702 3065 893 3134 primis
918 3064 1192 3134 signorum
1218 3061 1460 3132 partibus
1478 3060 1689 3116 conﬁci.
1708 3059 1905 3116 Verum
1925 3061 1977 3114 in
1995 3060 2096 3114 hac
2126 3062 2266 3115 ruris

702 3155 989 3226 disciplina
1013 3169 1365 3224 sequornunc
1403 3151 1606 3206 Eudoxi
1635 3161 1689 3206 et
1721 3151 1972 3215 Metonis,
2012 3152 2266 3221 antiquo-

702 3262 932 3317 rumque
952 3245 1120 3302 fastus
1139 3247 1532 3316 astrologorum
1551 3284 1565 3309 ,
1580 3244 1671 3314 qui
1698 3252 1827 3298 sunt
1852 3245 2016 3314 aptati
2035 3244 2266 3313 publicis

703 3339 988 3393 sacriﬁciis
1004 3378 1021 3402 ,
1040 3338 1166 3408 quia
1184 3346 1237 3392 et
1258 3338 1438 3391 nctior
1459 3345 1544 3391 est
1563 3336 1666 3391 ista
1684 3342 1840 3390 vetus
1859 3335 2117 3406 agricolis
2135 3349 2266 3388 con-

703 3437 858 3498 cepta
887 3429 1088 3498 opinio.
1108 3427 1215 3482 Nec
1233 3438 1406 3481 tamen
1425 3425 1715 3497 Ilipparchi
1731 3421 2002 3480 subtilitas
2021 3425 2270 3495 pinguio-

703 3519 878 3582 ribus,
899 3527 958 3572 ut
987 3521 1158 3585 aiunt,
1185 3519 1508 3574 rusticorum
1542 3518 1736 3572 litteris
1763 3518 2068 3572 necessaria
2100 3500 2203 3571 est.
2243 3537 2262 3567 ι

705 3606 1070 3677 Hipparchum
1110 3623 1237 3663 ecce
1271 3607 1398 3661 facit
1427 3615 1704 3662 auctorem
1719 3607 1836 3675 ejus
1857 3605 2270 3675 instituti,quod

705 3695 987 3766 principiis
1006 3695 1282 3765 signorum
1301 3694 1552 3749 cardines
1567 3695 1968 3761 accommodat,
1986 3711 2106 3749 cum
2126 3705 2271 3751 vete-

707 3799 795 3840 .‘es
806 3787 1012 3840 octavis
1036 3787 1279 3855 partibus
1305 3787 1652 3842 ascriberent.
1669 3786 1726 3842 ln
1753 3802 1861 3856 quo
1875 3788 2069 3856 partim
2087 3789 2152 3842 ab
2167 3787 2271 3843 Ge-

706 3878 874 3940 mino,
892 3879 1087 3948 partim
1115 3879 1182 3933 ab
1204 3878 1510 3950 Hipparcho
1528 3880 1644 3949 ipso
1657 3879 1884 3935 dissidet
1905 3898 1918 3946 ;
1945 3896 2068 3934 nam
2089 3881 2272 3934 Gemi-

705 3983 811 4023 nus
829 3984 1093 4038 nusquam
1110 3970 1161 4022 in
1179 3977 1366 4024 octava
1399 3970 1720 4039 cujusquam
1746 3970 1884 4041 signi
1906 3981 2055 4039 parte
2069 3971 2272 4024 consti-

709 4066 856 4113 tutos
881 4075 1004 4114 esse
1030 4059 1281 4114 cardines
1309 4061 1383 4113 ait
1409 4078 1423 4125 ;
1458 4059 1801 4130 Hipparchus
1837 4071 2041 4125 autem,
2095 4072 2153 4115 ut
2182 4078 2275 4116 su-

707 4151 905 4220 periori
927 4152 1103 4220 capite
1129 4151 1386 4216 vidimus,
1435 4153 1502 4206 ab
1525 4152 1714 4218 Arato,
1771 4161 1826 4207 et
1877 4156 2120 4223 antiquis
2163 4154 2272 4208 fere

709 4245 963 4299 omnibus
1009 4243 1405 4300 mathematicis
1455 4246 1508 4298 in
1562 4245 1840 4315 signorum
1890 4247 2044 4300 initia
2107 4248 2274 4301 colla-

707 4343 794 4389 tos
827 4350 949 4389 esse
975 4333 1176 4389 docuit.
1210 4334 1325 4388 Non
1356 4335 1545 4390 dubito
1587 4337 1717 4405 quin
1760 4336 2050 4406 Hipparchi
2097 4339 2275 4406 potior

2354 519 2507 587 Quod
2543 520 2998 590 quemadmodum
3061 519 3131 571 ab
3164 518 3231 570 iis
3265 518 3510 571 institutum
3541 523 3637 580 twn.

2353 628 2458 682 qua
2499 613 2706 666 ratione
2733 613 2869 665 inter
2897 625 2957 665 se
2984 607 3268 662 conciliari
3308 609 3554 678 scriptonua
3575 615 3617 667 ila
3633 633 3663 671 ἐ.

2355 704 2489 759 sidia
2525 704 2750 772 possint,
2783 702 3047 771 deinceps
3075 701 3383 769 aperiemus.

2427 792 2651 849 Duobus
2679 793 2898 847 omnino
2930 791 3121 846 modis
3157 790 3266 845 ﬁeri
3305 790 3648 862 arbitror

2356 885 2425 939 ab
2470 885 2708 953 antiquis
2749 881 3163 939 mathematicis
3211 882 3489 950 aequinoctia
3529 894 3563 936 et
3587 891 3671 940 sim

2357 977 2518 1039 alibi,
2555 991 2715 1045 quam
2747 977 2800 1029 in
2832 976 2964 1045 ipsis
2999 975 3288 1044 signorum
3316 973 3523 1035 exordiis,
3550 984 3671 1034 exausta;

2358 1068 2579 1124 fuerint.
2612 1068 2743 1122 Nam
2777 1078 2869 1121 aut
2901 1069 3112 1137 reipsa,
3147 1074 3201 1120 et
3243 1081 3305 1120 ex
3339 1075 3437 1119 arte
3460 1067 3672 1137 juditﬁeqne.‘

2359 1159 2778 1229 pronuntiarunt
2807 1177 2821 1212 :
2852 1168 2943 1212 aut
2972 1172 3108 1211 cum
3140 1157 3207 1210 de
3219 1156 3460 1210 exactiore
3476 1160 3672 1216 militum

2359 1249 2514 1302 aliter
2534 1248 2942 1311 existimarent,
2978 1246 3306 1317 populorum
3335 1245 3493 1300 usibus
3526 1263 3568 1300 ac
3587 1255 3672 1303 sese

2358 1338 2585 1390 alterum
2616 1335 2746 1388 illud
2773 1336 2952 1390 minus
2979 1343 3306 1387 accuratum
3329 1333 3551 1387 cardinum

2359 1425 2656 1480 dulserunt.
2698 1422 2768 1478 Ut
2793 1439 2823 1478 a
2860 1425 3046 1493 priore
3103 1422 3304 1484 ordiar,
3343 1424 3564 1490 repetenda
3586 1425 3672 1479 itas-1

2363 1517 2644 1586 imprimis,
2690 1530 2811 1584 qua:
2866 1514 2934 1569 de
2981 1513 3259 1568 Chaldmis
3295 1522 3343 1566 et
3387 1511 3671 1582 :Egyptiistné-l

2361 1624 2484 1663 mus
2511 1609 2684 1677 capite
2708 1607 2919 1676 primo;
2947 1620 3193 1675 quanam
3224 1605 3446 1658 videlicet
3473 1605 3612 1657 ratione
3627 1625 3671 1674 s1;

2364 1715 2483 1754 rum
2515 1699 2818 1754 caelestium
2855 1699 3214 1768 partitionem
3263 1696 3558 1750 instituerint.
3580 1695 3671 1764 lassa

2360 1790 2503 1844 enim
2532 1789 2837 1858 quampiam
2868 1795 3136 1841 notarunt
3162 1787 3215 1840 in
3246 1787 3374 1840 coelo
3407 1788 3614 1848 stellam
3643 1791 3672 1855 si

2361 1883 2663 1937 emersione
2684 1881 2914 1952 primum
2943 1881 3433 1935 dodecatemorium
3459 1881 3502 1932 in
3517 1881 3672 1948 equinae:

2362 1973 2568 2027 circulo
2596 1972 2968 2043 designarunt.
3005 1972 3133 2037 Quo
3159 1970 3310 2025 initio
3323 1969 3671 2034 constitutam:

2363 2065 2548 2119 circuli
2575 2066 2740 2119 totius
2771 2063 3173 2134 anaphoricum
3199 2070 3395 2130 tempus
3414 2061 3594 2113 horarum
3605 2073 3672 2128 ipsa

2363 2167 2417 2211 et
2439 2157 2650 2226 viginti,
2681 2155 2962 2210 duodecim
3001 2157 3059 2210 in
3096 2162 3280 2226 partes
3302 2169 3361 2208 ex
3386 2168 3510 2222 aequo
3533 2153 3671 2204 duim

2364 2259 2591 2313 quarum
2615 2244 2855 2314 singulas
2887 2245 3011 2299 aliis
3039 2244 3230 2298 itidem
3259 2242 3417 2297 stellis
3442 2244 3527 2295 sive
3549 2242 3671 2292 intota

2366 2337 2478 2390 sive
2503 2343 2656 2391 extra
2688 2337 2861 2405 ipsum
2895 2335 3120 2405 positis,
3155 2345 3208 2388 et
3234 2335 3408 2390 iisdem
3425 2336 3672 2387 momentis

2368 2429 2531 2491 tibus,
2557 2429 2702 2482 velut
2729 2428 2899 2496 signis
2965 2443 3036 2482 ac
3071 2427 3334 2481 limitibus
3375 2422 3671 2493 deseripsauel

2366 2521 2562 2592 quippe
2589 2520 2784 2576 Sextus
2811 2519 3124 2591 Empiricus
3154 2520 3328 2583 docet,
3354 2517 3486 2588 primi
3510 2516 3671 2569 dada-sem

2365 2613 2432 2667 τίί
2478 2611 2758 2683 ἀεεῖεηειο
2813 2613 3108 2683 principio,
3157 2622 3345 2666 caetera
3389 2607 3671 2677 aequabiliuni:

2365 2705 2758 2774 aequinoctialis
2817 2704 3090 2761 divisione
3134 2720 3269 2760 esse.
3302 2709 3546 2756 numerata.
3577 2695 3672 2761 (nisi

2369 2808 2482 2848 rem
2540 2793 2630 2864 qui
2678 2794 2819 2848 bona
2852 2794 2953 2848 ﬁde
2999 2809 3068 2848 ac
3097 2794 3240 2849 serio
3257 2791 3474 2846 cardines
3504 2790 3540 2840 in
3560 2786 3672 2839 atati-ss:

2370 2884 2510 2954 gnis,
2550 2885 2634 2939 vel
2667 2885 2897 2946 octavis.
2927 2886 3166 2954 aliisque
3205 2883 3430 2953 partibus
3459 2882 3619 2932 ﬁxerunt.
3643 2887 3672 2922 in

2367 2972 2543 3028 simile
2567 2980 2650 3027 est
2670 2988 2764 3029 eos
2795 2973 3009 3027 initium
3056 2973 3221 3043 primi
3258 2965 3672 3024 dodecalemoriiem

2369 3060 2482 3130 ipsa
2509 3062 2902 3132 aequinoctialis
2951 3070 3004 3117 et
3038 3062 3248 3116 zodiaci
3278 3057 3672 3118 intersectionecps

2367 3156 2463 3210 sed
2496 3155 2773 3224 aliquanto
2799 3163 2924 3209 ante
2955 3155 3138 3224 Spatio
3179 3172 3192 3206 :
3226 3151 3360 3223 quod
3383 3150 3431 3203 in
3451 3147 3598 3214 reliquis
3616 3147 3671 3193 ea

2367 3254 2640 3301 servatum
2675 3254 2777 3300 est.
2807 3243 2945 3300 Cum
2989 3256 3175 3300 autem
3204 3242 3269 3295 ab
3316 3238 3479 3306 insigni
3511 3227 3672 3300 aliquast:J

2365 3353 2544 3393 vernae
2577 3338 2909 3406 tempestatis
2944 3338 3164 3391 initium
3197 3330 3433 3402 auspicati
3470 3324 3618 3384 sint,uti

2369 3444 2510 3493 mus,
2540 3429 2772 3498 eligatur
2793 3427 2947 3481 stella
2987 3427 3102 3488 illa,
3135 3438 3254 3492 qua:
3290 3422 3338 3474 in
3370 3412 3672 3498 praecedente

2367 3529 2450 3572 est
2477 3517 2695 3571 Arietis.
2730 3515 2801 3568 Ea
2823 3531 2884 3569 ex
2920 3511 3326 3568 accuratissima
3350 3499 3550 3574 Tyclionis
3576 3493 3672 3543 vim

2371 3610 2517 3663 tione
2545 3623 2687 3662 anno
2713 3607 2912 3661 Christi
2957 3620 3063 3660 ειυς
3109 3605 3212 3658 sita
3259 3609 3365 3654 erat
3405 3597 3446 3646 in
3476 3586 3671 3672 ετειάυλτέ¹

2367 3701 2456 3768 27,
2483 3701 2588 3763 56',
2642 3701 2798 3769 cujus
2825 3699 3053 3753 latitudo
3099 3693 3347 3768 graduum
3378 3695 3443 3739 est
3469 3676 3672 3741 autem

2376 3809 2503 3848 vero
2541 3793 2788 3848 stellatus
2829 3791 2979 3846 orbis
3031 3790 3091 3844 in
3144 3776 3480 3851 ωηερηιιεηιῑε
3515 3768 3671 3864 armum

2373 3885 2532 3940 annis
2560 3884 2778 3938 circiter
2799 3883 3012 3936 duobus
3035 3889 3091 3936 et
3126 3873 3430 3949 septuaginta
3457 3849 3662 3956 gradum

2372 3978 2448 4032 vit
2502 3991 2688 4037 unum,
2749 3973 2874 4029 inde
2925 3976 3175 4043 sequitur
3215 3976 3330 4022 ante
3369 3961 3523 4046 αιίίιυοξ

2374 4069 2548 4140 ipsum
2598 4081 2778 4121 verna:
2821 4064 3080 4120 sectionis
3132 4069 3368 4132 punctum

2374 4161 2554 4222 istam,
2595 4173 2658 4211 ac
2687 4173 2874 4212 rursus
2918 4152 3308 4225 antiquioribus

2374 4252 2604 4306 venisse.
2651 4247 2847 4303 Verum
2871 4263 2978 4301 non
3005 4256 3116 4301 tam
3147 4242 3246 4298 Ieci
3274 4237 3436 4308 ipsius.
3461 4225 3525 4322 qui

2375 4346 2541 4400 stella:
2563 4342 2834 4411 competit,
2865 4339 3068 4410 quique
3101 4329 3377 4391 latitudinis
3403 4317 3544 4376 circulo

709 4426 812 4479 hac
837 4425 891 4478 in
919 4441 995 4488 re,
1027 4441 1186 4496 quam
1209 4425 1518 4481 Columella:
1540 4427 1610 4480 sit
1634 4427 1798 4494 ﬁdes;
1838 4438 1895 4482 ut
1920 4430 2009 4497 qui
2044 4437 2194 4483 tanto
2216 4438 2271 4484 et
2301 4441 2347 4498 υ
2374 4446 2482 4499 tur,
2508 4450 2668 4504 quam
2688 4397 3037 4488 ascensionis
3065 4431 3206 4485 illius
3243 4423 3442 4488 obliqua:

709 4516 1000 4586 antiquior,
1041 4527 1094 4571 et
1142 4517 1332 4571 harum
1388 4532 1568 4571 rerum
1621 4517 2012 4588 intelligentior
2045 4562 2060 4585 ,
2107 4529 2159 4575 et
2213 4523 2263 4574 in
2373 4537 2477 4590 εει,
2514 4495 2573 4582 ﬁt
2599 4542 2760 4596 quam
2795 4526 2849 4580 in
2881 4535 3088 4595 partem
3112 4495 3672 4578 dodccmmoriimmael

709 4613 1143 4662 astronomorum
1203 4615 1442 4662 veterum
1493 4609 1724 4664 lectione
1779 4609 2048 4676 detritior,
2103 4629 2266 4682 quam

707 4699 1025 4761 Columella,
1057 4699 1238 4754 fuerit.
1270 4699 1333 4752 Et
1363 4708 1542 4755 tamen
1561 4700 1723 4770 hujus
1749 4703 2074 4758 auctoritate
2099 4705 2268 4773 pleri-

708 4803 814 4858 que
854 4803 1042 4842 omnes
1076 4787 1418 4843 adducuntur
1447 4789 1626 4854 hodie,
1659 4801 1716 4844 ut
1740 4791 2132 4862 antiquissimis
2169 4809 2267 4849 sat-

709 4880 846 4934 culis
891 4879 1200 4934 existiment
1238 4881 1446 4937 octavis
1494 4883 1738 4952 partibus
1781 4884 2058 4954 signorum
2098 4886 2297 4957 a’qui-f

709 4973 888 5027 noctia
908 4981 961 5028 et
979 4975 1210 5029 solstitia
1227 4976 1295 5029 ab
1312 4980 1636 5032 astronomis
1651 4977 1891 5031 mandari
1911 4979 2088 5032 solita.
2113 4977 2265 5044 Quod

709 5079 818 5133 pra?
845 5066 1052 5119 exteris
1082 5065 1240 5120 enixe
1268 5072 1448 5119 tuetur
1485 5064 1729 5136 Scaliger
1771 5085 1782 5120 :
1822 5068 1928 5120 imo
1958 5069 2178 5122 unicum
2215 5069 2266 5123 id

709 5154 798 5207 ille
823 5153 1227 5208 fundamentum
1263 5155 1311 5210 ei
1349 5155 1608 5209 doctrinm
1647 5156 1935 5219 substruit,
1995 5173 2156 5226 quam
2201 5156 2268 5212 de

707 5243 1018 5298 Graecorum
1041 5253 1461 5316 caeterorumque
1484 5248 1802 5318 populorum
1839 5249 1997 5304 annis
2027 5250 2268 5319 explica-

706 5338 804 5390 vit.
837 5338 941 5393 Sed
983 5355 1156 5410 neque
1211 5340 1452 5396 funditus
1484 5342 1790 5411 negaverim
1819 5342 2006 5408 fuisse,
2030 5343 2262 5412 quiante

708 5428 1070 5499 Hipparchum
1102 5433 1351 5488 cardines
1380 5435 1507 5496 alio,
1538 5450 1698 5504 quam
1731 5436 1784 5489 in
1814 5436 2092 5505 signorum
2112 5436 2267 5490 initia

706 5523 1036 5577 contulerint
1073 5544 1087 5579 :
1118 5526 1262 5594 quod
1323 5526 1606 5591 Geminus,
1653 5528 1979 5590 Columella,
2028 5529 2264 5584 Achilles

707 5612 920 5678 Tatius,
940 5617 1138 5686 aliique
1181 5616 1530 5684 conﬁrmant;
1571 5628 1625 5674 et
1660 5635 1690 5672 a
1721 5609 1867 5674 Iulio
1897 5619 2141 5684 Casare,
2197 5635 2264 5674 ex

707 5707 981 5760 communi
1011 5706 1196 5775 utique
1243 5723 1304 5763 ac
1335 5719 1549 5780 recepta
1587 5712 1878 5777 sententia,
1915 5711 2054 5766 idem
2086 5711 2142 5766 in
2175 5727 2271 5766 an-

2369 4619 2682 4686 incurrerit,
2706 4617 2974 4673 :estimare
3006 4614 3288 4684 possinIUS-
3392 4687 3395 4688 ν
3428 4683 3452 4688 Α,

2438 4667 2819 4764 ξ
2937 4667 3253 4759 Cordefridus
3279 4683 3539 4747 Vcndelinus.
3548 4671 3591 4720 ῐὶῐ

2367 4801 2563 4854 nomia:
2588 4796 2910 4866 cumprimis
2947 4795 3175 4864 peritus,
3207 4791 3335 4845 circa
3351 4750 3664 4888 annnn'llzlluﬁ;

2368 4891 2438 4946 sti
2473 4905 2635 4944 teram
2685 4855 2842 4950 1.263,
2878 4855 2970 4957 qui
3017 4894 3101 4941 est
3127 4876 3313 4954 periodi
3352 4867 3450 4925 Julii

2369 4991 2580 5051 tempus
2635 4981 2765 5035 illud
2818 4979 3005 5044 fuisse,
3058 4993 3166 5046 quo
3203 4940 3672 5051 ascensio

2369 5076 2536 5132 stellae
2567 5073 2877 5144 quindecim
2898 5071 3154 5142 gradibus
3177 5053 3461 5121 antecedebat

2369 5123 2535 5132 --ν-,π
2572 5123 3148 5144 γ---μ-ν--ροη.-γηη
3478 5136 3484 5143 _

2369 5180 2614 5221 vernum.
2653 5162 2776 5230 Quo
2816 5164 2979 5218 etiam
3026 5170 3256 5231 tempore
3291 5123 3667 5236 heomenla”

2369 5267 2522 5313 ortus
2567 5256 2847 5320 caniculae,
2900 5261 2955 5308 et
3001 5253 3298 5309 solstitium.
3337 5253 3386 5294 π

2368 5345 2613 5403 eumdem
2641 5346 2782 5400 diem
2837 5344 3166 5408 inciderunt,
3209 5334 3287 5409 (ὶυί
3323 5311 3666 5418 em.

2369 5438 2532 5508 idque
2560 5438 2614 5491 in
2647 5435 3043 5506 Heliopolitano
3086 5439 3252 5488 tractu
3277 5445 3287 5478 ί
3313 5399 3660 5519 αυῆοδίάηῗῗὲᾘ»

2371 5489 2706 5598 Posteritatis
2736 5489 2946 5595 insrisne
2975 5526 3182 5579 initium
3208 5515 3332 5575 dedit

2371 5621 2527 5689 cujus
2557 5619 2798 5675 meminit
2823 5618 3069 5674 Clemens
3098 5606 3426 5678 Alexandrinus
3455 5587 3658 5704 57030;;

2374 5679 2629 5768 trecentis
2651 5708 3008 5780 quadraginta
3039 5709 3262 5778 quinque
3289 5692 3408 5753 annis
3432 5682 3510 5752 post
3527 5679 3586 5728 ang
