4036 6218
235 333 366 392 1535

1035 336 1498 394 DISSERTATIO
1537 337 1626 393 DE
1663 336 1851 395 ORTU
1894 337 1980 394 ET
2019 337 2289 396 OCCASU
2337 337 2665 395 SIDERUM.

3321 341 3343 394 1
3354 336 3459 396 354

234 464 348 504 nem
383 450 747 510 lsraelitarum
775 470 838 508 ex
867 454 1120 526 zEgypto,
1168 456 1451 526 periodum
1491 456 1632 511 hanc
1673 471 1786 512 cm-
1814 464 1862 522 Α
1888 457 2138 514 cardines
2166 458 2217 512 in
2235 457 2481 513 eamdem
2498 457 3066 513 dodecatemoriorum
3090 471 3313 513 suorum
3332 474 3461 528 par-

233 528 372 609 pisse
424 546 634 599 scribit.
673 545 748 598 ita
784 545 836 598 in
869 544 1081 602 Graeco.
1124 546 1194 600 At
1225 547 1495 618 interpres
1529 541 1792 618 quadrin-

233 639 416 699 gentos
459 637 658 706 posuit.
686 635 789 690 Per
816 635 956 691 idem
1007 647 1222 708 tempus
1267 649 1383 694 erat
1422 640 1594 711 prima
1638 642 1792 694 stella

233 723 431 782 Arietis
463 728 515 781 in
554 727 724 797 gradu
757 727 995 808 Piscium
1035 731 1122 794 17,
1173 731 1272 796 12’,
1325 741 1378 786 et
1416 732 1794 803 mquinoctiale

233 825 485 886 punctum
522 819 877 877 antecedebat
903 821 1161 891 gradibus
1190 824 1274 887 12,
1294 825 1395 889 118',
1426 821 1529 879 hoc
1555 834 1635 880 est
1656 834 1794 880 tem-

233 902 452 978 poribus
496 912 966 968 ascensionalibus
995 915 1324 984 quindecim.
1369 917 1510 973 Sane
1544 917 1646 972 isto
1676 918 1794 988 ipso

233 1013 370 1052 anno
399 999 626 1069 primam
655 1001 854 1059 Arietis
884 1021 947 1060 ex
979 1007 1234 1061 methodo
1267 1017 1454 1064 nostra
1484 1009 1793 1080 deprehen-

232 1092 405 1148 dimus
435 1093 489 1146 in
525 1092 762 1150 Piscium
790 1098 877 1160 l7,
916 1098 997 1153 50'
1032 1119 1044 1153 :
1076 1101 1326 1155 ascensio
1354 1109 1500 1156 recta
1531 1103 1793 1172 graduum

231 1181 362 1247 546;
390 1183 606 1252 obliqua
638 1203 766 1241 vero
791 1187 1046 1258 Memphi,
1095 1199 1187 1243 aut
1214 1189 1498 1261 licliopoli,
1528 1193 1792 1263 graduum

232 1273 360 1337 545,
403 1274 468 1336 6',
521 1277 593 1329 ita
644 1285 702 1330 ut
756 1279 1064 1348 quindecim
1104 1282 1362 1352 gradibus
1409 1285 1791 1354 aequinoctium

232 1367 524 1421 antecedat.
550 1367 895 1423 N0vilunium
930 1387 1116 1425 verum
1147 1374 1200 1426 in
1234 1377 1423 1429 eodem
1449 1385 1627 1430 tractu
1656 1393 1798 1430 com-

239 1458 463 1511 missum
503 1459 732 1513 estJulii
770 1477 841 1521 tv,
870 1463 1001 1515 hora
1027 1464 1112 1526 12,
1143 1463 1246 1523 46',
1290 1482 1412 1520 cum
1450 1457 1602 1523 locus
1634 1485 1793 1524 verus

231 1548 360 1603 solis
387 1558 533 1605 esset
567 1551 620 1604 in
673 1551 1022 1609 Geminorum
1067 1557 1154 1621 29,
1199 1558 1299 1612 19'.
1339 1558 1517 1625 Quare
1549 1564 1793 1630 sequenti

235 1638 336 1717 die,
374 1639 506 1694 hora
535 1641 722 1710 quinta
759 1647 1020 1699 matutina
1071 1646 1124 1700 in
1162 1649 1280 1718 ipso
1319 1649 1513 1705 Cancri
1561 1654 1794 1708 solstitio

230 1728 350 1783 fuit.
377 1729 432 1784 In
479 1733 671 1787 eodem
717 1733 916 1790 Cancri
960 1738 1129 1807 gradu
1175 1740 1350 1809 primo
1387 1744 1706 1798 versabatur
1739 1755 1793 1800 et

1893 555 2001 602 tem
2033 545 2342 611 inciderint,
2378 555 2600 618 quotam
2640 548 2695 602 in
2751 551 2926 619 primo
2975 548 3177 606 Arietis
3217 552 3458 620 aequino‘

1893 633 2061 690 ctium
2091 652 2315 692 vernum
2344 646 2658 708 occuparat.

1901 761 1932 770 ν
1965 728 2078 783 Sub
2104 731 2319 784 initium
2353 746 2474 785 :erae
2497 729 2889 797 Nabonassari,
2921 741 3043 787 cum
3067 729 3271 788 Arietis
3303 733 3459 789 stella

1893 820 1948 874 in
1985 818 2220 873 Piscium
2265 820 2435 890 gradu
2490 822 2594 875 sita
2635 831 2780 876 esset
2815 821 2907 885 25,
2958 823 3012 876 in
3057 821 3459 894 HeliOpolitano

1895 919 2072 965 tractu
2115 912 2334 980 obliqua
2367 911 2468 964 fuit
2511 913 2763 967 ascensio
2807 912 3070 982 graduum
3103 913 3227 979 550,
3256 930 3320 969 ac
3365 915 3462 971 de—

1895 1017 2012 1056 cem
2040 1003 2298 1073 gradibus
2321 1003 2648 1073 :equinoctio
2681 1006 2798 1058 erat
2827 1004 3087 1060 anterior.
3121 1006 3246 1077 Cyri
3272 1022 3457 1076 porro,

1895 1109 1959 1148 ac
1997 1092 2242 1149 Thaletis
2286 1093 2507 1156 saeculo,
2553 1094 2608 1147 in
2642 1095 2832 1149 eodem
2883 1098 3013 1158 situ,
3057 1096 3257 1152 Arietis
3303 1100 3460 1154 stella

1893 1186 2003 1256 jam
2056 1187 2120 1241 ad
2155 1186 2392 1242 Piscium
2433 1187 2504 1241 28
2537 1203 2850 1258 progressa,
2900 1191 3149 1244 ascensio
3179 1191 3281 1245 fuit
3323 1193 3462 1247 obli-

1897 1293 2003 1346 qua
2030 1277 2294 1347 graduum
2338 1275 2460 1342 5'52,
2495 1285 2657 1346 atque
2696 1281 2749 1331 in
2781 1284 2972 1333 octavo
3001 1280 3170 1349 gradu
3211 1282 3463 1335 commit-

1895 1367 2113 1422 tebatur
2143 1369 2552 1438 aequinoctium.
2585 1368 2707 1423 Hmc
2740 1371 2792 1422 in
2835 1370 3002 1425 certis
3032 1371 3311 1440 signorum
3337 1387 3462 1443 par-

1896 1459 2043 1514 tibus
2072 1459 2480 1514 statuendorum
2513 1460 2796 1513 cardinum
2829 1461 2969 1513 ratio
2993 1459 3286 1515 identidem
3307 1462 3464 1516 adbi-

1895 1551 2012 1604 beri
2057 1551 2254 1620 potuit,
2291 1552 2593 1606 secundum
2637 1567 2700 1607 ea
2736 1567 2857 1622 quae
2893 1568 2923 1606 e
2971 1549 3138 1608 Sexto
3187 1552 3462 1624 Empirico

1896 1659 2016 1712 cap.
2049 1642 2065 1695 l
2096 1643 2516 1699 declaravimus.

1969 1735 2072 1790 Sed
2122 1749 2231 1789 non
2284 1737 2466 1790 minus
2505 1742 2558 1790 et
2592 1735 2681 1789 illa
2729 1735 3026 1805 probabilis
3075 1744 3199 1803 est,
3243 1750 3363 1806 quae
3393 1753 3462 1792 ex

231 1822 423 1888 Sirius,
457 1824 548 1892 qui
575 1834 688 1878 tum
733 1832 912 1881 ortum
949 1832 1270 1885 matutinum
1317 1849 1438 1887 cum
1465 1836 1580 1890 sole
1625 1835 1792 1892 facie-

1895 1823 2200 1895 llipparcbo
2244 1826 2554 1895 colligithr,
2604 1827 2657 1880 in
2707 1841 2815 1896 qua
2874 1828 3155 1882 stellarum
3211 1829 3348 1883 situs
3403 1830 3462 1882 in

233 1914 323 1969 bat
351 1915 522 1985 prima
556 1917 642 1972 die
665 1916 863 1982 Thoth,
900 1937 1019 1991 qua:
1047 1925 1100 1976 in
1130 1925 1378 1980 eumdem
1415 1927 1604 1982 incidit
1629 1929 1789 1985 diem.

297 2007 411 2064 Non
437 2009 662 2064 dubium
695 2021 778 2068 est
807 2012 938 2084 qdin
979 2016 1315 2074 admirabilis
1339 2019 1426 2074 hic
1461 2037 1637 2076 rerum
1661 2037 1796 2092 qua-

230 2111 349 2155 tuor
383 2101 438 2154 in
474 2102 612 2156 idem
645 2111 860 2174 tempus
893 2121 1220 2172 concursus,
1248 2109 1556 2167 Neomenia:
1592 2111 1791 2176 Thoth,

226 2191 368 2247 lunae
405 2193 600 2262 ipsius,
634 2203 789 2250 ortus
818 2196 950 2252 Sirii
984 2209 1037 2253 et
1060 2201 1303 2266 solstitii,
1333 2204 1474 2272 apud
1509 2203 1794 2275 lEgyptios

225 2285 554 2354 singularem
598 2287 1029 2343 observationem
1077 2295 1358 2360 meruerit,
1416 2288 1475 2348 ut
1517 2295 1631 2348 haec
1668 2311 1795 2364 pro-

228 2375 605 2447 indcinsignis
630 2379 837 2448 epocba
889 2380 1074 2446 fuerit,
1117 2386 1339 2438 tametsi
1383 2387 1528 2438 nulla
1569 2386 1689 2455 ejus
1739 2387 1793 2440 in

227 2467 592 2522 monumentis
618 2478 860 2524 veterum
891 2474 1152 2526 memoria
1195 2476 1454 2544 supersit.
1501 2478 1675 2546 Atque
1701 2477 1793 2532 ille

228 2557 440 2613 demum
474 2575 649 2614 annus
672 2569 797 2616 ante
823 2561 1117 2631 Trojanum
1136 2558 1407 2618 excidium
1425 2568 1789 2632 centesimus;

227 2657 348 2717 post
373 2651 748 2718 migrationem
778 2667 841 2706 ex
895 2652 1148 2723 [Egyptm
1195 2655 1605 2712 ducentesinius
1647 2659 1795 2714 vice-

226 2726 396 2795 simus
448 2742 712 2811 septimus
770 2750 988 2810 putatur
1018 2738 1093 2796 in'
1124 2753 1309 2799 nostra
1340 2746 1721 2818 Chronologia,
1762 2766 1792 2805 a

225 2847 334 2900 quo
356 2831 481 2900 jure
514 2831 730 2902 quidem
767 2826 1016 2888 Sothiaca
1048 2837 1303 2905 periodus
1325 2839 1568 2894 inchoari
1595 2842 1790 2911 potuit.

299 2923 435 2978 Hinc
472 2924 604 2978 illud
651 2919 936 2996 Porphyrii
983 2927 1122 2981 libro
1144 2928 1218 2982 De
1261 2939 1412 2982 antro
1452 2933 1796 3001 nympharum

223 3016 364 3071 idem
427 3013 762 3073 Vendelinus
819 3020 1059 3088 exponit,
1125 3035 1249 3074 cum
1308 3024 1382 3075 ait
1432 3022 1718 3095 Egyptios
1765 3042 1796 3079 a

220 3109 455 3174 Cancro,
483 3111 558 3163 uti
606 3107 880 3164 Romanos
937 3126 966 3163 a
1013 3111 1368 3181 Capricorno,
1406 3131 1606 3170 annum
1660 3117 1797 3171 inci-

1892 1917 2258 1987 aequinoctiali
2289 1919 2371 1973 vel
2397 1919 2780 1989 aequidistante
2797 1921 3004 1976 circulo
3023 1920 3344 1992 designatur
3365 1938 3464 1992 per

1893 2012 2113 2063 coluros
2141 2023 2170 2061 a
2191 2009 2379 2063 mundi
2411 2012 2536 2080 polo
2568 2027 2664 2080 per
2704 2018 2954 2066 centrum
3003 2013 3174 2068 stellae
3202 2013 3461 2082 trajectos

1894 2101 1960 2153 ad
2011 2099 2470 2168 mQuinoctialem.
2527 2100 2678 2155 llanc
2723 2103 2770 2157 si
2826 2103 3128 2173 sequimur,
3181 2104 3462 2175 aliquanto

1893 2190 2057 2245 etiam
2090 2190 2431 2246 commodius
2458 2191 2682 2260 incidet,
2709 2197 2926 2248 utanno
2953 2195 3070 2260 illo,
3106 2211 3265 2265 quem
3296 2211 3464 2266 supra

1895 2280 2241 2337 deﬁnivimus
2303 2290 2382 2337 tot
2435 2297 2620 2338 rerum
2675 2300 2948 2340 concursu
3014 2288 3459 2351 memorabilem,

1893 2376 2276 2446 aequinoctium
2317 2376 2372 2429 in
2416 2383 2567 2445 parte
2603 2377 2670 2430 15
2700 2378 2999 2448 contingat.
3034 2376 3170 2433 Nam
3214 2379 3463 2433 ascensio

1892 2475 2040 2521 recta
2065 2468 2295 2537 partium
2323 2465 2594 2520 inVenilur
2627 2467 2750 2532 546,
2774 2483 2916 2523 anno
2938 2469 3145 2538 periodi
3165 2467 3272 2525 Jul.
3297 2469 3458 2534 5i50,

1892 2559 1966 2612 ita
1997 2569 2056 2612 ut
2089 2559 2469 2628 aequinoctium
2499 2560 2720 2628 praecise
2757 2560 2809 2613 in
2841 2562 3070 2631 gradum
3099 2563 3165 2616 15
3192 2563 3460 2619 incurrat.

1892 2649 2053 2703 Anno
2096 2665 2224 2704 vero
2262 2647 2632 2703 Nabonassari
2680 2650 2856 2718 primo
2899 2649 3107 2718 periodi
3152 2647 3261 2706 Jul.
3295 2650 3458 2717 3967,

1896 2741 2148 2796 ascensio
2196 2749 2344 2795 recta
2398 2741 2632 2810 partium
2685 2747 2802 2794 erat
2843 2739 2966 2806 552,
3011 2740 3127 2806 51f;
3159 2749 3460 2814 octavoque

1896 2833 2023 2888 inde
2055 2832 2220 2902 gradu
2253 2833 2634 2902 atquinoctium
2664 2832 2844 2887 ﬁebat.

1966 2925 2092 2980 Haec
2122 2927 2390 2996 posterior
2417 2925 2704 2980 methodus
2733 2926 2904 2989 priori
2927 2941 3034 2983 non
3063 2936 3132 2984 eo‘
3159 2929 3332 2985 solum
3360 2943 3464 2984 no-

1895 3019 2043 3073 mine
2073 3018 2410 3087 prmfercnda
2441 3019 2608 3081 venit,
2645 3020 2789 3088 quod
2813 3021 3058 3076 eamdem
3084 3037 3206 3076 cum
3241 3022 3332 3076 illa
3361 3037 3461 3093 op-

1898 3111 2287 3180 portunitatem
2316 3109 2568 3171 aﬂerens,
2614 3110 2718 3166 hoc
2755 3111 2916 3168 habet
2955 3115 3196 3184 insuper,
3235 3113 3464 3197 ato-Hip-

220 3214 386 3268 pere,
416 3208 577 3268 atque
619 3200 686 3253 ab
742 3209 933 3254 exortu
983 3175 1220 3258 Sothios.
1285 3205 1599 3273 Αἰγυπτίοις
1650 3207 1792 3279 ἀρχὴ
1822 3175 1863 3231 C
1898 3202 2084 3271 parchi
2117 3210 2490 3270 veterumque,
2542 3204 2609 3254 eo
2656 3212 2827 3267 teste,
2873 3205 3068 3258 rationi
3123 3175 3462 3275 magis.con-

222 3289 380 3351 ἔτους
411 3288 508 3358 οὐχ
543 3278 842 3359 Ὗδροχόος,
878 3290 952 3352 ὡς
995 3290 1300 3362 Ῥωμαίοις,
1332 3293 1464 3346 ἀλλὰ
1499 3278 1788 3365 Καρκίνος,

220 3380 371 3451 Πρὸς
400 3378 506 3452 γὰρ
532 3379 610 3450 τῷ
639 3380 896 3451 Καρκίνῳ
928 3383 960 3452 ὴ
996 3383 1185 3449 Σῶθις,
1211 3386 1273 3455 ἢν
1309 3384 1482 3448 Κυνὸς
1519 3386 1722 3458 ἀστέρα
1746 3388 1794 3441 οἱ

223 3475 481 3545 Ἔλληνές
525 3493 674 3544 φασι.
710 3477 994 3548 Νουμηνία
1028 3480 1070 3532 δ’
1115 3481 1296 3544 αὐτοῖς
1329 3484 1361 3552 ἡ
1413 3481 1635 3546 Σώθεως
1668 3484 1796 3537 ἀνα-

217 3565 368 3637 ⁸τολὴ,
427 3567 691 3635 γενέσεως
747 3569 1091 3639 κατάρχουσα
1135 3572 1231 3641 τῆς
1289 3575 1367 3636 εἰς
1419 3571 1508 3626 τὸν
1569 3574 1791 3645 κόσμον.

230 3656 527 3728 «Migyptii
558 3674 758 3712 annum
789 3660 1079 3714 ordiuntur
1110 3678 1216 3716 non
1243 3663 1310 3717 ab
1326 3663 1582 3734 Aquario,
1603 3675 1660 3719 ut
1687 3664 1797 3722 Ro-

218 3750 405 3813 mani;
431 3751 523 3803 sed
548 3765 576 3802 a
595 3751 822 3804 Cancro.
839 3751 974 3808 lluic
990 3754 1130 3808 enim
1151 3754 1302 3809 afﬁxa
1321 3755 1612 3824 Sothisest,
1632 3774 1795 3829 quam

219 3839 388 3894 Canis
424 3842 635 3896 stellam
663 3844 834 3899 Graeci
865 3848 1172 3902 nominant.
1191 3846 1285 3902 Est
1301 3856 1481 3903 autem
1508 3850 1642 3919 ipsis
1660 3850 1797 3905 Neo-

218 3933 402 3986 menia
436 3924 667 3991 Sotbeos
711 3945 959 4002 exortus,
994 3955 1115 4008 qua:
1158 3941 1362 3995 mundo
1404 3943 1796 4011 procreationis

217 4019 438 4078 iniiium
460 4024 627 4080 dedit.
666 4047 684 4078 ι
721 4027 821 4082 llic
851 4029 917 4084 de
947 4030 1106 4084 initio
1137 4029 1333 4086 Cancri
1371 4033 1520 4103 loqui
1551 4034 1792 4091 videtur.

219 4111 404 4179 Quare
438 4123 647 4184 tempus
667 4117 794 4171 illud
818 4120 1159 4188 potissimum
1199 4122 1466 4192 intelligit,
1492 4138 1601 4191 quo
1626 4131 1786 4178 ortus

218 4209 498 4262 cosmicus
530 4207 654 4262 Sirii
687 4209 738 4262 in
763 4211 960 4265 Cancri
999 4212 1328 4281 principium
1361 4213 1615 4267 incurrit.
1661 4213 1801 4280 Quo-

217 4301 369 4353 circa
399 4339 414 4364 ,
451 4300 518 4364 si,
560 4310 619 4354 ut
663 4301 859 4358 Sextus
904 4303 1211 4373 Empiricus
1251 4311 1304 4360 et
1358 4303 1666 4360 Macrobius
1700 4306 1799 4361 do-

220 4399 375 4453 cent,
411 4391 845 4447 dodecatemoria
861 4395 1092 4462 primum
1123 4410 1189 4449 ex
1221 4395 1600 4451 observatione
1630 4397 1799 4452 stellae

215 4483 551 4553 cujuspiam,
583 4493 636 4540 et
660 4481 1082 4541 succedentibus
1107 4487 1492 4542 ascensionum
1533 4488 1792 4559 gradibus
1823 4511 1869 4568 ι)

213 4569 474 4642 aquabili
504 4575 796 4644 partitione
819 4576 1118 4631 constituta
1133 4585 1282 4639 sunt,
1309 4579 1386 4650 uti
1417 4579 1598 4648 capite
1616 4581 1792 4650 primo

213 4663 596 4730 meminimus,
638 4665 814 4736 potuit
859 4682 956 4736 per
993 4665 1127 4720 illud
1168 4675 1381 4737 tempus
1417 4669 1483 4724 ab
1521 4669 1793 4740 Egyptiis

210 4754 399 4824 prima
424 4755 513 4808 illa
563 4758 740 4810 notari
779 4757 934 4812 stella
972 4757 1206 4822 'Arietis,
1250 4759 1318 4813 ab
1345 4764 1515 4830 eaque
1549 4776 1796 4830 segmen-

209 4853 404 4900 torum
460 4847 656 4903 divisio
726 4851 1046 4918 procedere;
1127 4866 1188 4905 ac
1256 4854 1369 4904 tum
1442 4853 1498 4905 in
1557 4851 1794 4906 medium

210 4938 388 5007 primi
423 4936 844 4996 dodecatemorii
893 4950 1118 4996 vernum
1161 4942 1545 5012 aequinoctium
1591 4942 1796 4997 incide-

209 5040 344 5088 ret:
380 5035 545 5104 quod,
580 5036 747 5092 semel
773 5037 842 5092 ab
883 5037 992 5093 illis
1021 5039 1320 5104 decretum,
1353 5039 1420 5093 ad
1458 5041 1663 5111 aliquot
1695 5055 1797 5095 sre-

206 5125 348 5179 cula
410 5136 762 5198 propagatum
815 5129 1000 5194 fuerit,
1037 5130 1210 5187 donec
1250 5131 1594 5202 μετάπτωσις
1630 5133 1798 5188 stellae

207 5216 387 5272 istius
419 5217 474 5270 in
525 5220 919 5288 consequentia
961 5220 1201 5276 discerni
1246 5224 1499 5280 sensibus
1551 5233 1736 5294 posset
1778 5243 1792 5280 :

205 5322 281 5362 ac
308 5308 629 5378 singillatim
651 5309 964 5377 duodecim,
993 5319 1138 5377 octo,
1174 5328 1289 5378 sex,
1317 5322 1622 5385 quatuorve
1652 5323 1797 5370 tem-

201 5400 450 5470 poribus
468 5402 1212 5475 dvacpoptxoiqtequinoctium
1237 5413 1623 5462 anteverteret.
1645 5406 1800 5463 Unde

201 5492 462 5549 varietas
489 5493 578 5548 illa
607 5497 1002 5551 sententiarum
1037 5511 1202 5566 super
1240 5497 1526 5552 cardinum
1556 5514 1799 5553 momen-

201 5584 288 5639 tis
353 5595 531 5640 ortum
580 5587 834 5642 habuerit
868 5589 1104 5643 :etenim
1153 5589 1315 5659 primi
1369 5587 1797 5646 dodecatemorii

1897 3301 2153 3349 seutanea
2182 3295 2276 3358 Sit,
2308 3296 2400 3350 sed
2427 3295 2587 3349 etiam
2621 3297 2766 3367 quod
2797 3295 2925 3350 illud
2959 3297 3196 3358 exhibet,
3230 3307 3288 3350 ut
3313 3297 3459 3350 circa

1894 3383 2262 3442 Nabonassari
2317 3389 2577 3456 epocham
2635 3390 2688 3442 in
2736 3396 2979 3442 oetavam
3037 3388 3458 3443 dodecatemorii

1896 3490 2102 3549 partem
2127 3481 2512 3550 :equinoctium
2543 3488 2830 3551 competat.
2863 3479 2988 3537 Ηεεο
3015 3482 3157 3536 enim
3192 3495 3258 3535 ex
3283 3481 3461 3533 omni-

1897 3568 2000 3624 bus
2027 3570 2228 3623 usitata
2269 3571 2503 3626 maxime
2533 3587 2595 3625 ac
2625 3571 2839 3641 longius
2882 3571 2949 3624 ad
2979 3578 3226 3640 posteros
3262 3584 3460 3640 propa-

1897 3671 2020 3731 gata
2047 3662 2263 3717 videtur
2287 3663 2493 3732 opinio,
2522 3678 2642 3733 qua:
2670 3662 2920 3717 cardines
2941 3661 3149 3716 octavis
3178 3661 3461 3732 signorum

1896 3754 2146 3823 partibus
2177 3755 2418 3825 illigabat
2453 3755 2632 3825 :quod
2667 3754 2802 3808 adeo
2829 3753 2929 3808 sub
2975 3751 3258 3807 exordium
3302 3752 3465 3816 nobi-

1896 3845 2119 3902 lissima:
2142 3847 2286 3902 illius
2311 3863 2431 3902 aerae
2459 3848 2810 3902 constitutum
2843 3862 2871 3900 a
2903 3845 3166 3902 Chaldaeis
3199 3845 3253 3900 in
3287 3845 3464 3916 Babyg

1897 3938 2043 3993 lonia
2078 3939 2246 3995 fuisse
2281 3939 2405 4010 jure
2439 3939 2707 4010 suspicari
2751 3939 2896 4003 licet,
2943 3937 3176 4009 indeque
3206 3937 3274 3992 ad
3303 3945 3465 3993 caste-

1897 4045 1991 4084 1⁵08
2024 4045 2297 4086 manasse.

1967 4119 2284 4174 Ammianus
2329 4115 2675 4176 Marcellinus
2722 4120 2858 4175 libro
2883 4117 3071 4188 XXVI,
3113 4119 3206 4175 ubi
3237 4118 3304 4174 de
3335 4117 3466 4175 bis-

1899 4217 2054 4262 sexto
2080 4209 2209 4277 agit,
2235 4209 2476 4266 indicare
2497 4212 2713 4267 videtur
2742 4212 2798 4267 in
2826 4212 3028 4268 Arietis
3050 4211 3289 4268 secunda
3311 4215 3465 4280 parte

1899 4298 2173 4353 cardinem
2210 4308 2464 4355 constare
2492 4317 2556 4357 ex
2593 4309 3036 4357 astronomorum
3069 4309 3312 4356 veterum
3337 4315 3466 4356 sen-

1901 4389 2100 4453 tentia;
2133 4404 2256 4442 nam
2299 4388 2588 4457 Melonem,
2629 4391 3031 4459 Euctemonem,
3069 4391 3460 4463 Hipparchum,

1897 4489 1950 4536 et
2003 4481 2378 4537 Archimedem
2437 4492 2725 4548 recenset,
2787 4492 2840 4538 et
2894 4499 3094 4538 annum
3163 4490 3464 4539 vertentem

1895 4570 2162 4642 explicat,
2213 4581 2317 4627 «ut
2364 4575 2528 4629 verbo
2563 4583 2754 4641 tenus,
2812 4575 2857 4628 si
2923 4589 2953 4628 a
2992 4573 3231 4630 secunda
3286 4572 3465 4628 elatus

1895 4662 2096 4720 Arietis
2139 4664 2206 4718 ad
2249 4672 2367 4722 eam
2421 4666 2760 4723 dimensione
2815 4667 3036 4722 redierit
3085 4666 3397 4730 terminata,
3438 4681 3458 4717 ο

1895 4772 2055 4826 quem
2101 4758 2379 4814 cardinem
2414 4763 2659 4830 proxime
2706 4769 2830 4816 ante
2885 4759 3212 4814 nominarat.
3257 4756 3464 4812 Circuli

1897 4849 2038 4918 apud
2074 4850 2329 4920 antiquos
2362 4853 2415 4906 in
2440 4861 2624 4922 partes
2660 4853 2940 4923 sexaginta
2969 4847 3378 4913 dividebantur,
3403 4856 3466 4901 ut

1898 4949 2063 5009 supra
2097 4945 2416 4998 memoravi.
2445 4943 2585 5015 Ergo
2618 4945 2850 5014 singulis
2880 4941 3336 4998 dodecatemoriis
3362 4940 3466 4994 im-

1898 5042 2100 5100 putata:
2133 5044 2260 5088 sunt
2291 5035 2568 5105 quinque,
2620 5051 2850 5106 quarum
2893 5047 3231 5104 unaquaque
3264 5031 3464 5102 gradus

1899 5123 2194 5182 bodiernos
2241 5122 2475 5183 habebat
2513 5145 2628 5184 sex.
2673 5129 2855 5200 Itaque
2908 5135 3137 5183 octavus
3183 5125 3464 5196 signorum

1899 5217 2098 5286 gradus
2143 5219 2211 5274 ad
2264 5221 2560 5276 secundam
2610 5221 2935 5292 pertinebat.
2973 5219 3086 5275 Hoc
3124 5227 3307 5273 utrum
3358 5215 3467 5273 sibi

1897 5309 2131 5365 voluerit
2165 5312 2508 5376 Ammianus.
2541 5314 2886 5385 cogitandum
2921 5313 3155 5384 amplius
3183 5318 3285 5366 est.

1968 5408 2138 5462 Porro
2166 5405 2394 5461 Metonis
2422 5412 2476 5460 et
2502 5403 2708 5460 Eudoxi
2734 5418 2996 5474 tempore,
3033 5419 3156 5459 cum
3175 5401 3287 5470 jam
3311 5399 3467 5454 stella

1900 5498 2073 5568 prima
2105 5497 2307 5551 Arietis
2334 5494 2573 5550 Piscium
2607 5493 2870 5565 graduum
2899 5493 2992 5560 29,
3021 5506 3195 5561 eoque
3225 5489 3463 5560 amplius

1900 5589 2190 5658 attigisset,
2218 5589 2322 5642 hoc
2365 5595 2448 5642 est
2488 5585 2822 5640 tricesimum
2857 5584 2988 5647 fere,
3023 5581 3276 5639 ascensio
3311 5585 3459 5635 recta

198 5675 382 5730 initio
413 5679 730 5743 constituto,
771 5688 967 5735 caetera
1017 5680 1583 5751 deinceps-aequabili
1623 5683 1796 5752 parti-
1899 5680 2164 5748 graduum
2211 5688 2330 5735 erat
2369 5679 2475 5736 357
2508 5678 2621 5738 fere
2649 5700 2664 5734 ι
2691 5679 2771 5733 sic
2823 5684 2885 5731 ut
2931 5676 2986 5731 in
3036 5683 3292 5746 quartum
3340 5669 3469 5725 inde

197 5766 375 5822 tione
405 5767 657 5823 distincta
683 5777 810 5825 sunt
836 5787 850 5835 ;
886 5784 951 5824 ex
987 5785 1096 5840 quo
1127 5768 1331 5825 factum
1375 5780 1479 5838 est,
1508 5771 1704 5841 reliqui
1736 5781 1798 5827 ut
1900 5773 2127 5844 gradum
2155 5774 2539 5846 aequinoctium
2565 5773 2802 5830 caderet.
2833 5768 3095 5825 Ascensio
3118 5773 3298 5820 autem
3328 5759 3467 5817 obli-

505 5861 772 5923 ΡΑτιιοι..
803 5863 922 5924 Gn.
947 5863 1117 5925 XIX.
1745 5929 1748 5932 .

2331 5892 2346 5914 ς.
2591 5895 2606 5906 ρ
2979 5912 2981 5914 .
3151 5861 3229 5923 1:3
