3822 7444
717 372 855 429 1555

1692 378 1782 431 AD
1821 377 2089 433 EUSEBH
2125 377 2523 434 CHRONlCON
2560 381 2921 437 APPEN-Dlx.
3665 396 3692 449 ιε

712 505 819 560 qua
855 488 1083 543 Athenis
1108 489 1221 544 fere
1242 489 1370 557 352,
1405 490 1670 563 Heliopoli
1697 495 1802 548 553
1830 495 2052 551 circiter
2077 517 2089 550 :
2118 506 2279 567 alque
2305 504 2355 561 Α
2381 498 2667 555 collocavit
2700 520 2713 555 :
2739 500 2797 555 in
2843 514 3029 571 eoque
3072 498 3399 569 pertinacius
3431 500 3620 558 obluctari
3639 512 3691 564 “es

712 582 815 636 hoc
849 590 1010 651 pacto
1045 583 1130 636 vel
1170 582 1230 636 in
1265 593 1461 654 quarto
1498 585 1667 655 gradu
1700 588 1919 653 Arietis,
1969 590 2052 645 vel
2097 590 2152 644 in
2191 607 2277 645 se-

708 673 901 742 ptimo,
930 674 1046 745 [aut
1092 682 1286 731 octavo
1330 676 1589 731 collocari
1641 680 1816 749 potuit
1865 682 2273 751 :equinoctium.

710 762 951 830 Quarum
990 766 1305 834 opinionum
1345 769 1572 840 vestigia
1625 770 1680 824 in
1725 772 2091 843 scriptoribus
2136 774 2278 828 anti-

708 860 832 928 quis
864 866 918 912 et
952 861 1427 930 parapegmatibus
1464 873 1783 918 occurrunt.

780 948 1021 1005 Tandem
1066 951 1330 1022 singulari
1375 956 1726 1010 astronomiae
1756 955 1899 1011 bono
1931 954 2275 1028 Hipparchus

706 1042 918 1096 exstitit
946 1058 961 1097 :
985 1043 1143 1111 cujus
1171 1051 1414 1115 tempore
1458 1046 1616 1101 stella
1646 1047 1835 1103 eadem
1870 1046 2071 1103 Arietis
2095 1049 2273 1118 prima

706 1133 764 1187 in
786 1133 1215 1188 dodecatemorii
1239 1136 1399 1206 primi
1422 1137 1634 1192 zodiaci
1664 1146 1818 1208 parte
1847 1140 2084 1215 amplius
2110 1142 2272 1197 tertia

705 1226 1032 1283 versabatur
1064 1246 1078 1282 :
1111 1227 1378 1299 siquidem
1432 1245 1575 1287 anno
1604 1233 1811 1303 periodi
1837 1232 1949 1288 Jul.
1987 1233 2125 1288 4552
2157 1243 2274 1289 erat

704 1319 764 1374 in
794 1319 999 1375 Arietis
1027 1319 1081 1384 3,
1110 1320 1157 1375 9'
1179 1320 1420 1388 circiter,
1447 1325 1699 1379 ascensio
1726 1334 1875 1379 recta
1906 1326 1961 1380 in
1988 1326 2109 1395 ipso
2132 1341 2270 1396 pra:-

704 1413 821 1468 cise
836 1422 1039 1486 puncto
1063 1429 1241 1469 vernae
1259 1417 1537 1481 sectionis.
1560 1432 1755 1487 nempe
1774 1418 2007 1488 partium
2022 1417 2145 1482 359,
2164 1418 2269 1472 58'.

704 1505 846 1577 Ergo
875 1507 966 1562 ille
998 1522 1107 1577 prae
1135 1508 1347 1564 caeteris
1372 1509 1569 1565 solaris
1601 1510 1979 1567 conversionis
2016 1510 2271 1565 cardines

705 1599 838 1669 ipsis
879 1600 1354 1670 aequinoctialibus
1405 1601 1883 1659 intersectionibus
1927 1618 1992 1657 ac
2036 1603 2272 1659 circulo-

703 1704 826 1745 rum
882 1690 1225 1748 contactibus
1289 1694 1527 1748 asseruit
1576 1714 1589 1748 :
1642 1694 1787 1765 quod
1835 1694 2017 1761 idem,
2080 1694 2271 1765 paucis

702 1784 964 1853 exceptis,
1011 1783 1431 1840 mathematicos
1478 1794 1671 1841 Omnes
1718 1786 1977 1856 antiquos
2026 1785 2271 1842 tenuisse

702 1876 1024 1944 confirmat;
1073 1888 1261 1932 contra
1315 1893 1477 1949 quam
1517 1878 1765 1949 plerique
1820 1879 2045 1953 exipsa
2100 1878 2266 1934 etiam

702 1965 1023 2036 antiquitate
1052 1967 1315 2022 sentiunt.
1354 1967 1420 2020 At
1459 1968 1531 2022 illi
1566 1969 1693 2039 ipsi,
1724 1969 1818 2040 qui
1849 1970 1978 2024 alibi
2014 1983 2176 2039 quam
2212 1968 2267 2021 in

704 2057 982 2129 signorum
1013 2057 1184 2114 initiis
1215 2059 1469 2113 cardines
1495 2059 1919 2125 constituerunt,
1950 2075 2059 2113 non
2086 2060 2178 2125 ita,
2208 2066 2267 2112 ut

704 2147 945 2220 Scaliger
986 2149 1282 2203 arbitratur
1324 2150 1412 2220 (de
1453 2164 1562 2219 quo
1612 2164 1713 2204 nos
1743 2158 1931 2219 postea
1973 2150 2263 2218 dicemus),

702 2256 815 2296 rem
839 2240 985 2295 illam
1008 2241 1483 2305 administrarunt,
1517 2250 1574 2295 ut
1608 2248 1801 2296 octavo
1828 2241 2002 2296 aliove
2033 2248 2155 2312 post
2185 2241 2267 2294 in-

701 2330 1055 2386 tersectiones
1097 2331 1182 2385 vel
1215 2338 1501 2385 contactus
1546 2331 1717 2400 gradu
1766 2331 1881 2386 lieri
1917 2332 2261 2402 aequinoctia,

701 2421 784 2476 vel
815 2422 1047 2477 solstitia
1082 2422 1372 2488 sentirent,
1406 2422 1501 2478 sed
1536 2422 1633 2489 ita,
1673 2431 1731 2477 ut
1773 2424 1995 2479 eosdem
2039 2425 2262 2497 gradus,

699 2529 839 2585 quos
881 2514 973 2568 alii
1017 2514 1579 2575 dodecatemoriorum
1623 2516 1831 2586 primos
1878 2531 2001 2572 esse
2046 2516 2262 2581 vellent,

700 2604 803 2675 ipsi
838 2612 1062 2661 octavos
1092 2620 1124 2659 a
1154 2605 1353 2677 primo,
1394 2606 1627 2678 exempli
1668 2621 1858 2673 causa,
1898 2605 2260 2660 nominarent.

703 2696 929 2768 Utrique
953 2713 1080 2753 vero
1122 2713 1232 2753 non
1272 2697 1425 2764 alibi,
1475 2714 1636 2769 quam
1687 2699 1743 2753 in
1770 2698 2098 2752 circulorum
2143 2714 2265 2751 συν-

700 2793 885 2858 αφαῖς,
916 2797 969 2844 et
990 2790 1485 2856 commissionibus,
1513 2790 1958 2861 :cquiuoctiorum
1989 2805 2053 2843 ac
2081 2790 2263 2845 solsti-

700 2882 899 2936 tiorum
925 2888 1125 2953 puncta
1153 2881 1408 2937 lixerunt.

772 2976 853 3032 Ex
879 2991 987 3047 quo
1021 2976 1097 3040 id,
1128 2976 1344 3045 opinor,
1385 2974 1606 3041 accidit,
1650 2982 1709 3028 ut
1742 2974 1808 3029 ab
1840 2975 2089 3045 ingressu
2133 2974 2264 3029 solis

700 3074 755 3128 in
777 3072 931 3141 signa
954 3067 1343 3139 arquinoctiunt
1367 3074 1419 3121 et
1448 3067 1741 3123 solstitium
1766 3078 2053 3139 utrumque
2075 3076 2261 3139 postea

699 3153 1142 3232 distitfgueretur.
1179 3158 1258 3212 lta
1290 3157 1432 3211 enim
1468 3157 1608 3227 apud
1635 3155 1955 3224 Varronem,
1987 3156 2261 3212 Columel-

699 3255 826 3315 lam,
856 3250 1116 3314 Plinium,
1148 3246 1423 3313 Ovidium,
1468 3256 1521 3303 et
1552 3248 1607 3302 in
1639 3248 1980 3305 Kalendariis
2021 3250 2258 3321 antiquis

698 3344 1037 3408 observabis,
1087 3350 1248 3410 atque
1283 3341 1337 3398 in
1368 3356 1433 3397 eo
1454 3340 1600 3412 quod
1628 3357 1695 3397 ex
1736 3340 1842 3396 illis
1869 3341 2258 3396 concinnatum

698 3438 987 3499 edidimus,
1021 3436 1124 3490 hoc
1151 3436 1204 3489 in
1229 3450 1393 3505 opere
1414 3436 1560 3505 (pag.
1592 3431 1704 3503 60).
1729 3430 1808 3486 lbi
1838 3432 1983 3488 enim
2014 3432 2147 3488 solis
2172 3434 2259 3487 in-

699 3528 898 3585 troitus
932 3528 986 3582 in
1014 3526 1167 3598 signa
1219 3526 1517 3581 cardinalia
1563 3533 1754 3580 octavo
1801 3524 2023 3581 circiter
2055 3525 2144 3581 die
2170 3539 2262 3597 po-

700 3620 848 3686 nitur
872 3626 999 3674 ante
1034 3618 1367 3689 aequinoctia
1415 3617 1786 3691 solstitiaque;
1818 3624 1931 3671 tum
1955 3615 2142 3671 eadem
2176 3633 2262 3671 ra-

698 3710 845 3764 tione
875 3709 1080 3779 rcliqua
1106 3707 1161 3762 in
1193 3708 1347 3778 signa
1379 3709 1509 3764 solis
1557 3709 1838 3779 ingressus
1878 3709 2257 3764 antevertitur.

697 3800 852 3867 Quod
893 3802 1052 3854 etiam
1106 3800 1394 3869 rhapsodia
1447 3801 1536 3855 illa
1583 3801 1829 3871 sequitur
1885 3801 1988 3856 sub
2042 3800 2263 3856 nomine

699 3893 969 3950 Ptolemaei
1012 3908 1043 3947 a
1089 3891 1328 3949 Leonico
1357 3892 1549 3948 Latine
1590 3895 1825 3965 primum
1866 3894 2033 3960 edita,
2065 3893 2121 3948 in
2154 3908 2262 3963 qua

699 3995 877 4039 tamen
912 3984 1052 4040 inter
1073 3982 1379 4054 ingressum
1408 3984 1564 4046 solis,
1596 3993 1650 4038 et
1682 3983 2013 4054 aequinoctia
2047 3997 2111 4035 ac
2154 3982 2262 4037 sol-

697 4078 866 4144 stitia,
904 4091 1014 4131 non
1056 4075 1198 4130 idem
1246 4084 1565 4131 constanter
1592 4075 1942 4132 intervallum
1976 4074 2257 4130 statuitur.

697 4170 766 4223 At
814 4171 866 4224 in
900 4183 966 4224 eo
1004 4166 1276 4222 Ptolemaei
1317 4168 1458 4222 libro
1487 4167 1627 4238 (pag.
1656 4168 1768 4235 52),
1813 4182 1976 4238 quem
2025 4168 2259 4237 primum

696 4261 984 4324 edidimus,
1014 4258 1325 4314 uniusmodi
1355 4241 1640 4314 cardinum
1675 4274 1845 4329 genus
1890 4269 1973 4315 est
2006 4258 2075 4312 ad
2103 4273 2262 4312 accuo

697 4352 953 4406 ratiorem
985 4356 1426 4405 astronomorum
1454 4349 1723 4403 calculum
1755 4357 2025 4411 exactum,
2052 4356 2105 4403 et
2132 4345 2260 4401 Pto-

695 4443 867 4500 lemaei
902 4442 1101 4497 saeculo
1125 4455 1452 4511 congruens.

767 4531 965 4589 Verum
996 4540 1056 4586 ut
1082 4531 1149 4586 ab
1173 4529 1578 4601 antiquioribus
1607 4529 1937 4583 astronomis
1971 4538 2120 4583 recte
2148 4529 2256 4584 ista
2290 4537 2333 4591 D
2362 4538 2542 4609 longa,
2566 4544 2659 4593 sed
2685 4542 2990 4595 necessaria
3026 4536 3364 4611 disputatione
3382 4518 3565 4588 rumpit!”

697 4626 837 4696 ipsa,
880 4638 1043 4695 quam
1079 4624 1455 4694 exposuimus,
1506 4619 1759 4675 methodo
1788 4620 2067 4690 signorum
2104 4620 2259 4674 initia

695 4725 822 4772 ante
871 4714 1169 4770 cardinalia
1217 4721 1417 4782 puncta
1483 4711 1696 4767 deﬁniri
1745 4719 2038 4780 potuerunt
2095 4711 2162 4782 (si
2207 4708 2261 4765 id

696 4816 879 4862 tamen
908 4819 1039 4860 vere
1064 4803 1134 4858 ab
1173 4803 1281 4857 illis
1310 4804 1619 4858 institutum
1648 4802 1780 4869 fuit;
1811 4802 1879 4857 de
1916 4819 2024 4871 quo
2066 4802 2260 4856 dubios

696 4912 798 4953 nos
828 4894 1121 4966 Hipparchi
1165 4893 1465 4948 auctoritas
1518 4893 1712 4963 facit):
1759 4893 1832 4946 ita
1885 4902 2007 4963 post
2038 4890 2262 4962 Hippar-

694 4990 857 5044 chum
903 4987 1183 5056 deinceps,
1221 5000 1293 5039 ex
1342 5001 1526 5041 errore
1576 4985 1975 5055 itupcrit'taquc,
2012 4983 2154 5039 idem
2204 4982 2261 5037 in

694 5082 840 5152 vulgi
874 5095 978 5135 usu
1024 5094 1087 5133 ac
1117 5078 1386 5135 sententia
1418 5078 1639 5133 resedit.
1681 5075 1818 5131 Cum
1848 5077 1993 5132 enim
2031 5074 2259 5146 Hippar-

696 5174 833 5229 chus
864 5172 1188 5242 tequinoctia
1232 5172 1287 5226 in
1334 5171 1539 5226 mutuis
1584 5171 1913 5225 sectionibus
1957 5170 2164 5225 zodiaci
2209 5177 2261 5223 ct

695 5269 1095 5339 aequinoctialis
1133 5269 1328 5326 circuli
1369 5268 1593 5331 ﬁxisset,
1648 5267 1878 5322 solstitia
1928 5271 1981 5322 in
2028 5266 2257 5328 zodiaci,

696 5362 1140 5433 tropicorurnque
1194 5361 1573 5427 contactibus,
1628 5376 1736 5414 uua
1792 5377 1917 5415 cum
1980 5361 2259 5431 signorum

696 5454 1056 5511 cardinaliuut
1100 5455 1405 5525 principiis,
1450 5453 1585 5507 adeo
1618 5461 1676 5506 ut
1712 5452 2036 5523 mquinoctia
2080 5452 2134 5505 itt
2166 5466 2261 5506 eos

695 5543 815 5600 dies
868 5545 1168 5609 caderent,
1242 5547 1335 5617 qui
1396 5545 1574 5600 Martii
1640 5561 1807 5607 xxiv,
1877 5552 1933 5599 et
2010 5541 2260 5613 Septem—

695 5635 812 5691 bris
860 5654 1008 5693 xxvtt
1039 5640 1471 5709 respondebant;
1514 5640 1749 5696 solstitia
1774 5653 1905 5694 vero
1926 5636 2073 5691 Junii
2110 5653 2258 5700 xxvi,

695 5735 750 5783 et
794 5727 1103 5784 Decembris
1152 5746 1317 5796 xxiv;
1360 5731 1556 5802 vulgus
1606 5739 1715 5784 tam
1767 5729 2041 5785 sectiones
2090 5729 2259 5799 ipsas,

696 5833 859 5893 quam
909 5820 1061 5877 initia
1102 5822 1401 5896 signorum,
1440 5830 1564 5878 ante
1616 5821 1732 5877 dies
1776 5830 1900 5878 octo
1929 5828 2261 5895 praepostere

2381 590 2643 646 adversus
2691 590 2996 662 Hipparchi
3046 590 3482 660 astronomichne
3512 596 3691 664 βίιᾰιλτι

2379 682 2621 753 quidem,
2657 693 2717 738 ut
2747 683 2900 739 Beda:
2924 699 3168 755 quoque
3196 686 3516 753 temporibus.
3536 702 3581 740 ac
3599 692 3692 747 dea:

2378 774 2521 829 idem
2555 777 2913 845 perseverarit
2954 790 3153 841 error,
3198 774 3342 843 quod
3384 776 3506 831 illius
3529 777 3691 839 hiem

2375 867 2553 932 docet,
2596 868 2650 922 in
2679 884 2789 938 quo
2814 879 2937 923 octo
2970 867 3099 924 fere
3142 867 3334 923 diebus
3367 879 3479 925 ante
3497 876 3691 941 equinum

2376 959 2608 1014 solstitia
2650 960 2783 1015 solis
2819 961 2874 1014 in
2903 961 3079 1030 signa
3121 960 3376 1015 introitus
3414 962 3640 1017 ascribitnr.
3663 974 3691 1020 κ

2373 1047 2487 1103 haec
2513 1056 2597 1105 est
2623 1063 2653 1104 e
2679 1049 3106 1106 duabusaltera
3128 1051 3274 1106 ratio
3296 1053 3549 1107 secundum
3568 1072 3691 1125 quam

2372 1140 2501 1195 dere
2542 1142 2788 1212 potuisse
2831 1142 3111 1206 diximus,
3155 1149 3218 1195 ut
3261 1143 3329 1196 ab
3381 1146 3691 1217 astronomizpa

2372 1231 2479 1286 alio
2527 1232 2580 1286 in
2622 1233 2817 1302 gradu,
2848 1248 3021 1304 quam
3051 1235 3111 1285 in
3154 1233 3333 1303 primo
3367 1232 3691 1289 dedi-caluum

2370 1322 2624 1378 cardines
2654 1322 2819 1378 defixi
2850 1324 2984 1379 sint.
3027 1320 3334 1393 Postquam
3357 1324 3484 1376 enim
3503 1334 3546 1376 et
3569 1340 3612 1393 et
3636 1328 3691 1393 pr

2371 1413 2742 1484 antiquorum,
2783 1422 2842 1467 ut
2863 1389 3232 1483 Hipparchus
3256 1422 3522 1475 asseverat,

2371 1504 2664 1577 Hipparchi
2698 1506 2871 1577 ipsius
2904 1507 3257 1562 auctoritate
3288 1508 3545 1560 constituta
3568 1521 3624 1560 res
3646 1520 3691 1561 est

2370 1601 2653 1672 signorum
2681 1598 3058 1655 cardinalium
3097 1600 3259 1655 initia
3288 1599 3356 1653 ab
3391 1600 3691 1670 aquinoctiisn

2369 1691 2574 1763 tiisque
2606 1690 2964 1754 ducerentur,
3000 1706 3139 1746 cum
3169 1690 3225 1743 id
3252 1699 3422 1744 tamen
3441 1691 3555 1760 vulgi
3579 1707 3617 1743 κ
3637 1706 3689 1742 ns:

2373 1798 2490 1837 rum
2521 1798 2587 1837 ex
2616 1784 2812 1838 animis
2844 1782 3181 1853 extorqueri
3210 1798 3318 1837 non
3349 1792 3520 1853 posset,
3543 1784 3629 1853 quia
3646 1793 3692 1834 ea

2370 1872 2423 1926 in
2456 1873 2723 1943 partibus,
2762 1882 2855 1927 aut
2892 1874 3052 1937 aliis,
3096 1888 3265 1943 quam
3297 1874 3348 1926 in
3383 1873 3557 1943 primis,
3577 1876 3691 1940 aqua

2368 1973 2421 2019 et
2444 1964 2678 2020 solstitia
2707 1965 2975 2019 cummitti
3009 1966 3330 2031 crederent,
3362 1963 3691 2018 nonnihilabmi

2368 2058 2471 2113 bus
2499 2056 2764 2128 indulgeri
2804 2059 3064 2127 opinioni
3097 2059 3180 2112 illi
3205 2058 3395 2129 potuit.
3419 2057 3614 2122 Quocirca
3637 2072 3691 2123 qu

2367 2150 2592 2207 sticanis
2662 2151 2979 2207 hominibus
3058 2151 3430 2223 ephemeridas
3484 2157 3527 2204 et
3570 2147 3691 2201 Halms

2367 2243 2709 2311 scribebant,
2752 2252 2812 2298 ut
2854 2260 3056 2300 eorum
3117 2245 3305 2315 captui
3343 2251 3484 2313 atque
3523 2241 3691 2295 usit:an

2369 2342 2685 2406 querentur,
2731 2347 2854 2391 ante
2885 2336 3012 2391 dies
3061 2336 3217 2404 illos,
3249 2350 3382 2406 quos
3423 2334 3534 2389 veris
3561 2342 3614 2385 aut
3636 2346 3691 2380 ac;

2366 2427 2681 2483 cardinibus
2724 2428 3098 2483 attribuerant
3120 2468 3136 2493 ,
3193 2428 3436 2482 introitus
3473 2426 3517 2479 in
3553 2425 3631 2491 sign
3655 2422 3691 2472 sa;

2366 2520 2658 2575 adnotasse
2677 2521 2951 2576 videntur.
2981 2522 3176 2593 Atque
3201 2522 3304 2574 hoc
3333 2520 3395 2575 de
3415 2517 3691 2587 Sosing

2366 2610 2461 2663 tim
2508 2612 2775 2681 suspicari
2823 2616 3132 2669 convenit:
3165 2613 3323 2683 cujus
3368 2627 3426 2665 ex
3466 2609 3573 2663 lastis
3600 2608 3691 2657 hausi

2364 2710 2589 2774 apparet
2627 2704 2717 2757 illa
2762 2702 3101 2771 Varronem,
3134 2704 3414 2776 Hyginum,
3450 2693 3688 2754 ονὶὠιιωνίαῖ

2365 2793 2601 2857 mellam,
2640 2804 2691 2849 et
2716 2793 2974 2862 Plinium,
3009 2812 3139 2867 qua
3161 2811 3286 2850 cum
3314 2791 3539 2849 communi
3561 2788 3691 2841 nam

2364 2883 2499 2948 dixi,
2536 2885 2891 2954 persuasione
2940 2888 3011 2941 ab
3049 2886 3251 2940 iisdem
3292 2887 3578 2937 consentanea
3601 2874 3691 2942 βω

2365 2984 2473 3030 tur.
2507 2975 2609 3030 Sed
2636 2993 2811 3047 neque
2829 2977 3159 3049 Sosigenes,
3184 2991 3355 3047 neque
3374 2982 3556 3028 veterum
3569 2974 3686 3033 φωρ

2365 3082 2430 3119 eo
2460 3067 2640 3132 modo,
2674 3084 2832 3137 quem
2866 3068 3045 3137 ﬁnxit,
3086 3084 3154 3123 ac
3186 3066 3439 3122 nonnullis
3460 3053 3667 3133 probanti:

2365 3171 2479 3225 ger,
2513 3158 2986 3226 atquinoctiorum,
3023 3161 3463 3226 solstitiorumque
3494 3156 3679 3205 NW"

2368 3249 2529 3301 vulsit
2577 3249 2644 3302 ab
2698 3250 2976 3319 signorum
3046 3250 3395 3321 ingressibus,
3446 3242 3580 3296 uthas

2364 3347 2691 3409 pnepostcre
2733 3350 2857 3394 ante
2897 3342 2988 3394 illa
3024 3350 3269 3412 poneret.
3309 3334 3439 3402 Quod
3463 3340 3503 3385 ut
3529 3342 3591 3380 non
3608 3338 3671 3373 κλει

2362 3430 2435 3483 ita
2465 3446 2573 3484 non
2599 3432 2816 3501 saepius,
2848 3449 3016 3502 quam
3048 3448 3276 3488 necesse
3311 3438 3399 3489 est,
3424 3425 3486 3477 his
3509 3418 3671 3474 taliter

2361 3521 2631 3591 petimus;
2664 3537 2726 3576 ac
2743 3540 2810 3577 ne
2841 3524 2970 3593 quid
3000 3524 3265 3593 deinceps
3290 3516 3557 3575 lmsitatiouis
3576 3514 3669 3557 δείλ’

2361 3615 2639 3669 troversiae
2681 3625 2864 3684 restet,
2906 3617 3167 3688 sequenti
3208 3616 3371 3684 capite
3401 3607 3594 3680 pleniorem
3614 3598 3679 3693 ﬁt!“

2361 3706 2436 3760 rei
2474 3705 2649 3761 ideam
2678 3707 2855 3763 facere
2886 3710 3240 3763 conabimur.

2976 3820 3214 3877 CAPUT
3251 3818 3310 3873 Υ.

2363 3910 2715 3988 “lustrantur
2738 3914 2946 3988 uberius
2974 3916 3311 3988 antiquorum
3336 3894 3657 3988 quate":

2428 3981 2578 4036 nibus
2605 3985 2793 4071 argutiis
2812 4000 2931 4071 ἠρία.
2949 3964 3356 4062 άοεειῖιτρυηςνα

2430 4068 2587 4135 qutun
2614 4053 2771 4135 abiis
2803 4044 2949 4119 alibi,
2976 4070 3138 4135 qua_m
3174 4054 3223 4105 in
3251 4044 3663 4135 circulum

2432 4106 2605 4205 aibas,
2623 4123 2761 4205 illo:
2792 4141 2903 4205 esse
2919 4106 3266 4205 constitutas;
3297 4129 3388 4205 (tua

2433 4172 2849 4249 Julii,Cmaris
2895 4172 3333 4266 acquinoctiis'ac
3371 4180 3537 4262 εοιξιὶξηι
3558 4172 3653 4273 δσξ

2508 4274 2519 4279 -
2566 4272 2576 4279 .
2724 4264 2765 4279 ..γ
2976 4265 3058 4279 ....
3107 4267 3118 4276 .
3238 4258 3434 4279 A_‘,_.__,,
3477 4246 3591 4279 um,

2431 4272 2663 4318 notatur.
2724 4264 2911 4329 Varro,
2953 4250 3180 4319 'Plim'us
3225 4250 3579 4326 ιτρΙὶεαιέυδσίξκπ

2432 4334 2752 4390 constantia.

3654 4396 3657 4423 Ι

2432 4444 2508 4499 Ex
2541 4445 2608 4501 iis
2648 4462 2768 4516 quae
2809 4447 2875 4501 de
2914 4448 3117 4503 annuis
3150 4453 3365 4500 veterum
3400 4419 3573 4517 canini?“S

2432 4554 2542 4609 iga,
2566 4544 2659 4593 sed
2685 4542 2990 4595 necessaria
3026 4536 3364 4611 disputatione
3382 4504 3641 4634 conspicui“:1

2432 4646 2575 4685 mma
2605 4633 2710 4687 ista
2731 4634 3022 4687 coniicitur
3051 4655 3065 4689 :
3089 4632 3320 4699 antiquos
3337 4606 3608 4694 astruiuomﬂi“.

2467 4732 2617 4751 -ικ-ιη
2670 4724 2899 4751 ηιμ-εαξη
2958 4734 3003 4751 η.
3066 4716 3349 4751 Nummus
3386 4705 3475 4751 insis

3670 3806 3673 3855 4

3669 3872 3671 3937 4

3662 4100 3665 4185 ³

3654 4270 3661 4425 (

3555 4504 3640 4589 δ⁵¹ξ

2359 4646 2575 4689 summa
2605 4633 2710 4687 ista
2731 4634 3022 4687 coniicitur
3051 4655 3065 4689 :
3089 4632 3320 4699 antiquos
3337 4594 3641 4710 εδιτιιρθωῗξξξ

2357 4742 2426 4779 ex
2466 4732 2619 4794 parte
2670 4724 2903 4779 solstitia
2955 4734 3011 4779 et
3064 4716 3349 4795 aequinoctia
3385 4705 3635 4832 iPSisfﬁ

2377 4818 2389 4832 ι
2451 4816 2463 4832 ι
2572 4825 2611 4832 .,
2664 4831 2667 4832 ,
3028 4819 3039 4829 .
3120 4813 3231 4832 3-2-
3279 4800 3499 4832 nmium
3596 4802 3599 4803 ⁷

2359 4816 2922 4872 dodecatemoriorum
2961 4813 3253 4887 principiis,
3279 4816 3367 4859 tam
3446 4800 3635 4915 fit;

2364 4907 2482 4962 sive
2522 4906 2781 4977 parallelo
2811 4875 3042 4971 circulo,
3080 4916 3229 4975 quam
3259 4899 3305 4951 in
3333 4875 3628 4997 ῖθξιὴῗῦἰῗιῗῗέ

2358 5007 2442 5052 cst
2472 4954 2725 5067 prrinceps
2753 4997 2872 5066 ejus
2902 4954 3042 5051 artis
3067 4954 3362 5065 Hipparchus
3382 4981 3478 5043 (Pai-
3499 4954 3619 5067 mili:

2361 5034 2442 5052 ω.
2474 5034 2725 5067 pun“...
2753 5034 2872 5066 ηαδ
2902 5034 3037 5051 ...ηδ
3069 5034 3325 5095 ,μιγητ-τ
3356 5088 3364 5095 ο
3400 5034 3409 5043 .
3449 5034 3475 5107 -ί
3500 5034 3625 5104 mm

2361 5089 2683 5159 Quicunque
2722 5105 2885 5159 porro
2920 5090 3112 5143 mediis
3153 5094 3317 5150 signa
3342 5069 3623 5181 tciffimw

2361 5181 2486 5243 bus,
2518 5194 2581 5233 ac
2598 5156 2847 5243 caeteris,
2879 5178 3128 5233 cardines
3160 5156 3621 5276 attribueruf:

2362 5273 2372 5276 _
2509 5272 2519 5276 _
2628 5272 2639 5276 -
2825 5252 2837 5262 ⁹
3034 5271 3046 5276 -
3232 5270 3242 5276 .
3270 5260 3392 5276 9-...“
3452 5254 3461 5276 Ι

2362 5273 2436 5325 ita
2473 5272 2709 5326 circulos
2756 5252 2879 5326 esse
2909 5271 3149 5341 partitos,
3197 5270 3247 5317 ut
3267 5239 3536 5341 interra”?

2362 5350 2528 5417 noctii
2559 5370 2612 5417 et
2640 5361 2870 5427 zodiaci,
2903 5362 2986 5416 vel
3008 5361 3161 5430 hujus
3179 5362 3223 5407 et
3248 5327 3615 5443 tropicoffliﬂjz;

2362 5455 2430 5507 iis
2466 5455 2518 5507 in
2567 5454 2846 5524 signorum
2880 5413 3132 5524 gradibus
3164 5446 3328 5533 demi“:
3366 5413 3605 5533 (vf-iw;

2362 5543 2487 5597 ctiis
2524 5508 3241 5612 solstitiisquevpraelixerant.
3276 5516 3389 5589 Quod

2362 5636 2509 5689 nomi
2540 5651 2749 5700 omnes,
2779 5635 2874 5705 qui
2910 5633 3120 5705 quidem
3154 5622 3257 5680 alibi
3283 5598 3590 5731 (1υῆωηῖιῖἔὲ

2623 5727 2659 5731 μ
2829 5723 2870 5731 __
2984 5729 2995 5731 _
3206 5726 3217 5731 ,
3270 5710 3388 5731 ,ΑΛΙΙΛ
3434 5728 3441 5731 .

2362 5743 2481 5781 rum
2510 5727 2764 5782 cardines
2789 5723 3126 5798 al'ﬂngehant,
3146 5726 3246 5773 ante
3268 5702 3599 5826 ξεείίὲἒθδξέυξιυ

2363 5835 2467 5891 que
2519 5820 2869 5887 circulorum,
2922 5820 3023 5875 hoc
3064 5823 3140 5876 est
3180 5796 3414 5877 inquiner!”
