4036 6218
308 429 446 483 I557

1086 423 1535 478 DISSERTATIO
1561 423 1649 476 DE
1686 421 1872 476 ORTU
1917 419 1999 473 ET
2034 417 2299 474 OCCASU
2347 414 2669 471 SIDEIIUM.

3385 415 3405 469 I
3419 417 3528 472 558

305 545 528 617 ἀκριϐῆ,
563 546 1117 601 dodecatemoriorum
1158 557 1381 596 suorum
1409 541 1677 611 principia
1709 554 1869 608 cape-
1897 542 1941 598 Α
1972 536 2208 592 artiﬁces
2249 536 2319 589 ita
2363 541 2792 597 consueverant;
2830 538 2922 583 aut
2968 545 3153 584 eorum
3187 530 3429 599 exempla
3466 531 3522 584 in

307 647 451 702 rent,
503 639 838 693 demonstrat
893 636 1233 706 Hipparchus
1286 635 1380 688 lib.
1427 635 1470 695 1,
1525 647 1753 686 numero
1797 631 1865 695 X,

308 729 400 782 ubi
429 729 802 784 australiorem
828 727 1232 782 succedentium
1267 727 1321 779 in
1354 725 1615 779 laterculo
1647 725 1868 794 majoris

311 820 464 875 Ursa:
508 821 665 874 sitam
717 820 791 874 ait
842 835 963 874 esse
1011 835 1074 872 ex
1131 819 1365 888 legitima
1411 819 1689 887 signorum
1732 816 1870 869 divi-

305 911 479 978 sione,
513 926 631 980 qua:
672 913 902 982 tropica,
948 918 1001 965 et
1029 909 1428 980 :equinoctialia
1457 917 1656 978 puncta
1700 907 1752 960 in
1789 906 1868 960 si-

305 1018 536 1072 gnorum
566 1004 720 1057 initia
756 1001 986 1067 confert,
1019 1006 1074 1057 in
1113 1002 1310 1056 Leonis
1332 1011 1484 1072 parte
1513 1001 1602 1065 25,
1651 1008 1869 1054 antece-

304 1092 495 1147 dentes
540 1102 718 1146 autem
763 1091 817 1145 in
853 1091 1042 1146 eodem
1091 1091 1352 1145 laterculo
1381 1091 1434 1144 in
1479 1089 1678 1144 Leonis
1712 1096 1866 1157 parte

304 1184 465 1254 paulo
519 1184 702 1238 minus
747 1184 932 1246 tertia,
979 1192 1032 1236 at
1081 1183 1382 1236 secundum
1429 1181 1652 1236 alteram
1695 1181 1866 1234 ratio-

308 1291 454 1340 nem,
511 1291 630 1346 quae
680 1277 735 1329 in
787 1276 978 1330 mediis
1033 1275 1202 1345 signis
1253 1275 1503 1329 cardines
1558 1274 1863 1339 constituit,

305 1368 542 1437 priorem
584 1369 637 1420 in
668 1365 907 1436 Virginis
947 1374 1100 1436 parte
1149 1367 1390 1432 decima;
1425 1369 1755 1435 posteriores
1811 1366 1866 1420 in

305 1461 549 1528 ejusdem
587 1459 828 1529 Virginis
857 1459 1065 1513 decima
1103 1466 1291 1512 octava
1324 1459 1529 1528 reponi.
1565 1457 1653 1512 Sic
1688 1470 1864 1514 extre-

305 1564 448 1602 mam
494 1551 549 1603 in
595 1549 767 1604 cauda
817 1549 1036 1617 majoris
1085 1547 1257 1608 Ursae.
1304 1565 1370 1604 ex
1419 1551 1694 1603 communi
1736 1550 1867 1603 divi-

303 1640 478 1705 sione,
514 1641 569 1694 in
603 1640 777 1695 Libra:
799 1649 992 1712 quarta
1024 1652 1213 1710 parte:
1246 1657 1310 1695 ex
1345 1643 1654 1711 posteriori,
1680 1649 1733 1698 et
1757 1641 1862 1696 Eu-

303 1731 477 1786 doxea
509 1733 562 1786 in
597 1733 972 1788 decimanona.

375 1848 585 1903 Rursus
613 1864 760 1904 num.
801 1848 892 1902 XII
930 1851 1118 1905 scribit
1151 1857 1480 1920 postremam
1506 1859 1558 1904 et
1589 1850 1860 1904 lucidissi-

306 1955 471 2003 mam,
503 1954 622 2009 qua:
654 1947 735 1993 est
772 1938 826 1992 in
853 1947 1093 1993 extrema
1125 1941 1297 1994 cauda
1324 1941 1552 1994 minoris
1584 1939 1754 2004 Urse,
1789 1941 1863 1996 si-

304 2039 416 2082 tam
455 2029 651 2084 essein
693 2029 860 2098 gradu
896 2028 1131 2084 Piscium
1166 2030 1250 2095 I8,
1283 2039 1340 2084 ut
1371 2038 1550 2085 autem
1584 2031 1862 2083 zodiacum

304 2119 497 2173 dividit
539 2119 816 2185 Eudoxus,
848 2119 902 2172 in
931 2120 1129 2174 Arietis
1173 2121 1337 2189 gradu
1368 2122 1549 2176 tertio.
1584 2121 1750 2190 Igitur
1788 2121 1864 2173 si-

307 2229 537 2285 gnorum
590 2213 744 2267 initia
786 2212 1041 2268 Eudoxus
1096 2214 1294 2283 aliique
1345 2223 1554 2270 veteres
1601 2213 1866 2284 anticipa-

306 2306 458 2361 bant.
491 2304 545 2358 In
573 2304 675 2360 hoc
706 2303 1001 2375 Hipparchi
1026 2306 1146 2360 loco
1180 2305 1433 2359 mendum
1479 2313 1581 2371 est,
1613 2305 1758 2376 quod
1799 2321 1863 2360 ex

306 2398 614 2452 certissima
667 2397 982 2467 conjectura
1050 2397 1389 2452 sustulimus.
1447 2396 1668 2468 Legitur
1722 2397 1866 2451 enim

307 2499 418 2543 tam
466 2489 520 2542 in
573 2503 811 2552 excuso,
869 2504 1030 2558 quam
1083 2489 1137 2542 in
1185 2489 1637 2557 scripto,codice
1675 2507 1687 2541 :
1727 2489 1785 2539 '0
1811 2487 1868 2539 δὲ

306 2581 532 2645 Εὗδοξος
556 2581 752 2652 διαιρεῖ
775 2581 864 2634 τὸν
896 2579 1153 2644 ζωδιακὸν
1182 2579 1376 2632 κύκλον
1408 2579 1546 2632 κατὰ
1573 2581 1668 2648 τὴν
1690 2585 1735 2646 γ’
1756 2577 1863 2648 μοί.

307 2671 403 2726 τοῦ
448 2673 649 2742 Κρίου,
681 2687 779 2742 pro
815 2672 1010 2741 quibus
1058 2671 1464 2725 rescribendum
1505 2676 1697 2726 merito
1741 2686 1870 2724 ccu-

309 2765 522 2819 suimus
550 2783 562 2818 :
591 2764 663 2827 ὡς
686 2764 740 2816 δὲ
766 2763 987 2829 Εῠδοξος
1015 2763 1210 2831 διαιρεί
1233 2762 1321 2814 τὸν
1359 2763 1617 2826 ζωδιακὸν
1641 2763 1864 2815 κύκλον-

310 2857 470 2919 κατά,
497 2867 626 2920 etc.,
653 2855 798 2925 quod
825 2855 1112 2909 manifeste
1142 2856 1411 2908 sententia
1447 2855 1631 2923 exigit.
1658 2853 1870 2909 Gradus

308 2947 549 3002 Piscium
600 2946 844 3001 decimus
892 2956 1138 3012 octavus,
1188 2955 1270 3001 est
1311 2947 1511 3000 Arietis
1559 2946 1774 3010 tertius,
1823 2946 1870 3003 si

309 3038 512 3095 Arietis
561 3040 772 3111 signum
837 3055 867 3093 a
920 3039 1324 3110 quintodecimo
1386 3045 1512 3093 ante
1575 3041 1872 3096 sectionem

312 3138 483 3208 gradu
514 3147 830 3208 computare
860 3139 1113 3208 coeperis.

376 3255 503 3311 Ilaec
532 3271 639 3310 non
665 3256 896 3310 obscure
918 3261 1206 3318 testantur,
1232 3253 1581 3322 :equinoctia,
1611 3264 1664 3307 et
1689 3253 1870 3308 solsti-

315 3348 390 3402 tia
437 3362 714 3416 nunquam
763 3347 889 3400 alibi
940 3347 1008 3400 ab
1060 3344 1460 3415 antiquioribus
1513 3345 1864 3410 astronomis,

313 3455 478 3510 quam
512 3439 564 3492 in
607 3439 811 3493 mutuis
836 3437 1162 3492 circulorum
1197 3436 1550 3502 sectionibus,
1589 3445 1644 3490 et
1678 3437 1871 3490 tactio-

314 3532 478 3586 nibus
526 3531 789 3584 collocata
836 3530 1026 3595 fuisse,
1079 3544 1216 3599 quas
1261 3538 1463 3582 octavae
1517 3528 1598 3583 vel
1648 3527 1871 3583 decima:

313 3623 518 3693 quintae
559 3622 837 3692 signorum
885 3622 1046 3689 parti,
1089 3622 1172 3675 vel
1203 3621 1324 3675 aliis
1371 3621 1744 3691 imputabant:
1773 3635 1873 3675 nec

315 3723 535 3768 octavas
567 3713 709 3775 illas,
740 3719 1034 3768 cwterasve
1066 3719 1244 3780 partes
1280 3713 1346 3765 ab
1378 3711 1870 3780 aequinoctialibus,

315 3813 409 3860 aut
463 3805 838 3860 solstitialibus
885 3805 1101 3873 punctis
1155 3820 1276 3858 esse
1329 3814 1660 3859 numer-atas.
1715 3804 1871 3870 Quod

319 3893 615 3966 Scaligero‘,
654 3904 706 3950 et
742 3896 1014 3966 plerisque
1047 3896 1166 3950 aliis
1193 3897 1404 3965 placere
1446 3895 1634 3963 video;
1679 3912 1742 3951 ac
1778 3912 1874 3965 pro

315 4003 593 4059 comperto
617 3991 820 4061 passim
857 3991 1067 4046 haberi.
1103 3991 1241 4046 Hinc
1269 3993 1412 4048 enim
1443 3991 1754 4062 Sosigenem
1777 3991 1875 4047 Ju~

316 4084 556 4152 liumque
588 4084 856 4138 Caesarem
897 4085 1232 4138 arbitrantur
1263 4086 1316 4139 in
1347 4096 1568 4140 octavos
1609 4084 1875 4138 Kalenda-

315 4191 436 4231 rum
467 4175 582 4230 dies
624 4175 751 4229 anni
791 4175 874 4230 sui
925 4175 1225 4243 conjecisse
1274 4176 1554 4240 cardines;
1587 4185 1642 4228 ut
1677 4177 1730 4230 in
1765 4174 1873 4229 Ka-

316 4267 504 4322 lendas
541 4269 686 4336 ipsas
715 4266 1118 4322 succedentium
1144 4267 1408 4322 mensium
1441 4275 1642 4320 octava:
1678 4268 1876 4338 signo-

317 4371 436 4409 rum
472 4367 653 4426 partes
681 4355 999 4418 inciderent,
1041 4355 1094 4409 in
1126 4356 1326 4425 quibus
1378 4357 1722 4425 aequinoctia,
1761 4357 1869 4410 sol-

315 4449 569 4518 stitiaque
611 4448 876 4502 committi
929 4447 1094 4514 prisci
1145 4462 1336 4501 omnes
1384 4449 1622 4502 artiﬁces
1668 4447 1874 4518 Opinati

1968 642 2169 681 annum
2198 641 2356 680 suum
2387 622 2683 678 transferre
2713 621 2788 674 illi
2827 620 3148 675 voluissent.

2033 740 2108 795 De
2134 736 2449 806 Iiujusmodi
2475 735 2622 789 aditu
2657 734 2790 789 solis
2831 734 2893 786 ad
2925 733 3078 802 signa
3104 747 3210 785 non
3239 729 3426 784 eodem
3457 729 3524 782 ab

1968 830 2222 886 omnibus
2255 836 2494 895 tempore
2527 824 2702 878 deﬁxo
2747 823 3156 892 imperitissime
3203 819 3426 873 Servius
3469 819 3522 871 in

1967 921 2374 976 Commentario
2413 917 2480 970 ad
2525 916 2566 969 II
2629 914 2825 984 Georg.
2872 933 2889 963 ι
2923 912 3065 968 Sane
3106 911 3405 972 sciendum,
3453 911 3527 964 in-

1968 1014 2104 1083 quit,
2153 1025 2342 1064 omnes
2389 1007 2690 1077 astrologos
2719 1019 2816 1074 pro
2851 1003 3058 1057 ratione
3095 1003 3371 1056 climatum
3410 999 3524 1054 dis-

1971 1106 2173 1159 sentire
2215 1102 2269 1156 in
2301 1109 2423 1155 ortu
2472 1100 2710 1155 siderum
2742 1117 2754 1151 :
2790 1096 2882 1151 sed
2928 1096 3043 1164 ipsa
3081 1093 3352 1148 dissensio
3384 1093 3525 1146 ultra

1971 1202 2174 1265 septem
2206 1192 2323 1246 dies
2353 1206 2462 1244 non
2509 1188 2787 1259 procedit;
2824 1195 3031 1257 septem
3065 1185 3207 1238 enim
3249 1188 3376 1237 sunt
3409 1183 3524 1251 ipsa

1970 1287 2209 1341 climata.
2252 1283 2390 1337 llinc
2419 1290 2501 1337 est
2527 1279 2670 1351 quod
2701 1280 2866 1333 solem
2900 1278 2964 1331 ad
2992 1275 3412 1344 unumquodque
3451 1275 3526 1328 si-

1968 1395 2132 1449 gnum
2167 1377 2257 1430 alii
2283 1374 2688 1445 quintodecimo
2722 1371 2949 1426 Kalend.
2984 1371 3070 1424 die
3097 1370 3284 1424 dicunt
3309 1369 3521 1432 venire,

1970 1471 2059 1524 alii
2103 1467 2544 1540 quartodecimo,
2601 1465 2690 1518 alii
2731 1457 2869 1517 in'fra
2919 1478 3091 1532 usque
3139 1459 3205 1514 ad
3241 1469 3522 1525 octavum;

1967 1579 2068 1619 nec
2098 1561 2383 1632 quisquam
2420 1558 2660 1629 procedit
2704 1556 2973 1610 ulterius:
3010 1575 3026 1606 ι
3062 1570 3181 1624 quae
3211 1561 3339 1609 sunt
3371 1553 3527 1607 bonae

1968 1655 2168 1708 mentis
2201 1651 2534 1706 inanissima.

2027 1766 2099 1820 Ut
2127 1765 2194 1819 de
2239 1779 2383 1818 anno
2407 1761 2622 1816 Juliano
2665 1760 2809 1830 quod
2847 1757 3222 1829 explicandum
3276 1762 3524 1826 superest

1968 1857 2265 1920 absolvam,
2289 1855 2506 1924 quinam
2538 1853 2654 1906 dies
2683 1850 2936 1906 ineundis
2962 1868 2990 1903 a
3022 1850 3132 1904 sole
3155 1849 3524 1925 cardinalibus

1970 1949 2140 2019 signis
2163 1964 2229 2002 ex
2251 1946 2382 2000 Julii
2403 1945 2659 2007 Caasaris,
2695 1944 2810 1998 sive
2847 1941 3129 2011 Sosigenis
3158 1940 3375 1995 decreto
3398 1954 3526 2008 pra:-

1969 2042 2144 2096 stituti
2175 2040 2284 2094 sint
2329 2040 2384 2093 in
2428 2037 2756 2092 Kalendario
2786 2034 3024 2098 Juliano,
3067 2049 3173 2086 non
3220 2041 3328 2086 tam
3369 2030 3526 2084 facile

1969 2133 2118 2185 dictu
2160 2137 2268 2194 est,
2309 2145 2472 2200 quam
2505 2128 2693 2182 haberi
2720 2128 2881 2195 vulgo
2906 2127 3080 2178 video.
3119 2122 3250 2176 Nam
3282 2121 3525 2191 plerique

1971 2222 2150 2276 Martii
2179 2237 2285 2276 xxv
2329 2218 2716 2289 aequinoctium
2759 2233 2984 2270 vernum
3022 2231 3049 2268 a
3081 2213 3293 2268 Caesare
3329 2211 3528 2266 consti-

1971 2322 2148 2368 tutum
2175 2327 2297 2367 esse
2317 2317 2544 2366 censent
2569 2327 2581 2362 :
2612 2307 2906 2364 solstitium
2931 2307 3178 2360 aestivum
3205 2319 3328 2357 xxiv
3347 2302 3524 2367 Junii;

1970 2404 2352 2477 aequinoctium
2383 2401 2694 2454 autumnale
2724 2415 2850 2452 xxiv
2881 2395 3252 2466 Septembris;
3286 2393 3529 2448 brumale

1971 2497 2205 2564 denique
2236 2492 2529 2546 solstitium
2571 2507 2676 2544 xxv
2708 2488 3040 2550 Decembris,
3071 2489 3251 2540 omnia
3285 2487 3337 2539 in
3378 2494 3529 2539 octa-

1970 2588 2053 2642 vis
2085 2584 2372 2640 Kalendas.
2416 2581 2496 2637 lta
2545 2597 2610 2636 ex
2655 2579 2950 2635 Columella
2987 2579 3078 2631 lib.
3114 2577 3202 2639 IX,
3237 2593 3357 2645 cap.
3386 2575 3525 2638 XIV,

1970 2685 2023 2732 et
2062 2678 2154 2732 lib.
2186 2675 2280 2739 XI,
2319 2690 2436 2745 cap.
2465 2673 2506 2727 II
2555 2671 2861 2742 colligitur;
2906 2669 3108 2723 diserte
3157 2683 3287 2720 vero
3318 2667 3526 2721 Plinius

1971 2770 2064 2824 lib.
2102 2765 2268 2821 XVIII
2325 2781 2446 2836 cap.
2490 2764 2633 2819 XXV
2674 2772 2727 2817 et
2771 2759 2980 2815 XXVIII
3035 2759 3084 2814 id
3134 2758 3378 2814 allirmat.
3415 2755 3528 2810 Hoc

1973 2861 2135 2916 modo
2182 2858 2523 2914 intervallum
2572 2857 2638 2910 ab
2675 2854 3000 2925 acquinoctio
3032 2868 3200 2907 verno
3251 2853 3315 2904 ad
3355 2851 3510 2906 solsti

1974 2956 2131 3019 tium,
2165 2953 2373 3007 dierum
2405 2959 2488 3005 est
2517 2951 2806 3019 xcr_‘altero
2837 2948 3070 3003 termino
3097 2947 3338 3008 excluso,
3370 2961 3398 2997 a
3423 2943 3520 2997 sol-

1976 3048 2123 3102 stitio
2167 3045 2232 3100 ad
2285 3043 2670 3114 aequinoctium
2709 3041 3046 3100 autumnale.
3079 3054 3209 3100 xcn,
3242 3037 3308 3091 ab
3359 3035 3518 3106 aequi-

1975 3140 2158 3194 noctio
2180 3135 2478 3191 autumnali
2505 3133 2688 3188 itidem
2712 3149 2819 3188 xcu
2854 3133 2920 3187 ad
2950 3132 3192 3187 brumale
3217 3117 3526 3185 solstitium.

1907 3220 1950 3275 C
1982 3229 2119 3284 Ilinc
2166 3228 2232 3282 ad
2282 3240 2508 3281 vernum
2553 3226 2968 3294 aequinoctium,
3011 3223 3128 3278 dies
3174 3237 3258 3277 xc.
3295 3219 3368 3274 lta
3411 3220 3528 3274 dies

1973 3323 2306 3393 colliguntur
2335 3319 2464 3374 anni
2497 3319 2663 3374 totius
2695 3332 2916 3372 cccuv.

2043 3453 2205 3523 Atqui
2249 3451 2366 3505 hzec
2400 3450 2516 3519 ipsa
2569 3448 2854 3502 cardinum
2900 3447 3178 3501 intervalla
3212 3461 3318 3499 non
3356 3443 3527 3500 Varro

1973 3547 2172 3605 solum.
2209 3543 2326 3606 sed,
2359 3542 2503 3612 quod
2541 3540 2738 3594 mirum
2791 3546 2893 3601 est,
2940 3537 3146 3592 Plinius
3197 3539 3308 3606 ipse
3353 3537 3527 3605 capite

1975 3640 2067 3693 illo
2093 3635 2236 3692 XXV
2274 3636 2398 3691 libri
2427 3631 2590 3689 XVIII
2626 3634 2784 3703 longe
2817 3632 2973 3685 aliter
3003 3631 3232 3700 partitus
3265 3637 3364 3683 est.
3389 3625 3459 3682 Ut
3498 3644 3526 3681 a

1975 3730 2219 3784 Varrone
2274 3727 2495 3790 ordiar,
2563 3727 2651 3780 hic
2709 3725 2760 3778 in
2815 3720 3009 3776 librol
3061 3720 3136 3775 De
3188 3737 3242 3774 re
3295 3721 3526 3781 rustica,

1973 3837 2096 3892 cap.
2146 3817 2395 3883 XXVIII,
2440 3818 2507 3872 de
2549 3832 2690 3870 anno
2733 3815 2952 3868 Juliano
2981 3814 3236 3883 loquens,
3293 3813 3394 3866 hoc
3443 3819 3528 3865 est

1981 3934 1996 3965 ‹
2029 3913 2243 3976 diebus,
2278 3929 2296 3961 ι
2338 3908 2532 3978 inquit,
2572 3923 2590 3956 ε
2619 3905 2894 3966 civilibus,
2921 3903 3012 3972 qui
3055 3917 3199 3955 nunc
3229 3909 3375 3964 sunt,
3409 3919 3428 3953 ι
3458 3903 3528 3954 ab

1974 4001 2303 4074 aequinoctio
2331 4013 2498 4053 verno
2533 3997 2598 4051 ad
2631 3995 2926 4050 solstitium
2968 4001 3218 4046 numerat
3250 3991 3366 4046 dies
3388 4005 3528 4056 xcn;

1973 4098 2099 4151 hinc
2128 4095 2194 4147 ad
2219 4089 2530 4146 autumnale
2557 4087 2962 4157 aequinoctium,
2994 4084 3110 4138 dies
3138 4096 3257 4136 xcv:
3285 4100 3299 4138 :
3331 4081 3398 4136 ab
3426 4081 3528 4134 hoc

1975 4187 2038 4242 ad
2067 4185 2311 4240 brumale
2341 4179 2658 4242 solstitium,
2689 4177 2804 4232 dies
2839 4191 3060 4230 LXXXIX.
3095 4173 3223 4229 Inde
3264 4172 3331 4227 ad
3361 4174 3528 4241 tequi-

1975 4279 2214 4335 noctium
2262 4290 2486 4330 vernum
2532 4272 2649 4327 dies
2697 4285 2892 4324 Lxxxv.
2954 4267 3160 4321 Desunt
3211 4267 3276 4321 ad
3329 4280 3528 4319 annum

1974 4367 2353 4441 complendum
2393 4366 2510 4420 dies
2548 4372 2679 4418 tres.
2720 4360 2838 4414 Jam
2889 4376 3015 4414 vero
3057 4360 3100 4414 si
3149 4357 3529 4428 aequinoctium

1978 4477 2201 4518 vernum
2242 4461 2537 4516 collocetur
2568 4459 2620 4512 in
2667 4473 2764 4511 vin
2812 4455 2930 4511 Kal.
2966 4455 3118 4525 Apr.,
3148 4454 3252 4508 hoc
3277 4461 3360 4508 est
3391 4451 3531 4505 Mar-

316 4547 463 4596 sunt.
488 4537 603 4592 Dici
640 4539 741 4592 hoc
771 4554 799 4590 a
825 4538 1011 4590 multis
1046 4537 1309 4608 intelligo,
1337 4553 1367 4591 a
1407 4554 1515 4608 quo
1539 4547 1592 4593 et
1629 4555 1729 4594 nos
1765 4539 1867 4609 ipsi

1974 4559 2036 4610 tii
2064 4571 2190 4618 xxv,
2228 4554 2602 4621 addanturque
2631 4548 2748 4604 dies
2783 4562 2911 4612 xcn,
2953 4547 3195 4601 calculus
3232 4544 3441 4599 desinet
3473 4543 3528 4596 in

313 4629 605 4699 aliquando
642 4644 750 4682 non
801 4627 1203 4683 abborruimus.
1252 4630 1354 4683 Sed
1405 4629 1458 4682 id
1503 4629 1724 4684 minime
1753 4645 1873 4685 esse

313 4739 500 4778 verum
551 4739 616 4777 ex
664 4722 928 4791 superiori
977 4722 1124 4774 omni
1158 4721 1527 4790 disputatione
1575 4722 1866 4792 colligitur.

313 4821 431 4876 Non
480 4821 624 4876 enim
655 4831 875 4875 octavas
913 4832 1097 4890 partes
1135 4820 1228 4890 qui
1262 4820 1388 4874 olim
1446 4822 1519 4876 ita
1567 4821 1873 4876 sentiebant

313 4923 438 4984 post
467 4914 743 4985 signorum
783 4913 1052 4978 cardines,
1088 4914 1180 4969 sed
1210 4913 1262 4966 in
1293 4913 1424 4981 ipsis
1455 4913 1769 4968 cardinibus
1801 4913 1872 4968 lo-

313 5006 545 5072 cabant;
574 5007 723 5059 initia
748 5019 872 5058 vero
903 5005 1181 5074 signorum
1205 5017 1398 5058 octavo
1425 5013 1548 5058 ante
1575 5004 1768 5072 gradu.
1796 5004 1873 5057 Ac

311 5097 380 5151 de
403 5095 620 5150 Juliano
649 5095 862 5165 quidem
904 5109 1047 5148 anno
1075 5096 1360 5165 perspicua
1390 5110 1476 5149 res
1511 5097 1637 5160 erit,
1674 5097 1719 5151 si
1747 5096 1870 5165 quis

312 5189 460 5243 illius
490 5188 717 5243 formam
750 5203 812 5242 ex
843 5187 1058 5253 Ovidio,
1091 5188 1410 5251 Columella,
1444 5187 1640 5250 Plinio,
1674 5203 1737 5242 ac
1767 5203 1870 5243 ca:-

309 5285 443 5340 teris
468 5287 735 5340 aastimare
768 5283 910 5346 velit,
939 5298 969 5336 a
989 5283 1186 5353 quibus
1207 5292 1288 5337 est
1313 5283 1440 5336 anni
1464 5283 1582 5351 ejus
1612 5297 1868 5352 expressa

307 5377 472 5432 ratio.
506 5375 714 5446 Quippe
748 5375 1049 5445 ingressum
1089 5372 1221 5427 solis
1251 5373 1306 5427 in
1338 5373 1773 5428 dodecatemoria
1803 5373 1868 5427 ad

306 5476 561 5523 octavum
595 5468 812 5523 circiter
843 5475 967 5520 ante
1011 5467 1247 5521 solstitia
1283 5475 1337 5520 et
1363 5466 1685 5535 aequinoctia
1726 5465 1868 5521 diem

304 5569 623 5629 apponunt;
657 5573 832 5628 neque
863 5556 1027 5610 fando
1056 5564 1141 5610 est
1185 5556 1450 5610 hactenus
1480 5557 1747 5619 auditum,
1791 5559 1871 5612 ci-

301 5654 409 5706 vile
451 5653 833 5720 aaquinoctium
879 5658 970 5702 aut
1004 5649 1298 5704 solstitium
1333 5649 1385 5702 in
1411 5647 1679 5703 Kalendas
1722 5651 1868 5704 inse-

299 5743 583 5813 quentium
637 5745 902 5798 mensium
969 5758 998 5795 a
1048 5740 1303 5810 Sosigene
1349 5741 1432 5796 vel
1477 5740 1693 5796 Caesare
1746 5757 1866 5798 esse

296 5841 587 5912 rejectum.
615 5841 768 5909 Quod
790 5841 1010 5898 omnino
1047 5854 1268 5896 necesse
1297 5837 1418 5904 fuit,
1451 5839 1494 5894 si
1530 5845 1623 5894 aut
1651 5847 1860 5895 veteres

1974 4665 2048 4703 vn
2076 4647 2194 4701 Kal.
2224 4645 2417 4708 Julias,
2441 4642 2586 4697 Junii
2615 4658 2749 4705 xxv;
2783 4647 2895 4694 tum
2919 4638 3147 4706 adjectis
3169 4636 3362 4690 diebus
3385 4649 3525 4700 xcvr,

1976 4740 2176 4794 incidet
2220 4736 2604 4808 aequinoctium
2655 4733 2709 4787 in
2763 4729 3095 4800 Septembris
3135 4743 3296 4791 xxix;
3348 4726 3530 4781 solsti-

1974 4831 2110 4884 tium
2143 4837 2321 4882 autem
2361 4825 2626 4888 brumale,
2667 4822 2868 4877 additis
2899 4835 3096 4874 Lxxxtx
3128 4819 3340 4880 diebus,
3375 4816 3529 4870 cadet

1974 4921 2028 4976 in
2059 4937 2206 4975 xxvn
2242 4918 2586 4982 Decembris;
2622 4913 2818 4982 reliqui
2853 4919 3013 4966 erunt
3043 4909 3109 4963 ad
3139 4922 3340 4963 annum
3373 4922 3527 4960 com-

1973 5013 2226 5084 plendum
2249 5012 2364 5066 dies
2395 5023 2657 5062 Lxxxvm.
2687 5006 2755 5059 At
2782 5003 2952 5057 Varro
2988 5017 3018 5055 a
3040 5001 3232 5055 bruma
3258 4998 3324 5053 ad
3357 4997 3529 5052 Favo-

1973 5107 2123 5160 nium
2155 5104 2271 5158 dies
2300 5117 2421 5166 xcv,
2453 5115 2482 5154 a
2518 5099 2756 5154 Favonio
2788 5096 2854 5150 ad
2889 5093 3272 5164 aequinoctium
3301 5107 3524 5146 vernum

1972 5198 2089 5252 dies
2115 5211 2183 5249 ιι.
2227 5200 2543 5263 computat:
2572 5191 2662 5261 qui
2713 5203 2822 5242 non
2873 5188 3056 5256 plures
3098 5183 3331 5247 collecti,
3362 5196 3526 5252 quam

1971 5287 2211 5358 quinque
2258 5294 2310 5340 et
2351 5285 2625 5354 octoginta
2674 5280 2898 5334 faciunt.
2957 5275 3062 5332 Sed
3097 5275 3416 5330 mendosum
3449 5273 3529 5325 vi-

1972 5380 2131 5435 detur
2168 5378 2510 5433 intervallum
2568 5377 2636 5429 ab
2684 5373 2918 5428 Solstitio
2960 5370 3148 5425 aestivo
3178 5368 3242 5422 ad
3285 5366 3528 5436 τεαυίηο-

1971 5477 2138 5528 ctium
2161 5471 2404 5526 autumni
2426 5488 2440 5534 ;
2460 5468 2618 5539 'quod
2647 5473 2840 5535 prmter
2866 5463 3094 5517 aliorum
3119 5461 3360 5514 omnium
3390 5471 3525 5510 con-

1971 5580 2189 5620 sensum
2228 5563 2417 5615 diebus
2447 5575 2562 5613 xcvl
2597 5558 2811 5621 linitur;
2845 5564 2957 5607 tum
2987 5553 3147 5606 etiam
3174 5552 3424 5614 alterum,
3457 5549 3524 5602 ab

1972 5656 2201 5709 hiberno
2238 5652 2472 5707 solstitio
2518 5649 2584 5702 ad
2628 5660 2853 5700 vernum
2880 5683 2895 5706 ,
2941 5641 3082 5711 quod
3115 5642 3265 5709 justo
3305 5638 3524 5694 brevius

1967 5755 2071 5801 est.
2103 5749 2171 5799 At
2195 5760 2321 5800 ecce
2345 5743 2526 5796 turbat
2556 5743 2752 5794 iterum
2778 5737 2970 5804 Varro,
2993 5736 3081 5805 qui
3111 5731 3297 5788 eodem
3348 5731 3525 5798 capite

1968 5852 2135 5894 verno
2183 5835 2411 5904 tempori
2461 5832 2649 5888 tribuit
2699 5830 2817 5886 dies
2861 5842 2970 5892 χει,
3023 5825 3195 5882 :estati
3241 5833 3384 5884 xcrv,
3431 5830 3526 5868 au-
