4036 6218
459 367 597 424 tasi)
1461 344 1550 398 AD
1589 335 1853 394 £155an
1893 325 2283 388 cunumcou
2324 320 2680 380 APPE‘NDIX.
3536 307 3672 363 ιεεο

461 491 652 536 tumno
682 487 789 538 xcr,
813 470 1208 525 hiemi-Luxu
1236 482 1250 528 ;
1282 477 1416 530 quas
1463 456 1683 528 quidem
1725 453 2015 517 tempesta-
2044 448 2091 503 Α
2187 439 2233 493 Α
2262 437 2496 493 solstitio
2532 435 2597 488 ad
2624 428 3011 502 aequinoctium
3049 422 3363 479 autumnale
3390 422 3510 478 dies
3543 435 3674 486 xcn.

461 577 549 624 tes
578 571 701 620 ante
734 560 986 617 cardines
1017 557 1164 625 ipsos
1192 550 1379 619 incipit
1409 567 1421 601 :
1449 562 1540 601 ver
1570 559 1600 596 a
1630 539 1884 599 Favonio,
1922 532 2015 603 qui
2115 531 2282 585 horas
2311 543 2410 582 ιιι,

1259 601 1456 693 viri—Id.
1501 633 1660 688 Febr.
1713 630 1780 684 ad
1810 642 1885 682 vn
1935 601 2014 678 Id.
2185 620 2266 673 Ab
2283 615 2608 688 aequinoctio
2625 609 2930 667 autumnali
2948 605 3014 660 ad
3037 606 3291 660 brumam
3314 601 3434 657 dies
3458 615 3686 664 Lxxxrx,

470 711 628 811 biaii;
693 711 934 796 astatem
997 735 1120 789 inde
1163 732 1228 786 ad
1295 730 1436 783 diem
1491 741 1564 778 vn
1615 722 1688 776 Id.
1749 717 2018 781 Sextiles;
2120 711 2284 764 horas
2319 723 2398 762 ιιι.
3442 758 3448 762 .

1839 810 1844 811 ’
2207 799 2220 811 ‘
2294 798 2306 811 '
2599 793 2614 811 ³
2677 804 2900 811 ηλ--η-ρ
2957 785 3356 811 .._..:.......:..._.
3410 781 3440 811 ,ι

472 781 628 811 επακ,
693 781 934 796 ,ηπ-η...
997 781 1118 789 ...η
1164 781 1228 786 η
1303 781 1373 783 η

472 848 792 894 autumnum
840 831 908 884 ab
953 828 1057 882 hoc
1105 825 1193 879 die
1223 821 1289 875 ad
1333 836 1386 874 iv
1428 817 1503 870 Id.
1549 814 1721 874 Nov.;
1755 810 2024 879 reliquum
2194 799 2238 851 Α
2294 798 2482 852 bruma
2550 793 2618 848 ad
2675 804 2905 848 vernum
2955 785 3358 858 aequinoctium
3409 781 3530 836 dies
3592 793 3692 841 xc,

475 929 637 986 hiemi
669 927 916 995 imputat.
949 919 1073 972 Haec
1116 912 1398 968 intervalla
1443 910 1488 964 si
1532 903 1846 976 singillatim
1876 914 2024 954 com-
2124 889 2286 945 horas
2320 903 2410 942 ιιι.

2199 981 2293 1036 His
2339 975 2769 1036 animadversis,
2805 973 2850 1028 si
2886 966 3268 1040 aequinoctium
3314 976 3546 1018 vernum
3592 968 3701 1015 sta-

2128 1086 2312 1132 tuatur
2346 1075 2398 1128 in
2425 1089 2526 1126 xxv
2556 1068 2756 1128 Martii,
2786 1064 2989 1119 additis
3027 1059 3220 1114 diebus
3251 1071 3405 1120 xcut,
3449 1052 3701 1109 calculus

2131 1169 2338 1225 desinet
2361 1165 2416 1218 in
2445 1176 2570 1216 xxvt
2596 1157 2764 1213 Junii.
2807 1155 2949 1209 Hinc
2983 1159 3103 1222 post
3129 1148 3246 1203 dies
3272 1161 3406 1208 xcu,
3433 1142 3705 1212 conjicie-

475 1029 653 1093 putes,
681 1013 920 1072 exclusis
960 1009 1236 1082 prioribus
1276 1001 1545 1066 terminis,
1575 996 1818 1052 invenies
1860 987 2027 1062 priori

477 1118 595 1173 dies
624 1119 935 1182 competere
964 1120 1050 1159 ιρι
1078 1147 1094 1170 ,
1121 1099 1294 1156 atstati
1320 1096 1436 1151 dies
1470 1109 1531 1147 xc
1560 1111 1573 1158 ;
1611 1097 1870 1143 autumno
1913 1083 2028 1137 dies

479 1227 618 1277 xcv;
647 1204 812 1262 hiemi
847 1214 1066 1257 Lxxxtx.
1100 1193 1319 1248 Minime
1348 1191 1533 1258 itaque
1559 1185 1660 1240 sibi
1682 1177 2031 1236 consentiens

481 1311 566 1359 est
597 1299 790 1355 Varro.

553 1415 761 1469 Plinius
788 1425 914 1466 vero
944 1407 1114 1462 nihilo
1144 1401 1316 1472 magis
1342 1409 1575 1452 concors
1615 1399 1696 1448 est
1734 1403 1940 1452 secum,
1983 1393 2038 1440 et

487 1510 607 1575 ejus
635 1506 788 1559 locus
831 1495 1275 1554 manifestissimo
1295 1488 1492 1544 mendo
1523 1491 1756 1539 tenetur.
1790 1501 1806 1530 ι
1833 1476 2036 1541 Cardo,

491 1572 688 1667 inquit.
725 1603 1034 1661 temporum
1074 1582 1474 1657 quadripartita
1524 1577 1653 1631 anni
1693 1572 2042 1630 distinctione

492 1695 708 1744 constat
771 1701 865 1755 per
929 1683 1264 1736 incrementa
1330 1674 1487 1728 lucis.
1539 1671 1782 1738 Augetur
1841 1666 1955 1719 bzec
2014 1679 2046 1717 a

493 1782 708 1841 bruma,
765 1785 818 1832 et
870 1783 1118 1844 aequatur
1164 1767 1418 1823 noctibus
1475 1777 1642 1818 verno
1698 1757 2045 1830 acquinoctio,
2081 1773 2123 1828 Β

495 1872 688 1928 diebus
734 1883 832 1929 xc,
879 1865 1028 1920 horis
1067 1878 1148 1916 ιιι.
1214 1857 1416 1913 Deinde
1454 1861 1676 1924 superat
1739 1860 1924 1904 noctes
1985 1847 2052 1901 ad

499 1963 792 2018 solstitium
820 1957 1011 2011 diebus
1058 1967 1208 2015 xcni,
1243 1949 1395 2003 boris
1419 1961 1518 2010 xu,
1564 1958 1735 2012 usque
1774 1940 1841 1993 ad
1883 1936 2052 2007 aequi-

501 2055 741 2110 noctium
783 2047 1049 2104 autumni.
1087 2044 1151 2097 Et
1181 2052 1294 2096 tum
1339 2045 1548 2107 aequata
1582 2035 1670 2088 die
1704 2031 1953 2103 procedit
1985 2045 2053 2084 ex

501 2159 568 2198 eo
617 2143 682 2196 ad
730 2141 978 2194 brumam
1028 2133 1220 2187 diebus
1255 2142 1476 2190 Lxxxix,
1511 2125 1662 2178 horis
1693 2139 1775 2176 ιιι.
1810 2142 1828 2174 ι
1868 2120 1928 2175 In
1967 2121 2053 2176 his

505 2233 685 2289 verbis
727 2229 1064 2284 desideratur
1097 2221 1367 2276 intervalli
1401 2216 1863 2286 circumscriptio,
1909 2213 2054 2284 quod

507 2327 575 2380 ab
615 2322 847 2378 solstitio
880 2318 1070 2373 aestivo
1109 2316 1176 2369 ad
1228 2313 1541 2367 autumnale
1574 2312 1824 2380 pertinet.
1854 2307 2060 2378 Legen-

507 2419 634 2471 dum
668 2415 852 2481 itaque
873 2419 1016 2480 post,
1053 2425 1070 2457 ε
1105 2406 1254 2460 horis
1282 2418 1380 2470 xu,
1411 2422 1430 2455 ο
1465 2403 1570 2457 hoc
1601 2402 1712 2457 lere
1734 2399 1914 2465 modo,
1953 2418 1971 2452 ι
2004 2405 2060 2454 et

511 2510 634 2562 inde
680 2505 871 2561 diebus
900 2517 1031 2564 xcu,
1069 2499 1218 2553 horis
1247 2511 1322 2551 xu
1368 2509 1542 2565 usque
1580 2493 1648 2548 ad
1679 2492 2059 2562 aaquinoctium

511 2598 780 2655 autumni.
815 2615 832 2647 ι
867 2593 1000 2647 Nam
1045 2592 1150 2646 tria
1205 2588 1488 2644 intervalla
1523 2587 1612 2640 hic
1646 2600 1905 2655 expressa
1945 2585 2062 2638 dies

511 2683 807 2748 coniiciunt
833 2700 1071 2747 ccuxn,
1099 2685 1261 2736 horas
1286 2695 1439 2734 xvm.
1477 2677 1552 2731 Ea
1583 2679 1824 2731 detracta
1855 2676 1921 2730 de
1949 2676 2064 2730 die-

514 2786 617 2839 bus
663 2796 862 2836 cccsxv
909 2778 1030 2848 ιμ,
1082 2773 1330 2829 residuos
1371 2772 1576 2826 faciunt
1618 2769 1734 2824 dies
1787 2783 1891 2822 xcn
1940 2765 2060 2836 1/2.

517 2874 696 2942 Quare
744 2887 808 2926 ex
843 2878 1021 2924 mente
1068 2865 1226 2920 Plinii
1271 2862 1449 2918 Julius
1492 2860 1675 2916 Caesar
1725 2859 1836 2914 haec
1886 2871 2066 2912 annua

518 2963 803 3023 intervalla
831 2958 1141 3029 descripsit.

2136 1269 2225 1314 tur
2260 1253 2576 1310 autumnale
2613 1247 2998 1318 :equinoctium
3043 1243 3099 1296 in
3131 1255 3256 1294 xxvi
3297 1236 3473 1305 Sept.,
3511 1233 3702 1290 solsti-

2136 1353 2269 1407 tium
2293 1349 2581 1403 hibernum
2614 1345 2669 1398 in
2691 1356 2817 1395 xxrv
2846 1333 3178 1394 Decembris,
3207 1337 3300 1384 aut
3323 1345 3454 1392 xxv,
3497 1335 3561 1379 ut
3585 1323 3712 1378 inde

2138 1443 2204 1496 ad
2233 1454 2458 1496 vernum
2487 1431 2875 1505 aequinoctium
2899 1427 3015 1482 dies
3046 1424 3241 1492 reliqui
3273 1422 3382 1476 sint
3411 1434 3500 1472 xc.
3534 1416 3713 1470 Biduo

2142 1536 2326 1602 itaque
2358 1531 2412 1583 in
2451 1526 2688 1584 solstitio
2719 1523 2927 1585 aestivo,
2963 1526 3017 1573 et
3049 1512 3348 1570 autumnali
3378 1508 3716 1580 aequinoctio

2144 1623 2354 1682 Plinius
2391 1635 2422 1673 a
2456 1619 2638 1687 seipso
2670 1611 3037 1682 discrepabat.
3087 1604 3423 1662 Crediderim
3472 1602 3716 1671 primum

2148 1730 2179 1767 a
2210 1710 2473 1780 Sosigene
2499 1706 2658 1760 civile
2687 1702 2979 1758 solstitium
3013 1697 3258 1752 aestivum
3291 1695 3343 1747 in
3378 1690 3536 1746 Junii
3565 1706 3715 1750 xxu',

2149 1816 2203 1861 et
2225 1801 2610 1873 aequinoctium
2643 1799 2695 1852 in
2731 1792 3064 1864 Septembris
3097 1806 3222 1844 xxiv
3249 1803 3374 1843 esse
3405 1786 3714 1844 collatum,

2153 1894 2444 1953 solstitium
2494 1890 2781 1945 hibernum
2813 1901 2916 1940 xxv
2965 1879 3408 1936 Decembriszut
3457 1876 3519 1929 in
3570 1882 3720 1928 octa-

2153 2002 2277 2041 vum
2308 1980 2576 2037 Kalendas
2621 1986 2857 2049 quatuor
2893 1970 3250 2028 cardinalium
3297 1968 3590 2037 signorum
3645 1964 3720 2016 in-

2155 2080 2350 2134 troitus
2384 2073 2705 2130 inciderent.

2223 2173 2281 2226 In
2311 2166 2654 2227 Kalendario,
2687 2160 2831 2234 quod
2875 2155 3002 2212 Julii
3032 2148 3262 2211 Cazsaris
3294 2147 3516 2203 nomine
3543 2141 3727 2201 Lucas

2155 2261 2420 2317 Ganricus
2465 2256 2655 2316 edidit,
2700 2249 3085 2322 aequinoctium
3143 2261 3372 2301 vernum
3427 2243 3727 2297 ascribitur

2157 2370 2252 2412 vni
2279 2352 2399 2408 Kal.
2436 2351 2589 2420 Apr.,
2631 2361 2775 2402 nono
2805 2339 2889 2400 die
2928 2342 2994 2396 ab
3026 2341 3276 2412 ingressu
3309 2339 3441 2394 solis
3477 2337 3529 2389 in
3566 2336 3731 2388 Arieo

2158 2457 2266 2504 tem
2297 2465 2311 2501 :
2342 2453 2396 2500 et
2441 2440 2733 2498 solstitium
2768 2437 3014 2491 aestivum
3041 2448 3138 2486 vnt
3187 2434 3315 2486 item
3368 2429 3478 2484 Cal.
3522 2426 3727 2489 Julias,

2161 2539 2391 2608 septimo
2414 2535 2500 2590 die
2531 2546 2692 2602 quam
2729 2529 2810 2584 sol
2845 2528 2899 2581 in
2931 2525 3202 2581 Cancrum
3225 2516 3412 2578 subiit.
3438 2520 3541 2575 Sed
3565 2520 3732 2574 valde

2162 2629 2350 2684 rudem
2377 2630 2592 2696 oportet
2619 2636 2760 2686 esse,
2789 2617 2882 2689 qui
2909 2617 3014 2671 hoc
3040 2613 3422 2670 Kalendarium
3453 2609 3578 2663 Julii
3599 2612 3735 2663 Kie-

2166 2723 2305 2778 saris
2355 2735 2475 2775 esse
2530 2717 2632 2771 sibi
2675 2711 3030 2783 persuadeat,
3071 2708 3150 2762 uti
3191 2708 3329 2762 libro
3380 2703 3443 2759 VI
3479 2704 3549 2758 De
3591 2705 3736 2758 doct.

2170 2823 2346 2878 temp..
2377 2823 2497 2878 cap.
2529 2794 3175 2869 Xll,demonstravimus.

2237 2902 2514 2956 Postremo
2543 2899 2587 2953 si
2622 2896 2745 2964 quis
2779 2907 2938 2948 veros
2957 2890 3081 2944 anni
3110 2889 3362 2943 cardines
3385 2901 3534 2940 anno
3563 2886 3741 2955 primo

2170 2993 2386 3047 Juliano
2424 2989 2566 3044 scire
2610 2986 2779 3052 velit,|
2803 2999 2869 3038 ex
2903 2981 3151 3051 sequenti
3195 2979 3395 3034 tabella
3429 2977 3650 3041 discet;
3695 2975 3744 3027 in

591 3077 676 3133 Ab
713 3073 1040 3146 equinoctio
1086 3085 1252 3126 verno
1289 3067 1361 3123 ad
1410 3067 1702 3123 solstitium
1747 3065 1864 3121 dies
1918 3078 2067 3129 xcm,
2100 3108 2144 3169 α
2175 3101 2339 3158 quam
2377 3081 2584 3138 medios
2633 3092 2850 3150 quoque
2897 3075 3029 3132 sons
3057 3074 3338 3143 ingressus
3371 3071 3426 3125 in
3458 3069 3746 3125 dodecau-

490 3188 498 3197 ·
522 3170 686 3227 horas
714 3183 814 3222 ιιι.

2182 3177 2357 3236 moria
2391 3172 2724 3244 coniecimus
2758 3184 2826 3225 ex
2857 3166 3256 3238 Diagrammate
3284 3163 3382 3218 lib.
3417 3162 3460 3228 l,
3511 3176 3644 3232 pag.
3667 3158 3748 3213 5t.

769 3341 985 3399 Tabella
1014 3341 1320 3403 mediorum,
1349 3356 1411 3429 oc
1445 3355 1682 3395 verorum
1710 3341 1836 3394 solis
1870 3343 2209 3412 ingressuum
2240 3339 2295 3393 in
2335 3335 2486 3405 signa
2519 3327 2816 3386 cardinalia
2846 3339 2984 3378 anno
3025 3321 3196 3392 primo
3222 3317 3470 3372 Iuliano.

1525 3452 1790 3508 CARDINES
1828 3468 1996 3508 IEDII.

1039 3568 1452 3640 @quinoctium
1492 3585 1718 3624 vernum
1761 3569 1962 3640 Martii,
2037 3586 2186 3635 xxxv,
2227 3567 2334 3640 ﬁt,
2371 3565 2475 3640 ιε’.

2051 3655 2198 3702 xxiv,

1051 3639 1351 3696 Solstitium
1387 3640 1632 3694 aestivum
1765 3639 1934 3705 Junii,

1049 3710 1456 3778 Equinoctium
1481 3710 1729 3764 autumni
1763 3709 1914 3779 Sept.

1053 3779 1356 3834 Solstitium
1388 3781 1671 3834 hibernum
1769 3779 1892 3834 Dec.

607 3921 743 3992 Ilinc
791 3941 1012 4007 apparet
1057 3933 1371 4006 Sosigenem
1402 3935 1609 3991 medios
1638 3935 1817 4006 potius
1851 3935 1982 3990 solis
2013 3934 2096 3988 in-

542 4045 762 4102 gressus
791 4030 847 4082 in
880 4029 1054 4096 signa,
1096 4041 1260 4098 quam
1289 4041 1446 4082 veros
1475 4027 1774 4096 exprimere
1814 4026 2048 4079 voluisse
2078 4040 2092 4077 :

542 4138 679 4191 quos
725 4117 856 4184 fere,
900 4125 1255 4188 praeterquam
1307 4117 1362 4170 in
1413 4131 1522 4170 uno
1571 4115 1795 4170 hiberno
1843 4112 2094 4175 solstitio,

541 4214 870 4264 consecutus
926 4213 1030 4261 est.
1073 4204 1324 4274 Plerique
1370 4213 1550 4259 tamen
1603 4203 1919 4272 scriptores,
1965 4201 2094 4254 dum

543 4308 785 4357 veterum
816 4306 1250 4354 astronomorum
1286 4295 1537 4350 cardines
1577 4294 1809 4348 diversis
1841 4290 2099 4360 tempori-

545 4391 648 4446 bus
678 4390 1002 4444 constitutos
1035 4386 1297 4454 relegunt,
1341 4401 1436 4454 per
1465 4383 1881 4453 imprudentiam
1913 4396 2006 4435 eos
2040 4380 2094 4433 in

2058 3795 2216 3841 xxm,
2253 3777 2338 3840 l9,
2375 3773 2478 3829 56'.

2679 3443 2950 3498 CARDINES
2988 3450 3134 3492 vam.

2587 3558 2764 3612 Martii
2839 3571 2981 3619 χιιι,
2998 3553 3089 3615 2'5,
3125 3547 3227 3604 47'-

2270 3620 2474 3701 ιζδθο.
2581 3629 2728 3701 Junii
2837 3620 3235 3701 xxiv,9_§,_§f.

2056 3690 2211 3772 aut,
2245 3690 2336 3766 12;
2410 3704 2478 3756 ϐ’.
2585 3699 2738 3772 Sept.
2851 3690 3230 3772 “nunc.

2602 3757 2725 3822 Dec.
2856 3779 3005 3828 χειν,
3025 3762 3116 3821 25,
3132 3757 3233 3812 δι’.

2197 3929 2428 4000 injectus
2483 3939 2514 3978 a
2576 3920 2734 3978 nobis
2785 3930 3008 3980 sermo,
3063 3901 3421 3981 Scaligeriani
3476 3901 3762 3977 cujusdam

2198 4017 2488 4076 commenti
2530 4011 2845 4068 meminisse
2881 4025 2982 4062 nos
3018 4006 3167 4067 facit,
3195 4002 3340 4072 quod
3372 4003 3427 4056 in
3459 3997 3765 4054 Manilianis

2196 4112 2342 4166 illitis
2369 4107 2520 4164 Notis
2542 4102 2896 4176 legitur(pag.
2925 4099 3044 4168 157)
3065 4137 3080 4162 ,
3113 4102 3166 4151 et
3195 4096 3249 4148 in
3275 4093 3509 4165 epistola
3533 4093 3766 4162 quadarn

2199 4202 2266 4256 ad
2309 4199 2623 4255 Mamertum
2679 4193 3038 4254 Patissonem,
3111 4204 3230 4258 quae
3291 4197 3373 4241 est
3409 4194 3610 4254 quarta
3645 4179 3768 4234 libri

2195 4291 2358 4364 primi
2401 4289 2672 4345 editarum
2722 4297 2895 4354 nuper
2941 4280 3091 4335 Illius
3118 4277 3498 4348 epistolarum.
3536 4293 3553 4324 ι
3595 4271 3678 4324 Ibi
3709 4270 3772 4323 ab

2197 4361 2332 4454 ipsis
2371 4377 2716 4435 incunabulis
2754 4372 3098 4430 astronomia:
3128 4368 3313 4435 (verba
3347 4371 3476 4422 sunt
3504 4361 3777 4434 epistola}

542 4480 814 4536 Julianum
844 4490 1044 4530 annum
1077 4475 1489 4528 transtulerunt.
1528 4472 1835 4538 Quinetiam
1876 4469 2073 4540 Sosige

2199 4474 2340 4528 hanc
2380 4481 2623 4525 veterum
2659 4465 2969 4522 Grazcorum
3001 4461 3308 4532 opinionem
3351 4456 3519 4510 fuisse
3561 4461 3780 4517 censet,

548 4587 644 4626 nes
690 4571 805 4640 ipse
845 4567 1054 4623 videtur
1090 4579 1280 4636 parum
1305 4565 1359 4618 in
1397 4565 1498 4618 hac
1544 4578 1605 4617 re
1649 4561 1957 4616 deﬁnienda
2000 4561 2106 4616 sibi

546 4663 876 4718 constitisse.
937 4658 1070 4712 Nam
1127 4677 1146 4709 ‹
1204 4658 1364 4712 trinis
1411 4655 1963 4732 commentationibus
2009 4653 2106 4725 (ait

546 4755 754 4808 Plinius
800 4753 891 4805 lib.
935 4748 1118 4815 XVIII,
1169 4765 1288 4818 cap.
1337 4745 1501 4818 XXV)
1533 4760 1846 4816 quanquam
1879 4745 2107 4815 diligen-

548 4849 653 4902 tior
678 4853 824 4900 esset
853 4843 1084 4908 caeteris,
1119 4856 1223 4895 non
1281 4839 1514 4894 cessavit
1556 4846 1736 4892 tamen
1766 4835 2105 4897 addubitare,

549 4940 665 5008 ipse
707 4946 876 4992 semet
913 4933 1251 5003 corrigendo.
1309 4951 1326 4984 ι
1382 4930 1569 5000 Itaque
1611 4929 1755 4993 aliis,
1791 4935 1954 4998 atque
1983 4925 2106 4982 aliis

551 5031 743 5084 diebus
798 5028 1050 5082 cardines
1103 5024 1347 5094 illigavit,
1422 5039 1489 5078 ex
1544 5037 1652 5092 quo
1709 5022 1942 5074 varietas
2017 5019 2107 5072 illa

551 5121 876 5190 scriptorum
923 5119 978 5172 in
1022 5115 1418 5172 constituendis
1460 5113 1801 5182 aequinoctiis
1829 5127 1891 5165 ac
1925 5110 2106 5164 solsti-

552 5212 643 5265 tiis
672 5210 728 5264 in
761 5223 902 5263 anno
937 5207 1147 5263 Iuliano
1180 5221 1430 5262 manasse
1457 5206 1688 5259 videtur.

1156 5297 1382 5353 CAPUT
1423 5296 1511 5351 Vl.

558 5394 630 5448 De
673 5396 812 5464 falsa
851 5393 1104 5464 Scaligeri
1133 5392 1387 5464 sententia
1419 5397 1827 5464 super‘velerum
1867 5395 2108 5437 astronou

627 5457 827 5519 morum
859 5457 1120 5519 solstitiis.
1141 5463 1342 5516 Contra
1369 5457 1516 5530 quem
1566 5457 1978 5530 demonstratur,
2015 5471 2108 5507 ne-

625 5551 718 5601 que
748 5545 1044 5602 perpetuam
1072 5532 1165 5587 sub
1197 5525 1830 5602 tropicoimeridiemﬁeri
1861 5525 1983 5577 illos
2014 5539 2110 5602 pu-

627 5596 795 5669 tasse,
838 5596 1010 5672 neque
1058 5596 1340 5656 solstitium
1397 5601 1452 5652 in
1514 5608 1617 5651 toto
1673 5596 2106 5651 dodecatemorio.

629 5672 872 5728 Geminus
899 5673 1210 5739 explicatur.

627 5751 726 5821 llic
757 5763 826 5822 de
860 5760 1175 5819 cardinibus
1215 5767 1452 5815 veterum
1504 5756 1758 5826 Opinione
1797 5751 2110 5810 constitutis

2205 4562 2436 4626 Eudoxi,
2482 4560 2733 4622 Metonis,
2783 4553 3092 4614 Cleostrati,
3132 4558 3186 4606 et
3233 4544 3619 4609 Euctemonis;
3668 4556 3780 4595 om-

2204 4657 2355 4712 nium
2406 4654 2640 4724 denique
2689 4652 2755 4706 ad
2801 4647 3246 4711 Eratosthenem,
3301 4649 3354 4696 et
3402 4639 3787 4710 Hipparchum

2205 4765 2414 4822 usque;
2467 4757 2781 4819 perpetuam
2843 4739 3184 4813 μεσημϐρίαν
3237 4735 3339 4791 sub
3393 4731 3615 4802 tropico
3675 4726 3786 4783 ﬁeri

2205 4853 2568 4910 aeternamque
2611 4837 2774 4890 diem.
2820 4835 2946 4887 Item
2987 4828 3279 4884 solstitium
3324 4840 3433 4879 non
3481 4824 3537 4875 in
3569 4826 3794 4890 puncto

2170 4963 2176 4969 -
2206 4933 2347 5002 λόγῳ
2384 4927 2641 5001 θεωρητῴ
2695 4923 2913 4987 Cancri,
2947 4921 3028 4974 vel
3081 4915 3434 4987 Capricorni,
3467 4912 3564 4967 sed
3602 4913 3664 4964 in
3710 4910 3792 4962 in-

2206 5037 2356 5086 tegro
2401 5016 2838 5076 dodecatemorio
2881 5011 3168 5067 committi.
3204 5009 3405 5062 Horum
3449 5005 3611 5074 prius
3657 5001 3793 5054 illuc

2207 5134 2262 5187 in
2304 5113 2596 5170 novissima
2641 5109 2879 5165 editione
2918 5103 3122 5159 Manilii
3164 5103 3337 5172 legere
3371 5113 3479 5152 non
3508 5093 3751 5149 memini
3773 5094 3794 5145 '.'

2208 5181 2479 5276 posterius
2521 5207 2697 5254 autem
2749 5197 2806 5250 in
2847 5193 3002 5248 Notis
3050 5197 3228 5246 exstat
3260 5189 3325 5244 ad
3357 5189 3450 5241 lib.
3485 5183 3507 5237 I
3540 5181 3800 5254 ἰδρεοεί-

2208 5311 2353 5360 cum,
2383 5293 2475 5348 ubi
2508 5291 2574 5346 de
2595 5286 2856 5343 Antisciis
2885 5285 3013 5355 agit.-
3048 5282 3349 5352 Utrumque
3381 5293 3512 5333 vero
3541 5292 3666 5329 non
3710 5291 3789 5328 se»

2209 5386 2316 5439 lum
2367 5384 2656 5439 ridiculum
2699 5387 2805 5444 est,
2858 5376 2953 5432 sed
3004 5374 3144 5430 falso
3183 5373 3344 5427 etiam
3393 5367 3644 5438 antiquis
3687 5365 3796 5419 illi:

2209 5477 2536 5535 astronomis
2565 5473 2857 5544 allingitur.
2885 5471 3092 5539 Quippe
3122 5469 3347 5521 alterum
3385 5479 3448 5518 ex
3491 5460 3797 5516 ambobus.

2209 5573 2276 5625 de
2320 5577 2574 5640 perpetua
2620 5567 2742 5620 luce
2781 5564 2884 5618 sub
2912 5561 3140 5631 tropico,
3186 5574 3291 5612 non
3323 5557 3478 5610 aliter
3505 5560 3670 5608 stare
3705 5564 3802 5620 po-

2209 5670 2336 5725 test,
2380 5659 2486 5714 nisi
2518 5656 2770 5727 antiquos
2801 5655 2925 5709 illos
2951 5659 3173 5721 putasse
3199 5649 3429 5704 velimus
3460 5641 3801 5716 parallelun.

2160 5830 2175 5834 η
2211 5751 2372 5808 istum
2417 5764 2581 5820 supra
2638 5748 2925 5809 t‘mitorem,
2963 5751 3197 5815 quantus
3225 5746 3461 5812 quantus
3503 5741 3611 5801 est,
3698 5745 3800 5786 ex-
