4036 6218
275 3919 278 3921 λ
375 3891 468 3944 bat
518 3909 531 3944 :

327 372 464 429 1561

1132 379 1591 437 DISSEHTATIO
1634 381 1722 438 DE
1766 381 1954 447 ORTU
1993 382 2082 438 ET
2120 382 2388 438 OCCASU
2431 381 2755 441 SIDEBEM.

3430 381 3567 440 1362

329 500 480 550 Stare
501 500 694 556 totum.
718 509 817 548 nec
842 494 1012 563 ipsius
1038 493 1201 547 ullam
1231 502 1440 564 partem
1469 496 1570 551 sub
1601 504 1745 550 terra
1776 511 1898 552 esse
1928 504 1974 561 Α
2001 497 2068 552 111
2102 499 2246 569 (pag.
2277 498 2354 552 62
2389 496 2480 554 Gr.
2518 497 2918 569 edit.),_scribit
2948 496 3350 554 observationes
3388 497 3592 550 solstio.

329 586 627 641 conditam.
660 587 818 656 Atqui
847 585 903 640 id
932 585 1129 642 falsum
1163 596 1266 643 est.
1301 587 1556 644 Eudoxus
1589 601 1734 645 certe
1761 590 1904 660 apud

332 671 701 745 Hipparchum
741 675 833 728 lib.
889 675 904 729 1
948 677 1091 748 (pag.
1137 676 1191 745 6)
1239 680 1519 734 asserebat
1562 680 1751 750 tropici
1798 682 1906 734 cir-

332 767 443 821 culi
486 768 539 820 in
571 765 796 820 Graecia.
833 777 1041 838 partem
1094 770 1263 835 illam,
1318 787 1438 842 qua:
1489 787 1653 842 supra
1694 780 1905 828 terram

335 858 579 927 emergit,
603 857 820 914 ad.eam
849 876 970 930 quae
998 860 1140 916 infra
1173 871 1368 916 terram
1402 865 1555 928 latet,
1589 879 1707 918 eam
1737 865 1909 918 ratio-

337 963 460 1002 nem
506 948 724 1011 habere,
772 967 892 1020 (pne
935 961 1018 1006 est
1061 953 1350 1009 duodecim
1399 955 1465 1008 ad
1520 963 1746 1026 septem.
1798 956 1910 1012 Hoc

340 1056 447 1094 non
493 1042 669 1110 potuit
710 1041 966 1100 Eudoxus
1018 1048 1198 1100 animo
1247 1046 1552 1116 concipere,
1600 1048 1705 1101 nisi
1746 1049 1910 1102 talem

341 1133 444 1188 sibi
484 1133 706 1203 sphaera;
730 1137 965 1205 positum
1017 1139 1263 1208 lingeret,
1312 1146 1372 1192 ut
1419 1155 1528 1209 quo
1575 1142 1798 1209 propius
1843 1140 1910 1195 ad

337 1224 769 1294 aequinoctialem
823 1227 1119 1290 acceditur,
1170 1245 1234 1283 eo
1287 1231 1458 1299 major
1500 1231 1693 1300 tropici
1739 1231 1911 1286 aestivi

339 1331 468 1387 pars
510 1318 612 1372 sub
642 1326 841 1372 terram
872 1319 1259 1387 descenderet;
1311 1323 1489 1376 minor
1522 1331 1700 1377 autem
1735 1339 1914 1378 emer-

341 1418 508 1480 geret,
540 1410 712 1464 donec
745 1426 809 1466 eo
838 1419 1054 1465 ventum
1089 1421 1252 1476 esset,
1287 1413 1373 1466 ubi
1405 1430 1469 1468 ex
1500 1430 1655 1485 aequo
1677 1415 1914 1470 circulus

343 1504 433 1558 ille
485 1502 554 1565 ab
598 1501 879 1557 horizonte
930 1504 1209 1559 dividitur.
1245 1505 1553 1561 Absurdum
1597 1514 1680 1561 est
1734 1507 1917 1577 itaque

342 1594 672 1663 persuadere
703 1593 825 1658 sibi,
857 1596 940 1648 vel
978 1593 1278 1659 Eudoxum,
1316 1597 1422 1661 vel,
1443 1597 1667 1666 aequalis
1691 1597 1781 1668 qui
1819 1597 1919 1651 fuit

345 1687 485 1756 ejus,
527 1685 816 1749 Melonem,
862 1695 954 1742 aut
994 1688 1158 1742 alium
1189 1689 1501 1758 quemlibet.
1539 1690 1630 1759 qui
1666 1697 1919 1744 astrono-

347 1779 422 1833 mi
459 1793 659 1834 nomen
687 1786 963 1850 utcunque
997 1788 1258 1846 tueretur,
1286 1781 1421 1836 adeo
1464 1781 1693 1837 stolidos
1723 1780 1914 1844 fuisse,

348 1878 411 1925 ut
445 1878 767 1943 perpetuum
813 1871 867 1925 in
908 1870 1128 1944 Egypti
1175 1873 1345 1927 limite
1390 1873 1531 1928 diem
1575 1889 1697 1929 esse
1735 1871 1921 1927 crede-

348 1975 499 2030 rent:
539 1981 665 2018 nam
712 1964 908 2035 Syene,
954 1979 1075 2034 qua:
1109 1967 1211 2020 sub
1251 1966 1460 2038 trepico
1494 1966 1597 2022 sita
1623 1973 1726 2027 est,
1768 1965 1820 2018 in
1857 1981 1922 2019 eo

350 2064 529 2112 tractu
575 2056 812 2127 ponitur.
859 2055 1043 2127 Neque
1091 2073 1220 2112 vero
1269 2058 1656 2128 comprehendi
1711 2058 1925 2111 ratione

350 2150 460 2213 ulla
487 2157 682 2219 potest,
719 2151 911 2212 solem.
952 2165 1077 2205 eum
1124 2153 1188 2205 ad
1220 2153 1490 2222 tropicum
1528 2152 1795 2221 pervenit,
1831 2166 1924 2220 pe-

352 2254 579 2294 rennem
629 2241 746 2295 sine
788 2249 948 2296 nocte
988 2240 1167 2296 facere
1213 2241 1411 2306 lucem,
1447 2242 1554 2296 nisi
1595 2241 1925 2294 immobilem

353 2331 429 2385 ibi
482 2334 781 2388 consistere
808 2344 1062 2402 putemus
1093 2352 1104 2388 :
1139 2333 1284 2403 quod
1315 2333 1801 2398 astronomosillos
1833 2348 1927 2386 su-

354 2419 590 2492 spicatos
612 2438 734 2478 esse
753 2422 968 2478 defendi
994 2439 1100 2478 non
1121 2431 1315 2493 potest,
1362 2428 1492 2492 quin
1531 2422 1747 2479 eosdem
1800 2422 1930 2478 veli-

356 2529 480 2582 mus
497 2515 626 2570 etin
672 2513 902 2582 Graecia,
933 2525 985 2572 et
1007 2516 1102 2581 ibi,
1147 2517 1236 2570 ubi
1282 2527 1457 2581 erant,
1486 2517 1777 2571 arbitratos
1807 2532 1931 2572 esse

359 2607 508 2662 nulla
566 2607 926 2678 interruptum
980 2621 1138 2662 nocte
1198 2616 1312 2660 tum
1363 2623 1485 2664 esse
1529 2609 1693 2663 diem.
1729 2607 1930 2674 Quam-

360 2697 568 2761 obrem,
610 2706 669 2751 ut
696 2697 763 2752 de
793 2698 1005 2754 caeteris
1035 2699 1196 2752 modo
1229 2706 1461 2761 taceam,
1497 2707 1640 2752 certe
1673 2699 1739 2753 de
1775 2699 1931 2754 Cleo-

359 2795 555 2852 strato,
589 2788 816 2856 Metone,
863 2789 1216 2854 Euctemone,
1247 2789 1492 2855 Eudoxo,
1570 2791 1811 2862 adeoque
1839 2809 1933 2846 ve-

357 2880 683 2936 tustioribus
737 2881 900 2936 etiam
952 2881 1370 2944 mathematicis,
1432 2897 1661 2951 quorum
1711 2883 1931 2954 quidem

363 2974 568 3029 mentio
611 2980 808 3039 exstet,
861 2989 1019 3029 nemo
1076 2975 1183 3029 tale
1231 2974 1546 3044 quidquam,
1585 2975 1689 3031 nisi
1743 2976 1934 3032 absur-

364 3066 610 3131 dissime,
642 3069 882 3138 cogitare
912 3074 1110 3137 potest.

2005 593 2068 647 tii
2102 608 2131 646 a
2165 592 2379 648 Metone
2431 600 2485 647 et
2532 590 2864 646 Euctemone
2911 590 3082 644 factas
3117 587 3183 642 ad
3220 603 3402 642 verum
3438 587 3598 644 solis.

2007 684 2397 755 designandum
2432 683 2724 739 circuitum
2755 682 3000 737 utiliores
3035 680 3392 752 Hipparcheis
3434 677 3568 742 fore.

2007 776 2111 832 nisi
2157 776 2624 848 ὁλοσχερέστερον,
2676 773 2729 828 id
2778 783 2862 828 est
2904 773 3124 827 rudiore
3155 770 3392 826 Minerva
3440 767 3573 823 deli-

2009 877 2180 924 neata:
2216 867 2414 933 forent,
2481 856 2545 922 ac
2577 867 2681 920 nisi
2714 872 2972 936 prmterea
3005 862 3359 919 solstiziorum
3389 875 3574 919 moror.

2011 961 2124 1016 sior
2164 969 2307 1016 esset
2347 975 2410 1014 ac
2455 959 2721 1012 dillicilior
2757 955 3174 1011 animadversio.
3233 953 3364 1020 Qua:
3396 951 3592 1006 Ptole-.

2009 1053 2132 1106 ιηδεί
2161 1052 2326 1107 verba
2353 1051 2704 1106 vanissimam
2737 1049 2882 1103 illam
2915 1047 3172 1118 Scaligeri
3205 1044 3588 1114 conjecturam,

2011 1160 2135 1200 esse
2171 1143 2453 1199 evidenter
2484 1150 2738 1212 arguunt.

2083 1235 2226 1291 Pene
2253 1235 2542 1292 omiseram
2575 1232 2716 1303 quod
2747 1233 2812 1286 ad
2851 1247 2964 1286 rem
2993 1244 3329 1305 magnopere
3350 1233 3590 1298 spectat,

2014 1344 2080 1385 ex
2121 1328 2332 1392 eodem,
2369 1326 2526 1397 cujus
2568 1328 2817 1396 proxime
2871 1324 3242 1387 meminimus,
3271 1319 3582 1391 Hipparcho

2016 1420 2134 1489 (lib.
2168 1420 2209 1484 l,
2244 1434 2365 1489 pag.
2409 1418 2519 1483 18).
2555 1417 2654 1472 Hic
2687 1417 2830 1473 enim
2869 1424 3057 1470 contra
3091 1413 3328 1466 Attalum
3360 1410 3584 1465 demon-

2017 1518 2155 1564 strat
2197 1509 2630 1579 mquinoctialetn
2675 1508 2964 1570 circulum,
3007 1521 3070 1559 ac
3113 1504 3353 1573 tropicos
3403 1499 3587 1553 latitu-

2018 1601 2144 1655 dine
2172 1616 2358 1656 carere
2382 1616 2446 1656 ex
2475 1600 2731 1670 opinione
2763 1600 3102 1668 priscorum;
3141 1608 3316 1663 neque
3358 1591 3414 1645 in
3464 1589 3586 1644 aliis

2019 1701 2179 1763 atque
2212 1693 2332 1748 aliis
2370 1693 2643 1764 parallelis
2675 1691 2993 1761 aequinoctia
3037 1689 3123 1742 vel
3174 1684 3406 1742 solstitia
3439 1696 3586 1736 com-

2021 1786 2159 1839 mitti
2194 1803 2206 1838 :
2245 1785 2387 1855 quod
2422 1785 2547 1839 inde
2586 1785 2801 1854 probat,
2835 1782 2962 1853 quia
2993 1781 3186 1834 crebro
3217 1783 3471 1831 asserunt
3509 1773 3585 1827 illi

2023 1878 2307 1932 zodiacum
2358 1875 2694 1946 ἐφάπτεσθαι
2737 1873 2845 1927 τῶν
2898 1871 3171 1944 τροπικῶν
3220 1869 3338 1922 καθ’
3385 1865 3588 1934 Even-

2026 1972 2196 2039 μεῖον,
2248 1987 2268 2021 ι
2319 1969 2375 2022 in
2419 1984 2526 2023 uno
2566 1974 2764 2038 puncto
2803 1964 3042 2019 circulos
3091 1961 3347 2031 tropicos.
3376 1957 3590 2013 contin-

2024 2075 2169 2129 gere.
2229 2079 2247 2111 ›
2294 2059 2374 2113 Ad
2420 2059 2534 2113 haec
2580 2059 2628 2112 si
2681 2055 3024 2110 latitudinem
3067 2053 3328 2108 haberent
3373 2049 3588 2113 circuli,

2025 2151 2432 2222 aequinoctium,
2483 2149 2717 2218 exetnpli
2759 2162 2946 2212 causa,
2979 2146 3228 2218 pluribus
3257 2142 3449 2200 diebus
3493 2139 3590 2195 tie-

2027 2254 2105 2298 ret
2137 2258 2152 2297 :
2184 2242 2327 2319 quod
2361 2257 2558 2296 sensus
2598 2241 2714 2310 ipse
2749 2238 3047 2309 redarguit.
3095 2235 3229 2295 Nam
3267 2233 3594 2304 aequinoctia

2029 2337 2273 2399 facilius,
2319 2350 2482 2405 quam
2547 2333 2780 2388 solstitia
2835 2331 3226 2386 discernuntur
3277 2325 3468 2382 oculis.
3525 2322 3596 2376 At

2027 2443 2157 2484 vero
2207 2426 2397 2484 eadem
2451 2426 2599 2480 ratio.
2642 2432 2697 2479 et
2741 2424 2808 2479 de
2855 2421 3109 2478 solstitiis
3141 2418 3330 2483 vincit,
3361 2430 3470 2471 uno
3504 2415 3599 2474 illa

2029 2518 2406 2574 tantummodo
2437 2516 2524 2572 die
2555 2515 2796 2587 ἀκριϐῶς
2847 2529 2912 2567 ac
2941 2512 3098 2582 φύσει
3129 2510 3333 2582 peragi,
3367 2506 3508 2580 quod
3543 2507 3602 2562 in

2031 2626 2140 2666 uno
2168 2609 2343 2665 solum
2373 2615 2573 2679 puncto
2600 2613 2885 2662 contactus
2915 2604 3008 2658 ﬁat
3038 2602 3390 2672 circulorum.

2103 2701 2257 2758 Unus
2286 2701 2354 2756 ad
2377 2699 2731 2755 divinationis
2757 2697 2917 2752 istius
2947 2695 3104 2750 ﬁdem
3130 2695 3332 2748 citatur
3354 2707 3386 2745 a
3425 2691 3602 2746 Scali-

2031 2811 2159 2868 gero
2188 2794 2344 2850 testis
2375 2793 2634 2848 Geminus
2666 2811 2679 2847 :
2715 2791 2806 2860 qui
2838 2805 2958 2860 cap.
2994 2789 3012 2843 1
3043 2785 3404 2858 quorumdam
3447 2791 3600 2864 vete-

2035 2901 2153 2940 rum
2196 2885 2501 2955 opinionem
2547 2883 2767 2944 refellit,
2815 2881 2906 2951 qui
2935 2879 3202 2934 Cancrum
3232 2885 3286 2930 et
3308 2873 3620 2945 Capricor—.

2035 2992 2163 3030 num
2211 2975 2432 3029 minime
2469 2974 2730 3045 putabant
2773 2987 2896 3026 cum
2937 2969 3047 3023 ullo
3087 2969 3242 3039 signo
3283 2963 3601 3039 conjugari,

2037 3067 2140 3121 hoc
2172 3075 2255 3122 est
2280 3067 2487 3120 nullum
2520 3079 2662 3121 esse.
2690 3062 2836 3135 quod
2868 3063 3056 3118 eodem
3094 3062 3214 3115 loco
3239 3073 3362 3120 cum
3394 3056 3637 3118 utrovis,

435 3158 678 3212 Alterum
709 3160 1002 3214 commenti
1031 3168 1192 3230 caput
1225 3160 1426 3226 minus,
1455 3177 1618 3232 quam
1652 3162 1806 3226 illud,
1853 3163 1935 3217 in-
1963 3181 2004 3238 ρ
2037 3160 2244 3212 oriatur
2272 3167 2325 3212 et
2357 3156 2589 3211 occidat.
2621 3153 2734 3208 Hoc
2776 3152 2979 3208 refutat
3023 3150 3305 3212 Geminus,
3345 3148 3473 3219 quia
3520 3162 3608 3213 st:-

366 3258 573 3319 cptum,
598 3250 835 3306 validius
867 3261 1044 3307 tamen
1077 3251 1361 3307 refellitur.
1392 3253 1525 3307 Nam
1562 3254 1606 3309 si
1641 3254 1803 3319 Meto,
1836 3254 1938 3310 Eu-

368 3341 562 3408 doxus,
593 3341 869 3412 Calippus,
897 3350 949 3397 et
972 3343 1061 3396 alii
1093 3350 1218 3396 ante
1243 3342 1609 3414 Hipparchum
1625 3343 1734 3399 fere
1753 3345 1937 3399 solstio

368 3435 443 3486 tia
478 3434 532 3487 in
564 3433 792 3504 integris
818 3434 1294 3500 dodecatemoriis,
1322 3452 1428 3490 non
1461 3436 1514 3490 in
1548 3445 1694 3492 certa
1723 3438 1938 3491 illorum

373 3524 635 3592 particula
690 3524 811 3579 tleri'
854 3525 1220 3594 censuissent,
1270 3541 1401 3592 non,
1430 3527 1644 3596 opinor,
1689 3527 1778 3580 illa
1822 3528 1938 3596 ipsa

372 3615 606 3672 solstitia
655 3615 822 3670 certis
863 3615 1074 3671 dierum
1121 3618 1412 3671 momentis
1461 3630 1489 3668 a
1541 3632 1599 3670 se
1651 3617 1943 3676 observata

372 3707 686 3779 proderent,
727 3715 788 3760 ut
833 3707 992 3770 Meto,
1027 3706 1117 3777 qui
1161 3707 1455 3762 solstitium
1488 3707 1580 3759 illo
1608 3707 1694 3760 die
1738 3707 1938 3760 factum

375 3788 777 3862 animadvertit,
811 3797 901 3867 qui
936 3796 1080 3852 Junii
1116 3798 1288 3852 nostri
1323 3796 1430 3851 diei
1470 3812 1615 3851 xxvii
1651 3799 1943 3867 responde-

582 3899 641 3944 ut
696 3889 978 3960 Calippus,
1027 3890 1334 3959 exterique.
1375 3903 1607 3959 quorum
1675 3889 1730 3942 in
1780 3904 1941 3958 para-

377 3984 716 4054 pegmatibus
768 3983 983 4038 decreta
1073 3983 1437 4046 notabantur;
1493 3981 1944 4050 quemadmodum

381 4062 520 4142 apud
555 4072 863 4133 Geminum,
893 4080 946 4126 et
987 4072 1038 4124 in
1074 4069 1344 4125 Ptolemaei
1385 4071 1526 4126 libro
1555 4071 1621 4125 de
1657 4071 1948 4125 inerranti-

383 4164 483 4219 bus
508 4164 691 4219 Graece
720 4179 748 4216 a
775 4165 930 4218 nobis
955 4164 1101 4217 edito
1128 4164 1310 4218 videre
1341 4163 1490 4217 licet.
1524 4161 1736 4217 Etenim
1765 4143 1949 4218 sol‘sti-

383 4257 514 4309 tium
546 4255 789 4309 aestivum
821 4253 1077 4323 Calippus
1109 4254 1161 4306 in
1190 4254 1363 4323 prima
1393 4251 1590 4307 Cancri
1643 4259 1794 4322 parte
1833 4252 1947 4305 col-

384 4347 618 4411 locabat,
651 4346 724 4400 ait
757 4345 1015 4400 Geminus
1047 4345 1190 4414 (pag.
1221 4345 1343 4414 15);
1375 4345 1664 4399 hibernum
1686 4345 1743 4397 in
1775 4342 1950 4414 prima

382 4439 701 4508 Capricorni
728 4437 962 4508 ponebat
991 4436 1322 4502 Euctemon;
1356 4435 1699 4502 Eudoxus,in
1734 4441 1950 4512 quarta.

2041 3258 2301 3322 queretur
2319 3247 2527 3320 τροπὰς
2554 3249 2608 3302 in
2637 3256 2751 3301 toto
2775 3245 2986 3300 Cancro
3014 3245 3129 3299 ﬁeri
3165 3262 3180 3296 :
3219 3240 3363 3313 quod
3392 3256 3506 3294 non
3521 3247 3608 3294 est
3632 3287 3633 3291 η

2043 3346 2148 3411 ita;
2203 3360 2327 3398 nam
2372 3345 2426 3403 in
2463 3334 2824 3406 uno'tantum
2876 3349 3077 3412 puncto
3149 3339 3291 3408 λόγῳ
3351 3333 3608 3407 θεωρητῷ

2042 3434 2317 3490 accidunt.
2369 3434 2473 3490 Sed
2516 3450 2583 3489 ex
2632 3450 2696 3488 eo
2748 3431 2960 3487 Gemini
3007 3439 3323 3501 argumento
3364 3423 3473 3482 non
3521 3432 3639 3492 est,

2043 3543 2403 3598 consequens,
2457 3542 2576 3583 eam
2630 3525 2882 3588 Metonis,
2932 3523 3162 3588 Eudoxi,
3217 3530 3275 3578 et
3325 3523 3378 3578 id
3434 3536 3608 3593 genus

2043 3632 2476 3678 astronomorum
2529 3621 2840 3691 opinionem
2894 3619 3078 3674 fuisse.
3121 3621 3233 3674 lmo
3272 3634 3422 3682 vero,
3465 3617 3633 3688 quod;

2045 3715 2327 3770 Eudoxum
2377 3723 2605 3785 spectat,
2653 3715 2889 3767 alienum
2921 3713 3063 3768 hunc
3105 3712 3274 3773 fuisse
3301 3714 3369 3768 ab
3392 3713 3614 3768 hocer—

2046 3825 2187 3874 rore,
2229 3815 2423 3878 praeter
2466 3808 2577 3870 illa,
2626 3823 2747 3875 qute
2793 3806 2956 3876 paulo
3000 3815 3125 3864 ante
3159 3806 3464 3866 retulimus.
3504 3803 3612 3858 alio

2045 3899 2164 3954 loco
2207 3896 2469 3952 Geminus
2518 3897 2658 3952 idem
2710 3908 2893 3967 aperte
2945 3897 3214 3968 signiﬁcat
3263 3910 3384 3964 cap.
3437 3894 3498 3947 \‘l
3547 3894 3614 3948 de

2046 3991 2347 4055 mensibus,
2379 3992 2472 4046 ubi
2510 3991 2825 4062 popularem
2868 3990 3156 4060 quamdam
3189 3989 3496 4058 opinionem
3529 4002 3617 4042 ca-

2049 4083 2209 4152 stigat
2252 4081 2635 4135 arbitrantium
2685 4081 2790 4134 lsia
2833 4079 2976 4150 apud
3005 4078 3292 4149 Aigyptios
3320 4078 3374 4130 in
3406 4075 3614 4131 Eudoxi

2049 4173 2361 4246 χειμερινὰς
2402 4173 2608 4247 τροπὰς
2650 4173 2891 4227 incidere
2925 4191 2938 4227 :
2967 4172 3110 4242 quod
3142 4179 3268 4234 ante
3306 4184 3479 4233 annos
3511 4185 3614 4224 cxx

2051 4266 2348 4337 contigisse
2381 4266 2598 4337 probat.
2634 4265 2804 4336 Igitur
2835 4264 3093 4319 Eudoxus
3123 4264 3408 4324 hibernum
3442 4263 3624 4323 solstis

2053 4358 2188 4412 tium
2220 4371 2328 4411 uno
2358 4357 2543 4426 aliquo
2571 4355 2658 4410 die
2688 4351 3144 4423 circumscripsit.

2124 4450 2299 4520 Atque
2321 4455 2381 4504 ut
2404 4447 2710 4518 antiquiora
2737 4461 2952 4517 quoque
2973 4454 3220 4520 tempora
3235 4442 3629 4514 perstringam,

385 4531 608 4596 verum,
642 4538 702 4585 υῐ
731 4529 1072 4600 Ηίρρπειιυε
1105 4529 1321 4594 asserit.
1355 4529 1614 4584 EtIdOXUS
1657 4530 1715 4593 in.
1759 4527 1953 4592 mediis
1984 4528 2199 4596 D-certe
2250 4539 2542 4603 Hesiodus,
2574 4540 2922 4595 astronomiae
2968 4536 3194 4596 scicntia
3244 4534 3618 4598 clarissimus,

385 4623 592 4694 signis,
635 4622 739 4676 hoc
785 4629 870 4676 est
912 4622 966 4675 in
1015 4621 1186 4691 gradu
1228 4619 1295 4674 15
1336 4619 1589 4674 cardines
1659 4619 1949 4685 statuebat,

386 4713 529 4785 quod
560 4713 736 4784 capite
770 4711 1036 4781 superiori
1070 4710 1490 4780 disputavimus.
1521 4711 1591 4763 At
1619 4725 1749 4764 vero
1780 4709 1825 4764 si
1859 4725 1957 4786 per

387 4815 560 4862 totum
613 4804 1086 4861 dodecatemorion
1141 4802 1434 4858 solstitium
1486 4801 1730 4856 dill‘undi.
1762 4801 1943 4857 crede-

391 4907 532 4964 rent,
582 4913 690 4952 non
737 4897 869 4951 illud
908 4898 1073 4951 certis
1110 4893 1486 4948 tantummodo
1527 4894 1720 4950 diebus
1751 4895 1955 4966 illigas-

392 4997 534 5054 sent,
584 4995 712 5058 puta
759 4987 952 5056 primo,
987 4992 1204 5055 quarto,
1247 4983 1330 5037 vel
1367 4989 1560 5036 octavo
1594 4981 1662 5035 ab
1708 4982 1956 5050 ingressu

394 5080 526 5136 solis
565 5077 618 5133 in
662 5078 897 5145 signum.
935 5075 1276 5146 Hipparchus
1303 5074 1399 5146 l'rb.
1427 5073 1470 5127 ll
1501 5075 1681 5138 docet,
1714 5088 1781 5127 ex
1809 5072 1961 5130 Arati

396 5171 688 5234 sententia,
709 5169 975 5224 committi
1006 5169 1300 5225 solstitium
1333 5139 1390 5221 i'n
1418 5166 1592 5237 prima
1626 5172 1780 5238 parte
1819 5164 1964 5220 Can-

398 5264 499 5328 cri,
549 5277 778 5332 eamque
823 5259 1331 5315 mathematicorum
1383 5241 1651 5316 veterum.
1703 5265 1797 5311 aut
1843 5271 1962 5312 om-

397 5352 571 5416 nium,
625 5358 718 5404 aut
767 5349 993 5418 majoris
1040 5350 1209 5419 partis
1259 5349 1568 5419 opinionem
1623 5345 1809 5400 fuisse.
1877 5346 1965 5398 Ἐν

399 5443 569 5512 ταύτῃ
605 5445 670 5513 τῇ
709 5443 881 5512 τροπῇ
923 5439 1100 5492 τοίνυν
1123 5439 1219 5510 τὴν
1249 5438 1421 5511 ἀρχὴν
1445 5437 1626 5507 ἐπέχει
1651 5435 1744 5488 τοῦ
1768 5435 1968 5508 Καρκί-

402 5553 513 5589 νου.
550 5537 660 5590 Καὶ
699 5535 802 5588 ὑπὸ
835 5533 942 5588 τῶν
977 5532 1216 5605 ἀρχαίων
1244 5532 1302 5585 δὲ
1333 5529 1723 5603 μαθηματικῶν
1755 5529 1970 5584 πάντων

408 5629 611 5700 σχεδὸν,
635 5630 669 5701 ἦ
696 5629 803 5681 τῶν
831 5627 1093 5680 πλείστων
1118 5625 1302 5678 τοῦτον
1327 5625 1416 5678 τὴν
1439 5624 1638 5696 τρόπον
1664 5625 1692 5676 ὁ
1712 5621 1973 5687 ζωδιακὸς

407 5724 602 5786 κύκλος
626 5723 865 5794 διῄρητο.
905 5721 1114 5790 Excipit
1141 5718 1444 5781 Eudoxum,
1483 5720 1576 5790 qui
1627 5717 1695 5771 τὰ
1739 5716 2001 5788 τροπικὰΔ

413 5819 610 5886 σημεῖα
648 5815 786 5872 κατὰ
818 5813 954 5884 μέσα
998 5810 1063 5866 τὰ
1094 5809 1252 5874 (est:
1280 5809 1474 5880 τίθησι.
1519 5809 1844 5865 Ptolomaeus
1877 5804 1971 5860 lib.

2056 4628 2150 4698 qui
2176 4628 2349 4683 altero
2383 4633 2508 4697 post
2535 4627 2806 4682 excidium
2838 4625 3016 4695 Trojze
3048 4624 3247 4680 saeculo
3278 4623 3479 4686 floruit.
3511 4623 3623 4679 sol-

2059 4719 2265 4774 stitium
2295 4727 2590 4789 utrumque
2626 4732 2963 4787 nequaquam
2999 4717 3052 4770 in
3084 4715 3214 4770 totis
3245 4715 3624 4770 dodecatemo-

2056 4812 2174 4875 riis,
2203 4827 2266 4866 ac
2306 4811 2501 4866 diebus
2531 4811 2748 4869 circiter
2777 4809 3001 4863 tricenis
3045 4809 3330 4878 utrobique
3359 4808 3624 4868 committi

2059 4902 2292 4962 censuit.
2326 4901 2528 4956 Scribit
2556 4901 2700 4954 enim
2747 4900 2838 4956 lib.
2873 4897 2915 4951 ll
2977 4896 3230 4968 Operam,
3262 4904 3385 4967 post
3411 4914 3478 4953 ιι
3508 4897 3624 4952 dies

2061 5013 2091 5050 a
2140 4995 2382 5051 solstitio
2425 4994 2655 5048 hiberno
2687 4992 2978 5045 Arcturum
3017 4991 3148 5051 oriri
3193 5009 3206 5044 :
3241 5004 3401 5058 quem
3446 4989 3624 5044 locum

2062 5085 2434 5158 expendemus
2462 5091 2682 5155 postea.
2703 5081 2840 5136 Tum
2869 5080 3057 5136 eodem
3095 5081 3257 5144 libro,
3293 5080 3628 5151 quinquage-

2062 5181 2202 5238 simo
2234 5179 2320 5236 die
2351 5185 2474 5249 post
2500 5176 2710 5249 τροπὰς
2746 5174 2960 5231 aestivas
3009 5181 3332 5228 autumnum
3370 5172 3445 5226 ait
3487 5171 3626 5228 inci-

2064 5289 2190 5344 pere
2223 5291 2235 5326 :

2141 5386 2372 5453 Ἤματα
2404 5379 2773 5445 πεντήκοντα
2792 5380 2938 5453 μετὰ
2967 5375 3189 5446 τροπὰς
3214 5376 3470 5453 ﬂauam.

2269 5453 2439 5518 τέλος
2471 5453 2752 5516 ἐλθόντος
2780 5445 2976 5517 θέρεος
2998 5445 3370 5518 καματώδεος
3397 5445 3570 5515 ὥρης,

2151 5524 2376 5593 Ὠραῒος
2405 5523 2645 5574 πέλεται
2673 5520 2910 5588 θνητοῖς
2935 5521 3141 5584 πλόος.

2144 5656 2581 5728 Quinquagcsimo
2613 5653 2699 5728 die
2724 5661 2838 5720 post
2871 5651 3176 5728 solstitium,

2145 5720 2273 5783 Cum
2296 5720 2555 5794 'ad'ﬁnem
2591 5725 2720 5779 venit
2755 5725 2954 5794 tralatis
2989 5720 3254 5794 laboriosa
3299 5724 3625 5794 tempest“

2148 5792 2466 5865 Tempestit'a
2492 5806 2566 5852 est
2598 5793 2906 5850 mortalibus
2938 5792 3216 5862 navigatio.
