4036 6218
456 326 598 386 £563

1429 318 1520 374 AD
1559 317 1824 373 EUSEBil
1861 316 2254 374 CHHONICON
2287 314 2644 371 APPENDIX.

3529 310 3677 368 1361

528 443 652 500 llzcc
678 442 745 497 ad
757 440 1178 497 convincendam
1204 437 1580 508 Scaligcrianze
1605 434 1886 500 sententiae
1915 433 2015 487 fal-
2042 438 2090 495 Α
2116 448 2271 504 aequo
2309 439 2516 487 remota
2541 430 2652 486 sint
2677 444 2707 482 a
2736 426 3009 485 solstitiali
3037 434 3259 498 puncto.
3289 426 3359 480 At
3396 440 3556 481 secus
3586 441 3680 481 res

447 538 694 597 sitatem,
725 542 778 590 et
814 534 1006 587 idonea
1055 539 1203 596 sunt,
1235 540 1288 585 et
1335 528 1642 584 necessaria
1674 525 1912 587 luerunt,
1944 540 2013 579 ne

455 628 580 697 quis
630 636 829 679 temere
879 622 1195 679 stoliditatis
1233 628 1391 673 tantae
1419 633 1540 672 reos
1566 622 1845 686 perageret
1874 614 2012 668 auli-

456 733 595 788 quos
627 718 747 771 illos
774 725 1147 777 astronomos;
1182 713 1483 783 praesertim
1517 710 1803 770 Metonem,
1829 707 2017 761 Eucte-

442 826 693 872 monem,
725 808 1026 871 Eudoxum,
1062 815 1287 862 caeteros
1318 802 1552 874 denique
1590 803 1657 857 ad
1699 800 2013 856 Eratosthe-

458 918 579 959 nem
606 909 661 957 et
693 900 1076 972 Hipparchum.

1048 1035 1275 1093 CAPUT
1314 1034 1425 1089 VII.

455 1158 531 1213 De
588 1130 893 1210 cardinibus
948 1161 1172 1207 veterum
1221 1151 1476 1205 sententia
1506 1158 1689 1203 contra
1741 1146 2013 1200 Geminum

524 1227 756 1296 defensa.
787 1224 1318 1296 Signa‘imperantia,
1352 1217 2009 1296 auscultando.ridergfa,

436 1316 441 1323 '
521 1286 598 1352 ex.
622 1286 911 1353 Ptolemdai,
945 1292 1105 1347 Pauli
1148 1292 1515 1349 Alexandrini.
1550 1289 1761 1343 Manilii
1794 1298 1843 1341 et
1883 1286 2012 1339 Fir-

523 1370 646 1421 mici
683 1365 973 1419 rationibus
1006 1363 1288 1430 explicata.
1324 1359 1466 1414 Mira
1503 1362 1557 1414 in
1588 1361 1669 1413 liis
1705 1368 1753 1413 et
1795 1357 2015 1412 Firmici

521 1438 635 1494 loco
663 1435 1004 1490 hallucinatio
1037 1432 1315 1503 Scaligeri.

523 1551 629 1607 Sed
674 1558 734 1606 ut
777 1559 1019 1606 veterum
1062 1548 1129 1604 de
1172 1547 1489 1604 cardinibus
1529 1545 1798 1601 sententia
1840 1543 2013 1613 magis

456 1644 777 1706 illustretur,
805 1651 922 1697 tum
961 1642 1130 1696 multa
1163 1641 1228 1695 ad
1262 1641 1403 1696 idem
1442 1640 1716 1709 negotium
1758 1644 2013 1707 spectan-

452 1738 546 1802 tia,
594 1751 695 1790 nec
749 1732 971 1804 indigna
1020 1733 1159 1787 scitu
1200 1732 1376 1789 obiter
1399 1731 1760 1802 explicentur,
1799 1727 2014 1783 Gemini

452 1828 606 1884 locus
648 1827 738 1882 ille
786 1824 1097 1880 accuratius
1142 1823 1495 1893 explicandus
1536 1830 1638 1877 est.
1688 1819 2014 1889 Quadrupli-

452 1931 570 1971 cem
617 1915 896 1985 signorum
934 1914 1104 1981 τάξιν,
1142 1914 1235 1967 καὶ
1271 1912 1417 1967 Θὲσιν
1443 1927 1723 1982 exponens
1754 1908 2013 1965 Geminus

453 2006 597 2075 (pag.
630 2002 705 2074 6),
736 2013 985 2073 quartam
1020 2003 1251 2073 appellat
1276 2018 1418 2067 eam,
1444 2016 1563 2071 quas
1591 2000 1731 2055 κατὰ
1757 2000 2015 2069 συζυγίαν

451 2096 687 2159 dicitur;
718 2110 878 2164 quam
907 2110 1095 2149 eorum
1132 2093 1410 2163 signorum
1442 2108 1564 2147 esse
1594 2094 1771 2156 docet,
1801 2107 1919 2161 quae
1946 2106 2016 2146 ex

451 2187 640 2241 eodem
679 2188 932 2240 oriuntur
971 2187 1109 2250 loco,
1151 2196 1206 2240 et
1246 2186 1298 2239 in
1340 2184 1530 2239 eodem
1565 2183 1820 2239 occidunt
1854 2204 1866 2238 :
1900 2183 2015 2238 sive

452 2291 572 2346 qua:
602 2276 792 2330 iisdem
823 2276 1093 2344 parallelis
1124 2276 1496 2340 includuntur,
1530 2284 1589 2328 ut
1628 2281 1755 2328 sunt
1804 2273 2015 2328 Cancer

451 2374 507 2421 et
543 2364 776 2430 Gemini,
811 2365 1180 2435 Capricornus
1219 2373 1272 2419 ct
1312 2365 1657 2436 Sagittarius,
1702 2380 1763 2418 ac
1797 2373 2013 2431 caetera,

453 2470 574 2525 quae
595 2471 659 2509 ex
692 2471 849 2526 aequo
873 2457 1077 2510 distant
1099 2457 1167 2510 ab
1199 2457 1459 2511 alterutro
1484 2463 1804 2526 punctorum
1833 2455 2018 2511 solsti-

431 2541 688 2605 'tialium.
736 2547 792 2601 lu
838 2562 945 2617 quo
981 2555 1191 2602 veteres
1226 2546 1593 2616 reprehendit,
1623 2547 1715 2616 qui
1744 2547 2013 2602 Cancrum

431 2654 578 2701 ,cum
623 2640 772 2694 nullo
813 2642 920 2693 alio
965 2639 1223 2708 συζυγίαν
1258 2640 1457 2694 habere
1497 2640 1793 2708 putabant;
1841 2655 2015 2709 neque

450 2729 862 2801 Capricornum,
884 2730 977 2785 sed
1002 2731 1191 2786 ambos
1219 2732 1500 2800 μοναχοὺς,
1523 2737 1575 2785 et
1601 2729 1834 2799 ἀζύγους
1852 2745 1972 2785 esse
1999 2748 2012 2784 :

450 2826 648 2895 quippe
692 2813 815 2879 cum
868 2824 1040 2895 signis
1084 2824 1338 2878 omnibus
1382 2823 1655 2877 borealius
1692 2822 1919 2885 oriatur,
1962 2828 2017 2876 et

449 2914 916 2978 occidatCancer,
943 2915 1310 2986 Capricornus
1335 2922 1516 2968 autem
1542 2914 1856 2968 australius.
1880 2912 2014 2967 Nam

449 3008 659 3064 nullum
690 3015 794 3072 est,
825 3007 971 3077 quod
999 3021 1265 3076 peraeque,
1294 3014 1352 3059 ut
1389 3005 1492 3060 ista
1523 3005 1651 3069 duo,
1684 3006 1750 3059 ad
1792 3005 2013 3061 boream

450 3106 768 3151 austrumve
809 3095 1075 3151 deﬂectat.
1130 3095 1312 3165 Itaque
1367 3095 1580 3150 duobus
1630 3095 1699 3150 iis
1749 3096 2011 3166 exceptis,
2040 3121 2084 3180 ο
2115 3095 2242 3135 “3m
2286 3095 2687 3138 ητθιηοῐηθῑιειε
2740 3095 3113 3152 επρΐουΐθτειο
3160 3095 3351 3139 mrum
3385 3100 3519 3138 νετο
3568 3100 3653 3155 Pol

452 3188 661 3244 reliqua
692 3194 874 3244 decem
909 3191 981 3244 ita
1010 3190 1419 3244 comparabant.
2056 3188 2059 3193 ί
2116 3177 2325 3223 tentum
2375 3170 2478 3224 hoc
2524 3171 2731 3227 erroris
2782 3169 3008 3228 Eudoxo
3068 3177 3135 3227 ab
3188 3174 3379 3230 eodem
3422 3175 3653 3244 impingi

452 3188 661 3261 reliqua
692 3194 874 3245 decem
909 3191 981 3244 ita
1010 3190 1419 3260 comparabant.

753 3325 961 3397 Syzyga
1001 3326 1155 3398 signa
1187 3326 1472 3381 secundum
1507 3335 1719 3381 veteres.

800 3442 1011 3497 Cancer

797 3511 1000 3581 ἄζυγος

800 3582 1014 3637 Gemini
1224 3589 1280 3639 et
1420 3581 1531 3638 Leo

800 3652 1013 3708 Taurus
1223 3660 1279 3709 et
1326 3704 1335 3715 ,
1417 3652 1583 3723 Virgo

800 3724 957 3777 Aries
1229 3732 1284 3779 et
1426 3722 1585 3777 Libra

803 3793 992 3849 Pisces
1231 3803 1287 3850 et
1430 3793 1690 3863 Scorpius

802 3865 1075 3936 Aquarius
1230 3874 1286 3920 et
1428 3863 1753 3936 Sagittarius

802 3935 1167 4004 Capricornus

803 4006 1000 4075 ἄζυγος

724 4135 934 4209 Syzyga
961 4138 1113 4207 signa
1141 4133 1428 4190 secundum
1459 4134 1751 4191 Geminum.

802 4250 1017 4304 Gemini
1371 4250 1585 4307 Cancer

805 4320 1023 4376 Taurus
1373 4321 1483 4374 Leo

806 4392 964 4445 Aries
1376 4390 1541 4460 Virgo

805 4460 992 4516 Pisces
1376 4460 1538 4514 Libra

804 4532 1077 4600 Aquarius
1382 4530 1643 4600 Scorpius

804 4599 1171 4671 Capricornus
1384 4599 1729 4671 Sagittarius.

524 4711 583 4769 in
612 4720 844 4784 utroque
871 4714 1263 4784 diagrammate
1288 4716 1580 4772 discrimen
1608 4716 1711 4769 hoc
1742 4714 2014 4779 cernitur,

457 4806 602 4877 quod
632 4807 762 4861 illud
791 4814 1032 4862 veterum
1073 4812 1319 4879 syzygias
1350 4810 1490 4863 inter
1520 4824 1580 4863 ea
1612 4811 1764 4877 signa
1794 4815 2016 4871 statuat,

458 4914 578 4968 qua:
623 4898 901 4970 aequaliter
948 4897 1153 4953 distant
1194 4913 1225 4952 a
1273 4900 1404 4954 totis
1455 4900 1627 4970 signis
1675 4900 1918 4969 tropicis,
1965 4899 2019 4952 in

458 4990 629 5045 altero
672 4990 876 5060 σύζυγα
917 4993 1071 5062 signa
1106 4992 1383 5061 aequaliter
1416 5007 1444 5045 a
1478 4992 1693 5062 punctis
1740 4992 1872 5062 ipsis
1912 5002 2021 5046 tro-

457 5081 595 5152 picis
635 5082 850 5137 absunt.
896 5081 1155 5138 Geminus
1202 5084 1457 5154 antiquos
1508 5084 1725 5146 refellit.
1773 5085 1917 5155 quod
1954 5099 2018 5139 ex
2086 5080 2093 5089 ’

458 5187 646 5227 eorum
703 5174 912 5228 ratione
964 5190 1308 5246 consequens
1363 5175 1441 5238 lit,
1507 5177 1739 5230 solstitia
1798 5177 1851 5230 in
1907 5182 2021 5229 toto

461 5262 899 5320 dodecatemorio
937 5265 1130 5323 Cancri
1172 5268 1505 5338 contingere.
1548 5267 1681 5322 Nam
1712 5284 1836 5322 cum
1866 5270 2020 5339 signa

460 5357 734 5427 comparia
769 5358 897 5423 sint,
936 5375 1057 5430 quae
1097 5375 1164 5415 ex
1207 5359 1398 5415 eodem
1443 5360 1563 5415 loco
1597 5369 1751 5415 ortus
1782 5375 1910 5415 suos
1941 5360 2023 5413 fa-

461 5446 631 5511 ciunt,
662 5458 716 5503 et
759 5450 810 5504 in
841 5451 1088 5506 eumdem
1130 5452 1420 5519 occidunt;
1454 5459 1514 5505 ut
1551 5449 1758 5507 Gemini
1809 5467 1873 5505 ac
1913 5450 2021 5506 Leo

461 5539 537 5594 ita
587 5554 646 5594 se
692 5540 943 5605 habeant,
988 5557 1215 5599 necesse
1262 5553 1347 5599 est
1392 5544 1630 5614 aequales
1661 5544 1715 5598 in
1766 5543 1876 5598 illis
1901 5558 2023 5599 esse

462 5630 609 5697 dies,
649 5630 754 5686 hoc
782 5641 866 5688 est
895 5635 1276 5704 parallelorum
1312 5647 1589 5707 segmenta
1626 5652 1789 5709 supra
1842 5638 2021 5694 linito-

456 5738 577 5780 rcm
612 5722 799 5780 eadem
834 5743 848 5778 :
885 5726 1028 5795 quod
1072 5726 1229 5781 aliter
1258 5727 1373 5784 ﬁeri
1407 5729 1614 5799 nequit,
1661 5745 1821 5800 quam
1870 5733 1912 5787 si
1956 5748 2019 5785 ex

2115 526 2308 592 habet;
2338 540 2463 581 nam
2485 523 2833 579 Geminorum
2861 528 3160 576 extremum
3183 531 3266 576 est
3296 520 3474 589 ipsum
3501 519 3680 574 solsti-

2113 618 2242 673 tiale
2296 625 2592 687 punctum;
2646 613 2846 669 Leonis
2891 620 3094 677 autem,
3154 611 3440 679 sexagenis
3495 610 3565 664 ab
3615 625 3679 665 eo

2114 709 2373 782 gradibus
2408 708 2596 763 distat.
2624 705 2863 775 ldipsum
2886 706 2940 759 in
2973 704 3136 758 Libra
3165 712 3220 769 et
3249 703 3434 758 Ariete
3473 702 3682 757 clarius

2114 799 2190 852 ait
2221 799 2454 863 ostendi,
2490 813 2611 867 qua;
2639 798 2748 851 duo
2777 810 2974 867 syzyga
3002 795 3305 859 faciebant;
3338 794 3486 863 atqui
3515 791 3681 847 Libra

2113 889 2286 943 multo
2312 904 2475 959 quam
2503 888 2659 943 Aries
2688 886 2979 942 australius
3007 886 3205 949 oritur,
3230 892 3283 940 et
3313 884 3536 939 occidit.
3554 881 3683 937 Haec

2114 980 2393 1035 Geminus.

2185 1070 2382 1134 Verum
2416 1071 2573 1141 longe
2605 1069 2788 1130 aliam,
2819 1082 2981 1138 quam
3009 1066 3218 1136 putavit
3246 1062 3528 1129 Geminus,
3556 1063 3677 1133 pri-

2113 1176 2330 1217 scorum
2377 1160 2879 1215 matbematicorum
2930 1158 3195 1212 rationem
3246 1155 3446 1220 fuisse,
3499 1170 3684 1225 neque

2113 1261 2260 1308 recte
2307 1252 2375 1305 ab
2418 1251 2511 1305 illo
2551 1250 2912 1320 reprehensos
2958 1263 3080 1304 esse
3114 1262 3436 1318 persuasum
3480 1245 3683 1300 habeo.

2112 1342 2230 1397 Non
2262 1342 2408 1397 enim
2438 1342 2531 1412 qui
2576 1341 2680 1397 hoc
2712 1339 3030 1396 asserebant
3057 1338 3354 1394 cardinalia
3381 1344 3589 1407 puncta
3628 1339 3687 1390 in

2114 1432 2249 1503 ipsis
2291 1432 2571 1503 signorum
2620 1431 2813 1497 initiis,
2860 1431 2955 1486 sed
2995 1429 3051 1484 in
3091 1429 3305 1492 mediis,
3355 1428 3460 1483 hoc
3503 1436 3590 1483 est
3629 1429 3687 1483 in

2113 1525 2283 1596 gradu
2327 1523 2538 1580 decimo
2584 1524 2776 1594 quinto
2818 1523 3158 1578 collocabant
3200 1540 3215 1575 :
3260 1536 3423 1591 quam
3472 1519 3687 1575 Eudoxi

2115 1615 2286 1672 fuisse
2338 1616 2659 1670 sententiam
2711 1613 3053 1686 Hipparchus
3098 1611 3409 1676 asserebat,
3458 1609 3530 1665 de
3576 1623 3688 1678 quo

2115 1724 2215 1763 nos
2265 1722 2384 1778 cap.
2438 1704 2505 1760 IV
2540 1706 2717 1762 fusius
2755 1705 2985 1777 egimus.
3022 1704 3199 1773 Atque
3227 1709 3287 1756 ut
3324 1701 3541 1755 Eudoxi
3576 1715 3688 1754 non

2044 1774 2086 1831 Β
2116 1797 2298 1862 fuerit,
2332 1774 2532 1853 eorum
2574 1774 2821 1851 veterum
2853 1803 3001 1851 certe
3032 1793 3165 1861 luit,
3200 1793 3295 1863 qui
3337 1793 3434 1856 ita,
3480 1792 3562 1845 ut'
3584 1791 3689 1846 Geo

2114 1891 2300 1944 minus
2342 1889 2554 1952 scribit,
2581 1887 2858 1959 comparia
2905 1887 3048 1941 inter
3076 1901 3134 1940 se
3163 1885 3317 1956 signa
3362 1898 3692 1953 composue-

2113 1988 2262 2036 runt.
2314 1979 2428 2033 Hoc
2471 1980 2615 2034 enim
2663 1977 2824 2032 modo
2870 1976 3210 2031 verissimum
3251 1975 3378 2039 erit,
3414 1973 3563 2043 quod
3610 1970 3689 2027 illi

2113 2082 2326 2129 veteres
2374 2072 2675 2142 putabant,
2733 2084 2931 2142 syzyga
2983 2084 3104 2124 esse
3154 2070 3308 2138 signa
3361 2065 3582 2120 Libram
3636 2071 3689 2119 et

2111 2167 2373 2229 Arietem,
2406 2165 2553 2235 quod
2583 2180 2650 2219 ex
2675 2178 2831 2233 aequo
2854 2163 3121 2223 distarent
3141 2162 3210 2215 ab
3234 2167 3471 2229 utroque
3505 2158 3692 2212 solsti-

2111 2260 2209 2324 tio,
2252 2257 2366 2312 sive
2409 2272 2437 2310 a
2475 2256 2689 2312 decimo
2718 2256 2908 2325 quinto
2935 2252 3107 2324 gradu
3150 2251 3349 2305 Cancri
3397 2258 3450 2305 et
3494 2249 3689 2307 Capri-

2113 2352 2288 2408 corni.
2340 2351 2477 2405 Tum
2537 2352 2588 2405 id
2637 2366 2977 2422 consequens
3018 2356 3129 2412 est,
3182 2362 3463 2418 perperam
3503 2362 3566 2400 ex
3614 2360 3683 2399 ea

2112 2453 2356 2499 veterum
2380 2444 2659 2514 Opinione,
2688 2459 2849 2514 quam
2878 2443 3062 2508 refert,
3094 2441 3465 2511 improbatque
3490 2438 3677 2493 Gemi-

2112 2551 2236 2597 nus,
2268 2536 2603 2592 conclusisse
2649 2534 2986 2606 Scaligerum
3017 2533 3107 2605 (In
3131 2531 3353 2596 Ηαηὶί..
3384 2546 3498 2602 pag.
3523 2530 3672 2600 l57),

2113 2626 2258 2697 quod
2318 2628 2497 2697 capite
2553 2627 2894 2683 antecedenti
2954 2627 3228 2692 diximus;
3292 2624 3500 2694 priscos
3553 2622 3683 2677 illos

2106 2721 2320 2793 ’τροπὰς
2366 2731 2419 2775 et
2470 2720 2701 2775 solstitia
2747 2720 2805 2773 in
2833 2719 2964 2775 totis
2998 2719 3222 2788 triginta
3252 2717 3537 2789 gradibus,
3572 2730 3685 2770 non

2114 2812 2169 2866 in
2215 2822 2417 2882 puncto
2464 2812 2648 2881 aliquo
2675 2812 2816 2884 λόγῳ
2840 2812 3099 2883 θεωρητῷ
3133 2812 3415 2876 statuisse,
3456 2810 3511 2865 id
3537 2811 3687 2865 enim

2114 2900 2251 2956 falso
2297 2902 2604 2971 suspicatus
2648 2910 2753 2966 est,
2822 2919 2996 2973 neque
3036 2917 3257 2957 causam
3303 2902 3518 2965 habuit,
3588 2916 3690 2956 cur

2114 2991 2216 3046 hoc
2269 2993 2372 3046 sibi
2426 3002 2737 3048 commento
2791 2994 3027 3064 placeret
3064 2994 3218 3057 adeo,
3255 3001 3316 3048 ut
3357 2994 3481 3062 ejus
3519 2994 3692 3049 insci-

2115 3082 2242 3135 tiam
2286 3081 2687 3138 mathematicis
2740 3083 3113 3152 exprobraret.
3160 3083 3351 3139 Mirum
3385 3100 3519 3138 vero
3568 3100 3693 3155 por-

2116 3261 2224 3315 imo
2273 3272 2548 3317 auctorem
2586 3263 2733 3319 illius
2757 3263 3041 3320 Eudoxum
3081 3269 3277 3322 asseri.
3310 3266 3372 3321 In
3406 3283 3519 3338 quo
3550 3270 3691 3323 mul-

2114 3354 2282 3424 tiplex
2327 3362 2411 3411 est
2461 3356 2781 3427 ἀπροσεξξα.
2830 3356 2965 3411 Nam
3008 3359 3055 3414 si
3098 3358 3357 3415 Eudoxus
3389 3361 3444 3415 in
3476 3361 3683 3417 decim:

2115 3444 2306 3513 quinto
2343 3444 2512 3515 gradu
2548 3444 2742 3500 Cancri
2787 3447 2992 3518 τρθπὰς
3027 3449 3244 3504 aestivas
3274 3449 3389 3504 ﬁeri
3441 3450 3682 3520 scripsit.

2115 3533 2370 3589 hibernas
2417 3533 2472 3589 in
2524 3534 2845 3606 Capricorni
2892 3538 3106 3595 decimo
3140 3542 3351 3611 quinto,
3395 3542 3683 3613 utrobique

2115 3626 2309 3681 mediis
2356 3628 2411 3681 in
2460 3628 2665 3697 signis,
2710 3629 2874 3701 idque
2922 3630 3094 3701 ipsius
3129 3631 3336 3687 Eudoxi
3370 3634 3683 3690 testimonio

2116 3724 2367 3770 constare
2395 3717 2537 3785 apud
2568 3716 2934 3788 Hipparchum
2966 3728 3120 3790 putat
3139 3719 3415 3792 Scaliger;
3437 3724 3681 3793 quinam,

2114 3805 2365 3869 obsecro,
2388 3818 2809 3863 consentaneum
2840 3819 2945 3874 est,
2965 3812 3018 3866 in
3045 3821 3158 3867 toto
3180 3815 3336 3883 signo
3360 3817 3685 3871 constitutas

2116 3898 2185 3953 ab
2217 3899 2306 3951 illo
2347 3898 2551 3971 τροπὰς
2590 3899 2797 3956 fuisse?
2827 3900 2909 3957 Ad
2947 3902 3060 3957 haec
3090 3904 3137 3959 si
3166 3905 3420 3976 princeps
3456 3907 3531 3961 ita
3561 3923 3685 3962 sen-

2116 3989 2188 4045 sit
2244 3987 2534 4055 Eudoxus,
2583 4007 2691 4046 non
2742 4008 2871 4063 ergo
2917 3992 3139 4059 Metoni,
3188 4011 3251 4050 ac
3294 3999 3682 4053 vetustioribus

2117 4083 2258 4145 aliis,
2291 4083 2383 4153 qui
2421 4084 2704 4138 Eudoxum
2755 4092 3187 4154 antecesserunt,
3226 4088 3328 4144 hoc
3368 4090 3548 4160 ipsum
3595 4105 3679 4144 re-

2116 4174 2197 4227 nit
2223 4174 2276 4227 in
2304 4186 2538 4249 mentem
2570 4193 2582 4229 :
2615 4176 2759 4246 quod
2782 4184 2961 4232 tamen
2991 4178 3244 4235 universe
3268 4180 3336 4236 de
3364 4182 3679 4252 antiquitate

2116 4267 2263 4322 omni
2296 4276 2499 4323 temere
2532 4270 2921 4339 pronuntiabat
2948 4268 3207 4342 Scaliger.
3232 4272 3501 4329 Eradatur
3526 4275 3680 4344 igitur

2117 4374 2184 4414 ex
2225 4358 2371 4412 omni
2410 4358 2712 4414 litterarum
2746 4362 3006 4416 memoria
3039 4362 3342 4419 fwdissima
3390 4366 3495 4421 ista
3538 4366 3681 4420 labes

2047 4459 2093 4516 ι)
2120 4445 2409 4516 opinionis,
2439 4464 2600 4517 quam
2630 4449 2720 4503 ille
2747 4450 2987 4521 ἀκρίτως
3015 4450 3072 4504 in
3109 4451 3393 4508 Eudoxum
3449 4470 3516 4510 ac
3537 4463 3681 4509 vete-

2122 4557 2213 4597 res
2259 4551 2600 4597 astronomos
2646 4559 2814 4600 ausus
2856 4554 2938 4601 est
2981 4545 3250 4602 conferre.
3291 4546 3396 4602 Sed
3432 4563 3534 4603 nec
3576 4548 3681 4603 Ge—

2124 4634 2258 4689 mini
2291 4636 2577 4707 castigatio
2618 4652 2718 4692 nos
2756 4638 2846 4691 illa
2881 4638 3145 4706 delectet;
3183 4647 3373 4693 contra
3399 4655 3559 4710 quam
3588 4656 3685 4710 pa-

2123 4726 2385 4784 trocinari
2417 4729 2658 4799 antiquis
2688 4729 2797 4785 illis
2825 4743 2988 4800 quam
3031 4728 3192 4784 facile
3226 4744 3542 4801 possumus,
3572 4739 3681 4785 tam

2123 4818 2316 4872 merito
2333 4819 2628 4875 .debemus.

2198 4908 2287 4964 Sic
2327 4910 2380 4964 in
2425 4912 2671 4967 antisciis
2702 4921 2944 4966 veterum
2974 4928 3037 4968 ex
3073 4913 3262 4968 eodem
3299 4913 3451 4969 fonte
3483 4916 3687 4971 erroris

2123 5003 2476 5072 explicandis,
2511 5019 2573 5060 ac
2600 5004 2952 5060 traducendis
2982 5004 3199 5074 impune
3231 5006 3360 5061 lusit
3400 5007 3641 5077 Scaliger
3662 5047 3681 5071 ,

2121 5110 2241 5165 quae
2266 5094 2481 5165 quidem
2512 5104 2877 5152 consentanee
2906 5097 2974 5152 iis
3002 5113 3120 5167 quae
3151 5113 3251 5167 pro
3276 5099 3531 5167 opinione
3562 5099 3686 5155 illo-

2121 5201 2242 5240 rum
2270 5185 2619 5247 adduximus.
2642 5186 2907 5241 veriorem
2939 5186 3004 5241 ad
3035 5202 3252 5241 sensum
3279 5186 3687 5241 accommodare

2121 5277 2268 5332 licet.
2308 5276 2463 5343 Quod
2501 5285 2560 5331 ut
2592 5278 2826 5332 breviter
2857 5278 2967 5345 ﬁat,
3009 5280 3171 5349 paulo
3200 5279 3361 5333 altius
3391 5280 3683 5349 repetenda

2122 5383 2213 5423 res
2249 5368 2373 5423 erit.
3186 5423 3197 5435 ,

2192 5458 2271 5512 Ex
2315 5460 2611 5516 vanissima
2647 5461 2755 5514 τῶν
2784 5462 3292 5535 ἀποτελεσματικῶν
3326 5462 3555 5522 ratione.
3585 5460 3686 5515 do-

2122 5549 2481 5605 decatemoria
2530 5554 2737 5609 zodiaci
2781 5556 2961 5611 varias
3003 5556 3144 5610 inter
3182 5571 3242 5610 se
3297 5555 3530 5626 σχέσεις,
3570 5555 3685 5610 sive

2127 5645 2534 5714 σχηματισμοὺς
2579 5644 2801 5709 habent,
2845 5661 2983 5715 quos
3023 5653 3275 5716 aspectus
3311 5645 3471 5716 vulgo
3505 5644 3679 5699 nomi-

2125 5742 2273 5787 nant.
2306 5733 2381 5787 Ex
2423 5736 2620 5803 quibus
2648 5749 2740 5789 eos
2764 5735 3025 5791 duntaxat
3064 5736 3165 5790 hoc
3210 5735 3330 5790 loco
3368 5734 3675 5806 seligemus,
