4036 6218
357 352 500 412 1565

1167 339 1621 397 DISSERTATIO
1661 336 1747 390 DE
1781 332 1967 391 ORTU
1999 331 2086 386 ET
2126 327 2394 386 OCCASU
2435 325 2758 384 SIDERUM.

3439 323 3576 380 1566

358 475 455 545 qui
485 475 551 529 ad
591 474 861 544 negotium
887 475 1134 523 nostrum
1163 464 1452 535 pertinent,
1485 460 1798 515 auctoribus
1826 458 1922 512 ad-
1952 466 1996 522 Α
2026 455 2248 545 den-rex
2280 451 2579 545 horizontis
2616 448 2858 545 partibus
2902 448 3251 545 oriantur..et
3295 443 3351 498 in
3385 445 3576 500 iisdem

363 565 548 620 bibitis
591 563 878 618 Ptolemaeo
921 561 974 612 in
1022 555 1319 610 Tetrabiblo
1349 554 1462 624 (lib.
1503 551 1565 622 l),
1597 550 1764 604 Paulo
1793 551 1917 604 Ale—

365 656 650 717 xandrino,
707 651 942 713 Manilio,
1014 659 1069 702 et
1120 647 1376 701 Firmico.
1433 645 1600 715 Igitur
1646 644 1798 710 signa
1829 649 1922 696 aut

363 759 491 805 sunt
539 750 730 809 οἰκεῖα,
782 762 802 795 ι
838 742 1148 808 familiaria,
1182 761 1198 790 ι
1241 742 1356 796 sive
1411 760 1428 790 ι
1469 747 1726 808 cognata;
1769 757 1786 788 ι
1829 744 1921 791 aut

362 839 643 899 ἀσύνδετα,
689 854 708 887 r
759 835 1127 904 inconjuncta,
1174 852 1192 883 ι
1240 840 1292 885 ct
1343 850 1364 881 ι
1413 831 1610 883 aliena.
1665 849 1683 881 ι
1732 827 1920 880 Priora

362 932 778 998 dicuntur,.quae
803 928 1185 983 schematismo
1209 924 1410 994 aliquo,
1441 924 1524 977 vel
1543 921 1808 976 οἰκειώσει
1841 920 1919 972 in-

363 1032 446 1075 ter
481 1037 540 1075 se
574 1021 821 1075 devincta
860 1026 1012 1086 sunt;
1052 1018 1372 1088 posteriora,
1416 1030 1536 1085 quae
1576 1015 1780 1068 nullum
1827 1012 1923 1064 ha-

361 1118 490 1171 bent
519 1130 585 1170 ex
617 1114 702 1178 iis,
735 1129 872 1184 quos
897 1112 1290 1181 astrologorum
1322 1125 1453 1165 usus
1481 1108 1729 1162 adscivit.
1763 1105 1922 1160 Sche-

362 1207 646 1260 matismus
673 1206 754 1259 vel
782 1214 864 1260 est
893 1202 1032 1257 κατὰ
1060 1203 1369 1272 διάμετρον,
1398 1208 1457 1253 ιιι
1478 1200 1634 1254 Aries
1655 1206 1707 1251 et
1734 1196 1918 1257 Libra,

361 1299 446 1352 vel
501 1298 638 1350 κατὰ
679 1297 957 1367 τρίγωνον,
992 1296 1074 1350 vel
1111 1293 1252 1347 κατὰ
1285 1293 1640 1364 τετράγωνον,
1664 1291 1746 1344 vel
1783 1288 1922 1343 κατὰ

362 1391 664 1457 ἑξάγωνον,
701 1389 767 1442 de
815 1389 1011 1458 quibus
1052 1385 1312 1440 Geminus
1355 1400 1474 1454 cap.
1522 1383 1570 1448 Ι,
1612 1392 1666 1438 et
1709 1395 1806 1436 nos
1852 1383 1919 1436 ad

361 1481 611 1538 eumdem
662 1481 715 1534 in
752 1479 906 1534 Notis
939 1477 1181 1548 quaedam
1214 1478 1643 1532 observavimus.
1677 1477 1919 1532 Alterum

361 1588 532 1641 genus
571 1570 913 1633 οὶκειώσεως,
944 1568 1243 1625 secundum
1271 1570 1413 1638 quod
1458 1569 1613 1639 signa
1660 1571 1763 1622 alia
1797 1579 1923 1624 sunt

362 1663 785 1733 προστάσσοντα,
841 1679 858 1710 ‹
917 1660 1255 1730 imperantia,
1316 1678 1334 1711 ι
1397 1660 1498 1714 alia
1558 1660 1918 1723 ὑπακούοντα,

365 1774 385 1804 ι
430 1752 792 1808 auscultantia
846 1770 859 1805 :
917 1769 935 1802 ι
991 1766 1110 1820 qua:
1157 1751 1316 1805 ambo
1369 1751 1644 1804 communi
1701 1751 1921 1805 nomine

2023 542 2292 597 occidant.
2338 540 2511 608 Atque
2563 539 2676 591 haec
2725 543 2850 592 sunt
2899 535 3104 602 σύζυγα
3147 534 3322 603 signa,
3353 548 3471 602 qua:
3510 549 3576 587 ex

2021 631 2247 686 Gemino
2283 629 2535 698 superius
2559 629 2969 698 explicavimus,
3002 636 3059 680 ut
3087 625 3319 690 Gemini,
3346 625 3574 688 Cancer,

2022 723 2258 784 Taurus,
2287 721 2414 786 Leo,
2446 729 2498 775 ct
2537 731 2752 780 caetera,
2773 719 2853 798 _dc
2893 717 3090 786 quibus
3124 718 3176 770 in
3202 714 3355 771 Notis
3381 717 3447 770 ad
3474 715 3580 772 Ge-

2022 815 2225 866 minum
2264 813 2443 881 aliqua
2472 812 2731 866 diximus.

2067 903 2388 956 οἌσύνδετα
2445 911 2498 956 et
2555 900 3075 972 ἁπηλλοτριωμένα,
3137 901 3473 969 inconjuncm
3527 911 3581 957 et

2023 995 2196 1046 aliena
2237 996 2385 1064 signa
2428 993 2704 1055 dicuntur,
2737 1007 2856 1062 qua:
2887 993 3088 1047 nullius
3120 992 3486 1046 schematismi
3515 1009 3581 1047 ex

2022 1085 2472 1140 antecedentibus
2505 1085 2624 1138 istis
2659 1085 2971 1138 societatem
3007 1094 3204 1138 coeunt
3231 1084 3480 1137 invicem.
3505 1084 3597 1139 lta.

2022 1177 2364 1231 Ptolemaeus.

2095 1271 2162 1322 At
2210 1269 2462 1324 Manilius
2505 1276 2559 1322 et
2616 1267 2819 1322 Paulus
2865 1265 3261 1320 Alexandrinus
3309 1263 3582 1318 audientia

2023 1370 2076 1416 et
2124 1361 2360 1415 videntia
2397 1360 2549 1430 signa
2588 1359 2744 1413 aliter
2795 1359 3087 1427 explicant.
3127 1355 3260 1409 Nam
3303 1355 3446 1424 apud
3488 1371 3582 1412 eos

2027 1455 2325 1508 videntium
2378 1454 2528 1523 paria
2561 1459 2811 1507 constant
2857 1451 2924 1505 iis
2966 1451 3133 1519 signis
3169 1464 3287 1518 quae
3319 1463 3384 1503 ex
3427 1463 3582 1518 aequo

2023 1547 2226 1600 distant
2272 1561 2300 1597 a
2336 1545 2461 1599 totis
2491 1544 2658 1613 signis
2683 1543 2902 1612 tropicis
2926 1549 2982 1595 ut
3012 1548 3137 1595 sunt
3169 1540 3398 1601 Gemini,
3439 1539 3580 1610 Leo,

2025 1637 2258 1700 Taurus,
2285 1635 2472 1707 Virgo,
2509 1652 2572 1689 ac
2620 1637 2862 1706 reliqua;
2904 1649 3025 1703 qua:
3052 1633 3321 1702 descripta
3369 1640 3495 1686 sunt
3527 1633 3582 1686 in

2025 1727 2195 1781 altero
2225 1727 2497 1780 schemate
2520 1724 2626 1777 τῶν
2659 1723 2924 1792 συζύγων,
2959 1724 3252 1778 secundum
3275 1730 3506 1784 veteres,
3527 1731 3583 1776 ut

359 1796 684 1909 ἀκοξόντων,
722 1862 740 1894 ε
777 1796 1131 1905 mmmam",
1174 1862 1193 1895 ,
1244 1842 1446 1896 paulus
1497 1843 1920 1910 Alexandrinus,
1955 1821 1996 1876 Β
2022 1833 2212 1872 eorum
2264 1827 2497 1872 mentem
2545 1817 2933 1886 interpretatus
2961 1824 3043 1869 est
3076 1796 3356 1869 Geminus.
3394 1812 3582 1884 itaque

357 1946 414 1991 et
451 1935 702 1990 Manilius
748 1934 1071 2004 intelligunt.
1101 1932 1339 1986 Tertium
1381 1948 1552 2004 genus
1599 1934 1921 1996 οἰκειώσεως

357 2037 443 2084 est
478 2029 583 2082 τῶν
617 2028 938 2098 βλεπόντων,
977 2041 1097 2082 sese
1126 2035 1314 2080 mutuo
1344 2027 1814 2095 couspicientium.
1853 2026 1924 2080 Ut

267 2110 276 2118 ’
359 2122 426 2178 de
457 2121 847 2194 posterioribus
878 2120 961 2173 his
995 2119 1256 2174 ambobus
1287 2135 1462 2189 agam.

428 2212 750 2268 Ptolemaeus
797 2211 1230 2284 προστάσσοντα,
1279 2223 1332 2264 et
1373 2211 1715 2265 ὑπακούοντα
1767 2211 1921 2280 signa

360 2313 538 2370 vocat,
574 2304 644 2358 τὰ
678 2305 796 2359 κατ’
833 2307 954 2374 ἴσην
984 2303 1256 2356 διάστασιν
1284 2302 1391 2355 ἀπὸ
1421 2303 1513 2355 τοῦ
1547 2302 1732 2363 αὐτοῦ,
1763 2302 1796 2372 ἢ
1830 2302 1924 2355 καὶ

356 2399 613 2470 ὁποτέρου
657 2399 764 2451 τῶν
815 2396 1416 2469 ἰσημερινῶνσημείων
1457 2396 1919 2466 σχηματιζόμενα,

356 2491 443 2545 διὰ
476 2493 536 2545 τὸ
558 2494 614 2544 ὲν
637 2494 748 2554 τοῖς
775 2492 908 2554 ἴσοις
934 2492 1144 2561 χρόνοις
1172 2489 1537 2559 ἀναφέρεσθαι
1556 2491 1648 2543 καὶ
1673 2489 1763 2542 ἐπὶ
1793 2490 1921 2541 ἴσων

358 2583 733 2656 παραλλήλων.
777 2601 796 2634 ι
829 2581 960 2649 Quae
1001 2582 1118 2650 pari
1164 2582 1448 2636 intervallo
1493 2581 1563 2635 ab
1609 2579 1796 2634 eodem
1836 2579 1922 2633 vel

357 2681 619 2736 alterutro
651 2687 972 2748 punctorum
1000 2679 1460 2747 aequinoctialium
1482 2678 1760 2742 distantia,
1783 2677 1920 2747 ﬁgu-

356 2781 512 2830 ram,
569 2781 665 2820 seu
714 2773 1067 2835 conspectum
1125 2767 1378 2821 habent:
1421 2767 1566 2836 quod
1622 2767 1922 2836 aequalibus

358 2857 692 2927 temporibus
732 2859 998 2922 oriantur,
1031 2866 1086 2912 ct
1126 2860 1180 2912 in
1218 2858 1514 2928 aequalibus
1557 2859 1851 2928 parallelis.
1896 2879 1920 2911 ι

358 2949 624 3006 Zodiacus
653 2949 891 3004 circulus
919 2950 988 3004 ab
1019 2949 1382 3019 aequinoctiali
1417 2949 1669 3003 bifariam
1706 2959 1920 3006 secatur

359 3043 416 3096 in
445 3042 660 3113 punctis
688 3042 1176 3112 aequinoctialibus.
1209 3039 1348 3095 Hinc
1378 3040 1756 3097 semicirculus
1785 3041 1922 3096 alter

360 3134 596 3190 borealis
640 3133 861 3194 dicitur,
915 3133 1124 3188 habens
1169 3132 1323 3202 signa
1367 3133 1604 3188 borealia
1644 3145 1760 3195 sex,
1800 3150 1920 3203 quae
1946 3151 1992 3213 ρ

359 3231 487 3279 sunt
524 3223 702 3288 Aries,
745 3223 978 3287 Taurus,
1015 3221 1250 3288 Gemini,
1285 3223 1511 3288 Cancer,
1540 3223 1668 3288 Leo,
1713 3222 1916 3294 Virgo;

359 3315 495 3368 alter
527 3316 781 3370 australis
822 3315 1044 3370 totidem
1088 3315 1256 3385 signis
1300 3316 1582 3384 praeditus,
1613 3330 1732 3386 quae
1770 3325 1916 3381 sunt,

359 3405 541 3471 Libra,
568 3405 847 3477 Scorpius,
893 3406 1239 3478 Sagittarius,
1291 3408 1680 3478 Capricornus,
1733 3409 1918 3480 Aqua-

360 3500 496 3564 rius,
543 3497 762 3564 Pisces;
821 3482 1266 3572 borealia'signa
1311 3507 1439 3556 sunt
1484 3501 1920 3571 προστάσσοντα;

360 3585 617 3648 australis
646 3607 774 3647 vero
803 3592 1160 3649 ὑπακούοντα.
1203 3592 1372 3664 Cujus
1406 3592 1485 3649 rei
1511 3608 1732 3649 causam
1765 3593 1922 3648 affert

359 3685 681 3740 Ptolemaaus
709 3685 852 3755 quod
882 3686 938 3739 in
975 3685 1284 3740 borealibus
1312 3687 1483 3756 signis
1518 3686 1778 3756 paulatim
1804 3687 1921 3743 dies

361 3784 690 3846 augeantur,
736 3777 788 3830 in
819 3778 990 3832 altero
1013 3778 1427 3834 contrahantur.
1453 3777 1536 3832 Ob
1565 3779 1616 3832 id
1653 3779 1924 3849 imperare

361 3870 439 3923 illi
459 3869 674 3932 debent,
704 3870 795 3925 isti
823 3886 1032 3940 parere,
1055 3887 1124 3926 ex
1153 3871 1286 3926 artis
1310 3871 1659 3942 ineptissima:
1680 3871 1919 3927 decreto.

363 3959 473 4015 llac
495 3962 705 4016 ratione
734 3963 888 4032 signa
918 3963 1008 4016 illa
1039 3952 1182 4018 inter
1211 3979 1270 4019 se
1299 3963 1652 4034 pariabimus.

1051 4073 1236 4144 Signa.

364 4188 714 4260 Imperantia.
1521 4188 1924 4246 Auscultantia.

475 4305 641 4362 Aries.
1388 4304 1572 4359 Pisces

477 4376 690 4432 Taurus
1390 4374 1666 4444 Aquarius

476 4445 687 4501 Gemini
1390 4443 1761 4514 Capricornus

475 4514 684 4572 Cancer
1394 4513 1723 4584 Sagittarius

476 4585 583 4640 Leo
1396 4586 1656 4655 Scorpius

474 4655 638 4728 Virgo
1395 4655 1558 4709 Libra

435 4768 560 4825 Haec
614 4771 756 4825 enim
813 4772 967 4841 signa
1014 4777 1142 4825 sunt
1178 4769 1500 4841 ἱσανάφορα,
1532 4778 1586 4824 et
1633 4770 1924 4841 ἰσοπαρὰλ-

361 4863 521 4934 ληλα,
551 4866 695 4934 quod
734 4864 1013 4933 aequaliter
1043 4861 1247 4916 distent
1281 4861 1348 4915 ab
1385 4861 1648 4916 ambobus
1677 4863 1924 4931 aequino-

362 4955 616 5009 etialibus
642 4954 878 5024 punctis.
908 4952 1189 5022 Equales,
1225 4951 1470 5021 inquam,
1505 4952 1790 5020 parallelos
1819 4952 1921 5005 ha-

364 5046 510 5109 bent,
540 5061 648 5099 non
689 5046 928 5107 eosdem,
963 5044 1403 5100 ut'Camerarius
1450 5045 1630 5098 vertit.
1681 5042 1736 5098 ld
1778 5044 1922 5098 enim

362 5137 533 5205 signis
570 5137 883 5192 videntibus
917 5137 1197 5201 convenit,
1225 5151 1345 5206 quae
1373 5152 1401 5190 a
1436 5137 1660 5206 tropicis
1703 5136 1924 5206 punctis

361 5239 426 5279 ex
453 5239 611 5294 aequo
632 5224 837 5280 distant
857 5225 952 5281 :de
980 5227 1180 5295 quibus
1206 5227 1316 5297 agit
1345 5226 1542 5282 ibidem
1579 5227 1920 5280 Ptolemaeus.

434 5318 604 5387 Igitur
631 5318 876 5372 alterum
917 5333 1087 5387 genus
1115 5317 1440 5380 οἰκειώσεως
1471 5325 1554 5373 est
1583 5332 1770 5371 eorum
1802 5330 1925 5385 quae

367 5408 648 5480 βλέποντα,
663 5409 910 5479 videntiu,
921 5408 1200 5473 dicuntur,
1215 5419 1268 5465 et
1286 5408 1719 5480 ἰσοδυναμοῦντα,
1732 5409 1926 5478 (aquati

341 5510 616 5570 'potestate
668 5503 914 5571 praedita.
977 5503 1115 5558 Sunt
1163 5515 1343 5559 autem
1389 5503 1676 5572 ejusmodi,
1708 5518 1831 5572 quae
1856 5518 1922 5556 ex

365 5606 522 5662 aequo
550 5592 755 5646 distant
787 5593 855 5648 ab
886 5593 1152 5648 alterutro
1175 5593 1399 5647 solstitii
1426 5602 1646 5662 puncto.
1665 5591 1736 5644 Ea
1763 5604 1923 5660 porro

369 5688 558 5735 mutuo
577 5698 636 5737 se
664 5682 848 5738 videre
879 5684 1138 5738 dicuntur
1167 5682 1288 5738 ideo
1310 5684 1456 5752 quod
1490 5691 1544 5736 et
1566 5683 1682 5737 dies
1709 5682 1920 5744 diebus,

365 5775 422 5824 et
448 5778 635 5826 noctes
662 5773 913 5828 noctibus
959 5773 1198 5843 aequales
1224 5772 1456 5836 faciant;
1490 5783 1600 5828 tum
1643 5771 1784 5841 quod
1819 5771 1914 5824 iis-

2025 1911 2235 1963 Canccr
2261 1915 2314 1962 et
2346 1907 2715 1976 Capricornus
2760 1906 3030 1961 ἄὸλεπτοι,
3069 1915 3195 1960 sunt
3245 1915 3296 1960 et
3337 1906 3578 1977 μοναχοὶ,

2021 2017 2122 2056 nec
2150 2002 2277 2064 alia,
2313 2003 2406 2055 sed
2436 2016 2494 2054 se
2525 2000 2640 2054 sola
2670 2007 3018 2053 contuentur.

2091 2089 2303 2144 Rursus
2331 2090 2645 2158 imperantia
2679 2089 2831 2158 signa
2859 2097 2913 2142 et
2948 2087 3307 2141 auscultantia
3339 2094 3584 2140 statuunt

2022 2183 2207 2245 iidem,
2233 2197 2352 2251 quae
2384 2188 2448 2234 ex
2479 2197 2632 2248 aequo
2665 2181 2879 2234 distant.
2907 2181 2974 2233 ab
3000 2179 3468 2248 aequinocdalibus
3497 2181 3584 2232 in~

2023 2274 2188 2344 tegris
2216 2273 2406 2343 signis,
2434 2273 2507 2325 ita
2536 2280 2594 2325 ut
2626 2272 2807 2340 priora
2833 2271 3100 2333 borealia,
3134 2271 3437 2338 posteriora
3472 2272 3582 2326 sint

2022 2365 2298 2418 australia.
2332 2362 2470 2433 Ergo
2510 2371 2663 2415 extra
2699 2369 2899 2416 sortem
2946 2367 3072 2414 sunt
3100 2357 3258 2413 Aries
3311 2368 3361 2414 et
3393 2359 3584 2426 Libra,

2021 2470 2195 2524 neque
2227 2471 2285 2508 se
2310 2455 2537 2508 invicem
2569 2453 2826 2516 audiunt,
2861 2467 3034 2520 neque
3095 2453 3230 2516 alia;
3266 2452 3358 2506 sed
3398 2451 3584 2506 solita-

2020 2545 2102 2598 ria
2134 2555 2279 2608 sunt,
2310 2562 2372 2599 ac
2399 2545 2690 2616 μονόζωνα,
2709 2551 2900 2597 caetera
2929 2540 3194 2612 ὁμόζωνα.
3218 2541 3289 2594 Ea
3309 2543 3362 2595 in
3386 2542 3583 2596 tabella

2022 2638 2269 2708 sequenti
2300 2637 2426 2692 licet
2461 2637 2680 2691 intueri.

2462 2747 2625 2820 Signa
2657 2747 2861 2802 Manilii
2891 2753 2943 2802 et
2977 2743 3128 2798 Pauli

2021 2819 2343 2890 lmperantia
2525 2813 2551 2820 ⁷
2650 2891 2692 2943 Α
2729 2890 2740 2900 ο
3207 2813 3598 2874 Αιιεουιεηῑὶδι.

2699 2906 2806 2943 nes

2699 2906 2806 2943 nes

2651 2961 2850 3029 ἄζυγος

2141 3029 2358 3086 Taurus
3065 3035 3249 3091 Pisces

2136 3099 2349 3175 Gemini
3064 3106 3338 3175 Aquarius

2136 3172 2346 3246 Cancer
3065 3172 3430 3246 Capricornus

2137 3241 2244 3316 Leo
3069 3241 3395 3316 Sagittarius

2136 3310 2312 3384 Virgo.
3070 3310 3329 3384 Scorpius

2654 3383 2828 3438 Libra:

2654 3401 2828 3438 moral

2654 3453 2870 3522 ἄζυγος.

2089 3546 2248 3601 Aries
2276 3547 2458 3617 itaque
2487 3545 2786 3615 imperandi
2807 3548 2892 3600 vel
2918 3548 3259 3603 auscultandi
3285 3565 3408 3604 cum
3434 3551 3602 3606 nullo-

2023 3639 2410 3693 commercium
2465 3637 2647 3704 habet,
2706 3638 2920 3693 Libram
2974 3647 3154 3696 autem
3213 3642 3376 3708 videt,
3426 3653 3485 3698 ut
3525 3651 3584 3700 et

2023 3729 2258 3784 Arietem
2281 3729 2464 3786 Libra.

2024 3841 2312 3915 Consilium
2331 3842 2438 3915 ipse
2457 3858 2608 3896 suum
2628 3851 2705 3915 est
2723 3843 2905 3915 Aries:
2926 3854 2980 3898 ut
3002 3846 3234 3915 principe
3249 3847 3461 3914 dignum
3478 3853 3580 3910 est,

2021 3912 2180 3965 Audit
2217 3929 2288 3976 se,
2322 3911 2633 3980 Libramque
2659 3912 2812 3977 videt,

2023 4023 2098 4075 ait
2127 4022 2398 4077 Manilius.
2445 4021 2657 4078 Taurus
2707 4021 2983 4094 Virginem
3019 4025 3190 4092 videt,
3226 4036 3279 4080 et
3333 4025 3581 4082 Piscibus

2023 4114 2286 4183 imperat;
2315 4113 2500 4170 Pisces
2537 4113 2822 4185 Scorpium
2858 4116 3058 4181 vident,
3097 4125 3150 4171 et
3191 4117 3418 4170 audiunt
3441 4117 3582 4171 Tau-

2023 4220 2165 4272 rum,
2197 4213 2250 4261 et
2282 4205 2364 4261 sic
2397 4206 2630 4277 reliqua.
2661 4208 2733 4260 At
2769 4205 3120 4277 DemOpbilus
3154 4208 3578 4279 προστάσσοντα,

2023 4308 2076 4355 et
2108 4299 2449 4353 ὑπακούοντα
2477 4299 2667 4354 eodem
2706 4313 2818 4369 quo
2843 4297 3096 4354 Manilius
3122 4308 3174 4354 et
3194 4298 3394 4354 Paulus
3421 4299 3582 4354 modo

2023 4390 2362 4454 describens,
2396 4390 2498 4444 hoc
2537 4405 2645 4444 uno
2675 4389 2886 4454 dili‘ert,
2921 4389 3068 4460 quod
3120 4389 3356 4444 Arietem
3411 4391 3582 4459 impe-

1952 4487 2236 4542 Drantem
2303 4480 2476 4536 Librae
2534 4484 2742 4548 statuit,
2797 4489 2850 4537 et
2911 4482 3129 4536 Libram
3188 4481 3582 4537 auscultantem

2021 4577 2214 4631 Arieti.

2091 4664 2271 4722 Julius
2298 4665 2568 4720 Firmicus
2591 4665 2686 4720 lib.
2712 4662 2776 4724 ll,
2803 4679 2922 4733 cap.
2942 4661 3404 4728 XXXll,videntia
3429 4662 3582 4732 signa

2021 4757 2210 4812 eadem
2259 4775 2384 4812 cum
2417 4758 2785 4819 Ptolemaicis,
2820 4765 2874 4810 et
2914 4755 3160 4824 συζύγοις
3191 4755 3400 4811 Gemini
3429 4754 3577 4821 facit,

2020 4867 2196 4920 eaque
2247 4868 2306 4906 se
2351 4867 2418 4905 ex
2462 4850 2772 4913 Ptolemaeo,
2800 4849 3090 4913 Antiocho,
3119 4856 3176 4903 et
3201 4848 3470 4903 Dorotheo
3496 4845 3584 4901 Si-

2022 4943 2190 4997 donio
2241 4941 2550 4996 describere
2600 4939 2908 5010 proﬁtetur,
2956 4948 3117 5009 atque
3146 4940 3374 4993 antiscia
3406 4938 3582 4993 nomi-

2021 5041 2138 5094 nat,
2161 5031 2422 5085 nimirum
2442 5030 2585 5100 quod
2626 5030 2846 5084 umbras
2876 5046 2941 5084 ex
2967 5044 3122 5099 aequo
3168 5029 3582 5099 respondentes,

2021 5131 2077 5180 et
2132 5122 2358 5186 ἐναλλὰξ
2415 5121 2640 5176 faciant.
2707 5119 2841 5175 Nam
2881 5122 2936 5176 in
2988 5120 3229 5176 Geminis
3275 5130 3327 5174 et
3372 5119 3584 5175 Cancro

2023 5217 2258 5286 aequales
2290 5223 2418 5269 sunt
2459 5224 2670 5279 noctes,
2706 5213 2800 5268 sed
2852 5213 3069 5268 inverso
3107 5213 3298 5268 ordine
3336 5231 3349 5266 :
3385 5212 3584 5282 quippe

2026 5310 2238 5362 itmium
2268 5308 2432 5363 unius
2455 5307 2546 5360 lini
2574 5306 2800 5360 alterius
2835 5307 3106 5373 congruit.
3134 5303 3294 5358 Initio
3327 5301 3585 5356 Gemino-

2029 5416 2146 5453 rum
2191 5399 2310 5454 dies
2342 5405 2640 5465 noctesque
2691 5396 2843 5464 paria
2881 5393 3089 5448 faciunt
3119 5408 3242 5448 cum
3272 5391 3485 5456 diebus,
3519 5404 3587 5444 ac

2027 5492 2282 5548 noctibus
2341 5491 2394 5544 in
2457 5489 2563 5543 line
2607 5488 2828 5543 Cancri.
2861 5486 2940 5540 lta
2981 5486 3194 5539 initium
3243 5483 3423 5537 Tauri-
3457 5497 3586 5536 cum

2028 5587 2132 5639 line
2178 5583 2409 5650 Leonis;
2439 5582 2561 5636 linis
2593 5581 2737 5634 illius
2770 5595 2893 5632 cum
2933 5576 3096 5646 hujus
3127 5576 3279 5630 initio
3307 5572 3586 5630 convenit.

2030 5673 2120 5728 Sic
2171 5673 2390 5726 antiscii
2453 5673 2507 5724 in
2555 5670 2766 5737 sphaera
2799 5667 3054 5720 dicuntur
3080 5680 3186 5720 non
3221 5664 3396 5719 solum
3439 5658 3588 5730 quod

2034 5769 2265 5823 umbras
2289 5766 2345 5821 in
2375 5765 2619 5820 diversas
2646 5769 2829 5832 partes
2856 5761 3082 5832 jaciant,
3109 5759 3202 5815 sed
3247 5757 3409 5814 etiam
3440 5749 3601 5822 quod
