4036 6218
493 292 630 348 156⁸1

1473 295 1563 350 AD
1601 296 1871 353 EUSEBH
1899 298 2298 359 CHRONICON
2336 297 2710 370 APPENDIX4

3585 298 3725 354 1568

492 405 720 465 alternis
746 414 800 465 et
826 408 1100 465 contrario
1124 409 1284 466 modo
1315 413 1550 482 mquales
1573 412 1839 478 habeant;
1861 415 2057 470 etenim
2087 426 2133 481 Α
2161 413 2399 469 Arietem
2445 412 2583 468 dixit
2635 427 2741 467 non
2785 411 2969 467 videre
2999 411 3216 468 Libram
3246 423 3466 486 propter
3503 413 3728 483 interje-

493 501 696 556 antaaci
742 501 938 565 nostri,
981 516 1104 556 cum
1133 510 1217 558 est
1247 503 1420 558 hiems
1454 506 1632 570 nobis,
1668 507 1912 561 umbram
1957 507 2053 571 ha-

495 592 624 648 bent
679 591 1016 660 breviorem;
1048 609 1148 649 nos
1193 609 1321 648 vero
1352 594 1724 666 longissimam
1761 616 1774 651 :
1808 597 2051 652 vicissim

493 695 698 753 autem,
727 702 850 741 cum
893 695 1139 743 aestatem
1176 688 1460 755 habemus,
1496 692 1702 746 umbra
1733 700 1862 748 sunt
1897 693 2052 747 nobis

492 777 854 839 brevissimae,
890 778 997 833 illis
1031 779 1380 849 longissimae.
1404 780 1539 836 Tum
1587 783 1896 852 praepositio
1931 784 2053 836 ἀντὶ

492 884 886 938 nonnunquam
938 872 1302 940 aequalitatem
1357 873 1646 944 signiﬁcat,
1679 882 1736 928 ut
1787 873 2049 940 ἀντίθεος,

492 961 636 1030 quod
671 964 878 1017 notavit
905 963 1142 1020 Achilles
1176 963 1364 1021 Tatius
1396 967 1462 1020 ad
1495 967 1645 1021 Arati
1678 966 2048 1020 Plta'nomena.

492 1051 550 1106 ιη
581 1053 682 1108 hac
711 1054 1064 1109 antisciorum
1101 1059 1330 1122 ratione,
1371 1075 1433 1113 ac
1457 1059 1575 1114 loco
1605 1058 1822 1113 Firmici
1857 1061 2050 1113 imma-

489 1147 634 1198 niter
675 1143 945 1199 aberravit
973 1147 1054 1200 vir
1088 1148 1375 1209 maximus,
1413 1157 1470 1202 ut
1517 1148 1636 1217 ejus
1679 1149 1820 1203 simii
1873 1149 2053 1204 verbis

491 1242 632 1301 utar,
669 1237 763 1306 qui
810 1238 944 1292 nihil
975 1255 1041 1294 ex
1084 1239 1208 1304 isto,
1243 1241 1346 1294 nisi
1381 1240 1582 1295 fastum
1637 1250 1691 1295 et
1722 1242 2052 1318 praecipitem

489 1328 871 1384 conﬁdentiam
892 1332 1180 1402 expressit.
1207 1331 1342 1387 Nam
1379 1335 1432 1388 in
1464 1319 1794 1397 Manilianis,
1825 1333 2054 1388 antiscia

489 1435 549 1475 se
578 1430 816 1476 veterum
849 1421 1115 1478 hactenus
1138 1424 1317 1494 ignota
1347 1425 1579 1494 primum
1617 1425 1856 1478 omnium
1890 1425 2058 1494 expli-

490 1527 647 1568 casse
673 1512 841 1596 jac-tat
864 1515 938 1596 (p.
967 1514 1067 1568 155
1095 1523 1147 1568 et
1165 1515 1308 1585 159),
1329 1523 1382 1570 et
1414 1517 1824 1582 mathematicos
1844 1533 2052 1582 omnes,

499 1604 648 1690 quod
691 1605 1007 1660 nesciebant
1027 1607 1298 1663 docuisse.
1322 1607 1490 1679 igitur
1518 1610 1748 1665 antiscia
1782 1610 2056 1670 veteribus

491 1697 649 1767 signa
669 1696 759 1750 illa
779 1696 946 1762 fuisse
965 1697 1116 1770 dicit,
1134 1716 1252 1770 qua:
1272 1715 1299 1753 a
1319 1701 1535 1772 punctis
1553 1713 1784 1773 quatuor
1802 1701 2055 1756 cardina-

2153 515 2300 561 ctam
2361 513 2584 560 terram.
2615 504 2824 578 Quibus
2873 503 3129 558 nimirum
3187 507 3548 576 significabat,
3581 507 3729 561 aliud

2153 613 2276 652 esse
2331 598 2566 669 signum,
2591 596 2738 666 quod
2770 595 2927 650 Aries
2964 595 3130 660 videt,
3160 596 3263 650 hoc
3309 606 3394 651 est
3422 597 3724 667 Virginem.

2161 687 2308 753 Quid
2367 688 2661 742 absurdius
2713 677 3079 753 Scaligeriana
3124 688 3228 741 ista
3268 690 3494 750 ratione,
3528 688 3636 741 dici
3665 690 3729 743 ab

2164 778 2435 833 Antiocho
2465 780 2697 835 Arietem
2725 795 2787 834 ac
2809 779 3026 834 Libram
3056 779 3284 833 antiscia
3318 781 3494 849 signa,
3522 781 3627 834 hoc
3653 793 3732 836 est

2164 869 2426 933 videntia,
2458 879 2517 924 ut
2569 887 2634 926 ex
2684 871 2972 926 Ptolemzeo
3024 871 3332 935 docuimus,
3381 887 3506 940 quae
3556 886 3618 924 se
3663 872 3730 924 ob

2153 969 2357 1016 terram
2413 963 2750 1032 interjectam
2805 965 2988 1018 videre
3032 980 3140 1018 non
3187 965 3454 1034 possunt?
3504 962 3560 1017 Si
3611 964 3729 1033 βὶέ-

2155 1069 2323 1106 ποντα
2351 1063 2498 1118 sunt,
2525 1054 2834 1122 cujusmodi
2873 1055 2986 1108 sola
3019 1061 3149 1109 sunt
3183 1056 3412 1111 antiscia
3433 1097 3446 1119 ,
3484 1057 3730 1125 profecto

2152 1144 2336 1199 videre
2369 1161 2427 1201 se
2459 1157 2650 1200 mutuo
2683 1145 2898 1200 debent.
2929 1146 3120 1202 Caecus
3150 1147 3441 1201 admodum
3488 1146 3615 1210 fuit,
3650 1149 3735 1202 ni-

2154 1236 2434 1306 miumque
2472 1252 2930 1307 properans,cum
2951 1238 3098 1293 hunc
3122 1237 3342 1293 Firmici
3377 1241 3561 1294 locum
3587 1241 3734 1311 lege-

2153 1334 2256 1392 ret,
2283 1329 2376 1399 qui
2400 1337 2509 1383 tam
2547 1338 2792 1401 apertum
2820 1330 3131 1385 conﬂictum
3163 1332 3446 1387 sententiae
3476 1349 3592 1387 suae
3625 1349 3734 1387 non

2155 1420 2556 1474 animadvertit.
2607 1419 2672 1476 Et
2716 1429 2900 1476 tamen
2949 1423 3148 1492 sazpius
3189 1422 3256 1478 de
3291 1424 3546 1478 antisciis
3578 1431 3735 1478 vete-

2154 1524 2276 1564 rum
2301 1525 2329 1562 a
2357 1525 2416 1565 se
2447 1511 2680 1581 primum
2711 1512 2994 1581 explicatis
3029 1522 3082 1566 et
3111 1513 3399 1583 patefactis
3427 1514 3736 1585 triumphat

2157 1601 2398 1671 Scaliger
2433 1619 2446 1656 :
2487 1604 2541 1657 in
2567 1603 2766 1674 quibus
2798 1603 2931 1657 nihil
2961 1603 3094 1657 vidit
3130 1604 3370 1659 omnino.

2225 1691 2508 1749 Postremo
2557 1704 2616 1750 ut
2674 1693 2742 1748 ad
2791 1693 2994 1748 Manilii
3053 1703 3106 1750 ct
3161 1693 3314 1749 Pauli
3373 1695 3735 1750 Alexandrini

495 1788 642 1844 libus
664 1805 729 1845 ex
757 1805 911 1860 aequo
939 1791 1171 1860 distant;
1195 1793 1297 1846 hoc
1326 1801 1410 1848 est
1435 1804 1541 1849 iam
1575 1795 2048 1865 audientia,qu3m
2081 1775 2123 1830 Β
2150 1785 2390 1840 videntia
2421 1793 2474 1840 et
2500 1784 2776 1841 audientia
2812 1785 2965 1856 signa
2992 1786 3177 1841 redeat
3207 1789 3404 1852 oratio,
3431 1790 3733 1843 verisimile

490 1880 753 1936 videntia.
784 1880 953 1936 Porro
1011 1899 1134 1937 cum
1187 1884 1348 1940 iidem
1388 1896 1597 1941 veteres
1625 1887 1966 1957 aequinoctia,
1995 1893 2049 1939 et

488 1969 725 2026 solstitia
749 1972 1012 2026 committi
1042 1971 1328 2027 crederent
1351 1973 1405 2027 in
1425 1975 1552 2030 totis
1575 1972 2046 2028 dodecatemoriis.

489 2060 822 2132 tricenisque
853 2062 1132 2132 gradibus,
1167 2063 1292 2118 inde
1335 2063 1629 2126 accidisse,
1657 2072 1717 2117 ut
1738 2077 1790 2117 ct
1820 2063 2048 2117 audien-

487 2151 564 2206 tia
591 2152 680 2206 illa
707 2151 968 2217 facerent,
1005 2169 1125 2224 qua:
1153 2170 1218 2208 ex
1248 2170 1404 2224 aequo
1433 2154 1638 2209 distant
1661 2155 1728 2208 ab
1759 2155 1941 2209 Ariete
1967 2154 2049 2208 vel

488 2239 675 2316 Libra,
707 2251 760 2298 et
807 2244 1064 2307 videntia,
1109 2260 1228 2314 quae
1263 2245 1331 2316 ab
1376 2244 1590 2300 Cancro
1620 2252 1674 2299 et
1714 2244 2050 2316 Capricorno

487 2333 620 2388 totis
656 2349 720 2388 ex
758 2349 914 2404 (equo
945 2344 1150 2390 remota
1183 2345 1330 2392 sunt.
1387 2337 1512 2391 Haec
1563 2353 1594 2391 a
1659 2337 1889 2392 veritate
1925 2345 2051 2393 sunt

489 2422 845 2496 alienissima.
900 2423 1120 2480 Falsum
1153 2434 1238 2482 est
1283 2427 1535 2498 antiquos
1592 2427 1819 2482 antiscia
1877 2427 2053 2482 nomi-

487 2529 652 2572 nasse
680 2518 831 2587 sEgna
866 2517 1129 2588 ulla,qua:
1149 2519 1216 2574 ab
1237 2519 1461 2591 integris
1485 2518 1852 2575 cardinalibus
1879 2519 2052 2591 signis

485 2608 683 2678 πηιλοιί
719 2608 896 2678 spatio
942 2611 1234 2675 distarent,
1278 2611 1545 2682 siquidem
1603 2611 1737 2682 ipsis
1773 2612 2050 2682 signorum

488 2696 662 2774 initiis
725 2698 978 2754 cardines
1048 2699 1343 2770 alligerent.
1401 2699 1538 2756 Tum
1593 2700 1647 2754 in
1697 2701 2051 2754 antisciorum

487 2785 757 2841 οἰκειώσει
787 2789 904 2842 sola
935 2799 1135 2860 puncta
1173 2790 1484 2844 solstitialia
1520 2789 1696 2844 locum
1727 2789 2051 2856 habuerunt,

488 2896 600 2936 non
629 2881 1065 2952 mquinoctialia;
1096 2897 1271 2952 neque
1321 2889 1434 2940 tota
1486 2883 1601 2952 ipsa
1647 2880 1842 2934 Cancri
1872 2888 1926 2934 et
1949 2878 2054 2933 Ca-

487 2973 733 3043 pricorni
771 2973 1227 3036 dodecatemoria,
1253 2971 1346 3027 sed
1377 2972 1468 3026 illa
1498 2972 1614 3042 ipsa
1649 2979 1846 3042 puncta
1873 2969 2055 3026 solsti-

488 3066 713 3120 tiorum.
755 3063 973 3118 Nullum
1004 3063 1315 3119 vanissima:
1358 3063 1630 3133 opinionis
1671 3071 2046 3135 argumentum

2150 1883 2232 1928 est
2290 1874 2431 1928 hanc
2492 1875 2707 1928 illorum
2757 1875 3046 1937 rationem,
3082 1891 3204 1944 qua:
3235 1876 3390 1945 paria
3441 1877 3730 1945 signorum

2150 1966 2385 2020 instituit
2415 1966 2708 2036 ejusmodi,
2730 1982 2850 2036 quae
2879 1982 2986 2020 non
3029 1982 3058 2020 a
3085 1967 3302 2037 punctis
3323 1967 3728 2032 cardinalibus,

2150 2057 2242 2111 sed
2287 2057 2368 2125 ab.
2400 2058 2627 2128 integris
2661 2073 2850 2113 eorum
2888 2058 3343 2114 dodecatemoriis
3386 2061 3506 2130 pari
3553 2062 3728 2130 spatia

2148 2147 2372 2212 distant,
2407 2164 2473 2203 ex
2503 2150 2593 2202 illa
2621 2157 2885 2213 veterum,
2909 2165 3070 2218 quam
3101 2166 3263 2220 supra
3289 2149 3715 2213 declaravimus,

2149 2237 2406 2309 Opinione
2460 2243 2906 2309 manasse;'quae
2951 2246 3154 2309 puncta
3181 2238 3370 2293 eadem
3410 2254 3518 2293 non
3550 2239 3726 2296 initiis

2152 2331 2455 2402 signorum,
2498 2330 2591 2386 sed
2633 2330 2830 2390 mediis
2857 2331 2993 2401 ipsis
3023 2315 3376 2400 ascripserat.
3404 2329 3474 2383 ita
3517 2333 3723 2401 quippe

2151 2430 2264 2476 tam
2318 2422 2644 2492 imperantia
2699 2429 2754 2477 et
2807 2422 3174 2478 auscultantia
3205 2421 3408 2478 distant
3434 2424 3718 2491 aequaliter

2153 2515 2222 2569 ab
2270 2515 2745 2586 aequinoctialibus
2795 2516 3032 2585 punctis,
3061 2531 3226 2586 quam
3276 2530 3307 2568 a
3355 2516 3568 2586 trepicis
3592 2515 3717 2584 βλέ-

2152 2622 2353 2672 ποντα;
2421 2607 2647 2661 antiscia
2675 2621 2801 2661 vero
2831 2607 3101 2662 nominari
3129 2607 3244 2661 sola
3275 2606 3390 2660 haec
3421 2608 3720 2676 posteriora

2152 2697 2371 2752 debent.
2417 2696 2491 2752 De
2541 2698 2694 2752 hisce
2739 2697 2864 2752 vide
2917 2695 3279 2753 Mirandulani
3301 2698 3726 2769 disputationem

2151 2789 2245 2844 lib.
2274 2788 2340 2841 Vl
2369 2798 2558 2850 contra
2590 2789 2776 2843 astrol.
2807 2803 2928 2858 cap.
2962 2787 3078 2843 ΧΠ.

2712 2901 2940 2956 CAPUT
2984 2901 3120 2957 Vill.

2153 2992 2233 3048 De
2257 2992 2622 3066 dignoscendis
2650 2994 2920 3047 stellarum
2954 2996 3155 3048 ortibus
3203 3003 3252 3048 et
3283 2995 3582 3057 occasibus,
3604 3014 3732 3066 quo-_

2226 3081 2343 3117 rum
2366 3063 2504 3132 apud
2533 3074 2771 3118 auctores
2805 3067 2999 3118 mentio
3040 3065 3098 3133 ﬁt
3141 3081 3158 3118 :
3198 3082 3312 3134 qua:
3340 3082 3421 3118 res
3451 3063 3727 3121 certis-re-

489 3153 640 3210 aliud
683 3152 926 3226 Scaliger
977 3153 1180 3217 attulit,
1220 3154 1326 3208 nisi
1366 3115 1582 3206 Frirmici
1620 3115 1796 3207 ιοριιῗιι
1824 3153 1941 3221 (lib.
1978 3151 2044 3212 ιι.
2075 3115 2116 3173 (³
2215 3115 2445 3226 ρκξξξι
2468 3115 3724 3226 cf"???fflblrgflifféTfffolellff'ff'fsffuga.

489 3259 542 3309 ρ.
577 3226 816 3314 XXXII),
849 3257 1011 3320 quem
1068 3241 1302 3312 pessime
1351 3241 1739 3310 interpretatus
1783 3247 1886 3294 est.
1917 3238 2052 3306 Ejus

490 3335 778 3406 scriptoris
812 3335 974 3390 verba
1007 3343 1134 3389 sunt
1172 3351 1184 3386 :
1227 3351 1246 3383 ‹
1283 3331 1546 3396 Antiscia,
1579 3329 1889 3384 Graecorum
1921 3335 2050 3382 sunt

489 3426 652 3501 nobis
683 3427 996 3498 magisterio
1044 3424 1261 3498 tradita.
1293 3423 1426 3492 Nolo
1451 3425 1597 3490 enim
1625 3423 1823 3494 aliquis
1872 3422 2052 3492 suspi-

491 3526 666 3592 cetur,
702 3519 846 3590 quod
903 3533 1012 3574 non
1070 3518 1141 3574 sit
1188 3517 1330 3588 apud
1363 3516 1579 3573 Gnaeos
1623 3517 1726 3572 iste
1761 3509 2048 3579 tractatus.

491 3610 630 3666 Nam
659 3612 706 3668 si
731 3611 1050 3669 Ptolemaeus
1066 3613 1268 3667 nullam
1295 3613 1454 3666 aliam
1487 3612 1751 3666 rationem
1783 3611 2048 3681 sequitur,

491 3701 608 3757 nisi“
654 3703 1032 3767 antisciorum,
1073 3711 1128 3757 et
1181 3703 1502 3767 Antiochus,
1538 3717 1661 3757 cum
1717 3703 1849 3756 dicit
1907 3700 2051 3771 quod

493 3793 658 3851 Libra
683 3794 919 3850 Arietem
948 3805 1166 3864 propter
1197 3803 1419 3859 terram,
1451 3811 1572 3866 quae
1607 3794 1778 3850 media
1813 3804 1912 3860 est,
1942 3810 2051 3848 non

493 3885 708 3954 videat;
741 3886 894 3956 quasi
930 3902 1026 3956 per
1052 3888 1330 3957 speculum
1364 3873 1583 3958 quidem
1619 3888 1882 3942 rationem
1913 3887 2054 3940 anti-

495 3981 735 4038 sciorum
774 3984 1009 4054 attingit.
1054 4004 1073 4037 ι
1109 3983 1339 4054 Subjicit
1370 3984 1457 4038 his
1499 3981 1765 4034 Firmicus
1790 3979 2052 4033 antiscio-

495 4089 618 4130 rum
672 4075 1092 4146 descriptionem
1134 4092 1199 4132 ex
1255 4075 1523 4131 Dorotheo
1563 4073 1809 4133 Sidonio,
1843 4071 2053 4142 qualem

494 4181 598 4221 nos
654 4172 811 4221 antea
866 4167 1232 4231 reddidimus,
1265 4149 1514 4222 videlicet
1549 4166 1603 4220 in
1643 4181 1748 4236 qua
1789 4165 1942 4231 signa
1975 4161 2057 4215 di-

496 4262 642 4312 stant
673 4254 952 4325 :equaliter
990 4270 1019 4306 a
1042 4255 1277 4324 'punctis
1308 4257 1530 4324 trepicis
1561 4274 1573 4309 :
1603 4270 1724 4324 quae
1754 4253 1913 4306 unica
1949 4257 2053 4314 est,

495 4353 550 4402 et
576 4345 860 4401 verissima
889 4343 1030 4402 ratio
1053 4342 1160 4396 τῶν
1193 4344 1505 4408 ἀντισκιων,
1530 4344 1784 4398 vetustati
1816 4340 2051 4409 cognita.

2231 3203 2470 3264 Plinius.
2511 3203 2826 3276 Columella,
2863 3204 3202 3270 Plolema‘us,
3239 3206 3432 3273 aliique
3471 3207 3551 3259 vel
3602 3209 3729 3260 illu-

2229 3277 2412 3336 strati,
2446 3274 2523 3327 vel
2559 3274 2851 3345 eniendgli;
2886 3292 3001 3344 quw
3027 3276 3092 3327 sit
3124 3277 3423 3327 admissura
3463 3286 3727 3345 tempora-

2223 3346 2328 3408 ria,
2358 3355 2407 3398 et
2443 3347 2695 3398 serotina.
2727 3343 2976 3398 Geueseos
3011 3345 3155 3398 locus
3175 3347 3482 3414 'ea‘ponitur.
3570 3343 3593 3361 ²

2235 3433 2339 3499 Qui
2368 3449 2432 3488 ex
2469 3434 2851 3488 astronomicis
2898 3433 3098 3493 tabulis
3135 3441 3523 3502 computantur
3550 3442 3721 3498 ortus,

2156 3522 2454 3592 obitusque
2509 3523 2809 3586 stellarum,
2857 3522 3044 3590 quales
3099 3521 3153 3574 in
3213 3520 3318 3575 line
3385 3521 3513 3575 libri
3563 3522 3722 3590 primi

2152 3616 2564 3686 descripsimus,
2591 3617 2626 3669 ii
2656 3616 2765 3669 veri
2799 3623 2944 3681 sunt,
2969 3623 3022 3670 et
3053 3614 3315 3686 ἀκριϐεῖς,
3347 3630 3446 3669 nec
3468 3614 3539 3668 ad
3568 3615 3722 3685 liqui-

2153 3709 2281 3762 dum
2332 3717 2672 3778 apparentes,
2704 3709 2866 3761 etiam
2903 3707 3130 3772 bellaci;
3161 3722 3284 3760 nam
3316 3707 3370 3759 in
3409 3706 3514 3760 hoc
3545 3714 3721 3776 poste-

2153 3799 2282 3852 riori
2333 3814 2525 3868 genere
2577 3799 2664 3867 (de
2719 3799 2927 3852 caeteris
2974 3799 3116 3853 enim
3155 3798 3436 3866 explorata
3472 3814 3563 3852 res
3618 3806 3720 3860 est,

2154 3905 2494 3960 nequaquam
2525 3905 2620 3944 eos
2665 3891 2779 3944 visu
2810 3905 2972 3959 posse
3006 3890 3270 3961 discerni)
3306 3891 3537 3944 extremi
3559 3905 3725 3960 appa~

2154 3985 2368 4038 ritionis
2401 3984 2617 4036 termini
2653 3985 3012 4053 colliguntur;
3050 3984 3148 4036 hoc
3179 3994 3260 4036 est
3284 3991 3556 4038 momenta
3582 3982 3717 4053 ipsa.

2155 4077 2210 4130 in
2245 4077 2445 4146 quibus
2479 4077 2550 4130 ita
2600 4077 2774 4146 primo
2836 4086 3177 4146 postremove
3207 4083 3530 4137 cernuntur,
3562 4084 3617 4128 ut
3644 4075 3720 4137 ci:

2156 4176 2240 4220 tra
2269 4183 2331 4222 ea
2361 4168 2532 4221 videri
2567 4167 2838 4221 desinant.
2877 4165 3240 4232 Quamobrem
3275 4166 3419 4236 quod
3450 4175 3564 4219 tum
3595 4180 3718 4235 pro-

2156 4259 2279 4328 pius
2329 4258 2648 4334 contingunt
2685 4257 3059 4321 horizontem,
3090 4266 3143 4310 et
3175 4258 3474 4326 interjectis
3507 4256 3717 4310 nebulis

2165 4367 2228 4406 ac
2247 4350 2539 4420 vaporibus
2571 4350 2886 4423 plerumque
2911 4350 3077 4402 latent
3101 4347 3368 4412 adltuc,et
3399 4348 3718 4415 intuentium

494 4439 564 4494 Ᾱῐ
597 4438 840 4508 Scaliger
863 4437 1060 4492 ex
1091 4434 1313 4490 Firmici
1346 4436 1525 4489 verbis
1562 4435 1765 4505 COiligil
1795 4434 2051 4504 primum,
2086 4449 2130 4503 Β
2162 4441 2490 4495 frustrantur
2536 4439 2759 4506 oculos,
2794 4440 2920 4493 hinc
2953 4438 3092 4508 apud
3139 4439 3436 4508 scriptores
3479 4455 3603 4492 raro
3634 4438 3720 4490 illa

494 4531 562 4585 τὰ
593 4532 1002 4602 προστάσσοντα
1041 4538 1264 4592 tantum,
1295 4535 1350 4581 et
1395 4527 1732 4580 ὑπακούοντα
1769 4544 1787 4574 ι
1827 4522 2056 4578 antiscia

494 4624 680 4678 vocari
718 4640 736 4676 ι
776 4639 805 4675 a
864 4619 1097 4675 Firmico
1135 4631 1289 4675 :tum
1339 4619 1568 4694 antiscia
1615 4616 1864 4671 Antiochi
1920 4615 2057 4670 falso

495 4731 621 4772 cum
649 4696 997 4787 Ptolemaicis
1028 4712 1309 4777 confundi,
1353 4726 1474 4765 cum
1507 4711 1616 4765 sint
1644 4711 1891 4770 diversa;
1929 4723 2054 4761 nam

493 4790 749 4864 Antiochi
775 4804 1005 4860 antiscia
1033 4811 1161 4860 sunt
1189 4803 1278 4856 illa
1307 4811 1570 4864 veterum,
1602 4801 1653 4854 in
1682 4800 1879 4870 quibus
1903 4813 2055 4852 com-

493 4899 648 4968 paria
678 4896 833 4975 signa
859 4897 926 4951 ab
949 4895 1174 4966 integris
1207 4893 1662 4949 dodecatemoriis
1686 4891 2056 4946 cardinalibus

493 5005 561 5045 ex
587 5004 741 5060 aequo
774 4994 1141 5050 removentur,
1174 4994 1234 5065 ut
1270 4991 1398 5041 sunt
1427 4985 1584 5039 Aries
1626 4992 1681 5039 et
1717 4982 1899 5039 Libra.
1933 4982 2057 5038 Haec

499 5079 762 5152 Scaliger.
811 5079 871 5135 In
900 5081 1100 5150 quibus
1140 5088 1248 5134 tam
1287 5079 1353 5133 ab
1398 5077 1476 5132 rei
1527 5076 1773 5139 veritate,
1827 5089 1990 5145 quam
2024 5089 2055 5129 a

497 5179 680 5226 mente
724 5171 948 5226 Firmici
1013 5179 1161 5226 totus
1221 5171 1458 5224 aberrat.
1508 5168 1779 5222 Firmicus
1828 5168 2058 5224 antiscia

499 5263 617 5334 sola
661 5263 752 5318 illa
785 5265 938 5334 signa
974 5263 1246 5324 nominat,
1275 5277 1393 5332 quae
1421 5260 1744 5315 Ptolemaeus
1773 5260 2055 5330 βλέποντα,

499 5363 611 5426 non
643 5351 984 5422 imperantia,
1011 5353 1268 5407 nimirum
1291 5367 1354 5407 ea
1384 5351 1803 5420 duntaxat,qu:n
1853 5366 1881 5406 a
1925 5366 2060 5420 pun-

500 5438 606 5503 ctis
652 5442 1033 5515 solstitialibus
1087 5443 1372 5513 aequaliter
1412 5441 1654 5508 distant;
1691 5455 1790 5514 nec
1819 5447 1947 5496 sunt
1973 5440 2058 5494 di-

499 5545 678 5596 versa,
718 5547 838 5602 quae
880 5531 1184 5588 Antiochus
1214 5533 1514 5596 astruebat,
1551 5533 1620 5586 ab
1649 5532 1898 5587 antisciis
1935 5530 2061 5586 Pto—

501 5622 678 5679 lemtei
721 5632 813 5678 aut
859 5622 1102 5681 Firmici.
1137 5623 1464 5678 Antiochum
1508 5624 1583 5678 ait
1621 5621 1890 5680 Firmicus
1921 5624 2062 5678 anti-

501 5717 742 5786 sciorum
806 5715 1039 5782 obscure
1090 5715 1407 5772 meminisse
1451 5715 1633 5772 verbis
1674 5715 1818 5782 illis,
1863 5715 2060 5785 quibus

2159 4533 2349 4588 eadem
2381 4531 2764 4603 exprimuntur
2814 4539 3078 4600 tempora,
3111 4546 3229 4598 qua:
3275 4530 3722 4602 tabularumme-

2158 4624 2357 4677 thodus
2389 4623 2637 4689 exhibet;
2669 4622 2762 4679 sed
2796 4623 3070 4692 aliquanto
3109 4629 3250 4685 ante,
3281 4622 3364 4675 vel
3400 4629 3606 4690 postea,
3634 4635 3722 4672 or-

2158 4723 2249 4770 tus
2272 4725 2326 4772 ct
2346 4730 2578 4770 occasus
2607 4715 2683 4768 illi
2716 4714 3047 4769 referuntur.
3074 4713 3150 4766 Ac
3183 4719 3310 4766 sunt
3339 4726 3399 4766 ea
3433 4710 3720 4782 repetenda

2157 4808 2441 4871 memoria,
2479 4821 2600 4876 qua:
2626 4823 2694 4860 ex
2727 4804 2954 4860 Gemino
2983 4805 3119 4874 (cap.
3149 4802 3240 4866 XI,
3265 4818 3385 4872 pag.
3417 4802 3507 4872 28)
3546 4801 3721 4871 capite

2158 4895 2323 4966 hujus
2344 4897 2463 4950 libri
2489 4897 2652 4952 tertio
2673 4895 3030 4962 tradidimus;
3062 4902 3213 4948 ortus
3242 4908 3579 4962 occasusque
3605 4907 3720 4944 ma-

2157 4989 2365 5058 tutinos
2423 5004 2603 5053 veros,
2637 4989 2750 5043 sive
2793 5002 2902 5040 non
2954 4996 3297 5057 apparentes,
3334 4985 3545 5054 priores
3595 4997 3720 5048 esse

2159 5079 2522 5150 φαινομένοις,
2559 5079 2610 5133 id
2637 5083 2732 5134 est
2754 5095 2772 5128 ‹
2806 5077 3254 5147 θρρθτθιιιὶὺυεςι
3281 5083 3474 5131 contra
3499 5088 3720 5143 vesper-

2157 5173 2306 5226 tinos
2337 5177 2656 5240 apparentes
2686 5168 2837 5237 prius
2873 5169 3120 5223 accidere
3147 5182 3308 5237 quam
3339 5180 3498 5221 veros
3530 5185 3542 5218 :
3574 5162 3726 5234 quod

2157 5271 2212 5318 et
2249 5278 2338 5316 res
2396 5263 2512 5330 ipsa
2566 5260 2755 5324 docet,
2785 5267 2838 5313 et
2887 5273 3008 5328 qua:
3038 5259 3090 5312 in
3121 5257 3439 5312 laterculum
3487 5254 3725 5323 conjeci-

2159 5370 2282 5409 mus
2332 5353 2579 5422 exempla
2608 5351 3003 5407 demonstrant.
3031 5349 3108 5404 lbi
3148 5350 3290 5404 enim
3323 5346 3516 5402 beliaci
3542 5358 3723 5411 ortus,

2162 5443 2275 5497 sive
2297 5442 2546 5496 matutini
2575 5449 2918 5512 apparentes,
2945 5440 3196 5496 cosmicis
3219 5439 3548 5508 posteriores
3572 5447 3724 5504 sunt,

2160 5545 2215 5591 et
2244 5549 2474 5589 occasus
2507 5534 2718 5598 heliaci,
2738 5534 2851 5588 sive
2877 5539 3202 5603 apparentes
3223 5531 3536 5601 vespertini,
3565 5546 3727 5585 acro-

2162 5623 2390 5696 nychos,
2420 5639 2515 5679 seu
2545 5624 2887 5694 vespertinos
2928 5639 3085 5679 veros
3123 5622 3474 5681 antecedunt.
3504 5621 3645 5676 Tum
3673 5625 3726 5677 in

2165 5715 2491 5787 vespertinis
2523 5715 2732 5772 ortibus
2755 5727 2806 5773 et
2828 5715 3108 5774 matutinis
3134 5715 3440 5779 occasibus,
3466 5731 3493 5769 a
3526 5715 3724 5785 quibus
