  <div class='ocr_page' id='page_1' title='image "/cluster/home/n/w/nwhite01/storage/ocr_20150623/19/hvd.32044073501199/692.png"; bbox 0 0 2018 3109; ppageno 0'>
   <div class='ocr_carea' id='block_1_1' title="bbox 150 174 222 204">
    <p class='ocr_par' dir='ltr' id='par_1_1' title="bbox 150 174 222 204">
     <span class='ocr_line' id='line_1_1' title="bbox 150 174 222 204; baseline 0.028 -2"><span class='ocrx_word' id='word_1_1' title='bbox 150 174 222 204; x_wconf 75' lang='grc'><strong>1369</strong></span> 
     </span>
    </p>
   </div>
   <div class='ocr_carea' id='block_1_2' title="bbox 150 230 936 275">
    <p class='ocr_par' dir='ltr' id='par_1_2' title="bbox 150 230 936 275">
     <span class='ocr_line' id='line_1_2' title="bbox 150 230 936 275; baseline 0.013 -17"><span class='ocrx_word' id='word_1_2' title='bbox 150 230 232 267; x_wconf 81' lang='lat' dir='ltr'><strong>longe</strong></span> <span class='ocrx_word' id='word_1_3' title='bbox 247 232 347 260; x_wconf 82' lang='lat' dir='ltr'><strong>absunt</strong></span> <span class='ocrx_word' id='word_1_4' title='bbox 360 233 469 266; x_wconf 89' lang='lat' dir='ltr'><strong>heliaci,</strong></span> <span class='ocrx_word' id='word_1_5' title='bbox 485 233 556 262; x_wconf 91' lang='lat' dir='ltr'><strong>idem</strong></span> <span class='ocrx_word' id='word_1_6' title='bbox 574 238 709 270; x_wconf 88' lang='lat' dir='ltr'><strong>usuvenit,</strong></span> <span class='ocrx_word' id='word_1_7' title='bbox 726 238 765 265; x_wconf 99' lang='lat' dir='ltr'><strong>uti</strong></span> <span class='ocrx_word' id='word_1_8' title='bbox 783 247 834 267; x_wconf 92' lang='lat' dir='ltr'><strong>nos</strong></span> <span class='ocrx_word' id='word_1_9' title='bbox 848 241 936 275; x_wconf 92' lang='lat' dir='ltr'><strong>capite</strong></span> 
     </span>
    </p>
   </div>
   <div class='ocr_carea' id='block_1_3' title="bbox 152 277 933 320">
    <p class='ocr_par' dir='ltr' id='par_1_3' title="bbox 152 277 933 320">
     <span class='ocr_line' id='line_1_3' title="bbox 152 277 933 320; baseline 0.012 -15"><span class='ocrx_word' id='word_1_10' title='bbox 152 277 202 306; x_wconf 87' lang='lat' dir='ltr'><strong>illo</strong></span> <span class='ocrx_word' id='word_1_11' title='bbox 216 279 424 309; x_wconf 77' lang='lat' dir='ltr'><strong>declaravimus.</strong></span> <span class='ocrx_word' id='word_1_12' title='bbox 434 280 501 308; x_wconf 90' lang='lat' dir='ltr'><strong>Cum</strong></span> <span class='ocrx_word' id='word_1_13' title='bbox 515 282 587 310; x_wconf 89' lang='lat' dir='ltr'><strong>enim</strong></span> <span class='ocrx_word' id='word_1_14' title='bbox 602 284 642 310; x_wconf 91' lang='lat' dir='ltr'><strong>sol</strong></span> <span class='ocrx_word' id='word_1_15' title='bbox 656 289 749 312; x_wconf 91' lang='lat' dir='ltr'><strong>contra</strong></span> <span class='ocrx_word' id='word_1_16' title='bbox 764 286 843 320; x_wconf 82' lang='lat' dir='ltr'><strong>primi</strong></span> <span class='ocrx_word' id='word_1_17' title='bbox 859 287 933 314; x_wconf 88' lang='lat' dir='ltr'><strong>orbis</strong></span> 
     </span>
    </p>
   </div>
   <div class='ocr_carea' id='block_1_4' title="bbox 149 323 932 363">
    <p class='ocr_par' dir='ltr' id='par_1_4' title="bbox 149 323 932 363">
     <span class='ocr_line' id='line_1_4' title="bbox 149 323 932 363; baseline 0.009 -11"><span class='ocrx_word' id='word_1_18' title='bbox 149 323 283 360; x_wconf 86' lang='lat' dir='ltr'><strong>impetum</strong></span> <span class='ocrx_word' id='word_1_19' title='bbox 294 334 388 354; x_wconf 90' lang='lat' dir='ltr'><strong>versus</strong></span> <span class='ocrx_word' id='word_1_20' title='bbox 398 328 500 354; x_wconf 90' lang='lat' dir='ltr'><strong>ortivas</strong></span> <span class='ocrx_word' id='word_1_21' title='bbox 518 329 578 355; x_wconf 72' lang='lat' dir='ltr'><strong>cteli</strong></span> <span class='ocrx_word' id='word_1_22' title='bbox 590 334 681 363; x_wconf 87' lang='lat' dir='ltr'><strong>partes</strong></span> <span class='ocrx_word' id='word_1_23' title='bbox 693 331 726 358; x_wconf 89' lang='lat' dir='ltr'><strong>ab</strong></span> <span class='ocrx_word' id='word_1_24' title='bbox 735 332 856 359; x_wconf 83' lang='lat' dir='ltr'><strong>occiduis</strong></span> <span class='ocrx_word' id='word_1_25' title='bbox 869 340 932 359; x_wconf 83' lang='lat' dir='ltr'><strong>stto-</strong></span> 
     </span>
    </p>
   </div>
   <div class='ocr_carea' id='block_1_5' title="bbox 149 372 932 408">
    <p class='ocr_par' dir='ltr' id='par_1_5' title="bbox 149 372 932 408">
     <span class='ocr_line' id='line_1_5' title="bbox 149 372 932 408; baseline 0.009 -11"><span class='ocrx_word' id='word_1_26' title='bbox 149 374 197 405; x_wconf 87' lang='lat' dir='ltr'><strong>pte</strong></span> <span class='ocrx_word' id='word_1_27' title='bbox 220 375 294 398; x_wconf 91' lang='lat' dir='ltr'><strong>motu</strong></span> <span class='ocrx_word' id='word_1_28' title='bbox 312 372 443 406; x_wconf 81' lang='lat' dir='ltr'><strong>rapiatur,</strong></span> <span class='ocrx_word' id='word_1_29' title='bbox 460 374 576 406; x_wconf 83' lang='lat' dir='ltr'><strong>stellam,</strong></span> <span class='ocrx_word' id='word_1_30' title='bbox 598 375 642 402; x_wconf 93' lang='lat' dir='ltr'><strong>ubi</strong></span> <span class='ocrx_word' id='word_1_31' title='bbox 667 381 829 405; x_wconf 85' lang='lat' dir='ltr'><strong>consecutus</strong></span> <span class='ocrx_word' id='word_1_32' title='bbox 850 381 902 408; x_wconf 89' lang='lat' dir='ltr'><strong>est,</strong></span> <span class='ocrx_word' id='word_1_33' title='bbox 917 385 932 404; x_wconf 90' lang='lat' dir='ltr'><strong>a</strong></span> 
     </span>
    </p>
   </div>
   <div class='ocr_carea' id='block_1_6' title="bbox 151 416 932 457">
    <p class='ocr_par' dir='ltr' id='par_1_6' title="bbox 151 416 932 457">
     <span class='ocr_line' id='line_1_6' title="bbox 151 416 932 457; baseline 0.012 -16"><span class='ocrx_word' id='word_1_34' title='bbox 151 421 229 450; x_wconf 77' lang='lat' dir='ltr'><strong>tergo</strong></span> <span class='ocrx_word' id='word_1_35' title='bbox 242 416 381 451; x_wconf 84' lang='lat' dir='ltr'><strong>relinquit,</strong></span> <span class='ocrx_word' id='word_1_36' title='bbox 398 421 426 445; x_wconf 90' lang='lat' dir='ltr'><strong>et</strong></span> <span class='ocrx_word' id='word_1_37' title='bbox 441 418 468 444; x_wconf 94' lang='lat' dir='ltr'><strong>in</strong></span> <span class='ocrx_word' id='word_1_38' title='bbox 484 420 678 454; x_wconf 87' lang='lat' dir='ltr'><strong>consequentia</strong></span> <span class='ocrx_word' id='word_1_39' title='bbox 695 422 781 456; x_wconf 80' lang='lat' dir='ltr'><strong>magis</strong></span> <span class='ocrx_word' id='word_1_40' title='bbox 793 423 932 457; x_wconf 77' lang='lat' dir='ltr'><strong>magisque</strong></span> 
     </span>
    </p>
   </div>
   <div class='ocr_carea' id='block_1_7' title="bbox 150 460 931 501">
    <p class='ocr_par' dir='ltr' id='par_1_7' title="bbox 150 460 931 501">
     <span class='ocr_line' id='line_1_7' title="bbox 150 460 931 501; baseline 0.009 -15"><span class='ocrx_word' id='word_1_41' title='bbox 150 460 256 487; x_wconf 86' lang='lat' dir='ltr'><strong>nititur.</strong></span> <span class='ocrx_word' id='word_1_42' title='bbox 283 460 320 487; x_wconf 90' lang='lat' dir='ltr'><strong>ita</strong></span> <span class='ocrx_word' id='word_1_43' title='bbox 339 461 369 488; x_wconf 78' lang='lat' dir='ltr'><strong>[lt</strong></span> <span class='ocrx_word' id='word_1_44' title='bbox 393 467 432 495; x_wconf 89' lang='lat' dir='ltr'><strong>ut,</strong></span> <span class='ocrx_word' id='word_1_45' title='bbox 461 470 522 490; x_wconf 93' lang='lat' dir='ltr'><strong>cum</strong></span> <span class='ocrx_word' id='word_1_46' title='bbox 545 464 650 491; x_wconf 91' lang='lat' dir='ltr'><strong>stellam</strong></span> <span class='ocrx_word' id='word_1_47' title='bbox 667 465 693 491; x_wconf 92' lang='lat' dir='ltr'><strong>in</strong></span> <span class='ocrx_word' id='word_1_48' title='bbox 708 467 812 493; x_wconf 87' lang='lat' dir='ltr'><strong>oriente</strong></span> <span class='ocrx_word' id='word_1_49' title='bbox 826 467 931 501; x_wconf 89' lang='lat' dir='ltr'><strong>positus</strong></span> 
     </span>
    </p>
   </div>
   <div class='ocr_carea' id='block_1_8' title="bbox 149 506 931 545">
    <p class='ocr_par' dir='ltr' id='par_1_8' title="bbox 149 506 931 545">
     <span class='ocr_line' id='line_1_8' title="bbox 149 506 931 545; baseline 0.01 -14"><span class='ocrx_word' id='word_1_50' title='bbox 149 506 320 533; x_wconf 82' lang='lat' dir='ltr'><strong>occidentem</strong></span> <span class='ocrx_word' id='word_1_51' title='bbox 334 514 367 534; x_wconf 84' lang='lat' dir='ltr'><strong>ex</strong></span> <span class='ocrx_word' id='word_1_52' title='bbox 383 507 497 535; x_wconf 77' lang='lat' dir='ltr'><strong>adverso</strong></span> <span class='ocrx_word' id='word_1_53' title='bbox 518 510 639 544; x_wconf 86' lang='lat' dir='ltr'><strong>respicit,</strong></span> <span class='ocrx_word' id='word_1_54' title='bbox 658 511 704 545; x_wconf 89' lang='lat' dir='ltr'><strong>qui</strong></span> <span class='ocrx_word' id='word_1_55' title='bbox 723 515 764 538; x_wconf 87' lang='lat' dir='ltr'><strong>est</strong></span> <span class='ocrx_word' id='word_1_56' title='bbox 781 519 861 539; x_wconf 89' lang='lat' dir='ltr'><strong>verus</strong></span> <span class='ocrx_word' id='word_1_57' title='bbox 884 520 931 539; x_wconf 92' lang='lat' dir='ltr'><strong>co-</strong></span> 
     </span>
    </p>
   </div>
   <div class='ocr_carea' id='block_1_9' title="bbox 148 552 930 590">
    <p class='ocr_par' dir='ltr' id='par_1_9' title="bbox 148 552 930 590">
     <span class='ocr_line' id='line_1_9' title="bbox 148 552 930 590; baseline 0.009 -12"><span class='ocrx_word' id='word_1_58' title='bbox 148 552 253 580; x_wconf 89' lang='lat' dir='ltr'><strong>smicus</strong></span> <span class='ocrx_word' id='word_1_59' title='bbox 273 560 398 587; x_wconf 79' lang='lat' dir='ltr'><strong>occasus,</strong></span> <span class='ocrx_word' id='word_1_60' title='bbox 417 554 505 581; x_wconf 85' lang='lat' dir='ltr'><strong>adhuc</strong></span> <span class='ocrx_word' id='word_1_61' title='bbox 521 562 580 582; x_wconf 87' lang='lat' dir='ltr'><strong>eam</strong></span> <span class='ocrx_word' id='word_1_62' title='bbox 599 556 681 583; x_wconf 88' lang='lat' dir='ltr'><strong>radiis</strong></span> <span class='ocrx_word' id='word_1_63' title='bbox 701 557 849 584; x_wconf 86' lang='lat' dir='ltr'><strong>abscondat</strong></span> <span class='ocrx_word' id='word_1_64' title='bbox 862 558 930 590; x_wconf 92' lang='lat' dir='ltr'><strong>suis,</strong></span> 
     </span>
    </p>
   </div>
   <div class='ocr_carea' id='block_1_10' title="bbox 149 597 929 636">
    <p class='ocr_par' dir='ltr' id='par_1_10' title="bbox 149 597 929 636">
     <span class='ocr_line' id='line_1_10' title="bbox 149 597 929 636; baseline 0.008 -13"><span class='ocrx_word' id='word_1_65' title='bbox 149 605 199 624; x_wconf 91' lang='lat' dir='ltr'><strong>nec</strong></span> <span class='ocrx_word' id='word_1_66' title='bbox 225 597 310 630; x_wconf 79' lang='lat' dir='ltr'><strong>videri</strong></span> <span class='ocrx_word' id='word_1_67' title='bbox 338 598 456 633; x_wconf 88' lang='lat' dir='ltr'><strong>patiatur</strong></span> <span class='ocrx_word' id='word_1_68' title='bbox 477 608 483 625; x_wconf 92' lang='lat'>:</span> <span class='ocrx_word' id='word_1_69' title='bbox 509 603 581 634; x_wconf 88' lang='lat' dir='ltr'><strong>post,</strong></span> <span class='ocrx_word' id='word_1_70' title='bbox 598 600 642 627; x_wconf 92' lang='lat' dir='ltr'><strong>ubi</strong></span> <span class='ocrx_word' id='word_1_71' title='bbox 669 601 774 636; x_wconf 81' lang='lat' dir='ltr'><strong>longius</strong></span> <span class='ocrx_word' id='word_1_72' title='bbox 786 601 929 635; x_wconf 82' lang='lat' dir='ltr'><strong>abscessit,</strong></span> 
     </span>
    </p>
   </div>
   <div class='ocr_carea' id='block_1_11' title="bbox 149 643 929 682">
    <p class='ocr_par' dir='ltr' id='par_1_11' title="bbox 149 643 929 682">
     <span class='ocr_line' id='line_1_11' title="bbox 149 643 929 682; baseline 0.009 -14"><span class='ocrx_word' id='word_1_73' title='bbox 149 647 210 669; x_wconf 85' lang='lat' dir='ltr'><strong>ante</strong></span> <span class='ocrx_word' id='word_1_74' title='bbox 228 643 301 671; x_wconf 90' lang='lat' dir='ltr'><strong>illius</strong></span> <span class='ocrx_word' id='word_1_75' title='bbox 317 648 406 670; x_wconf 90' lang='lat' dir='ltr'><strong>ortum</strong></span> <span class='ocrx_word' id='word_1_76' title='bbox 423 644 551 678; x_wconf 87' lang='lat' dir='ltr'><strong>paulatim</strong></span> <span class='ocrx_word' id='word_1_77' title='bbox 567 645 707 672; x_wconf 85' lang='lat' dir='ltr'><strong>cadentem</strong></span> <span class='ocrx_word' id='word_1_78' title='bbox 720 647 929 682; x_wconf 88' lang='lat' dir='ltr'><strong>prospiciamus,</strong></span> 
     </span>
    </p>
   </div>
   <div class='ocr_carea' id='block_1_12' title="bbox 147 688 930 723">
    <p class='ocr_par' dir='ltr' id='par_1_12' title="bbox 147 688 930 723">
     <span class='ocr_line' id='line_1_12' title="bbox 147 688 930 723; baseline 0.008 -9"><span class='ocrx_word' id='word_1_79' title='bbox 147 688 219 723; x_wconf 89' lang='lat' dir='ltr'><strong>quod</strong></span> <span class='ocrx_word' id='word_1_80' title='bbox 238 688 361 723; x_wconf 88' lang='lat' dir='ltr'><strong>pluribus</strong></span> <span class='ocrx_word' id='word_1_81' title='bbox 390 689 487 716; x_wconf 88' lang='lat' dir='ltr'><strong>deinde</strong></span> <span class='ocrx_word' id='word_1_82' title='bbox 510 690 606 718; x_wconf 89' lang='lat' dir='ltr'><strong>diebus</strong></span> <span class='ocrx_word' id='word_1_83' title='bbox 630 691 739 719; x_wconf 87' lang='lat' dir='ltr'><strong>accidit.</strong></span> <span class='ocrx_word' id='word_1_84' title='bbox 756 691 777 718; x_wconf 86' lang='lat' dir='ltr'>E</span> <span class='ocrx_word' id='word_1_85' title='bbox 792 694 930 720; x_wconf 90' lang='lat' dir='ltr'><strong>contrario</strong></span> 
     </span>
    </p>
   </div>
   <div class='ocr_carea' id='block_1_13' title="bbox 148 735 930 771">
    <p class='ocr_par' dir='ltr' id='par_1_13' title="bbox 148 735 930 771">
     <span class='ocr_line' id='line_1_13' title="bbox 148 735 930 771; baseline 0.005 -11"><span class='ocrx_word' id='word_1_86' title='bbox 148 742 210 761; x_wconf 88' lang='lat' dir='ltr'><strong>cum</strong></span> <span class='ocrx_word' id='word_1_87' title='bbox 227 735 254 761; x_wconf 88' lang='lat' dir='ltr'><strong>in</strong></span> <span class='ocrx_word' id='word_1_88' title='bbox 267 735 406 762; x_wconf 89' lang='lat' dir='ltr'><strong>occidente</strong></span> <span class='ocrx_word' id='word_1_89' title='bbox 422 735 462 762; x_wconf 84' lang='lat' dir='ltr'><strong>sol</strong></span> <span class='ocrx_word' id='word_1_90' title='bbox 478 738 531 768; x_wconf 79' lang='lat' dir='ltr'><strong>est,</strong></span> <span class='ocrx_word' id='word_1_91' title='bbox 546 736 697 771; x_wconf 87' lang='lat' dir='ltr'><strong>oppositam</strong></span> <span class='ocrx_word' id='word_1_92' title='bbox 716 737 819 766; x_wconf 86' lang='lat' dir='ltr'><strong>habens</strong></span> <span class='ocrx_word' id='word_1_93' title='bbox 833 746 848 765; x_wconf 90' lang='lat' dir='ltr'><strong>e</strong></span> <span class='ocrx_word' id='word_1_94' title='bbox 871 738 930 765; x_wconf 91' lang='lat' dir='ltr'><strong>dia-</strong></span> 
     </span>
    </p>
   </div>
   <div class='ocr_carea' id='block_1_14' title="bbox 147 780 929 819">
    <p class='ocr_par' dir='ltr' id='par_1_14' title="bbox 147 780 929 819">
     <span class='ocr_line' id='line_1_14' title="bbox 147 780 929 819; baseline 0.005 -13"><span class='ocrx_word' id='word_1_95' title='bbox 147 784 234 807; x_wconf 83' lang='lat' dir='ltr'><strong>metro</strong></span> <span class='ocrx_word' id='word_1_96' title='bbox 250 780 354 808; x_wconf 87' lang='lat' dir='ltr'><strong>stellam</strong></span> <span class='ocrx_word' id='word_1_97' title='bbox 371 780 416 815; x_wconf 88' lang='lat' dir='ltr'><strong>qui</strong></span> <span class='ocrx_word' id='word_1_98' title='bbox 435 786 475 808; x_wconf 85' lang='lat' dir='ltr'><strong>est</strong></span> <span class='ocrx_word' id='word_1_99' title='bbox 490 789 571 808; x_wconf 85' lang='lat' dir='ltr'><strong>verus</strong></span> <span class='ocrx_word' id='word_1_100' title='bbox 596 786 672 809; x_wconf 91' lang='lat' dir='ltr'><strong>ortus</strong></span> <span class='ocrx_word' id='word_1_101' title='bbox 694 783 779 810; x_wconf 69' lang='lat' dir='ltr'><strong>stellae</strong></span> <span class='ocrx_word' id='word_1_102' title='bbox 797 783 929 819; x_wconf 85' lang='lat' dir='ltr'><strong>vesperti-</strong></span> 
     </span>
    </p>
   </div>
   <div class='ocr_carea' id='block_1_15' title="bbox 147 827 930 864">
    <p class='ocr_par' dir='ltr' id='par_1_15' title="bbox 147 827 930 864">
     <span class='ocr_line' id='line_1_15' title="bbox 147 827 930 864; baseline 0.006 -11"><span class='ocrx_word' id='word_1_103' title='bbox 147 834 219 861; x_wconf 79' lang='lat' dir='ltr'><strong>nus,</strong></span> <span class='ocrx_word' id='word_1_104' title='bbox 237 827 366 862; x_wconf 81' lang='lat' dir='ltr'><strong>deinceps</strong></span> <span class='ocrx_word' id='word_1_105' title='bbox 381 827 502 855; x_wconf 85' lang='lat' dir='ltr'><strong>eamdem</strong></span> <span class='ocrx_word' id='word_1_106' title='bbox 522 827 660 855; x_wconf 88' lang='lat' dir='ltr'><strong>occultare</strong></span> <span class='ocrx_word' id='word_1_107' title='bbox 678 829 775 864; x_wconf 81' lang='lat' dir='ltr'><strong>pergit,</strong></span> <span class='ocrx_word' id='word_1_108' title='bbox 800 830 834 857; x_wconf 88' lang='lat' dir='ltr'><strong>ad</strong></span> <span class='ocrx_word' id='word_1_109' title='bbox 858 837 930 857; x_wconf 90' lang='lat' dir='ltr'><strong>eam-</strong></span> 
     </span>
    </p>
   </div>
   <div class='ocr_carea' id='block_1_16' title="bbox 146 872 927 911">
    <p class='ocr_par' dir='ltr' id='par_1_16' title="bbox 146 872 927 911">
     <span class='ocr_line' id='line_1_16' title="bbox 146 872 927 911; baseline 0.006 -13"><span class='ocrx_word' id='word_1_110' title='bbox 146 880 201 906; x_wconf 91' lang='lat' dir='ltr'><strong>que</strong></span> <span class='ocrx_word' id='word_1_111' title='bbox 218 872 346 907; x_wconf 89' lang='lat' dir='ltr'><strong>paulatim</strong></span> <span class='ocrx_word' id='word_1_112' title='bbox 362 873 476 908; x_wconf 84' lang='lat' dir='ltr'><strong>adrepit.</strong></span> <span class='ocrx_word' id='word_1_113' title='bbox 495 872 587 908; x_wconf 90' lang='lat' dir='ltr'><strong>itaque</strong></span> <span class='ocrx_word' id='word_1_114' title='bbox 601 878 664 901; x_wconf 86' lang='lat' dir='ltr'><strong>ante</strong></span> <span class='ocrx_word' id='word_1_115' title='bbox 678 878 783 910; x_wconf 87' lang='lat' dir='ltr'><strong>tempus</strong></span> <span class='ocrx_word' id='word_1_116' title='bbox 797 876 863 903; x_wconf 93' lang='lat' dir='ltr'><strong>illud</strong></span> <span class='ocrx_word' id='word_1_117' title='bbox 878 884 927 911; x_wconf 85' lang='lat' dir='ltr'><strong>op-</strong></span> 
     </span>
    </p>
   </div>
   <div class='ocr_carea' id='block_1_17' title="bbox 145 912 963 957">
    <p class='ocr_par' dir='ltr' id='par_1_17' title="bbox 145 912 963 957">
     <span class='ocr_line' id='line_1_17' title="bbox 145 912 963 957; baseline 0.005 -13"><span class='ocrx_word' id='word_1_118' title='bbox 145 917 292 957; x_wconf 85' lang='lat' dir='ltr'><strong>positionis</strong></span> <span class='ocrx_word' id='word_1_119' title='bbox 320 918 444 955; x_wconf 85' lang='lat' dir='ltr'><strong>pluribus</strong></span> <span class='ocrx_word' id='word_1_120' title='bbox 469 919 567 946; x_wconf 90' lang='lat' dir='ltr'><strong>diebus</strong></span> <span class='ocrx_word' id='word_1_121' title='bbox 596 926 723 948; x_wconf 81' lang='lat' dir='ltr'><strong>occasum</strong></span> <span class='ocrx_word' id='word_1_122' title='bbox 754 920 809 955; x_wconf 89' lang='lat' dir='ltr'><strong>jam</strong></span> <span class='ocrx_word' id='word_1_123' title='bbox 843 912 963 949; x_wconf 80' lang='lat' dir='ltr'><strong>solemB</strong></span> 
     </span>
    </p>
   </div>
   <div class='ocr_carea' id='block_1_18' title="bbox 145 966 928 1003">
    <p class='ocr_par' dir='ltr' id='par_1_18' title="bbox 145 966 928 1003">
     <span class='ocr_line' id='line_1_18' title="bbox 145 966 928 1003; baseline 0.004 -10"><span class='ocrx_word' id='word_1_124' title='bbox 145 969 243 993; x_wconf 85' lang='lat' dir='ltr'><strong>exortu</strong></span> <span class='ocrx_word' id='word_1_125' title='bbox 259 972 309 993; x_wconf 90' lang='lat' dir='ltr'><strong>suo</strong></span> <span class='ocrx_word' id='word_1_126' title='bbox 327 966 403 993; x_wconf 87' lang='lat' dir='ltr'><strong>stella</strong></span> <span class='ocrx_word' id='word_1_127' title='bbox 423 971 569 994; x_wconf 84' lang='lat' dir='ltr'><strong>consecuta</strong></span> <span class='ocrx_word' id='word_1_128' title='bbox 587 966 684 1001; x_wconf 80' lang='lat' dir='ltr'><strong>fuerat,</strong></span> <span class='ocrx_word' id='word_1_129' title='bbox 701 975 781 1003; x_wconf 89' lang='lat' dir='ltr'><strong>quem</strong></span> <span class='ocrx_word' id='word_1_130' title='bbox 797 975 928 1003; x_wconf 90' lang='lat' dir='ltr'><strong>apparen-</strong></span> 
     </span>
    </p>
   </div>
   <div class='ocr_carea' id='block_1_19' title="bbox 146 1012 675 1046">
    <p class='ocr_par' dir='ltr' id='par_1_19' title="bbox 146 1012 675 1046">
     <span class='ocr_line' id='line_1_19' title="bbox 146 1012 675 1046; baseline 0.004 -9"><span class='ocrx_word' id='word_1_131' title='bbox 146 1014 202 1038; x_wconf 87' lang='lat' dir='ltr'><strong>tem</strong></span> <span class='ocrx_word' id='word_1_132' title='bbox 218 1014 306 1039; x_wconf 89' lang='lat' dir='ltr'><strong>ortum</strong></span> <span class='ocrx_word' id='word_1_133' title='bbox 322 1012 507 1046; x_wconf 86' lang='lat' dir='ltr'><strong>vespertinum</strong></span> <span class='ocrx_word' id='word_1_134' title='bbox 524 1012 675 1040; x_wconf 79' lang='lat' dir='ltr'><strong>nominant.</strong></span> 
     </span>
    </p>
   </div>
   <div class='ocr_carea' id='block_1_20' title="bbox 180 1055 928 1097">
    <p class='ocr_par' dir='ltr' id='par_1_20' title="bbox 180 1055 928 1097">
     <span class='ocr_line' id='line_1_20' title="bbox 180 1055 928 1097; baseline 0.004 -14"><span class='ocrx_word' id='word_1_135' title='bbox 180 1055 251 1083; x_wconf 80' lang='lat' dir='ltr'><strong>Hinc</strong></span> <span class='ocrx_word' id='word_1_136' title='bbox 269 1056 340 1097; x_wconf 87' lang='lat' dir='ltr'><strong>apud</strong></span> <span class='ocrx_word' id='word_1_137' title='bbox 363 1057 511 1092; x_wconf 86' lang='lat' dir='ltr'><strong>scriptores</strong></span> <span class='ocrx_word' id='word_1_138' title='bbox 526 1058 606 1085; x_wconf 90' lang='lat' dir='ltr'><strong>etiam</strong></span> <span class='ocrx_word' id='word_1_139' title='bbox 621 1058 693 1090; x_wconf 90' lang='lat' dir='ltr'><strong>illos,</strong></span> <span class='ocrx_word' id='word_1_140' title='bbox 711 1058 757 1093; x_wconf 89' lang='lat' dir='ltr'><strong>qui</strong></span> <span class='ocrx_word' id='word_1_141' title='bbox 772 1058 928 1094; x_wconf 87' lang='lat' dir='ltr'><strong>uniusmodi</strong></span> 
     </span>
    </p>
   </div>
   <div class='ocr_carea' id='block_1_21' title="bbox 145 1102 929 1140">
    <p class='ocr_par' dir='ltr' id='par_1_21' title="bbox 145 1102 929 1140">
     <span class='ocr_line' id='line_1_21' title="bbox 145 1102 929 1140; baseline 0.004 -11"><span class='ocrx_word' id='word_1_142' title='bbox 145 1102 208 1129; x_wconf 63' lang='lat' dir='ltr'><strong>coeli</strong></span> <span class='ocrx_word' id='word_1_143' title='bbox 231 1102 360 1137; x_wconf 84' lang='lat' dir='ltr'><strong>positum,</strong></span> <span class='ocrx_word' id='word_1_144' title='bbox 377 1103 650 1139; x_wconf 79' lang='lat' dir='ltr'><strong>observationemque</strong></span> <span class='ocrx_word' id='word_1_145' title='bbox 667 1104 753 1131; x_wconf 86' lang='lat' dir='ltr'><strong>secuti</strong></span> <span class='ocrx_word' id='word_1_146' title='bbox 777 1109 852 1138; x_wconf 88' lang='lat' dir='ltr'><strong>sunt,</strong></span> <span class='ocrx_word' id='word_1_147' title='bbox 869 1105 929 1140; x_wconf 82' lang='lat' dir='ltr'><strong>plu-</strong></span> 
     </span>
    </p>
   </div>
   <div class='ocr_carea' id='block_1_22' title="bbox 145 1148 929 1185">
    <p class='ocr_par' dir='ltr' id='par_1_22' title="bbox 145 1148 929 1185">
     <span class='ocr_line' id='line_1_22' title="bbox 145 1148 929 1185; baseline 0.005 -11"><span class='ocrx_word' id='word_1_148' title='bbox 145 1148 224 1175; x_wconf 89' lang='lat' dir='ltr'><strong>ribus</strong></span> <span class='ocrx_word' id='word_1_149' title='bbox 238 1148 333 1185; x_wconf 88' lang='lat' dir='ltr'><strong>diebus</strong></span> <span class='ocrx_word' id='word_1_150' title='bbox 349 1153 421 1180; x_wconf 78' lang='lat' dir='ltr'><strong>ante,</strong></span> <span class='ocrx_word' id='word_1_151' title='bbox 437 1150 477 1176; x_wconf 98' lang='lat' dir='ltr'><strong>vel</strong></span> <span class='ocrx_word' id='word_1_152' title='bbox 493 1154 555 1184; x_wconf 88' lang='lat' dir='ltr'><strong>post</strong></span> <span class='ocrx_word' id='word_1_153' title='bbox 568 1153 680 1178; x_wconf 83' lang='lat' dir='ltr'><strong>exortus</strong></span> <span class='ocrx_word' id='word_1_154' title='bbox 695 1158 785 1182; x_wconf 88' lang='lat' dir='ltr'><strong>veros,</strong></span> <span class='ocrx_word' id='word_1_155' title='bbox 800 1157 929 1178; x_wconf 88' lang='lat' dir='ltr'><strong>occasus-</strong></span> 
     </span>
    </p>
   </div>
   <div class='ocr_carea' id='block_1_23' title="bbox 146 1194 927 1231">
    <p class='ocr_par' dir='ltr' id='par_1_23' title="bbox 146 1194 927 1231">
     <span class='ocr_line' id='line_1_23' title="bbox 146 1194 927 1231; baseline 0.005 -11"><span class='ocrx_word' id='word_1_156' title='bbox 146 1201 200 1228; x_wconf 91' lang='lat' dir='ltr'><strong>que</strong></span> <span class='ocrx_word' id='word_1_157' title='bbox 211 1213 219 1226; x_wconf 86' lang='lat'><strong><em>.</em></strong></span> <span class='ocrx_word' id='word_1_158' title='bbox 232 1194 370 1221; x_wconf 87' lang='lat' dir='ltr'><strong>stellarqu</strong></span> <span class='ocrx_word' id='word_1_159' title='bbox 387 1195 483 1229; x_wconf 70' lang='grc' dir='ltr'><strong>φάσεις</strong></span> <span class='ocrx_word' id='word_1_160' title='bbox 499 1199 626 1222; x_wconf 88' lang='lat' dir='ltr'><strong>notantur</strong></span> <span class='ocrx_word' id='word_1_161' title='bbox 639 1205 646 1223; x_wconf 93' lang='lat'><strong>:</strong></span> <span class='ocrx_word' id='word_1_162' title='bbox 659 1196 730 1231; x_wconf 90' lang='lat' dir='ltr'><strong>quod</strong></span> <span class='ocrx_word' id='word_1_163' title='bbox 742 1196 779 1223; x_wconf 90' lang='lat' dir='ltr'><strong>illi</strong></span> <span class='ocrx_word' id='word_1_164' title='bbox 795 1204 927 1231; x_wconf 83' lang='lat' dir='ltr'><strong>apparen-</strong></span> 
     </span>
    </p>
   </div>
   <div class='ocr_carea' id='block_1_24' title="bbox 147 1239 928 1276">
    <p class='ocr_par' dir='ltr' id='par_1_24' title="bbox 147 1239 928 1276">
     <span class='ocr_line' id='line_1_24' title="bbox 147 1239 928 1276; baseline 0.005 -11"><span class='ocrx_word' id='word_1_165' title='bbox 147 1244 188 1267; x_wconf 91' lang='lat' dir='ltr'><strong>tes</strong></span> <span class='ocrx_word' id='word_1_166' title='bbox 203 1239 259 1266; x_wconf 83' lang='lat' dir='ltr'><strong>fere</strong></span> <span class='ocrx_word' id='word_1_167' title='bbox 278 1240 428 1267; x_wconf 81' lang='lat' dir='ltr'><strong>consectati</strong></span> <span class='ocrx_word' id='word_1_168' title='bbox 446 1244 519 1268; x_wconf 92' lang='lat' dir='ltr'><strong>sunt.</strong></span> <span class='ocrx_word' id='word_1_169' title='bbox 536 1240 601 1273; x_wconf 69' lang='lat' dir='ltr'><strong>Quae</strong></span> <span class='ocrx_word' id='word_1_170' title='bbox 612 1242 674 1276; x_wconf 93' lang='lat' dir='ltr'><strong>quia</strong></span> <span class='ocrx_word' id='word_1_171' title='bbox 692 1249 745 1269; x_wconf 94' lang='lat' dir='ltr'><strong>non</strong></span> <span class='ocrx_word' id='word_1_172' title='bbox 759 1250 813 1269; x_wconf 90' lang='lat' dir='ltr'><strong>uno</strong></span> <span class='ocrx_word' id='word_1_173' title='bbox 830 1242 874 1269; x_wconf 89' lang='lat' dir='ltr'><strong>die</strong></span> <span class='ocrx_word' id='word_1_174' title='bbox 896 1249 928 1269; x_wconf 93' lang='lat' dir='ltr'><strong>ac</strong></span> 
     </span>
    </p>
   </div>
   <div class='ocr_carea' id='block_1_25' title="bbox 145 1286 928 1322">
    <p class='ocr_par' dir='ltr' id='par_1_25' title="bbox 145 1286 928 1322">
     <span class='ocr_line' id='line_1_25' title="bbox 145 1286 928 1322; baseline 0.003 -10"><span class='ocrx_word' id='word_1_175' title='bbox 145 1288 285 1313; x_wconf 86' lang='lat' dir='ltr'><strong>momento</strong></span> <span class='ocrx_word' id='word_1_176' title='bbox 316 1286 459 1317; x_wconf 90' lang='lat' dir='ltr'><strong>accidunt,</strong></span> <span class='ocrx_word' id='word_1_177' title='bbox 475 1286 535 1313; x_wconf 85' lang='lat' dir='ltr'><strong>ideo</strong></span> <span class='ocrx_word' id='word_1_178' title='bbox 557 1286 607 1313; x_wconf 93' lang='lat' dir='ltr'><strong>sub</strong></span> <span class='ocrx_word' id='word_1_179' title='bbox 624 1286 716 1313; x_wconf 88' lang='lat' dir='ltr'><strong>eadem</strong></span> <span class='ocrx_word' id='word_1_180' title='bbox 737 1290 858 1322; x_wconf 87' lang='lat' dir='ltr'><strong>tempora</strong></span> <span class='ocrx_word' id='word_1_181' title='bbox 872 1287 928 1321; x_wconf 90' lang='lat' dir='ltr'><strong>ple-</strong></span> 
     </span>
    </p>
   </div>
   <div class='ocr_carea' id='block_1_26' title="bbox 146 1331 929 1369">
    <p class='ocr_par' dir='ltr' id='par_1_26' title="bbox 146 1331 929 1369">
     <span class='ocr_line' id='line_1_26' title="bbox 146 1331 929 1369; baseline 0.001 -12"><span class='ocrx_word' id='word_1_182' title='bbox 146 1337 263 1365; x_wconf 86' lang='lat' dir='ltr'><strong>rumque</strong></span> <span class='ocrx_word' id='word_1_183' title='bbox 286 1335 456 1369; x_wconf 87' lang='lat' dir='ltr'><strong>repetuntur,</strong></span> <span class='ocrx_word' id='word_1_184' title='bbox 480 1335 507 1358; x_wconf 90' lang='lat' dir='ltr'><strong>et</strong></span> <span class='ocrx_word' id='word_1_185' title='bbox 532 1331 564 1358; x_wconf 88' lang='lat' dir='ltr'><strong>ad</strong></span> <span class='ocrx_word' id='word_1_186' title='bbox 592 1331 650 1358; x_wconf 88' lang='lat' dir='ltr'><strong>dies</strong></span> <span class='ocrx_word' id='word_1_187' title='bbox 675 1336 858 1366; x_wconf 81' lang='lat' dir='ltr'><strong>propagautur</strong></span> <span class='ocrx_word' id='word_1_188' title='bbox 879 1332 929 1359; x_wconf 90' lang='lat' dir='ltr'><strong>ali-</strong></span> 
     </span>
    </p>
   </div>
   <div class='ocr_carea' id='block_1_27' title="bbox 146 1376 929 1412">
    <p class='ocr_par' dir='ltr' id='par_1_27' title="bbox 146 1376 929 1412">
     <span class='ocr_line' id='line_1_27' title="bbox 146 1376 929 1412; baseline 0.004 -9"><span class='ocrx_word' id='word_1_189' title='bbox 146 1381 223 1411; x_wconf 92' lang='lat' dir='ltr'><strong>quot.</strong></span> <span class='ocrx_word' id='word_1_190' title='bbox 246 1376 305 1406; x_wconf 79' lang='lat' dir='ltr'><strong>Sed,</strong></span> <span class='ocrx_word' id='word_1_191' title='bbox 328 1377 355 1403; x_wconf 92' lang='lat' dir='ltr'><strong>in</strong></span> <span class='ocrx_word' id='word_1_192' title='bbox 381 1376 415 1404; x_wconf 91' lang='lat' dir='ltr'><strong>iis</strong></span> <span class='ocrx_word' id='word_1_193' title='bbox 439 1376 615 1412; x_wconf 79' lang='lat' dir='ltr'><strong>designandis</strong></span> <span class='ocrx_word' id='word_1_194' title='bbox 636 1377 789 1412; x_wconf 89' lang='lat' dir='ltr'><strong>complures</strong></span> <span class='ocrx_word' id='word_1_195' title='bbox 814 1378 929 1406; x_wconf 87' lang='lat' dir='ltr'><strong>obscure</strong></span> 
     </span>
    </p>
   </div>
   <div class='ocr_carea' id='block_1_28' title="bbox 146 1421 929 1456">
    <p class='ocr_par' dir='ltr' id='par_1_28' title="bbox 146 1421 929 1456">
     <span class='ocr_line' id='line_1_28' title="bbox 146 1421 929 1456; baseline 0.004 -9"><span class='ocrx_word' id='word_1_196' title='bbox 146 1421 306 1456; x_wconf 82' lang='lat' dir='ltr'><strong>quuuntur,</strong></span> <span class='ocrx_word' id='word_1_197' title='bbox 323 1428 355 1448; x_wconf 91' lang='lat' dir='ltr'><strong>ac</strong></span> <span class='ocrx_word' id='word_1_198' title='bbox 370 1421 513 1456; x_wconf 83' lang='lat' dir='ltr'><strong>perplexe;</strong></span> <span class='ocrx_word' id='word_1_199' title='bbox 530 1423 576 1456; x_wconf 86' lang='lat' dir='ltr'><strong>qui</strong></span> <span class='ocrx_word' id='word_1_200' title='bbox 598 1428 648 1449; x_wconf 86' lang='lat' dir='ltr'><strong>nec</strong></span> <span class='ocrx_word' id='word_1_201' title='bbox 669 1426 777 1449; x_wconf 89' lang='lat' dir='ltr'><strong>ortuum</strong></span> <span class='ocrx_word' id='word_1_202' title='bbox 804 1426 831 1449; x_wconf 91' lang='lat' dir='ltr'><strong>et</strong></span> <span class='ocrx_word' id='word_1_203' title='bbox 850 1430 929 1450; x_wconf 89' lang='lat' dir='ltr'><strong>occa-</strong></span> 
     </span>
    </p>
   </div>
   <div class='ocr_carea' id='block_1_29' title="bbox 147 1467 925 1503">
    <p class='ocr_par' dir='ltr' id='par_1_29' title="bbox 147 1467 925 1503">
     <span class='ocr_line' id='line_1_29' title="bbox 147 1467 925 1503; baseline 0.003 -10"><span class='ocrx_word' id='word_1_204' title='bbox 147 1474 227 1494; x_wconf 87' lang='lat' dir='ltr'><strong>suum</strong></span> <span class='ocrx_word' id='word_1_205' title='bbox 248 1470 380 1501; x_wconf 88' lang='lat' dir='ltr'><strong>tempora,</strong></span> <span class='ocrx_word' id='word_1_206' title='bbox 396 1474 483 1502; x_wconf 91' lang='lat' dir='ltr'><strong>neque</strong></span> <span class='ocrx_word' id='word_1_207' title='bbox 508 1467 623 1502; x_wconf 83' lang='lat' dir='ltr'><strong>speciem</strong></span> <span class='ocrx_word' id='word_1_208' title='bbox 644 1472 735 1501; x_wconf 90' lang='lat' dir='ltr'><strong>aperte</strong></span> <span class='ocrx_word' id='word_1_209' title='bbox 758 1467 925 1503; x_wconf 77' lang='lat' dir='ltr'><strong>significant,</strong></span> 
     </span>
    </p>
   </div>
   <div class='ocr_carea' id='block_1_30' title="bbox 146 1512 929 1549">
    <p class='ocr_par' dir='ltr' id='par_1_30' title="bbox 146 1512 929 1549">
     <span class='ocr_line' id='line_1_30' title="bbox 146 1512 929 1549; baseline 0.004 -11"><span class='ocrx_word' id='word_1_210' title='bbox 146 1519 180 1539; x_wconf 90' lang='lat' dir='ltr'><strong>ac</strong></span> <span class='ocrx_word' id='word_1_211' title='bbox 193 1512 235 1539; x_wconf 85' lang='lat' dir='ltr'><strong>vix</strong></span> <span class='ocrx_word' id='word_1_212' title='bbox 250 1512 413 1549; x_wconf 70' lang='lat' dir='ltr'><strong>conjectum</strong></span> <span class='ocrx_word' id='word_1_213' title='bbox 429 1512 539 1540; x_wconf 87' lang='lat' dir='ltr'><strong>lectoris</strong></span> <span class='ocrx_word' id='word_1_214' title='bbox 555 1512 602 1539; x_wconf 92' lang='lat' dir='ltr'><strong>ulli</strong></span> <span class='ocrx_word' id='word_1_215' title='bbox 619 1513 686 1540; x_wconf 92' lang='lat' dir='ltr'><strong>satis</strong></span> <span class='ocrx_word' id='word_1_216' title='bbox 696 1512 820 1540; x_wconf 90' lang='lat' dir='ltr'><strong>idoneam</strong></span> <span class='ocrx_word' id='word_1_217' title='bbox 835 1521 929 1546; x_wconf 85' lang='lat' dir='ltr'><strong>ansam</strong></span> 
     </span>
    </p>
   </div>
   <div class='ocr_carea' id='block_1_31' title="bbox 147 1557 929 1595">
    <p class='ocr_par' dir='ltr' id='par_1_31' title="bbox 147 1557 929 1595">
     <span class='ocr_line' id='line_1_31' title="bbox 147 1557 929 1595; baseline 0.001 -10"><span class='ocrx_word' id='word_1_218' title='bbox 147 1557 273 1586; x_wconf 82' lang='lat' dir='ltr'><strong>oil&#39;erunt.</strong></span> <span class='ocrx_word' id='word_1_219' title='bbox 292 1558 385 1593; x_wconf 89' lang='lat' dir='ltr'><strong>itaque</strong></span> <span class='ocrx_word' id='word_1_220' title='bbox 397 1566 448 1586; x_wconf 90' lang='lat' dir='ltr'><strong>usu</strong></span> <span class='ocrx_word' id='word_1_221' title='bbox 466 1566 498 1585; x_wconf 90' lang='lat' dir='ltr'><strong>ac</strong></span> <span class='ocrx_word' id='word_1_222' title='bbox 510 1558 613 1593; x_wconf 86' lang='lat' dir='ltr'><strong>judicio</strong></span> <span class='ocrx_word' id='word_1_223' title='bbox 628 1559 788 1594; x_wconf 89' lang='lat' dir='ltr'><strong>cumprimis</strong></span> <span class='ocrx_word' id='word_1_224' title='bbox 804 1567 873 1595; x_wconf 79' lang='lat' dir='ltr'><strong>opus</strong></span> <span class='ocrx_word' id='word_1_225' title='bbox 887 1564 929 1588; x_wconf 88' lang='lat' dir='ltr'><strong>est</strong></span> 
     </span>
    </p>
   </div>
   <div class='ocr_carea' id='block_1_32' title="bbox 147 1603 928 1641">
    <p class='ocr_par' dir='ltr' id='par_1_32' title="bbox 147 1603 928 1641">
     <span class='ocr_line' id='line_1_32' title="bbox 147 1603 928 1641; baseline 0.003 -11"><span class='ocrx_word' id='word_1_226' title='bbox 147 1604 182 1631; x_wconf 91' lang='lat' dir='ltr'><strong>ad</strong></span> <span class='ocrx_word' id='word_1_227' title='bbox 200 1611 232 1631; x_wconf 94' lang='lat' dir='ltr'><strong>ea</strong></span> <span class='ocrx_word' id='word_1_228' title='bbox 249 1603 475 1637; x_wconf 88' lang='lat' dir='ltr'><strong>discernenda,in</strong></span> <span class='ocrx_word' id='word_1_229' title='bbox 493 1604 592 1639; x_wconf 90' lang='lat' dir='ltr'><strong>quibus</strong></span> <span class='ocrx_word' id='word_1_230' title='bbox 611 1604 650 1631; x_wconf 90' lang='lat' dir='ltr'><strong>vel</strong></span> <span class='ocrx_word' id='word_1_231' title='bbox 666 1605 750 1636; x_wconf 89' lang='lat' dir='ltr'><strong>nulla,</strong></span> <span class='ocrx_word' id='word_1_232' title='bbox 769 1605 810 1632; x_wconf 90' lang='lat' dir='ltr'><strong>vel</strong></span> <span class='ocrx_word' id='word_1_233' title='bbox 831 1605 928 1641; x_wconf 83' lang='lat' dir='ltr'><strong>exigua</strong></span> 
     </span>
    </p>
   </div>
   <div class='ocr_carea' id='block_1_33' title="bbox 146 1648 929 1687">
    <p class='ocr_par' dir='ltr' id='par_1_33' title="bbox 146 1648 929 1687">
     <span class='ocr_line' id='line_1_33' title="bbox 146 1648 929 1687; baseline 0.003 -12"><span class='ocrx_word' id='word_1_234' title='bbox 146 1648 181 1675; x_wconf 87' lang='lat' dir='ltr'><strong>ad</strong></span> <span class='ocrx_word' id='word_1_235' title='bbox 194 1648 425 1684; x_wconf 81' lang='lat' dir='ltr'><strong>pronuntiandum</strong></span> <span class='ocrx_word' id='word_1_236' title='bbox 453 1648 560 1683; x_wconf 83' lang='grc' dir='ltr'><strong>φάσεων</strong></span> <span class='ocrx_word' id='word_1_237' title='bbox 578 1657 664 1684; x_wconf 84' lang='lat' dir='ltr'><strong>genus</strong></span> <span class='ocrx_word' id='word_1_238' title='bbox 688 1656 846 1685; x_wconf 88' lang='lat' dir='ltr'><strong>argumenta</strong></span> <span class='ocrx_word' id='word_1_239' title='bbox 864 1658 929 1687; x_wconf 88' lang='lat' dir='ltr'><strong>sup-</strong></span> 
     </span>
    </p>
   </div>
   <div class='ocr_carea' id='block_1_34' title="bbox 145 1691 927 1731">
    <p class='ocr_par' dir='ltr' id='par_1_34' title="bbox 145 1691 927 1731">
     <span class='ocr_line' id='line_1_34' title="bbox 145 1691 927 1731; baseline 0.003 -10"><span class='ocrx_word' id='word_1_240' title='bbox 145 1698 253 1730; x_wconf 85' lang='lat' dir='ltr'><strong>petunt.</strong></span> <span class='ocrx_word' id='word_1_241' title='bbox 274 1691 386 1722; x_wconf 86' lang='lat' dir='ltr'><strong>Accedit</strong></span> <span class='ocrx_word' id='word_1_242' title='bbox 411 1695 532 1721; x_wconf 89' lang='lat' dir='ltr'><strong>locorum</strong></span> <span class='ocrx_word' id='word_1_243' title='bbox 556 1696 752 1731; x_wconf 81' lang='lat' dir='ltr'><strong>regionumque</strong></span> <span class='ocrx_word' id='word_1_244' title='bbox 775 1696 927 1730; x_wconf 82' lang='lat' dir='ltr'><strong>diversitas,</strong></span> 
     </span>
    </p>
   </div>
   <div class='ocr_carea' id='block_1_35' title="bbox 146 1740 928 1777">
    <p class='ocr_par' dir='ltr' id='par_1_35' title="bbox 146 1740 928 1777">
     <span class='ocr_line' id='line_1_35' title="bbox 146 1740 928 1777; baseline 0.004 -10"><span class='ocrx_word' id='word_1_245' title='bbox 146 1741 177 1767; x_wconf 94' lang='lat' dir='ltr'><strong>in</strong></span> <span class='ocrx_word' id='word_1_246' title='bbox 193 1740 293 1775; x_wconf 92' lang='lat' dir='ltr'><strong>quibus</strong></span> <span class='ocrx_word' id='word_1_247' title='bbox 317 1744 393 1768; x_wconf 86' lang='lat' dir='ltr'><strong>ortus</strong></span> <span class='ocrx_word' id='word_1_248' title='bbox 417 1745 444 1768; x_wconf 92' lang='lat' dir='ltr'><strong>et</strong></span> <span class='ocrx_word' id='word_1_249' title='bbox 458 1748 573 1768; x_wconf 85' lang='lat' dir='ltr'><strong>occasus</strong></span> <span class='ocrx_word' id='word_1_250' title='bbox 593 1741 633 1768; x_wconf 90' lang='lat' dir='ltr'><strong>illi</strong></span> <span class='ocrx_word' id='word_1_251' title='bbox 652 1742 767 1776; x_wconf 84' lang='lat' dir='ltr'><strong>tiebant;</strong></span> <span class='ocrx_word' id='word_1_252' title='bbox 786 1742 863 1777; x_wconf 92' lang='lat' dir='ltr'><strong>cujus</strong></span> <span class='ocrx_word' id='word_1_253' title='bbox 880 1751 928 1770; x_wconf 89' lang='lat' dir='ltr'><strong>va-</strong></span> 
     </span>
    </p>
   </div>
   <div class='ocr_carea' id='block_1_36' title="bbox 148 1785 929 1823">
    <p class='ocr_par' dir='ltr' id='par_1_36' title="bbox 148 1785 929 1823">
     <span class='ocr_line' id='line_1_36' title="bbox 148 1785 929 1823; baseline 0.005 -11"><span class='ocrx_word' id='word_1_254' title='bbox 148 1785 254 1813; x_wconf 88' lang='lat' dir='ltr'><strong>rietatis</strong></span> <span class='ocrx_word' id='word_1_255' title='bbox 266 1788 390 1813; x_wconf 81' lang='lat' dir='ltr'><strong>auctores</strong></span> <span class='ocrx_word' id='word_1_256' title='bbox 402 1793 472 1820; x_wconf 79' lang='lat' dir='ltr'><strong>szepe</strong></span> <span class='ocrx_word' id='word_1_257' title='bbox 486 1786 592 1814; x_wconf 88' lang='lat' dir='ltr'><strong>ratione</strong></span> <span class='ocrx_word' id='word_1_258' title='bbox 600 1786 691 1814; x_wconf 85' lang='lat' dir='ltr'><strong>habita</strong></span> <span class='ocrx_word' id='word_1_259' title='bbox 705 1787 791 1820; x_wconf 84' lang='lat' dir='ltr'><strong>nulla,</strong></span> <span class='ocrx_word' id='word_1_260' title='bbox 801 1795 861 1823; x_wconf 67' lang='lat' dir='ltr'><strong>qua</strong></span> <span class='ocrx_word' id='word_1_261' title='bbox 868 1788 929 1816; x_wconf 90' lang='lat' dir='ltr'><strong>aliis</strong></span> 
     </span>
    </p>
   </div>
   <div class='ocr_carea' id='block_1_37' title="bbox 149 1831 929 1868">
    <p class='ocr_par' dir='ltr' id='par_1_37' title="bbox 149 1831 929 1868">
     <span class='ocr_line' id='line_1_37' title="bbox 149 1831 929 1868; baseline 0.004 -10"><span class='ocrx_word' id='word_1_262' title='bbox 149 1835 229 1867; x_wconf 87' lang='lat' dir='ltr'><strong>atque</strong></span> <span class='ocrx_word' id='word_1_263' title='bbox 244 1831 304 1858; x_wconf 89' lang='lat' dir='ltr'><strong>aliis</strong></span> <span class='ocrx_word' id='word_1_264' title='bbox 321 1831 463 1859; x_wconf 89' lang='lat' dir='ltr'><strong>observata</strong></span> <span class='ocrx_word' id='word_1_265' title='bbox 480 1836 544 1859; x_wconf 90' lang='lat' dir='ltr'><strong>sunt</strong></span> <span class='ocrx_word' id='word_1_266' title='bbox 558 1832 625 1860; x_wconf 90' lang='lat' dir='ltr'><strong>locis</strong></span> <span class='ocrx_word' id='word_1_267' title='bbox 646 1839 678 1860; x_wconf 91' lang='lat' dir='ltr'><strong>ac</strong></span> <span class='ocrx_word' id='word_1_268' title='bbox 699 1833 865 1868; x_wconf 91' lang='lat' dir='ltr'><strong>temporibus</strong></span> <span class='ocrx_word' id='word_1_269' title='bbox 879 1841 929 1861; x_wconf 90' lang='lat' dir='ltr'><strong>nec</strong></span> 
     </span>
    </p>
   </div>
   <div class='ocr_carea' id='block_1_38' title="bbox 149 1878 930 1914">
    <p class='ocr_par' dir='ltr' id='par_1_38' title="bbox 149 1878 930 1914">
     <span class='ocr_line' id='line_1_38' title="bbox 149 1878 930 1914; baseline 0.001 -8"><span class='ocrx_word' id='word_1_270' title='bbox 149 1878 245 1906; x_wconf 87' lang='lat' dir='ltr'><strong>iisdem</strong></span> <span class='ocrx_word' id='word_1_271' title='bbox 259 1885 291 1905; x_wconf 83' lang='lat' dir='ltr'><strong>ex</strong></span> <span class='ocrx_word' id='word_1_272' title='bbox 307 1878 544 1913; x_wconf 82' lang='lat' dir='ltr'><strong>parapegmatibus</strong></span> <span class='ocrx_word' id='word_1_273' title='bbox 556 1878 691 1911; x_wconf 81' lang='lat' dir='ltr'><strong>confecta,</strong></span> <span class='ocrx_word' id='word_1_274' title='bbox 711 1880 877 1914; x_wconf 84' lang='lat' dir='ltr'><strong>permiscent</strong></span> <span class='ocrx_word' id='word_1_275' title='bbox 889 1879 930 1907; x_wconf 91' lang='lat' dir='ltr'><strong>in-</strong></span> 
     </span>
    </p>
   </div>
   <div class='ocr_carea' id='block_1_39' title="bbox 149 1925 930 1960">
    <p class='ocr_par' dir='ltr' id='par_1_39' title="bbox 149 1925 930 1960">
     <span class='ocr_line' id='line_1_39' title="bbox 149 1925 930 1960; baseline 0.001 -9"><span class='ocrx_word' id='word_1_276' title='bbox 149 1925 234 1951; x_wconf 92' lang='lat' dir='ltr'><strong>vicem</strong></span> <span class='ocrx_word' id='word_1_277' title='bbox 252 1933 258 1951; x_wconf 94' lang='lat'>:</span> <span class='ocrx_word' id='word_1_278' title='bbox 273 1931 333 1959; x_wconf 66' lang='lat' dir='ltr'><strong>quae</strong></span> <span class='ocrx_word' id='word_1_279' title='bbox 351 1932 396 1952; x_wconf 90' lang='lat' dir='ltr'><strong>res</strong></span> <span class='ocrx_word' id='word_1_280' title='bbox 408 1931 554 1957; x_wconf 84' lang='lat' dir='ltr'><strong>morosam,</strong></span> <span class='ocrx_word' id='word_1_281' title='bbox 572 1932 603 1951; x_wconf 89' lang='lat' dir='ltr'><strong>ac</strong></span> <span class='ocrx_word' id='word_1_282' title='bbox 616 1925 806 1960; x_wconf 89' lang='lat' dir='ltr'><strong>propemodum</strong></span> <span class='ocrx_word' id='word_1_283' title='bbox 819 1925 930 1953; x_wconf 88' lang='lat' dir='ltr'><strong>inextri-</strong></span> 
     </span>
    </p>
   </div>
   <div class='ocr_carea' id='block_1_40' title="bbox 150 1970 841 2005">
    <p class='ocr_par' dir='ltr' id='par_1_40' title="bbox 150 1970 841 2005">
     <span class='ocr_line' id='line_1_40' title="bbox 150 1970 841 2005; baseline 0.003 -9"><span class='ocrx_word' id='word_1_284' title='bbox 150 1970 265 1997; x_wconf 88' lang='lat' dir='ltr'><strong>cabilem</strong></span> <span class='ocrx_word' id='word_1_285' title='bbox 279 1970 392 1997; x_wconf 89' lang='lat' dir='ltr'><strong>istarum</strong></span> <span class='ocrx_word' id='word_1_286' title='bbox 409 1977 500 1996; x_wconf 90' lang='lat' dir='ltr'><strong>rerum</strong></span> <span class='ocrx_word' id='word_1_287' title='bbox 515 1970 748 2005; x_wconf 83' lang='lat' dir='ltr'><strong>investigationem</strong></span> <span class='ocrx_word' id='word_1_288' title='bbox 767 1970 841 1999; x_wconf 78' lang='lat' dir='ltr'><strong>facit.</strong></span> 
     </span>
    </p>
   </div>
   <div class='ocr_carea' id='block_1_41' title="bbox 185 2015 931 2051">
    <p class='ocr_par' dir='ltr' id='par_1_41' title="bbox 185 2015 931 2051">
     <span class='ocr_line' id='line_1_41' title="bbox 185 2015 931 2051; baseline 0.001 -8"><span class='ocrx_word' id='word_1_289' title='bbox 185 2015 239 2043; x_wconf 90' lang='lat' dir='ltr'><strong>Sed</strong></span> <span class='ocrx_word' id='word_1_290' title='bbox 254 2020 283 2043; x_wconf 94' lang='lat' dir='ltr'><strong>ut</strong></span> <span class='ocrx_word' id='word_1_291' title='bbox 299 2016 327 2043; x_wconf 86' lang='lat' dir='ltr'><strong>in</strong></span> <span class='ocrx_word' id='word_1_292' title='bbox 344 2016 378 2044; x_wconf 89' lang='lat' dir='ltr'><strong>iis</strong></span> <span class='ocrx_word' id='word_1_293' title='bbox 393 2016 574 2051; x_wconf 89' lang='lat' dir='ltr'><strong>inquirendis,</strong></span> <span class='ocrx_word' id='word_1_294' title='bbox 587 2016 676 2051; x_wconf 88' lang='lat' dir='ltr'><strong>quoad</strong></span> <span class='ocrx_word' id='word_1_295' title='bbox 690 2016 747 2043; x_wconf 86' lang='lat' dir='ltr'><strong>ﬁcri</strong></span> <span class='ocrx_word' id='word_1_296' title='bbox 760 2020 857 2051; x_wconf 88' lang='lat' dir='ltr'><strong>potest,</strong></span> <span class='ocrx_word' id='word_1_297' title='bbox 870 2024 931 2045; x_wconf 90' lang='lat' dir='ltr'><strong>cer-</strong></span> 
     </span>
    </p>
   </div>
   <div class='ocr_carea' id='block_1_42' title="bbox 151 2063 928 2100">
    <p class='ocr_par' dir='ltr' id='par_1_42' title="bbox 151 2063 928 2100">
     <span class='ocr_line' id='line_1_42' title="bbox 151 2063 928 2100; baseline 0.003 -11"><span class='ocrx_word' id='word_1_298' title='bbox 151 2067 204 2090; x_wconf 83' lang='lat' dir='ltr'><strong>tam</strong></span> <span class='ocrx_word' id='word_1_299' title='bbox 223 2063 328 2090; x_wconf 90' lang='lat' dir='ltr'><strong>tirones</strong></span> <span class='ocrx_word' id='word_1_300' title='bbox 349 2063 420 2090; x_wconf 90' lang='lat' dir='ltr'><strong>viam</strong></span> <span class='ocrx_word' id='word_1_301' title='bbox 438 2067 547 2091; x_wconf 88' lang='lat' dir='ltr'><strong>teneant</strong></span> <span class='ocrx_word' id='word_1_302' title='bbox 564 2071 595 2091; x_wconf 88' lang='lat' dir='ltr'><strong>ac</strong></span> <span class='ocrx_word' id='word_1_303' title='bbox 616 2064 735 2099; x_wconf 82' lang='lat' dir='ltr'><strong>regulam</strong></span> <span class='ocrx_word' id='word_1_304' title='bbox 747 2084 754 2096; x_wconf 95' lang='lat'><strong>,</strong></span> <span class='ocrx_word' id='word_1_305' title='bbox 778 2065 838 2098; x_wconf 83' lang='lat' dir='ltr'><strong>hoc,</strong></span> <span class='ocrx_word' id='word_1_306' title='bbox 857 2064 928 2100; x_wconf 85' lang='lat' dir='ltr'><strong>quod</strong></span> 
     </span>
    </p>
   </div>
   <div class='ocr_carea' id='block_1_43' title="bbox 151 2109 932 2146">
    <p class='ocr_par' dir='ltr' id='par_1_43' title="bbox 151 2109 932 2146">
     <span class='ocr_line' id='line_1_43' title="bbox 151 2109 932 2146; baseline 0.003 -10"><span class='ocrx_word' id='word_1_307' title='bbox 151 2109 232 2140; x_wconf 83' lang='lat' dir='ltr'><strong>paulo</strong></span> <span class='ocrx_word' id='word_1_308' title='bbox 246 2115 309 2136; x_wconf 89' lang='lat' dir='ltr'><strong>ante</strong></span> <span class='ocrx_word' id='word_1_309' title='bbox 328 2109 455 2142; x_wconf 80' lang='lat' dir='ltr'><strong>diximus,</strong></span> <span class='ocrx_word' id='word_1_310' title='bbox 482 2110 684 2143; x_wconf 89' lang='lat' dir='ltr'><strong>animadverso,</strong></span> <span class='ocrx_word' id='word_1_311' title='bbox 707 2110 834 2138; x_wconf 86' lang='lat' dir='ltr'><strong>nimirum</strong></span> <span class='ocrx_word' id='word_1_312' title='bbox 852 2119 932 2146; x_wconf 88' lang='lat' dir='ltr'><strong>appa-</strong></span> 
     </span>
    </p>
   </div>
   <div class='ocr_carea' id='block_1_44' title="bbox 152 2155 930 2192">
    <p class='ocr_par' dir='ltr' id='par_1_44' title="bbox 152 2155 930 2192">
     <span class='ocr_line' id='line_1_44' title="bbox 152 2155 930 2192; baseline 0.004 -10"><span class='ocrx_word' id='word_1_313' title='bbox 152 2160 243 2183; x_wconf 87' lang='lat' dir='ltr'><strong>rentes</strong></span> <span class='ocrx_word' id='word_1_314' title='bbox 260 2156 350 2190; x_wconf 89' lang='lat' dir='ltr'><strong>potius</strong></span> <span class='ocrx_word' id='word_1_315' title='bbox 366 2155 473 2190; x_wconf 80' lang='grc' dir='ltr'><strong>φάσεις,</strong></span> <span class='ocrx_word' id='word_1_316' title='bbox 489 2164 571 2191; x_wconf 85' lang='lat' dir='ltr'><strong>quam</strong></span> <span class='ocrx_word' id='word_1_317' title='bbox 591 2164 680 2189; x_wconf 86' lang='lat' dir='ltr'><strong>veras.</strong></span> <span class='ocrx_word' id='word_1_318' title='bbox 698 2157 732 2184; x_wconf 88' lang='lat' dir='ltr'><strong>ab</strong></span> <span class='ocrx_word' id='word_1_319' title='bbox 749 2158 930 2192; x_wconf 84' lang='lat' dir='ltr'><strong>scriptoribus</strong></span> 
     </span>
    </p>
   </div>
   <div class='ocr_carea' id='block_1_45' title="bbox 151 2201 931 2238">
    <p class='ocr_par' dir='ltr' id='par_1_45' title="bbox 151 2201 931 2238">
     <span class='ocr_line' id='line_1_45' title="bbox 151 2201 931 2238; baseline 0.005 -11"><span class='ocrx_word' id='word_1_320' title='bbox 151 2201 273 2229; x_wconf 85' lang='lat' dir='ltr'><strong>adhiberi</strong></span> <span class='ocrx_word' id='word_1_321' title='bbox 298 2210 305 2229; x_wconf 88' lang='lat'>:</span> <span class='ocrx_word' id='word_1_322' title='bbox 329 2205 386 2228; x_wconf 91' lang='lat' dir='ltr'><strong>tum</strong></span> <span class='ocrx_word' id='word_1_323' title='bbox 410 2209 443 2228; x_wconf 90' lang='lat' dir='ltr'><strong>eo</strong></span> <span class='ocrx_word' id='word_1_324' title='bbox 467 2209 587 2237; x_wconf 83' lang='lat' dir='ltr'><strong>quoque,</strong></span> <span class='ocrx_word' id='word_1_325' title='bbox 604 2207 766 2238; x_wconf 87' lang='lat' dir='ltr'><strong>apparentes</strong></span> <span class='ocrx_word' id='word_1_326' title='bbox 797 2207 872 2231; x_wconf 90' lang='lat' dir='ltr'><strong>ortus</strong></span> <span class='ocrx_word' id='word_1_327' title='bbox 903 2208 931 2231; x_wconf 91' lang='lat' dir='ltr'><strong>et</strong></span> 
     </span>
    </p>
   </div>
   <div class='ocr_carea' id='block_1_46' title="bbox 151 2248 932 2285">
    <p class='ocr_par' dir='ltr' id='par_1_46' title="bbox 151 2248 932 2285">
     <span class='ocr_line' id='line_1_46' title="bbox 151 2248 932 2285; baseline 0.005 -11"><span class='ocrx_word' id='word_1_328' title='bbox 151 2255 266 2275; x_wconf 87' lang='lat' dir='ltr'><strong>occasus</strong></span> <span class='ocrx_word' id='word_1_329' title='bbox 282 2248 431 2275; x_wconf 89' lang='lat' dir='ltr'><strong>matutinos</strong></span> <span class='ocrx_word' id='word_1_330' title='bbox 453 2249 618 2282; x_wconf 87' lang='lat' dir='ltr'><strong>posteriores</strong></span> <span class='ocrx_word' id='word_1_331' title='bbox 637 2257 698 2277; x_wconf 88' lang='lat' dir='ltr'><strong>esse</strong></span> <span class='ocrx_word' id='word_1_332' title='bbox 719 2250 809 2283; x_wconf 77' lang='lat' dir='ltr'><strong>veris&#39;;</strong></span> <span class='ocrx_word' id='word_1_333' title='bbox 826 2251 932 2285; x_wconf 85' lang='lat' dir='ltr'><strong>priores</strong></span> 
     </span>
    </p>
   </div>
   <div class='ocr_carea' id='block_1_47' title="bbox 152 2297 933 2332">
    <p class='ocr_par' dir='ltr' id='par_1_47' title="bbox 152 2297 933 2332">
     <span class='ocr_line' id='line_1_47' title="bbox 152 2297 933 2332; baseline 0.004 -11"><span class='ocrx_word' id='word_1_334' title='bbox 152 2298 243 2322; x_wconf 91' lang='lat' dir='ltr'><strong>autem</strong></span> <span class='ocrx_word' id='word_1_335' title='bbox 260 2299 422 2329; x_wconf 86' lang='lat' dir='ltr'><strong>apparentes</strong></span> <span class='ocrx_word' id='word_1_336' title='bbox 439 2299 515 2323; x_wconf 91' lang='lat' dir='ltr'><strong>ortus</strong></span> <span class='ocrx_word' id='word_1_337' title='bbox 529 2298 555 2323; x_wconf 90' lang='lat' dir='ltr'><strong>et</strong></span> <span class='ocrx_word' id='word_1_338' title='bbox 575 2303 692 2323; x_wconf 88' lang='lat' dir='ltr'><strong>occasus</strong></span> <span class='ocrx_word' id='word_1_339' title='bbox 715 2304 776 2324; x_wconf 91' lang='lat' dir='ltr'><strong>esse</strong></span> <span class='ocrx_word' id='word_1_340' title='bbox 799 2297 933 2332; x_wconf 84' lang='lat' dir='ltr'><strong>vesperti-</strong></span> 
     </span>
    </p>
   </div>
   <div class='ocr_carea' id='block_1_48' title="bbox 151 2341 932 2378">
    <p class='ocr_par' dir='ltr' id='par_1_48' title="bbox 151 2341 932 2378">
     <span class='ocr_line' id='line_1_48' title="bbox 151 2341 932 2378; baseline 0.004 -10"><span class='ocrx_word' id='word_1_341' title='bbox 151 2349 203 2369; x_wconf 93' lang='lat' dir='ltr'><strong>nos</strong></span> <span class='ocrx_word' id='word_1_342' title='bbox 226 2348 307 2376; x_wconf 87' lang='lat' dir='ltr'><strong>quam</strong></span> <span class='ocrx_word' id='word_1_343' title='bbox 337 2349 417 2369; x_wconf 88' lang='lat' dir='ltr'><strong>veros</strong></span> <span class='ocrx_word' id='word_1_344' title='bbox 434 2351 441 2369; x_wconf 77' lang='lat'><strong>2</strong></span> <span class='ocrx_word' id='word_1_345' title='bbox 456 2341 511 2373; x_wconf 87' lang='lat' dir='ltr'><strong>his,</strong></span> <span class='ocrx_word' id='word_1_346' title='bbox 537 2342 660 2377; x_wconf 86' lang='lat' dir='ltr'><strong>inquam,</strong></span> <span class='ocrx_word' id='word_1_347' title='bbox 681 2343 806 2378; x_wconf 76' lang='lat' dir='ltr'><strong>cognitis,</strong></span> <span class='ocrx_word' id='word_1_348' title='bbox 826 2344 932 2371; x_wconf 93' lang='lat' dir='ltr'><strong>ratione</strong></span> 
     </span>
    </p>
   </div>
   <div class='ocr_carea' id='block_1_49' title="bbox 151 2387 933 2425">
    <p class='ocr_par' dir='ltr' id='par_1_49' title="bbox 151 2387 933 2425">
     <span class='ocr_line' id='line_1_49' title="bbox 151 2387 933 2425; baseline 0.004 -11"><span class='ocrx_word' id='word_1_349' title='bbox 151 2388 267 2423; x_wconf 87' lang='lat' dir='ltr'><strong>quadam</strong></span> <span class='ocrx_word' id='word_1_350' title='bbox 290 2387 366 2422; x_wconf 84' lang='lat' dir='ltr'><strong>quod</strong></span> <span class='ocrx_word' id='word_1_351' title='bbox 378 2388 503 2415; x_wconf 88' lang='lat' dir='ltr'><strong>volumus</strong></span> <span class='ocrx_word' id='word_1_352' title='bbox 524 2395 710 2423; x_wconf 90' lang='lat' dir='ltr'><strong>assequemur.</strong></span> <span class='ocrx_word' id='word_1_353' title='bbox 728 2387 865 2424; x_wconf 89' lang='lat' dir='ltr'><strong>imprimis</strong></span> <span class='ocrx_word' id='word_1_354' title='bbox 883 2390 933 2425; x_wconf 84' lang='lat' dir='ltr'><strong>igi-</strong></span> 
     </span>
    </p>
   </div>
   <div class='ocr_carea' id='block_1_50' title="bbox 152 2433 932 2469">
    <p class='ocr_par' dir='ltr' id='par_1_50' title="bbox 152 2433 932 2469">
     <span class='ocr_line' id='line_1_50' title="bbox 152 2433 932 2469; baseline 0.001 -9"><span class='ocrx_word' id='word_1_355' title='bbox 152 2437 197 2460; x_wconf 93' lang='lat' dir='ltr'><strong>tur</strong></span> <span class='ocrx_word' id='word_1_356' title='bbox 217 2433 321 2460; x_wconf 85' lang='lat' dir='ltr'><strong>zodiaci</strong></span> <span class='ocrx_word' id='word_1_357' title='bbox 344 2436 484 2468; x_wconf 87' lang='lat' dir='ltr'><strong>punctum,</strong></span> <span class='ocrx_word' id='word_1_358' title='bbox 496 2441 550 2469; x_wconf 89' lang='lat' dir='ltr'><strong>quo</strong></span> <span class='ocrx_word' id='word_1_359' title='bbox 567 2441 628 2460; x_wconf 93' lang='lat' dir='ltr'><strong>cum</strong></span> <span class='ocrx_word' id='word_1_360' title='bbox 641 2433 780 2468; x_wconf 87' lang='lat' dir='ltr'><strong>proposita</strong></span> <span class='ocrx_word' id='word_1_361' title='bbox 797 2434 874 2461; x_wconf 88' lang='lat' dir='ltr'><strong>stella</strong></span> <span class='ocrx_word' id='word_1_362' title='bbox 885 2442 932 2461; x_wconf 88' lang='lat' dir='ltr'><strong>su-</strong></span> 
     </span>
    </p>
   </div>
   <div class='ocr_carea' id='block_1_51' title="bbox 151 2476 932 2512">
    <p class='ocr_par' dir='ltr' id='par_1_51' title="bbox 151 2476 932 2512">
     <span class='ocr_line' id='line_1_51' title="bbox 151 2476 932 2512; baseline 0.004 -9"><span class='ocrx_word' id='word_1_363' title='bbox 151 2484 201 2512; x_wconf 85' lang='lat' dir='ltr'><strong>pra</strong></span> <span class='ocrx_word' id='word_1_364' title='bbox 226 2476 351 2511; x_wconf 78' lang='lat' dir='ltr'><strong>ini’raque</strong></span> <span class='ocrx_word' id='word_1_365' title='bbox 383 2477 551 2504; x_wconf 88' lang='lat' dir='ltr'><strong>horizontem</strong></span> <span class='ocrx_word' id='word_1_366' title='bbox 582 2478 714 2512; x_wconf 88' lang='lat' dir='ltr'><strong>pervenit,</strong></span> <span class='ocrx_word' id='word_1_367' title='bbox 740 2486 773 2505; x_wconf 85' lang='lat' dir='ltr'><strong>ex</strong></span> <span class='ocrx_word' id='word_1_368' title='bbox 801 2478 932 2506; x_wconf 88' lang='lat' dir='ltr'><strong>laterculo</strong></span> 
     </span>
    </p>
   </div>
   <div class='ocr_carea' id='block_1_52' title="bbox 151 2522 932 2555">
    <p class='ocr_par' dir='ltr' id='par_1_52' title="bbox 151 2522 932 2555">
     <span class='ocr_line' id='line_1_52' title="bbox 151 2522 932 2555; baseline 0.004 -6"><span class='ocrx_word' id='word_1_369' title='bbox 151 2526 263 2554; x_wconf 90' lang='lat' dir='ltr'><strong>nostro,</strong></span> <span class='ocrx_word' id='word_1_370' title='bbox 281 2523 334 2554; x_wconf 90' lang='lat' dir='ltr'><strong>vel,</strong></span> <span class='ocrx_word' id='word_1_371' title='bbox 356 2522 380 2550; x_wconf 88' lang='lat' dir='ltr'><strong>si</strong></span> <span class='ocrx_word' id='word_1_372' title='bbox 399 2523 425 2550; x_wconf 92' lang='lat' dir='ltr'><strong>in</strong></span> <span class='ocrx_word' id='word_1_373' title='bbox 439 2530 472 2551; x_wconf 90' lang='lat' dir='ltr'><strong>eo</strong></span> <span class='ocrx_word' id='word_1_374' title='bbox 488 2530 543 2550; x_wconf 93' lang='lat' dir='ltr'><strong>non</strong></span> <span class='ocrx_word' id='word_1_375' title='bbox 558 2523 714 2550; x_wconf 86' lang='lat' dir='ltr'><strong>continetur</strong></span> <span class='ocrx_word' id='word_1_376' title='bbox 727 2543 734 2555; x_wconf 92' lang='lat'><strong>,</strong></span> <span class='ocrx_word' id='word_1_377' title='bbox 754 2532 787 2551; x_wconf 80' lang='lat' dir='ltr'><strong>ex</strong></span> <span class='ocrx_word' id='word_1_378' title='bbox 804 2525 932 2552; x_wconf 90' lang='lat' dir='ltr'><strong>methodo</strong></span> 
     </span>
    </p>
   </div>
   <div class='ocr_carea' id='block_1_53' title="bbox 153 2568 931 2602">
    <p class='ocr_par' dir='ltr' id='par_1_53' title="bbox 153 2568 931 2602">
     <span class='ocr_line' id='line_1_53' title="bbox 153 2568 931 2602; baseline 0.003 -8"><span class='ocrx_word' id='word_1_379' title='bbox 153 2574 288 2594; x_wconf 89' lang='lat' dir='ltr'><strong>canonum</strong></span> <span class='ocrx_word' id='word_1_380' title='bbox 306 2568 447 2602; x_wconf 85' lang='lat' dir='ltr'><strong>explorare</strong></span> <span class='ocrx_word' id='word_1_381' title='bbox 474 2569 608 2595; x_wconf 87' lang='lat' dir='ltr'><strong>convenit.</strong></span> <span class='ocrx_word' id='word_1_382' title='bbox 639 2568 750 2601; x_wconf 87' lang='lat' dir='ltr'><strong>Deinde,</strong></span> <span class='ocrx_word' id='word_1_383' title='bbox 778 2570 799 2596; x_wconf 90' lang='lat' dir='ltr'><strong>si</strong></span> <span class='ocrx_word' id='word_1_384' title='bbox 828 2575 931 2596; x_wconf 88' lang='lat' dir='ltr'><strong>certum</strong></span> 
     </span>
    </p>
   </div>
   <div class='ocr_carea' id='block_1_54' title="bbox 154 2611 932 2647">
    <p class='ocr_par' dir='ltr' id='par_1_54' title="bbox 154 2611 932 2647">
     <span class='ocr_line' id='line_1_54' title="bbox 154 2611 932 2647; baseline 0.003 -9"><span class='ocrx_word' id='word_1_385' title='bbox 154 2611 217 2638; x_wconf 85' lang='lat' dir='ltr'><strong>anni</strong></span> <span class='ocrx_word' id='word_1_386' title='bbox 238 2615 344 2647; x_wconf 90' lang='lat' dir='ltr'><strong>tempus</strong></span> <span class='ocrx_word' id='word_1_387' title='bbox 371 2612 403 2638; x_wconf 90' lang='lat' dir='ltr'><strong>ab</strong></span> <span class='ocrx_word' id='word_1_388' title='bbox 435 2617 545 2638; x_wconf 86' lang='lat' dir='ltr'><strong>auctore</strong></span> <span class='ocrx_word' id='word_1_389' title='bbox 566 2612 720 2643; x_wconf 78' lang='lat' dir='ltr'><strong>deﬁniatur,</strong></span> <span class='ocrx_word' id='word_1_390' title='bbox 740 2613 853 2647; x_wconf 85' lang='lat' dir='ltr'><strong>gradum</strong></span> <span class='ocrx_word' id='word_1_391' title='bbox 865 2614 932 2640; x_wconf 87' lang='lat' dir='ltr'><strong>ecli-</strong></span> 
     </span>
    </p>
   </div>
   <div class='ocr_carea' id='block_1_55' title="bbox 152 2657 933 2692">
    <p class='ocr_par' dir='ltr' id='par_1_55' title="bbox 152 2657 933 2692">
     <span class='ocr_line' id='line_1_55' title="bbox 152 2657 933 2692; baseline 0.004 -8"><span class='ocrx_word' id='word_1_392' title='bbox 152 2657 233 2692; x_wconf 85' lang='lat' dir='ltr'><strong>pticae</strong></span> <span class='ocrx_word' id='word_1_393' title='bbox 249 2659 485 2689; x_wconf 65' lang='grc' dir='ltr'><strong>συνανατέλὶωτα,</strong></span> <span class='ocrx_word' id='word_1_394' title='bbox 502 2658 543 2685; x_wconf 87' lang='lat' dir='ltr'><strong>vel</strong></span> <span class='ocrx_word' id='word_1_395' title='bbox 563 2659 780 2692; x_wconf 72' lang='grc' dir='ltr'><strong>συγχατςιδύοντα</strong></span> <span class='ocrx_word' id='word_1_396' title='bbox 797 2659 890 2686; x_wconf 77' lang='lat' dir='ltr'><strong>confer</strong></span> <span class='ocrx_word' id='word_1_397' title='bbox 905 2660 933 2687; x_wconf 86' lang='lat' dir='ltr'><strong>in</strong></span> 
     </span>
    </p>
   </div>
   <div class='ocr_carea' id='block_1_56' title="bbox 153 2701 933 2737">
    <p class='ocr_par' dir='ltr' id='par_1_56' title="bbox 153 2701 933 2737">
     <span class='ocr_line' id='line_1_56' title="bbox 153 2701 933 2737; baseline 0.003 -9"><span class='ocrx_word' id='word_1_398' title='bbox 153 2701 343 2730; x_wconf 82' lang='lat' dir='ltr'><strong>Kalendarium</strong></span> <span class='ocrx_word' id='word_1_399' title='bbox 354 2703 500 2734; x_wconf 88' lang='lat' dir='ltr'><strong>Julianum,</strong></span> <span class='ocrx_word' id='word_1_400' title='bbox 516 2703 543 2729; x_wconf 91' lang='lat' dir='ltr'><strong>in</strong></span> <span class='ocrx_word' id='word_1_401' title='bbox 560 2710 645 2737; x_wconf 87' lang='lat' dir='ltr'><strong>eoque</strong></span> <span class='ocrx_word' id='word_1_402' title='bbox 658 2704 795 2731; x_wconf 71' lang='lat' dir='ltr'><strong>ctelestcm</strong></span> <span class='ocrx_word' id='word_1_403' title='bbox 813 2711 933 2731; x_wconf 90' lang='lat' dir='ltr'><strong>mensem</strong></span> 
     </span>
    </p>
   </div>
   <div class='ocr_carea' id='block_1_57' title="bbox 154 2749 934 2783">
    <p class='ocr_par' dir='ltr' id='par_1_57' title="bbox 154 2749 934 2783">
     <span class='ocr_line' id='line_1_57' title="bbox 154 2749 934 2783; baseline 0.001 -8"><span class='ocrx_word' id='word_1_404' title='bbox 154 2749 279 2781; x_wconf 90' lang='lat' dir='ltr'><strong>observa,</strong></span> <span class='ocrx_word' id='word_1_405' title='bbox 291 2749 334 2776; x_wconf 93' lang='lat' dir='ltr'><strong>cui</strong></span> <span class='ocrx_word' id='word_1_406' title='bbox 344 2749 443 2783; x_wconf 81' lang='lat' dir='ltr'><strong>gradus</strong></span> <span class='ocrx_word' id='word_1_407' title='bbox 456 2749 499 2775; x_wconf 87' lang='lat' dir='ltr'><strong>ille</strong></span> <span class='ocrx_word' id='word_1_408' title='bbox 511 2750 650 2783; x_wconf 84' lang='lat' dir='ltr'><strong>competit.</strong></span> <span class='ocrx_word' id='word_1_409' title='bbox 667 2749 695 2776; x_wconf 90' lang='lat' dir='ltr'><strong>Si</strong></span> <span class='ocrx_word' id='word_1_410' title='bbox 711 2750 769 2776; x_wconf 87' lang='lat' dir='ltr'><strong>dies</strong></span> <span class='ocrx_word' id='word_1_411' title='bbox 781 2749 814 2776; x_wconf 93' lang='lat' dir='ltr'><strong>ab</strong></span> <span class='ocrx_word' id='word_1_412' title='bbox 823 2753 934 2777; x_wconf 84' lang='lat' dir='ltr'><strong>auctore</strong></span> 
     </span>
    </p>
   </div>
   <div class='ocr_carea' id='block_1_58' title="bbox 156 2795 934 2831">
    <p class='ocr_par' dir='ltr' id='par_1_58' title="bbox 156 2795 934 2831">
     <span class='ocr_line' id='line_1_58' title="bbox 156 2795 934 2831; baseline 0 -8"><span class='ocrx_word' id='word_1_413' title='bbox 156 2795 191 2823; x_wconf 91' lang='lat' dir='ltr'><strong>sit</strong></span> <span class='ocrx_word' id='word_1_414' title='bbox 214 2803 369 2830; x_wconf 85' lang='lat' dir='ltr'><strong>expressus,</strong></span> <span class='ocrx_word' id='word_1_415' title='bbox 394 2795 517 2829; x_wconf 88' lang='lat' dir='ltr'><strong>idemque</strong></span> <span class='ocrx_word' id='word_1_416' title='bbox 533 2803 594 2822; x_wconf 93' lang='lat' dir='ltr'><strong>cum</strong></span> <span class='ocrx_word' id='word_1_417' title='bbox 621 2796 729 2822; x_wconf 87' lang='lat' dir='ltr'><strong>invento</strong></span> <span class='ocrx_word' id='word_1_418' title='bbox 746 2795 794 2822; x_wconf 92' lang='lat' dir='ltr'><strong>abs</strong></span> <span class='ocrx_word' id='word_1_419' title='bbox 807 2799 833 2823; x_wconf 85' lang='lat' dir='ltr'><strong>te</strong></span> <span class='ocrx_word' id='word_1_420' title='bbox 847 2795 934 2831; x_wconf 80' lang='lat' dir='ltr'><strong>gradu</strong></span> 
     </span>
    </p>
   </div>
   <div class='ocr_carea' id='block_1_59' title="bbox 155 2840 934 2873">
    <p class='ocr_par' dir='ltr' id='par_1_59' title="bbox 155 2840 934 2873">
     <span class='ocr_line' id='line_1_59' title="bbox 155 2840 934 2873; baseline 0 -5"><span class='ocrx_word' id='word_1_421' title='bbox 155 2841 318 2873; x_wconf 86' lang='lat' dir='ltr'><strong>consentiat,</strong></span> <span class='ocrx_word' id='word_1_422' title='bbox 348 2844 436 2868; x_wconf 87' lang='lat' dir='ltr'><strong>ortum</strong></span> <span class='ocrx_word' id='word_1_423' title='bbox 465 2849 525 2868; x_wconf 86' lang='lat' dir='ltr'><strong>esse</strong></span> <span class='ocrx_word' id='word_1_424' title='bbox 543 2841 709 2871; x_wconf 82' lang='lat' dir='ltr'><strong>cosmicuin.</strong></span> <span class='ocrx_word' id='word_1_425' title='bbox 736 2840 777 2867; x_wconf 81' lang='lat' dir='ltr'><strong>vel</strong></span> <span class='ocrx_word' id='word_1_426' title='bbox 805 2847 934 2868; x_wconf 79' lang='lat' dir='ltr'><strong>occasum</strong></span> 
     </span>
    </p>
   </div>
   <div class='ocr_carea' id='block_1_60' title="bbox 154 2885 932 2927">
    <p class='ocr_par' dir='ltr' id='par_1_60' title="bbox 154 2885 932 2927">
     <span class='ocr_line' id='line_1_60' title="bbox 154 2885 932 2927; baseline -0.004 -12"><span class='ocrx_word' id='word_1_427' title='bbox 154 2886 336 2923; x_wconf 58' lang='lat' dir='ltr'><strong>acronychum</strong></span> <span class='ocrx_word' id='word_1_428' title='bbox 364 2887 507 2922; x_wconf 78' lang='lat' dir='ltr'><strong>intelliges.</strong></span> <span class='ocrx_word' id='word_1_429' title='bbox 532 2886 578 2913; x_wconf 91' lang='lat' dir='ltr'><strong>Sin</strong></span> <span class='ocrx_word' id='word_1_430' title='bbox 599 2886 721 2927; x_wconf 83' lang='lat' dir='ltr'><strong>opposita</strong></span> <span class='ocrx_word' id='word_1_431' title='bbox 746 2886 773 2913; x_wconf 91' lang='lat' dir='ltr'><strong>in</strong></span> <span class='ocrx_word' id='word_1_432' title='bbox 790 2889 866 2921; x_wconf 89' lang='lat' dir='ltr'><strong>parte</strong></span> <span class='ocrx_word' id='word_1_433' title='bbox 887 2885 932 2918; x_wconf 82' lang='lat' dir='ltr'><strong>sit,</strong></span> 
     </span>
    </p>
   </div>
   <div class='ocr_carea' id='block_1_61' title="bbox 564 178 1363 212">
    <p class='ocr_par' dir='ltr' id='par_1_61' title="bbox 564 178 1363 212">
     <span class='ocr_line' id='line_1_61' title="bbox 564 178 1363 212; baseline 0.009 -8"><span class='ocrx_word' id='word_1_434' title='bbox 564 178 791 209; x_wconf 82' lang='lat' dir='ltr'><strong>DlSSERTATiO</strong></span> <span class='ocrx_word' id='word_1_435' title='bbox 809 180 854 208; x_wconf 86' lang='lat' dir='ltr'><strong>DE</strong></span> <span class='ocrx_word' id='word_1_436' title='bbox 873 181 965 210; x_wconf 84' lang='lat' dir='ltr'><strong>ORTU</strong></span> <span class='ocrx_word' id='word_1_437' title='bbox 982 181 1025 209; x_wconf 86' lang='lat' dir='ltr'><strong>ET</strong></span> <span class='ocrx_word' id='word_1_438' title='bbox 1044 181 1180 211; x_wconf 84' lang='lat' dir='ltr'><strong>OCCASU</strong></span> <span class='ocrx_word' id='word_1_439' title='bbox 1201 183 1363 212; x_wconf 68' lang='lat' dir='ltr'><strong>SIDERUJI.</strong></span> 
     </span>
    </p>
   </div>
   <div class='ocr_carea' id='block_1_62' title="bbox 1699 188 1767 216">
    <p class='ocr_par' dir='ltr' id='par_1_62' title="bbox 1699 188 1767 216">
     <span class='ocr_line' id='line_1_62' title="bbox 1699 188 1767 216; baseline 0.029 -2"><span class='ocrx_word' id='word_1_440' title='bbox 1699 188 1767 216; x_wconf 74' lang='lat' dir='ltr'><strong>i370</strong></span> 
     </span>
    </p>
   </div>
   <div class='ocr_carea' id='block_1_63' title="bbox 951 241 1766 278">
    <p class='ocr_par' dir='ltr' id='par_1_63' title="bbox 951 241 1766 278">
     <span class='ocr_line' id='line_1_63' title="bbox 951 241 1766 278; baseline 0.006 -11"><span class='ocrx_word' id='word_1_441' title='bbox 951 243 972 271; x_wconf 81' lang='grc' dir='ltr'>Α</span> <span class='ocrx_word' id='word_1_442' title='bbox 987 248 1116 268; x_wconf 89' lang='lat' dir='ltr'><strong>occasum</strong></span> <span class='ocrx_word' id='word_1_443' title='bbox 1140 241 1303 274; x_wconf 83' lang='lat' dir='ltr'><strong>cosmicum,</strong></span> <span class='ocrx_word' id='word_1_444' title='bbox 1319 245 1347 269; x_wconf 91' lang='lat' dir='ltr'><strong>et</strong></span> <span class='ocrx_word' id='word_1_445' title='bbox 1373 246 1463 269; x_wconf 91' lang='lat' dir='ltr'><strong>ortum</strong></span> <span class='ocrx_word' id='word_1_446' title='bbox 1482 242 1674 278; x_wconf 77' lang='lat' dir='ltr'><strong>acronycbum.</strong></span> <span class='ocrx_word' id='word_1_447' title='bbox 1689 244 1766 278; x_wconf 84' lang='lat' dir='ltr'><strong>Quod</strong></span> 
     </span>
    </p>
   </div>
   <div class='ocr_carea' id='block_1_64' title="bbox 985 286 1765 323">
    <p class='ocr_par' dir='ltr' id='par_1_64' title="bbox 985 286 1765 323">
     <span class='ocr_line' id='line_1_64' title="bbox 985 286 1765 323; baseline 0.006 -9"><span class='ocrx_word' id='word_1_448' title='bbox 985 286 1009 314; x_wconf 87' lang='lat' dir='ltr'><strong>si</strong></span> <span class='ocrx_word' id='word_1_449' title='bbox 1028 290 1135 321; x_wconf 90' lang='lat' dir='ltr'><strong>tempus</strong></span> <span class='ocrx_word' id='word_1_450' title='bbox 1152 287 1303 323; x_wconf 81' lang='grc' dir='ltr'><strong>ὁλοσχερῶς</strong></span> <span class='ocrx_word' id='word_1_451' title='bbox 1316 289 1505 316; x_wconf 87' lang='lat' dir='ltr'><strong>tantummodo</strong></span> <span class='ocrx_word' id='word_1_452' title='bbox 1527 289 1692 317; x_wconf 81' lang='lat' dir='ltr'><strong>declaratum</strong></span> <span class='ocrx_word' id='word_1_453' title='bbox 1708 290 1765 319; x_wconf 72' lang='lat' dir='ltr'><strong>fue-</strong></span> 
     </span>
    </p>
   </div>
   <div class='ocr_carea' id='block_1_65' title="bbox 985 332 1767 373">
    <p class='ocr_par' dir='ltr' id='par_1_65' title="bbox 985 332 1767 373">
     <span class='ocr_line' id='line_1_65' title="bbox 985 332 1767 373; baseline 0.006 -15"><span class='ocrx_word' id='word_1_454' title='bbox 985 332 1031 363; x_wconf 90' lang='lat' dir='ltr'><strong>rit,</strong></span> <span class='ocrx_word' id='word_1_455' title='bbox 1065 340 1098 359; x_wconf 73' lang='lat' dir='ltr'><strong>ex</strong></span> <span class='ocrx_word' id='word_1_456' title='bbox 1127 337 1254 360; x_wconf 88' lang='lat' dir='ltr'><strong>contextu</strong></span> <span class='ocrx_word' id='word_1_457' title='bbox 1279 334 1410 362; x_wconf 90' lang='lat' dir='ltr'><strong>orationis</strong></span> <span class='ocrx_word' id='word_1_458' title='bbox 1436 335 1494 373; x_wconf 91' lang='lat' dir='ltr'><strong>ipso</strong></span> <span class='ocrx_word' id='word_1_459' title='bbox 1513 335 1687 362; x_wconf 87' lang='lat' dir='ltr'><strong>divinandum</strong></span> <span class='ocrx_word' id='word_1_460' title='bbox 1704 337 1767 369; x_wconf 82' lang='lat' dir='ltr'><strong>erit,</strong></span> 
     </span>
    </p>
   </div>
   <div class='ocr_carea' id='block_1_66' title="bbox 984 379 1767 415">
    <p class='ocr_par' dir='ltr' id='par_1_66' title="bbox 984 379 1767 415">
     <span class='ocr_line' id='line_1_66' title="bbox 984 379 1767 415; baseline 0.008 -12"><span class='ocrx_word' id='word_1_461' title='bbox 984 384 1045 404; x_wconf 91' lang='lat' dir='ltr'><strong>cum</strong></span> <span class='ocrx_word' id='word_1_462' title='bbox 1065 385 1096 404; x_wconf 89' lang='lat' dir='ltr'><strong>ea</strong></span> <span class='ocrx_word' id='word_1_463' title='bbox 1116 379 1243 405; x_wconf 87' lang='lat' dir='ltr'><strong>cautione</strong></span> <span class='ocrx_word' id='word_1_464' title='bbox 1267 382 1296 405; x_wconf 93' lang='lat' dir='ltr'><strong>ut</strong></span> <span class='ocrx_word' id='word_1_465' title='bbox 1308 387 1341 406; x_wconf 85' lang='lat' dir='ltr'><strong>ex</strong></span> <span class='ocrx_word' id='word_1_466' title='bbox 1356 380 1463 407; x_wconf 92' lang='lat' dir='ltr'><strong>duobus</strong></span> <span class='ocrx_word' id='word_1_467' title='bbox 1481 381 1641 415; x_wconf 86' lang='lat' dir='ltr'><strong>propinquis</strong></span> <span class='ocrx_word' id='word_1_468' title='bbox 1660 382 1767 409; x_wconf 86' lang='lat' dir='ltr'><strong>ortibus</strong></span> 
     </span>
    </p>
   </div>
   <div class='ocr_carea' id='block_1_67' title="bbox 983 423 1765 461">
    <p class='ocr_par' dir='ltr' id='par_1_67' title="bbox 983 423 1765 461">
     <span class='ocr_line' id='line_1_67' title="bbox 983 423 1765 461; baseline 0.006 -12"><span class='ocrx_word' id='word_1_469' title='bbox 983 426 1010 449; x_wconf 90' lang='lat' dir='ltr'><strong>ct</strong></span> <span class='ocrx_word' id='word_1_470' title='bbox 1025 423 1360 459; x_wconf 84' lang='lat' dir='ltr'><strong>occasibus,apparentem</strong></span> <span class='ocrx_word' id='word_1_471' title='bbox 1373 426 1463 460; x_wconf 88' lang='lat' dir='ltr'><strong>potius</strong></span> <span class='ocrx_word' id='word_1_472' title='bbox 1473 427 1556 461; x_wconf 81' lang='lat' dir='ltr'><strong>eligas</strong></span> <span class='ocrx_word' id='word_1_473' title='bbox 1568 434 1647 461; x_wconf 91' lang='lat' dir='ltr'><strong>quam</strong></span> <span class='ocrx_word' id='word_1_474' title='bbox 1661 435 1765 460; x_wconf 89' lang='lat' dir='ltr'><strong>verum,</strong></span> 
     </span>
    </p>
   </div>
   <div class='ocr_carea' id='block_1_68' title="bbox 982 467 1767 507">
    <p class='ocr_par' dir='ltr' id='par_1_68' title="bbox 982 467 1767 507">
     <span class='ocr_line' id='line_1_68' title="bbox 982 467 1767 507; baseline 0.009 -14"><span class='ocrx_word' id='word_1_475' title='bbox 982 467 1036 494; x_wconf 87' lang='lat' dir='ltr'><strong>nisi</strong></span> <span class='ocrx_word' id='word_1_476' title='bbox 1061 471 1186 503; x_wconf 90' lang='lat' dir='ltr'><strong>uterque,</strong></span> <span class='ocrx_word' id='word_1_477' title='bbox 1204 469 1276 504; x_wconf 92' lang='lat' dir='ltr'><strong>quod</strong></span> <span class='ocrx_word' id='word_1_478' title='bbox 1303 470 1392 498; x_wconf 89' lang='lat' dir='ltr'><strong>rarius</strong></span> <span class='ocrx_word' id='word_1_479' title='bbox 1416 476 1467 501; x_wconf 83' lang='lat' dir='ltr'><strong>est,</strong></span> <span class='ocrx_word' id='word_1_480' title='bbox 1487 473 1520 498; x_wconf 91' lang='lat' dir='ltr'><strong>ab</strong></span> <span class='ocrx_word' id='word_1_481' title='bbox 1543 472 1676 507; x_wconf 87' lang='lat' dir='ltr'><strong>scriptore</strong></span> <span class='ocrx_word' id='word_1_482' title='bbox 1691 480 1767 500; x_wconf 92' lang='lat' dir='ltr'><strong>com-</strong></span> 
     </span>
    </p>
   </div>
   <div class='ocr_carea' id='block_1_69' title="bbox 982 513 1765 553">
    <p class='ocr_par' dir='ltr' id='par_1_69' title="bbox 982 513 1765 553">
     <span class='ocr_line' id='line_1_69' title="bbox 982 513 1765 553; baseline 0.009 -14"><span class='ocrx_word' id='word_1_483' title='bbox 982 513 1146 547; x_wconf 84' lang='lat' dir='ltr'><strong>prehensum</strong></span> <span class='ocrx_word' id='word_1_484' title='bbox 1162 513 1261 547; x_wconf 84' lang='lat' dir='ltr'><strong>fuerit;</strong></span> <span class='ocrx_word' id='word_1_485' title='bbox 1279 518 1335 542; x_wconf 93' lang='lat' dir='ltr'><strong>tum</strong></span> <span class='ocrx_word' id='word_1_486' title='bbox 1346 516 1419 543; x_wconf 90' lang='lat' dir='ltr'><strong>enim</strong></span> <span class='ocrx_word' id='word_1_487' title='bbox 1438 521 1528 543; x_wconf 91' lang='lat' dir='ltr'><strong>utrum</strong></span> <span class='ocrx_word' id='word_1_488' title='bbox 1547 522 1607 544; x_wconf 86' lang='lat' dir='ltr'><strong>utro</strong></span> <span class='ocrx_word' id='word_1_489' title='bbox 1623 519 1698 553; x_wconf 89' lang='lat' dir='ltr'><strong>prius</strong></span> <span class='ocrx_word' id='word_1_490' title='bbox 1718 519 1765 552; x_wconf 88' lang='lat' dir='ltr'><strong>sit,</strong></span> 
     </span>
    </p>
   </div>
   <div class='ocr_carea' id='block_1_70' title="bbox 982 559 1766 597">
    <p class='ocr_par' dir='ltr' id='par_1_70' title="bbox 982 559 1766 597">
     <span class='ocr_line' id='line_1_70' title="bbox 982 559 1766 597; baseline 0.009 -11"><span class='ocrx_word' id='word_1_491' title='bbox 982 566 1015 586; x_wconf 80' lang='lat' dir='ltr'><strong>ex</strong></span> <span class='ocrx_word' id='word_1_492' title='bbox 1035 559 1068 587; x_wconf 91' lang='lat' dir='ltr'><strong>iis</strong></span> <span class='ocrx_word' id='word_1_493' title='bbox 1090 567 1151 594; x_wconf 69' lang='lat' dir='ltr'><strong>quae</strong></span> <span class='ocrx_word' id='word_1_494' title='bbox 1175 561 1255 595; x_wconf 90' lang='lat' dir='ltr'><strong>paulo</strong></span> <span class='ocrx_word' id='word_1_495' title='bbox 1271 568 1353 595; x_wconf 86' lang='lat' dir='ltr'><strong>supra</strong></span> <span class='ocrx_word' id='word_1_496' title='bbox 1372 563 1601 597; x_wconf 67' lang='lat' dir='ltr'><strong>praeseripsimus,</strong></span> <span class='ocrx_word' id='word_1_497' title='bbox 1617 564 1766 592; x_wconf 84' lang='lat' dir='ltr'><strong>observan-</strong></span> 
     </span>
    </p>
   </div>
   <div class='ocr_carea' id='block_1_71' title="bbox 981 603 1124 631">
    <p class='ocr_par' dir='ltr' id='par_1_71' title="bbox 981 603 1124 631">
     <span class='ocr_line' id='line_1_71' title="bbox 981 603 1124 631; baseline 0.007 -1"><span class='ocrx_word' id='word_1_498' title='bbox 981 603 1045 630; x_wconf 87' lang='lat' dir='ltr'><strong>dum</strong></span> <span class='ocrx_word' id='word_1_499' title='bbox 1063 605 1124 631; x_wconf 88' lang='lat' dir='ltr'><strong>crit.</strong></span> 
     </span>
    </p>
   </div>
   <div class='ocr_carea' id='block_1_72' title="bbox 1018 648 1766 689">
    <p class='ocr_par' dir='ltr' id='par_1_72' title="bbox 1018 648 1766 689">
     <span class='ocr_line' id='line_1_72' title="bbox 1018 648 1766 689; baseline 0.008 -13"><span class='ocrx_word' id='word_1_500' title='bbox 1018 648 1047 676; x_wconf 93' lang='lat' dir='ltr'><strong>Si</strong></span> <span class='ocrx_word' id='word_1_501' title='bbox 1073 654 1133 677; x_wconf 90' lang='lat' dir='ltr'><strong>ortu</strong></span> <span class='ocrx_word' id='word_1_502' title='bbox 1153 651 1195 678; x_wconf 88' lang='lat' dir='ltr'><strong>vel</strong></span> <span class='ocrx_word' id='word_1_503' title='bbox 1211 658 1312 679; x_wconf 91' lang='lat' dir='ltr'><strong>occasu</strong></span> <span class='ocrx_word' id='word_1_504' title='bbox 1339 655 1479 688; x_wconf 89' lang='lat' dir='ltr'><strong>utcunque</strong></span> <span class='ocrx_word' id='word_1_505' title='bbox 1497 657 1637 689; x_wconf 82' lang='lat' dir='ltr'><strong>concepto,</strong></span> <span class='ocrx_word' id='word_1_506' title='bbox 1650 654 1682 682; x_wconf 89' lang='lat' dir='ltr'><strong>de</strong></span> <span class='ocrx_word' id='word_1_507' title='bbox 1697 658 1766 682; x_wconf 89' lang='lat' dir='ltr'><strong>tem-</strong></span> 
     </span>
    </p>
   </div>
   <div class='ocr_carea' id='block_1_73' title="bbox 980 696 1765 731">
    <p class='ocr_par' dir='ltr' id='par_1_73' title="bbox 980 696 1765 731">
     <span class='ocr_line' id='line_1_73' title="bbox 980 696 1765 731; baseline 0.006 -9"><span class='ocrx_word' id='word_1_508' title='bbox 980 703 1045 730; x_wconf 91' lang='lat' dir='ltr'><strong>pore</strong></span> <span class='ocrx_word' id='word_1_509' title='bbox 1074 696 1231 731; x_wconf 87' lang='lat' dir='ltr'><strong>conjectura</strong></span> <span class='ocrx_word' id='word_1_510' title='bbox 1252 697 1374 724; x_wconf 79' lang='lat' dir='ltr'><strong>facienda</strong></span> <span class='ocrx_word' id='word_1_511' title='bbox 1394 702 1447 730; x_wconf 91' lang='lat' dir='ltr'><strong>est,</strong></span> <span class='ocrx_word' id='word_1_512' title='bbox 1466 707 1499 725; x_wconf 87' lang='lat' dir='ltr'><strong>ex</strong></span> <span class='ocrx_word' id='word_1_513' title='bbox 1530 699 1649 726; x_wconf 88' lang='lat' dir='ltr'><strong>auctoris</strong></span> <span class='ocrx_word' id='word_1_514' title='bbox 1673 700 1765 727; x_wconf 79' lang='lat' dir='ltr'><strong>verbis</strong></span> 
     </span>
    </p>
   </div>
   <div class='ocr_carea' id='block_1_74' title="bbox 982 741 1764 777">
    <p class='ocr_par' dir='ltr' id='par_1_74' title="bbox 982 741 1764 777">
     <span class='ocr_line' id='line_1_74' title="bbox 982 741 1764 777; baseline 0.005 -10"><span class='ocrx_word' id='word_1_515' title='bbox 982 741 1133 775; x_wconf 82' lang='lat' dir='ltr'><strong>colligenda</strong></span> <span class='ocrx_word' id='word_1_516' title='bbox 1162 741 1265 776; x_wconf 81' lang='lat' dir='ltr'><strong>species</strong></span> <span class='ocrx_word' id='word_1_517' title='bbox 1290 745 1431 770; x_wconf 88' lang='lat' dir='ltr'><strong>est.ortus</strong></span> <span class='ocrx_word' id='word_1_518' title='bbox 1455 743 1540 777; x_wconf 89' lang='lat' dir='ltr'><strong>ipsius</strong></span> <span class='ocrx_word' id='word_1_519' title='bbox 1565 747 1611 770; x_wconf 91' lang='lat' dir='ltr'><strong>aut</strong></span> <span class='ocrx_word' id='word_1_520' title='bbox 1632 750 1764 777; x_wconf 83' lang='lat' dir='ltr'><strong>occasus;</strong></span> 
     </span>
    </p>
   </div>
   <div class='ocr_carea' id='block_1_75' title="bbox 979 785 1762 820">
    <p class='ocr_par' dir='ltr' id='par_1_75' title="bbox 979 785 1762 820">
     <span class='ocr_line' id='line_1_75' title="bbox 979 785 1762 820; baseline 0.004 -8"><span class='ocrx_word' id='word_1_521' title='bbox 979 788 1072 819; x_wconf 88' lang='lat' dir='ltr'><strong>postea</strong></span> <span class='ocrx_word' id='word_1_522' title='bbox 1085 790 1214 820; x_wconf 89' lang='lat' dir='ltr'><strong>punctum</strong></span> <span class='ocrx_word' id='word_1_523' title='bbox 1231 785 1334 813; x_wconf 83' lang='lat' dir='ltr'><strong>zodiaci</strong></span> <span class='ocrx_word' id='word_1_524' title='bbox 1360 793 1420 813; x_wconf 80' lang='lat' dir='ltr'><strong>cum</strong></span> <span class='ocrx_word' id='word_1_525' title='bbox 1445 788 1522 814; x_wconf 81' lang='lat' dir='ltr'><strong>stella</strong></span> <span class='ocrx_word' id='word_1_526' title='bbox 1536 787 1638 820; x_wconf 89' lang='lat' dir='ltr'><strong>oriens,</strong></span> <span class='ocrx_word' id='word_1_527' title='bbox 1658 788 1700 815; x_wconf 86' lang='lat' dir='ltr'><strong>vel</strong></span> <span class='ocrx_word' id='word_1_528' title='bbox 1714 787 1762 815; x_wconf 90' lang='lat' dir='ltr'><strong>de-</strong></span> 
     </span>
    </p>
   </div>
   <div class='ocr_carea' id='block_1_76' title="bbox 979 831 1761 867">
    <p class='ocr_par' dir='ltr' id='par_1_76' title="bbox 979 831 1761 867">
     <span class='ocr_line' id='line_1_76' title="bbox 979 831 1761 867; baseline 0.004 -9"><span class='ocrx_word' id='word_1_529' title='bbox 979 832 1122 865; x_wconf 85' lang='lat' dir='ltr'><strong>scendens,</strong></span> <span class='ocrx_word' id='word_1_530' title='bbox 1140 832 1167 859; x_wconf 93' lang='lat' dir='ltr'><strong>in</strong></span> <span class='ocrx_word' id='word_1_531' title='bbox 1181 831 1344 860; x_wconf 86' lang='lat' dir='ltr'><strong>Kalendario</strong></span> <span class='ocrx_word' id='word_1_532' title='bbox 1360 833 1566 867; x_wconf 89' lang='lat' dir='ltr'><strong>requirendum;</strong></span> <span class='ocrx_word' id='word_1_533' title='bbox 1582 834 1689 861; x_wconf 83' lang='lat' dir='ltr'><strong>domum</strong></span> <span class='ocrx_word' id='word_1_534' title='bbox 1704 834 1761 861; x_wconf 88' lang='lat' dir='ltr'><strong>veri</strong></span> 
     </span>
    </p>
   </div>
   <div class='ocr_carea' id='block_1_77' title="bbox 979 878 1760 915">
    <p class='ocr_par' dir='ltr' id='par_1_77' title="bbox 979 878 1760 915">
     <span class='ocr_line' id='line_1_77' title="bbox 979 878 1760 915; baseline 0.004 -11"><span class='ocrx_word' id='word_1_535' title='bbox 979 884 1014 904; x_wconf 92' lang='lat' dir='ltr'><strong>an</strong></span> <span class='ocrx_word' id='word_1_536' title='bbox 1032 878 1187 912; x_wconf 88' lang='lat' dir='ltr'><strong>apparentis</strong></span> <span class='ocrx_word' id='word_1_537' title='bbox 1203 882 1311 914; x_wconf 86' lang='lat' dir='ltr'><strong>tempus</strong></span> <span class='ocrx_word' id='word_1_538' title='bbox 1327 879 1373 911; x_wconf 79' lang='lat' dir='ltr'><strong>sit,</strong></span> <span class='ocrx_word' id='word_1_539' title='bbox 1391 879 1495 912; x_wconf 90' lang='lat' dir='ltr'><strong>itidem,</strong></span> <span class='ocrx_word' id='word_1_540' title='bbox 1520 884 1548 906; x_wconf 94' lang='lat' dir='ltr'><strong>ut</strong></span> <span class='ocrx_word' id='word_1_541' title='bbox 1572 887 1665 915; x_wconf 86' lang='lat' dir='ltr'><strong>supra,</strong></span> <span class='ocrx_word' id='word_1_542' title='bbox 1693 880 1760 907; x_wconf 89' lang='lat' dir='ltr'><strong>deli-</strong></span> 
     </span>
    </p>
   </div>
   <div class='ocr_carea' id='block_1_78' title="bbox 977 917 1311 951">
    <p class='ocr_par' dir='ltr' id='par_1_78' title="bbox 977 917 1311 951">
     <span class='ocr_line' id='line_1_78' title="bbox 977 917 1311 951; baseline 0.003 -1"><span class='ocrx_word' id='word_1_543' title='bbox 977 924 1077 950; x_wconf 88' lang='lat' dir='ltr'><strong>berand</strong></span> <span class='ocrx_word' id='word_1_544' title='bbox 1084 932 1139 951; x_wconf 90' lang='lat' dir='ltr'><strong>um.</strong></span> <span class='ocrx_word' id='word_1_545' title='bbox 1308 917 1311 921; x_wconf 64' lang='grc'><em>’</em></span> 
     </span>
    </p>
   </div>
   <div class='ocr_carea' id='block_1_79' title="bbox 1013 967 1764 1003">
    <p class='ocr_par' dir='ltr' id='par_1_79' title="bbox 1013 967 1764 1003">
     <span class='ocr_line' id='line_1_79' title="bbox 1013 967 1764 1003; baseline 0.001 -10"><span class='ocrx_word' id='word_1_546' title='bbox 1013 967 1042 994; x_wconf 83' lang='grc' dir='ltr'><strong>1η</strong></span> <span class='ocrx_word' id='word_1_547' title='bbox 1060 968 1103 995; x_wconf 91' lang='lat' dir='ltr'><strong>bis</strong></span> <span class='ocrx_word' id='word_1_548' title='bbox 1126 967 1212 995; x_wconf 88' lang='lat' dir='ltr'><strong>stellis</strong></span> <span class='ocrx_word' id='word_1_549' title='bbox 1227 975 1296 1002; x_wconf 90' lang='lat' dir='ltr'><strong>quas</strong></span> <span class='ocrx_word' id='word_1_550' title='bbox 1309 967 1471 995; x_wconf 88' lang='lat' dir='ltr'><strong>laterculum</strong></span> <span class='ocrx_word' id='word_1_551' title='bbox 1486 972 1608 995; x_wconf 87' lang='lat' dir='ltr'><strong>nostrum</strong></span> <span class='ocrx_word' id='word_1_552' title='bbox 1624 967 1764 1003; x_wconf 81' lang='lat' dir='ltr'><strong>superiore</strong></span> 
     </span>
    </p>
   </div>
   <div class='ocr_carea' id='block_1_80' title="bbox 977 1012 1764 1048">
    <p class='ocr_par' dir='ltr' id='par_1_80' title="bbox 977 1012 1764 1048">
     <span class='ocr_line' id='line_1_80' title="bbox 977 1012 1764 1048; baseline 0.003 -9"><span class='ocrx_word' id='word_1_553' title='bbox 977 1012 1057 1045; x_wconf 88' lang='lat' dir='ltr'><strong>libro,</strong></span> <span class='ocrx_word' id='word_1_554' title='bbox 1075 1014 1164 1048; x_wconf 90' lang='lat' dir='ltr'><strong>capite</strong></span> <span class='ocrx_word' id='word_1_555' title='bbox 1178 1019 1273 1041; x_wconf 90' lang='lat' dir='ltr'><strong>octavo</strong></span> <span class='ocrx_word' id='word_1_556' title='bbox 1297 1014 1431 1045; x_wconf 90' lang='lat' dir='ltr'><strong>continet,</strong></span> <span class='ocrx_word' id='word_1_557' title='bbox 1449 1014 1567 1041; x_wconf 87' lang='lat' dir='ltr'><strong>laborem</strong></span> <span class='ocrx_word' id='word_1_558' title='bbox 1584 1014 1655 1041; x_wconf 91' lang='lat' dir='ltr'><strong>hunc</strong></span> <span class='ocrx_word' id='word_1_559' title='bbox 1672 1014 1764 1041; x_wconf 81' lang='lat' dir='ltr'><strong>suble-</strong></span> 
     </span>
    </p>
   </div>
   <div class='ocr_carea' id='block_1_81' title="bbox 977 1059 1763 1095">
    <p class='ocr_par' dir='ltr' id='par_1_81' title="bbox 977 1059 1763 1095">
     <span class='ocr_line' id='line_1_81' title="bbox 977 1059 1763 1095; baseline 0.001 -11"><span class='ocrx_word' id='word_1_560' title='bbox 977 1063 1042 1085; x_wconf 86' lang='lat' dir='ltr'><strong>vant</strong></span> <span class='ocrx_word' id='word_1_561' title='bbox 1060 1066 1189 1093; x_wconf 81' lang='lat' dir='ltr'><strong>expressa</strong></span> <span class='ocrx_word' id='word_1_562' title='bbox 1205 1063 1313 1085; x_wconf 77' lang='lat' dir='ltr'><strong>Ol‘lllum</strong></span> <span class='ocrx_word' id='word_1_563' title='bbox 1329 1059 1449 1086; x_wconf 86' lang='lat' dir='ltr'><strong>omnium</strong></span> <span class='ocrx_word' id='word_1_564' title='bbox 1480 1066 1681 1095; x_wconf 75' lang='lat' dir='ltr'><strong>occas-tumque</strong></span> <span class='ocrx_word' id='word_1_565' title='bbox 1704 1066 1763 1085; x_wconf 92' lang='lat' dir='ltr'><strong>mo-</strong></span> 
     </span>
    </p>
   </div>
   <div class='ocr_carea' id='block_1_82' title="bbox 978 1103 1764 1139">
    <p class='ocr_par' dir='ltr' id='par_1_82' title="bbox 978 1103 1764 1139">
     <span class='ocr_line' id='line_1_82' title="bbox 978 1103 1764 1139; baseline 0 -8"><span class='ocrx_word' id='word_1_566' title='bbox 978 1108 1078 1131; x_wconf 83' lang='lat' dir='ltr'><strong>menta.</strong></span> <span class='ocrx_word' id='word_1_567' title='bbox 1093 1103 1193 1131; x_wconf 81' lang='lat' dir='ltr'><strong>Verum</strong></span> <span class='ocrx_word' id='word_1_568' title='bbox 1219 1104 1365 1139; x_wconf 89' lang='lat' dir='ltr'><strong>quoniam,</strong></span> <span class='ocrx_word' id='word_1_569' title='bbox 1385 1109 1415 1130; x_wconf 92' lang='lat' dir='ltr'><strong>ut</strong></span> <span class='ocrx_word' id='word_1_570' title='bbox 1442 1105 1564 1139; x_wconf 78' lang='lat' dir='ltr'><strong>proxime</strong></span> <span class='ocrx_word' id='word_1_571' title='bbox 1590 1103 1764 1132; x_wconf 79' lang='lat' dir='ltr'><strong>antecedente</strong></span> 
     </span>
    </p>
   </div>
   <div class='ocr_carea' id='block_1_83' title="bbox 978 1149 1764 1184">
    <p class='ocr_par' dir='ltr' id='par_1_83' title="bbox 978 1149 1764 1184">
     <span class='ocr_line' id='line_1_83' title="bbox 978 1149 1764 1184; baseline 0.001 -8"><span class='ocrx_word' id='word_1_572' title='bbox 978 1149 1067 1184; x_wconf 85' lang='lat' dir='ltr'><strong>capite</strong></span> <span class='ocrx_word' id='word_1_573' title='bbox 1099 1149 1202 1176; x_wconf 91' lang='lat' dir='ltr'><strong>dictum</strong></span> <span class='ocrx_word' id='word_1_574' title='bbox 1237 1153 1289 1182; x_wconf 84' lang='lat' dir='ltr'><strong>est,</strong></span> <span class='ocrx_word' id='word_1_575' title='bbox 1318 1150 1438 1177; x_wconf 90' lang='lat' dir='ltr'><strong>nondum</strong></span> <span class='ocrx_word' id='word_1_576' title='bbox 1467 1150 1571 1184; x_wconf 88' lang='lat' dir='ltr'><strong>liquido</strong></span> <span class='ocrx_word' id='word_1_577' title='bbox 1603 1154 1764 1184; x_wconf 87' lang='lat' dir='ltr'><strong>apparentes</strong></span> 
     </span>
    </p>
   </div>
   <div class='ocr_carea' id='block_1_84' title="bbox 978 1195 1764 1230">
    <p class='ocr_par' dir='ltr' id='par_1_84' title="bbox 978 1195 1764 1230">
     <span class='ocr_line' id='line_1_84' title="bbox 978 1195 1764 1230; baseline 0.001 -9"><span class='ocrx_word' id='word_1_578' title='bbox 978 1200 1054 1222; x_wconf 91' lang='lat' dir='ltr'><strong>ortus</strong></span> <span class='ocrx_word' id='word_1_579' title='bbox 1069 1198 1096 1222; x_wconf 90' lang='lat' dir='ltr'><strong>et</strong></span> <span class='ocrx_word' id='word_1_580' title='bbox 1111 1202 1226 1222; x_wconf 87' lang='lat' dir='ltr'><strong>occasus</strong></span> <span class='ocrx_word' id='word_1_581' title='bbox 1254 1196 1449 1227; x_wconf 86' lang='lat' dir='ltr'><strong>astronomico,</strong></span> <span class='ocrx_word' id='word_1_582' title='bbox 1465 1203 1546 1230; x_wconf 89' lang='lat' dir='ltr'><strong>quem</strong></span> <span class='ocrx_word' id='word_1_583' title='bbox 1563 1195 1599 1222; x_wconf 86' lang='lat' dir='ltr'><strong>ibi</strong></span> <span class='ocrx_word' id='word_1_584' title='bbox 1620 1196 1764 1230; x_wconf 79' lang='lat' dir='ltr'><strong>persequi-</strong></span> 
     </span>
    </p>
   </div>
   <div class='ocr_carea' id='block_1_85' title="bbox 977 1240 1766 1276">
    <p class='ocr_par' dir='ltr' id='par_1_85' title="bbox 977 1240 1766 1276">
     <span class='ocr_line' id='line_1_85' title="bbox 977 1240 1766 1276; baseline 0.003 -10"><span class='ocrx_word' id='word_1_585' title='bbox 977 1247 1050 1271; x_wconf 79' lang='lat' dir='ltr'><strong>mur,</strong></span> <span class='ocrx_word' id='word_1_586' title='bbox 1065 1240 1183 1274; x_wconf 89' lang='lat' dir='ltr'><strong>calculo_</strong></span> <span class='ocrx_word' id='word_1_587' title='bbox 1194 1240 1392 1273; x_wconf 87' lang='lat' dir='ltr'><strong>coniiciuntur,</strong></span> <span class='ocrx_word' id='word_1_588' title='bbox 1409 1241 1513 1269; x_wconf 93' lang='lat' dir='ltr'><strong>idcirco</strong></span> <span class='ocrx_word' id='word_1_589' title='bbox 1528 1241 1575 1276; x_wconf 86' lang='lat' dir='ltr'><strong>qui</strong></span> <span class='ocrx_word' id='word_1_590' title='bbox 1596 1242 1630 1268; x_wconf 93' lang='lat' dir='ltr'><strong>ab</strong></span> <span class='ocrx_word' id='word_1_591' title='bbox 1649 1242 1766 1269; x_wconf 88' lang='lat' dir='ltr'><strong>auctori-</strong></span> 
     </span>
    </p>
   </div>
   <div class='ocr_carea' id='block_1_86' title="bbox 977 1285 1765 1322">
    <p class='ocr_par' dir='ltr' id='par_1_86' title="bbox 977 1285 1765 1322">
     <span class='ocr_line' id='line_1_86' title="bbox 977 1285 1765 1322; baseline 0 -8"><span class='ocrx_word' id='word_1_592' title='bbox 977 1287 1029 1314; x_wconf 89' lang='lat' dir='ltr'><strong>bus</strong></span> <span class='ocrx_word' id='word_1_593' title='bbox 1054 1285 1212 1313; x_wconf 82' lang='lat' dir='ltr'><strong>indicantur</strong></span> <span class='ocrx_word' id='word_1_594' title='bbox 1236 1290 1313 1314; x_wconf 91' lang='lat' dir='ltr'><strong>ortus</strong></span> <span class='ocrx_word' id='word_1_595' title='bbox 1324 1290 1352 1314; x_wconf 89' lang='lat' dir='ltr'><strong>et</strong></span> <span class='ocrx_word' id='word_1_596' title='bbox 1367 1294 1495 1318; x_wconf 91' lang='lat' dir='ltr'><strong>occasus,</strong></span> <span class='ocrx_word' id='word_1_597' title='bbox 1514 1290 1595 1322; x_wconf 92' lang='lat' dir='ltr'><strong>prout</strong></span> <span class='ocrx_word' id='word_1_598' title='bbox 1609 1287 1707 1322; x_wconf 83' lang='lat' dir='ltr'><strong>exiguo</strong></span> <span class='ocrx_word' id='word_1_599' title='bbox 1723 1287 1765 1314; x_wconf 92' lang='lat' dir='ltr'><strong>in-</strong></span> 
     </span>
    </p>
   </div>
   <div class='ocr_carea' id='block_1_87' title="bbox 979 1331 1765 1367">
    <p class='ocr_par' dir='ltr' id='par_1_87' title="bbox 979 1331 1765 1367">
     <span class='ocr_line' id='line_1_87' title="bbox 979 1331 1765 1367; baseline 0.003 -9"><span class='ocrx_word' id='word_1_600' title='bbox 979 1331 1092 1359; x_wconf 88' lang='lat' dir='ltr'><strong>tervallo</strong></span> <span class='ocrx_word' id='word_1_601' title='bbox 1113 1331 1156 1358; x_wconf 91' lang='lat' dir='ltr'><strong>sui</strong></span> <span class='ocrx_word' id='word_1_602' title='bbox 1181 1339 1316 1366; x_wconf 79' lang='lat' dir='ltr'><strong>quemque</strong></span> <span class='ocrx_word' id='word_1_603' title='bbox 1339 1331 1448 1367; x_wconf 87' lang='lat' dir='ltr'><strong>generis</strong></span> <span class='ocrx_word' id='word_1_604' title='bbox 1472 1336 1561 1359; x_wconf 91' lang='lat' dir='ltr'><strong>ortum</strong></span> <span class='ocrx_word' id='word_1_605' title='bbox 1582 1339 1765 1367; x_wconf 84' lang='lat' dir='ltr'><strong>occasumque</strong></span> 
     </span>
    </p>
   </div>
   <div class='ocr_carea' id='block_1_88' title="bbox 978 1376 1765 1412">
    <p class='ocr_par' dir='ltr' id='par_1_88' title="bbox 978 1376 1765 1412">
     <span class='ocr_line' id='line_1_88' title="bbox 978 1376 1765 1412; baseline 0.001 -8"><span class='ocrx_word' id='word_1_606' title='bbox 978 1381 1101 1405; x_wconf 89' lang='lat' dir='ltr'><strong>notatum</strong></span> <span class='ocrx_word' id='word_1_607' title='bbox 1123 1377 1150 1404; x_wconf 88' lang='lat' dir='ltr'><strong>in</strong></span> <span class='ocrx_word' id='word_1_608' title='bbox 1165 1376 1258 1404; x_wconf 90' lang='lat' dir='ltr'><strong>tabula</strong></span> <span class='ocrx_word' id='word_1_609' title='bbox 1280 1381 1465 1411; x_wconf 85' lang='lat' dir='ltr'><strong>antevertuut,</strong></span> <span class='ocrx_word' id='word_1_610' title='bbox 1480 1380 1527 1404; x_wconf 86' lang='lat' dir='ltr'><strong>aut</strong></span> <span class='ocrx_word' id='word_1_611' title='bbox 1548 1380 1709 1412; x_wconf 84' lang='lat' dir='ltr'><strong>sequuntur,</strong></span> <span class='ocrx_word' id='word_1_612' title='bbox 1726 1378 1765 1405; x_wconf 79' lang='lat' dir='ltr'><strong>ita</strong></span> 
     </span>
    </p>
   </div>
   <div class='ocr_carea' id='block_1_89' title="bbox 978 1421 1340 1450">
    <p class='ocr_par' dir='ltr' id='par_1_89' title="bbox 978 1421 1340 1450">
     <span class='ocr_line' id='line_1_89' title="bbox 978 1421 1340 1450; baseline -0.006 0"><span class='ocrx_word' id='word_1_613' title='bbox 978 1422 1065 1450; x_wconf 89' lang='lat' dir='ltr'><strong>eidem</strong></span> <span class='ocrx_word' id='word_1_614' title='bbox 1088 1421 1242 1449; x_wconf 88' lang='lat' dir='ltr'><strong>ascribendi</strong></span> <span class='ocrx_word' id='word_1_615' title='bbox 1266 1426 1340 1449; x_wconf 91' lang='lat' dir='ltr'><strong>sunt.</strong></span> 
     </span>
    </p>
   </div>
   <div class='ocr_carea' id='block_1_90' title="bbox 1014 1467 1764 1504">
    <p class='ocr_par' dir='ltr' id='par_1_90' title="bbox 1014 1467 1764 1504">
     <span class='ocr_line' id='line_1_90' title="bbox 1014 1467 1764 1504; baseline 0 -10"><span class='ocrx_word' id='word_1_616' title='bbox 1014 1467 1148 1501; x_wconf 86' lang='lat' dir='ltr'><strong>Quoniam</strong></span> <span class='ocrx_word' id='word_1_617' title='bbox 1164 1475 1228 1495; x_wconf 89' lang='lat' dir='ltr'><strong>vero</strong></span> <span class='ocrx_word' id='word_1_618' title='bbox 1242 1467 1360 1496; x_wconf 88' lang='lat' dir='ltr'><strong>diversis</strong></span> <span class='ocrx_word' id='word_1_619' title='bbox 1369 1475 1384 1495; x_wconf 91' lang='lat' dir='ltr'><strong>e</strong></span> <span class='ocrx_word' id='word_1_620' title='bbox 1398 1467 1647 1504; x_wconf 80' lang='lat' dir='ltr'><strong>parapegmatibus,</strong></span> <span class='ocrx_word' id='word_1_621' title='bbox 1658 1467 1710 1494; x_wconf 88' lang='lat' dir='ltr'><strong>hoc</strong></span> <span class='ocrx_word' id='word_1_622' title='bbox 1722 1471 1764 1495; x_wconf 82' lang='lat' dir='ltr'><strong>est</strong></span> 
     </span>
    </p>
   </div>
   <div class='ocr_carea' id='block_1_91' title="bbox 978 1512 1763 1549">
    <p class='ocr_par' dir='ltr' id='par_1_91' title="bbox 978 1512 1763 1549">
     <span class='ocr_line' id='line_1_91' title="bbox 978 1512 1763 1549; baseline -0.001 -9"><span class='ocrx_word' id='word_1_623' title='bbox 978 1514 1090 1546; x_wconf 83' lang='lat' dir='ltr'><strong>ltalicis.</strong></span> <span class='ocrx_word' id='word_1_624' title='bbox 1118 1512 1219 1542; x_wconf 82' lang='lat' dir='ltr'><strong>Graecis</strong></span> <span class='ocrx_word' id='word_1_625' title='bbox 1244 1518 1271 1541; x_wconf 88' lang='lat' dir='ltr'><strong>et</strong></span> <span class='ocrx_word' id='word_1_626' title='bbox 1292 1513 1473 1549; x_wconf 64' lang='lat' dir='ltr'><strong>Egyptiacis,</strong></span> <span class='ocrx_word' id='word_1_627' title='bbox 1488 1517 1534 1541; x_wconf 90' lang='lat' dir='ltr'><strong>aut</strong></span> <span class='ocrx_word' id='word_1_628' title='bbox 1559 1513 1763 1548; x_wconf 85' lang='lat' dir='ltr'><strong>iuterjectarum</strong></span> 
     </span>
    </p>
   </div>
   <div class='ocr_carea' id='block_1_92' title="bbox 979 1557 1764 1594">
    <p class='ocr_par' dir='ltr' id='par_1_92' title="bbox 979 1557 1764 1594">
     <span class='ocr_line' id='line_1_92' title="bbox 979 1557 1764 1594; baseline -0.001 -8"><span class='ocrx_word' id='word_1_629' title='bbox 979 1558 1128 1594; x_wconf 81' lang='lat' dir='ltr'><strong>regionum.</strong></span> <span class='ocrx_word' id='word_1_630' title='bbox 1155 1558 1215 1586; x_wconf 89' lang='lat' dir='ltr'><strong>sine</strong></span> <span class='ocrx_word' id='word_1_631' title='bbox 1237 1559 1294 1586; x_wconf 93' lang='lat' dir='ltr'><strong>ullo</strong></span> <span class='ocrx_word' id='word_1_632' title='bbox 1314 1558 1451 1586; x_wconf 90' lang='lat' dir='ltr'><strong>interdum</strong></span> <span class='ocrx_word' id='word_1_633' title='bbox 1469 1559 1639 1591; x_wconf 88' lang='lat' dir='ltr'><strong>discrimine,</strong></span> <span class='ocrx_word' id='word_1_634' title='bbox 1656 1566 1716 1593; x_wconf 71' lang='lat' dir='ltr'><strong>qua:</strong></span> <span class='ocrx_word' id='word_1_635' title='bbox 1730 1557 1764 1585; x_wconf 81' lang='lat' dir='ltr'><strong>de</strong></span> 
     </span>
    </p>
   </div>
   <div class='ocr_carea' id='block_1_93' title="bbox 979 1603 1764 1640">
    <p class='ocr_par' dir='ltr' id='par_1_93' title="bbox 979 1603 1764 1640">
     <span class='ocr_line' id='line_1_93' title="bbox 979 1603 1764 1640; baseline -0.003 -8"><span class='ocrx_word' id='word_1_636' title='bbox 979 1604 1065 1633; x_wconf 86' lang='lat' dir='ltr'><strong>stellis</strong></span> <span class='ocrx_word' id='word_1_637' title='bbox 1078 1604 1209 1637; x_wconf 79' lang='lat' dir='ltr'><strong>referunt,</strong></span> <span class='ocrx_word' id='word_1_638' title='bbox 1225 1604 1374 1640; x_wconf 90' lang='lat' dir='ltr'><strong>scriptores</strong></span> <span class='ocrx_word' id='word_1_639' title='bbox 1390 1605 1557 1635; x_wconf 82' lang='lat' dir='ltr'><strong>hauserunt;</strong></span> <span class='ocrx_word' id='word_1_640' title='bbox 1579 1604 1642 1631; x_wconf 89' lang='lat' dir='ltr'><strong>hinc</strong></span> <span class='ocrx_word' id='word_1_641' title='bbox 1661 1603 1764 1639; x_wconf 90' lang='lat' dir='ltr'><strong>judicio</strong></span> 
     </span>
    </p>
   </div>
   <div class='ocr_carea' id='block_1_94' title="bbox 979 1650 1761 1685">
    <p class='ocr_par' dir='ltr' id='par_1_94' title="bbox 979 1650 1761 1685">
     <span class='ocr_line' id='line_1_94' title="bbox 979 1650 1761 1685; baseline -0.001 -8"><span class='ocrx_word' id='word_1_642' title='bbox 979 1650 1013 1677; x_wconf 88' lang='lat' dir='ltr'><strong>ad</strong></span> <span class='ocrx_word' id='word_1_643' title='bbox 1027 1658 1058 1678; x_wconf 88' lang='lat' dir='ltr'><strong>ea</strong></span> <span class='ocrx_word' id='word_1_644' title='bbox 1077 1650 1258 1678; x_wconf 85' lang='lat' dir='ltr'><strong>discernenda</strong></span> <span class='ocrx_word' id='word_1_645' title='bbox 1272 1658 1342 1685; x_wconf 85' lang='lat' dir='ltr'><strong>opus</strong></span> <span class='ocrx_word' id='word_1_646' title='bbox 1358 1655 1412 1683; x_wconf 87' lang='lat' dir='ltr'><strong>est,</strong></span> <span class='ocrx_word' id='word_1_647' title='bbox 1431 1656 1457 1678; x_wconf 89' lang='lat' dir='ltr'><strong>et</strong></span> <span class='ocrx_word' id='word_1_648' title='bbox 1470 1651 1498 1678; x_wconf 89' lang='lat' dir='ltr'><strong>in</strong></span> <span class='ocrx_word' id='word_1_649' title='bbox 1516 1651 1613 1682; x_wconf 91' lang='lat' dir='ltr'><strong>stellis,</strong></span> <span class='ocrx_word' id='word_1_650' title='bbox 1627 1657 1695 1685; x_wconf 88' lang='lat' dir='ltr'><strong>quas</strong></span> <span class='ocrx_word' id='word_1_651' title='bbox 1712 1650 1761 1676; x_wconf 87' lang='lat' dir='ltr'><strong>de-</strong></span> 
     </span>
    </p>
   </div>
   <div class='ocr_carea' id='block_1_95' title="bbox 979 1695 1764 1731">
    <p class='ocr_par' dir='ltr' id='par_1_95' title="bbox 979 1695 1764 1731">
     <span class='ocr_line' id='line_1_95' title="bbox 979 1695 1764 1731; baseline -0.003 -8"><span class='ocrx_word' id='word_1_652' title='bbox 979 1695 1150 1730; x_wconf 87' lang='lat' dir='ltr'><strong>scripsimus,</strong></span> <span class='ocrx_word' id='word_1_653' title='bbox 1164 1695 1199 1722; x_wconf 93' lang='lat' dir='ltr'><strong>ad</strong></span> <span class='ocrx_word' id='word_1_654' title='bbox 1217 1699 1364 1730; x_wconf 90' lang='lat' dir='ltr'><strong>utrumque</strong></span> <span class='ocrx_word' id='word_1_655' title='bbox 1378 1696 1440 1722; x_wconf 65' lang='lat' dir='ltr'><strong>coeli</strong></span> <span class='ocrx_word' id='word_1_656' title='bbox 1463 1696 1592 1731; x_wconf 84' lang='lat' dir='ltr'><strong>positum.</strong></span> <span class='ocrx_word' id='word_1_657' title='bbox 1608 1695 1721 1722; x_wconf 74' lang='lat' dir='ltr'><strong>Romani</strong></span> <span class='ocrx_word' id='word_1_658' title='bbox 1735 1699 1764 1722; x_wconf 88' lang='lat' dir='ltr'><strong>ct</strong></span> 
     </span>
    </p>
   </div>
   <div class='ocr_carea' id='block_1_96' title="bbox 978 1740 1763 1773">
    <p class='ocr_par' dir='ltr' id='par_1_96' title="bbox 978 1740 1763 1773">
     <span class='ocr_line' id='line_1_96' title="bbox 978 1740 1763 1773; baseline 0.001 -6"><span class='ocrx_word' id='word_1_659' title='bbox 978 1740 1165 1773; x_wconf 73' lang='lat' dir='ltr'><strong>Alexandrini,</strong></span> <span class='ocrx_word' id='word_1_660' title='bbox 1193 1740 1340 1768; x_wconf 80' lang='lat' dir='ltr'><strong>lentandus</strong></span> <span class='ocrx_word' id='word_1_661' title='bbox 1367 1744 1409 1769; x_wconf 89' lang='lat' dir='ltr'><strong>est</strong></span> <span class='ocrx_word' id='word_1_662' title='bbox 1430 1741 1577 1768; x_wconf 84' lang='lat' dir='ltr'><strong>calculus:</strong></span> <span class='ocrx_word' id='word_1_663' title='bbox 1602 1745 1763 1768; x_wconf 65' lang='lat' dir='ltr'><strong>caaterorum</strong></span> 
     </span>
    </p>
   </div>
   <div class='ocr_carea' id='block_1_97' title="bbox 980 1786 1636 1821">
    <p class='ocr_par' dir='ltr' id='par_1_97' title="bbox 980 1786 1636 1821">
     <span class='ocr_line' id='line_1_97' title="bbox 980 1786 1636 1821; baseline 0 -9"><span class='ocrx_word' id='word_1_664' title='bbox 980 1789 1115 1813; x_wconf 90' lang='lat' dir='ltr'><strong>tractuum</strong></span> <span class='ocrx_word' id='word_1_665' title='bbox 1131 1790 1270 1821; x_wconf 89' lang='lat' dir='ltr'><strong>utcunque</strong></span> <span class='ocrx_word' id='word_1_666' title='bbox 1284 1794 1317 1814; x_wconf 80' lang='lat' dir='ltr'><strong>ex</strong></span> <span class='ocrx_word' id='word_1_667' title='bbox 1336 1786 1390 1813; x_wconf 91' lang='lat' dir='ltr'><strong>illis</strong></span> <span class='ocrx_word' id='word_1_668' title='bbox 1404 1786 1474 1814; x_wconf 90' lang='lat' dir='ltr'><strong>ratio</strong></span> <span class='ocrx_word' id='word_1_669' title='bbox 1489 1786 1636 1813; x_wconf 90' lang='lat' dir='ltr'><strong>constabit.</strong></span> 
     </span>
    </p>
   </div>
   <div class='ocr_carea' id='block_1_98' title="bbox 1014 1831 1763 1867">
    <p class='ocr_par' dir='ltr' id='par_1_98' title="bbox 1014 1831 1763 1867">
     <span class='ocr_line' id='line_1_98' title="bbox 1014 1831 1763 1867; baseline 0 -9"><span class='ocrx_word' id='word_1_670' title='bbox 1014 1831 1059 1859; x_wconf 91' lang='lat' dir='ltr'><strong>Sic</strong></span> <span class='ocrx_word' id='word_1_671' title='bbox 1070 1832 1097 1858; x_wconf 91' lang='lat' dir='ltr'><strong>in</strong></span> <span class='ocrx_word' id='word_1_672' title='bbox 1112 1831 1296 1859; x_wconf 85' lang='lat' dir='ltr'><strong>anterioribus</strong></span> <span class='ocrx_word' id='word_1_673' title='bbox 1320 1832 1362 1859; x_wconf 86' lang='lat' dir='ltr'><strong>vel</strong></span> <span class='ocrx_word' id='word_1_674' title='bbox 1373 1832 1571 1867; x_wconf 89' lang='lat' dir='ltr'><strong>posterioribus</strong></span> <span class='ocrx_word' id='word_1_675' title='bbox 1584 1832 1692 1859; x_wconf 87' lang='lat' dir='ltr'><strong>Juliana</strong></span> <span class='ocrx_word' id='word_1_676' title='bbox 1707 1831 1763 1859; x_wconf 91' lang='lat' dir='ltr'><strong>edi-</strong></span> 
     </span>
    </p>
   </div>
   <div class='ocr_carea' id='block_1_99' title="bbox 979 1878 1763 1914">
    <p class='ocr_par' dir='ltr' id='par_1_99' title="bbox 979 1878 1763 1914">
     <span class='ocr_line' id='line_1_99' title="bbox 979 1878 1763 1914; baseline -0.001 -7"><span class='ocrx_word' id='word_1_677' title='bbox 979 1879 1053 1907; x_wconf 90' lang='lat' dir='ltr'><strong>tione</strong></span> <span class='ocrx_word' id='word_1_678' title='bbox 1063 1878 1180 1911; x_wconf 67' lang='lat' dir='ltr'><strong>saeculis,</strong></span> <span class='ocrx_word' id='word_1_679' title='bbox 1195 1879 1289 1914; x_wconf 89' lang='lat' dir='ltr'><strong>paucis</strong></span> <span class='ocrx_word' id='word_1_680' title='bbox 1306 1879 1361 1906; x_wconf 86' lang='lat' dir='ltr'><strong>illic</strong></span> <span class='ocrx_word' id='word_1_681' title='bbox 1376 1878 1432 1906; x_wconf 83' lang='lat' dir='ltr'><strong>fere</strong></span> <span class='ocrx_word' id='word_1_682' title='bbox 1447 1878 1591 1911; x_wconf 84' lang='lat' dir='ltr'><strong>detractis;</strong></span> <span class='ocrx_word' id='word_1_683' title='bbox 1610 1879 1652 1906; x_wconf 89' lang='lat' dir='ltr'><strong>hic</strong></span> <span class='ocrx_word' id='word_1_684' title='bbox 1665 1878 1763 1906; x_wconf 74' lang='lat' dir='ltr'><strong>adt-litis</strong></span> 
     </span>
    </p>
   </div>
   <div class='ocr_carea' id='block_1_100' title="bbox 980 1918 1762 1960">
    <p class='ocr_par' dir='ltr' id='par_1_100' title="bbox 980 1918 1762 1960">
     <span class='ocr_line' id='line_1_100' title="bbox 980 1918 1762 1960; baseline -0.001 -8"><span class='ocrx_word' id='word_1_685' title='bbox 980 1926 1013 1953; x_wconf 90' lang='lat' dir='ltr'><strong>ad</strong></span> <span class='ocrx_word' id='word_1_686' title='bbox 1043 1924 1150 1952; x_wconf 86' lang='lat' dir='ltr'><strong>Juliano</strong></span> <span class='ocrx_word' id='word_1_687' title='bbox 1173 1924 1289 1960; x_wconf 83' lang='lat' dir='ltr'><strong>tempori</strong></span> <span class='ocrx_word' id='word_1_688' title='bbox 1310 1930 1503 1960; x_wconf 84' lang='lat' dir='ltr'><strong>congruentem</strong></span> <span class='ocrx_word' id='word_1_689' title='bbox 1527 1925 1635 1952; x_wconf 92' lang='lat' dir='ltr'><strong>modum</strong></span> <span class='ocrx_word' id='word_1_690' title='bbox 1659 1918 1762 1957; x_wconf 82' lang='lat' dir='ltr'><strong>diebus,</strong></span> 
     </span>
    </p>
   </div>
   <div class='ocr_carea' id='block_1_101' title="bbox 979 1972 1763 2007">
    <p class='ocr_par' dir='ltr' id='par_1_101' title="bbox 979 1972 1763 2007">
     <span class='ocr_line' id='line_1_101' title="bbox 979 1972 1763 2007; baseline -0.003 -7"><span class='ocrx_word' id='word_1_691' title='bbox 979 1977 1054 2000; x_wconf 90' lang='lat' dir='ltr'><strong>ortus</strong></span> <span class='ocrx_word' id='word_1_692' title='bbox 1086 1979 1256 2007; x_wconf 89' lang='lat' dir='ltr'><strong>occasusque</strong></span> <span class='ocrx_word' id='word_1_693' title='bbox 1289 1973 1430 2000; x_wconf 89' lang='lat' dir='ltr'><strong>stellarum</strong></span> <span class='ocrx_word' id='word_1_694' title='bbox 1463 1972 1698 2007; x_wconf 88' lang='lat' dir='ltr'><strong>investigabimus.</strong></span> <span class='ocrx_word' id='word_1_695' title='bbox 1732 1972 1763 1999; x_wconf 89' lang='lat' dir='ltr'><strong>in</strong></span> 
     </span>
    </p>
   </div>
   <div class='ocr_carea' id='block_1_102' title="bbox 980 2017 1763 2053">
    <p class='ocr_par' dir='ltr' id='par_1_102' title="bbox 980 2017 1763 2053">
     <span class='ocr_line' id='line_1_102' title="bbox 980 2017 1763 2053; baseline 0 -9"><span class='ocrx_word' id='word_1_696' title='bbox 980 2017 1077 2052; x_wconf 86' lang='lat' dir='ltr'><strong>quibus</strong></span> <span class='ocrx_word' id='word_1_697' title='bbox 1091 2018 1219 2045; x_wconf 87' lang='lat' dir='ltr'><strong>omnibus</strong></span> <span class='ocrx_word' id='word_1_698' title='bbox 1232 2019 1320 2046; x_wconf 84' lang='lat' dir='ltr'><strong>otiosa</strong></span> <span class='ocrx_word' id='word_1_699' title='bbox 1338 2022 1380 2045; x_wconf 90' lang='lat' dir='ltr'><strong>est</strong></span> <span class='ocrx_word' id='word_1_700' title='bbox 1397 2018 1479 2045; x_wconf 86' lang='lat' dir='ltr'><strong>nimis</strong></span> <span class='ocrx_word' id='word_1_701' title='bbox 1504 2023 1631 2045; x_wconf 84' lang='lat' dir='ltr'><strong>accurata</strong></span> <span class='ocrx_word' id='word_1_702' title='bbox 1645 2018 1763 2053; x_wconf 83' lang='lat' dir='ltr'><strong>diligen-</strong></span> 
     </span>
    </p>
   </div>
   <div class='ocr_carea' id='block_1_103' title="bbox 980 2058 1763 2099">
    <p class='ocr_par' dir='ltr' id='par_1_103' title="bbox 980 2058 1763 2099">
     <span class='ocr_line' id='line_1_103' title="bbox 980 2058 1763 2099; baseline 0.003 -10"><span class='ocrx_word' id='word_1_703' title='bbox 980 2063 1027 2095; x_wconf 93' lang='lat' dir='ltr'><strong>tia,</strong></span> <span class='ocrx_word' id='word_1_704' title='bbox 1055 2063 1109 2089; x_wconf 91' lang='lat' dir='ltr'><strong>imo</strong></span> <span class='ocrx_word' id='word_1_705' title='bbox 1125 2064 1218 2095; x_wconf 87' lang='lat' dir='ltr'><strong>stulta,</strong></span> <span class='ocrx_word' id='word_1_706' title='bbox 1235 2071 1296 2090; x_wconf 90' lang='lat' dir='ltr'><strong>cum</strong></span> <span class='ocrx_word' id='word_1_707' title='bbox 1311 2072 1344 2091; x_wconf 88' lang='lat' dir='ltr'><strong>ne</strong></span> <span class='ocrx_word' id='word_1_708' title='bbox 1360 2058 1486 2092; x_wconf 82' lang='lat' dir='ltr'><strong>auctores</strong></span> <span class='ocrx_word' id='word_1_709' title='bbox 1502 2064 1610 2099; x_wconf 89' lang='lat' dir='ltr'><strong>quidem</strong></span> <span class='ocrx_word' id='word_1_710' title='bbox 1629 2064 1678 2096; x_wconf 87' lang='lat' dir='ltr'><strong>illi,</strong></span> <span class='ocrx_word' id='word_1_711' title='bbox 1693 2072 1763 2099; x_wconf 82' lang='lat' dir='ltr'><strong>quos</strong></span> 
     </span>
    </p>
   </div>
   <div class='ocr_carea' id='block_1_104' title="bbox 980 2108 1760 2144">
    <p class='ocr_par' dir='ltr' id='par_1_104' title="bbox 980 2108 1760 2144">
     <span class='ocr_line' id='line_1_104' title="bbox 980 2108 1760 2144; baseline 0.001 -9"><span class='ocrx_word' id='word_1_712' title='bbox 980 2108 1248 2143; x_wconf 87' lang='lat' dir='ltr'><strong>assequistudemus,</strong></span> <span class='ocrx_word' id='word_1_713' title='bbox 1258 2112 1362 2136; x_wconf 87' lang='lat' dir='ltr'><strong>tantam</strong></span> <span class='ocrx_word' id='word_1_714' title='bbox 1377 2109 1405 2136; x_wconf 92' lang='lat' dir='ltr'><strong>in</strong></span> <span class='ocrx_word' id='word_1_715' title='bbox 1424 2117 1456 2137; x_wconf 88' lang='lat' dir='ltr'><strong>ea</strong></span> <span class='ocrx_word' id='word_1_716' title='bbox 1473 2110 1524 2137; x_wconf 88' lang='lat' dir='ltr'><strong>sibi</strong></span> <span class='ocrx_word' id='word_1_717' title='bbox 1538 2117 1567 2136; x_wconf 86' lang='lat' dir='ltr'><strong>re</strong></span> <span class='ocrx_word' id='word_1_718' title='bbox 1579 2110 1760 2144; x_wconf 72' lang='lat' dir='ltr'><strong>prmstandam</strong></span> 
     </span>
    </p>
   </div>
   <div class='ocr_carea' id='block_1_105' title="bbox 980 2155 1144 2190">
    <p class='ocr_par' dir='ltr' id='par_1_105' title="bbox 980 2155 1144 2190">
     <span class='ocr_line' id='line_1_105' title="bbox 980 2155 1144 2190; baseline 0 -8"><span class='ocrx_word' id='word_1_719' title='bbox 980 2155 1144 2190; x_wconf 82' lang='lat' dir='ltr'><strong>putaverint.</strong></span> 
     </span>
    </p>
   </div>
   <div class='ocr_carea' id='block_1_106' title="bbox 1015 2200 1764 2236">
    <p class='ocr_par' dir='ltr' id='par_1_106' title="bbox 1015 2200 1764 2236">
     <span class='ocr_line' id='line_1_106' title="bbox 1015 2200 1764 2236; baseline 0.001 -9"><span class='ocrx_word' id='word_1_720' title='bbox 1015 2200 1102 2228; x_wconf 88' lang='lat' dir='ltr'><strong>Nimis</strong></span> <span class='ocrx_word' id='word_1_721' title='bbox 1118 2208 1149 2228; x_wconf 91' lang='lat' dir='ltr'><strong>ea</strong></span> <span class='ocrx_word' id='word_1_722' title='bbox 1172 2200 1266 2236; x_wconf 91' lang='lat' dir='ltr'><strong>jejune</strong></span> <span class='ocrx_word' id='word_1_723' title='bbox 1285 2208 1318 2228; x_wconf 91' lang='lat' dir='ltr'><strong>ac</strong></span> <span class='ocrx_word' id='word_1_724' title='bbox 1339 2207 1437 2236; x_wconf 87' lang='lat' dir='ltr'><strong>parum</strong></span> <span class='ocrx_word' id='word_1_725' title='bbox 1456 2200 1569 2228; x_wconf 67' lang='lat' dir='ltr'><strong>utiliter‘</strong></span> <span class='ocrx_word' id='word_1_726' title='bbox 1582 2201 1764 2236; x_wconf 71' lang='lat' dir='ltr'><strong>praescribun-</strong></span> 
     </span>
    </p>
   </div>
   <div class='ocr_carea' id='block_1_107' title="bbox 948 2243 1764 2282">
    <p class='ocr_par' dir='ltr' id='par_1_107' title="bbox 948 2243 1764 2282">
     <span class='ocr_line' id='line_1_107' title="bbox 948 2243 1764 2282; baseline -0.001 -8"><span class='ocrx_word' id='word_1_727' title='bbox 948 2243 970 2270; x_wconf 86' lang='grc' dir='ltr'><strong>Ῑ)</strong></span> <span class='ocrx_word' id='word_1_728' title='bbox 984 2252 1037 2279; x_wconf 91' lang='lat' dir='ltr'><strong>tur,</strong></span> <span class='ocrx_word' id='word_1_729' title='bbox 1052 2247 1106 2274; x_wconf 89' lang='lat' dir='ltr'><strong>nisi</strong></span> <span class='ocrx_word' id='word_1_730' title='bbox 1131 2247 1263 2282; x_wconf 80' lang='lat' dir='ltr'><strong>exemplis</strong></span> <span class='ocrx_word' id='word_1_731' title='bbox 1288 2255 1355 2274; x_wconf 90' lang='lat' dir='ltr'><strong>usus</strong></span> <span class='ocrx_word' id='word_1_732' title='bbox 1383 2247 1491 2273; x_wconf 92' lang='lat' dir='ltr'><strong>illorum</strong></span> <span class='ocrx_word' id='word_1_733' title='bbox 1517 2247 1656 2282; x_wconf 85' lang='lat' dir='ltr'><strong>aperiatur</strong></span> <span class='ocrx_word' id='word_1_734' title='bbox 1671 2257 1677 2274; x_wconf 87' lang='lat'><strong>:</strong></span> <span class='ocrx_word' id='word_1_735' title='bbox 1691 2246 1764 2282; x_wconf 91' lang='lat' dir='ltr'><strong>quod</strong></span> 
     </span>
    </p>
   </div>
   <div class='ocr_carea' id='block_1_108' title="bbox 982 2293 1762 2329">
    <p class='ocr_par' dir='ltr' id='par_1_108' title="bbox 982 2293 1762 2329">
     <span class='ocr_line' id='line_1_108' title="bbox 982 2293 1762 2329; baseline -0.004 -8"><span class='ocrx_word' id='word_1_736' title='bbox 982 2294 1026 2321; x_wconf 93' lang='lat' dir='ltr'><strong>hic</strong></span> <span class='ocrx_word' id='word_1_737' title='bbox 1045 2294 1071 2321; x_wconf 91' lang='lat' dir='ltr'><strong>in</strong></span> <span class='ocrx_word' id='word_1_738' title='bbox 1087 2294 1181 2329; x_wconf 91' lang='lat' dir='ltr'><strong>paucis</strong></span> <span class='ocrx_word' id='word_1_739' title='bbox 1195 2294 1228 2321; x_wconf 94' lang='lat' dir='ltr'><strong>ad</strong></span> <span class='ocrx_word' id='word_1_740' title='bbox 1242 2294 1357 2320; x_wconf 90' lang='lat' dir='ltr'><strong>aliorum</strong></span> <span class='ocrx_word' id='word_1_741' title='bbox 1370 2293 1508 2328; x_wconf 90' lang='lat' dir='ltr'><strong>specimen</strong></span> <span class='ocrx_word' id='word_1_742' title='bbox 1528 2293 1710 2327; x_wconf 89' lang='lat' dir='ltr'><strong>experiemur.</strong></span> <span class='ocrx_word' id='word_1_743' title='bbox 1725 2293 1762 2319; x_wconf 86' lang='lat' dir='ltr'><strong>De</strong></span> 
     </span>
    </p>
   </div>
   <div class='ocr_carea' id='block_1_109' title="bbox 984 2338 1764 2374">
    <p class='ocr_par' dir='ltr' id='par_1_109' title="bbox 984 2338 1764 2374">
     <span class='ocr_line' id='line_1_109' title="bbox 984 2338 1764 2374; baseline -0.003 -7"><span class='ocrx_word' id='word_1_744' title='bbox 984 2339 1054 2367; x_wconf 85' lang='lat' dir='ltr'><strong>Sirio</strong></span> <span class='ocrx_word' id='word_1_745' title='bbox 1081 2343 1108 2367; x_wconf 83' lang='lat' dir='ltr'><strong>et</strong></span> <span class='ocrx_word' id='word_1_746' title='bbox 1131 2339 1258 2374; x_wconf 82' lang='lat' dir='ltr'><strong>Vergiliis</strong></span> <span class='ocrx_word' id='word_1_747' title='bbox 1284 2340 1362 2374; x_wconf 90' lang='lat' dir='ltr'><strong>plura</strong></span> <span class='ocrx_word' id='word_1_748' title='bbox 1391 2339 1570 2374; x_wconf 90' lang='lat' dir='ltr'><strong>sequentibus</strong></span> <span class='ocrx_word' id='word_1_749' title='bbox 1583 2338 1717 2373; x_wconf 88' lang='lat' dir='ltr'><strong>capitibus</strong></span> <span class='ocrx_word' id='word_1_750' title='bbox 1731 2345 1764 2365; x_wconf 80' lang='lat' dir='ltr'><strong>ex</strong></span> 
     </span>
    </p>
   </div>
   <div class='ocr_carea' id='block_1_110' title="bbox 982 2384 1764 2419">
    <p class='ocr_par' dir='ltr' id='par_1_110' title="bbox 982 2384 1764 2419">
     <span class='ocr_line' id='line_1_110' title="bbox 982 2384 1764 2419; baseline -0.004 -6"><span class='ocrx_word' id='word_1_751' title='bbox 982 2386 1108 2413; x_wconf 88' lang='lat' dir='ltr'><strong>instituto</strong></span> <span class='ocrx_word' id='word_1_752' title='bbox 1135 2385 1268 2413; x_wconf 90' lang='lat' dir='ltr'><strong>dicemus.</strong></span> <span class='ocrx_word' id='word_1_753' title='bbox 1291 2384 1384 2419; x_wconf 88' lang='lat' dir='ltr'><strong>itaque</strong></span> <span class='ocrx_word' id='word_1_754' title='bbox 1409 2384 1507 2412; x_wconf 88' lang='lat' dir='ltr'><strong>horum</strong></span> <span class='ocrx_word' id='word_1_755' title='bbox 1534 2384 1614 2411; x_wconf 89' lang='lat' dir='ltr'><strong>modo</strong></span> <span class='ocrx_word' id='word_1_756' title='bbox 1634 2384 1764 2419; x_wconf 82' lang='lat' dir='ltr'><strong>exemplis</strong></span> 
     </span>
    </p>
   </div>
   <div class='ocr_carea' id='block_1_111' title="bbox 983 2430 1190 2458">
    <p class='ocr_par' dir='ltr' id='par_1_111' title="bbox 983 2430 1190 2458">
     <span class='ocr_line' id='line_1_111' title="bbox 983 2430 1190 2458; baseline 0.005 -1"><span class='ocrx_word' id='word_1_757' title='bbox 983 2430 1190 2458; x_wconf 89' lang='lat' dir='ltr'><strong>abstinebitnus.</strong></span> 
     </span>
    </p>
   </div>
   <div class='ocr_carea' id='block_1_112' title="bbox 1017 2473 1763 2509">
    <p class='ocr_par' dir='ltr' id='par_1_112' title="bbox 1017 2473 1763 2509">
     <span class='ocr_line' id='line_1_112' title="bbox 1017 2473 1763 2509; baseline -0.004 -7"><span class='ocrx_word' id='word_1_758' title='bbox 1017 2475 1162 2502; x_wconf 81' lang='lat' dir='ltr'><strong>Arcturum</strong></span> <span class='ocrx_word' id='word_1_759' title='bbox 1185 2474 1388 2509; x_wconf 82' lang='lat' dir='ltr'><strong>Theophrastus</strong></span> <span class='ocrx_word' id='word_1_760' title='bbox 1414 2474 1441 2501; x_wconf 91' lang='lat' dir='ltr'><strong>in</strong></span> <span class='ocrx_word' id='word_1_761' title='bbox 1466 2474 1514 2502; x_wconf 92' lang='lat' dir='ltr'><strong>lib.</strong></span> <span class='ocrx_word' id='word_1_762' title='bbox 1530 2473 1564 2501; x_wconf 84' lang='lat' dir='ltr'><strong>iV</strong></span> <span class='ocrx_word' id='word_1_763' title='bbox 1581 2474 1653 2501; x_wconf 73' lang='lat' dir='ltr'><strong>Hist.</strong></span> <span class='ocrx_word' id='word_1_764' title='bbox 1666 2474 1763 2508; x_wconf 75' lang='grc' dir='ltr'><strong>ρΙαηι..</strong></span> 
     </span>
    </p>
   </div>
   <div class='ocr_carea' id='block_1_113' title="bbox 983 2519 1765 2556">
    <p class='ocr_par' dir='ltr' id='par_1_113' title="bbox 983 2519 1765 2556">
     <span class='ocr_line' id='line_1_113' title="bbox 983 2519 1765 2556; baseline -0.003 -8"><span class='ocrx_word' id='word_1_765' title='bbox 983 2529 1042 2556; x_wconf 88' lang='lat' dir='ltr'><strong>cap.</strong></span> <span class='ocrx_word' id='word_1_766' title='bbox 1065 2519 1111 2547; x_wconf 76' lang='lat' dir='ltr'><strong>Xll</strong></span> <span class='ocrx_word' id='word_1_767' title='bbox 1134 2519 1323 2547; x_wconf 86' lang='lat' dir='ltr'><strong>Boedromioni</strong></span> <span class='ocrx_word' id='word_1_768' title='bbox 1350 2521 1489 2554; x_wconf 87' lang='lat' dir='ltr'><strong>imputat:</strong></span> <span class='ocrx_word' id='word_1_769' title='bbox 1511 2527 1561 2546; x_wconf 91' lang='lat' dir='ltr'><strong>nec</strong></span> <span class='ocrx_word' id='word_1_770' title='bbox 1586 2519 1620 2547; x_wconf 91' lang='lat' dir='ltr'><strong>de</strong></span> <span class='ocrx_word' id='word_1_771' title='bbox 1640 2523 1712 2551; x_wconf 90' lang='lat' dir='ltr'><strong>ortu,</strong></span> <span class='ocrx_word' id='word_1_772' title='bbox 1730 2527 1765 2547; x_wconf 87' lang='lat' dir='ltr'><strong>an</strong></span> 
     </span>
    </p>
   </div>
   <div class='ocr_carea' id='block_1_114' title="bbox 983 2565 1765 2601">
    <p class='ocr_par' dir='ltr' id='par_1_114' title="bbox 983 2565 1765 2601">
     <span class='ocr_line' id='line_1_114' title="bbox 983 2565 1765 2601; baseline -0.004 -8"><span class='ocrx_word' id='word_1_773' title='bbox 983 2574 1081 2594; x_wconf 84' lang='lat' dir='ltr'><strong>occasu</strong></span> <span class='ocrx_word' id='word_1_774' title='bbox 1099 2566 1234 2600; x_wconf 90' lang='lat' dir='ltr'><strong>loquatur,</strong></span> <span class='ocrx_word' id='word_1_775' title='bbox 1257 2566 1367 2592; x_wconf 89' lang='lat' dir='ltr'><strong>indicat.</strong></span> <span class='ocrx_word' id='word_1_776' title='bbox 1385 2566 1438 2601; x_wconf 73' lang='grc' dir='ltr'><strong>Τὴν</strong></span> <span class='ocrx_word' id='word_1_777' title='bbox 1455 2566 1483 2592; x_wconf 81' lang='grc' dir='ltr'><strong>δὲ</strong></span> <span class='ocrx_word' id='word_1_778' title='bbox 1503 2566 1586 2601; x_wconf 83' lang='grc' dir='ltr'><strong>τομὴν</strong></span> <span class='ocrx_word' id='word_1_779' title='bbox 1600 2565 1702 2600; x_wconf 79' lang='grc' dir='ltr'><strong>ὼραὶαν</strong></span> <span class='ocrx_word' id='word_1_780' title='bbox 1718 2566 1765 2599; x_wconf 86' lang='lat' dir='ltr'><strong>(ait</strong></span> 
     </span>
    </p>
   </div>
   <div class='ocr_carea' id='block_1_115' title="bbox 983 2609 1766 2646">
    <p class='ocr_par' dir='ltr' id='par_1_115' title="bbox 983 2609 1766 2646">
     <span class='ocr_line' id='line_1_115' title="bbox 983 2609 1766 2646; baseline -0.003 -9"><span class='ocrx_word' id='word_1_781' title='bbox 983 2611 1017 2638; x_wconf 91' lang='lat' dir='ltr'><strong>de</strong></span> <span class='ocrx_word' id='word_1_782' title='bbox 1043 2610 1147 2637; x_wconf 80' lang='lat' dir='ltr'><strong>calamo</strong></span> <span class='ocrx_word' id='word_1_783' title='bbox 1163 2610 1259 2645; x_wconf 81' lang='lat' dir='ltr'><strong>libiali)</strong></span> <span class='ocrx_word' id='word_1_784' title='bbox 1282 2610 1334 2646; x_wconf 78' lang='grc' dir='ltr'><strong>πρὸ</strong></span> <span class='ocrx_word' id='word_1_785' title='bbox 1352 2610 1527 2644; x_wconf 78' lang='grc' dir='ltr'><strong>Ἀντιγενίδου</strong></span> <span class='ocrx_word' id='word_1_786' title='bbox 1550 2610 1608 2644; x_wconf 78' lang='grc' dir='ltr'><strong>μὲν,</strong></span> <span class='ocrx_word' id='word_1_787' title='bbox 1626 2609 1695 2644; x_wconf 79' lang='grc' dir='ltr'>ἡνίκ’</span> <span class='ocrx_word' id='word_1_788' title='bbox 1718 2609 1766 2644; x_wconf 76' lang='grc' dir='ltr'><strong>ηὕ-</strong></span> 
     </span>
    </p>
   </div>
   <div class='ocr_carea' id='block_1_116' title="bbox 983 2656 1765 2693">
    <p class='ocr_par' dir='ltr' id='par_1_116' title="bbox 983 2656 1765 2693">
     <span class='ocr_line' id='line_1_116' title="bbox 983 2656 1765 2693; baseline -0.004 -9"><span class='ocrx_word' id='word_1_789' title='bbox 983 2658 1044 2684; x_wconf 83' lang='grc' dir='ltr'>λουν</span> <span class='ocrx_word' id='word_1_790' title='bbox 1055 2657 1207 2690; x_wconf 76' lang='grc' dir='ltr'><strong>ἀπλάστως,</strong></span> <span class='ocrx_word' id='word_1_791' title='bbox 1224 2658 1269 2684; x_wconf 79' lang='grc' dir='ltr'><strong>ὑπ’</strong></span> <span class='ocrx_word' id='word_1_792' title='bbox 1281 2657 1444 2693; x_wconf 76' lang='grc' dir='ltr'><strong>’Δρκτούρῳ,</strong></span> <span class='ocrx_word' id='word_1_793' title='bbox 1460 2656 1661 2692; x_wconf 81' lang='grc' dir='ltr'><strong>Βοηδρομιῶνος</strong></span> <span class='ocrx_word' id='word_1_794' title='bbox 1673 2656 1765 2691; x_wconf 85' lang='grc' dir='ltr'><strong>μηνός.</strong></span> 
     </span>
    </p>
   </div>
   <div class='ocr_carea' id='block_1_117' title="bbox 985 2702 1763 2738">
    <p class='ocr_par' dir='ltr' id='par_1_117' title="bbox 985 2702 1763 2738">
     <span class='ocr_line' id='line_1_117' title="bbox 985 2702 1763 2738; baseline -0.005 -7"><span class='ocrx_word' id='word_1_795' title='bbox 985 2712 996 2730; x_wconf 70' lang='grc' dir='ltr'>ι</span> <span class='ocrx_word' id='word_1_796' title='bbox 1013 2703 1085 2731; x_wconf 75' lang='lat' dir='ltr'><strong>Credi</strong></span> <span class='ocrx_word' id='word_1_797' title='bbox 1099 2703 1259 2738; x_wconf 85' lang='lat' dir='ltr'><strong>tempestive</strong></span> <span class='ocrx_word' id='word_1_798' title='bbox 1271 2703 1380 2735; x_wconf 79' lang='lat' dir='ltr'><strong>solitas.</strong></span> <span class='ocrx_word' id='word_1_799' title='bbox 1395 2710 1486 2738; x_wconf 86' lang='lat' dir='ltr'><strong>usque</strong></span> <span class='ocrx_word' id='word_1_800' title='bbox 1505 2702 1539 2729; x_wconf 79' lang='lat' dir='ltr'><strong>ad</strong></span> <span class='ocrx_word' id='word_1_801' title='bbox 1563 2702 1763 2737; x_wconf 82' lang='lat' dir='ltr'><strong>Antigenidem,</strong></span> 
     </span>
    </p>
   </div>
   <div class='ocr_carea' id='block_1_118' title="bbox 984 2747 1764 2786">
    <p class='ocr_par' dir='ltr' id='par_1_118' title="bbox 984 2747 1764 2786">
     <span class='ocr_line' id='line_1_118' title="bbox 984 2747 1764 2786; baseline -0.004 -9"><span class='ocrx_word' id='word_1_802' title='bbox 984 2757 1046 2777; x_wconf 92' lang='lat' dir='ltr'><strong>cum</strong></span> <span class='ocrx_word' id='word_1_803' title='bbox 1062 2748 1152 2777; x_wconf 85' lang='lat' dir='ltr'><strong>adhuc</strong></span> <span class='ocrx_word' id='word_1_804' title='bbox 1164 2748 1318 2786; x_wconf 75' lang='lat' dir='ltr'><strong>simplicius</strong></span> <span class='ocrx_word' id='word_1_805' title='bbox 1330 2749 1396 2778; x_wconf 71' lang='lat' dir='ltr'><strong>tibi:</strong></span> <span class='ocrx_word' id='word_1_806' title='bbox 1407 2753 1560 2782; x_wconf 84' lang='lat' dir='ltr'><strong>uterentur,</strong></span> <span class='ocrx_word' id='word_1_807' title='bbox 1570 2747 1621 2776; x_wconf 86' lang='lat' dir='ltr'><strong>sub</strong></span> <span class='ocrx_word' id='word_1_808' title='bbox 1635 2747 1764 2779; x_wconf 83' lang='lat' dir='ltr'><strong>Arcturo,</strong></span> 
     </span>
    </p>
   </div>
   <div class='ocr_carea' id='block_1_119' title="bbox 983 2793 1766 2828">
    <p class='ocr_par' dir='ltr' id='par_1_119' title="bbox 983 2793 1766 2828">
     <span class='ocr_line' id='line_1_119' title="bbox 983 2793 1766 2828; baseline -0.005 -5"><span class='ocrx_word' id='word_1_809' title='bbox 983 2802 1078 2823; x_wconf 85' lang='lat' dir='ltr'><strong>mense</strong></span> <span class='ocrx_word' id='word_1_810' title='bbox 1102 2793 1398 2827; x_wconf 59' lang='lat' dir='ltr'><strong>Mummiam/le</strong></span> <span class='ocrx_word' id='word_1_811' title='bbox 1411 2798 1475 2823; x_wconf 79' lang='lat' dir='ltr'><strong>ortu</strong></span> <span class='ocrx_word' id='word_1_812' title='bbox 1497 2798 1589 2822; x_wconf 75' lang='lat' dir='ltr'><strong>tamen</strong></span> <span class='ocrx_word' id='word_1_813' title='bbox 1615 2793 1766 2828; x_wconf 78' lang='lat' dir='ltr'><strong>intelligen-</strong></span> 
     </span>
    </p>
   </div>
   <div class='ocr_carea' id='block_1_120' title="bbox 984 2836 1765 2876">
    <p class='ocr_par' dir='ltr' id='par_1_120' title="bbox 984 2836 1765 2876">
     <span class='ocr_line' id='line_1_120' title="bbox 984 2836 1765 2876; baseline -0.005 -9"><span class='ocrx_word' id='word_1_814' title='bbox 984 2839 1049 2867; x_wconf 83' lang='lat' dir='ltr'><strong>dum</strong></span> <span class='ocrx_word' id='word_1_815' title='bbox 1063 2845 1137 2873; x_wconf 76' lang='lat' dir='ltr'><strong>esse,</strong></span> <span class='ocrx_word' id='word_1_816' title='bbox 1146 2836 1558 2876; x_wconf 47' lang='lat' dir='ltr'><strong>“ﬂagitiis,</strong></span> <span class='ocrx_word' id='word_1_817' title='bbox 1569 2846 1625 2874; x_wconf 88' lang='lat' dir='ltr'><strong>quo</strong></span> <span class='ocrx_word' id='word_1_818' title='bbox 1639 2846 1701 2866; x_wconf 84' lang='lat' dir='ltr'><strong>cum</strong></span> <span class='ocrx_word' id='word_1_819' title='bbox 1717 2836 1765 2864; x_wconf 87' lang='lat' dir='ltr'><strong>.lu-</strong></span> 
     </span>
    </p>
   </div>
   <div class='ocr_carea' id='block_1_121' title="bbox 1609 2883 1763 2917">
    <p class='ocr_par' dir='ltr' id='par_1_121' title="bbox 1609 2883 1763 2917">
     <span class='ocr_line' id='line_1_121' title="bbox 1609 2883 1763 2917; baseline -0.013 -7"><span class='ocrx_word' id='word_1_820' title='bbox 1609 2891 1704 2917; x_wconf 82' lang='lat' dir='ltr'><strong>nempe</strong></span> <span class='ocrx_word' id='word_1_821' title='bbox 1719 2883 1763 2910; x_wconf 79' lang='grc' dir='ltr'><strong>Η.</strong></span> 
     </span>
    </p>
   </div>
   <div class='ocr_carea' id='block_1_122' title="bbox 964 2838 1604 3106">
    <p class='ocr_par' dir='ltr' id='par_1_122' title="bbox 968 2838 1604 3101">
     <span class='ocr_line' id='line_1_122' title="bbox 984 2838 1604 2878; baseline -0.002 -11"><span class='ocrx_word' id='word_1_822' title='bbox 984 2839 1049 2867; x_wconf 81' lang='lat' dir='ltr'><strong>dum</strong></span> <span class='ocrx_word' id='word_1_823' title='bbox 1063 2845 1147 2873; x_wconf 64' lang='lat' dir='ltr'><strong>esse,</strong></span> <span class='ocrx_word' id='word_1_824' title='bbox 1236 2840 1248 2878; x_wconf 54' lang='grc' dir='ltr'><strong><em>ς</em></strong></span> <span class='ocrx_word' id='word_1_825' title='bbox 1297 2844 1301 2845; x_wconf 63' lang='grc'><strong><em>⁷</em></strong></span> <span class='ocrx_word' id='word_1_826' title='bbox 1421 2838 1558 2876; x_wconf 59' lang='lat' dir='ltr'><strong>ﬂagitiis,</strong></span> <span class='ocrx_word' id='word_1_827' title='bbox 1569 2846 1604 2874; x_wconf 89' lang='lat' dir='ltr'><strong>qu</strong></span> 
     </span>
     <span class='ocr_line' id='line_1_123' title="bbox 968 2838 1599 3101; baseline 0 -1"><span class='ocrx_word' id='word_1_828' title='bbox 968 2838 1599 3101; x_wconf 50' lang='lat' dir='ltr'><strong>manu&quot;,</strong></span> 
     </span>
    </p>
   </div>
  </div>
