4036 6218
541 284 673 342 1371

1528 296 1621 342 δυ
1658 284 1926 343 ιῢδΕΒΙΙ
1954 283 2345 342 CHBONICON
2385 281 2743 339 APPENDIX.

3644 278 3778 335 1372

543 400 674 458 ltem
697 400 766 456 de
794 399 1005 456 beliaco
1037 407 1092 457 ει
1121 410 1418 473 apparente
1443 400 1595 471 loqui
1624 402 1969 471 perspicuum
2000 409 2103 463 est,
2132 407 2180 464 Α
2276 398 2533 472 Polybius
2572 396 2742 457 libi?!
2785 394 2977 453 scribit
3002 391 3308 448 'Romanos
3358 392 3429 462 inf
3469 392 3710 448 Atticam
3749 409 3777 451 ε

542 506 656 549 tum
684 495 833 566 quod
858 501 1182 565 apparentes
1207 495 1412 565 potius,
1444 510 1607 564 quam
1641 509 1800 549 veros
1826 494 1895 546 ab
1921 502 2108 546 aucto-

541 586 697 642 ribus
731 585 1025 641 memorari
1053 586 1312 651 diximus,
1359 593 1473 639 tum
1504 586 1650 655 quod
1685 587 1740 639 in
1772 583 2012 656 Virginis
2039 584 2110 638 27

541 678 765 748 gradum
807 677 1045 733 incidere
1079 677 1328 733 videmus
1386 677 1655 732 heliacum
1696 684 1901 741 ortum,
1942 675 1994 730 id
2024 683 2109 731 est

539 784 729 824 verum
760 778 810 823 et
836 768 1158 824 cosmicum.
1188 767 1558 824 Parthenonis
1603 783 1767 837 porro
1813 783 1954 822 xxvn
1992 767 2108 824 dies

540 860 596 914 in
616 859 942 915 Kalendario
966 859 1035 915 ad
1066 858 1399 928 Septembris
1430 875 1523 914 xxx
1561 860 1889 926 adnotatur;
1930 857 2109 915 Theo-

542 953 750 1023 phrasti
783 969 914 1009 vero
960 954 1160 1009 sarculo
1187 953 1393 1023 aliquot
1436 961 1560 1008 ante
1588 952 1780 1007 diebus
1807 950 2104 1007 accidebat.

542 1044 784 1117 Denique
826 1045 1276 1101 Boedromionem
1308 1045 1512 1101 scimus
1556 1044 1780 1099 tertium
1827 1044 1898 1099 ab
1924 1043 2108 1098 solsti-

541 1138 656 1192 tiali
709 1153 950 1194 mensem
1010 1137 1182 1194 fuisse
1247 1138 1515 1192 lunarem.
1549 1134 1872 1190 Ptolemaeus
1919 1143 2108 1190 noster

541 1237 722 1283 ortum
795 1228 1011 1284 confert
1086 1228 1306 1283 Arcturi
1373 1227 1428 1282 iu
1483 1241 1609 1281 xxvt
1669 1224 2001 1296 Septembris
2055 1234 2107 1280 ει

542 1318 797 1389 Octobris
831 1335 919 1385 ιιι,
950 1327 1118 1375 recte.

610 1408 817 1467 Plinius
834 1411 950 1481 (lib.
971 1410 1158 1479 XVIII,
1174 1427 1224 1467 c.
1244 1408 1458 1479 XXVI),
1478 1409 1719 1464 eamdem
1742 1407 1956 1462 Arcturi
1979 1409 2108 1462 stel-

543 1502 650 1556 lam
681 1503 879 1558 asserit
906 1509 1154 1558 exortum
1186 1503 1554 1572 vespertinum
1588 1499 1767 1556 facere
1798 1515 1874 1553 vn
1906 1499 2106 1555 Kalen-

542 1594 642 1649 das
680 1592 880 1658 Martii,
910 1593 1207 1648 Columella
1239 1608 1369 1648 vero
1402 1608 1457 1647 ιι
1490 1590 1783 1646 Kalendas.
1839 1593 1894 1645 In
1949 1592 2110 1648 later-

544 1685 671 1741 culo
727 1692 918 1741 nostro
976 1686 1319 1757 acronycbus
1374 1693 1597 1739 exortus
1654 1683 1876 1737 Arcturi
1932 1682 1990 1737 Iit
2048 1684 2105 1738 in

544 1774 715 1845 gradu
747 1774 982 1831 Piscium
1033 1776 1123 1841 14,
1152 1776 1207 1830 id
1251 1785 1335 1831 est
1386 1774 1714 1846 chthyonos
1755 1791 1865 1839 xiv,
1896 1791 2016 1846 quae
2049 1776 2106 1830 in

545 1865 874 1924 Kalendario
921 1865 1100 1922 Martii
1157 1884 1189 1922 ν
1244 1866 1519 1922 convenit.
1568 1863 1801 1927 Verum,
1849 1872 1909 1919 ut
1970 1880 2112 1935 saepe

546 1958 752 2013 dictum
792 1966 901 2023 est,
937 1969 1092 2015 ortus
1127 1959 1471 2030 vespertinus
1507 1972 1690 2019 verus,
1722 1971 1883 2027 quem
1925 1956 2112 2011 tabula

547 2051 769 2121 prabet,
801 2052 1072 2122 posterior
1109 2059 1195 2107 est
1243 2049 1547 2120 apparenti.
1595 2047 1719 2102 Ideo
1760 2050 1967 2117 aliquot
1992 2048 2113 2103 dico

548 2141 651 2197 bus
685 2151 806 2213 post
837 2157 1094 2198 occasum
1140 2143 1309 2197 solem
1350 2141 1601 2196 exoriens
1639 2140 1792 2195 stella
1825 2148 2114 2210 prospecta

547 2241 654 2297 est,
684 2232 855 2289 donec
882 2249 1067 2287 verum
1120 2233 1189 2287 ad
1227 2235 1475 2288 exortum
1511 2232 1836 2301 perveniret.
1880 2231 1950 2285 At
1994 2228 2115 2284 Fir-

548 2325 724 2380 micus
765 2324 858 2378 lib.
904 2323 1039 2388 VIII,
1095 2338 1218 2393 cap.
1270 2322 1410 2386 XIV,
1460 2324 1753 2378 Arcturum
1814 2322 2004 2378 scribit
2057 2323 2112 2376 in

547 2423 701 2487 parte
758 2414 1039 2486 Sagittarii
1086 2416 1276 2485 quinta
1329 2424 1509 2470 ortum
1562 2414 1792 2471 facere:
1835 2414 1980 2485 quod
2029 2422 2115 2469 est

548 2506 923 2563 falsissimum.
957 2508 1227 2563 Occasum
1261 2507 1630 2578 acronycbum
1681 2507 1881 2561 alicubi
1913 2506 2115 2577 legerat

547 2599 605 2655 in
639 2613 703 2653 ea
732 2607 887 2668 parte
928 2599 1044 2654 ﬁeri
1070 2618 1083 2654 :
1105 2613 1215 2669 .pro
1243 2614 1352 2669 quo
1383 2600 1755 2669 imprudenter
1784 2604 1961 2653 ortum
1990 2597 2114 2652 red-

546 2689 704 2747 didit.
748 2689 1102 2762 Acronychus
1160 2706 1392 2748 occasus
1437 2690 1651 2746 Iuliano
1711 2690 1912 2746 saeculo
1954 2690 2115 2744 ﬁebat

548 2766 606 2835 in
659 2789 814 2851 parte
863 2779 1141 2852 Sagittarii
1199 2784 1256 2849 4,
1319 2782 1564 2839 lieliacus
1618 2791 1798 2839 autem
1851 2783 1908 2837 in
1961 2790 2115 2851 parte

548 2871 762 2943 Scorpii
795 2872 1100 2929 undecima.
1134 2874 1308 2928 Porro
1340 2875 1627 2930 undecima
1657 2874 1773 2929 dies
1799 2872 2113 2943 Scorpionis

547 2966 723 3036 pridie
758 2965 941 3022 Nonas
969 2965 1302 3022 Novembres
1338 2966 1395 3019 in
1432 2974 1622 3021 nostro
1655 2964 1979 3020 Kalendario
2013 2980 2114 3018 no-

547 3065 733 3113 tatur:
771 3058 917 3113 circa
945 3072 1107 3128 quem
1140 3057 1282 3112 diem
1314 3073 1344 3111 a
1376 3056 1553 3111 Plinio
1593 3064 1648 3112 et
1691 3056 1986 3112 Columella
2018 3070 2113 3125 po-
2140 3075 2186 3136 ο

548 3146 720 3212 nitur,
760 3147 863 3202 hoc
892 3156 978 3202 est
1005 3147 1193 3219 paucis
1237 3154 1364 3203 ante
1394 3146 1608 3209 diebus,
1641 3152 1701 3198 ut
1743 3161 1808 3199 ex
1839 3144 2111 3199 Kalendao

550 3238 655 3302 rio,
693 3253 857 3308 quem
899 3253 967 3293 ex
1010 3238 1277 3293 ambobus
1315 3247 1369 3292 et
1407 3236 1602 3293 Ovidio
1642 3234 2000 3300 confecimus,
2045 3236 2116 3289 li-

549 3337 698 3399 quat,
725 3330 982 3401 quoniam
1011 3344 1280 3401 apparens
1302 3343 1536 3385 occasus
1559 3327 1904 3397 vespertinus
1927 3343 2115 3382 verum

549 3421 842 3477 antecedit.
898 3419 1141 3491 Denique
1194 3420 1491 3475 Columella
1539 3420 1633 3473 lib.
1687 3416 1780 3484 IX,
1818 3430 1940 3487 cap.
1975 3417 2116 3485 XIV,

551 3511 746 3566 scribit
770 3511 1060 3568 Arcturum
1082 3512 1214 3566 oriri
1240 3519 1361 3582 post
1378 3510 1888 3581 quinquagesimum
1916 3525 1947 3563 a
1974 3509 2119 3564 cani-

550 3602 676 3657 cula
703 3601 847 3658 diem
878 3620 893 3657 :
925 3602 1073 3673 quod
1098 3603 1165 3658 de
1193 3611 1318 3659 ortu
1348 3602 1557 3657 heliaco
1581 3615 1769 3656 verum
1793 3607 1896 3655 est.
1931 3598 2109 3654 Sirius

551 3695 828 3750 oriebatur
857 3693 1056 3750 Caesari
1081 3696 1390 3749 Leontonos
1424 3709 1541 3758 vni,
1574 3693 1627 3747 id
1669 3700 1752 3748 est
1790 3690 2016 3762 Augusti
2053 3709 2115 3756 ιι,

550 3783 821 3839 Arcturus
870 3782 1247 3838 Partbenonos
1289 3798 1461 3846 xxvn,
1512 3780 1854 3837 intervallum
1903 3781 2116 3836 dierum

516 3892 519 3895 '
553 3873 953 3945 quinquaginta
979 3874 1300 3931 solidorum.

621 3969 875 4026 Orionem
911 3969 1314 4040 Theophrastus
1336 3968 1411 4023 ait
1431 3968 1562 4022 oriri
1587 3968 1643 4020 ὲν
1676 3969 1818 4038 ἀρχῇ
1847 3966 1948 4038 τῆς
1977 3962 2120 4018 ὀπώ-

553 4080 685 4137 ρας·
719 4063 894 4118 δύνειν
930 4066 989 4117 ἐν
1020 4061 1280 4135 ἀρχῆτοῢ
1314 4061 1598 4132 χειμῶνος,
1637 4059 1729 4114 ubi
1770 4057 1990 4130 ὀπώραν
2018 4071 2117 4128 pro

553 4156 851 4212 inclinante
876 4155 989 4225 jam
1019 4164 1205 4211 testate
1228 4155 1414 4219 sumit,
1451 4154 1646 4210 diebus
1689 4152 1898 4221 aliquot
1928 4167 1969 4211 a~
1988 4165 2119 4205 con-

553 4246 697 4304 fecto
741 4247 995 4303 solstitio.
1045 4245 1104 4299 In
1149 4246 1436 4310 laterculo,
1478 4244 1663 4299 lucida
1702 4243 1856 4315 pedis
1902 4240 2120 4298 Orionis

553 4340 822 4397 beliacum
868 4346 1053 4394 ortum
1105 4336 1238 4393 facit
1274 4336 1598 4393 Carcinonis
1652 4352 1807 4399 xvm,
1841 4334 1971 4389 Julii
2018 4349 2115 4389 ιιι.

2216 491 2403 547 Sicilia
2436 490 2719 560 traiecisse
2753 489 2893 543 inter
2924 493 3103 541 ortum
3142 483 3359 540 Orionis
3402 495 3459 540 et
3505 483 3660 549 Sirii,
3694 485 3776 540 in-

2212 582 2502 636 commoda
2555 586 2895 650 tempestate.
2947 575 3139 632 Ortum
3188 576 3479 646 utrobique
3528 576 3778 645 intelligit

2210 672 2507 727 beliacum.
2536 670 2671 724 Nam
2705 668 2883 724 Sirius
2913 667 3220 722 Leontonos
3252 681 3369 728 VIII,
3412 667 3639 722 ineunte
3676 666 3781 720 Au-

2210 774 2395 834 gusto,
2424 761 2590 818 Orion
2631 762 2792 833 paulo
2826 769 2948 830 post
2981 761 3269 816 solstitium
3301 758 3432 812 oriri
3460 757 3776 827 incipiebat.

2208 855 2350 927 Ergo
2378 853 2521 911 Julio
2552 870 2736 910 mense
2762 856 3112 925 navigarunt.
3148 851 3240 907 Sic
3270 850 3542 906 Hesiodus
3586 851 3780 908 messis

2211 963 2276 1004 ac
2304 948 2516 1003 triturae
2542 956 2759 1018 tempus
2790 945 3195 1002 circumscribit
3224 942 3442 999 Orionis
3470 954 3672 998 exortu
3695 960 3714 998 :

2278 1101 2295 1117 .
2338 1103 2353 1117 .
2391 1102 2408 1117 .
2442 1056 2580 1115 Εὗτ⁹
2615 1059 2690 1113 ἂν
2721 1058 2922 1127 πρῶτα
2953 1058 3114 1128 φανῇ
3144 1058 3328 1127 μένος
3368 1057 3679 1125 Ὠρίωνος

2280 1216 2293 1229 .
2333 1211 2348 1226 .
2393 1211 2407 1226 .
2446 1170 2579 1227 Cum
2606 1172 2834 1241 primum
2876 1186 3125 1240 apparere
3162 1171 3311 1239 coepit
3351 1169 3515 1224 robur
3543 1168 3781 1225 Orionis.

2277 1280 2478 1337 Leonis
2515 1281 2569 1336 in
2599 1290 2818 1351 pectore
2872 1281 3017 1334 clara
3066 1280 3221 1336 stella
3262 1279 3464 1333 occidit
3500 1295 3654 1333 xxvn
3696 1277 3785 1333 5a-

2206 1374 2409 1438 nuarii,
2444 1382 2505 1427 ut
2542 1372 2735 1429 scribit
2774 1371 3096 1433 Columella,
3131 1381 3189 1424 ut
3231 1370 3482 1435 Ovidius,
3531 1387 3690 1425 xxiv.
3728 1369 3787 1425 In

2206 1465 2472 1519 laterculo
2498 1474 2689 1519 nostro
2719 1462 2903 1517 eadem
2937 1463 3089 1516 stella
3116 1461 3402 1531 Hydronos
3434 1462 3604 1515 tertio
3630 1477 3787 1516 mane

2206 1555 2427 1620 occidit,
2462 1570 2688 1625 prorsus
2721 1560 2781 1606 ut
2818 1550 3041 1607 Ovidius
3085 1552 3269 1614 refert,
3318 1548 3571 1604 Januarii
3638 1566 3783 1604 xxiv.

2208 1646 2387 1713 Quare
2417 1644 2483 1700 de
2515 1659 2715 1699 occasu
2752 1642 2993 1697 cosmico
3023 1640 3321 1710 capiendus
3359 1647 3467 1695 est.
3512 1640 3582 1693 At
3625 1636 3787 1694 Colu-

2135 1749 2178 1804 3
2205 1735 2363 1791 mella
2388 1733 2584 1790 Leonis
2616 1736 2817 1789 claram
2846 1735 2900 1787 in
2944 1742 3161 1804 pectore
3203 1731 3414 1786 stellam
3455 1731 3673 1800 exoriri
3707 1746 3791 1786 as-

2213 1828 2346 1884 serit
2375 1844 2427 1882 tx
2461 1826 2729 1883 Kalendas
2768 1826 2995 1897 Augusti
3033 1832 3087 1880 et
3127 1825 3302 1894 pridie
3328 1821 3517 1877 Nonas
3555 1823 3790 1893 Augusti

2210 1919 2447 1975 Leonem
2484 1920 2617 1974 oriri
2644 1919 2906 1974 medium.
2943 1900 3100 1984 Quod
3126 1916 3192 1972 de
3222 1917 3432 1972 heliaco
3463 1932 3582 1970 non
3614 1926 3791 1985 potest

2213 2010 2421 2081 accipi;
2452 2012 2545 2081 qui
2586 2010 2898 2065 Leontonos
2927 2025 3082 2070 xvnt,
3133 2008 3359 2078 Augusti
3406 2024 3486 2062 xtl
3530 2008 3789 2078 primitus

2211 2105 2462 2171 occoepit,
2494 2102 2561 2157 ad
2588 2117 2773 2157 verum
2810 2109 2862 2154 et
2895 2099 3190 2155 cosmicum
3221 2099 3413 2153 referri
3455 2108 3663 2169 potest.
3693 2100 3789 2152 At-

2211 2194 2302 2263 qui
2348 2192 2557 2248 Plinius
2609 2193 2704 2248 lib.
2740 2190 2943 2256 XVIII,
2984 2206 3104 2262 cap.
3150 2189 3387 2257 XXVIII,
3420 2211 3438 2242 ι
3468 2194 3637 2247 tertio
3682 2190 3790 2245 Ka-

2211 2283 2433 2349 lendas,
2491 2284 2599 2349 ait,
2677 2283 2908 2353 Augusti
2973 2284 3176 2339 mensis
3250 2283 3402 2352 regia
3452 2284 3507 2338 in
3565 2293 3789 2354 pectore

2213 2378 2410 2431 Leonis
2434 2375 2587 2432 stella
2619 2376 2884 2429 matutino
2913 2374 3113 2429 Cmsari
3158 2374 3511 2446 immergitur.
3544 2395 3565 2428 ι
3597 2375 3789 2429 Matu-

2211 2469 2384 2522 tinum
2424 2483 2679 2522 occasum
2731 2467 2845 2521 bzec
2882 2467 3046 2521 verba
3099 2466 3506 2531 demonstrant,
3562 2468 3659 2537 qui
3720 2467 3789 2522 in

2213 2556 2437 2629 Aquarii
2481 2558 2651 2629 gradu
2683 2558 2867 2618 tertio,
2890 2555 3133 2611 Januarii
3159 2573 3287 2611 xxrv
3314 2557 3527 2612 accidit.
3556 2558 3793 2614 ﬂendo-

2214 2666 2309 2707 sus
2337 2664 2467 2719 ergo
2493 2650 2645 2703 locus
2674 2660 2758 2703 est
2787 2648 2967 2713 Plinii,
2995 2664 3060 2705 ac
3102 2649 3393 2721 legendum
3436 2652 3662 2706 omnino
3700 2662 3794 2708 est

2218 2759 2238 2792 σ
2279 2741 2526 2810 emergit,
2562 2759 2579 2790 ι
2607 2741 2689 2795 vel
2719 2759 2737 2792 ι
2792 2741 3106 2812 emergitur,
3143 2758 3161 2791 ι
3200 2742 3252 2795 id
3296 2748 3383 2797 est
3434 2743 3614 2796 o'ritur
3662 2759 3791 2799 cum

2214 2833 2351 2889 sole.

2299 2925 2557 2982 Geminus
2624 2941 2878 2982 occasum
2945 2925 3144 2982 Leonis
3204 2935 3578 2983 consentanee
3644 2929 3793 2999 ponit

2214 3021 2436 3092 Aquarii
2491 3020 2750 3078 secundo.
2810 3014 3132 3075 Ptolemaeus
3186 3019 3409 3074 Lconici
3470 3022 3791 3076 basiliscum

2216 3112 2464 3169 occidere
2501 3113 2690 3168 scribit
2717 3130 2765 3167 vt
2789 3112 3059 3168 Kalendas
3097 3111 3399 3177 Februarii,
3442 3115 3563 3169 sive
3587 3112 3793 3168 Janua-

2216 3207 2283 3260 rii
2338 3222 2504 3261 xxvn.
2555 3203 2776 3261 Graecus
2834 3213 3014 3259 autem
3065 3221 3094 3258 a
3146 3206 3304 3259 nobis
3358 3206 3548 3261 editus
3603 3208 3793 3261 statuit

2214 3297 2455 3367 ejusdem
2486 3312 2741 3353 occasum
2784 3297 2838 3351 in
2863 3295 3130 3361 Januarii,
3185 3297 3269 3353 vel
3315 3294 3451 3368 Tybi
3502 3313 3665 3366 xxn;
3696 3315 3793 3353 nec

2215 3404 2322 3444 non
2357 3381 2581 3455 Mecbir,
2613 3391 2696 3446 vel
2733 3388 3017 3445 Februarii
3063 3405 3136 3444 vr.
3186 3389 3389 3444 Sextus
3418 3387 3634 3445 Mecbir
3660 3406 3793 3446 con-

2216 3483 2361 3539 venit
2386 3480 2636 3537 Januarii
2664 3482 2878 3537 ultimo.

2283 3574 2430 3629 Inter
2457 3571 2671 3645 Hyades
2700 3573 3039 3629 lucidissima
3071 3578 3176 3639 est,
3200 3587 3322 3643 qum
3345 3572 3404 3627 in
3430 3573 3588 3628 oculo
3617 3572 3792 3629 Tauri

2216 3666 2391 3736 posita
2416 3663 2721 3720 Palilicium
2755 3664 2908 3720 sidus
2950 3681 2981 3719 a
3024 3663 3286 3720 Romanis
3336 3674 3588 3721 vocatur.
3619 3663 3796 3719 Occa-

2217 3773 2336 3811 sum
2362 3755 2606 3827 Ilyadum
2647 3754 2815 3811 refert
2855 3756 3127 3811 IIesiodus
3167 3758 3224 3811 in
3256 3756 3400 3812 idem
3437 3764 3660 3827 tempus
3684 3773 3796 3826 quo

2216 3846 2459 3902 Pleiades
2484 3848 2538 3903 et
2568 3846 2737 3901 Orion
2771 3836 3065 3912 occidunt;
3099 3848 3261 3917 idque
3318 3847 3554 3902 arationi
3586 3863 3793 3917 oppor-

2218 3948 2407 3994 tunum
2436 3955 2556 3995 esse
2587 3939 2780 3995 scribit
2811 3939 2866 3993 in
2902 3939 3143 3995 secundo
3166 3940 3340 3994 libro:

2572 4091 2586 4105 .
2629 4089 2646 4103 .
2687 4091 2703 4102 .
2742 4091 2756 4103 .
2800 4089 2814 4102 .
2856 4049 3052 4119 Αὐτὰρ
3078 4049 3238 4118 ἐπὴν
3259 4049 3335 4116 δὴ

2216 4118 2510 4188 Πληϊάδες
2531 4119 2801 4185 θ”Υάδες
2830 4136 2912 4182 τε,
2944 4118 3095 4173 τότε
3129 4120 3346 4186 σθένος
3385 4120 3659 4189 Ὠρίωτζος

2218 4192 2489 4244 Δύνωσιν
2517 4231 2532 4255 ,
2563 4192 2677 4243 τότ’
2701 4189 2879 4243 ἔπειτ’
2908 4190 3123 4257 ἀρότου
3138 4187 3516 4261 μεμνημένος
3535 4187 3703 4246 εἶναι.

2218 4332 2226 4353 ι
2291 4319 2388 4376 llic
2434 4336 2687 4377 occasum
2737 4322 3065 4376 matutinum
3104 4321 3218 4378 sive
3244 4321 3545 4377 cosmicum
3576 4323 3801 4394 signiﬁ-

556 4431 664 4488 sed
700 4429 1063 4501 Theophrasti
1111 4429 1333 4492 εωουιο,
1379 4435 1434 4483 ει
1483 4428 1712 4483 Athenis
1758 4427 2024 4481 malm-ius
2066 4425 2119 4480 id
2151 4430 2198 4489 ο
2222 4421 2329 4466 cat.
2358 4409 2491 4469 Nam
2523 4413 2576 4466 in
2608 4413 2873 4467 laterculo
2899 4421 3086 4467 nostro
3125 4413 3427 4468 Palilicium
3454 4430 3614 4470 mane
3644 4418 3804 4471 occi-

557 4524 739 4580 liebat.
769 4520 969 4578 Verum
1006 4528 1130 4591 post
1180 4528 1336 4575 ortus
1387 4519 1582 4574 bellaci
1628 4518 1773 4572 diem
1803 4532 1871 4572 ex
1920 4517 2119 4573 tabulis

555 4615 861 4670 conlectum
897 4620 1221 4682 apparentes
1254 4610 1414 4665 iidem
1460 4616 1616 4664 ortus
1662 4608 1916 4663 matutini
1969 4623 2123 4677 repe—

554 4718 765 4765 tuntur.
804 4705 993 4776 Itaque
1037 4711 1368 4775 propagatus
1415 4701 1505 4756 hic
1549 4708 1702 4756 ortus
1738 4707 1824 4756 est
1854 4714 2025 4769 usque
2054 4699 2120 4755 ad

554 4798 773 4869 ὀπώρας
802 4797 1038 4853 initium.
1068 4794 1139 4850 At
1162 4795 1463 4849 matutinus
1499 4806 1728 4848 occasus
1755 4790 1999 4861 ejusdem
2039 4792 2123 4844 lu-

556 4891 692 4946 cidae
734 4890 963 4960 contigit
1008 4886 1339 4959 Scorpionos
1383 4902 1438 4950 v,
1485 4882 1740 4940 Octobris
1771 4900 1895 4939 xxix
1924 4900 1941 4950 ;
1974 4898 2123 4938 zonae

557 4983 735 5039 media
767 4981 1098 5051 Scorpionos
1119 4995 1197 5035 xu
1232 4978 1455 5042 occidit,
1486 4975 1806 5033 Novembris
1833 4992 1904 5042 v;
1936 4977 2123 5029 hume-

557 5090 653 5129 rus
679 5073 868 5129 dexter
897 5072 1229 5142 Scorpionos
1260 5085 1374 5133 xxt,
1414 5068 1738 5125 Novembris
1780 5083 1887 5121 xiv.
1938 5067 2123 5136 Itaque

556 5181 744 5222 verum
765 5178 849 5222 est
886 5166 1105 5221 ineunte
1132 5165 1311 5219 hieme
1338 5160 1594 5217 Orionem
1638 5159 1926 5215 occidisse.
1974 5159 2119 5212 Con-

559 5257 787 5313 veniunt
810 5266 865 5313 et
909 5273 1031 5328 quae
1068 5257 1137 5313 de
1180 5255 1400 5311 Orionis
1434 5262 1559 5309 ortu
1605 5252 1675 5306 ab
1720 5250 1932 5311 Ovidio.
1957 5249 2121 5303 Colu-

561 5351 741 5413 mella,
774 5356 829 5404 et
861 5349 1038 5405 Plinio
1064 5348 1390 5420 produntur,
1420 5354 1483 5401 ut
1513 5359 1639 5400 cum
1677 5358 1869 5398 zonam
1905 5342 2054 5396 oriri
2074 5357 2123 5395 vr

562 5442 830 5498 Kalendas
854 5440 986 5496 Julii
1018 5449 1273 5498 asserunt
1313 5438 1538 5496 Ovidius
1584 5443 1640 5492 et
1689 5434 1921 5490 Plinius.
1952 5433 2126 5488 Media

564 5532 763 5603 quippe
807 5534 960 5589 stella
1014 5534 1175 5589 baltei
1207 5532 1262 5587 in
1294 5529 1528 5601 Egypto
1565 5527 1904 5583 Carcinonos
1928 5534 2125 5595 quarto

565 5624 768 5680 lieliace
797 5625 1072 5682 oriebatur
1101 5623 1285 5678 Romae
1318 5638 1431 5678 xvn
1448 5640 1466 5689 ;
1498 5620 1595 5677 sed
1625 5628 1748 5675 ante
1775 5619 1914 5674 hanc
1947 5620 2002 5673 in
2031 5633 2125 5674 eo-

564 5717 685 5774 dem
710 5715 885 5772 balteo
919 5717 1085 5772 altera
1114 5716 1413 5784 consurgit.

2220 4507 2298 4562 dit
2328 4506 2382 4560 in
2410 4505 2579 4576 gradu
2605 4507 2637 4562 9
2673 4506 2887 4576 Scorpii
2918 4504 3121 4569 Romae,
3152 4504 3206 4559 id
3237 4515 3321 4561 est
3355 4505 3682 4563 Novembris
3708 4508 3754 4561 Ξ
3784 4552 3801 4571 ,

2220 4613 2329 4668 quo
2355 4595 2442 4651 die
2463 4595 2763 4653 Columella
2791 4594 2955 4650 Tauri
2988 4604 3152 4665 caput
3169 4610 3426 4651 oesasum
3450 4596 3632 4652 facere
3652 4599 3808 4652 scri-

2221 4690 2320 4754 bit,
2354 4697 2412 4743 ut
2451 4696 2507 4743 et
2534 4688 2795 4744 Geminus
2847 4704 2915 4744 ex
2958 4686 3202 4759 Calippo.
3232 4689 3303 4742 At
3331 4690 3388 4743 in
3415 4687 3656 4761 Egypto
3680 4708 3810 4747 ma-

2221 4784 2432 4842 tutinus
2458 4802 2687 4843 occasus
2731 4786 2890 4842 ﬁebat
2930 4786 2985 4840 in
3016 4786 3182 4856 gradu
3229 4784 3446 4857 Scorpii
3473 4785 3806 4850 undecuno,

2219 4878 2541 4935 Novembris
2571 4897 2640 4935 tv.
2664 4879 2832 4936 Porro
2856 4879 2997 4935 idem
3020 4878 3318 4932 Columella
3341 4876 3599 4935 Sneulam
3634 4895 3809 4934 mane

2222 4971 2468 5025 occidere
2513 4970 2590 5024 ait
2638 4987 2729 5024 ιιι
2776 4968 3112 5035 Novembris,
3179 4982 3393 5023 necnon
3460 4966 3809 5039 Bbapsodus

2224 5061 2315 5117 ille
2350 5061 2451 5117 sub
2494 5061 2715 5115 nomine
2755 5060 3025 5114 Ptolemaei
3050 5075 3089 5118 ,ιι
3121 5058 3358 5114 Leouico
3403 5058 3609 5115 editus.
3662 5059 3809 5113 Nam

2223 5151 2443 5207 Graecus
2480 5159 2666 5207 noster
2698 5151 2751 5205 in
2782 5149 3125 5214 Novembris,
3156 5150 3240 5205 vel
3277 5149 3448 5221 Athyr
3483 5165 3573 5204 xvt
3619 5150 3812 5206 Sucu-

2224 5243 2397 5298 larum
2423 5250 2603 5297 ortum
2646 5241 2971 5296 matutinum
3016 5241 3260 5312 conjicit.
3299 5241 3457 5311 Apud
3498 5239 3808 5299 Geminum

2224 5333 2471 5406 Hyadum
2515 5349 2749 5390 occasus
2792 5334 2881 5390 die
2923 5333 3255 5403 Scorpionos
3299 5349 3472 5399 xxvn,
3502 5350 3566 5388 ex
3597 5333 3805 5391 Eucte-

2226 5442 2421 5493 mone;
2442 5442 2508 5483 ex
2539 5426 2783 5491 Eudoxo,
2808 5442 2939 5481 ιιιι
2967 5426 3254 5496 contingit,
3278 5425 3371 5497 qui
3395 5424 3529 5481 Julii
3557 5426 3808 5485 Cesaris

2225 5530 2381 5579 aetate
2401 5521 2802 5592 respondebant
2831 5520 3154 5576 Novembris
3195 5521 3269 5574 ix
3311 5526 3367 5575 et
3409 5535 3564 5587 xxn;
3598 5519 3807 5575 Eucte—

2227 5616 2403 5671 monis
2430 5630 2559 5670 vero
2582 5624 2634 5671 et
2670 5613 2879 5670 Eudoxi
2919 5614 3143 5679 saeculo,
3185 5612 3304 5669 dics
3352 5614 3475 5668 iIIos
3506 5613 3811 5669 antecedo~

2231 5709 2380 5763 bant.
2408 5708 2505 5764 Hie
2527 5716 2607 5764 est
2636 5722 2906 5778 apparens
2933 5722 3163 5763 occasus
3189 5707 3493 5762 matutinus
3517 5705 3802 5773 Hyadum,
