4036 6218
208 325 336 379 1573

979 320 1432 382 DISSERTATIO
1466 324 1552 380 DE
1593 325 1777 380 ORTU
1820 325 1906 380 ET
1949 326 2213 384 OCCASU
2257 313 2600 385 SIDERUMJ

3278 324 3422 380 ’1374

202 440 291 511 qui
322 449 407 498 est
437 459 564 498 vero
589 445 878 514 posterior.
912 443 1034 497 Ideo
1081 452 1205 514 post
1242 446 1536 500 cosmicum
1571 461 1756 500 verum
1786 449 1833 504 Α
1865 445 2050 501 Roma:
2085 448 2244 504 liebat
2279 452 2331 502 in
2365 446 2532 517 gradu
2563 442 2880 514 Capricorni
2910 440 3213 502 utteecimo.
3249 441 3300 496 id
3338 453 3423 499 est

203 531 267 584 ad
311 533 430 588 dies
478 536 680 604 aliquot
727 533 1069 588 extenditur:
1100 534 1553 604 quemadmodum
1600 545 1753 591 ortus

203 627 541 691 vespertinus
575 639 732 677 verus
779 623 1046 691 posterior
1091 632 1173 676 est
1218 624 1623 692 apparentibus,
1660 625 1753 690 qui

203 715 448 783 pluribus
471 716 659 769 diebus
709 722 834 767 ante
858 715 1008 768 illum
1046 731 1187 783 smpe
1227 722 1546 782 repetuntur
1573 713 1627 766 in
1653 711 1756 766 Fa-

203 803 319 858 stis.
369 803 541 858 Verus
594 814 816 858 exortus
883 807 1225 874 vespertinus
1272 804 1500 859 Palilicii
1560 804 1755 858 sideris

199 893 322 950 Julii
366 905 624 966 tempore,
661 895 987 967 Scorpionos
1016 914 1128 962 xxi,
1161 896 1479 951 Novembris
1508 913 1598 950 XIV
1627 911 1758 949 con-

200 989 440 1060 gruebat,
470 997 590 1058 post
623 1005 807 1044 verum
835 1006 1090 1045 occasum
1134 991 1476 1044 matutinum.
1515 987 1620 1042 Sed
1659 1003 1757 1056 ap-

200 1095 392 1150 parens
448 1089 603 1134 ortus
655 1083 998 1150 vespertinus
1045 1081 1382 1151 praecedebat
1425 1099 1438 1135 :
1487 1095 1649 1150 quem
1705 1095 1759 1137 vt

199 1172 537 1239 Novembris,
579 1175 662 1228 vel
705 1174 895 1245 Athyr,
939 1174 1185 1228 Grzecum
1218 1172 1488 1227 Ptolemaei
1537 1184 1761 1240 parape-

201 1280 316 1335 gma
369 1264 620 1319 collocat.
663 1262 924 1320 Geminus
969 1273 1148 1319 autem
1190 1264 1437 1334 Zygonos
1483 1277 1618 1326 χχιι,
1647 1259 1760 1314 Ευ-

200 1357 319 1410 doxi
352 1357 587 1423 szeculo;
623 1355 830 1412 Plinius
863 1358 955 1411 lib.
988 1356 1173 1421 XVIII,
1223 1372 1344 1426 cap.
1387 1353 1575 1420 XXXI,
1608 1361 1760 1410 sexto

200 1448 462 1504 Kalendas
510 1448 828 1504 Novembris
879 1449 1110 1504 Suculas
1160 1449 1236 1502 ait
1286 1448 1487 1503 exoriri
1523 1448 1757 1516 vesperi,

197 1540 381 1592 eodem
443 1539 653 1594 scilicet
708 1548 999 1609 apparente
1050 1550 1193 1596 ortu.
1248 1539 1366 1592 Mox
1409 1554 1538 1593 vero
1586 1537 1760 1606 pridie

197 1630 464 1685 Kalendas
501 1630 833 1686 Novembres
863 1632 1060 1687 Casari
1082 1632 1212 1686 dicit
1245 1633 1450 1686 exoriri
1484 1645 1608 1684 cum
1645 1630 1759 1684 sole

201 1722 447 1778 Suculas.
480 1723 658 1778 Falso.
717 1724 851 1778 Nam
904 1725 954 1778 id
1017 1731 1476 1793 vernoetempore
1529 1721 1747 1776 accidit.

1855 539 2098 594 Januarii
2153 557 2229 604 u;
2281 538 2621 592 Alexandria
2693 534 2943 605 in'gradu
2989 533 3214 602 quinto,
3270 542 3421 587 sexto

1857 631 2080 688 Kalend.
2131 631 2249 685 Jan.
2305 631 2627 684 Ptolemaéus
2686 627 2905 682 Graecus
2962 625 3292 689 Decembris,
3337 637 3423 690 ve:

1858 723 2057 778 Chmac
2091 740 2262 787 xxvu,
2290 731 2343 777 et
2381 739 2488 778 xxx
2516 720 2767 790 Aquilam
2795 717 3041 773 occidere
3071 718 3144 770 ait
3175 729 3425 786 vespere;

1858 813 2084 870 Gemino
2134 831 2350 884 quoque
2403 813 2631 882 septimo
2681 810 2994 880 Capricorni
3050 809 3188 863 idem
3245 809 3423 862 evenit

1860 915 2078 959 auctore
2124 903 2472 960 Euctemone.
2509 902 2762 956 Eamdem
2795 916 2953 954 mane
2985 900 3116 952 oriri
3163 899 3422 952 vicesimo

1859 1003 2011 1050 sexto
2039 994 2290 1049 Toxonos
2327 993 2592 1048 referebat
2622 991 2898 1044 Eudoxus.
2945 988 3032 1043 Sic
3068 990 3121 1042 in
3161 987 3424 1042 laterculo

1859 1097 2048 1141 nostro
2082 1094 2235 1140 ortus
2281 1085 2426 1139 illius
2469 1084 2709 1138 heliacus
2748 1084 2800 1135 in
2831 1096 2997 1134 xxvm
3049 1078 3300 1132 Toxonos
3337 1079 3422 1130 in-

1859 1179 2051 1243 currit,
2088 1179 2180 1247 qui
2211 1189 2295 1231 est
2334 1175 2647 1230 Decembris
2694 1191 2806 1228 xxI.
2851 1172 3071 1227 Crmcus
3103 1170 3422 1224 Ptolemaeus

1859 1270 2194 1333 Decembris,
2231 1271 2311 1324 vel
2344 1269 2546 1323 Cltoeac
2588 1283 2712 1320 xxv.
2757 1265 3078 1336 Rhapsodus
3117 1278 3146 1316 a
3189 1261 3424 1316 Leonico

1860 1365 2036 1419 editus
2082 1362 2336 1416 mendose
2387 1361 2547 1415 habet
2595 1368 2772 1413 ortum
2808 1356 3180 1425 vespertinum
3218 1353 3424 1421 Aquila

1862 1470 1914 1506 xl
1940 1453 2162 1506 Kalend.
2186 1449 2408 1505 Januar.
2431 1449 2530 1504 llic
2558 1451 2699 1504 enim
2725 1451 2778 1503 in
2798 1448 2964 1519 gradu
2995 1444 3344 1500 Geminorum
3369 1460 3422 1498 ιι

1859 1545 2103 1614 contigit,
2139 1542 2284 1597 Junii
2309 1559 2367 1604 ll,
2409 1543 2495 1595 cui
2538 1550 2592 1596 et
2630 1539 2926 1594 Columella
2958 1544 3010 1592 et
3047 1535 3255 1590 Plinius
3293 1536 3424 1590 asti-

1860 1635 2132 1704 pulantur,
2183 1647 2392 1688 necnon
2424 1631 2668 1696 Ovidius,
2716 1631 2847 1702 quin
2883 1637 2935 1683 et
2964 1628 3250 1698 Rapsodus
3281 1628 3423 1696 ipse-

1858 1736 1988 1780 met.

201 1814 426 1884 Scripsit
455 1823 546 1868 aut
575 1815 812 1870 scribere
832 1816 1038 1879 debuit,
1062 1834 1080 1866 ι
1104 1831 1229 1870 cum
1259 1784 1370 1869 sole
1396 1813 1697 1868 occidente.
1723 1831 1742 1864 ι
1781 1784 1822 1839 Β
1921 1815 2093 1869 Varro
2122 1814 2216 1868 lib.
2262 1811 2304 1865 11
2346 1813 2420 1866 De
2460 1830 2514 1866 re
2556 1814 2776 1875 rustica,
2814 1825 2931 1879 cap.
2989 1807 3031 1860 11
3064 1828 3075 1861 :
3117 1827 3133 1858 ι
3185 1806 3421 1875 Tempus

196 1903 497 1958 Palilicium
555 1905 706 1960 sidus
764 1905 904 1961 idem
961 1905 1170 1962 Plinius
1216 1906 1357 1960 libro
1401 1903 1587 1966 XVIII,
1627 1919 1746 1974 cap.

195 1994 383 2058 XXVI,
412 1995 576 2050 refert
601 1997 848 2052 occidere
889 2013 1113 2067 vespere
1150 2014 1213 2052 ex
1255 1995 1486 2050 Caesaris
1514 1995 1748 2058 calculo,

195 2104 265 2143 xv
310 2088 579 2143 Kalendas
613 2089 800 2151 Maias,
843 2089 893 2143 id
938 2100 1022 2144 est
1065 2090 1292 2144 Crionos
1321 2102 1473 2150 xxvr,
1505 2102 1667 2156 quem
1694 2085 1749 2138 in

195 2180 335 2232 diem
373 2179 615 2234 heliacus
641 2194 868 2234 occasus
913 2180 1056 2232 illius
1096 2194 1162 2233 ex
1202 2179 1404 2232 nostris
1443 2175 1751 2233 ratiociniis

196 2269 401 2324 incidit.
445 2269 765 2325 Ptolemaeus
811 2270 1029 2323 Leonici
1080 2269 1310 2325 Suculas
1357 2271 1430 2324 ait
1472 2281 1753 2337 emergere

196 2362 396 2431 Aprilis
417 2380 486 2416 vI.
508 2361 619 2416 Imo
643 2362 1099 2432 immergebantur
1132 2363 1222 2416 illo
1256 2370 1515 2433 tempore,
1552 2370 1602 2415 et
1630 2367 1752 2430 post

196 2469 443 2509 occasum
499 2456 666 2509 solem
721 2456 1126 2516 condebantur,
1190 2441 1336 2524 quod
1386 2453 1586 2523 Aprilis
1637 2467 1749 2505 xv"

199 2553 464 2612 postremo
494 2544 780 2599 faciebant.
824 2543 961 2598 Hinc
1003 2544 1144 2612 apud
1191 2544 1436 2598 eumdem
1479 2559 1554 2596 xu
1593 2541 1752 2611 Apri-

195 2635 280 2697 lis,
306 2651 395 2697 xv,
431 2650 516 2688 xvi
545 2643 597 2688 et
629 2649 736 2686 xvu
777 2635 1036 2686 occultari
1084 2650 1304 2704 vespere
1338 2636 1611 2688 dicuntur.
1658 2633 1752 2686 Et-

193 2728 334 2780 enim
378 2736 530 2780 ortus
576 2725 802 2779 Palilicii
839 2727 1140 2779 matutinus
1176 2741 1444 2796 apparens
1483 2727 1646 2796 cmpit
1693 2727 1751 2780 in

191 2816 419 2872 Julianis
451 2815 626 2870 Fastis
660 2815 985 2886 Didymonos
1016 2833 1092 2877 xu,
1119 2815 1265 2870 Junii
1307 2833 1378 2870 tv.
1410 2817 1558 2872 Unde
1588 2819 1751 2872 casti—

193 2910 400 2976 gandus
432 2917 513 2963 est
552 2908 867 2964 Ptolemteus
915 2908 1098 2962 Grmcc
1147 2923 1177 2961 a
1229 2909 1382 2963 nobis
1411 2911 1615 2976 editus;
1658 2913 1774 2982 qui‘

189 3001 335 3054 Junii
375 3016 430 3054 Ill
470 3000 704 3054 lucidam
734 2999 1056 3054 Sucularum
1097 3001 1169 3053 ait
1199 3002 1446 3056 occidere
1482 3018 1704 3072 vespere
1732 3043 1746 3068 ,

191 3093 333 3163 quod
362 3100 443 3146 est
471 3094 688 3146 falsum.
715 3093 835 3146 Ideo
866 3094 1042 3146 statim
1073 3090 1216 3146 Junii
1249 3107 1321 3144 vn
1368 3085 1518 3163 ἑῷος,
1553 3095 1748 3163 inquit,
1778 3126 1819 3183 ε

191 3183 476 3238 ἐπιτέλλει.
520 3183 634 3237 Non
684 3186 862 3238 minus
910 3186 1257 3253 castigandus
1313 3195 1395 3239 est
1444 3184 1704 3242 Geminus
1733 3229 1747 3252 ,

190 3276 285 3342 qui
319 3274 604 3328 Tauronos
651 3275 737 3327 die
770 3289 918 3327 xxxii
965 3276 1118 3344 ponit
1165 3285 1340 3327 ortum
1385 3278 1752 3346 vespertinum

190 3365 457 3437 Hyadum.
517 3364 620 3418 Pro
664 3379 771 3434 quo
819 3366 1117 3420 matutinus
1167 3366 1584 3423 substituendus
1631 3377 1751 3435 est;

193 3473 351 3529 quem
383 3457 709 3528 Didymonos
742 3474 774 3511 v
807 3472 950 3520 mox,
998 3457 1219 3512 Eudoxo
1265 3470 1506 3523 auctore,
1542 3461 1749 3515 statuit.

257 3551 550 3621 Capellam,
579 3566 698 3620 qua:
721 3562 802 3605 est
843 3551 896 3603 in
933 3551 1148 3620 Auriga:
1181 3559 1360 3621 tergo,
1402 3554 1590 3607 scribit
1623 3553 1752 3606 Ovi-

193 3645 338 3706 dius,
373 3651 426 3699 et
457 3644 748 3698 Columella
782 3644 979 3697 exoriri
1032 3643 1288 3699 Kalendis
1330 3645 1502 3701 Maiis.
1546 3645 1754 3701 Plinius

193 3752 289 3788 vui
333 3737 536 3790 mensis
575 3737 840 3804 ejusdem.
886 3734 998 3788 Iloc
1046 3735 1098 3787 in
1154 3735 1389 3806 Egypto
1427 3751 1611 3790 verum
1671 3745 1754 3791 est

193 3827 262 3881 de
307 3837 429 3881 ortu
462 3828 702 3890 heliaco,
740 3828 832 3896 qui
884 3828 936 3880 in
987 3826 1271 3881 Tauronos
1315 3829 1401 3882 die
1446 3845 1497 3881 lx
1542 3829 1750 3883 incidit.

195 3920 377 3974 Romae
407 3929 607 3982 autem,
638 3919 870 3974 Crionos
899 3937 1028 3980 xvn,
1060 3919 1260 3988 Aprilis
1292 3935 1407 3974 V‘Il.
1432 3919 1752 3977 Ptolemmus

191 4018 378 4064 noster
407 4008 580 4062 Martii
615 4025 763 4068 xxix.
800 4017 852 4062 et
883 4009 1086 4076 Aprilis
1131 4025 1262 4062 xvm
1311 4009 1497 4080 Capra:
1535 4013 1754 4066 matuti-

189 4115 321 4154 num
361 4107 537 4152 ortum
568 4099 804 4153 exhibet.
839 4097 1100 4153 Geminus
1143 4115 1209 4153 ex
1256 4100 1580 4157 Euctemone
1618 4103 1754 4156 Tau-

189 4204 358 4245 ronos
391 4207 466 4246 IX.

259 4281 580 4351 Delphinum
614 4280 838 4338 Ovidius
879 4284 954 4338 ait
989 4303 1212 4358 vespere
1244 4289 1374 4343 oriri
1410 4305 1462 4341 IV
1500 4288 1624 4344 ldus
1660 4288 1753 4343 Ju-

189 4387 315 4425 11138
346 4391 358 4425 Ζ

264 4462 461 4543 Napita
485 4481 650 4543 puppe
677 4466 859 4543 sedens
903 4467 1161 4543 Delphina
1204 4471 1508 4543 videbimus,
1538 4473 1722 4543 inquit,

271 4585 276 4592 .
337 4535 570 4590 Humida
601 4553 717 4590 cum
746 4538 896 4605 pulso
928 4535 1030 4590 nox
1051 4542 1151 4592 erit
1175 4551 1291 4594 orta
1327 4541 1431 4598 die.

261 4649 620 4703 Consentium
681 4647 893 4704 Plinius
946 4659 998 4704 et
1053 4650 1367 4705 Columella.
1409 4651 1750 4708 Laterculum

184 4756 408 4810 quoque
467 4749 716 4794 nostrum
769 4741 1101 4796 adamussim
1165 4744 1434 4798 convenit.
1484 4744 1616 4798 Nam
1670 4747 1748 4798 Iu-

184 4833 312 4884 eida
341 4832 526 4885 caudae
559 4831 801 4900 Delphini
834 4833 1202 4902 acronychum
1230 4843 1478 4888 exortum
1511 4836 1582 4890 ibi
1621 4835 1750 4890 facit

184 4921 522 4990 Didymouos
553 4937 660 4975 xvu
698 4923 940 4989 prmcise,
965 4923 1055 4992 qui
1085 4932 1167 4977 est
1199 4941 1247 4976 tv
1282 4924 1405 4978 ldus
1427 4924 1634 4981 Junias.

261 5011 478 5082 Lyram,
523 5027 619 5068 seu
669 5011 939 5067 ﬁdiculam
1002 5013 1249 5067 occidere
1313 5030 1533 5083 vespere
1589 5016 1752 5070 Colu-

183 5105 352 5158 mella
391 5120 502 5158 xxu
536 5103 806 5166 Januarii,
843 5103 1072 5160 Ovidius
1098 5121 1230 5160 χχιιι
1258 5107 1630 5175 prodiderunt.
1659 5108 1752 5163 Est

183 5196 283 5250 hic
317 5196 555 5250 heliacus
585 5210 836 5259 occasus,
869 5211 976 5249 non
1002 5197 1364 5266 acronychus,
1393 5206 1447 5250 ut
1479 5212 1508 5250 ι
1530 5199 1752 5268 quibus-

184 5287 316 5340 dam
351 5294 587 5341 notatur.
629 5286 762 5340 Nam
805 5287 1046 5343 heliacus
1096 5305 1324 5345 occasus
1369 5288 1518 5360 Lyra:
1558 5290 1752 5346 accidit

187 5379 484 5450 Ilydronos
513 5397 587 5443 vr,
618 5378 860 5434 Januarii
894 5397 1064 5434 xxvu.

261 5472 508 5539 Aquilam
556 5489 608 5525 iv
654 5472 770 5526 Kal.
799 5472 1087 5527 Januarias
1132 5474 1380 5529 occidere
1411 5490 1630 5544 vespere
1656 5490 1750 5528 au-

180 5568 313 5610 ctor
360 5568 442 5613 est
491 5560 786 5614 Columella
826 5562 918 5616 lib.
973 5559 1041 5613 XI
1071 5601 1086 5621 ,
1133 5577 1252 5631 cap.
1295 5561 1358 5618 11.
1411 5561 1615 5616 Plinius
1655 5563 1746 5617 lib.

183 5649 378 5718 XVIII,
425 5667 545 5722 cap.
598 5652 785 5718 XXVI,
835 5655 996 5710 tertio
1054 5655 1322 5710 Kalendas
1374 5657 1426 5710 iu
1476 5658 1653 5710 Attica
1699 5665 1751 5713 et

184 5741 443 5798 Iinitimis
479 5744 631 5800 locis.
667 5745 740 5800 De
771 5762 966 5801 occasu
1019 5747 1224 5802 heliaco
1283 5749 1609 5817 loquuntur;
1658 5751 1748 5819 qui

1851 1908 2115 1976 optimum
2150 1906 2216 1960 ad
2259 1902 2651 1958 admittendum
2685 1903 2773 1973 (de
2820 1902 3013 1956 ovibus
3063 1897 3321 1968 loquitur)
3353 1898 3422 1950 ab

1849 1999 2065 2054 Arcturi
2096 2014 2292 2052 occasu
2325 1997 2392 2050 ad
2423 1997 2632 2065 Aquila:
2662 2009 2940 2049 occasum.
2981 2012 2998 2044 ι
3039 1990 3246 2044 Plinius
3284 2004 3421 2059 quo-

1850 2108 1955 2162 que
1979 2092 2074 2144 lib.
2113 2089 2245 2151 VIII,
2270 2105 2319 2144 c.
2347 2088 2531 2141 XLVII
2571 2108 2584 2142 :
2629 2108 2646 2138 ι
2687 2089 2875 2143 Coitus
2904 2085 3160 2140 omnibus
3210 2083 3279 2136 ab
3317 2083 3418 2162 Ar-

1852 2183 1992 2237 cturi
2024 2197 2244 2244 occasu,
2272 2181 2416 2250 quod
2444 2191 2528 2235 est
2557 2197 2604 2233 a.
2642 2181 2694 2234 d.
2726 2181 2948 2232 tertium
2979 2178 3105 2231 ldus
3134 2176 3320 2239 Maias,
3350 2174 3418 2227 ad

1849 2275 2057 2345 Aquilae
2091 2290 2366 2338 occasum,
2403 2274 2456 2326 id
2486 2281 2569 2327 est
2601 2289 2697 2326 xm
2743 2272 3012 2326 Kalendas
3055 2270 3346 2338 Augustas.
3393 2284 3412 2317 ι

1850 2363 1926 2419 Ita
1953 2366 2211 2435 legendus
2250 2365 2337 2418 hic
2388 2365 2564 2426 locus,
2611 2363 2704 2432 qui
2749 2363 2909 2431 vulgo
2945 2361 3269 2428 depravatus
3312 2365 3415 2410 est.

1849 2455 2163 2525 lntelligunt
2194 2454 2484 2524 utrobique
2517 2454 2817 2508 cosmicum
2861 2466 3114 2505 occasum
3162 2449 3274 2502 sive
3307 2463 3420 2499 ma-

1850 2547 2126 2609 tutinum;
2187 2559 2312 2598 nam
2371 2545 2642 2598 Arcturus
2704 2544 2755 2596 in
2817 2542 3169 2596 Geminorum
3226 2550 3420 2610 quarto

1849 2636 2022 2708 gradu
2056 2635 2349 2707 incipiebat
2388 2636 2658 2697 occidere,
2699 2634 2752 2689 id
2791 2645 2874 2689 est
2915 2634 3037 2688 Maii
3082 2650 3272 2696 xxvm,
3310 2633 3419 2686 Ro-

1851 2746 1983 2790 mae;
2018 2728 2362 2784 Alexandriae
2411 2742 2539 2781 vero
2590 2725 2876 2780 Tauronos
2915 2741 3035 2789 χιιι,
3079 2725 3130 2778 id
3180 2733 3263 2778 est
3296 2723 3419 2776 Maii

1849 2831 2001 2876 sexto
2029 2821 2258 2888 :Aquila
2297 2835 2450 2872 mane
2483 2819 2608 2872 item
2643 2817 2844 2892 occidit
2877 2816 3058 2869 [unum
3083 2815 3418 2869 Carcinonos

1852 2911 2099 2977 xxvu,id
2131 2919 2214 2966 est
2256 2928 2329 2964 xu
2375 2910 2645 2964 Kalendas
2692 2913 2986 2980 Augustas.
3041 2906 3153 2961 I‘loc
3203 2915 3418 2976 tempus

1852 3005 2168 3058 admissurze
2197 3003 2415 3056 unicum
2446 3002 2638 3056 ovibus
2669 3003 2830 3056 ambo
2859 3002 2934 3054 illi
2969 3001 3235 3055 tribuunt.
3269 2999 3421 3054 Post-

1852 3109 1914 3147 ea
1948 3093 2196 3162 concepti
2236 3092 2358 3161 agni
2408 3092 2631 3145 invalidi
2683 3100 2830 3154 sunt,
2865 3093 2940 3145 ait
2979 3091 3188 3147 Plinius
3225 3110 3238 3146 :
3279 3106 3418 3161 quos

1863 3204 1880 3235 ‹
1929 3185 2124 3239 cordus
2163 3204 2180 3236 ι
2211 3183 2416 3252 antiqui
2455 3184 2740 3238 vocabant.
2770 3181 2969 3237 Verum
3010 3184 3236 3237 alterum
3281 3196 3419 3250 pra:-

1857 3287 2002 3334 tcrea
2061 3287 2273 3348 tempus
2329 3277 2518 3340 fuisse,
2562 3284 2616 3331 et
2664 3277 2882 3347 quidem
2931 3276 3313 3329 nonnullorum
3351 3291 3418 3328 ex

1854 3371 2109 3440 opinione
2140 3369 2501 3432 commodius,
2530 3369 2670 3423 idem
2701 3383 2823 3422 mox
2857 3367 3070 3421 Plinius
3104 3366 3304 3420 indicat
3333 3365 3417 3421 his

1853 3465 2074 3520 verbis:
2113 3483 2130 3514 ι
2169 3462 2322 3517 Multi
2352 3463 2612 3518 hibernos
2652 3476 2820 3531 agnos
2869 3459 3163 3530 praeferunt
3192 3458 3413 3514 vernis:

1853 3557 2110 3627 quoniam
2141 3555 2313 3625 magis
2345 3553 2560 3608 intersit
2589 3562 2713 3606 ante
2756 3552 3070 3610 solstitium,
3098 3565 3259 3620 quam
3296 3559 3419 3604 ante

1854 3651 2124 3713 brumam,
2158 3646 2339 3700 ﬁrmos
2362 3661 2482 3700 esse
2511 3664 2524 3698 :
2559 3644 2845 3713 solumque
2889 3643 2992 3697 hoc
3037 3641 3238 3696 animal
3272 3641 3420 3694 utili-

1852 3748 1935 3793 ter
1963 3737 2352 3807 brumanasci.
2391 3755 2409 3787 ι
2446 3734 2708 3806 Virgilius
2755 3733 2799 3786 Il
2837 3731 3022 3802 Georg.
3051 3733 3193 3788 inter
3234 3731 3419 3786 Iaudes

1854 3829 2016 3884 Italia:
2045 3845 2162 3884 cam
2193 3836 2460 3892 recenset,
2488 3826 2635 3897 quod
2664 3827 2759 3892 ibi,
3322 3835 3328 3843 '

1923 3945 2015 3998 Bis
2045 3942 2274 4014 gravida:
2303 3941 2543 4008 pecudes.

1853 4059 1969 4125 Quo
1999 4057 2220 4112 Servius
2248 4055 2518 4126 pertinere
2544 4052 2676 4107 illud
2712 4050 2901 4106 Bucol.
2932 4049 2975 4104 11
2999 4056 3158 4120 putat
3191 4067 3204 4104 :

1924 4172 2029 4225 Lac
2061 4170 2188 4224 mihi
2221 4185 2322 4222 non
2349 4177 2531 4222 testate
2564 4183 2772 4226 novum.
2821 4181 2923 4218 non
2955 4163 3148 4233 frigore
3177 4162 3322 4232 deﬁt.

1923 4286 2282 4352 Quamobrem
2323 4284 2552 4339 feturam
2601 4281 2760 4335 aliam
2798 4280 3040 4335 aestivam
3064 4321 3078 4344 ,
3117 4278 3278 4330 aliam
3333 4276 3417 4330 hi-

1855 4381 2076 4435 bernam
2117 4379 2284 4435 fuisse
2310 4376 2622 4446 conjectura
2651 4380 2755 4436 est,
2798 4388 2903 4427 non
2937 4371 2990 4426 in
3025 4370 3173 4423 Italia
3204 4369 3414 4432 solum,

1792 4472 1836 4526 D
1862 4472 1955 4526 sed
1989 4471 2151 4525 etiam
2187 4470 2243 4524 in
2273 4467 2513 4530 Oriente,
2550 4474 2610 4520 ut
2656 4467 2708 4520 in
2746 4465 2902 4536 Syria
2931 4472 2985 4518 et
3011 4460 3414 4531 Mesopotamia.

1857 4564 2130 4618 Geneseos
2169 4578 2291 4632 cap.
2323 4560 2492 4622 XXX,
2516 4560 2578 4613 41
2613 4568 2664 4614 et
2694 4559 2783 4620 42,
2833 4557 3028 4625 duplex
3074 4555 3187 4608 haec
3215 4551 3417 4606 admis-

1857 4671 1982 4708 sura
2019 4653 2390 4725 signiﬁcatur:
2419 4667 2647 4722 quarum
2690 4664 2795 4703 una
2852 4647 3194 4716 tempestiva,
3246 4643 3417 4697 altera

1858 4747 2099 4801 serotina
2131 4745 2352 4799 dicitur.
2383 4743 2568 4813 Itaque
2595 4739 2761 4794 Jacob
2791 4739 2845 4792 in
2869 4738 3162 4792 maturiore
3197 4746 3250 4790 et
3287 4744 3417 4789 tem-

1857 4839 2066 4907 pestiva
2098 4835 2462 4892 decorticatas
2490 4850 2555 4888 ex
2586 4840 2739 4902 parte
2779 4832 2959 4901 virgas
2983 4829 3145 4884 alveis
3171 4828 3416 4897 impone-

1856 4929 1968 4991 bat,
1996 4935 2057 4980 ut
2089 4927 2249 4981 variae
2291 4941 2354 4979 ac
2403 4924 2690 4978 maculosae
2735 4915 2968 4992 pecudes
3019 4926 3410 4982 nascerentur,

1856 5037 1977 5091 quae
2004 5019 2056 5073 in
2088 5018 2393 5072 mercedem
2430 5015 2533 5072 sibi
2566 5023 2876 5081 cesserant;
2923 5013 3064 5084 quod
3103 5012 3283 5084 priore
3322 5010 3413 5064 illa

1860 5113 2031 5166 fetura
2057 5109 2353 5164 valentiora
2401 5117 2455 5163 et
2492 5109 2800 5162 robustiora
2825 5121 3021 5177 pecora
3049 5105 3411 5176 gignerentur.

1860 5203 1913 5256 In
1960 5204 2194 5257 serotina
2237 5200 2418 5270 virgas
2445 5215 2552 5253 non
2585 5199 2840 5268 ponebat,
2875 5207 2933 5252 ut
2961 5214 3027 5253 ex
3052 5211 3116 5252 ea
3154 5205 3294 5250 naue
3324 5209 3414 5264 pe—

1857 5294 2044 5356 cudes,
2093 5308 2212 5361 qua:
2263 5291 2644 5346 imbecilliores
2687 5297 2880 5349 erant,
2919 5287 3156 5342 Labanis
3205 5295 3410 5342 essent.

1858 5387 2026 5450 Quem
2084 5385 2149 5438 ad
2209 5385 2386 5436 locum
2433 5380 2792 5453 Hieronymus
2834 5381 2889 5434 in
2944 5379 3149 5433 Tradit.
3197 5386 3250 5432 et
3302 5376 3413 5428 Au-

1856 5477 2109 5544 gustinus
2141 5475 2340 5540 Quaest.
2374 5489 2472 5526 xcv
2499 5473 2551 5526 in
2582 5471 2708 5527 Gen.
2729 5473 2811 5527 bis
2839 5472 2892 5525 in
2918 5467 3321 5540 Mesopotamia,
3355 5475 3412 5520 ut

1857 5577 1906 5620 et
1940 5567 1990 5620 in
2028 5566 2196 5627 Italia,
2225 5563 2478 5634 gravidas
2519 5577 2636 5618 esse
2680 5562 2909 5631 pecudes
2955 5566 3226 5615 asserunt.
3255 5575 3274 5606 ι
3308 5555 3413 5608 Na-

1857 5668 1977 5710 tura
2008 5666 2182 5710 autem
2229 5654 2530 5708 Italicarum
2571 5653 2773 5713 ovium,
2803 5660 2857 5706 et
2884 5648 3279 5720 MeSOpotamia:
3305 5663 3408 5700 una

1861 5768 1980 5806 esse
2043 5749 2294 5813 traditur,
2334 5767 2350 5798 ι
2391 5750 2463 5800 ait
2517 5745 2891 5814 Hieronymus.
2947 5742 3050 5797 Sed
3103 5743 3152 5796 in
3210 5739 3408 5796 consti-
