4036 6218
601 325 740 384 1375

1573 322 1662 376 AD
1700 319 1965 376 EUSEBII
1999 316 2381 375 CHRONICON
2423 312 2779 372 APPENDEX.

3665 303 3835 372 ,1576

599 439 800 497 tuenda
851 439 1172 496 admissura:
1219 436 1502 506 utriusque
1568 443 1890 506 tempestate
1951 435 2159 488 variant
2192 437 2234 494 Α
2261 446 2438 484 annus
2461 437 2547 484 est
2577 427 2712 482 dies.
2753 421 2926 493 Cujus
2963 421 3106 478 veris
3148 420 3322 474 instar
3357 424 3439 473 est
3465 432 3648 479 mane,
3676 419 3829 486 quod

602 540 870 587 auctores.
901 530 1034 584 Nam
1075 530 1164 584 alii
1197 529 1572 605 tempestivam
1615 543 1735 582 esse
1784 534 1972 598 putant
2015 541 2154 589 eam,

601 640 722 693 qua:
767 637 891 677 vere
942 623 998 676 ﬁt
1040 642 1052 676 :
1093 621 1422 684 serotinam,
1464 620 1854 675 autumnalem.
1894 621 1971 672 lta
2011 620 2158 674 Aben

602 715 761 780 Ezra,
799 715 997 783 aliique
1033 730 1098 768 ex
1127 712 1386 776 l‘lebrmis,
1418 727 1554 780 quos
1583 711 1912 770 Munsterus,
1943 710 2158 779 Fagius,

603 804 874 858 Mercerus
922 813 1244 872 sequuntur,
1298 819 1362 857 ex
1397 803 1598 857 nostris
1640 801 1918 856 Perrerius
1960 811 2012 856 et
2044 801 2163 856 Del-

601 897 736 950 rius.
793 895 897 948 Alii
950 902 1141 949 contra
1200 902 1576 963 tempestivam
1639 893 1996 948 admissuram
2071 907 2165 944 au-

601 999 811 1050 tumno,
841 987 1135 1042 serotinam
1168 1001 1292 1040 vere
1329 985 1526 1039 factam
1565 986 1916 1040 arbitrantur.
1953 983 2028 1037 Ita
2060 982 2168 1037 Va-

603 1081 802 1135 tablus.
828 1079 937 1133 Nec
980 1080 1138 1140 aliter
1164 1087 1387 1134 sanctus
1441 1078 1798 1148 Hieronymus
1845 1077 1899 1130 in
1937 1076 2164 1141 Tradit.,

603 1173 649 1229 si
695 1173 814 1242 ejus
860 1171 1020 1226 verba
1059 1172 1344 1242 diligenter
1394 1171 1724 1226 attendimus
1758 1190 1769 1224 :
1806 1189 1824 1220 ι
1861 1170 1918 1223 Si
1953 1169 2169 1239 quando

603 1281 732 1319 oves
762 1272 814 1318 et
840 1280 1016 1334 caprae
1063 1265 1240 1334 primo
1274 1271 1516 1335 tempore
1561 1261 2017 1326 ascendebantur,
2045 1260 2171 1330 quia

604 1358 796 1412 melior
819 1373 1021 1412 vernus
1055 1365 1137 1412 est
1172 1355 1336 1419 fetus,
1372 1363 1498 1412 ante
1533 1356 1680 1425 ipsas
1713 1355 1945 1424 ponebat
1972 1353 2170 1422 virgas,

604 1449 835 1503 utvaria
871 1449 1085 1503 soboles
1119 1458 1451 1503 nasceretur.
1491 1467 1508 1498 ι
1540 1447 1753 1502 Vernus
1790 1446 1930 1500 fetus
1966 1453 2048 1500 est
2082 1446 2176 1514 qui

605 1557 731 1596 vere
776 1543 1044 1595 nascitur.
1084 1541 1239 1595 llunc
1292 1557 1422 1611 ergo
1472 1540 1647 1594 hieme
1695 1540 1932 1604 ineunte,
1960 1539 2043 1592 vel
2081 1554 2178 1591 au-

606 1643 793 1689 tumno
820 1633 1100 1688 desinente
1131 1634 1275 1702 gigni
1317 1632 1578 1702 oportuit.
1615 1630 1755 1685 Oves
1783 1631 1924 1684 enim
1956 1638 2167 1683 uterum

607 1723 790 1778 ferunt
837 1723 1114 1780 mensibus
1153 1723 1410 1791 quinque,
1443 1725 1528 1773 vel
1563 1721 1754 1775 diebus
1791 1735 1896 1786 CL;
1941 1727 2000 1773 ut
2043 1719 2168 1772 Ari-

2257 529 2371 575 tum
2421 536 2513 575 aer
2562 523 2892 586 temperatus
2943 514 3051 578 sit;
3107 509 3366 565 meridies
3401 510 3606 564 aestatis
3660 510 3837 562 instar

2259 618 2379 676 est;
2428 617 2688 663 autumno
2737 603 3163 674 pomeridiauum
3220 608 3432 670 tempus
3483 599 3664 652 simile
3713 609 3833 667 est;

2261 701 2454 756 hiemis
2484 700 2654 753 instar
2685 696 2862 751 tristis
2890 701 2972 749 est
3017 707 3261 762 vespera,
3294 706 3346 746 e4.
3384 691 3529 766 quod
3569 691 3836 760 deinceps

2265 793 2535 862 sequitur.
2585 811 2603 844 ι

2335 883 2458 936 llmc
2487 888 2707 951 propter
2749 890 3004 932 occasum
3048 873 3265 927 Arcturi
3324 881 3378 927 et
3412 871 3624 941 Aquilae
3675 874 3835 941 paulo

2267 981 2396 1030 sunt
2422 966 2698 1043 disputata
2739 967 2934 1022 fusius.
2967 965 3042 1018 Ac
3073 964 3139 1018 de
3171 963 3408 1017 methodi
3439 979 3542 1016 usu
3573 970 3631 1016 et
3653 978 3835 1016 exem-

2266 1067 2371 1137 plis
2405 1066 2706 1119 hactenus:
2751 1073 2981 1129 quorum
3022 1055 3273 1110 tractatio
3310 1069 3432 1107 cum
3475 1054 3543 1108 ad
3575 1053 3836 1108 imitatio-

2269 1174 2393 1213 nem
2437 1155 2712 1226 proposita
2746 1150 3017 1206 tironibus
3065 1162 3185 1202 esse
3215 1145 3419 1207 debuit,
3453 1153 3566 1198 tum
3607 1160 3836 1212 sequen-

2269 1251 2416 1307 tibus
2443 1249 2497 1304 in
2532 1247 2705 1311 libris,
2736 1259 2800 1299 ac
2830 1238 3294 1312 disputationibus
3327 1236 3481 1290 utilis
3518 1246 3601 1290 est
3635 1235 3836 1292 futura.

2877 1353 3102 1412 CAPUT
3143 1351 3229 1407 IX.

2281 1473 2349 1527 De
2392 1482 2510 1526 ortu
2547 1480 2594 1525 et
2637 1483 2822 1530 occasu
2863 1466 3207 1538 Vergiliarum
3260 1462 3839 1538 cmplicanturuedqnee

2347 1543 2410 1595 ab
2443 1541 2669 1610 antiquis
2699 1530 2980 1610 memerita:
2995 1544 3112 1610 sunt
3154 1535 3382 1600 prodita.
3432 1530 3650 1610 Virgilii
3676 1531 3741 1610 de
3780 1533 3838 1582 iis

2347 1613 2487 1665 locus
2519 1603 2916 1664 inextricabilis.
2937 1604 3176 1674 Plerique
3202 1611 3436 1655 auctores
3462 1603 3722 1668 explicati
3754 1610 3839 1652 aut

2349 1682 2610 1751 castigati.

608 1815 827 1871 stoteles
872 1822 1060 1868 auctor
1098 1822 1181 1870 ost
1225 1815 1316 1868 lib.
1340 1813 1408 1866 Vl
1456 1813 1598 1867 Hist.
1635 1814 1822 1876 anim.,
1861 1781 1913 1867 et
1957 1811 2165 1866 Plinius

2337 1793 2615 1862 Praecipua
2656 1789 2796 1860 apud
2853 1789 3105 1857 antiquos
3153 1782 3462 1839 observatio
3509 1782 3616 1836 fuit
3662 1781 3844 1852 Vergi-

607 1906 728 1959 loco
757 1905 850 1958 cit.

678 1992 747 2048 Ut
777 1993 900 2047 huic
929 1993 1218 2064 posteriori
1251 1991 1532 2047 sententia:
1561 1991 1767 2046 faveam
1798 1991 1976 2061 potius
2006 2006 2166 2064 quam

608 2084 783 2150 alteri,
815 2083 943 2139 facit
982 2084 1112 2138 illud
1145 2084 1442 2153 imprimis,
1483 2084 1624 2152 quod
1661 2103 1677 2133 ι
1713 2083 2024 2152 temporarii
2064 2102 2082 2134 ι
2118 2090 2171 2138 et

613 2195 632 2228 ι
675 2177 896 2230 serotini
935 2195 952 2227 ι
987 2176 1246 2230 vocabula
1295 2177 1428 2228 alias
1479 2176 1533 2228 in
1562 2175 1733 2228 sacris
1775 2175 1969 2229 litteris
2009 2191 2170 2228 usur-

608 2275 805 2336 pentur
855 2267 920 2320 ad
972 2282 1094 2321 eum
1149 2265 1390 2328 modum,
1437 2280 1600 2334 quem
1655 2265 1743 2317 illa
1799 2264 2054 2319 defendit.
2105 2263 2172 2318 Ut

609 2372 733 2410 cum
769 2357 942 2410 imber
972 2356 1334 2425 temporarias
1359 2363 1412 2410 et
1443 2355 1719 2410 serotinus
1753 2355 1950 2409 dicitur
1980 2355 2173 2410 Dente—

609 2463 730 2503 ron.
764 2463 841 2513 ιι,
868 2448 954 2511 14,
998 2447 1164 2502 Hebr.
1423 2455 1565 2510 rm»,
1595 2446 1746 2509 ὑετὸς
1783 2445 2044 2516 πρώῖμος,
2083 2446 2173 2498 καὶ

607 2540 815 2610 ὖῷιμος.
841 2538 1008 2606 Quem
1039 2539 1104 2592 ad
1141 2539 1316 2593 locum
1363 2537 1428 2592 Β.
1481 2536 1730 2592 Selomoln
1763 2547 1881 2597 mu
1911 2540 2173 2607 interpre-

607 2636 758 2682 tatur
783 2627 850 2682 de
875 2627 1076 2696 pluvia,
1113 2642 1232 2697 qua:
1263 2635 1382 2695 post
1419 2634 1716 2682 sementem
1745 2626 1942 2680 cadens
1973 2634 2171 2679 terram

607 2728 661 2773 et
693 2727 845 2775 satus
876 2718 1083 2789 irrigat,
1109 2700 1308 2802 ωπρίπδ
1333 2733 1460 2771 vero
1485 2716 1552 2770 de
1581 2731 1642 2770 ea
1669 2731 1786 2786 qua:
1814 2714 1915 2770 sub
1943 2730 2172 2769 messem

607 2810 774 2864 venit.
830 2807 929 2864 Cui
977 2815 1030 2864 et
1075 2809 1225 2862 Aben
1261 2807 1396 2861 Ezra
1429 2808 1720 2868 consentit,
1756 2820 1967 2860 necnon
2005 2804 2173 2858 David

607 2901 856 2957 Kimhius
916 2900 972 2953 in
1015 2915 1130 2967 cap.
1164 2897 1226 2951 II
1258 2897 1419 2964 loel.,
1474 2913 1614 2951 cam.
1663 2899 1751 2961 24,
1803 2897 1891 2951 ubi
1949 2905 2174 2966 utraque

607 2992 792 3061 pluvia
851 2997 1204 3055 memoratur,
1256 3003 1320 3042 ac
1372 2989 1748 3058 tempestivam
1799 2989 1873 3041 ait
1925 2987 2172 3043 Kimhius

610 3099 796 3139 mense
825 3083 1187 3136 Marcheswan
1217 3080 1462 3137 accidere
1483 3121 1499 3145 ,
1562 3082 1852 3135 serotinam
1889 3082 1943 3135 in
1982 3079 2167 3135 Nisan.

608 3175 896 3229 (Ihaldams
932 3172 1127 3226 ibidem
1159 3172 1450 3227 serotinam
1478 3171 1686 3225 confert
1720 3172 1775 3224 in
1809 3171 1996 3226 Nisan.

657 3263 820 3334 Origo
836 3263 1210 3334 appellationis
1225 3261 1508 3331 utriusque
1525 3261 1741 3330 duplex,
1759 3269 1814 3315 ut
1829 3263 2040 3331 opinor,
2057 3261 2172 3317 fuit.

610 3354 792 3409 Prima
817 3365 872 3409 et
909 3353 1288 3423 antiquissima
1316 3367 1382 3406 ex
1413 3351 1529 3421 ipsa
1549 3367 1727 3404 rerum
1769 3360 1982 3416 natura,
2005 3361 2059 3407 et
2083 3369 2176 3406 ru-

612 3447 874 3502 sticorum
899 3459 1122 3514 operum
1168 3459 1267 3498 usu
1294 3450 1345 3497 et
1368 3442 1747 3498 commoditate
1765 3445 2018 3499 manavit.
2042 3443 2175 3498 Nam

606 3551 675 3592 ea
713 3537 1028 3606 tempestiva
1069 3535 1175 3589 diei
1235 3535 1478 3598 solent,'
1517 3550 1635 3604 quae
1678 3542 1906 3600 mature,
1968 3541 2022 3589 et
2077 3537 2177 3590 sub

613 3631 788 3700 ipsum
824 3630 1037 3684 initium
1074 3627 1366 3694 accidunt;
1419 3627 1681 3690 serotina,
1709 3641 1828 3696 qua:
1858 3626 2084 3690 tardius,
2125 3633 2178 3680 et

613 3722 716 3778 sub
741 3723 963 3776 exitum.
1015 3719 1190 3788 Opera
1247 3717 1424 3773 omnis
1475 3717 1680 3771 rustica
1726 3717 1794 3771 ab
1839 3718 2081 3771 aratione
2125 3724 2178 3770 et

614 3824 855 3873 semente
889 3814 1101 3884 incipit,
1136 3821 1190 3866 et
1221 3812 1276 3865 in
1306 3827 1538 3866 messem
1568 3810 1792 3865 desinit.
1840 3810 1969 3876 Qua:
2014 3811 2179 3880 igitur

610 3907 792 3978 pluvia
842 3907 944 3960 sub
1000 3906 1176 3974 ipsum
1228 3903 1490 3957 arationis
1542 3918 1606 3956 ac
1656 3903 1913 3958 sementis
1968 3911 2177 3971 tempus

613 3999 798 4062 afﬂuit,
823 4013 886 4053 ea
918 3998 1240 4066 tempestiva
1269 4004 1324 4050 et
1359 4005 1569 4049 matura
1603 3994 1711 4047 dici
1745 4002 1984 4048 meretur
2019 4014 2029 4048 :
2060 4010 2178 4065 quae

611 4091 771 4160 paulo
802 4098 925 4144 ante
955 4103 1208 4151 messem,
1243 4086 1394 4141 tarda
1420 4094 1472 4141 et
1505 4086 1762 4148 serotina.
1801 4086 1979 4143 Altera
2015 4101 2178 4141 causa

612 4182 680 4236 ab
715 4179 844 4236 anni
886 4181 1062 4235 civilis
1109 4178 1335 4234 exordio
1391 4179 1593 4248 petitur
1640 4197 1652 4232 :
1689 4194 1847 4249 quem
1896 4177 2065 4232 Judaei
2110 4178 2178 4232 ab

615 4281 876 4328 autumno
900 4281 953 4327 et
983 4272 1126 4326 Tisri
1155 4271 1599 4340 auspicabantur.
1637 4271 1822 4341 Itaque
1862 4271 2177 4340 tempestiva

612 4371 762 4419 recte
783 4363 1140 4421 vocabantur,
1165 4377 1285 4430 qua:
1308 4361 1530 4414 ineunte
1554 4377 1695 4414 anno
1719 4379 1733 4427 ;
1771 4361 2028 4422 serotina,
2061 4377 2178 4430 qua:

2277 1887 2493 1948 liarum,
2549 1899 2683 1954 quas
2729 1880 2900 1935 Gra'ci
2962 1877 3219 1939 Πλεῖάδας
3270 1877 3566 1931 dixerunt:
3605 1874 3744 1929 adeo
3789 1883 3844 1926 ut

2278 1978 2345 2031 ab
2373 1977 2479 2030 illis
2508 1972 2704 2028 πλειὼν
2733 1981 2960 2027 vocatus
2987 1970 3057 2022 sit
3089 1983 3282 2027 annus,
3309 1973 3368 2020 ut
3400 1965 3571 2020 refert
3613 1965 3764 2018 Theo
3787 1965 3836 2018 in

2277 2065 2568 2120 Comment.
2616 2062 2683 2116 ad
2722 2063 2963 2115 Aratum.
3012 2058 3331 2129 Lyc0phron
3381 2065 3535 2112 certe
3581 2055 3840 2118 τιλεὼνος

2271 2157 2594 2212 vocabulum
2628 2169 2726 2224 pro
2763 2169 2906 2207 anno
2939 2151 3125 2213 sumit,
3162 2150 3247 2204 his
3279 2149 3500 2204 verbis:

2336 2269 2436 2333 Εἰς
2468 2265 2644 2319 πέντε
2675 2281 2790 2318 που
2829 2261 3124 2327 πλειῶνας
3153 2262 3388 2330 ἱμείρων
3412 2256 3654 2330 λέχους.

2342 2377 2576 2448 Quinque
2607 2375 2811 2431 circiter
2839 2390 3003 2427 annos
3039 2372 3157 2426 lecti
3190 2371 3415 2440 cupidus.

2273 2489 2424 2557 Quod
2469 2497 2522 2544 ct
2556 2487 2858 2559 Hesychius
2892 2485 3070 2548 habet,
3117 2485 3219 2539 etsi
3265 2485 3472 2538 alteram
3523 2480 3696 2550 huius
3741 2497 3844 2551 ap-

2273 2578 2580 2650 pellationis
2605 2591 2823 2632 causam
2856 2573 3008 2630 aﬂert
3047 2594 3059 2629 :
3096 2573 3228 2626 Ἀπὸ
3256 2572 3345 2625 τοῦ
3376 2573 3571 2634 πάντας
3597 2572 3702 2640 τῆς
3733 2572 3846 2641 γῆς

2274 2673 2397 2735 τοὺς
2432 2671 2675 2741 καρποὺς
2708 2666 3155 2739 συμπληροῦσθαι
3183 2687 3196 2721 :
3237 2685 3254 2717 ι
3285 2665 3429 2736 quod
3473 2664 3688 2718 fructus
3725 2680 3845 2718 om-

2273 2778 2370 2817 nes
2399 2769 2554 2815 terrae
2591 2760 2738 2830 pleni
2767 2774 2832 2812 co
2885 2766 3130 2812 vertente
3167 2755 3506 2825 proveniant.
3545 2774 3566 2805 ι
3597 2753 3690 2810 Ea:
3730 2755 3844 2808 sita:

2274 2858 2400 2906 sunt
2429 2849 2482 2903 in
2521 2857 2671 2917 tergo
2696 2846 2883 2910 Tauri,
2918 2861 3146 2902 numero
3174 2860 3288 2907 sex,
3319 2844 3410 2896 ait.
3431 2841 3715 2897 Geminus.
3743 2841 3842 2913 Hy-

2279 2943 2443 3011 ginus
2478 2960 2497 2992 ι
2533 2940 2675 2994 inter
2705 2938 3003 2993 finitionem
3047 2953 3128 2992 cor
3143 2937 3290 3006 poris
3323 2933 3488 2988 Tauri
3539 2943 3594 2990 et
3624 2935 3838 2990 caudam

2273 3033 2471 3088 Arietis
2511 3051 2530 3083 ι
2567 3031 2786 3086 easdem
2842 3031 3024 3096 locat;
3097 3027 3296 3081 Aratus
3344 3039 3513 3098 prope
3571 3026 3838 3082 sinistram

2199 3136 2240 3192 α
2274 3123 2580 3193 ἐπιγουνίδα
2620 3120 2837 3185 Persei,
2883 3134 3047 3190 quam
3087 3133 3273 3173 vocem
3315 3133 3466 3172 varie
3526 3117 3842 3187 interpretes

2277 3221 2626 3283 acceperunt.

2353 3326 2522 3390 Ἀγχι
2547 3319 2612 3390 δέ
2634 3322 2686 3373 οὶ
2715 3318 2935 3390 σκαιῆς
2955 3317 3329 3386 ἐπιγουνίδος
3350 3317 3532 3386 ἤλιθα
3557 3313 3748 3375 πᾶσαι

2347 3389 2644 3462 Πλίηῒάδες
2683 3389 3018 3460 φορέονταιε

2278 3506 2469 3562 Cicero
2501 3525 2516 3560 ε

2346 3621 2414 3674 At
2444 3627 2650 3687 propter
2673 3616 2856 3670 (meum
2891 3631 3022 3687 genu
3053 3614 3197 3687 omni
3223 3627 3286 3666 ea;
3324 3613 3697 3687 partr_locatas

2350 3682 2548 3744 Parva'
2576 3687 2825 3757 Vergilias
2858 3682 2996 3739 tenui
3033 3701 3150 3738 cum
3182 3684 3292 3736 luce
3331 3682 3550 3736 videbis.

2278 3780 2515 3836 Avienus
2546 3797 2558 3832 :

2350 3891 2594 3947 Pleiades
2629 3888 2840 3959 femoris
2870 3888 3067 3957 pariter
3097 3884 3190 3939 sub
3231 3885 3335 3954 [ine
3367 3884 3571 3937 sinistri

2349 3963 2574 4016 Perseus
2608 3959 2868 4030 protollit.

2348 4074 2689 4146 Hipparchus
2727 4073 2821 4125 lib.
2862 4069 2993 4132 lEt;
3018 4069 3087 4121 τὰ
3121 4069 3420 4137 φαινόμενα
3453 4073 3618 4135 negat
3643 4065 3841 4119 vicinas

2279 4183 2399 4221 esse
2425 4182 2567 4236 genu
2592 4164 2817 4219 sinistro
2848 4161 3048 4214 Persei.
3079 4160 3265 4229 Itaque
3295 4158 3604 4225 ἐπιγουνίδα
3630 4156 3838 4225 quidam

2281 4257 2346 4310 ad
2369 4273 2497 4312 crus
2538 4257 2808 4325 integrum
2839 4254 3163 4308 retulerunt.
3207 4251 3342 4307 Vide
3374 4251 3673 4306 Theonem.
3701 4250 3840 4302 Idem

2279 4343 2618 4418 Hipparchus
2647 4348 2886 4400 Attalum
2919 4344 3288 4416 reprehendit,
3313 4343 3458 4412 quod
3484 4359 3578 4398 sex
3606 4357 3728 4397 esse
3759 4354 3838 4393 so-

613 4451 912 4506 inclinante
943 4450 1161 4506 fiebant.
1208 4448 1331 4502 llzec
1363 4449 1411 4502 si
1440 4464 1566 4503 vera
1609 4456 1756 4512 sunt,
1796 4447 2037 4518 profecto
2070 4467 2176 4504 non
2210 4466 2252 4521 ι)
2280 4437 2360 4491 135
2391 4437 2608 4498 dixerit,
2639 4451 2762 4491 cum
2798 4437 2908 4491 εῖηῐ
2954 4448 3184 4489 "umero
3214 4441 3441 4502 εθριθηιν
3475 4442 3535 4486 Ut
3572 4441 3626 4486 ει
3651 4431 3842 4484 Malus

613 4541 722 4596 alio
755 4557 918 4596 sensu
954 4541 1274 4610 tempestiva
1304 4549 1357 4595 et
1398 4541 1639 4593 serotina
1675 4540 1852 4593 fetura
1882 4541 1950 4596 ab
1985 4540 2176 4597 iisdem

609 4633 811 4690 Judaais
845 4641 1105 4702 usurpata
1130 4633 1363 4697 videtur,
1400 4649 1560 4704 quam
1591 4632 1700 4703 quo
1729 4634 1963 4703 pluviam
2003 4635 2181 4703 appel»

615 4727 779 4782 latam
838 4741 901 4780 ac
947 4726 1260 4780 distinctam
1313 4727 1456 4782 inter
1508 4741 1698 4781 omnes
1743 4725 2013 4780 convenit.
2055 4723 2176 4778 Ideo

615 4820 986 4890 tempestivam
1020 4819 1382 4874 admissuram
1414 4818 1783 4872 autumnalem
1811 4856 1825 4880 ,
1858 4816 2174 4878 ser0tinam,

612 4930 837 4971 vernam
864 4923 957 4970 aut
989 4916 1228 4971 aestivam
1260 4914 1484 4984 intelligi
1517 4928 1615 4984 par
1636 4922 1738 4969 est.

681 5007 830 5062 Alias
859 5016 1055 5078 autem,
1098 5022 1160 5061 ac
1190 5016 1411 5077 propter
1442 5006 1641 5060 diversi
1676 5005 1894 5076 generis
1921 5015 2180 5074 opportu-

614 5099 815 5155 nitates
847 5099 1252 5168 tempestivum,
1278 5098 1391 5153 sive
1417 5096 1661 5168 πρώῖμον
1711 5096 1764 5149 id
1805 5094 1912 5148 dici
1942 5099 2174 5164 poterat,

614 5189 759 5260 "quod
814 5205 940 5246 vere
987 5191 1226 5258 accidit;
1283 5191 1618 5254 serotinum,
1681 5188 1822 5258 quod
1884 5185 2178 5240 inclinante

613 5279 725 5354 iam
756 5297 918 5348 anno,
940 5284 1203 5354 siquidem
1234 5291 1293 5338 ut
1321 5285 1388 5338 ad
1411 5283 1505 5338 lib.
1537 5281 1578 5335 ll
1610 5281 1801 5352 Odyss.
1833 5279 1934 5335 sub
1967 5277 2176 5331 initium

617 5377 869 5432 observat
897 5375 1466 5447 Eustathiusthxpog
1496 5393 1578 5438 τις
1609 5373 1848 5436 ἐνιαυτὸς
1875 5371 2082 5442 ἡμέρα·
2111 5363 2179 5439 ἦς

620 5462 708 5522 οἷα
752 5468 848 5538 μὲν
889 5467 1047 5539 ἔαρὴ
1091 5469 1271 5538 πρωῒα
1303 5467 1392 5521 διὰ
1439 5467 1500 5522 τὺ
1539 5463 1837 5537 τηνικαῦτα
1883 5461 2174 5531 εὔκρατον

624 5558 776 5630 θέρος
802 5560 858 5612 δὲ
882 5555 992 5614 οἷον
1017 5561 1079 5613 τὸ
1108 5561 1205 5630 τῆς
1229 5561 1443 5631 ἡμέρας
1475 5559 1635 5630 μέσον
1654 5575 1668 5590 ο
1697 5553 2017 5626 φθινοπώρῳ
2040 5551 2094 5604 δὲ
2114 5549 2181 5603 τὰ

622 5651 751 5722 περὶ
785 5651 959 5723 δείλην
1001 5652 1171 5704 ἔοικε·
1219 5651 1482 5721 χειμῶνος
1511 5651 1566 5703 δὲ
1609 5650 1762 5720 δίκην
1806 5641 2179 5715 σκυθρωπάξει

623 5748 692 5829 ge
719 5749 852 5822 πρὸς
893 5749 1146 5821 ἑσπέραν,
1199 5749 1291 5817 καὶ
1345 5748 1678 5824 ἐπέκεινα-ι
1716 5744 1923 5813 Parvus
1961 5732 2186 5812 quidam,

2280 4526 2502 4591 cecinit;
2555 4526 2648 4580 sed
2685 4540 2846 4578 unam
2903 4525 3125 4579 minime
3174 4537 3451 4593 apparere.
3496 4519 3658 4574 Addit
3703 4517 3844 4572 Theo

2277 4619 2606 4688 triangulum
2636 4617 2759 4672 illas
2789 4615 2986 4678 facere,
3012 4616 3169 4685 cujus
3192 4614 3339 4669 basis
3373 4613 3439 4666 ad
3471 4621 3652 4666 ortum
3680 4614 3846 4681 respi~

2278 4712 2385 4775 cit;
2413 4725 2585 4778 neque
2623 4724 2820 4778 magno
2857 4709 3032 4776 spatio
3072 4706 3337 4760 contineri
3366 4725 3377 4758 :
3416 4706 3616 4774 quippe
3651 4705 3704 4757 in
3735 4705 3846 4757 lon-

2278 4798 2573 4868 gitudinem
2607 4813 2771 4850 unum
2805 4795 3054 4865 gradum,
3089 4793 3512 4849 inlatitudinem
3535 4796 3730 4863 ἥμισυ,
3758 4794 3847 4845 καὶ

2277 4891 2479 4959 ὄγδοον,
2505 4903 2788 4956 occupare,
2815 4887 2914 4940 hoc
2939 4894 3022 4940 est
3055 4885 3420 4954 sexagesimas
3461 4883 3544 4936 δῖ’
3579 4881 3706 4952 1/2.
3731 4881 3836 4934 Ha-

2279 4999 2398 5038 rum
2432 4981 2632 5045 media,
2676 4994 2794 5052 quae
2823 4987 2877 5033 et
2917 4976 3100 5032 lucida
3146 4974 3430 5030 Pleiadum
3473 4973 3699 5035 dicitur,
3733 4989 3847 5026 ma-

2278 5074 2576 5145 gnitudinis
2611 5080 2694 5127 est
2723 5069 2927 5136 tertiaa;
2959 5079 3166 5124 caetera:
3197 5068 3424 5137 quintze,
3467 5073 3524 5118 et
3555 5076 3741 5120 sexta.
3774 5063 3848 5117 lla

2279 5185 2400 5223 cum
2441 5167 2648 5236 exigua:
2676 5166 2804 5226 sint,
2836 5175 3155 5230 magnarum
3200 5168 3380 5212 tamen
3427 5171 3611 5212 rerum
3645 5157 3849 5226 signiti-

2280 5259 2527 5314 cationes
2555 5256 2758 5310 habere
2786 5253 3173 5308 credebantur.
3198 5251 3423 5331 Cicero:

2283 5369 2382 5422 Ηω
2420 5378 2592 5423 tenues
2619 5382 2775 5434 parvo
2813 5365 3046 5419 labentes
3081 5362 3271 5415 lumine
3301 5360 3494 5413 lucent.

2280 5440 2349 5493 At
2387 5455 2632 5510 magnum
2651 5453 2835 5490 nomen
2863 5436 2999 5506 signi
3030 5435 3331 5500 clarumque
3359 5439 3598 5483 vocatur.

2350 5550 2482 5604 Nam
2513 5557 2564 5605 et
2597 5548 2827 5611 azstatis,
2863 5556 3026 5616 atque
3053 5543 3250 5598 hiemis
3281 5541 3457 5603 initia,
3483 5545 3538 5594 et
3564 5537 3842 5597 messium.

2283 5651 2445 5713 atque
2471 5641 2776 5696 arationum
2805 5649 3046 5708 tempora
3079 5633 3516 5704 distinguebant:
3549 5630 3632 5686 sic
3658 5638 3714 5700 ut
3739 5626 3853 5682 nul.

2284 5737 2390 5792 lius
2431 5734 2626 5791 sideris
2662 5731 2864 5792 clarior
2893 5730 3032 5801 apud
3067 5736 3337 5793 auctores,
3377 5734 3470 5782 aut
3513 5720 3852 5794 frequentior
