4036 6218
236 304 372 360 I377

1006 303 1458 360 DISSERTATIO
1496 303 1584 358 DE
1625 303 1810 363 ORTU
1854 305 1940 360 ET
1971 305 2239 365 OCCASU
2281 304 2605 362 SIDERUM.

3321 311 3457 365 1578

227 425 409 474 exstet
442 421 720 477 memoria.
753 420 861 476 Nos
908 422 972 475 ad
1018 437 1112 476 eos
1155 421 1509 476 illustrandos
1536 422 1638 476 hoc
1670 422 1791 478 loco
1819 428 1865 484 Α
1893 423 2053 478 telem
2089 423 2336 492 sequitur
2371 423 2466 478 lib.
2498 422 2567 478 IX
2607 421 2911 492 IIist.,cap.
2940 420 3053 485 XL,
3077 426 3166 492 qui
3195 429 3248 476 et
3270 421 3366 477 lib.
3390 421 3454 488 V,

225 511 338 593 duo
374 513 618 582 quaedam
665 514 1051 584 explicabimus
1098 533 1110 568 :
1161 515 1392 568 alterum
1444 515 1511 569 de
1547 522 1790 584 tempore

227 609 382 658 ortus
413 605 648 668 illarum,
692 613 744 658 et
775 619 1003 660 occasus
1038 646 1053 668 ,
1086 605 1315 659 alterum
1347 605 1412 660 de
1452 605 1579 659 anni
1621 606 1790 675 parti-

223 694 398 761 tione,
415 711 574 766 quam
596 695 783 749 iisdem
811 703 1018 750 veteres
1040 697 1342 766 assignant.
1369 695 1613 751 Totidem
1643 697 1790 751 enim

223 783 406 853 capita
447 791 572 838 sunt
609 783 664 836 in
697 782 928 837 Pliniani
959 785 1339 839 exercitatoris
1370 785 1650 840 incondita
1689 784 1792 838 far-

221 875 434 945 ragine,
467 874 520 927 in
545 889 706 944 quam
733 875 892 945 paulo
922 885 1041 944 post
1076 877 1436 946 inquiremus.

296 964 373 1020 De
411 972 532 1019 ortu
573 981 880 1037 occasuque
910 967 1185 1022 Pleiadum
1222 968 1336 1020 triti
1383 975 1528 1033 sunt,
1560 983 1659 1023 nec
1703 975 1787 1021 ta-
1819 991 1825 997 -

221 1073 350 1114 men
381 1058 820 1128 pmtermittendi
851 1075 1040 1114 versus
1067 1059 1282 1114 Hesiodi
1305 1058 1347 1112 Il
1383 1055 1554 1128 '1':st

226 1169 550 1237 Πλητὰδων
594 1171 980 1240 Ἀτλαγενέων
1003 1170 1512 1238 ἐπιτελλομενάων

232 1241 505 1310 ’Λρχεσσ
539 1239 790 1308 ἀμητοῡλ
824 1242 1054 1309 ἀρότοιο
1082 1241 1149 1293 δὲ
1179 1239 1627 1309 δυσσομενὰων.

233 1309 309 1364 At
331 1309 404 1374 δή
435 1327 520 1362 τοι
549 1311 768 1379 νύκτας
796 1328 856 1363 τε
884 1311 978 1363 καὶ
1014 1311 1209 1379 ἤματα
1236 1310 1682 1377 τεσσαράκοντα

222 1381 593 1448 Κεκρύφαται
611 1397 623 1409 ·
655 1375 822 1444 αὖτις
853 1381 920 1432 δὲ
943 1375 1376 1447 περὶπλομένου
1405 1375 1680 1434 ἐνιαυτοῦ

225 1452 558 1513 Φαίνονται,
587 1448 858 1516 ταπρῶτα
891 1450 1364 1519 χαρασσομένοιο
1405 1449 1678 1518 σιδήρου.

232 1559 545 1614 Pleiadibus
577 1561 788 1614 Atlante
814 1563 951 1614 natis
983 1561 1267 1616 orientibus

233 1629 415 1698 Incipe
437 1647 681 1694 messem;
719 1633 1004 1684 arationem
1039 1649 1154 1685 vero
1180 1633 1550 1690 occidentibus.

230 1700 367 1764 Quae
387 1699 603 1772 quidem
650 1712 821 1754 noctes
848 1713 895 1754 et
925 1703 1032 1755 dies
1062 1703 1414 1772 quadraginta

233 1767 578 1822 Occultantur
599 1786 618 1822 :
643 1786 851 1824 rursum
884 1787 998 1824 vero
1035 1767 1460 1827 circunwolvente
1487 1790 1540 1828 se
1579 1791 1715 1829 anno
1815 1767 1859 1825 Β

237 1840 526 1908 Apparent,
549 1841 775 1908 primum
815 1850 871 1893 ut
913 1842 1120 1894 acuitur
1150 1842 1366 1911 ferrum.

300 1951 400 2006 Hic
428 1953 749 2007 matutinum
787 1961 967 2007 ortum
1018 1954 1358 2025 (patvdtLEi/O‘),
1409 1956 1520 2009 sive
1564 1957 1786 2027 ἡλιακὸν

226 2043 548 2114 signiﬁcari,
575 2059 638 2099 ac
665 2044 812 2098 δύσιν
847 2044 1006 2116 ἑῴαν,
1039 2047 1152 2101 sive
1181 2061 1434 2100 occasum
1467 2049 1784 2113 cosmicum,

231 2151 304 2190 ne
336 2136 487 2204 pueri
531 2136 745 2205 quidem
782 2138 1050 2192 nesciunt.
1110 2135 1326 2192 Hesiodi
1371 2137 1567 2194 saeculo
1631 2149 1786 2197 ortus

224 2227 321 2282 ille
349 2227 693 2297 contingebat
721 2228 774 2282 in
805 2227 1002 2282 Tauro.
1035 2228 1212 2284 Stellze
1241 2238 1368 2285 sunt
1396 2231 1638 2303 Vergiliae
1667 2234 1787 2304 plu-

227 2333 357 2374 res:
400 2335 505 2373 una
535 2327 619 2375 est
651 2335 715 2374 ex
757 2321 824 2376 iis
866 2321 1095 2375 lucidior
1129 2323 1360 2391 caneris,
1399 2326 1788 2395 magnitudinis

228 2410 422 2464 tertiae.
474 2409 548 2464 Ea
599 2420 836 2482 tempore
892 2412 1112 2468 Hesiodi
1152 2414 1432 2470 occidebat
1481 2416 1684 2472 heliace
1733 2417 1789 2471 in

225 2504 397 2571 gradu
428 2503 626 2558 Arietis
660 2503 712 2566 4,
741 2505 786 2557 8'
808 2523 822 2570 ;
846 2505 1119 2560 oriebatur
1146 2507 1198 2559 in
1227 2505 1390 2560 Tauri
1412 2510 1577 2578 gradu
1604 2507 1688 2572 11,
1711 2507 1786 2563 ι’.

231 2594 298 2646 At
337 2595 508 2663 prima
545 2595 700 2650 stella
729 2611 921 2650 versus
944 2597 1280 2652 occidentem
1321 2615 1574 2653 occasum
1615 2601 1787 2656 helia-

224 2699 354 2738 cum
388 2683 616 2738 faciebat
651 2684 706 2738 in
743 2688 914 2755 gradu
956 2686 1178 2750 Arietis,
1214 2687 1269 2753 0,
1309 2686 1413 2741 δι’.
1444 2687 1787 2745 Intervallum

231 2777 372 2830 inter
412 2791 666 2830 occasum
708 2778 895 2846 prima:
941 2777 1242 2842 Pleiadum,
1294 2787 1346 2834 et
1379 2788 1558 2835 ortum
1598 2782 1790 2839 lucida:

229 2868 434 2938 gradus
462 2867 550 2921 40.
584 2867 774 2923 Merito
805 2869 983 2939 itaque
1022 2871 1216 2926 diebus
1259 2873 1520 2927 abscondi
1553 2877 1790 2945 quadra-

229 2962 379 3028 ginta
417 2957 682 3030 Vergilias
709 2962 854 3015 canit
885 2961 1166 3017 Ilesiodus.
1194 2961 1286 3017 Sol
1316 2964 1367 3017 in
1399 2964 1632 3020 Arietem
1661 2982 1789 3022 vero

231 3059 385 3105 motu
419 3053 631 3107 subibat
656 3051 874 3108 Hesiodi
914 3061 1157 3124 tempore
1197 3054 1373 3109 Martii
1399 3071 1548 3112 xxxi.
1581 3056 1788 3128 Quippe

1893 528 2015 584 cap.
2058 511 2197 566 XXII
2241 513 2345 566 mel
2389 520 2553 582 negat
2596 512 2709 567 ﬁeri
2747 522 2868 566 ante
2899 510 3259 581 Vergiliarum
3301 523 3457 566 exar-

1894 613 2029 660 tum.
2080 603 2184 657 Sed
2234 619 2333 656 cur
2376 602 2643 658 Pleiadem
2687 603 2982 657 occidendo
3026 600 3232 657 Piscem
3269 603 3344 656 ait
3376 603 3458 658 fu-

1889 691 2051 760 gere?
2096 690 2340 758 Servius,
2389 709 2453 746 ac
2491 693 2710 762 reliqui,
2755 708 2894 762 quos
2930 693 3062 755 vidi,
3108 695 3456 762 interpretes,

1891 785 2182 839 australem
2213 783 2423 839 Piscem
2456 785 2781 855 intelligunt,
2813 786 2969 854 cujus
3001 784 3053 838 in
3085 801 3146 840 os
3183 786 3458 854 Aquarius

1890 889 2083 943 aquam
2126 873 2392 940 infundit;
2427 875 2571 930 unde
2600 884 2650 930 ct
2697 890 2932 944 aquosus
2965 876 3187 928 dicitur.
3222 875 3320 929 IIic
3362 893 3458 930 au-

1891 973 2000 1019 tem
2033 982 2097 1020 co
2129 978 2368 1037 tempore
2396 970 2588 1032 oritur,
2625 983 2731 1038 quo
2766 964 3007 1021 Pleiades
3045 967 3323 1022 occidunt.
3365 971 3460 1022 At-

1895 1057 1992 1127 qui
2029 1057 2228 1112 falsum
2266 1059 2410 1112 istud
2455 1067 2558 1116 est.
2591 1059 2724 1112 Nam
2757 1074 2864 1128 quo
2893 1067 3166 1113 memento
3191 1060 3364 1115 Pleias
3402 1061 3458 1116 in

1887 1163 2086 1202 occasu
2116 1153 2379 1203 matutino
2413 1151 2513 1204 sita
2543 1159 2626 1205 est
2657 1151 2708 1204 in
2742 1152 3042 1204 clevatione
3070 1151 3201 1220 poli,
3228 1151 3328 1206 sub
3351 1168 3459 1221 qua

1886 1252 2042 1309 poeta
2093 1242 2348 1310 scripsit,
2396 1257 2457 1296 os
2507 1241 2680 1296 Piscis
2711 1238 2964 1296 australis
3007 1258 3194 1310 parum
3239 1243 3392 1297 abest
3425 1259 3456 1297 a

1885 1331 2182 1387 meridiano
2207 1333 2486 1395 infcriori;
2513 1349 2683 1403 eoque
2714 1336 2819 1389 situ
2847 1336 3090 1404 proxime
3116 1334 3455 1404 perfunctum
3500 1330 3505 1337 ’

1885 1431 1987 1485 est,
2041 1438 2200 1491 quem
2251 1421 2574 1476 Ptolemazus
2621 1424 2853 1491 appellat
2905 1423 3035 1493 ἑῷον
3079 1422 3456 1492 προμεσουρά-

1884 1528 2052 1581 νημα.
2084 1513 2274 1566 Carteri
2309 1529 2524 1582 quoque
2562 1513 2738 1582 pisces
2782 1523 2907 1567 ante
2939 1511 3203 1582 Vergilias
3249 1521 3450 1573 ortum,

1883 1613 1938 1656 et
1961 1620 2214 1658 occasum
2247 1605 2472 1658 faciunt.
2497 1605 2620 1659 Ideo
2651 1605 2998 1675 quaerendum
3023 1615 3124 1669 est,
3150 1618 3258 1672 quo
3286 1618 3450 1656 sensu

1884 1693 2062 1749 Pleias
2093 1696 2294 1766 piscem
2327 1697 2540 1765 fugiens
2570 1697 2820 1750 occidere
2862 1695 3076 1750 dicatur
3118 1711 3146 1747 a
3188 1693 3449 1763 Virgilio;

1886 1786 2031 1856 quod
2077 1787 2182 1842 nisi
2229 1786 2296 1840 de
2340 1787 2579 1841 instante
2628 1788 2806 1841 sidere
2848 1787 3028 1856 aliquo
3059 1785 3308 1855 usurpari
3343 1799 3453 1838 non

1801 1900 1803 1902 ·
1888 1878 2045 1932 solet.
2084 1876 2172 1932 Sic
2209 1877 2351 1930 enim
2381 1887 2525 1933 recte
2555 1877 2786 1943 Quintus
2828 1878 3058 1931 Calaber
3095 1877 3190 1930 lib.
3234 1875 3271 1925 V
3313 1875 3452 1928 banc

1885 1969 2129 2022 eamdem
2190 1966 2464 2023 Pleiadem
2532 1968 2785 2024 Orionem
2848 1968 3143 2040 fugientem
3198 1967 3451 2024 occidere

1887 2059 2076 2113 scribit
2114 2076 2126 2112 :

1890 2235 1906 2252 .
1935 2195 1988 2250 .'.
2020 2238 2032 2250 .
2057 2234 2074 2247 .
2101 2237 2114 2250 .
2146 2197 2179 2249 ὀ
2203 2194 2254 2248 δ’
2275 2194 2365 2262 ἆρ’
2399 2194 2492 2263 ἤτε
2524 2197 2774 2248 λαίλαπι
2803 2191 2935 2258 ἶσος

1888 2265 2225 2335 Σμερδαλέῃ
2257 2265 2582 2335 στυγερῇσι
2613 2267 2909 2333 καταιγίσι
2935 2265 3246 2335 βεϐριθυιῃ
3269 2281 3280 2292 ·

1891 2327 2022 2389 Ἠίὲ
2051 2327 2222 2403 φέρεξ
2245 2327 2512 2400 ναύέῃὶγῖ
2531 2335 2701 2402 τέρας
2733 2327 2998 2401 κρυεροῖο
3026 2327 3251 2403 εὸόόοιοζ

1888 2401 2266 2470 Πλητὰςεῦθ
2291 2401 2628 2471 ἀκάμαντος
2651 2405 2713 2468 ἐς
2754 2404 3042 2456 Ὠκεανοῖο
3067 2402 3282 2469 ῥέεθρα

1887 2475 2048 2528 Δύεθ’
2077 2471 2565 2528 ὑποπτώσσουσα
2593 2473 2952 2540 περικλυτὸν
2981 2473 3241 2540 Ὠρίωνα.

1956 2585 2090 2640 Nam
2120 2585 2367 2640 Pleiades
2400 2601 2598 2640 occasu
2636 2585 2904 2638 matutino
2935 2585 3189 2637 Orionem
3233 2593 3451 2640 antece-

1889 2674 2044 2732 dunt.
2074 2678 2140 2732 At
2190 2677 2254 2732 de
2303 2678 2565 2748 piscibus,
2618 2677 2916 2747 praesertim
2963 2675 3030 2729 de
3075 2675 3323 2739 australi,
3358 2678 3451 2746 qut

1888 2771 2102 2825 dicatur
2132 2769 2384 2840 equidem
2412 2783 2520 2822 non
2553 2768 2729 2822 video.

1956 2861 2312 2932 Vergiliarum
2336 2867 2514 2912 ortum
2547 2853 3078 2921 Varro,Columella,
3103 2853 3310 2909 Plinius
3337 2853 3454 2908 alii-

1889 2972 1996 3030 que
2019 2955 2290 3019 scribunt,
2323 2961 2445 3023 post
2473 2952 2591 3006 dies
2623 2964 2768 3013 xI.Iv,
2810 2949 2894 3004 vel
2925 2963 3090 3001 XLVIII
3117 2947 3184 3000 ab
3211 2946 3452 3014 aequino-

1889 3049 1999 3104 ctio
2021 3061 2185 3102 verno
2213 3046 2545 3114 contingere.
2580 3040 2751 3095 Varro
2778 3041 2914 3096 libro
2945 3039 2985 3103 I,
3017 3040 3190 3114 capite
3211 3037 3448 3099 XXVIII,

227 3157 376 3197 anno
420 3142 542 3198 Per.
583 3141 692 3198 Jul.
739 3144 876 3198 5714
922 3115 1082 3199 verus
1123 3145 1274 3200 locus
1315 3145 1460 3202 Solis
1492 3147 1545 3201 in
1589 3115 1818 3205 Kriet-is‘

1889 3139 2005 3195 dies
2031 3153 2152 3192 xLIv
2182 3134 2412 3208 praefluit
2437 3153 2450 3200 ;
2481 3135 2658 3189 caeteri
2693 3143 2813 3186 octo
2845 3139 2898 3185 et
2927 3131 3320 3202 quadraginta;
3347 3129 3456 3184 Co-

229 3235 389 3289 initio
429 3237 527 3289 fuit
557 3237 781 3291 Athenis
820 3235 996 3290 Martii
1039 3253 1188 3304 xxxi,
1233 3237 1368 3291 hora
1399 3248 1521 3308 post
1558 3241 1789 3297 mediam

233 3335 449 3380 noctem
484 3327 533 3390 I,
573 3327 677 3382 ρι’.
707 3327 890 3398 Itaque
917 3328 1160 3384 Taurum
1202 3329 1604 3400 ingrediebatur
1631 3333 1791 3402 Apri-

231 3419 301 3471 lis
335 3433 462 3472 xxx.
489 3417 612 3470 Maii
653 3419 878 3488 proinde
907 3435 959 3471 xI
995 3419 1082 3474 die
1125 3419 1305 3473 lucida
1339 3417 1618 3473 Pleiadum
1648 3421 1791 3475 orie-

234 3508 416 3562 batur.
444 3507 645 3561 Ultima
677 3523 804 3562 vero
826 3507 1102 3563 Pleiadum
1137 3511 1203 3564 ad
1237 3512 1498 3566 orientem
1528 3510 1652 3564 Maii
1681 3527 1787 3576 va,

231 3615 342 3670 quo
363 3608 603 3670 tempore
636 3603 828 3658 messis
866 3603 1159 3674 incipiebat
1190 3607 1246 3660 in
1280 3607 1510 3661 Grzecia.

305 3691 544 3748 Occasus
569 3695 878 3749 earumdem
906 3696 1200 3752 matutinus
1237 3699 1288 3751 in
1313 3698 1485 3754 Libra:
1522 3698 1588 3753 I9
1623 3698 1790 3770 gradu

235 3783 414 3848 ﬁebat,
463 3784 558 3840 sed
601 3785 870 3857 ἀληθινὸς,
913 3802 1014 3842 nec
1061 3789 1425 3860 aspectabilis.
1469 3791 1594 3844 Ideo
1646 3791 1793 3844 circa

234 3870 449 3930 initium
481 3876 688 3947 Scorpii
721 3880 1101 3944 ὲπικατάδυσις
1130 3881 1424 3954 φαινομένη
1453 3881 1668 3947 accidit,
1706 3883 1813 3944 in-_

236 3974 396 4022 eunte
423 3965 728 4022 Novembri.
761 3967 894 4022 Nam
934 3970 1319 4038 aequinoctium
1359 3973 1669 4028 autumnale
1699 3988 1795 4042 per

234 4056 378 4111 idem
414 4065 622 4128 tempus
663 4059 848 4113 incidit
878 4061 932 4113 in
957 4060 1212 4116 Octobris
1241 4061 1476 4117 initium.
1521 4062 1659 4118 Tum
1695 4065 1797 4134 igi—

236 4157 328 4202 tnr
375 4151 654 4215 arationis,
701 4167 764 4205 ac
807 4153 1034 4208 sationis
1092 4162 1303 4226 tempus
1353 4156 1596 4228 appetit,
1648 4156 1794 4228 quod

239 4235 495 4312 Virgilius
525 4243 610 4297 his
637 4243 883 4299 versibus
924 4247 1195 4316 expressit
1222 4265 1236 4300 :

240 4353 371 4424 [gnte
399 4354 489 4408 tibi
525 4354 647 4409 an:
679 4356 970 4410 Atlantides
1002 4361 1411 4424 abscondantur,

240 4421 532 4497 (gnosiaque
562 4425 793 4497 ardentis
826 4426 1036 4480 decedat
1064 4429 1219 4482 stella
1247 4421 1483 4497 Corona’,

242 4492 428 4546 Debita
447 4510 599 4564 quant
623 4496 780 4550 sulcis
808 4499 1102 4551 committas
1132 4501 1350 4566 semina,
1373 4492 1478 4556 etc.

311 4626 503 4693 Eoum,
538 4629 588 4683 id
621 4641 703 4686 est
738 4633 1055 4687 matutinum
1086 4649 1338 4688 occasum
1362 4637 1628 4707 intelligit,
1660 4654 1788 4703 non,

241 4724 299 4770 ut
338 4713 559 4772 Servius
589 4727 760 4789 putat,
797 4722 1082 4784 lieliacum,
1122 4724 1213 4792 qui
1241 4732 1294 4776 et
1328 4724 1574 4794 imperite
1607 4725 1795 4796 Vergi-

241 4807 343 4861 lias
370 4810 444 4862 ait
486 4827 505 4860 I
538 4809 825 4866 Novembri
861 4829 1048 4868 mense
1081 4817 1320 4885 incipere
1364 4831 1471 4870 non
1519 4818 1728 4874 videri:
1768 4838 1786 4871 ι

238 4900 394 4969 quasi
429 4900 482 4953 in
509 4900 732 4972 Scorpio
764 4905 877 4958 sita:
907 4905 1072 4960 radiis
1107 4908 1239 4960 solis
1271 4903 1652 4962 obscurentur.

316 4989 387 5044 De
428 4991 614 5047 eodem
647 5003 769 5046 ortu
811 5006 862 5048 et
905 5011 1102 5051 occasu
1144 4995 1404 5066 Virgilius
1447 5013 1660 5068 quoque.
1694 4999 1786 5053 lib.

243 5080 310 5135 IV
341 5081 526 5153 Georg.
551 5085 811 5150 meminit,
833 5087 924 5140 ubi
958 5087 1024 5142 de
1050 5088 1254 5158 duplici
1285 5089 1462 5144 mellis
1486 5089 1788 5143 vindemia:

244 5193 337 5268 _B_is
366 5195 605 5268 gravidos
635 5210 821 5268 cogunt
855 5198 989 5265 fetus
1013 5215 1031 5251 :
1071 5199 1174 5253 duo
1207 5209 1439 5268 tempora
1469 5201 1650 5252 messis
1669 5215 1687 5252 :

246 5263 473 5332 Taygete
499 5266 657 5318 simul
684 5263 739 5319 os
772 5263 924 5320 terris
956 5268 1179 5322 ostendit
1211 5263 1482 5323 honestum

247 5333 449 5405 Pleias,
473 5344 530 5405 et
569 5335 763 5390 Oceani
785 5347 982 5403 spretos
1011 5338 1135 5405 pede
1164 5339 1385 5404 reppulit
1417 5355 1614 5392 amnes.

249 5403 353 5478 iiut
384 5403 571 5478 eadem
594 5406 739 5460 sidus
767 5408 968 5478 [ugiens
998 5403 1084 5459 ubi
1117 5403 1286 5478 Piscis
1310 5411 1493 5478 aquosi

250 5470 474 5527 Tristior
499 5474 737 5530 hibernas
767 5470 894 5530 erile
920 5477 1182 5530 descendit
1216 5480 1267 5531 in
1299 5470 1490 5532 undas.

316 5563 415 5620 Hic
445 5565 552 5620 duo
583 5575 821 5636 tempora
855 5569 1028 5623 mellis
1067 5570 1299 5624 metendi
1336 5568 1631 5626 describit:
1664 5569 1797 5625 alte-

251 5670 369 5712 rum
402 5666 524 5728 post
549 5669 722 5714 ortum
753 5658 1046 5722 Pleiadum,
1070 5674 1237 5713 verno
1267 5669 1535 5730 tempore;
1567 5660 1794 5714 alterum

252 5755 528 5816 autumno,
558 5757 676 5819 post
700 5763 949 5806 occasum
980 5749 1300 5805 matutinum
1328 5767 1339 5803 :
1372 5751 1425 5805 in
1451 5765 1558 5822 quo
1585 5751 1794 5808 Aristo-

1893 3231 2109 3286 Iumella
2141 3230 2280 3283 libro
2312 3225 2401 3289 IX,
2446 3226 2619 3296 capite
2659 3222 2777 3276 XIV
2824 3224 2934 3292 (qui
2983 3229 3160 3276 tamen
3193 3221 3328 3275 libro
3357 3219 3449 3283 XI,

1890 3321 2063 3390 capite
2088 3318 2150 3384 II,
2185 3318 2353 3372 Nonis
2380 3316 2524 3378 Maii,
2559 3315 2610 3368 id
2645 3322 2728 3368 est
2757 3329 2879 3367 xuv
2909 3313 2996 3367 die
3039 3315 3106 3367 ab
3129 3313 3451 3381 atquinoctio

1889 3413 2101 3467 easdem
2160 3411 2290 3463 oriri
2345 3406 2614 3476 scripsit);
2666 3405 2872 3459 Plinius
2921 3405 3013 3458 lib.
3071 3403 3270 3466 XVIII,
3327 3418 3447 3472 cap.

1889 3497 2055 3551 XXV.
2090 3496 2202 3550 IIoc
2239 3497 2355 3552 sive
2399 3497 2466 3552 de
2509 3497 2622 3552 sola
2665 3495 2956 3550 Pleiadum'
2987 3493 3449 3564 splendidissima,

1890 3587 2231 3655 maximaque
2263 3587 2510 3654 capiatur
2538 3627 2553 3649 ,
2598 3585 2712 3638 sive
2751 3585 2817 3638 de
2859 3592 2972 3637 toto
3017 3583 3335 3650 asterismo;
3363 3599 3454 3638 ve-

1891 3692 2010 3730 rum
2036 3694 2144 3730 non
2173 3685 2276 3731 est.
2310 3675 2440 3730 Nam
2466 3677 2610 3749 illius
2640 3684 2795 3730 ortus
2822 3675 3064 3729 hcliacus
3094 3673 3277 3728 Romae
3308 3676 3453 3729 acci-

1893 3767 2051 3820 debat
2084 3767 2137 3818 in
2171 3765 2355 3818 ultima
2386 3769 2536 3833 parte
2564 3765 2748 3828 Tauri,
2781 3766 3138 3834 sexagesimo,
3169 3773 3221 3818 et
3248 3781 3314 3819 eo
3344 3779 3454 3819 am-

1893 3859 2033 3928 plius
2061 3858 2145 3911 die
2185 3858 2254 3911 ab
2277 3857 2522 3926 ingressu
2557 3857 2610 3910 in
2642 3857 2912 3911 Arietem:
2947 3858 3048 3911 huc
3093 3867 3176 3911 est
3205 3857 3292 3911 die
3326 3855 3452 3910 Maii

1894 3965 1984 4002 xx.
2017 3947 2112 4001 Sin
2135 3947 2200 4002 de
2224 3955 2337 4001 toto
2374 3949 2660 4003 asterismo
2689 3948 2739 4002 id
2767 3949 3170 4018 intelligendum
3201 3955 3305 4011 est,
3329 3945 3454 4000 Ver-

1893 4039 2140 4109 giliarum
2195 4038 2285 4090 illa
2341 4038 2515 4100 stella,
2564 4055 2685 4107 qua:
2734 4054 2800 4092 ex
2859 4038 3218 4097 lucidioribus
3278 4037 3451 4091 tribus

1895 4131 2125 4183 maxime
2157 4128 2223 4182 ad
2259 4130 2521 4184 orientem
2559 4131 2808 4200 pertinet,
2845 4145 2986 4182 anno
3030 4129 3206 4199 primo
3237 4127 3451 4182 Juliano

1895 4221 2168 4275 oriebatur
2195 4221 2399 4275 heliace
2429 4221 2483 4275 in
2532 4223 2699 4291 gradu
2747 4221 3096 4274 Geminorum
3128 4221 3180 4281 5,
3229 4221 3329 4274 hoc
3368 4226 3454 4275 est

1895 4312 2085 4367 diebus
2119 4311 2188 4365 ab
2220 4312 2547 4381 tequinoctio
2591 4313 2822 4382 amplius
2872 4313 3149 4381 sexaginta
3189 4311 3448 4380 quinque.

1897 4400 2010 4455 Hoc
2036 4417 2164 4456 vero
2189 4401 2413 4455 Metonis
2450 4403 2647 4456 saeculo
2674 4403 2728 4456 in
2761 4418 2822 4457 ea
2859 4403 3123 4472 positione
3153 4403 3297 4464 εαξη,
3331 4418 3452 4471 qua:

1893 4491 2251 4553 estAthcnis,
2305 4493 2549 4561 contigit.
2601 4492 2734 4548 Nam
2787 4493 2991 4562 periodi
3034 4492 3259 4546 Julianae
3309 4508 3451 4548 anno

1893 4582 2051 4646 4285,
2077 4584 2167 4652 qui
2195 4585 2472 4652 proximus
2495 4595 2575 4639 est
2597 4585 2664 4638 ab
2692 4600 2757 4639 eo
2811 4601 2920 4654 quo
2946 4585 3121 4639 Meton
3157 4586 3449 4638 solstitium

1892 4673 2236 4736 observabat,
2263 4683 2413 4730 ortus
2436 4676 2675 4731 heliacus
2720 4677 2910 4730 lucida:
2939 4676 3214 4730 Pleiadum
3261 4676 3452 4730 incidit

1893 4764 1948 4818 in
1983 4764 2147 4819 Tauri
2176 4766 2398 4833 gradum
2429 4767 2514 4830 18,
2538 4768 2643 4829 46',
2676 4769 2768 4836 qui
2799 4768 2853 4820 in
2879 4767 2998 4819 Maii
3031 4784 3098 4819 xv
3123 4767 3264 4821 diem
3291 4766 3454 4820 circi-

1894 4862 1978 4909 ter
2025 4857 2223 4910 saeculo
2268 4857 2359 4910 ilio
2410 4859 2758 4927 congruebat.
2793 4858 3196 4926 Aiquinoctium
3226 4871 3450 4912 vernum

1893 4947 2242 5000 commissum
2283 4954 2365 5000 est
2393 4963 2535 5000 anno
2577 4964 2736 5016 quem
2779 4948 3038 5012 diximus,
3071 4946 3248 5000 Martii
3275 4963 3448 5010 xvaI,

1895 5032 2025 5086 hora
2067 5033 2122 5095 0,
2164 5035 2245 5088 9.8'
2293 5035 2536 5089 Athenis.
2588 5036 2866 5105 Ingressus
2909 5037 2963 5090 in
3014 5035 3256 5088 Taurum
3315 5051 3449 5090 vero

1895 5131 2044 5176 motu
2083 5125 2336 5178 convenit
2381 5125 2581 5194 Aprilis
2606 5141 2756 5188 xxvi,
2784 5127 2918 5179 hora
2950 5125 3035 5190 I8,
3061 5125 3166 5180 56'.
3213 5126 3289 5179 Ita
3327 5141 3448 5194 gra-

1895 5212 2022 5267 dum
2053 5212 2216 5268 Tauri
2251 5215 2335 5278 I8,
2369 5216 2450 5270 48'
2485 5217 2657 5270 tenuit
2681 5217 2761 5272 sol
2787 5233 2848 5270 ea
2880 5225 3038 5272 nocte
3066 5217 3300 5280 circiter,
3330 5231 3451 5286 quae

1897 5303 2040 5358 inter
2066 5321 2154 5359 xIv
2185 5314 2238 5359 et
2272 5323 2337 5360 xv
2368 5307 2488 5360 Maii
2533 5309 2860 5373 intercessit,
2906 5309 3006 5364 hoc
3035 5315 3120 5363 est
3167 5309 3254 5364 die
3281 5325 3447 5364 xum

1895 5405 2018 5464 post
2048 5397 2452 5465 aequinoctium.

1964 5483 2047 5538 Ad
2093 5485 2195 5539 hoc
2235 5495 2445 5557 tempus
2488 5487 2828 5543 intervallum
2873 5489 2976 5544 hoc
3023 5489 3231 5544 dierum
3283 5503 3449 5542 vaIII

1895 5576 2280 5643 aquinoctium
2346 5578 2486 5633 inter
2534 5587 2588 5634 et
2625 5590 2802 5634 ortum
2847 5581 3170 5634 matutinum
3215 5579 3449 5633 Pleiadis

1897 5665 2087 5720 referri
2116 5666 2305 5722 debet:
2338 5685 2442 5723 non
2469 5669 2535 5722 ad
2569 5669 2842 5724 Iulianum
2871 5674 3148 5733 saeculum,
3183 5686 3356 5740 neque
3382 5668 3444 5718 ad

1900 5755 2297 5828 sitqu_Romac,
2328 5758 2419 5812 scd
2443 5757 2678 5814 Gracche.
2709 5759 2840 5813 Cum
2866 5767 3039 5814 autem
3076 5754 3444 5812 celeberrima,
3475 5789 3625 5873 Α...
