4036 6218
593 356 620 412 1
631 354 734 412 579

1592 350 1682 404 AI)
1720 349 1986 407 EUSEBII
2023 346 2412 406 CHBONICON
2452 348 2808 405 APPENDIX.

591 485 645 531 et
673 474 872 541 ubique
894 481 1186 543 propagata
1220 470 1447 526 Metonis
1478 472 1954 528 euneadecaeteris
1982 479 2147 534 esset,
2180 471 2228 530 Α
2254 467 2420 523 Tauri
2465 477 2618 526 sexta
2656 479 2810 541 parte
2858 471 3112 525 oriuntur
3149 466 3413 524 Pleiades.
3447 484 3467 517 ι
3503 461 3647 535 (Etsi
3689 463 3833 519 aliud

593 581 657 619 ac
691 579 1038 635 parapegma,
1084 579 1150 619 ex
1196 577 1370 631 eoque
1420 571 1725 631 temporum
1755 564 1896 617 ratio
1935 564 2162 617 ducere-

590 654 701 720 tur,
736 670 857 726 qua:
887 654 955 708 ad
985 655 1414 726 navigationem,
1445 654 1863 724 agriculturam,
1911 661 1965 708 et
1994 653 2043 707 id
2075 668 2161 725 ge-

590 766 696 803 nus
726 750 831 823 alia
865 748 1219 818 gubernanda
1254 746 1541 802 transferri
1579 747 1743 813 solet;
1779 746 1968 818 perdiu
1997 762 2064 801 ex
2097 747 2163 801 il-

590 842 699 896 lius
740 839 1059 910 praescripto
1102 848 1320 893 ortuum
1360 846 1414 895 et
1450 854 1740 894 occasuum
1773 839 1827 891 in
1866 838 2061 900 stellis,
2096 852 2160 892 ac

587 939 969 1001 tempestatum
1009 931 1184 1000 spatia
1226 930 1458 986 dimensi
1482 937 1607 985 sunt
1645 947 1657 982 :
1701 930 1950 1001 quamvis
1992 945 2159 984 accu-

587 1025 816 1079 ratiores
841 1023 1243 1092 insequentium
1265 1029 1704 1076 astronomorum
1731 1021 1925 1075 calculi
1972 1020 2159 1092 paula-

586 1115 682 1168 tim
716 1113 829 1167 htec
857 1128 978 1168 esse
1003 1120 1209 1166 mutata
1234 1112 1653 1178 convincerent;
1692 1111 1785 1167 sed
1812 1111 1955 1182 quod
1992 1112 2157 1166 semel

586 1202 835 1273 populari
873 1217 998 1265 usu,
1034 1217 1098 1256 ac
1132 1190 1348 1273 pubiice
1389 1202 1681 1264 sancitum,
1729 1201 2070 1267 inveteravit,
2104 1201 2157 1257 id

590 1293 966 1363 imperitorum
1016 1308 1082 1346 ac
1127 1292 1459 1347 rusticorum
1512 1294 1813 1361 praesertim
1844 1309 1910 1349 ex
1959 1293 2156 1350 animis

584 1383 743 1438 evelli
767 1392 929 1453 atque
957 1385 1272 1454 extorqueri
1303 1380 1518 1437 dill‘tcile
1543 1391 1743 1453 potest.

656 1473 731 1529 De
782 1474 886 1529 hoc
934 1475 1165 1530 Metonis
1199 1490 1364 1536 anno,
1418 1490 1483 1529 ac
1531 1483 1909 1547 parapegmate
1956 1476 2024 1530 ad
2078 1475 2153 1541 id,

584 1566 729 1637 quod
755 1567 1018 1633 diximus,
1058 1567 1303 1639 apposite
1342 1565 1538 1623 Festus
1576 1568 1817 1625 Avienus
1858 1568 1914 1623 in
1942 1571 2153 1624 Arateis

584 1659 659 1715 ita
690 1661 911 1729 scripsit
940 1677 955 1715 τ

655 1795 811 1850 Illius
839 1795 907 1850 ad
936 1813 1178 1851 numeros
1209 1797 1421 1865 prolixa
1452 1797 1700 1851 decennia
1737 1813 1951 1851 rursum

655 1868 926 1935 Adjecisse
946 1864 1123 1921 Meton
1156 1866 1414 1934 Cecropea
1433 1867 1634 1921 dicitur
1663 1879 1776 1922 arte
1800 1885 1819 1922 :

654 1937 955 2007 Inseditque
984 1938 1201 1999 animis,
1227 1939 1389 1991 tenuit
1424 1954 1532 1991 rem
1565 1936 1771 1992 Graecia
1797 1939 1963 1993 solers

660 2007 933 2073 Protinus,
963 2018 1010 2061 et
1038 2008 1216 2078 longos
1241 2009 1503 2061 inventum
1533 2009 1673 2061 misit
1698 2009 1753 2061 in
1782 2025 1969 2062 annos.

655 2120 1015 2188 Quamobrem
1047 2121 1262 2175 tametsi
1296 2120 1367 2174 ab
1396 2121 1727 2190 Hipparcho,
1764 2131 1818 2176 et
1846 2122 1968 2176 aliis
1998 2121 2155 2176 dein-

584 2230 714 2285 ceps
737 2230 919 2269 rerum
952 2214 1257 2269 cmlestium
1286 2212 1496 2281 peritis,
1532 2213 1702 2266 multa
1733 2213 1787 2267 in
1821 2215 2156 2269 astronomia

583 2320 648 2360 ac
685 2310 1066 2374 tempestatum
1118 2303 1504 2359 distributione
1556 2312 1890 2359 commutata
1931 2305 2157 2360 innova-

584 2406 747 2466 taque
768 2396 901 2459 sint,
931 2395 1088 2451 haesit
1122 2405 1301 2450 tamen
1331 2411 1495 2466 penes
1544 2398 1758 2468 vulgus,
1786 2406 1839 2452 et
1862 2399 1914 2452 in
1939 2400 2156 2455 rusticae

582 2488 663 2543 rei
701 2488 998 2557 praesertim
1038 2488 1530 2553 administratione,
1553 2498 1712 2545 vetus
1748 2491 1838 2544 illa
1877 2501 1933 2546 et
1987 2490 2156 2547 Meto-

582 2579 708 2633 nica
733 2579 907 2633 ratio:
936 2588 993 2634 ut
1029 2579 1084 2633 in
1108 2579 1201 2634 lib.
1232 2578 1324 2642 IX,
1358 2595 1481 2649 cap.
1507 2579 1624 2635 XIV
1652 2580 1956 2636 Columella
1988 2591 2155 2637 testa-

582 2675 694 2722 tur.
744 2668 865 2735 Quo
906 2684 971 2724 ex
1017 2684 1214 2739 genere
1263 2668 1618 2739 Vergiliarum
1647 2673 1736 2728 ille
1774 2688 1896 2728 esse
1942 2673 2155 2728 videtur

577 2770 733 2819 ortus
754 2761 963 2815 dierum
1002 2771 1121 2829 post
1149 2764 1536 2831 aequinoctium
1569 2773 1694 2819 octo
1721 2772 1774 2817 et
1800 2764 2153 2837 quadraginta

578 2854 759 2923 spatio
809 2851 1087 2907 delinitus.
1139 2852 1296 2917 Quod
1340 2869 1465 2908 cum
1522 2854 1587 2908 ad
1618 2853 1810 2908 Atticae
1855 2854 2043 2920 situm,
2072 2856 2152 2910 uti

577 2944 786 2998 dictum
836 2952 940 3005 est,
991 2941 1222 2997 Metonis
1272 2950 1431 2998 aetate
1489 2944 1805 3014 pertineret,
1841 2955 2041 3002 temere
2084 2948 2154 3004 ad

578 3032 741 3087 Italiae
786 3034 1047 3103 positum,
1093 3041 1417 3103 aetatemque
1463 3049 1620 3089 suam
1662 3033 1896 3090 Romani
1938 3044 2154 3095 traxere

2261 569 2346 615 est
2386 561 2516 614 oriri
2548 561 2603 614 in
2628 567 2780 615 sexta
2809 567 2964 630 parte
2994 557 3183 622 Tauri,
3208 557 3357 611 aliud
3387 553 3638 610 Taurum
3665 552 3836 608 Pleia-

2259 648 2358 704 das
2399 658 2551 706 sexta
2593 656 2743 721 parte
2782 650 2869 704 sui
2912 649 3145 705 tollere:
3180 647 3284 702 hoc
3316 646 3464 701 enim
3518 653 3631 704 est.
3682 653 3831 699 sexta

2260 748 2413 811 parte
2470 741 2630 811 signi,
2678 741 2772 812 qui
2829 747 2960 795 sunt
3016 738 3219 810 gradus
3276 753 3330 792 ν.
3386 733 3495 790 Sed
3558 732 3835 790 Firmius

2260 842 2472 888 sextum
2511 831 2737 903 gradum
2785 829 3079 901 concepit.)
3127 827 3239 884 Nec
3280 828 3437 883 aliter
3478 826 3833 896 intelligenda

2261 932 2388 978 sunt
2417 924 2652 980 obscura
2676 922 2837 978 Plinii
2867 923 3031 977 verba
3056 921 3155 976 lib.
3174 920 3238 982 II,
3265 935 3385 990 cap.
3413 917 3607 973 XLVII
3632 938 3646 972 :
3683 938 3704 969 ι
3733 916 3836 971 Da-

2242 1011 2347 1071 tus
2376 1024 2460 1070 est
2496 1022 2673 1071 autem
2715 1015 2842 1069 huic
2885 1012 3171 1083 (Favonio)
3200 1022 3421 1067 exortus
3460 1009 3832 1081 Vergiliarum

2260 1106 2314 1161 in
2347 1105 2573 1161 totidem
2623 1106 2869 1176 partibus
2899 1104 3085 1168 Tauri,
3119 1120 3212 1159 sex
3255 1103 3448 1159 diebus
3487 1110 3621 1158 ante
3667 1102 3835 1157 Maias

2258 1200 2403 1257 ldus.
2463 1219 2482 1251 ι
2529 1197 2632 1255 Ubi
2678 1198 2900 1253 totidem
2947 1205 3133 1268 partes
3168 1213 3290 1253 esse
3335 1197 3491 1261 dicit,
3520 1204 3664 1265 quot
3711 1206 3834 1251 sunt

2255 1292 2372 1348 dies
2402 1298 2525 1345 ante
2570 1289 2738 1346 Maias
2780 1289 2925 1346 ldus.
2970 1289 3041 1345 Ut
3080 1305 3267 1345 verum
3323 1298 3407 1345 est.
3454 1288 3685 1344 Hesiodi
3731 1304 3830 1345 εε-

2255 1386 2378 1441 culo
2409 1387 2464 1440 in
2505 1384 2714 1440 Boeotia
2745 1384 2980 1439 lucidam
3014 1380 3290 1438 Pleiadum
3329 1380 3555 1436 circiter
3602 1396 3658 1435 vt
3708 1384 3832 1438 ldus

2256 1476 2425 1531 Maias
2451 1485 2632 1531 ortum
2662 1476 2932 1530 heliacum
2962 1473 3181 1537 fecisse,
3218 1489 3326 1527 non
3356 1479 3541 1527 tamen
3590 1471 3651 1526 in
3680 1482 3834 1541 parte

2255 1576 2406 1623 sexta
2437 1566 2624 1632 Tauri,
2656 1568 2750 1623 sed
2793 1567 2850 1621 in
2878 1582 2953 1630 χι.
2989 1566 3073 1621 vel
3102 1582 3210 1632 xu;
3245 1566 3320 1620 ita
3357 1565 3555 1621 falsum
3598 1574 3685 1621 est
3733 1565 3831 1619 hoc

2254 1661 2413 1718 Plinii
2473 1661 2673 1717 saeculo
2726 1660 3027 1731 contigisse
3080 1659 3136 1714 in
3185 1659 3371 1722 Italia,
3430 1657 3683 1721 Graecia,
3752 1661 3830 1713 vel

2259 1754 2511 1826 JEgypto.
2547 1754 2637 1809 Sic
2662 1754 2865 1825 passim
2898 1753 2967 1807 ab
2997 1753 3310 1808 auctoribus
3339 1749 3625 1806 incondite
3655 1751 3747 1807 his
3768 1752 3833 1806 de

2260 1849 2419 1903 rebus
2451 1847 2617 1900 multa
2655 1844 2931 1911 dicuntur,
2965 1860 3086 1916 quae
3113 1844 3178 1898 ad
3218 1844 3535 1898 methodum
3583 1854 3828 1899 nostram

2256 1938 2514 2009 exigenda
2550 1946 2697 1994 sunt.
2742 1939 2901 2009 Apud
2940 1937 3225 1993 Geminum
3270 1937 3450 1992 Pleias
3506 1935 3827 1993 Euctemoni

2256 2032 2432 2085 oritur
2468 2043 2567 2083 xm
2590 2030 2678 2084 die
2721 2027 3027 2093 Tauronos,
3062 2046 3092 2083 a
3124 2044 3230 2099 quo
3276 2040 3331 2084 et
3370 2029 3584 2084 aestatis
3613 2028 3826 2082 initium

2254 2121 2473 2190 petitur.
2500 2119 2569 2174 At
2591 2119 2815 2174 Eudoxo
2840 2119 3083 2175 Pleiades
3123 2131 3299 2174 ortum
3333 2118 3540 2173 faciunt
3566 2118 3661 2173 die
3688 2134 3823 2172 χχιι.

2254 2213 2363 2269 Nos
2393 2214 2620 2269 Athenis
2653 2212 2886 2268 Metonis
2930 2221 3175 2282 tempore
3213 2221 3397 2265 ortum
3437 2210 3711 2264 heliacum
3746 2210 3825 2263 Iu-

2253 2307 2387 2363 cidte
2410 2305 2765 2376 Vergiliarum
2801 2304 3109 2360 invenimus
3137 2303 3191 2358 in
3215 2302 3386 2373 gradu
3415 2300 3579 2356 Tauri
3615 2301 3702 2366 i9,
3738 2301 3824 2355 ul-

2254 2399 2399 2453 tima:
2424 2413 2552 2453 vero
2579 2395 2817 2452 Pleiadis
2847 2397 2901 2452 in
2926 2395 3097 2466 gradu
3126 2396 3218 2459 24,
3260 2395 3358 2450 53'.
3390 2395 3535 2448 Inter
3564 2394 3669 2449 bas
3698 2410 3830 2467 amo

2253 2489 2351 2544 bas
2378 2488 2553 2543 media
2581 2496 2667 2544 est
2698 2489 2969 2563 posterior
2985 2487 3294 2543 observatio
3316 2485 3538 2542 Gemini.
3559 2484 3621 2539 In
3645 2486 3824 2551 libro,

2253 2582 2344 2653 qui
2391 2581 2680 2636 Ptolema‘o
2710 2582 3010 2653 inscriptus
3035 2591 3139 2643 est,
3173 2582 3241 2636 de
3271 2581 3630 2636 inerrantibus
3674 2582 3825 2635 Sld-

2254 2674 2343 2740 lis,
2378 2671 2741 2745 Vergiliarum
2774 2681 2995 2729 exortus
3030 2674 3249 2743 ponitur
3292 2672 3491 2743 Aprilis
3538 2688 3580 2736 ι,
3631 2681 3747 2725 tum
3789 2688 3820 2726 x

2255 2767 2528 2823 Kalendas
2586 2766 2773 2828 Maias,
2826 2766 2930 2820 hoc
2995 2774 3079 2820 est
3129 2782 3242 2819 χχιι
3305 2764 3502 2835 April.,
3543 2774 3658 2818 tum
3710 2763 3824 2820 No-

2252 2863 2339 2917 nis
2372 2860 2538 2927 'Maii,
2583 2866 2637 2915 et
2685 2875 2736 2913 IV
2789 2857 2913 2914 Idus
2973 2868 3027 2914 et
3074 2874 3132 2911 ιιι
3196 2856 3465 2912 Kalendas
3523 2854 3693 2912 Junii.
3744 2856 3820 2912 ita

2258 2969 2408 3009 more
2442 2968 2541 3008 suo
2574 2952 2813 3022 scriptor
2846 2951 2935 3006 ille
2973 2951 3168 3021 partim
3201 2950 3355 3013 falsa,
3393 2951 3596 3021 partim
3630 2951 3820 3007 alienis

2253 3046 2393 3102 facta
2444 3045 2780 3116 temporibus
2836 3045 2893 3098 in
2929 3044 3173 3099 eamdem
3218 3043 3509 3116 Myconum
3560 3043 3814 3099 inferciit.

577 3126 894 3218 griptores.
936 3124 1080 3218 Peue
1129 3124 1381 3181 Ovidium
1428 3129 1906 3218 praetermiseram,
1952 3132 2045 3202 qui
2094 3132 2149 3187 in
2177 3162 2218 3218 ε
2256 3136 2410 3204 (Nam
2450 3138 2505 3192 in
2550 3135 2739 3192 Graeco
2784 3137 2955 3201 nulla,
3013 3144 3069 3191 ut
3131 3138 3185 3190 in
3236 3136 3388 3192 Notis
3438 3136 3812 3199 observamus,

575 3213 758 3272 Fastis
802 3216 1083 3271 Pleiadum
1119 3228 1299 3273 ortum
1330 3218 1385 3272 in
1428 3234 1484 3272 ιιι
1532 3217 1659 3274 Idus
1698 3218 1867 3277 Maias
1897 3224 2140 3294 conjicit,

574 3309 670 3379 qui
702 3317 788 3366 est
811 3326 909 3364 xm
939 3310 1077 3375 dies,
1101 3318 1154 3365 et
1180 3311 1249 3364 ab
1279 3312 1607 3381 aequinoctio
1635 3314 2141 3386 quinquagesimus,

575 3401 646 3456 ab
680 3402 927 3471 ingressu
958 3416 1121 3471 porro
1150 3402 1207 3456 in
1237 3403 1503 3465 Arietem,
1535 3419 1699 3474 quem
1728 3406 1818 3460 ille
1847 3422 1916 3460 xv
1945 3406 2143 3462 Kalen-

575 3493 677 3549 das
708 3494 918 3564 Apriles
942 3494 1151 3561 statuit,
1177 3496 1659 3568 quinquagesimus
1681 3498 1966 3567 septimus.
1993 3500 2143 3558 Theo

576 3585 634 3641 in
658 3585 876 3642 Arateis
903 3587 1321 3643 Commentariis
1352 3586 1604 3644 Pleiadas
1644 3590 1778 3644 oriri
1810 3591 2010 3647 asserit
2037 3609 2142 3649 xxv

576 3678 782 3733 mensis
807 3675 1126 3732 Pharmutbi
1148 3698 1161 3733 :
1184 3680 1274 3748 qui
1299 3680 1353 3735 in
1383 3697 1452 3734 xx
1476 3679 1618 3735 diem
1642 3681 1844 3752 Aprilis
1865 3684 2030 3749 cadit,
2051 3688 2140 3741 ὅτε

576 3770 669 3821 καὶ
703 3769 798 3822 τοῦ
842 3768 1073 3841 Θερίζειν
1112 3772 1302 3843 καιρὸς
1340 3773 1398 3824 ὲν
1437 3772 1715 3842 Αἰγύπτῳ.
1750 3773 1914 3829 Addit
1949 3777 2141 3834 diebus

572 3869 697 3933 post
726 3861 1108 3932 aequinoctium
1142 3864 1534 3934 quinquaginta
1561 3865 1776 3921 duobus
1816 3867 1867 3922 id
1900 3868 2012 3923 ﬁeri
2037 3907 2053 3933 ,
2076 3884 2142 3925 ac

572 3966 687 4013 tum
709 3959 878 4013 solem
902 3958 959 4013 in
988 3956 1154 4014 Tauri
1181 3968 1333 4030 parte
1359 3976 1479 4016 esse
1504 3977 1639 4017 xvu.
1689 3961 1798 4018 Nos
1827 3964 1892 4019 ad
1915 3966 2141 4021 Alexan-

572 4051 704 4107 dria:
753 4053 916 4107 situm
973 4051 1212 4108 Theonis
1264 4069 1399 4119 aevo,
1462 4053 1566 4109 hoc
1611 4064 1694 4111 est
1746 4072 1890 4112 anno
1935 4058 2139 4115 Christi

571 4158 759 4209 ccccx,
796 4153 977 4199 ortum
1026 4146 1294 4200 heliacum
1343 4146 1537 4202 lucida:
1572 4146 1850 4203 Pleiadum
1894 4151 2139 4206 animad-

572 4238 834 4291 vertimus
870 4237 923 4290 in
959 4237 1129 4307 gradu
1164 4237 1327 4292 Tauri
1376 4255 1501 4294 xxv.
1548 4238 1957 4310 Equinoctium
2006 4249 2138 4299 tunc

571 4338 689 4383 erat
724 4330 778 4383 in
822 4328 998 4383 Martii
1038 4346 1167 4384 xxi:
1202 4347 1233 4383 a
1262 4347 1370 4400 quo
1404 4333 1577 4402 putati
1607 4333 1726 4389 dies
1768 4350 1839 4388 LII
1883 4334 2137 4391 desinunt

572 4420 626 4474 in
666 4439 696 4476 ν
742 4421 866 4476 Idus
915 4421 1103 4484 Maias.
1131 4423 1184 4477 id
1231 4432 1313 4478 est
1348 4425 1400 4477 in
1432 4440 1485 4477 xi
1519 4423 1664 4489 Maii,
1706 4425 1895 4497 Epipbi
1920 4442 2032 4481 xvt.
2066 4430 2135 4482 At

2248 3233 2527 3290 Pleiadum
2586 3232 2847 3303 mentio.)
2904 3231 3061 3299 Quod
3129 3240 3307 3286 autem
3367 3233 3503 3286 oriri
3564 3231 3814 3287 Kalendis

2243 3328 2520 3398 Aprilibus
2543 3328 2639 3389 ait,
2670 3326 3149 3382 hallucinationem
3183 3341 3304 3381 esse
3326 3325 3408 3380 vel
3439 3327 3705 3389 auctoris,
3733 3328 3812 3380 vel

2245 3419 2556 3489 interpretis
2596 3427 2850 3491 apparet;
2897 3433 3022 3474 nam
3069 3419 3229 3474 tertio
3260 3418 3516 3489 postdie
3560 3434 3811 3475 occasum

2242 3511 2361 3581 ejus
2395 3513 2577 3582 posuit
2608 3531 2621 3566 :
2654 3511 2746 3583 qui
2778 3512 2966 3582 utique
2989 3521 3168 3567 ortum
3201 3511 3492 3566 antecedit.

2310 3603 2386 3659 De
2429 3619 2629 3659 occasu
2681 3603 2963 3659 Pleiadum
2997 3619 3105 3659 non
3141 3604 3317 3658 minor
3360 3613 3448 3659 est
3480 3606 3802 3674 scriptorum

2241 3696 2509 3762 varietas;
2554 3696 2880 3750 matutinum
2923 3695 3067 3748 enim
3113 3694 3205 3749 alii
3249 3693 3442 3749 diebus
3481 3712 3640 3749 xtvm
3682 3703 3807 3764 post

2192 3816 2199 3827 ι
2242 3787 2625 3857 aequinoctium
2674 3787 2985 3842 autumnale
3033 3785 3315 3840 deﬁniunt.
3354 3784 3433 3840 Ita
3466 3786 3608 3841 Plin.
3644 3787 3677 3840 I.
3711 3784 3804 3853 XI,

2240 3896 2288 3936 c.
2331 3877 2469 3945 XVI,
2503 3879 2592 3933 ubi
2642 3886 2696 3934 et
2741 3878 2884 3934 diem
2946 3878 3178 3948 praeﬂuit
3224 3878 3350 3934 ldus
3396 3877 3720 3935 Novembris
3772 3894 3804 3932 a

2227 3960 2353 4043 'quo
2381 3977 2527 4025 retro
2555 3970 2727 4039 putati
2759 3969 2876 4025 dies
2913 3984 3080 4023 χινιιι
3117 3969 3375 4025 desinunt
3400 3972 3455 4025 in
3503 3986 3654 4024 xxvii
3705 3968 3801 4025 Se-

2239 4063 2520 4133 ptembris.
2552 4062 2732 4127 Quare
2760 4068 2883 4131 post
2903 4060 3289 4131 aquiuoctium
3324 4060 3624 4133 Sosigenis,
3658 4061 3801 4131 quod

2238 4156 2295 4210 in
2334 4170 2460 4209 xxvi
2497 4153 2830 4225 Septembris
2869 4151 3079 4211 Plinius
3119 4155 3373 4219 contulit,
3420 4155 3536 4209 dies
3582 4155 3654 4207 illi
3695 4170 3802 4224 pu-

2238 4246 2389 4300 tandi
2420 4254 2568 4300 sunt.
2594 4248 2661 4300 At
2683 4245 2824 4300 idem
2847 4243 3056 4301 Plinius
3085 4246 3179 4301 Iib.
3212 4244 3276 4313 ll,
3306 4262 3425 4318 cap.
3451 4245 3648 4307 XLVII,
3673 4258 3798 4317 post

2236 4337 2614 4407 tequinoctium
2642 4338 2969 4392 autummale
2995 4337 3185 4394 diebus
3209 4355 3332 4393 xciv
3361 4338 3597 4394 occidere
3623 4337 3801 4392 Pleia-

2235 4429 2333 4485 das
2361 4430 2469 4493 ait,
2503 4429 2666 4499 idque
2715 4446 2775 4484 ιιι
2817 4429 2941 4485 ldus
2975 4429 3293 4488 Novembris
3328 4431 3455 4486 ﬁeri.
3486 4429 3599 4485 lloc
3629 4430 3800 4487 modo

570 4528 690 4583 quae
723 4514 777 4567 in
808 4522 1048 4569 extrema
1070 4514 1293 4583 cuspide
1330 4526 1412 4569 est
1442 4516 1509 4570 ad
1544 4518 1829 4584 orientem,
1860 4518 2130 4574 heliacum
2164 4502 2208 4558 θ
2234 4521 2620 4592 aequinoctium
2654 4532 2916 4592 eongruet
2946 4521 3281 4591 Septembris
3315 4538 3499 4585 χχχιιι.
3520 4522 3609 4577 vel
3639 4538 3794 4577 xxix.

569 4613 748 4661 ortum
775 4607 963 4662 habuit
993 4608 1049 4662 in
1079 4608 1247 4680 gradu
1297 4607 1461 4663 Tauri
1496 4611 1586 4675 29,
1614 4611 1716 4678 55',
1760 4610 1888 4665 Maii
1912 4612 2133 4669 circiter

567 4713 699 4753 χιιι.
732 4697 916 4768 Itaque
951 4715 1060 4753 non
1100 4700 1166 4754 de
1197 4701 1424 4765 heliaco,
1458 4702 1553 4756 sed
1592 4702 1660 4757 de
1691 4704 1930 4758 cosmico
1956 4704 2134 4774 loqui-

570 4800 677 4845 Iur.
721 4788 931 4846 Rursus
966 4790 1186 4847 llesiodi
1229 4796 1428 4849 smculo
1474 4794 1528 4848 in
1560 4794 1764 4850 Bmotia
1795 4797 1984 4852 eadem
2017 4798 2131 4853 haec

570 4883 637 4936 ad
688 4884 951 4938 orientem
996 4893 1268 4953 postrema
1316 4883 1594 4941 Pleiadum
1641 4897 1820 4942 ortum
1864 4890 2130 4945 heliacum

568 4975 800 5029 faciebat
832 4977 885 5031 in
909 4976 1078 5047 gradu
1102 4974 1268 5031 Tauri
1294 4978 1380 5041 l7,
1404 4978 1505 5033 hoc
1534 4989 1615 5034 est
1648 4980 1701 5033 in
1732 4980 1816 5045 l6,
1848 4981 1889 5034 τ’
1917 4997 1931 5033 :
1968 4990 2132 5051 atque

567 5070 639 5124 ita
670 5067 908 5125 Theonis
938 5072 1101 5127 verba
1135 5073 1395 5142 capienda
1426 5082 1552 5130 sunt
1584 5074 1636 5128 in
1680 5076 1769 5129 illa
1797 5077 2128 5133 scholiorum

567 5162 836 5227 miscella,
873 5179 993 5234 qua:
1026 5180 1201 5234 neque
1242 5173 1507 5236 tempora,
1539 5183 1716 5237 neque
1754 5169 1916 5223 situm
1952 5170 2130 5239 regio-

566 5267 695 5306 num
727 5251 1031 5324 distinguit,
1061 5255 1342 5325 ?siquidem
1388 5258 1453 5311 ad
1506 5258 1769 5312 heliacum
1802 5260 2125 5329 pertineant.

634 5343 887 5401 Manilius
936 5347 1030 5401 lib.
1067 5345 1135 5413 V,
1168 5347 1428 5421 Vergilias
1454 5353 1585 5407 oriri
1637 5354 1827 5411 scribit
1878 5355 1930 5408 in
1979 5366 2127 5409 sexta

565 5445 715 5508 parte
730 5437 915 5505 Tauri;
934 5442 1013 5497 sic
1030 5442 1174 5497 enim
1194 5443 1336 5498 illius
1354 5445 1516 5500 verba
1535 5446 1934 5517 interpretanda
1958 5457 2087 5502 sunt
2111 5465 2126 5503 :

635 5562 840 5638 Taurus
871 5567 924 5619 in
958 5565 1203 5621 adversos
1224 5584 1447 5638 prwceps
1472 5580 1528 5623 ut
1559 5571 1769 5626 tollitur
1798 5583 1942 5626 ortus

634 5628 797 5685 Sexta
818 5646 965 5700 parte
992 5638 1077 5691 sui
1100 5628 1351 5693 certantes
1380 5628 1509 5695 lucis
1539 5642 1605 5694 ad
1641 5660 1805 5696 auras

636 5702 877 5756 Pleiades
907 5706 1072 5761 ducit.

560 5793 663 5854 Cui
693 5793 987 5851 assentitur
1029 5794 1298 5854 Firmicus
1325 5799 1443 5874 _Iib.
1488 5799 1619 5870 Vill,
1652 5820 1772 5877 cap.
1802 5803 1892 5861 VII
1920 5823 1933 5861 :
1993 5825 2010 5859 ι
2059 5805 2120 5864 lu
2149 5864 2179 5883 ρ

2231 4615 2392 4684 Atqui
2424 4614 2565 4669 idem
2604 4616 2769 4670 etiam
2803 4615 2998 4685 repetit
3026 4630 3145 4684 cap.
3182 4614 3325 4668 XXV
3369 4615 3491 4670 libri
3510 4613 3703 4678 XVIII,
3731 4633 3795 4670 ex

2232 4708 2460 4763 Caesaris
2485 4708 2822 4777 prmscripto.
2849 4707 3143 4761 Columella
3171 4708 3265 4762 lib.
3287 4706 3377 4772 IX,
3408 4723 3529 4778 cap.
3566 4707 3709 4771 XIV,
3730 4709 3798 4763 ab

2231 4800 2557 4870 aequinoctio
2620 4800 2816 4854 diebus
2881 4815 2947 4853 χι.
3000 4800 3247 4855 occidere
3301 4797 3553 4855 Pleiadas
3610 4800 3791 4856 refert.

2232 4888 2403 4944 Varro
2438 4890 2532 4945 lib.
2582 4888 2623 4948 l.
2671 4906 2791 4960 cap.
2833 4888 3073 4956 XXVIII,
3108 4891 3302 4946 diebus
3347 4908 3519 4947 χχχιι.
3554 4891 3637 4947 Ad
3684 4892 3796 4946 haec

2230 4981 2439 5039 Plinius
2474 4984 2565 5038 lib.
2602 4982 2787 5049 XVIII,
2821 4999 2940 5054 cap.
2976 4983 3143 5051 XXV,
3175 5001 3433 5040 occasum
3467 4986 3793 5040 matutinum

2230 5074 2509 5130 Pleiadum
2560 5092 2627 5131 ex
2680 5075 2913 5132 llesiodo
2965 5077 3191 5132 tradidit
3239 5077 3351 5132 ﬁeri
3389 5092 3514 5131 cum
3547 5077 3793 5147 acquino-

2231 5170 2395 5223 ctium
2442 5171 2686 5224 autumni
2735 5169 3132 5224 conﬁceretur:
3177 5186 3242 5226 ex
3276 5169 3501 5225 Thalete
3534 5184 3663 5225 vero
3707 5169 3793 5225 die

2232 5277 2357 5326 xxv,
2390 5261 2791 5317 Anaximandro
2826 5278 2971 5324 xxix.
3005 5261 3333 5318 Euctemone
3356 5276 3548 5316 χιινιιι.

2300 5351 2375 5406 Ex
2406 5354 2492 5409 his
2521 5354 2773 5408 omnibus
2812 5353 2954 5409 Iulio
2998 5354 3196 5410 Caesari
3246 5355 3483 5408 maxime
3528 5351 3791 5407 Varronis

2230 5443 2319 5496 illa
2359 5443 2621 5498 sententia
2652 5444 2922 5515 congruit,
2951 5447 2995 5501 si
3018 5445 3086 5501 de
3116 5461 3310 5501 occasu
3338 5446 3611 5500 matutino
3640 5460 3787 5507 vero.

2228 5546 2335 5584 non
2368 5542 2660 5602 apparente
2692 5549 2873 5588 sermo
2907 5535 3000 5590 sit.
3047 5533 3203 5589 llunc
3236 5536 3380 5590 enim
3429 5534 3791 5605 deprehendi-

2229 5640 2350 5678 mus
2386 5626 2437 5678 in
2474 5625 2643 5696 gradu
2679 5623 2886 5697 Scorpii
2932 5629 2985 5691 5,
3042 5627 3141 5683 17⁸.
3195 5626 3285 5682 Sic
3330 5629 3494 5683 etiam
3547 5627 3786 5681 Thaletis

2230 5719 2492 5782 tempore,
2531 5715 2632 5769 hoc
2663 5723 2745 5771 est
2772 5730 2917 5772 anno
2945 5715 3405 5788 periodiVlulianae
3428 5716 3589 5782 4113,
3622 5731 3784 5769 occa-

2228 5822 2321 5865 sus
2355 5807 2497 5863 idem
2540 5807 2843 5865 matutinus
2866 5822 3028 5864 verus
3058 5811 3110 5863 in
3143 5808 3370 5881 gradum
3406 5805 3583 5887 Librae
3616 5799 3798 5885 XXIV
