4036 6218
278 353 405 408 1⁸581

1080 344 1537 403 DlSSERTATlO
1577 343 1665 398 DE
1701 342 1889 400 ORTU
1929 342 2015 398 ET
2052 341 2322 398 OCCASU
2360 342 2683 400 SIDERUM.

3370 351 3395 405 1
3404 349 3509 408 383

274 469 571 543 competit:
615 470 758 542 quod
798 477 882 525 est
927 468 1207 523 eximium.
1258 466 1483 532 Verum,
1524 475 1588 522 ut
1630 481 1695 521 ex
1736 463 1845 520 Ge-
1870 473 1912 528 Α
1941 464 2061 527 σίας
2110 462 2315 532 potius,
2368 476 2532 533 quam
2587 462 2655 518 ad
2698 468 2922 518 exactos
2965 471 3123 519 ortus
3171 478 3507 537 occasusque

275 565 425 621 mino
454 573 508 618 et
543 562 829 617 Ptolemaeo
878 574 1042 630 supra
1073 559 1499 615 demonstratum
1537 565 1640 621 est,
1672 565 1827 613 ortus

277 655 635 728 acronychus,
668 662 720 709 et
756 668 985 709 occasus
1026 652 1325 706 matutinus
1360 665 1516 705 verus
1556 649 1624 703 ab
1664 662 1832 719 appa-

275 749 517 803 rentibus
546 747 879 816 discrepant.
921 745 1197 812 Quantum
1235 759 1364 799 vero
1395 743 1539 797 inter
1570 749 1832 810 utrosque

274 839 485 895 dierum
538 838 883 905 interjectum
939 837 1030 902 sit,
1081 850 1111 889 a
1162 834 1400 898 nemine,
1434 833 1579 903 quod
1638 832 1829 894 sciam,

273 931 600 1003 explicatum
632 936 717 985 est
746 948 759 987 :
794 929 1056 984 interesse
1090 935 1267 982 autem
1300 926 1524 995 aliquot,
1555 932 1663 977 tam
1696 922 1834 976 ratio

274 1025 413 1096 ipsa,
447 1037 609 1094 quam
633 1022 967 1093 experientia
1001 1020 1298 1075 convincit.
1329 1018 1597 1085 Quocirca
1635 1014 1836 1069 Anaxi-

272 1115 498 1171 mander
527 1113 593 1169 de
623 1122 914 1183 apparente
944 1111 1223 1166 Pleiadum
1255 1124 1455 1164 occasu
1474 1150 1489 1174 ,
1535 1106 1733 1162 Thales
1769 1105 1837 1161 de

272 1221 402 1261 vero
428 1206 721 1275 capiendus
754 1215 856 1260 est.
907 1204 964 1259 In
996 1202 1233 1258 Hesiodo
1264 1202 1404 1255 ratio
1448 1215 1559 1255 non
1599 1205 1833 1254 constat.

272 1294 406 1353 Nam
435 1297 612 1351 lucida
644 1295 921 1351 Pleiadum
953 1294 1073 1364 ejus
1097 1294 1295 1348 szeculo
1320 1305 1577 1347 occasum
1615 1290 1839 1343 matuti-

272 1408 404 1448 num
446 1392 637 1447 habuit
669 1392 724 1446 in
751 1389 919 1461 gradu
959 1388 1133 1443 Librae
1158 1387 1246 1451 l8,
1274 1386 1375 1442 47'.
1425 1384 1542 1439 Non
1572 1384 1706 1440 levis
1729 1383 1841 1438 for-

272 1492 419 1539 tasse
448 1484 686 1553 suspicio
729 1492 832 1545 est,
868 1480 1103 1535 Plinium
1143 1495 1240 1549 per
1283 1478 1703 1549 imprudentiam
1747 1492 1842 1531 oc-

271 1590 458 1631 casum
488 1573 810 1627 matutinum
835 1586 935 1640 pro
962 1570 1173 1625 heliaco
1206 1568 1526 1638 sumpsisse.
1564 1565 1664 1621 llic
1695 1567 1841 1621 enim

272 1664 493 1722 Hesiodi
520 1664 718 1720 saeculo
743 1660 1132 1735 propemodum
1157 1661 1213 1715 in
1242 1660 1626 1730 aequinoctium
1653 1660 1841 1713 incur-

273 1756 364 1810 rit.
405 1754 684 1825 Siquidem
728 1770 759 1809 e
801 1752 1165 1807 lucidioribus
1199 1751 1399 1814 tribus,
1427 1765 1549 1820 quae
1589 1750 1657 1805 ad
1704 1749 1843 1805 occi-

1930 562 2239 625 respectum
2274 554 2565 609 habuerint
2606 555 2979 610 mathematici
3028 563 3241 612 veteres
3288 557 3345 611 in
3389 558 3505 614 suis

1932 645 2431 717 parapegmatibus,
2478 656 2798 716 argumento
2844 658 2951 712 est,
3003 648 3170 718 quod,
3220 656 3280 703 ut
3340 649 3508 706 refert

1932 737 2084 793 Theo
2129 738 2183 792 in
2229 738 2462 804 Arateis,
2505 747 2891 810 parapegmata
2930 756 3031 795 sua
3068 741 3283 811 publice
3314 758 3510 813 propo-

1932 831 2137 885 nebant
2185 845 2311 884 cum
2358 830 2641 901 praesagiis
2674 839 3081 901 tempestatum,
3116 840 3424 899 ventorum,
3456 846 3510 890 ct

1934 924 1989 977 id
2023 938 2193 993 genus
2232 923 2483 987 aliorum,
2515 938 2636 993 qua:
2675 938 2817 978 anno
2857 932 2970 980 toto
3006 923 3191 979 futura
3226 927 3513 994 praescive-

1935 1022 2077 1069 rant.
2120 1012 2299 1069 Verba
2333 1013 2574 1070 Theonis
2621 1014 2785 1086 digna
2832 1025 2978 1079 sunt,
3023 1031 3144 1085 quae
3194 1016 3284 1070 hic
3338 1019 3512 1073 ascri-

1935 1105 2135 1159 bantur
2159 1120 2171 1154 :
2205 1105 2268 1158 Oi
2298 1104 2354 1157 δὲ
2382 1105 2518 1175 μετά
2545 1104 2776 1159 Μέτωνα
2802 1106 3124 1178 ἀστρονόμοι
3151 1107 3246 1159 καὶ
3281 1107 3512 1171 πίνακας

1942 1199 2000 1249 ὲν
2028 1198 2147 1259 ταῖς
2177 1195 2392 1249 πόλεσιν
2421 1195 2621 1267 ἔθηκαν
2654 1196 2782 1268 περὶ
2818 1196 2924 1250 τῶν
2960 1198 3053 1251 τοῦ
3100 1198 3249 1269 ἡλίου
3285 1216 3513 1273 περιφο-

1942 1286 2048 1359 ρῶν
2097 1286 2206 1339 τῶν
2255 1287 2922 1360 ὲννεακαιδεκαετηρίδων,
2979 1290 3060 1343 ὅτι
3117 1290 3238 1344 καθ’
3287 1290 3513 1344 ἕκαστον

1937 1358 2181 1431 ἐνιαυτὸν
2207 1377 2411 1430 τοιόσδε
2461 1377 2613 1433 ἔσται
2657 1358 2879 1450 χειμὼν,
2912 1379 3004 1432 καὶ
3034 1381 3232 1434 τοιόνδε
3260 1380 3378 1452 ἔαρ,
3420 1380 3513 1434 καὶ
3542 1358 3551 1368 ’

1937 1467 2136 1521 τοιόνδε
2175 1468 2350 1539 Θέρος,
2397 1469 2488 1522 καὶ
2534 1469 2737 1523 τοιόνδε
2790 1470 3149 1543 φθινόπωρον,
3180 1472 3277 1526 καὶ
3320 1472 3512 1525 τοιοίδε

1938 1561 2157 1631 ἄνεμον
2192 1561 2287 1614 καὶ
2327 1560 2496 1614 πολλά
2535 1561 2670 1631 πρὸς
2718 1560 2998 1631 βιωφελείς
3033 1564 3223 1634 χρείας
3264 1566 3374 1627 τοῖς
3420 1565 3514 1617 ἁν-

1940 1650 2198 1723 θρώποις.
2238 1651 2361 1707 Hazc
2394 1660 2572 1708 autem
2606 1652 2785 1708 omnia
2834 1670 2945 1708 non
2986 1656 3041 1708 in
3086 1655 3221 1726 ipsis
3262 1665 3513 1712 astrono-

1942 1744 2210 1800 micorum
2243 1753 2462 1800 ortuum
2490 1745 2574 1799 vel
2621 1760 2915 1800 occasnum
2954 1746 3273 1813 momentis,
3299 1748 3393 1803 sed
3422 1749 3515 1803 ali-

273 1849 491 1905 dentem
523 1848 716 1919 vergit,
750 1861 1008 1901 occasum
1043 1845 1309 1900 heliacum
1332 1842 1564 1899 faciebat
1592 1844 1645 1897 in
1670 1842 1841 1913 gradu
1871 1827 1915 1886 Β
1940 1836 2161 1907 quando
2192 1842 2337 1901 ante,
2370 1835 2453 1890 vel
2486 1842 2608 1905 post
2640 1835 2919 1890 observari
2960 1837 3157 1891 solent.

273 1938 475 1994 Arietis
521 1936 718 2008 primo,
757 1936 813 1990 id
842 1942 927 1990 est
950 1936 1006 1997 0,
1052 1934 1169 2000 51';
1206 1933 1487 1990 orientalis
1517 1934 1573 1989 in
1617 1936 1840 2009 cuspide

275 2034 379 2089 sita
407 2032 463 2086 in
490 2030 659 2103 gradu
685 2030 741 2095 2,
778 2029 879 2094 43',
927 2027 1372 2098 splendidissima
1414 2029 1657 2081 omnium
1694 2029 1748 2081 in
1781 2027 1836 2093 4,

271 2125 340 2179 8'.
385 2122 519 2178 Vide
566 2137 729 2193 quam
778 2122 919 2176 belle
975 2121 1041 2174 ad
1095 2119 1238 2173 hunc
1285 2118 1506 2174 modum
1556 2118 1842 2174 ratiocinia

272 2225 593 2287 congruant.
621 2213 754 2267 Nam
786 2214 854 2269 de
878 2228 1077 2268 occasu
1118 2213 1388 2268 matutino
1421 2210 1713 2267 falsissima
1751 2225 1841 2266 res

270 2317 377 2363 est.
412 2306 644 2361 Metonis
676 2321 838 2376 porro
885 2317 1145 2376 tempore,
1188 2303 1433 2374 adeoque
1468 2303 1838 2365 Euctemonis,

273 2415 502 2455 occasus
536 2399 834 2453 matutinus
869 2412 1030 2453 verus
1058 2395 1295 2451 Pleiadis
1318 2396 1375 2450 in
1412 2394 1589 2450 Librae
1627 2395 1718 2457 27,
1760 2377 1842 2447 u’

271 2492 527 2546 convenit
562 2509 574 2545 :
617 2491 685 2546 ad
718 2491 863 2561 quod
911 2490 1073 2560 spatii
1106 2489 1311 2559 aliquid
1359 2492 1580 2542 accedat
1627 2494 1843 2555 oportet

273 2584 340 2638 ad
373 2599 545 2653 usque
579 2583 922 2653 φαινόμενον,
954 2580 1114 2648 cujus
1146 2580 1309 2633 etiam
1339 2578 1652 2648 apparentis
1682 2591 1842 2630 occa-

271 2688 370 2729 sus
403 2673 602 2743 gradus
631 2671 797 2740 aliqui
820 2677 966 2724 sunt.
990 2668 1126 2722 Nam
1157 2668 1442 2739 paulatim,
1480 2667 1569 2720 ubi
1601 2666 1843 2737 longius-

269 2762 393 2816 cule
423 2762 490 2815 ab
520 2760 769 2831 opposita
808 2760 931 2813 οωιί
962 2760 1181 2830 regione
1229 2758 1312 2812 sol
1344 2755 1682 2822 discesserit,
1733 2767 1839 2811 tam

274 2853 329 2906 in
366 2859 511 2915 ortu,
539 2864 700 2920 quam
732 2848 788 2904 in
828 2862 1029 2904 occasu
1070 2848 1225 2905 stella
1254 2846 1628 2918 conspicitur;
1679 2846 1844 2917 idque

271 2942 529 2998 continue
555 2942 613 2995 lit
655 2940 847 2996 diebus
876 2940 1100 3010 aliquot.
1120 2938 1380 2995 Geminus
1401 2938 1546 2995 enim
1577 2937 1751 3007 capite
1773 2934 1843 2991 XI

273 3034 465 3091 scribit
501 3048 659 3088 veros
708 3042 863 3088 ortus
913 3040 968 3087 et
1018 3047 1249 3088 occasus
1290 3032 1586 3086 matutinos
1632 3031 1842 3101 priores

273 3141 396 3182 esse
439 3125 858 3196 apparentibus;
911 3125 968 3179 in
1015 3125 1345 3195 vespertinis
1390 3131 1583 3180 contra
1628 3122 1841 3193 priores

274 3231 398 3271 csse
434 3217 577 3270 veris
613 3222 953 3284 apparentes.
1001 3212 1169 3285 Igitur
1207 3222 1533 3286 apparentes
1581 3221 1757 3273 ortus.
1789 3219 1842 3266 et

272 3320 505 3360 occasus
539 3305 813 3368 matutini,
839 3319 975 3372 quas
1006 3303 1177 3359 Graeci
1206 3304 1593 3375 προανατολάς,
1628 3312 1681 3358 et
1712 3319 1843 3373 προ-

275 3395 596 3457 καταδύσεις
638 3394 777 3465 ἑῴας
800 3394 1132 3465 φαινομένας
1164 3397 1448 3449 nominant
1470 3434 1483 3459 ,
1526 3394 1723 3464 saepius
1754 3409 1843 3448 re-

275 3489 427 3558 petiti
472 3502 627 3543 veros
661 3493 985 3557 sequuntur,
1017 3486 1257 3557 quandiu
1300 3485 1560 3540 mediocri
1608 3485 1843 3539 intersti-

275 3584 354 3636 tio
387 3581 520 3637 solis
558 3589 737 3634 ortum
775 3578 976 3634 cadens
1008 3578 1093 3633 vel
1130 3577 1313 3633 oriens
1358 3577 1512 3632 stella
1545 3576 1839 3647 praevertit.

280 3672 371 3727 Sic
413 3673 575 3729 etiam
611 3679 736 3726 ante
785 3670 1153 3740 vespertinum
1201 3676 1381 3722 ortum
1438 3668 1737 3731 stellarum,
1787 3673 1842 3721 et

278 3780 537 3821 occasum
607 3762 855 3834 ἀληθινὸν
909 3761 1043 3817 ﬁunt
1109 3768 1435 3831 apparentes
1496 3759 1837 3829 complures;

279 3856 457 3928 quoad
502 3854 923 3926 modicospatio
955 3853 1236 3909 conditum
1258 3854 1432 3909 solem
1458 3860 1732 3919 ortusuo,
1759 3850 1842 3907 vel

280 3965 476 4004 occasu
508 3950 663 4004 stella
697 3949 1076 4017 consequitur.

347 4042 479 4109 Quae
507 4044 724 4098 demum
755 4040 1039 4096 varietatis
1069 4040 1215 4096 illius
1244 4038 1426 4095 all'erri
1450 4054 1613 4093 causa
1640 4044 1838 4108 potest,

279 4151 442 4206 quam
474 4138 635 4190 etiam
665 4135 840 4189 aetatis
881 4136 1025 4189 inter
1057 4131 1324 4202 ejusdem,
1359 4145 1422 4185 ac
1468 4129 1708 4200 regionis
1748 4144 1843 4182 au«

279 4236 459 4282 ctores
487 4227 801 4297 plerumque
831 4225 1108 4280 cernimus
1133 4241 1146 4278 :
1183 4223 1312 4278 dum
1356 4223 1495 4277 alius
1520 4220 1839 4285 orientibus,

279 4318 665 4375 cadentibusve
699 4317 872 4372 stellis
902 4317 1007 4370 alia
1038 4314 1344 4387 praescribit
1372 4323 1638 4384 tempora,
1673 4311 1843 4367 diem-

279 4426 385 4482 que
404 4409 675 4473 dillundit,
704 4417 762 4463 ut
802 4407 870 4462 ab
901 4408 969 4463 iis
1010 4405 1283 4470 terminis,
1326 4418 1464 4474 quos
1492 4418 1559 4459 ex
1598 4411 1844 4459 astrono-

2009 1927 2269 1984 Geminus
2298 1928 2351 1982 in
2381 1935 2764 1998 parapegmate
2788 1926 2953 1982 refert
2979 1943 3044 1983 ex
3065 1927 3276 1999 Calippi
3306 1926 3515 1985 descri-

1939 2019 2125 2091 ptione
2155 2018 2419 2089 Vergilias
2469 2020 2719 2073 occidere
2770 2018 2823 2072 in
2871 2027 3025 2088 parte
3069 2017 3281 2090 Scorpii
3315 2019 3398 2075 l6.
3441 2021 3512 2073 At

1940 2110 2163 2165 Eudoxo
2211 2110 2268 2163 in
2308 2108 2407 2175 19;
2452 2108 2770 2163 Euctemoni
2807 2124 2937 2164 vero
2983 2110 3036 2164 in
3082 2110 3169 2175 15,
3219 2128 3342 2166 cum
3388 2122 3514 2167 ante

1941 2197 2281 2254 Democritus
2324 2198 2379 2252 in
2428 2197 2462 2251 4
2508 2199 2812 2254 statuisset.
2843 2197 3005 2253 Liber
3041 2199 3108 2255 de
3156 2201 3513 2257 inerrantium

1941 2291 2456 2363 signiﬁcationibus,
2486 2290 2579 2360 qui
2612 2289 2903 2345 Ptolemaao
2934 2292 3212 2358 tribuitur,
3244 2291 3513 2365 Vergilia-

1942 2399 2063 2437 rum
2101 2383 2320 2437 occasui
2351 2383 2621 2435 matutino
2653 2383 2839 2453 plures
2880 2384 3107 2439 ascribit
3137 2383 3277 2452 dies,
3320 2399 3514 2456 nempe

1947 2472 2201 2528 Octobris
2251 2489 2364 2538 χιχ,
2416 2489 2573 2539 mu,
2625 2478 2813 2539 xxvu,‘
2844 2475 3115 2532 Kalendas
3158 2475 3513 2546 Novembres,

1940 2565 2082 2620 diem
2110 2565 2355 2635 ejusdem
2389 2581 2485 2630 vn,
2511 2580 2569 2619 xx
2597 2574 2651 2620 et
2680 2582 2800 2630 xm,
2834 2567 2927 2635 qui
2954 2583 3184 2623 occasus
3218 2570 3514 2639 superiori-

1940 2656 2044 2712 bus
2091 2657 2198 2713 illis
2243 2672 2274 2711 a
2306 2655 2534 2713 Gemino
2583 2658 2901 2712 memoratis
2939 2669 3380 2716 astronomorum
3418 2639 3514 2717 de;

1941 2752 2108 2805 cretis
2161 2748 2564 2804 accommodari
2616 2755 2868 2820 possunt,
2916 2751 2989 2804 ita
3018 2760 3076 2805 ut
3118 2768 3229 2807 non
3281 2769 3513 2810 occasus

1940 2842 2089 2908 veri,
2123 2841 2219 2898 sed
2252 2849 2578 2913 apparentes
2625 2840 2999 2912 intelligantur
3037 2859 3102 2899 eo
3147 2822 3308 2900 modo
3352 2860 3512 2917 quem

1942 2935 2185 3009 proxime
2222 2934 2629 3005 proposuimus.

2015 3026 2157 3083 Sane
2174 3025 2301 3081 Julii
2330 3025 2563 3083 Caesaris
2590 3035 2748 3084 aetate
2776 3042 2939 3084 verus
2964 3040 3194 3081 occasus
3212 3026 3511 3083 matutinus

1946 3118 2223 3176 Pleiadum
2274 3119 2448 3175 ﬁebar
2483 3122 2537 3174 in
2593 3128 2788 3192 quarta
2837 3128 2990 3190 parte
3026 3120 3259 3191 Scorpii.
3300 3120 3383 3175 Ab
3406 3120 3510 3176 hoc

1947 3219 2188 3279 tempore
2247 3208 2552 3277 interjectis
2604 3209 2798 3265 diebus
2855 3209 3066 3275 decem,
3118 3217 3211 3265 aut
3249 3218 3509 3282 quatuor-

1946 3301 2140 3367 dccim,
2194 3302 2471 3372 continget
2519 3316 2789 3372 apparens
2836 3319 3065 3358 occasus
3101 3302 3190 3358 die
3220 3304 3289 3359 ab
3337 3304 3509 3374 acqui-

1945 3394 2129 3448 noctio
2177 3407 2324 3460 xuv,
2362 3393 2447 3447 vcl
2508 3408 2697 3448 xum.
2759 3395 3000 3460 Quorum
3053 3405 3365 3466 utrumque,
3416 3396 3510 3455 sed

1947 3486 2082 3540 illud
2104 3485 2337 3541 maxime
2368 3485 2616 3556 Sosigeni
2647 3502 2711 3540 ac
2741 3486 2888 3541 Julio
2920 3486 3121 3543 Caesari
3158 3487 3457 3559 imputatur
3478 3502 3508 3543 α

1945 3561 2142 3635 Plinio.

2020 3671 2132 3727 Sub
2154 3672 2295 3727 idem
2336 3680 2549 3743 tempus
2592 3675 2862 3742 autumni,
2902 3683 3028 3730 ante
3059 3675 3387 3730 matutinum
3425 3690 3507 3731 oc-

1945 3780 2151 3829 casum,
2203 3764 2483 3820 Pleiadum
2531 3769 2878 3837 vespertinus
2929 3776 3085 3824 ortus
3130 3767 3332 3822 accidit
3366 3787 3380 3824 :
3420 3769 3508 3823 cui

1944 3857 2163 3928 quidem
2190 3856 2394 3913 diversi
2424 3858 2566 3928 apud
2592 3858 2879 3914 Geminum
2907 3870 2960 3914 et
2995 3859 3338 3916 Ptolemaeum
3371 3876 3506 3932 pra:-

1947 3947 2123 4004 stituti
2160 3955 2287 4002 sunt
2326 3948 2462 4003 dies.
2519 3948 2781 4003 Geminus
2834 3949 2910 4002 ait
2963 3948 3344 4004 Euctemonem
3386 3950 3444 4005 in
3475 3950 3507 4005 ὅ

1946 4041 2120 4096 Librae
2145 4051 2296 4111 parte
2336 4039 2614 4105 statuisse,
2647 4038 2930 4094 Eudoxum
2962 4040 3018 4094 in
3048 4040 3134 4095 10.
3175 4038 3330 4106 Quod
3357 4049 3415 4096 ut
3440 4039 3507 4098 de

1944 4132 2179 4205 ἀληθινῴ
2223 4132 2507 4203 capiatur,
2563 4132 2791 4202 contigit
2840 4130 3060 4187 llesiodi
3105 4131 3328 4188 saeculo.
3369 4130 3507 4187 Tum

1944 4228 2088 4282 enim
2128 4228 2182 4279 in
2230 4223 2407 4278 Libra:
2452 4224 2519 4279 10
2560 4231 2713 4294 parte
2757 4223 3075 4295 ἀκρονύχως
3100 4223 3419 4278 oriebantur
3451 4223 3507 4278 in

1945 4318 2150 4374 Gmcia
2210 4314 2459 4388 Vergiliae
2486 4332 2498 4367 :
2529 4314 2773 4369 Thaletis
2818 4323 2999 4369 autem
3049 4321 3294 4384 tempore
3326 4314 3380 4368 in
3416 4313 3505 4379 16,

1945 4406 2134 4462 eodem
2165 4406 2219 4460 in
2252 4408 2362 4459 situ
2416 4403 2675 4475 regionis.
2708 4406 2778 4457 At
2810 4401 3021 4461 Metone
3056 4405 3293 4470 vivente,
3330 4405 3387 4459 in
3415 4404 3504 4470 19,

276 4502 435 4557 micis
465 4501 669 4572 regulis
698 4499 1088 4570 triangulorum
1117 4513 1240 4568 ope,
1276 4511 1341 4551 ac
1363 4494 1619 4559 metliorlo
1644 4496 1842 4551 consti-
1873 4516 1915 4571 ι)
1944 4495 2069 4550 Julii
2108 4496 2342 4565 denique
2385 4494 2620 4550 Caesaris
2657 4509 2771 4549 :evo
2804 4496 2858 4547 in
2899 4494 2989 4548 25.
3036 4493 3213 4565 Atque
3256 4494 3338 4549 ha:
3380 4503 3506 4549 sunt

278 4593 503 4657 tuimus',
550 4592 857 4662 plusculum
904 4590 1175 4645 interdum
1221 4588 1477 4644 recedere
1528 4587 1838 4643 videantur.

278 4685 336 4738 Id
379 4700 445 4740 eo
477 4684 534 4738 lit
559 4685 703 4755 quod
734 4684 1027 4754 scriptores
1056 4682 1153 4745 illi,
1189 4682 1285 4751 qui
1328 4672 1511 4735 rerum
1553 4680 1636 4734 vel
1665 4686 1843 4749 gesta-

278 4788 401 4827 rum
441 4773 781 4838 memoriam,
810 4777 895 4827 vel
932 4770 1239 4825 communis
1266 4769 1334 4823 ad
1373 4784 1532 4824 usum
1569 4769 1692 4823 vitae
1714 4783 1840 4838 spe-

277 4865 542 4919 ctantium
582 4866 961 4920 traCtationem
994 4864 1310 4925 instituunt,
1338 4861 1585 4931 populari
1611 4862 1838 4923 trutina,

278 4965 332 5009 et
366 4971 648 5021 sensuum,
676 4956 932 5026 vulgique
954 4955 1164 5025 judicio
1196 4962 1249 5009 et
1297 4955 1682 5017 aestimatione,
1734 4967 1840 5006 non

279 5047 485 5113 limata,
516 5057 570 5102 et
592 5047 774 5102 subtili
804 5049 1016 5103 ratione
1049 5048 1152 5102 ista
1180 5046 1519 5101 describunt.
1555 5044 1736 5111 Quare
1771 5059 1836 5097 ex

278 5154 344 5192 eo
366 5139 513 5193 omni
554 5146 822 5209 tempore,
867 5140 1010 5208 quod
1057 5138 1298 5194 siderum
1332 5146 1488 5193 ortus
1525 5144 1581 5192 et
1607 5151 1839 5191 occasus

279 5230 524 5300 ἀκριϐεῖς
565 5231 823 5286 mediocri
865 5231 1043 5300 spatio
1091 5230 1177 5284 vel
1219 5229 1516 5284 matutinos
1565 5229 1836 5299 sequitur,

277 5322 364 5378 vel
402 5323 671 5377 antecedit
712 5321 1088 5392 vespertinas;
1137 5322 1228 5375 alii
1272 5322 1410 5377 alios
1449 5322 1656 5391 eligunt
1696 5321 1836 5386 dies,

278 5406 478 5487 quibus
506 5416 635 5470 oriri
659 5416 862 5477 stellas.
893 5415 977 5469 vel
1001 5414 1249 5469 occidere
1290 5414 1668 5485 pronuntiant,
1700 5429 1840 5482 pra:-

278 5508 467 5563 sertim
493 5522 617 5562 cum
648 5507 1006 5580 ἐπισημασίαι
1035 5505 1491 5573 vehementiores,
1520 5512 1573 5559 et
1596 5504 1837 5575 insignes

278 5599 421 5654 aeris
454 5600 781 5656 mutationes
816 5600 1060 5653 incidunt
1098 5616 1109 5651 :
1156 5612 1276 5667 qua:
1324 5598 1487 5652 certis
1534 5596 1641 5651 illis
1692 5596 1837 5661 side,-

275 5690 432 5746 ribus
494 5708 561 5748 ex
630 5694 850 5762 antiqua
911 5700 965 5747 et
1021 5705 1050 5744 a
1108 5690 1410 5759 majoribus
1455 5689 1653 5745 tradita
1718 5690 1837 5760 cpi-

276 5781 443 5839 nionc
463 5784 630 5840 tribui
653 5784 914 5841 solebant.
940 5783 1091 5850 Quod
1122 5780 1188 5836 ad
1218 5781 1463 5851 etl‘ectus,
1492 5791 1544 5840 et
1567 5784 1833 5854 ἐπισημα-

1943 4588 2208 4659 ἀληθιναὶ,
2239 4596 2291 4642 et
2318 4585 2605 4657 ἀκρόνυχοι
2630 4585 2872 4639 ἐπιτολαί
2888 4627 2903 4653 ,
2944 4601 3082 4656 quas
3104 4587 3287 4657 utique
3304 4601 3506 4656 prince-

1943 4679 2076 4733 dunt
2111 4690 2456 4749 apparentes.
2493 4679 2580 4734 Eae
2611 4696 2774 4751 porro
2806 4681 3053 4750 repetitis
3080 4681 3271 4735 diebus
3307 4679 3504 4749 saepius

1942 4770 2247 4825 incurrunt.
2301 4770 2379 4825 Ex
2432 4773 2632 4841 quibus
2676 4782 2825 4828 certa
2862 4774 2967 4828 sibi
3000 4772 3232 4843 quisque
3261 4781 3503 4842 tempora

1941 4864 2205 4931 sumpsit,
2239 4863 2438 4930 quibus
2469 4865 2599 4917 oriri
2633 4862 2878 4919 Pleiadas
2902 4866 3065 4935 paulo
3092 4874 3218 4935 post
3245 4878 3502 4919 occasum

1942 4954 2112 5008 solem
2140 4953 2365 5008 diceret.

2010 5047 2066 5102 In
2087 5046 2360 5102 Ptolemazi
2422 5050 2606 5105 libello
2646 5049 2840 5106 Latino
2865 5051 3117 5108 Octobris
3139 5052 3416 5117 Kalendis,
3447 5060 3501 5109 et

1941 5141 2181 5197 secundo
2230 5141 2339 5206 die,
2375 5158 2520 5197 nono
2543 5158 2606 5197 ac
2637 5143 2961 5199 duodecimo
2986 5186 3000 5211 ,
3042 5145 3181 5199 idem
3226 5145 3315 5201 ille
3348 5156 3502 5201 ortus

1940 5234 2249 5288 adnotatur.
2298 5232 2483 5291 Potest
2534 5234 2602 5290 de
2629 5242 2753 5291 ortu
2789 5251 2921 5292 vero
2962 5238 3037 5291 ita
3064 5238 3351 5308 scripsisse
3377 5238 3500 5293 libri

1940 5326 2104 5396 hujus
2132 5335 2325 5381 auctor
2348 5367 2362 5389 ,
2393 5328 2484 5397 qui
2530 5329 2737 5398 putavit
2774 5329 2830 5383 in
2855 5328 3071 5384 Libram
3102 5330 3307 5402 ingredi
3332 5334 3501 5388 solem

1937 5418 2024 5473 die
2056 5417 2393 5488 Septembris
2418 5437 2503 5474 xix
2535 5440 2547 5475 :
2581 5437 2610 5474 a
2643 5437 2751 5492 quo
2792 5419 3043 5477 Kalendae
3080 5423 3328 5480 Octobris
3354 5425 3502 5482 deci-

1937 5527 2059 5567 mus
2080 5512 2271 5566 tertius
2301 5512 2417 5566 dies
2445 5520 2527 5567 est
2546 5551 2561 5577 ,
2595 5529 2777 5569 nonus
2798 5529 2927 5569 vero
2953 5516 3241 5572 vicesimus
3264 5517 3499 5588 primus,

1936 5601 2286 5658 duodecimus
2352 5611 2578 5672 quartus
2614 5611 2671 5659 et
2715 5604 3031 5661 vicesimus.
3060 5603 3161 5671 Qui
3191 5615 3502 5677 postremus

1934 5694 2077 5747 ortui
2123 5693 2337 5747 Juliano
2372 5696 2678 5766 acronycho
2709 5696 2982 5763 convenit,
3033 5699 3214 5753 caeteri
3270 5697 3502 5755 Metonis

1935 5782 2271 5855 aliorumque
2294 5784 2494 5839 saeculo
2515 5786 2807 5857 quadrant.
2827 5784 2950 5842 Haec
2984 5802 3050 5842 ex
3080 5789 3318 5843 auctoris
3351 5785 3503 5842 illius
