4036 6218
535 270 674 331 1885

1547 269 1636 323 ΑἹ)
1673 268 1940 325 EUSEBII
1967 265 2360 326 CHRONICON
2400 264 2772 321 APPENDlX.

3631 267 3781 326 1384

532 386 667 440 falsa
693 382 1045 452 persuasione
1066 380 1132 436 de
1164 381 1418 454 ingressu
1454 383 1588 438 solis
1624 384 1680 438 in
1710 383 2097 440 dodecatemo-
2126 393 2174 450 Α
2202 383 2403 438 caelum
2447 390 2548 446 est,
2577 380 2849 436 horizonti
2897 377 3116 452 ἀτμὼδη
3155 379 3443 450 quemdam
3472 381 3653 436 aerem
3684 381 3784 434 in-

531 476 612 528 ria
635 481 824 524 octavo
845 480 970 526 ante
994 471 1250 526 cardines
1269 472 1372 526 die
1412 472 1556 527 haud
1587 473 1823 530 absurde
1851 476 2100 544 susipica-

529 579 692 618 mur:
725 563 967 632 alioquin
1022 565 1087 618 ad
1139 563 1467 636 φαινομένην
1514 565 1765 637 ἐπιτολὴν
1798 567 2098 638 ἀκρόνυχον

528 652 721 708 referri
765 660 1044 721 poterunt.

596 741 857 811 Sequitur
911 742 1256 812 vespertinus
1315 757 1554 798 occasus
1595 742 1896 810 Pleiadum,
1937 763 2098 818 quem

529 831 791 888 Geminus
827 833 1216 888 Euctemonem
1271 836 1344 887 ait
1386 835 1440 888 in
1473 836 1539 889 10
1586 845 1738 906 parte
1773 839 1970 893 Arietis
2004 856 2102 910 po-—

539 942 668 980 nere
693 944 708 992 ;
734 925 1014 979 Eudoxum
1041 934 1095 979 et
1127 924 1492 980 Democritum
1520 927 1574 980 in
1599 927 1683 980 15.
1719 927 1829 998 Ego
1861 929 2102 986 Thaletis

529 1025 769 1087 tempore
818 1032 1080 1070 occasum
1142 1017 1460 1072 earumdem
1519 1018 1790 1073 heliacum
1835 1022 2104 1077 accidisse

531 1108 810 1177 comperio
837 1109 890 1160 in
923 1116 1074 1177 parte
1091 1108 1294 1161 Arietis
1325 1108 1418 1171 10;
1450 1106 1680 1163 Metonis
1704 1117 1885 1164 autem
1914 1113 1966 1165 in
2000 1113 2099 1166 l5:

530 1199 674 1269 quod
697 1197 1090 1267 satisquadrat.
1107 1197 1354 1274 Addebat
1372 1197 1706 1255 Democritus
1729 1202 1894 1258 latere
1910 1203 2106 1258 deinde

530 1295 675 1340 totos
701 1287 818 1340 dies
846 1301 912 1339 XI.
943 1305 955 1338 :
983 1286 1126 1355 quod
1160 1285 1378 1340 Hesiodi
1415 1295 1657 1356 tempore
1702 1306 1888 1344 verum
1937 1291 2107 1348 fuisse

530 1365 1050 1430 demonstravimus.
1107 1373 1415 1440 Quinetiam
1465 1374 1706 1432 Thaletis
1739 1388 1984 1446 tempore
2011 1398 2104 1435 oc-

534 1481 695 1520 casus
729 1465 972 1520 hcliacus
1001 1466 1054 1518 in
1080 1465 1280 1520 Arietis
1327 1467 1388 1520 l0
1413 1507 1428 1530 ,
1472 1479 1624 1523 ortus
1658 1469 1891 1524 in'Tauri
1917 1472 1980 1524 16
2016 1473 2109 1526 ﬁe-

535 1555 1037 1611 batzintervallum
1103 1557 1316 1610 dierum
1373 1573 1467 1612 sex
1524 1568 1578 1614 et
1626 1562 1868 1631 triginta.
1905 1561 2107 1617 Verum

535 1648 641 1703 hoc
679 1648 734 1702 in
800 1665 909 1702 una
937 1647 1296 1720 Vergiliarum
1345 1652 1525 1708 lucida
1560 1655 1788 1724 contigit
1825 1674 1837 1708 :
1868 1671 1992 1709 nam
2024 1657 2109 1710 ul-

533 1740 666 1795 tima
711 1740 779 1794 ad
821 1741 1087 1795 orientem
1119 1753 1356 1812 quatuor
1385 1745 1469 1798 vel
1503 1745 1742 1816 quinque
1771 1747 1962 1802 diebus
1984 1755 2108 1817 post

537 1833 680 1886 illam
712 1839 890 1886 ortum
924 1832 1192 1886 heliacum
1223 1833 1432 1898 habuit,
1473 1842 1531 1888 ut
1571 1837 1637 1890 de
1668 1844 1782 1891 toto
1819 1840 2106 1895 asterismo

535 1923 882 1978 verissimum
914 1922 1008 1986 sit,
1037 1924 1262 1978 latuisse
1292 1924 1410 1996 dies
1443 1926 1684 1981 totidem.
1719 1928 1948 1983 Metonis
1981 1946 2108 1987 ecce

537 2024 778 2085 tempore
803 2014 992 2068 lucidae
1025 2012 1305 2069 Pleiadum
1352 2030 1583 2070 occasus
1624 2017 1866 2073 heliacus
1911 2021 2105 2076 incidit

537 2105 594 2160 in
619 2105 846 2176 gradum
887 2105 1090 2159 Arietis
1119 2105 1205 2168 15,
1229 2113 1383 2160 ortus
1417 2114 1704 2176 postrema:
1744 2109 1812 2162 ad
1843 2111 2106 2168 orientem

539 2198 781 2252 heliacus
811 2199 865 2252 in
895 2197 1119 2268 gradum
1151 2196 1315 2252 Tauri
1356 2199 1428 2254 25
1467 2217 1479 2252 :
1515 2199 1860 2256 intervallum
1897 2204 2108 2261 dierum

537 2301 671 2342 xm.
729 2285 820 2341 Sic
874 2286 930 2340 in
984 2301 1089 2340 una
1136 2286 1314 2340 lucida
1360 2287 1725 2358 Vergiliarum
1763 2291 1948 2350 Roma:
1977 2295 2106 2351 Julii

538 2371 769 2436 Caesaris
827 2392 1068 2452 tempore
1109 2383 1342 2452 idipsum
1393 2384 1636 2454 reperies
1670 2401 1681 2433 :
1710 2402 1835 2441 nam
1877 2404 2107 2449 occasus

540 2464 780 2528 heliacus
830 2473 886 2527 in
943 2473 1112 2542 gradu
1160 2473 1362 2528 Arietis
1402 2475 1490 2541 18,
1525 2479 1678 2532 ortus
1731 2479 1787 2532 in
1834 2479 2000 2536 Tauri
2038 2485 2108 2539 '50

541 2563 725 2622 factus
753 2573 872 2619 est:
904 2564 1200 2618 discrimen
1251 2564 1462 2620 dierum
1494 2582 1625 2622 χιιι.
1668 2567 1941 2628 Ptolemaei
1974 2575 2109 2630 liber

544 2655 774 2734 Latinus
807 2647 1011 2726 Aprilis
1050 2672 1109 2710 ιιι
1140 2657 1367 2732 ascribit
1411 2672 1668 2714 occasum
1739 2665 2108 2734 vespertinum

539 2728 904 2817 Vergiliarum
939 2747 1072 2817 :qui
1130 2747 1248 2802 dies
1273 2728 1358 2803 est
1403 2748 1647 2806 decimus
1691 2728 1867 2808 nonus
1907 2769 1938 2808 a
1972 2754 2108 2810 falso

539 2851 701 2908 quem
760 2836 968 2906 putavit
1033 2836 1233 2892 Arietis
1290 2837 1560 2908 ingressu.
1627 2838 1852 2897 Ovidius
1909 2845 2109 2914 Aprilis

541 2925 780 2982 secundo
843 2927 1056 2997 posuit:
1091 2927 1183 2996 qui
1210 2935 1264 2982 et
1305 2928 1506 2985 Arietis
1537 2931 1753 2986 Initium
1791 2935 2002 2990 confert
2050 2938 2106 2991 in

2166 518 2181 536 ,
2202 477 2405 530 cubare
2433 474 2502 529 ad
2536 473 2874 528 altitudinem
2922 471 3160 542 partium
3188 471 3412 526 circiter
3452 470 3541 537 17,
3563 479 3659 526 aut
3684 473 3784 536 I8,

2200 566 2429 620 densum
2485 565 2642 630 adeo,
2679 573 2739 618 ut
2771 580 2866 634 per
2895 564 3044 617 illum
3071 565 3303 632 majores
3330 564 3501 620 stella:
3529 580 3641 619 non
3665 571 3787 619 tra-

2200 655 2452 718 luceant,
2517 655 2622 708 nisi
2660 668 2825 724 supra
2883 653 3223 707 horizontem
3263 653 3526 724 gradibus
3569 654 3788 724 aliquot

2203 745 2548 811 exstiterint;
2585 742 2832 798 Pleiades
2864 758 2992 797 vero
3038 744 3095 796 in
3138 743 3256 812 ipso
3303 742 3477 814 gradu
3519 741 3588 798 17
3634 757 3786 814 sape

2203 840 2527 896 delitescant
2558 858 2571 892 :
2601 839 2746 910 quod
2803 846 3067 892 autumno
3115 853 3225 892 non
3264 838 3436 892 semel
3489 853 3551 893 se
3583 839 3785 893 obser-

2201 949 2361 987 vasse
2373 932 2678 986 conlirmat.
2704 931 2783 984 Ex
2805 944 2914 1000 quo
2940 944 3078 984 nova
3099 928 3333 999 quadam
3367 929 3582 984 ratione
3614 929 3784 994 oriri,

2202 1024 2289 1079 vel
2319 1023 2571 1078 occidere
2613 1023 2769 1078 stella
2819 1023 3041 1087 dicitur,
3086 1021 3304 1092 quando
3336 1037 3404 1076 ex
3448 1021 3540 1075 illo
3573 1020 3788 1091 vapore

2205 1116 2457 1186 primitus
2483 1115 2729 1186 emergit,
2767 1121 2859 1168 aut
2887 1116 2940 1168 in
2968 1129 3092 1168 eum
3123 1113 3399 1168 conditur.
3432 1113 3528 1168 His
3550 1130 3620 1168 ex
3643 1129 3783 1168 cau-

2207 1207 2286 1263 sis
2317 1208 2651 1278 scriptorum
2689 1207 2778 1260 illa
2798 1206 3034 1260 varietas
3057 1206 3110 1258 in
3129 1205 3464 1275 designando
3495 1200 3786 1260 stellarum

2210 1309 2357 1364 ortu,
2391 1313 2698 1368 occasuque
2735 1298 2953 1368 petitur.
2982 1295 3114 1350 Nam
3145 1297 3209 1351 ad
3242 1296 3429 1365 viginti
3457 1295 3575 1350 dies
3606 1311 3787 1367 usque

2208 1396 2332 1458 post
2374 1403 2556 1452 veros,
2611 1394 2934 1458 apparentes
2965 1386 3053 1441 isti
3085 1393 3239 1441 ortus
3288 1385 3784 1457 immersionesque

2208 1481 2552 1552 Contingunt.

2815 1591 3046 1648 CAPUT
3089 1591 3157 1646 Χ.

2137 1722 2182 1780 Β
2210 1685 2286 1740 De
2317 1686 2568 1756 bipartita
2603 1686 2728 1738 anni
2782 1687 3027 1780 sectione,
3077 1701 3233 1780 quam
3269 1685 3514 1756 Vergiliis
3545 1687 3784 1760 plerique

2867 1755 3126 1808 tribuunt.

2279 1848 2523 1904 lllustres
2550 1847 2606 1902 in
2636 1847 2775 1903 caelo
2799 1845 3067 1917 Vergilias
3092 1862 3154 1902 ea
3184 1863 3271 1902 res
3306 1847 3657 1918 potissimum
3706 1851 3783 1905 fe-

2209 1941 2303 2008 cit,
2340 1941 2482 2012 quod
2505 1956 2690 1996 earnm
2725 1940 3109 1994 observatione
3147 1955 3358 1994 annuas
3403 1939 3778 2011 tempestates,

2209 2043 2323 2089 tum
2371 2034 2564 2088 messis
2616 2047 2679 2086 ac
2712 2031 2970 2087 sementis
3002 2039 3243 2101 tempora
3281 2032 3620 2104 distinguere
3643 2051 3783 2089 tuor-

2208 2125 2344 2179 tales
2372 2123 2642 2194 quondam
2663 2123 2921 2177 solerent.
2941 2120 3149 2176 Etenim
3177 2122 3476 2178 matutinus
3492 2121 3776 2177 Pleiadum

2207 2223 2392 2280 ortus,
2424 2225 2479 2271 et
2509 2215 2750 2286 ὲπιτολὴ,
2802 2230 2962 2285 quem
3020 2213 3284 2268 heliacum
3320 2225 3533 2281 vocant,
3569 2219 3781 2272 aestatis

2209 2322 2274 2361 ac
2321 2307 2516 2362 messis
2569 2307 2783 2361 initium
2817 2306 3015 2374 dabat;
3048 2321 3278 2363 occasus
3317 2323 3438 2362 vero
3468 2309 3780 2364 matutinus

2208 2397 2406 2454 hiemis
2431 2405 2590 2467 atque
2641 2398 2921 2474 sementis.
2956 2396 3034 2450 Ita
3082 2397 3332 2452 bifariam
3362 2398 3776 2468 quodammodo

2207 2491 2588 2564 partiebantur
2613 2505 2836 2545 annum.
2869 2489 3047 2546 Testis
3065 2494 3149 2546 est
3179 2489 3433 2546 Hesiodus
3458 2491 3774 2560 antiquitus

2209 2584 2262 2640 id
2299 2583 2354 2638 in
2389 2583 2594 2639 Gracia
2647 2582 2849 2636 factum
2877 2597 2998 2638 esse
3023 2582 3273 2638 versibus
3313 2583 3399 2651 iis,
3426 2589 3560 2652 Quos
3590 2583 3779 2654 capite

2209 2676 2480 2748 superiori
2515 2676 2817 2732 retulimus.
2851 2659 2985 2730 Tum
3011 2676 3267 2754 deinceps
3302 2675 3572 2732 innumeri
3601 2677 3780 2733 Grzeci

2209 2785 2273 2825 ac
2314 2769 2492 2824 Latini
2544 2769 2766 2840 scriptis
2824 2769 2965 2823 idem
3025 2768 3332 2837 prodidere.
3370 2768 3551 2836 Quare
3600 2770 3780 2827 Theo.

2210 2861 2468 2932 phrastus
2494 2861 2634 2915 libro
2661 2861 2735 2915 De
2758 2861 2922 2932 signis
2955 2861 3250 2930 pluviarum
3274 2859 3543 2929 Vergilias
3575 2877 3776 2918 annum

2211 2951 2461 3008 bifariam
2515 2951 2704 3028 partiri
2767 2951 2955 3007 scribit
3002 2950 3086 3004 his
3136 2935 3317 3005 verbis
3358 2969 3371 3004 :
3414 2952 3779 3022 Διχοτομεῖδὲ

542 3033 612 3071 XV
649 3014 918 3072 Κλιθηάδε
955 3018 1165 3113 Aprili”
1205 3034 1375 3113 a_fl“°
1414 3011 1685 3078 secundus
1718 3023 1916 3094 ΑΡΓίίίε
1963 3025 2108 3082 ἀείτί·
2137 3057 2179 3113 (ζ
2211 3044 2298 3096 τὸν
2322 3043 2416 3112 μὲν
2438 3011 2677 3095 tinctu-cini
2697 3041 2894 3104 Πλειὰς
2926 3058 2984 3093 τε
3015 3041 3246 3112 δυομένη
3269 3041 3360 3094 καὶ
3389 3011 3774 3096 ἀνάνέλὶῖουςα·

542 3124 666 3164 mus
699 3117 884 3164 sextus
944 3116 1029 3163 est
1073 3109 1208 3164 dies.
1242 3106 1365 3165 Haec
1412 3127 1517 3166 non
1552 3114 1690 3168 male
1733 3131 1855 3170 cum
1906 3133 2106 3173 occasu

543 3197 736 3255 lucida:
764 3199 1041 3253 Pleiadum
1078 3203 1446 3258 astronomico
1488 3208 1856 3262 consentiunt.
1903 3208 2108 3267 Exinde

541 3306 618 3343 xu
652 3289 851 3359 Aprilis
893 3285 1251 3360 Vergiliarum
1304 3295 1572 3364 reliqhum
1617 3295 1870 3352 occidere
1895 3300 2103 3358 scribit.

543 3379 719 3433 Etiam
743 3380 843 3433 hoc
881 3391 1263 3442 consentanee,
1300 3382 1490 3452 utjam
1519 3381 1774 3437 diximus.

613 3470 683 3522 At
735 3467 942 3524 Plinius
1003 3469 1096 3523 lib.
1153 3469 1338 3534 XVIII,
1385 3487 1505 3541 cap.
1551 3470 1930 3536 XXVI,tertio
1958 3472 2100 3530 Non.

542 3558 746 3630 Aprilis
797 3560 851 3614 in
910 3563 1089 3614 Attica
1144 3563 1355 3633 vesperi
1397 3564 1661 3617 occultari
1693 3563 1958 3635 Vergilias
2009 3568 2104 3631 ait,

545 3651 762 3705 easdem
796 3652 1058 3720 postridie
1089 3653 1141 3706 in
1166 3653 1404 3717 Bmotia;
1437 3654 1635 3710 Caesari
1664 3665 1842 3710 autem
1868 3665 1920 3711 et
1945 3657 2107 3713 Chal-

545 3742 678 3798 datis
707 3742 892 3798 Nonis.
926 3744 1262 3799 Columnella
1296 3746 1386 3799 lib.
1432 3742 1521 3813 IX,
1549 3763 1668 3817 cap.
1700 3749 1758 3810 Il.
1793 3757 1996 3803 octavo
2026 3749 2102 3806 Id.

544 3835 748 3904 Aprilis
775 3835 865 3904 qui
900 3834 1017 3889 dies
1039 3844 1122 3890 est
1168 3846 1377 3901 sextus,
1407 3836 1669 3908 Vergilias
1702 3855 1924 3908 vespere
1945 3843 2106 3897 celari

545 3926 708 3993 dicit;
743 3926 956 3981 decimo
984 3943 1110 3982 vero
1141 3927 1409 3985 Kalendas
1441 3929 1608 3986 Maias
1637 3946 1758 3984 cum
1791 3932 1904 3986 sole
1929 3935 2056 3988 oriri
2089 3953 2102 3990 :

544 4035 705 4090 quem
735 4027 916 4074 ortum
949 4022 1245 4076 cosmicum
1281 4031 1496 4077 vocant.

615 4105 894 4162 Postremo
922 4125 1022 4164 nec
1047 4111 1175 4163 illud
1207 4111 1306 4165 hoc
1331 4112 1383 4166 in
1409 4114 1622 4182 negotio
1653 4115 2106 4170 contemnendum

544 4197 758 4252 videtur
783 4217 794 4252 :
821 4198 925 4254 diei
975 4201 1300 4272 principium
1350 4219 1458 4258 non
1491 4203 1558 4259 ab
1593 4206 1710 4276 ipso
1737 4215 1943 4260 tantum
1976 4208 2107 4263 solis

545 4295 758 4354 exortu,
787 4287 882 4344 sed
912 4288 981 4342 ab
1003 4305 1200 4343 aurora
1230 4289 1344 4358 ipsa
1363 4332 1378 4356 ,
1418 4294 1503 4347 vel
1537 4294 1971 4350 increbrescente
2000 4312 2109 4350 ma-

2209 3135 2316 3188 ἀπὸ
2342 3133 2449 3205 γὰρ
2469 3133 2673 3198 δύσεως
2711 3134 2870 3205 μέχρι
2903 3134 3166 3203 ἀνατολῆς
3197 3120 3257 3186 ab
3284 3135 3452 3204 ἥμισυ
3485 3134 3578 3188 τοῦ
3603 3137 3778 3187 ἐνιαυ-

2206 3227 2303 3280 τοῦ
2357 3229 2521 3281 ἐστιν.
2553 3246 2571 3280 t
2615 3226 2814 3282 Secant
2861 3243 3058 3280 annum
3109 3228 3364 3296 bipartito
3416 3226 3778 3297 Vergiliarum

2209 3328 2435 3375 exortus
2467 3330 2520 3373 et
2547 3335 2799 3375 occasus.
2837 3317 2921 3373 Ab
2951 3333 3149 3374 occasu
3177 3319 3320 3374 enim
3352 3319 3570 3372 illarum
3604 3335 3779 3390 usque

2208 3411 2277 3464 ad
2302 3421 2574 3474 exortum,
2613 3411 2738 3464 anni
2796 3409 3080 3464 dimidium
3127 3418 3227 3464 est.
3267 3429 3286 3461 ι
3325 3407 3482 3475 Quod
3523 3411 3696 3478 ipsum
3724 3416 3780 3464 et

2208 3501 2381 3558 Varro
2435 3502 2678 3572 sequitur
2700 3501 2794 3555 lib.
2839 3499 2858 3553 l
2896 3500 2969 3552 De
3003 3517 3056 3554 re
3096 3508 3255 3566 rust.,
3287 3514 3410 3568 cap.
3449 3497 3696 3564 XXVIEI;
3727 3509 3780 3554 et

2207 3592 2406 3648 diserte
2454 3592 2662 3647 Plinius
2699 3593 2789 3646 lib.
2827 3591 3016 3658 XVIII,
3075 3607 3193 3660 cap.
3228 3589 3421 3654 XXIX,
3457 3592 3550 3645 ubi
3585 3588 3779 3662 Vergi-

2210 3686 2311 3740 lias
2360 3703 2379 3737 ι
2424 3693 2614 3740 exortu
2671 3700 2769 3738 suo
2824 3692 3065 3737 mstatem
3137 3683 3373 3752 incipere
3418 3683 3523 3748 ait,
3576 3698 3779 3737 occasu

2207 3777 2462 3842 hiemem,
2522 3776 2767 3830 semestri
2829 3774 3006 3844 spatio
3046 3775 3187 3828 intra
3232 3791 3290 3831 se
3336 3791 3562 3839 messes,
3590 3777 3778 3830 vinde-

2209 3868 2473 3937 miasque,
2535 3875 2588 3921 et
2631 3866 2872 3920 omnium
2921 3869 3292 3921 maturitatem
3353 3869 3685 3938 complexus.
3751 3886 3770 3919 ι

2216 3962 2416 4015 Aratus
2445 3976 2574 4016 vero
2609 3979 2624 4014 :

2206 4077 2276 4143 ᾼὶ
2291 4073 2406 4142 μὲν
2421 4074 2574 4142 ὅμως
2603 4074 2794 4142 ὀλίγαι
2821 4073 2915 4126 καὶ
2934 4072 3218 4143 ἀφεγγέες
3237 4089 3249 4103 ⁸
3281 4071 3420 4126 ἀλλ’
3445 4073 3770 4140 ὀνομαστοὶ

2207 4141 2354 4211 Ἦρι,
2385 4141 2479 4197 καὶ
2506 4141 2773 4210 ἑσπέριαι
2794 4161 2805 4173 ⁸
2842 4141 2989 4208 Ζεὺῤ
3013 4141 3065 4195 δ⁶
3102 4145 3289 4209 αἴτιος
3312 4145 3696 4206 εἱλίσσονται,

2213 4217 2307 4280 Ὃς
2329 4216 2504 4282 σφίσι
2536 4214 2632 4266 καὶ
2660 4212 2880 4280 θέρεος,
2904 4215 2997 4266 καὶ
3031 4214 3306 4283 χείματος
3332 4212 3681 4280 ἀρχομένοιο

2208 4286 2532 4353 Σημαίνειν
2557 4283 2904 4347 ἐκέλευσεν,
2929 4283 3327 4366 ἐπερχομένου
3349 4285 3394 4335 τ’
3427 4284 3678 4350 ἀρότοιο.

545 4383 720 4435 tutino
741 4384 1064 4454 crepusculo
1083 4385 1418 4455 populariter
1448 4389 1620 4458 accipi
1655 4407 1668 4442 :
1700 4390 1859 4445 linem
1890 4407 2106 4461 quoque
2138 4397 2183 4451 D
2208 4376 2398 4431 Cicero
2423 4394 2436 4429 ε

543 4473 678 4526 alias
700 4470 768 4526 ab
791 4489 988 4528 occasu
1010 4476 1161 4536 solis.
1189 4475 1324 4529 alias
1353 4477 1419 4530 ab
1463 4477 1730 4533 lucidiore
1763 4484 2106 4550 crepusculo.

545 4562 637 4618 Sic
664 4564 879 4620 Orionis
919 4567 1315 4638 προκατάδυπιν
1361 4568 1501 4639 ἑῴαν
1549 4570 1750 4626 Aratus
1796 4572 2106 4646 descripsit,

543 4666 604 4712 ut
631 4659 849 4729 exponit
878 4657 1026 4712 Theo
1059 4677 1073 4712 :

719 4815 740 4845 ,ί
812 4813 827 4830 .
907 4817 918 4828 .
997 4777 1029 4829 ό
1056 4775 1123 4828 δὲ
1163 4775 1364 4830 δύεται
1391 4777 1533 4844 ἠῶθι
1562 4777 1670 4845 πρὸ

731 4844 959 4911 Ἆθρόος
1001 4847 1296 4914 Ὠρίωνα..

543 4954 784 5008 τουτέστι
813 4957 918 5027 πρὸ
951 4957 1046 5028 τῆς
1071 4957 1221 5026 ἠοῦς,
1261 4977 1280 5010 ο
1321 4967 1446 5014 ante
1483 4975 1759 5016 auroram.
1798 4981 1817 5013 ι
1852 4961 2011 5028 llinc,
2049 4973 2111 5018 ut

542 5044 688 5115 quod
744 5062 970 5116 quaeque
1017 5050 1170 5102 stella
1215 5050 1537 5105 alterutrum
1583 5053 1840 5122 prmcedit
1895 5054 2106 5109 initium

542 5134 768 5188 ﬁnemve
825 5137 1091 5206 sequitur,
1147 5142 1217 5192 ita
1251 5138 1371 5208 eius
1419 5141 1646 5197 orientis
1680 5142 1763 5197 vel
1807 5143 2108 5199 occidentis

543 5223 754 5280 diversa
785 5228 958 5296 spatia
983 5231 1242 5284 consului
1280 5232 1546 5287 solebant.

610 5313 876 5373 Praeterea
909 5319 1093 5376 docuit
1125 5339 1226 5377 nos
1269 5321 1595 5378 (iodelridus
1629 5321 1987 5388 Vendclinus,
2021 5326 2105 5380 vir

542 5407 600 5460 in
628 5408 712 5464 bis
728 5409 1034 5481 disciplinis
1065 5414 1310 5483 apprime
1345 5414 1538 5470 doctus
1584 5429 1648 5470 ac
1669 5417 1972 5470 cmlestium
2009 5418 2106 5471 ob-

542 5501 910 5556 servationum
943 5519 1044 5558 usu
1076 5505 1330 5571 detritus,
1368 5505 1810 5562 animadversum
1835 5524 1864 5561 a
1896 5525 1953 5563 se
1980 5525 2105 5578 par-

541 5589 641 5643 tim
694 5589 749 5643 in
797 5592 1119 5649 Massiliensi
1175 5598 1474 5666 provincia,
1525 5603 1722 5669 partim
1776 5599 1828 5653 in
1891 5599 2100 5670 Belgio,

542 5678 747 5738 sativis
798 5682 986 5742 diebus
1007 5695 1059 5742 et
1099 5696 1378 5755 autumno,
1413 5705 1533 5744 cum
1578 5705 1834 5747 serenum
1871 5691 2102 5747 maxime

2284 4471 2353 4521 At
2383 4483 2626 4536 magnum
2657 4483 2840 4520 nomen
2861 4468 3014 4538 signi.
3042 4467 3342 4537 clarumque
3371 4477 3604 4530 vocatur,

2293 4538 2590 4606 Propterea,
2626 4538 2759 4606 quod
2784 4547 2830 4590 et
2853 4539 3047 4592 wstatis
3079 4539 3366 4605 primordia
3388 4539 3607 4601 clarent,

2282 4599 2350 4660 Et
2382 4599 2496 4674 post
2530 4599 2728 4662 hiberni
2759 4599 3097 4676 prwpandens
3149 4611 3390 4675 temporis
3425 4620 3569 4661 ortus

2283 4678 2557 4743 Admonet,
2585 4689 2641 4732 ut
2666 4681 2908 4733 mandem
2936 4678 3180 4732 mortales
3210 4679 3406 4731 semina
3435 4678 3609 4732 terris.

2284 4791 2392 4846 Sed
2429 4793 2696 4847 matutino
2744 4793 2795 4846 id
2819 4800 2939 4848 ortu
2964 4802 3017 4847 et
3048 4807 3244 4847 occasu
3273 4789 3452 4846 facere
3481 4789 3774 4860 Vergilias.

2213 4885 2413 4942 Aratus
2470 4887 2690 4952 cecinit,
2745 4903 2852 4942 non
2907 4887 3161 4958 exprimit
3207 4886 3419 4939 Cicero.
3453 4885 3523 4937 At
3571 4881 3775 4938 Festus

2211 4976 2447 5035 Avienus
2475 4977 2580 5035 hoc
2623 4979 3064 5050 interpretatione
3093 4994 3191 5034 sua
3220 4976 3487 5032 reddidit:

2353 5133 2366 5146 .
2445 5133 2459 5148 .
2538 5135 2552 5149 .
2721 5091 2862 5146 Nam
2890 5095 2936 5146 si
2963 5111 3016 5147 se
3043 5093 3244 5164 gurgite
3269 5091 3458 5164 tollunt

2288 5162 2552 5234 Yergilice,
2585 5181 2770 5234 curvas
2801 5164 2853 5216 in
2875 5164 3011 5231 ﬂava
3040 5161 3246 5217 novalia
3269 5161 3433 5230 Talces

2278 5233 2532 5288 Exercere
2557 5234 2685 5288 dies.
2710 5233 3007 5288 Sicondunt
3035 5250 3236 5303 (τίμιοι-ε
3265 5235 3512 5300 ﬂammas
3538 5267 3553 5289 ,

2281 5303 2540 5360 Tellurem
2570 5320 2746 5373 presso
2769 5304 3098 5373 proscindere
3121 5315 3319 5372 tempus
3352 5310 3554 5355 aratro.

2276 5413 2402 5472 Haec
2441 5417 2569 5472 anni
2595 5417 2853 5488 bipartita
2884 5417 3198 5473 distributio
3231 5414 3513 5471 commode
3544 5420 3600 5468 et
3633 5410 3777 5464 πλα-

2205 5507 2381 5572 τυκῶς
2426 5509 2740 5580 accipienda
2769 5518 2870 5573 est,
2909 5524 3016 5563 non
3053 5509 3276 5578 praecise
3315 5521 3380 5561 ac
3422 5503 3618 5575 rigide.
3647 5502 3775 5554 Non

2207 5598 2352 5654 enim
2386 5611 2576 5657 exacte
2612 5617 2852 5656 annuum
2888 5602 3120 5672 spatium
3152 5601 3364 5656 illarum
3399 5605 3545 5661 ortu,
3578 5603 3636 5648 et
3676 5607 3773 5646 oe-

2206 5705 2336 5748 casu
2361 5690 2607 5748 bifariam
2641 5693 2923 5751 dividitur.
2954 5692 3108 5760 Quod
3127 5708 3192 5750 ex
3223 5690 3551 5762 Hippocrate
3583 5679 3772 5754 colligi
