4036 6218
345 330 370 384 I
381 330 484 387 585

1112 335 1570 396 DISSERTATIO
1610 341 1697 396 DF.
1737 342 1922 399 OBTU
1966 344 2052 399 ET
2092 346 2355 408 OCCASU
2398 353 2718 414 SIDERUM.

3410 374 3544 429 I586

341 456 521 517 potest
550 472 560 504 ε
586 451 743 520 cujus
770 457 853 505 est
891 448 1124 506 eximius
1160 452 1262 506 hac
1294 453 1360 508 de
1389 470 1448 510 re
1477 457 1631 514 locus
1661 460 1799 517 libro
1819 459 1886 513 ιιι
1917 463 1963 519 Α
2061 464 2218 522 Anno
2245 468 2476 543 denique
2491 471 2706 530 Juliano
2728 479 2923 548 primo,
2950 482 3030 537 sol
3059 483 3111 537 in
3142 484 3394 546 Geminos
3417 508 3545 548 vero

339 540 480 607 Περὶ
504 539 749 608 atatem,
780 540 873 609 qui
918 546 1230 599 necessario
1275 546 1364 600 hic
1396 548 1740 607 adnotandns
1784 564 1889 613 est.

343 629 448 683 Τὸν
495 633 590 701 μὲν
641 631 880 684 ἐνιαυτὸν
934 633 990 695 ἐς
1043 634 1279 706 τέσσαρα
1326 638 1494 710 μέρεα
1533 642 1888 714 διαιρέουσιν·

339 717 483 788 ἅπερ
521 719 753 788 μάλιστα
794 718 1146 788 γινώσκουσιν
1173 727 1222 777 οἱ
1257 727 1437 780 πολλοί
1463 746 1476 759 ’
1513 733 1772 802 χειμῶνα,
1797 732 1890 808 ἦρ,

341 810 514 882 θέρος,
561 811 912 884 φθινόπωρον.
958 815 1066 868 Καὶ
1113 820 1350 890 χειμῶνα
1392 822 1489 892 μὲν
1540 825 1647 878 ἀπὸ
1703 829 1894 884 Πλειά-

333 900 437 952 δων
466 899 642 963 δύσιος
673 902 799 975 ἄχρι
839 907 1126 978 ἰσημερίης
1152 910 1370 980 ἐαρινῆς
1389 930 1401 942 ’
1433 912 1530 985 ἔαρ
1555 916 1609 968 δὲ
1636 918 1742 971 ἀπὸ
1774 923 1891 992 ἰση-

337 991 529 1062 μερίης
563 995 723 1066 μέχρι
762 997 1083 1069 Ἀρκτούρου
1122 1001 1405 1074 ἐπιτολῆςο
1448 1006 1787 1081 φθινόπωρον
1834 1012 1889 1064 δὲ

331 1079 440 1134 ἀπὸ
470 1081 794 1155 Ἀρκτούρου
819 1088 980 1159 μέχρι
1009 1089 1277 1143 Πλειάδων
1307 1091 1506 1158 δύσιος.
1538 1116 1558 1147 ‹
1589 1079 1804 1153 Annum
1837 1101 1890 1156 in

334 1183 514 1240 partes
556 1184 786 1242 quatuor
832 1177 1081 1232 dividunt
1116 1197 1132 1234 :
1190 1196 1326 1250 quas
1369 1187 1611 1256 plerique
1661 1192 1890 1248 maxime

330 1261 690 1332 dignoscunt,
737 1267 986 1332 hiemem,
1047 1286 1169 1334 ver,
1210 1282 1488 1344 aestatem,
1544 1285 1883 1339 autumnum.

332 1353 397 1408 Et
457 1355 685 1411 hiemem
710 1359 927 1428 quidem
977 1363 1044 1416 ab
1066 1379 1264 1421 occasu
1311 1367 1666 1441 Vergiliarum
1715 1393 1888 1448 usque

330 1443 396 1495 ad
444 1446 825 1515 aequinoctium
865 1464 1123 1515 vernum;
1171 1472 1264 1510 ver
1306 1467 1484 1514 autem
1535 1463 1604 1516 ab
1638 1466 1884 1536 aequino-

326 1535 437 1589 ctio
488 1553 655 1592 verno
704 1555 877 1609 usque
932 1543 997 1597 ad
1037 1554 1214 1600 ortum
1281 1547 1669 1622 Vergiliarum;
1718 1567 1883 1612 aesta-

327 1635 435 1680 tem
497 1641 526 1680 a
568 1627 926 1700 Vergiliarutn
979 1644 1103 1690 ortu
1168 1638 1234 1693 ad
1275 1652 1453 1697 ortum
1495 1645 1883 1716 Arcturi;'au-

323 1723 572 1770 tumnum
598 1735 724 1774 vero
746 1722 814 1776 ab
827 1727 1057 1779 Arcturo
1079 1729 1143 1782 ad
1168 1745 1421 1787 occasum
1439 1734 1817 1808 Vergiliarum.
1852 1763 1873 1796 ι

323 1809 383 1862 In
442 1810 544 1865 hac
591 1813 716 1866 anni
766 1817 1164 1886 quadripartita
1225 1824 1493 1882 divisione
1564 1846 1673 1886 non
1753 1843 1880 1890 sunt

319 1903 547 1972 aquaiia
579 1914 878 1974 segmenta,
913 1912 1005 1965 sed
1050 1913 1208 1979 longe
1237 1917 1412 1986 major
1438 1923 1643 1978 aestatis
1682 1934 1735 1979 et
1765 1927 1880 1983 bie-

320 1993 425 2046 mis
455 2002 540 2047 est
587 1994 801 2060 modus,
829 2015 990 2068 quam
1031 2005 1174 2060 veris
1211 2018 1264 2062 et
1309 2014 1587 2080 autumni;
1643 2017 1729 2070 cui
1762 2017 1878 2075 dies

321 2081 464 2136 haud
498 2085 730 2163 amplius
786 2091 1145 2164 quadraginta
1199 2097 1479 2157 ﬁniuntur.
1534 2104 1878 2176 Hippocratis

317 2171 544 2236 saeculo,
571 2175 672 2228 hoc
702 2185 786 2232 est
819 2178 1069 2245 Metonis,
1124 2184 1360 2244 Pleiadis
1392 2201 1546 2250 ortus
1575 2171 1878 2256 matutinus

320 2270 376 2317 et
433 2262 677 2322 heliacus
724 2266 953 2342 contigit
1007 2275 1061 2329 in
1116 2275 1280 2333 Tauri
1329 2295 1477 2352 parte
1522 2285 1605 2350 I9,
1659 2287 1876 2344 Arcturi

313 2361 470 2408 ortus
496 2356 552 2410 in
573 2354 810 2426 Virginis
829 2362 900 2416 25
917 2364 1293 2430 :hintervallum
1312 2372 1590 2443 signorum
1620 2389 1872 2447 quatuor,

315 2443 578 2512 graduum
603 2446 653 2500 6.
689 2446 921 2505 Tantum
965 2457 1153 2511 aestivo
1203 2473 1476 2531 segmento
1519 2443 1873 2536 Hippocrates

311 2534 570 2588 emetitur
595 2553 610 2603 ;
639 2545 694 2591 at
722 2556 889 2596 verno
912 2548 1140 2615 tempori
1165 2549 1280 2604 dies
1306 2566 1409 2605 non
1444 2558 1675 2624 amplius
1705 2575 1796 2614 sex
1820 2571 1872 2616 et

311 2623 532 2693 triginta
554 2635 888 2695 competunt.
921 2630 1134 2689 Rursus
1168 2652 1398 2694 occasus
1429 2647 1776 2712 vespertinus
1806 2665 1871 2704 ac

307 2727 472 2768 verus
496 2713 769 2770 Pleiadum
805 2720 964 2775 liebat
989 2723 1042 2776 in
1067 2726 1234 2795 gradu
1257 2728 1433 2786 Libra:
1465 2734 1555 2789 28.
1589 2735 1774 2809 Itaque
1803 2744 1871 2797 ab

307 2812 431 2858 ortu
490 2806 704 2862 Arcturi
749 2810 814 2864 ad
872 2828 1130 2872 occasum
1182 2818 1460 2878 Pleiadum
1496 2829 1698 2897 gradus
1743 2845 1871 2890 sunt

307 2899 530 2954 omnino
578 2901 665 2956 55.
713 2902 952 2975 Denique
980 2909 1048 2964 ab
1087 2925 1287 2969 occasu
1331 2914 1564 2976 Pleiadis
1601 2924 1666 2978 ad
1708 2927 1871 2995 acqui-

306 2993 548 3045 noctium
581 3009 808 3050 vernnm
855 3008 1091 3068 quatuor
1127 3003 1241 3062 fere
1293 3009 1572 3079 signorum
1626 3015 1869 3073 intersti-

308 3080 445 3137 tium
485 3091 587 3139 est.
614 3088 789 3158 Atque
825 3098 881 3144 ut
935 3107 1282 3162 apparentem
1325 3117 1579 3160 occasum
1610 3106 1866 3181 Vergilia-

304 3185 424 3224 rum
466 3187 575 3228 non
608 3192 793 3232 verum
832 3181 1206 3252 adhibeamus,
1230 3189 1373 3246 haud
1405 3196 1633 3252 multum
1664 3200 1730 3255 de
1760 3204 1863 3258 hoc

303 3260 530 3318 hiberno
576 3266 858 3325 intervallo
906 3273 1209 3335 detractum
1253 3280 1438 3340 fuerit.
1486 3286 1644 3344 Tales
1697 3292 1862 3362 igitur

302 3352 431 3406 anni
472 3355 768 3416 divisiones
794 3364 965 3433 magis
996 3369 1062 3421 ad
1101 3385 1347 3436 sensum,
1383 3384 1437 3429 et
1459 3380 1602 3435 aeris
1629 3385 1861 3453 cmlique

298 3443 726 3515 vicissitudines,
797 3470 960 3523 quam
1022 3460 1088 3513 ad
1137 3468 1541 3534 proportionem
1579 3476 1859 3544 aequalita-

297 3542 516 3604 temque
571 3543 807 3609 partium
867 3549 1130 3607 institutae
1182 3565 1333 3612 sunt.
1377 3559 1531 3625 Quod
1576 3542 1722 3621 ut‘in
1750 3584 1857 3626 uno

297 3622 658 3696 Vergiliarum
715 3635 893 3694 sidere
956 3643 1027 3696 ita
1070 3662 1191 3713 esse
1248 3660 1663 3713 monstremus:
1703 3671 1855 3719 ortus

295 3728 480 3769 earum
507 3719 746 3780 heliacus
786 3725 1014 3786 Metonis
1045 3749 1158 3791 :evo
1178 3737 1232 3791 in
1263 3738 1426 3797 Tauri
1458 3747 1680 3814 gradum
1714 3751 1854 3805 inci-

293 3803 454 3859 debat
481 3808 573 3875 I9;
605 3827 834 3872 occasus
865 3818 919 3872 in
944 3819 1115 3880 Librae
1143 3827 1211 3882 28
1246 3848 1259 3883 ;
1303 3803 1642 3892 intervallum
1667 3803 1851 3912 signo-

296 3910 414 3950 rum
437 3915 488 3964 v,
534 3903 796 3970 graduum
823 3909 854 3962 9
877 3927 892 3975 ;
916 3913 986 3967 ab
1008 3930 1207 3973 occasu
1251 3922 1317 3976 ad
1347 3935 1547 3994 ortum,
1571 3933 1848 4004 signorum

293 4003 367 4055 νι,
399 3992 662 4060 graduum
710 3997 797 4053 2|.
825 4000 976 4066 Quod
1005 4007 1049 4060 si
1090 4009 1206 4065 dies
1240 4014 1550 4087 interjectos
1580 3992 1850 4085 mstimare

291 4079 541 4148 velimus,
565 4100 687 4140 cum
723 4088 948 4149 Metonis
964 4101 1204 4168 tempore
1228 4119 1386 4162 verus
1409 4112 1540 4166 solis
1570 4114 1848 4186 ingressus

291 4170 346 4224 in
401 4171 638 4231 Taurum
677 4181 906 4242 Athenis
962 4193 1249 4264 contigerit
1293 4199 1497 4269 Aprilis
1555 4170 1658 4260 die:
1693 4224 1843 4276 xxvr,

291 4261 426 4318 hora
453 4266 544 4332 I7,
569 4271 690 4326 57':
718 4273 773 4328 in
812 4276 1029 4335 Libram
1061 4295 1239 4340 autem
1274 4306 1402 4346 vero
1426 4303 1576 4350 motu
1615 4301 1845 4356 subierit

290 4350 627 4424 Septet'nbris
677 4380 870 4434 xxvttt,
927 4371 1056 4427 hora
1099 4376 1190 4440 20,
1233 4379 1353 4448 10';
1404 4350 1841 4460 heliacus—porro

1339 4441 1351 4448 1
1559 4441 1567 4442 ί
1589 4441 1595 4442 ⁷
1620 4441 1637 4444 ‘
1678 4441 1794 4460 1""
1812 4441 1838 4450 ν

284 4441 520 4504 Pleiadis
543 4463 699 4511 ortus
727 4457 781 4512 in
805 4459 928 4515 Maii
961 4480 1029 4518 xv
1065 4467 1240 4538 diem;
1277 4489 1506 4533 occasus
1543 4487 1840 4542 matutinus
1865 4502 1918 4562 Β

284 4537 336 4562 ξ...
404 4538 495 4562 n-.
514 4545 555 4562 ,ι
611 4547 619 4556 ·
1000 4558 1009 4562 ⁸
1036 4557 1047 4562 ⁸

1118 4561 1156 4615 it
1216 4583 1228 4618 :
1284 4566 1628 4628 intervallum
1702 4579 1846 4635 inter

283 4639 598 4706 utrumque,
651 4641 861 4698 dierum
907 4660 991 4703 est
1048 4666 1201 4709 cuv.
1234 4656 1392 4725 Quod
1431 4665 1585 4720 abest
1617 4670 1684 4725 ab
1715 4676 1843 4729 anni

277 4724 528 4794 dimidio,
561 4731 664 4786 hoc
722 4747 807 4791 est
836 4739 1026 4798 diebus
1056 4724 1294 4815 cuxxn,
1337 4752 1486 4811 horis
1533 4759 1620 4825 18,
1650 4724 1842 4823 diebus

277 4815 392 4872 fere
421 4836 552 4878 xvu.

348 4909 440 4965 Sic
487 4913 706 4971 Hesiodi
733 4927 973 4992 tempore
1002 4943 1145 4984 anno
1169 4935 1372 5002 periodi
1417 4941 1643 5001 Iuliana:
1677 4950 1834 5017 57H,

273 5004 535 5071 quoniam
593 5011 976 5080 aequinoctium
1045 5037 1266 5080 vernum
1330 5031 1555 5104 ἀκριϐὲς
1612 5044 1837 5114 contigit

280 5092 454 5114 ll-_.!'
707 5104 720 5114 ι
880 5109 892 5114 Α
978 5111 1031 5114 λέ

275 5092 456 5150 Martii
517 5114 668 5168 xxxi,
707 5104 841 5160 hora
872 5109 924 5173 1,
970 5111 1052 5166 24⁹
1096 5117 1324 5176 Athenis
1357 5139 1368 5173 :
1397 5092 1675 5196 ingressus
1705 5092 1832 5189 iteam

271 5184 327 5237 in
376 5183 614 5244 Taurum
671 5209 833 5252 verus
872 5199 996 5255 Maii
1036 5219 1072 5267 t,
1100 5206 1232 5263 hora
1261 5211 1313 5274 4,
1361 5215 1460 5272 18’.
1494 5217 1626 5276 Item
1659 5226 1830 5294 tequi-

268 5279 513 5334 noctium
538 5290 851 5344 autumnale
878 5290 1130 5353 Octobris
1155 5317 1215 5366 ιι,
1259 5305 1392 5362 hora
1428 5311 1628 5383 17,.35'
1662 5279 1830 5375 Athe-

265 5371 390 5439 nis;
423 5375 766 5436 intervallum
818 5386 961 5442 inter
989 5388 1112 5446 Maii
1149 5412 1182 5448 κ
1221 5399 1387 5464 diem,
1424 5403 1478 5458 in
1514 5424 1673 5478 quem
1705 5428 1828 5482 gra-

271 5462 335 5482 -.μ
390 5464 432 5482 η.
540 5469 552 5480 ο
586 5471 635 5482 --
756 5476 768 5482 -
828 5478 857 5482 »-

263 5462 370 5520 dus
390 5464 552 5522 Tauri
579 5471 664 5538 II,
683 5485 733 5529 et
756 5476 997 5535 heliacus
1018 5493 1169 5541 ortus
1192 5462 1548 5564 Vergiliarum
1575 5462 1822 5569 cadebat,

262 5561 320 5606 et
360 5571 427 5610 xx
457 5557 731 5628 Octobris,
759 5568 846 5621 cui
875 5571 1074 5639 gradus
1091 5574 1261 5634 Librae
1290 5557 1374 5648 l9,
1407 5595 1568 5658 atque
1590 5608 1822 5650 occasus

259 5651 572 5708 earumdem
596 5657 836 5717 heliacus
864 5672 1239 5738 competebat;
1272 5676 1479 5734 dierum
1509 5693 1593 5738 est
1630 5702 1813 5742 cum.

257 5740 412 5806 Quod
439 5746 591 5820 longe
613 5751 764 5806 abest
787 5755 854 5809 ab
871 5745 1263 5831 anni‘dimidio,
1287 5785 1476 5844 nempe
1507 5740 1813 5841 tliebttsvsxi.

689 5851 956 5917 Parnm.
999 5858 1114 5922 Gn.
1165 5863 1335 5930 XIX.

1997 569 2145 613 motu
2177 561 2345 616 subiit
2375 563 2500 619 Maii
2525 566 2613 622 die
2643 584 2790 636 xxw,
2813 571 2948 627 hora
2979 574 3064 639 Il,
3090 576 3191 641 δι’,
3214 577 3419 648 Romaa,
3450 587 3542 644 ubi

1997 650 2151 705 initio
2171 651 2516 710 Geminorum
2547 670 2698 716 ortus
2717 663 2954 721 heliacus
2984 666 3340 739 Vergiliarum
3371 674 3544 734 factus

1993 753 2097 800 est.
2152 746 2219 802 At
2277 747 2558 820 Scorpium
2589 755 2708 808 iniit
2740 755 2990 814 Octobris
3028 777 3152 827 xxv,
3181 764 3310 819 hora
3342 768 3394 834 5,
3418 769 3498 826 53'
3527 793 3540 827 :

1993 837 2150 905 cujus
2177 843 2375 908 gradus
2413 853 2658 912 quartus,
2698 849 2752 902 in
2797 866 2954 919 quem
2987 857 3285 912 matutinus
3318 875 3546 918 occasus

1993 934 2264 1000 convenit,
2319 935 2551 992 incurrit
2599 941 2654 994 in
2701 941 2950 1000 Octobris
2999 965 3192 1007 xxvnt.
3243 951 3552 1017 Discrimen

1993 1023 2277 1094 utriusque
2306 1028 2422 1082 dies
2446 1044 2607 1095 CLVII,
2639 1037 2780 1104 quod
2824 1053 2852 1090 a
2900 1039 3124 1094 dimidio
3175 1059 3321 1100 anno
3378 1049 3543 1106 distat

1991 1110 2180 1167 diebus
2211 1130 2334 1168 xxv:
2360 1116 2490 1173 fere.
2522 1118 2647 1175 Ilaec
2673 1124 2937 1180 intervalli
2963 1132 3219 1198 paulatim
3249 1141 3541 1197 crescentis

1989 1204 2223 1260 varietas
2251 1223 2316 1260 ex
2335 1211 2644 1279 aequinoctii
2667 1219 3060 1284 antecessione,
3087 1239 3308 1280 necnon
3339 1239 3542 1286 octava:

1989 1295 2230 1362 sphaerae,
2267 1314 2390 1351 cum
2436 1303 2608 1357 stellis
2639 1305 2690 1358 in
2732 1316 3117 1380 consequentia
3140 1323 3538 1389 progressione,

1988 1390 2098 1437 tum
2130 1388 2316 1457 apogei
2343 1391 2473 1446 solis
2511 1396 2808 1453 mutatione
2837 1404 3101 1458 nascitur.

2587 1533 2813 1592 CAPUT
2851 1539 2941 1596 XI.

1988 1613 2060 1668 De
2079 1614 2348 1698 Canicqu
2395 1634 2617 1702 orlu_et
2673 1646 2858 1684 occasu
2907 1644 3134 1689 veterum
3183 1639 3300 1695 loca
3334 1645 3537 1702 multa:

2151 1690 2373 1761 itemque
2409 1694 2473 1749 de
2515 1696 2776 1770 Prodgne,
2810 1703 3086 1774 diligenter
3117 1690 3360 1773 eam};

1910 1797 1953 1852 B
2049 1799 2293 1857 Alterum
2318 1815 2443 1874 post
2470 1806 2736 1881 Vergilias
2765 1815 2937 1883 sidus,
2966 1819 3019 1873 in
3043 1836 3151 1890 quo
3177 1833 3226 1878 et
3253 1841 3408 1881 nsum
3437 1845 3534 1884 ex-

1982 1889 2254 1957 periemur
2307 1898 2543 1954 methodi
2601 1913 2834 1974 nostra;
2887 1917 2941 1964 et
2991 1913 3318 1984 scriptorum
3367 1919 3434 1974 de
3470 1936 3537 1976 eo

1982 1980 2099 2034 loca
2130 1987 2289 2052 paulo
2337 1991 2705 2059 erpendemus
2746 2002 3090 2068 accuratius,
3135 2007 3394 2064 Canicula
3427 2019 3532 2078 est,

1979 2086 2142 2139 quam
2179 2073 2348 2132 Graeci
2397 2081 2603 2152 Σείριον
2636 2089 2946 2157 appellant:
2978 2097 3121 2164 quod
3151 2114 3347 2155 nomen
3370 2073 3534 2160 latius

1979 2163 2121 2231 apud
2151 2168 2404 2237 antiquos
2431 2176 2760 2244 extenditur,
2794 2195 2917 2237 nam
2948 2163 3009 2240 et
3036 2188 3204 2244 solem
3243 2193 3534 2264 aliquando

1979 2254 2265 2323 signiﬁcat.
2304 2257 2372 2315 Ut
2403 2263 2547 2332 apud
2571 2264 2863 2326 Hesiodum
2885 2272 2924 2326 ll
2960 2276 3138 2347 ’Epr.,
3165 2281 3259 2336 ubi
3287 2254 3532 2341 autumni

1977 2351 2190 2416 tempus
2226 2348 2300 2402 ita
2336 2353 2630 2412 describit:

2541 2489 2624 2576 Αὴ
2648 2493 2755 2560 γὰρ
2781 2497 2912 2580 τοτε
2939 2503 3167 2580 ξείρφς
3199 2509 3394 2580 ἀστὴρ

1972 2549 2156 2643 ﬁt}th
2178 2551 2330 2638 ὑπὲρ
2353 2549 2624 2643 ξίεςραλῆρ

1977 2619 2241 2688 Ἔρχεται
2257 2619 2520 2691 ἡμάτὶος·
2543 2619 2752 2684 iisin;
2776 2619 2843 2688 ὃὲ
2871 2619 2936 2691 es
2958 2619 3459 2720 rvxtdcréxavpei.

2115 2795 2128 2808 .
2208 2797 2221 2809 .
2301 2799 2313 2812 .
2393 2801 2406 2814 .
2487 2761 2626 2818 Nam
2663 2774 2927 2828 tuntsolis
2959 2779 3115 2832 stella

1973 2819 2201 2910 {tantum
2230 2843 2388 2910 supra
2413 2845 2568 2910 caput
2590 2837 2700 2905 fato
2723 2841 3066 2900 obnoxiorum
3087 2850 3354 2910 hominum

1982 2893 2130 2947 Venit
2164 2893 2394 2954 interdiu
2425 2920 2444 2958 :
2473 2893 2600 2973 'plus'
2618 2919 2792 2964 autem

2037 3027 2365 3102 Interpretes
2395 3053 2586 3097 omnes
2619 3042 2672 3096 in
2712 3045 2766 3099 id
2814 3054 3181 3121 consentiunt,
3211 3057 3409 3116 Sirium
3438 3066 3526 3122 hic

1890 3149 1932 3207 ε
1968 3135 2090 3176 esse
2139 3125 2330 3190 solem,
2364 3128 2454 3183 διὰ
2484 3131 2545 3184 τὸ
2591 3138 2867 3206 σειριάειν,
2922 3147 3068 3213 quod
3119 3158 3203 3205 est
3245 3151 3522 3225 λάμπεινε

1969 3227 2146 3283 neque
2204 3217 2361 3274 aliter
2400 3225 2502 3277 hoc
2545 3225 2664 3280 loco
2711 3231 3052 3304 interpretari
3098 3245 3297 3310 possis,
3334 3256 3523 3304 contra

1967 3320 2128 3374 quam
2157 3308 2238 3361 vir
2284 3308 2474 3368 doctus
2517 3317 2864 3378 existimavit.
2912 3326 3030 3382 Non
3060 3334 3202 3387 enim
3230 3341 3521 3406 parallelos

1966 3410 2125 3464 quem
2152 3397 2412 3456 Canicula
2436 3406 2717 3476 describit,
2746 3407 3028 3485 inaequalia
3051 3438 3328 3494 segmenta
3356 3447 3520 3505 supra

1965 3495 2164 3544 terram
2194 3492 2376 3561 habet,
2414 3498 2664 3572 infraque
2718 3506 2951 3566 diversis
2990 3513 3046 3569 in
3077 3519 3205 3574 anni
3231 3531 3519 3596 tempesta-

1963 3583 2110 3638 tibus
2143 3588 2317 3656 :quod
2335 3589 2402 3645 de
2424 3589 2566 3647 Sirio
2580 3604 2736 3664 poeta
2758 3602 2924 3659 canit.
2945 3603 3268 3680 Hesychius,
3291 3583 3516 3692 Σέίριος,

1960 3673 1988 3725 ὁ
2012 3672 2180 3743 ἥλιος,
2215 3680 2309 3733 καὶ
2333 3681 2361 3734 ὁ
2384 3680 2477 3735 τοῦ
2512 3685 2688 3752 Κυνὸς
2719 3691 2912 3765 ἀστήρ.
2939 3672 3083 3753 Idem
3104 3701 3173 3756 ab
3193 3672 3518 3767 Archilocho
3600 3778 3610 3790 .

1959 3779 2057 3833 pro
2087 3769 2201 3822 sole
2236 3787 2249 3822 :
2273 3771 2340 3824 ab
2359 3771 2518 3842 Ibyco
2544 3793 2641 3846 pro
2662 3783 2824 3840 astris
2848 3791 3101 3848 omnibus
3126 3804 3376 3870 usurpari
3420 3803 3518 3860 do-

1958 3863 2061 3909 cet.
2095 3855 2251 3913 Hunc
2291 3860 2534 3934 Egyptii
2583 3868 2775 3927 Sothin
2838 3881 3176 3949 appellavere
3226 3855 3323 3944 (ait
3371 3855 3515 3952 Urius.

1955 3944 2148 4015 Apollo
2179 3949 2272 4005 lib.
2307 3951 2349 4016 I,
2381 3969 2500 4025 cap.
2533 3957 2619 4031 Ill)
2644 3965 2730 4017 cui
2761 3977 2814 4020 et
2850 3944 3208 4042 principatum
3241 3944 3512 4041 astrorum

1954 4037 2296 4100 tribuerunt:
2317 4052 2372 4099 et
2396 4063 2462 4103 ex
2493 4050 2612 4120 ejus
2633 4063 2752 4110 ortu
2778 4057 2845 4113 de
2864 4065 2998 4118 anni
3028 4037 3197 4122 totius
3214 4079 3358 4128 statu
3384 4091 3514 4132 con-

1951 4127 2216 4198 jecturam
2277 4152 2470 4208 capere
2524 4145 2789 4205 solebant.
2839 4151 2972 4208 Nam
3009 4175 3028 4208 ι
3069 4158 3232 4230 hujus
3289 4167 3511 4226 effectus

1953 4225 2273 4293 amplissimi
2326 4230 2382 4286 in
2412 4241 2556 4290 terra
2605 4241 2940 4310 sentiuntur,
2980 4269 2999 4301 ι
3030 4260 3088 4306 ιιι
3126 4225 3368 4326 loquitur
3396 4262 3507 4318 Pli-

1951 4313 2076 4368 nius
2106 4317 2221 4387 (lib.
2251 4317 2317 4385 II,
2346 4337 2466 4394 cap.
2503 4324 2614 4398 XL)
2641 4347 2656 4396 ;
2687 4336 2958 4407 prmcipue
2996 4359 3146 4409 vero,
3175 4313 3319 4418 quod
3362 4313 3508 4411 illius

1951 4417 2141 4462 exortu
2170 4411 2304 4469 solis
2334 4431 2562 4486 vapores
2611 4428 2834 4482 accendi
2875 4442 3152 4499 putantur.
3183 4457 3204 4491 ‹
3251 4442 3507 4503 Sentiunt

1945 4499 2000 4554 id
2026 4502 2216 4567 maria,
2261 4514 2314 4560 et
2359 4516 2537 4576 terrae,
2582 4533 2600 4565 ι
2633 4525 2690 4569 ut
2716 4518 2856 4574 idem
2887 4525 3079 4592 inquit,
3107 4548 3127 4581 ς
3170 4535 3350 4590 multa:
3377 4555 3507 4593 vero

1947 4599 1999 4646 et
2023 4592 2168 4650 ferte.
2190 4596 2375 4669 Neque
2403 4613 2486 4656 est
2510 4608 2686 4662 minor
2709 4612 2757 4666 ei
2784 4621 3077 4684 veneratio,
3106 4641 3266 4693 quam
3298 4629 3505 4687 descri-

1945 4688 2053 4755 ptis
2080 4690 2135 4743 in
2173 4691 2304 4749 deos
2349 4699 2538 4754 stellis.
2577 4723 2595 4755 ι
2631 4703 2698 4756 At
2729 4704 2988 4766 Geminus
3029 4688 3148 4784 cap.
3189 4716 3305 4772 XIV
3342 4722 3504 4794 longa

1942 4788 1995 4832 et
2047 4783 2260 4839 erudita
2327 4787 2695 4858 diSputatione
2769 4801 3042 4870 vulgarem
3099 4783 3245 4863 hunc
3303 4783 3501 4870 refellit

1940 4885 2215 4942 errorem,
2271 4886 2395 4934 ortu
2439 4883 2635 4940 sideris
2673 4888 2856 4954 ullius,
2914 4902 3006 4948 aut
3057 4913 3253 4955 occasu
3301 4911 3498 4962 mutari

1939 4973 2148 5020 natura:
2198 4976 2398 5025 statum
2437 4975 2797 5043 epinantium.
2844 4983 2962 5040 Non
3012 4991 3154 5044 enim
3211 4997 3416 5064 majore
3447 5002 3496 5056 vi
3555 5007 3558 5010 ’

1938 5055 2061 5112 aliis
2091 5058 2210 5113 aliae
2237 5064 2475 5130 praeditas
2509 5078 2637 5122 sunt
2687 5074 2856 5130 stella:
2885 5099 2896 5132 :
2931 5095 3030 5135 nec
3058 5095 3266 5150 exortu,
3297 5072 3381 5145 vel
3399 5107 3496 5147 oe-

1936 5161 2068 5202 casu
2107 5165 2207 5205 suo
2237 5159 2588 5225 tempestates
2635 5164 2774 5219 ullas
2801 5170 3038 5227 excitare
3068 5180 3317 5244 putandae
3346 5194 3490 5248 sunt.

1937 5234 2043 5291 Sed
2074 5255 2240 5309 penes
2274 5245 2441 5302 solem
2468 5265 2633 5306 causa
2651 5264 2734 5309 est
2763 5259 3199 5321 vicissitudinum
3227 5274 3452 5329 istarum
3475 5295 3490 5329 :

1933 5345 2161 5399 quarum
2187 5336 2240 5390 in
2275 5346 2514 5410 tempora
2548 5359 2672 5400 cum
2698 5349 2990 5422 insignium
3025 5364 3382 5428 quorumdam
3412 5369 3493 5422 si-

1931 5422 2119 5479 derum
2139 5438 2382 5496 exortus,
2408 5435 2489 5490 vel
2516 5451 2747 5496 occasus
2776 5445 3149 5517 incurrerent,
3187 5454 3300 5510 haec
3345 5461 3491 5516 velut

1928 5514 2101 5583 signa,
2139 5519 2244 5576 illis
2288 5525 2543 5584 notandis
2582 5545 2646 5584 ac
2678 5532 3030 5605 designandis
3085 5514 3325 5602 adhiberi
3373 5514 3490 5620 pla-

1926 5610 2057 5662 cuit.
2089 5610 2266 5682 Atque
2301 5617 2482 5673 hocin
2510 5631 2632 5676 ortu
2657 5625 2931 5685 Canicula:
2959 5645 3259 5702 praesertim
3290 5646 3488 5700 astruit

1924 5697 2314 5774 Geminus,qui
2344 5725 2467 5764 cum
2501 5713 2554 5767 in
2576 5731 2692 5770 eam
2724 5722 2850 5774 anni
2877 5731 3246 5795 tempestatem
3270 5733 3485 5787 incutn~

1923 5789 2094 5856 heret,
2147 5795 2199 5850 in
2246 5813 2368 5875 qua_
2405 5803 2776 5866 vehementior
2813 5826 2976 5873 aestus
3011 5822 3266 5885 exsistit,
3320 5824 3487 5892 hujus

3173 5917 3246 5981 Ut
3333 5927 3344 5937 '
