4036 6218
542 265 673 324 i537

1507 263 1595 316 AD
1635 261 1896 316 EUSEBII
1937 260 2328 315 CIIRONICON
2376 261 2736 318 APPENDIX.

3617 267 3754 321 1383

540 396 770 451 primum
799 379 1138 451 signilicandi
1166 395 1365 437 munus
1387 423 1401 444 ,
1441 391 1562 451 post
1587 380 1850 435 elliciendi
1879 394 2095 450 quoque
2124 385 2170 440 Α
2199 377 2407 432 heliaco
2442 380 2508 434 ad
2540 381 2834 434 cosmicum
2870 390 3049 435 ortum
3085 380 3378 436 transitum
3421 359 3570 437 fecit.
3597 384 3758 435 Anno

542 473 651 524 vim
708 486 770 522 ca
785 485 1035 539 isamque
1065 470 1340 540 popularis
1359 470 1443 524 illi
1468 482 1771 525 consensus
1819 470 2088 524 attribuit.

535 562 616 616 Ad
643 560 694 614 id
724 577 848 615 vero
871 562 1207 630 probandum
1237 578 1358 616 cum
1391 563 1495 615 alia
1529 562 1744 616 adhibet
1774 571 2090 632 argumenta

536 654 710 708 media
738 667 803 706 ex
831 651 1173 722 philosophia
1210 654 1549 723 deprompta,
1596 663 1707 707 tum
1754 653 1858 708 hoc
1898 670 2088 717 unum,

533 743 678 814 quod
725 751 780 798 et
838 758 1000 796 sensu
1053 743 1171 814 ipso
1194 743 1556 808 discernitur,
1591 752 1645 797 et
1683 743 1748 798 ad
1783 744 2087 797 institutum

532 845 778 888 nostrum
812 833 968 887 valde
1011 834 1267 903 pertinet.
1323 833 1455 888 Nam
1501 836 1545 889 si
1587 835 1785 890 orienti
1819 834 2088 888 Canicula:

533 924 927 977 incrementum
977 923 1108 977 illud
1163 923 1398 986 ardoris,
1459 933 1715 994 tanquam
1767 923 2088 986 causaani-

530 1015 802 1069 bucndum
845 1014 1022 1079 foret;
1057 1022 1171 1068 tum
1223 1016 1274 1070 id
1318 1016 1454 1071 elIici
1511 1018 1745 1072 maxime
1787 1024 2083 1087 oporteret,

529 1106 748 1176 quando
777 1122 900 1161 cum
937 1108 1051 1162 sole
1077 1107 1366 1176 conjuncta
1394 1117 1574 1163 ortqu
1604 1126 1727 1164 cum
1769 1110 1886 1180 ipso
1920 1109 2082 1176 facit;

531 1211 692 1266 quam
726 1196 986 1266 ἀνατολὴν
1023 1197 1238 1266 pr0prie
1298 1199 1481 1252 vocari
1523 1215 1685 1267 supra
1724 1199 1980 1254 diximus.
2018 1201 2086 1253 At

528 1303 616 1342 res
671 1303 829 1342 secus
861 1304 919 1343 se
971 1289 1150 1343 habet.
1177 1288 1295 1343 Non
1321 1289 1465 1343 enim
1513 1290 1568 1343 in
1611 1299 1732 1344 ortu
1774 1291 1886 1354 illo,
1924 1306 2084 1360 quem

528 1395 630 1433 nos
685 1379 944 1448 κοσμικὸν
1003 1381 1275 1449 appellare
1301 1379 1578 1434 solemus:
1611 1381 1705 1435 sed
1745 1381 1799 1434 in
1851 1381 2081 1445 heliaco,

529 1474 643 1527 sive
697 1470 916 1541 ἐπιτολῇ
959 1472 1250 1526 vehemens
1271 1472 1418 1526 calor
1444 1472 1693 1537 edicitur;
1744 1487 1844 1527 nec
1893 1472 2080 1526 eodem

529 1563 729 1632 ubique
782 1571 1058 1632 tempore;
1115 1564 1208 1618 sed
1253 1564 1381 1619 alibi
1427 1565 1621 1628 citius,
1660 1564 1786 1618 alibi
1833 1564 2079 1620 tardius:

526 1669 712 1728 pro-eo
734 1669 796 1712 ac
815 1654 1106 1721 maturius,
1131 1664 1221 1709 aut
1256 1656 1430 1711 serius
1469 1658 1600 1711 solis
1624 1657 1888 1726 explicata
1915 1656 2083 1711 radiis

2198 469 2374 539 primo
2395 468 2632 536 Juliano,
2665 479 2819 526 ortus
2850 473 3122 526 cosmicus
3151 465 3284 527 Sirii
3313 471 3499 526 Romae
3527 473 3760 542 contigit

2199 561 2254 615 in
2281 561 2449 631 gradu
2478 560 2675 616 Cancri
2719 563 2809 626 22,
2836 563 2918 617 ιε’
2949 581 2963 629 ;
2993 562 3123 617 Julii
3152 564 3374 618 circiter
3410 579 3529 628 xvr;
3583 561 3756 616 helia-

2197 671 2294 709 cus
2324 655 2377 708 in
2405 655 2574 725 gradu
2604 655 2802 711 Leonis
2833 657 2883 718 7,
2923 656 3004 710 ιδ’
3030 674 3045 721 ;
3080 655 3308 727 Augusti
3353 655 3467 711 fere
3492 654 3757 710 secundo.

2194 749 2355 801 Anno
2401 748 2619 802 labente
2658 762 2871 801 ιοειιι
2905 747 3131 812 Christi,
3183 757 3336 803 ortus
3388 749 3668 802 cosmicus
3702 745 3757 799 in

2194 837 2421 907 gradum
2468 836 2664 891 Leonis
2701 836 2752 902 7,
2788 837 2892 904 16';
2933 836 3188 892 Heliacus
3233 839 3286 890 in
3321 835 3518 891 Leonis
3546 836 3636 902 20,
3677 837 3760 889 50'

2198 927 2450 988 incurrit,
2493 925 2722 995 Augusti
2758 926 2977 980 circiter
3003 927 3090 982 I2.
3138 926 3323 996 Itaque
3353 926 3754 980 canicularium

2193 1015 2401 1071 dierum
2435 1018 2648 1071 initium
2681 1017 2748 1070 ab
2777 1025 2902 1071 ortu
2943 1017 3153 1072 heliaco
3182 1018 3408 1072 descivit
3447 1057 3461 1080 ,
3511 1033 3574 1070 ac
3604 1032 3750 1071 sem-

2192 1125 2288 1179 per
2305 1110 2528 1180 longius
2550 1109 2744 1165 deinde
2772 1113 3002 1166 recedet.
3040 1110 3190 1165 lianc
3220 1111 3564 1182 μετάπτωσιν
3598 1111 3754 1165 orbis

2193 1200 2390 1254 Stellati
2439 1202 2617 1270 prisca
2649 1208 2778 1256 aetas
2806 1201 3088 1271 ignorabat
3120 1221 3132 1256 ε
3164 1201 3395 1272 ideoque
3436 1201 3755 1272 designatos

2191 1293 2354 1348 semel
2398 1308 2427 1346 a
2461 1294 2760 1362 majoribus
2792 1296 2907 1350 suis
2944 1305 3098 1349 ortus
3127 1310 3467 1364 occasusque
3491 1305 3756 1348 constan-

2192 1385 2591 1451 ter’tenebant;
2623 1402 2687 1440 ac
2721 1399 2834 1440 tum
2881 1387 3119 1442 heliacos
3149 1403 3270 1442 cum
3303 1387 3574 1449 .cosmicis
3624 1402 3748 1457 pro-

2192 1478 2398 1532 miscue
2446 1478 2752 1543 habebant,
2797 1487 2913 1534 tum
2955 1481 3047 1550 qui
3099 1489 3376 1535 certorum
3415 1488 3573 1534 erant
3602 1479 3756 1534 I0co-

2190 1583 2308 1620 rum
2341 1568 2566 1638 proprii,
2599 1569 2748 1623 nullo
2779 1569 3091 1624 discrimine
3137 1571 3204 1625 ad
3261 1571 3397 1625 alios
3439 1585 3755 1624 accommo-

2189 1654 2412 1710 dabant.
2443 1657 2524 1712 Ad
2555 1657 2668 1712 haec
2693 1657 2804 1712 fere
2840 1661 3016 1729 capita
3039 1662 3276 1715 varietas
3305 1661 3486 1713 omnis
3537 1661 3629 1714 i‘lla
3665 1676 3753 1715 re—

527 1751 788 1806 Canicula
819 1747 1119 1820 consurgit.
1153 1746 1224 1802 Ut
1276 1749 1331 1803 in
1375 1747 1566 1802 Rhodo
1619 1758 1740 1818 post
1771 1750 2007 1803 tricenos
2054 1764 2083 1801 a
2119 1742 2158 1794 Β
2186 1744 2328 1801 ferre
2362 1757 2560 1817 potest,
2599 1765 2718 1818 qua:
2747 1749 2888 1819 apud
2920 1755 3174 1820 antiquos
3220 1751 3518 1820 scriptores
3550 1749 3654 1804 hoc
3695 1753 3752 1806 in

527 1845 762 1900 solstitio
779 1845 894 1900 dies
914 1844 1124 1908 oritur;
1149 1840 1272 1896 aliis
1305 1842 1360 1896 in
1391 1841 1526 1896 locis
1549 1849 1670 1910 post
1700 1840 2078 1910 quadraginta.

527 1939 654 1993 alibi
693 1946 815 2008 post
868 1935 1280 2006 quinquaginta.
1338 1934 1415 1988 Ex
1455 1950 1564 2004 quo
1615 1939 2078 2003 parapegmatum,

527 2029 724 2108 inquit,
752 2029 965 2083 vacillat
992 2027 1162 2082 ﬁdes:
1197 2041 1427 2097 quorum
1475 2034 1728 2079 auctores
1770 2025 1822 2076 in
1849 2038 2083 2093 pronun-

527 2105 728 2177 tiandis
772 2137 839 2175 ex
883 2128 1011 2174 ortu
1045 2118 1281 2175 siderum
1315 2125 1368 2171 et
1401 2131 1601 2171 occasu
1645 2115 2083 2185 tempestatibus,

526 2225 665 2279 quas
704 2209 1071 2279 ἐπισημασίας
1124 2215 1340 2268 vocant,
1393 2221 1502 2259 non
1554 2214 1672 2260 arte
1723 2221 1786 2259 ac
1828 2205 2081 2260 methodo

525 2307 696 2362 certa,
729 2299 822 2354 sed
853 2299 1234 2354 observatione
1256 2312 1320 2352 ac
1366 2297 1668 2367 longissimi
1697 2297 1955 2366 temporis
1987 2313 2082 2352 ex.

524 2390 788 2460 perientia
810 2390 1076 2444 nituntur.
1111 2388 1261 2443 lianc
1289 2387 1498 2443 Gemini
1549 2389 1813 2443 rationem
1847 2389 2079 2457 primum

525 2481 762 2536 nominis
795 2481 966 2552 ipsius
995 2482 1200 2535 notatio
1232 2480 1532 2535 conﬁrmat.
1567 2479 1775 2551 Quippe
1799 2480 1904 2533 vim
1936 2480 2078 2533 illam

523 2581 908 2644 tempestatum
939 2573 1301 2644 impultricem
1341 2580 1502 2642 atque
1535 2573 1682 2642 ipsos
1718 2572 2078 2626 mutationum

522 2665 746 2721 eﬂ‘ectus
765 2663 938 2720 Graeci
965 2663 1062 2729 τὰς
1113 2663 1500 2750 ἐπισημασίας,
1533 2662 1712 2718 Latini
1747 2683 1765 2715 ι
1805 2662 2080 2732 signiﬁca-

522 2751 701 2810 tiones
748 2773 767 2807 ι
814 2754 1118 2821 nominant;
1176 2764 1235 2808 ut
1273 2754 1374 2808 hoc
1417 2754 1748 2825 intelligatur
1796 2751 1848 2807 in
1907 2753 2079 2808 stellis

521 2845 735 2900 illarum
774 2845 978 2900 indicia
1005 2862 1114 2900 non
1161 2861 1358 2902 causas
1398 2847 1552 2901 initio
1574 2847 1902 2900 constitutas
1935 2860 2076 2899 esse.

521 2937 659 2992 Tum
681 2938 860 2993 octavi
879 2938 1048 3001 orbis,
1079 2945 1130 2991 et
1163 2937 1476 2992 haerentium
1516 2937 1570 2990 in
1597 2952 1662 2992 eo
1691 2936 1928 2992 siderum
1954 2951 2079 3006 pro-

519 3031 731 3101 gressio
781 3045 998 3085 omnem
1054 3044 1117 3083 ex
1145 3029 1426 3083 doctorum
1452 3029 1647 3082 animis
1683 3027 2072 3082 dubitationem

523 3122 764 3176 sustulit.
791 3120 924 3174 Nam
978 3134 1098 3190 qua:
1134 3121 1314 3174 sidera
1343 3120 1505 3174 certis
1534 3127 1690 3173 antea
1732 3119 1856 3174 coeli
1886 3120 2076 3173 statio-

523 3212 683 3267 nibus
709 3227 774 3266 ac
797 3211 1131 3280 temporibus
1157 3209 1309 3264 alﬁxa
1331 3208 1710 3274 credebantur,
1731 3225 1792 3264 ea
1821 3211 2078 3280 paulatim

520 3303 698 3357 locum
750 3303 1010 3356 mutando
1038 3301 1194 3356 (idem
1222 3300 1550 3365 fefellerunt,
1585 3317 1684 3355 nec
1711 3301 1767 3355 in
1798 3317 1891 3357 eas
1918 3301 2079 3357 hodie

519 3400 868 3463 tempestates
908 3391 1173 3456 incidunt,
1213 3392 1412 3461 quibus
1448 3392 1531 3446 vel
1573 3391 1962 3464 signiﬁcandis,
1993 3393 2077 3448 vel

519 3484 920 3540 commovendis
954 3485 1230 3539 attributa;
1252 3485 1596 3542 videbantur.

589 3575 901 3631 Caniculam
917 3585 1039 3631 ortu
1069 3592 1170 3632 suo
1183 3577 1401 3632 aestivos
1429 3577 1639 3633 calores
1665 3576 1946 3632 intendere
1967 3592 2077 3631 non

417 3709 420 3712 .
512 3668 696 3724 solum
717 3668 925 3737 antiqui
959 3684 1278 3738 persuasum
1309 3668 1603 3730 habebant,
1637 3669 1732 3724 sed
1768 3669 2075 3723 mortalium

511 3761 680 3815 hodie
711 3760 954 3815 omnium
1003 3775 1128 3825 usu,
1169 3767 1224 3814 et
1269 3762 1543 3815 communi
1581 3776 1829 3816 sermone
1860 3776 2079 3832 percre-

517 3854 656 3907 buit.
681 3851 817 3907 Cum
864 3858 1044 3907 autem
1087 3851 1286 3924 duplex
1315 3855 1387 3906 sit
1429 3862 1583 3909 ortus
1616 3851 1874 3919 siderum,
1909 3869 2077 3924 appa-

513 3961 668 4012 rens,
701 3945 818 4000 sive
868 3943 1154 4012 beliacus;
1192 3950 1245 3999 et
1266 3959 1449 4005 verus,
1481 3945 1573 4014 qui
1615 3951 1668 3999 et
1698 3943 1970 3999 cosmicus
1995 3943 2080 3998 di-

516 4038 661 4091 citur
691 4055 704 4090 :
741 4043 892 4090 tanta
940 4037 1032 4090 illa
1086 4037 1170 4091 vis
1191 4043 1359 4092 aestus
1401 4037 1653 4107 augendi,
1677 4051 1740 4092 ac
1759 4045 2076 4092 caeterorum

513 4125 943 4191 elﬁciendorum,
974 4126 1204 4191 heliaco,
1226 4142 1336 4182 non
1363 4128 1603 4182 cosmico
1629 4128 1902 4198 quondam
1931 4126 2076 4182 ortui

515 4219 768 4290 imputari
813 4219 1040 4283 solebat,
1092 4228 1150 4273 ut
1169 4235 1234 4274 ex
1274 4219 1499 4275 Gemino
1528 4220 1689 4289 paulo
1727 4226 1852 4275 ante
1875 4218 2078 4275 refere-

514 4313 711 4367 bamus
739 4328 752 4364 :
782 4311 925 4382 quod
954 4319 1008 4365 et
1032 4313 1328 4380 scriptores
1356 4313 1448 4366 alii
1477 4327 1578 4366 nos
1611 4310 1840 4377 docent;
1876 4309 1967 4380 qui
2008 4323 2075 4363 ex

2190 1840 2406 1910 negotio
2441 1841 2671 1912 insignis
2696 1843 2956 1896 occurrit.

2255 1930 2445 1986 Ortum
2477 1932 2602 1988 Sirii
2622 1934 2866 2004 plerique
2899 1934 2952 1987 in
2981 1933 3033 1988 id
3065 1941 3399 1988 momentum
3437 1933 3747 1999 conferunt,

2183 2038 2291 2092 quo
2330 2023 2411 2078 sol
2447 2022 2679 2078 Leonem
2725 2024 3048 2095 ingreditur.
3092 2023 3357 2090 Quoniam
3393 2039 3528 2078 vero
3561 2026 3751 2080 solsti-

2183 2115 2254 2167 tia
2270 2121 2322 2169 et
2341 2114 2662 2184 aequinoctia
2690 2115 2744 2169 in
2765 2117 2971 2171 octavis
2991 2118 3253 2170 committi
3269 2117 3552 2188 signorum
3578 2117 3750 2187 parti-

2181 2205 2282 2259 bus
2334 2206 2574 2276 vulgaris
2603 2215 2720 2261 erat
2761 2209 2967 2279 Opinio,
3007 2209 3137 2264 hinc
3169 2208 3390 2263 totidem
3428 2219 3555 2264 ante
3584 2225 3743 2264 veros

2183 2297 2464 2366 ingressus
2503 2298 2696 2354 diebus
2744 2301 2898 2354 initia
2965 2300 3526 2355 dodecatemoriorum
3585 2310 3746 2356 ante—

2181 2397 2478 2443 verterunt.
2513 2388 2819 2444 Solstitium
2852 2389 2981 2445 Julii
3015 2390 3249 2448 Caesaris
3277 2391 3420 2446 Junii
3448 2399 3644 2462 quarto
3679 2402 3738 2446 et

2181 2480 2442 2535 vicesimo
2461 2480 2549 2536 die
2575 2481 2808 2536 deﬁxum
2843 2492 2976 2537 erat.
3001 2481 3170 2553 Igitur
3192 2498 3263 2538 xv
3292 2482 3547 2538 Kalendas
3575 2481 3736 2547 Julii,

2181 2574 2294 2628 sive
2321 2572 2467 2628 Junii
2510 2589 2644 2639 xvu,
2676 2575 2728 2628 in
2759 2574 3027 2629 Cancrum
3063 2576 3144 2630 sol
3189 2576 3393 2646 ingredi
3424 2577 3732 2646 putabatur.

2182 2665 2236 2720 In
2263 2665 2498 2723 Leonem
2535 2684 2662 2722 vero
2691 2676 2812 2739 post
2843 2684 3008 2722 unum
3040 2678 3094 2723 et
3125 2668 3345 2738 triginta
3370 2668 3506 2731 dies,
3533 2685 3597 2722 xv
3627 2667 3740 2720 Ka-

2182 2757 2370 2813 lendas
2427 2757 2677 2828 Augusti.
2743 2757 2953 2813 Plinius
3001 2759 3142 2813 libro
3185 2757 3247 2824 ll,
3303 2760 3480 2829 capite
3534 2757 3738 2819 XLVII.

2187 2865 2204 2896 ι
2237 2845 2636 2901 Ardentissimo
2677 2848 2883 2902 astatis
2924 2857 3165 2918 tempore
3189 2851 3435 2905 exoritur
3470 2849 3745 2906 Canicula

2183 2939 2355 3003 sidus,
2386 2938 2500 2993 sole
2528 2939 2756 3008 primam
2788 2948 2992 3010 partem
3018 2940 3216 2997 Leonis
3244 2943 3619 3013 ingrediente:
3650 2944 3742 3012 qui

2181 3028 2300 3082 dies
2354 3044 2421 3081 xv
2452 3035 2576 3082 ante
2615 3027 2841 3098 Augusti
2904 3028 3194 3086 Kalendas.
3229 3048 3250 3083 ι
3305 3030 3472 3085 Libro
3526 3045 3742 3101 quoque

2183 3116 2356 3181 XVII,
2403 3118 2578 3187 capite
2608 3117 2840 3181 XXVIII,
2873 3128 2994 3188 post
3019 3121 3308 3176 solstitium
3341 3122 3474 3176 oriri
3503 3123 3739 3178 Canicu-

2180 3208 2284 3261 lam
2320 3209 2394 3262 ait
2436 3209 2523 3264 die
2557 3225 2711 3265 ιιιιι.
2767 3209 2823 3265 Si
2864 3227 2960 3265 vm
3005 3211 3274 3267 Kalendas
3303 3209 3433 3266 Julii
3467 3214 3526 3267 ﬁt
3559 3214 3741 3268 solsti-

2179 3301 2336 3370 tium,
2373 3301 2650 3374 ingressus
2674 3304 2728 3357 in
2773 3303 3040 3358 Cancrum
3072 3323 3158 3359 xvi
3204 3306 3471 3362 Kalendas
3519 3307 3736 3369 accidit,

2178 3395 2270 3464 qui
2303 3401 2386 3449 cst
2407 3393 2531 3448 Julii
2559 3411 2669 3449 xvii
2699 3394 2835 3450 dies.
2865 3394 3039 3450 Varro
3062 3397 3202 3451 libro
3225 3397 3266 3463 ι,
3301 3400 3478 3469 capite
3501 3397 3733 3459 XXVIII,

2182 3501 2210 3538 a
2247 3484 2482 3539 solstitio
2499 3485 2564 3539 ad
2586 3493 2831 3540 exortum
2854 3485 3125 3540 Caniculae
3149 3488 3267 3542 dies
3296 3497 3545 3542 numerat
3575 3505 3735 3551 xxix;

2177 3574 2475 3629 Columella
2527 3576 2666 3630 libro
2695 3575 2786 3641 IX,
2816 3579 2992 3646 capite
3020 3566 3159 3643 XIV,
3186 3580 3302 3635 dies
3335 3592 3474 3646 xxx;
3531 3581 3643 3646 alii,
3677 3591 3736 3633 ut

2176 3666 2450 3724 Palladius
2483 3671 2620 3725 libro
2648 3669 2753 3738 VII,
2781 3671 2863 3724 tit.
2891 3670 2984 3738 IX,
3005 3673 3319 3727 Caniculam
3347 3689 3439 3728 xiv
3466 3671 3736 3730 Kalendas

2178 3761 2404 3831 Augusti
2428 3762 2560 3816 oriri
2585 3763 2839 3816 tradunt:
2865 3764 2956 3832 qui
2981 3773 3064 3818 est
3088 3780 3181 3818 ιιι
3212 3763 3341 3818 Julii
3370 3764 3489 3821 dies
3523 3784 3536 3819 :
3572 3781 3736 3836 quem

2176 3859 2230 3908 et
2255 3851 2573 3909 Ptolemzeus
2601 3852 2785 3908 Graece
2810 3868 2840 3908 a
2872 3855 3029 3910 nobis
3061 3855 3241 3912 editus
3284 3857 3424 3912 inter
3460 3857 3600 3912 alios
3624 3872 3736 3911 me-

2179 3953 2376 3999 morat.
2399 3942 2532 3998 Nam
2567 3952 2622 4000 et
2653 3943 2846 4014 Epiphi
2881 3961 2994 4008 xxi,
3038 3947 3088 4000 id
3119 3955 3203 4000 cst
3236 3945 3364 4000 Julii
3391 3962 3480 4011 xv,
3511 3955 3566 4001 et.
3613 3946 3726 4016 Epi-

2179 4031 2270 4102 phi
2319 4049 2442 4098 xxv,
2481 4035 2574 4105 qui
2596 4042 2679 4090 est
2704 4033 2834 4089 Julii
2867 4051 2980 4101 ιιι,
3007 4045 3061 4090 et
3085 4035 3274 4107 Epiphi
3303 4053 3470 4102 xxvn,
3494 4035 3623 4090 Julii
3644 4054 3732 4090 xxi

2177 4125 2330 4194 ponit
2365 4137 2543 4180 ortum
2569 4125 2841 4180 Canicula:
2867 4145 2879 4180 :
2908 4141 3016 4197 quo
3048 4127 3136 4181 die
3157 4125 3492 4184 Censorinus
3520 4145 3734 4199 quoque

2178 4215 2234 4268 in
2263 4213 2498 4286 Egypto
2538 4216 2670 4270 oriri
2699 4217 2886 4271 scribit
2909 4232 3030 4288 cap.
3065 4217 3204 4272 XXI.

2246 4307 2323 4361 Ac
2375 4309 2550 4377 major
2573 4323 2719 4380 pars,
2767 4317 2826 4363 ut
2873 4309 3010 4374 dixi,
3042 4307 3320 4374 Veterum,
3363 4312 3455 4381 qui
3488 4324 3610 4382 post
3639 4328 3735 4365 an-

515 4404 743 4458 orientis
789 4402 1064 4458 Caniculae
1105 4410 1394 4472 prospectu
1467 4401 1770 4456 futurorum
1816 4401 2073 4472 praesagia
2107 4409 2150 4465 ο
2177 4397 2589 4454 numJulianum
2607 4405 2884 4459 conditum
2907 4403 3736 4474 scripserunt,ortumCaniculae

516 4497 622 4565 peti
657 4496 816 4550 solita
836 4495 1228 4550 deumnstrant.
1263 4491 1354 4548 Sic
1379 4491 1642 4548 Homerus
1672 4491 1835 4548 Iliad.
1867 4507 1921 4557 ι,
1950 4491 2076 4547 Sirii

517 4586 835 4642 describens
863 4597 1040 4642 ortum
1074 4603 1089 4640 :

518 4723 624 4787 ’ος
637 4724 718 4789 ῥά
745 4722 793 4774 τ’
821 4721 1050 4787 ὀπώρης
1077 4716 1234 4774 εἶσιν
1251 4736 1263 4749 ·
1290 4718 1553 4788 ἀρίζηλοι
1585 4718 1652 4772 δὲ
1678 4720 1928 4789 οὶναὺγπαὶ

517 4788 828 4845 ΦαίτἏονται
849 4790 1130 4845 πολλοῖσι
1147 4790 1272 4859 μετ’
1287 4789 1544 4857 ἄστρασι
1571 4788 1788 4854 νυκτὸς
1811 4788 2071 4860 ἀμολγῷ·

517 4865 629 4915 ’ον
648 4880 708 4916 τε
731 4864 858 4916 κύν’
907 4863 1184 4930 Ὠρίωνος
1206 4861 1527 4928 ἐπίκλησιν
1555 4860 1879 4930 καλέουσιν
1903 4878 1916 4891 ·

427 4929 436 4936 ”
516 4935 933 5002 Λαμπρότατος
966 4929 1093 5000 per
1129 4929 1213 4983 ὅδ’
1259 4930 1410 4994 ἐστὶ,
1469 4930 1656 4984 κακὸν
1717 4929 1783 5002 δέ
1817 4948 1880 5002 τε
1912 4929 2076 4999 σῆμα

1762 4999 2072 5071 [τέτυκται.

591 5134 870 5189 Heliacuin
909 5143 1090 5190 ortum
1120 5133 1394 5203 intelligit,
1439 5148 1532 5202 qui
1570 5141 1757 5188 astate
1791 5132 2073 5190 desinente

516 5223 594 5288 ﬁt,
625 5239 785 5294 quam
814 5225 1033 5297 ὀπώραν
1063 5233 1243 5287 vocat,
1275 5233 1514 5279 extrema
1565 5233 1722 5279 nocte
1742 5266 1754 5290 ,
1813 5235 1871 5279 ut
1926 5235 2074 5280 recte

517 5311 837 5371 Eustathius
866 5317 1109 5386 exponit.
1170 5317 1491 5386 Quanquam
1543 5315 1691 5370 Theo
1741 5315 1809 5369 ad
1849 5317 2072 5371 Aratum

516 5405 762 5475 ingentes
796 5406 920 5462 illos
963 5415 1130 5461 aestus
1179 5407 1323 5462 ortui
1361 5406 1601 5462 cosmico
1645 5405 1860 5462 videtur
1899 5409 2072 5462 ascri-

514 5497 662 5551 bere.
712 5497 874 5569 Atqui
934 5499 1176 5569 longiore
1234 5499 1488 5568 deinceps
1533 5512 1799 5552 annorum
1857 5501 2071 5554 evoluto

516 5591 712 5659 spatio,
749 5599 1036 5662 postquam
1069 5592 1220 5646 sidus
1262 5591 1390 5644 illud
1427 5592 1505 5654 εἰς
1551 5591 1619 5644 τὰ
1667 5590 1904 5661 ἑπόμενα
1946 5607 2070 5661 pro-

511 5680 848 5744 gressionem
882 5682 1093 5745 habuit,
1125 5681 1475 5760 imminuta
1491 5683 1667 5762 omnis
1681 5681 1983 5763 manifeste
2002 5684 2088 5765 ab.

2180 4489 2354 4558 primo
2370 4490 2424 4544 in
2436 4491 2670 4548 Leouem
2693 4495 2961 4566 ingressui
2979 4497 3110 4550 solis
3129 4495 3429 4566 assignant;
3454 4506 3512 4550 ut
3540 4495 3733 4560 Varro,

2180 4587 2237 4632 ut
2255 4579 2574 4648 Columella,
2593 4593 2650 4637 ut
2671 4580 2971 4649 Palladius,
2990 4591 3047 4637 ut
3065 4582 3333 4644 Manilius,
3351 4592 3408 4636 ut
3441 4583 3732 4647 Firmicus.

2178 4685 2242 4725 ac
2275 4672 2457 4728 caeteri
2499 4692 2514 4728 :
2559 4676 2654 4744 qui
2700 4677 2858 4745 quasi
2899 4691 2996 4746 per
3033 4690 3226 4730 manus
3273 4677 3531 4729 traditam
3593 4677 3733 4731 hanc

2176 4764 2487 4832 opinionem
2515 4768 2748 4836 posteris
2782 4768 3140 4823 tradiderunt.
3170 4766 3225 4820 In
3257 4783 3366 4838 quo
3408 4771 3735 4824 recentiores

2175 4859 2376 4928 quique
2417 4861 2706 4930 plurimum
2742 4863 2863 4920 falsi
2889 4871 3036 4919 sunt.
3089 4862 3220 4917 Nam
3254 4879 3428 4934 neque
3464 4862 3592 4916 Julii
3635 4877 3734 4916 sa!-

2175 4949 2322 5015 culo,
2377 4966 2552 5022 neque
2591 4953 2973 5019 Constantini;
3011 4969 3118 5024 quo
3151 4952 3441 5017 Firmicus,
3478 4968 3540 5007 ac
3575 4956 3737 5028 paulo

2173 5051 2314 5110 post,
2351 5052 2410 5096 ut
2451 5045 2810 5114 quorumdam
2855 5056 2936 5101 est
2964 5048 3168 5115 opinio,
3203 5045 3454 5100 Manilius
3503 5044 3682 5097 ﬂoruit
3715 5061 3731 5106 ;

2174 5139 2326 5188 ortus
2354 5133 2596 5188 heliacus
2627 5133 2778 5198 Sirii,
2807 5137 2874 5190 de
2900 5151 3010 5205 quo
3036 5135 3124 5190 isti
3175 5136 3492 5203 loquuntur,
3528 5135 3581 5186 in
3624 5133 3737 5201 pri-

2175 5241 2315 5279 mam
2362 5235 2568 5296 partem
2598 5227 2816 5283 oLeonis
2870 5225 3052 5284 Romae
3083 5230 3292 5283 incidit.
3342 5227 3548 5282 Etenim
3590 5241 3735 5280 anno

2173 5317 2348 5385 primo
2378 5317 2593 5372 Juliano
2646 5321 2881 5374 cosmice
2933 5321 3209 5375 oriebatur
3248 5319 3506 5375 Canicula
3548 5316 3736 5372 Romae

2173 5423 2295 5460 cum
2333 5407 2504 5478 gradu
2539 5408 2732 5464 Cancri
2761 5409 2852 5474 22,
2881 5411 3000 5477 ιε’,
3033 5412 3236 5466 heliace
3259 5427 3382 5465 cum
3413 5409 3583 5480 gradu
3608 5408 3735 5462 Leo-

2173 5498 2258 5552 nis
2283 5498 2335 5562 7,
2369 5499 2483 5553 45'.
2510 5500 2579 5552 At
2629 5499 2682 5553 iu
2716 5498 2907 5554 Rhodo
2951 5501 3138 5557 eodem
3164 5502 3365 5556 saeculo
3392 5508 3548 5555 ortus
3587 5498 3734 5566 ejus-

2171 5590 2292 5643 dem
2335 5591 2608 5646 cosmicus
2648 5591 2702 5644 in
2749 5590 2946 5646 Cancri
2990 5594 3214 5662 gradum
3268 5592 3355 5657 l6,
3386 5592 3520 5657 48';
3554 5589 3732 5644 Helia-

2143 5699 2270 5762 _cus
2311 5681 2590 5768 in‘Leonis
2624 5683 2924 5766 tcadebat.
2957 5684 3113 5756 Quod
3142 5686 3250 5741 illic
3281 5694 3438 5741 aetate
3462 5699 3564 5740 sua
3601 5696 3731 5736 con-
