1911 3722
10 168 98 199 £389

454 167 679 196 DISSE‘R‘I‘ATIO
700 167 743 194 DE
761 166 854 194 OR'I‘U
876 165 918 193 ΕΤ
938 165 1071 194 OCCASU
1093 166 1252 195 SIDERL'M.

1588 171 1653 198 l59ll

5 227 132 261 tigisse
149 230 271 255 testatur
284 226 424 257 Geminus,
439 230 466 252 et
478 230 540 253 ante
556 225 628 252 hunc
640 224 822 260 Hipparchus.
839 228 861 256 Α
876 232 936 251 nem
949 225 1014 251 oriri
1029 225 1143 252 dixerat.
1165 224 1235 253 Sane
1259 226 1347 261 primo
1364 232 1437 253 anno
1450 226 1560 255 Juliano
1574 237 1655 256 verus

6 271 60 299 Ex
81 280 151 308 quo
171 273 207 300 de
222 271 328 300 Gemini
351 274 430 298 aetate
445 271 604 306 conjectura
619 276 714 298 nostra
735 270 825 297 ﬁrma-

10 324 81 345 tur.
102 318 168 346 Nos
185 319 256 345 enim
271 317 318 343 lib.
337 316 359 343 II
378 316 415 344 De
426 316 495 344 doct.
516 322 605 351 temp.,
621 324 682 352 cap.
693 316 736 348 Vl,
749 322 826 343 sexto

14 363 122 391 Urbis
145 363 249 390 saeculo
270 363 359 398 ipsum
388 363 513 390 ﬂoruisse
528 362 775 390 demonstravimus
793 371 825 389 ex

13 417 68 441 co,
86 410 173 444 quod
188 414 249 436 ante
264 416 351 436 annos
370 408 451 440 CXX,
475 416 555 444 quam
573 409 715 440 scriberet,
734 408 785 436 Isia
798 409 825 436 in

16 452 143 480 Eudoxi
163 453 268 488 τροπὰς
284 453 413 481 incidisse
432 454 520 488 prodit
534 463 540 481 :
561 454 594 480 de
610 461 664 488 quo
679 461 776 480 rursus
799 455 826 480 in

16 497 110 525 Notis
139 497 177 524 ad
204 497 308 526 Gemini
327 507 388 534 pag.
411 499 445 525 19
460 500 613 526 accuratius
626 503 668 526 est
680 503 782 526 actum.

57 542 168 570 Redeo
186 543 219 570 ad
252 549 341 571 ortum
360 544 506 572 Caniculae.
535 545 620 577 Quem
635 552 696 571 cum
720 544 825 572 Gemini

15 589 196 617 rationibus
206 590 372 617 adamussim
381 591 595 619 consentientem
606 591 715 618 exhibet
727 591 828 618 metho-

2 632 80 673 ‘dus
94 639 211 662 nostra.
228 634 333 662 Plinius
350 639 451 667 autem,
468 639 494 662 et
513 636 614 667 czeteri,
629 636 675 671 qui
693 636 764 664 circa
779 636 827 663 Ju-

18 679 52 706 lii
73 688 164 712 xvm,
183 682 224 708 vel
241 689 296 712 xIx,
312 682 338 708 in
361 681 446 716 prima
464 687 540 716 parte
556 682 654 709 Leonis
678 682 743 710 oriri
759 683 827 710 scri-

21 731 175 760 pserunt,
201 727 268 755 falsa
292 727 337 754 illa
361 728 537 762 persuasione
560 728 625 755 moti
644 732 718 760 sunt,
746 737 825 764 quam

22 780 123 808 supra
156 778 256 808 quarto
279 774 377 808 capite,
404 782 437 801 ex
460 780 623 810 praepostera
652 776 827 811 antiquorum

23 819 196 847 imitatione
210 827 350 855 perperam
366 820 419 847 illis
432 820 588 855 Obrepsisse
602 822 825 849 monstravimus.

2 859 83 893 :IHic
106 865 220 900 primus
245 873 339 893 eorum
367 865 417 893 fuit
439 873 527 893 error.
552 866 601 894 Cui
619 867 686 895 alter
700 869 826 902 accessit,

25 911 110 946 quod
132 919 199 938 cum
216 919 308 942 verus.
319 915 346 939 et
359 912 496 940 cosmicus
511 917 588 939 ortus
601 912 737 940 Caniculae
754 914 827 941 circa

27 956 57 982 id
94 960 231 991 tempus,
251 956 324 992 quod
344 957 379 984 ab
401 956 455 985 illis
482 963 643 992 conceptum
657 962 709 991 est,
736 958 828 987 Romae

4 998 14 1039 ς’
27 1003 232 1039 contingeret,
255 1003 381 1032 Ileliacus
403 1008 492 1031 autem
511 1013 565 1032 non
585 1005 611 1031 in
629 1004 716 1038 Italia,
735 1006 782 1033 sed
801 1006 828 1033 in

12 1047 162 1088 ’Iﬁgypto
182 1049 234 1076 sub
254 1049 324 1076 idem
349 1053 455 1084 tempus
486 1050 640 1081 accideret,
656 1050 700 1077 isti
712 1058 771 1085 qua:
794 1051 828 1078 ab

7 1095 20 1098 ”
30 1093 247 1127 Alexandrinis,
258 1099 285 1123 et
302 1095 432 1130 Egyptiis
446 1095 478 1124 ad
492 1104 572 1123 suum
586 1100 702 1124 tractum
718 1104 827 1124 accom-

33 1140 165 1172 modata,
182 1141 344 1176 scriptisque
357 1141 462 1176 prodita
475 1146 562 1173 erant,
588 1142 620 1169 ad
644 1141 765 1169 Italicum
782 1150 829 1177 ap-

33 1185 193 1219 plicarunt.
205 1186 288 1213 Ortus
300 1187 436 1214 cosmicus
450 1187 514 1214 Sirii
529 1194 600 1214 anno
617 1187 706 1221 primo
719 1186 828 1214 Juliano

10 1232 217 1260 “Alexandriae
243 1233 324 1260 liebat
353 1233 380 1260 in
403 1233 487 1268 gradu
503 1232 600 1260 Cancri
621 1233 665 1265 12,
679 1233 731 1265 27',
755 1233 828 1259 circa

8 1271 15 1287 ·’
35 1285 78 1305 vn
102 1276 170 1305 Julii
187 1288 194 1306 ε
211 1278 334 1306 heliacus
357 1279 384 1305 in
406 1279 492 1314 gradu
514 1279 560 1310 ‘26,
587 1278 622 1309 9'.
639 1279 690 1305 hoc
706 1283 748 1306 est
764 1277 828 1305 Julii

3 1321 19 1337 ⁸
38 1323 100 1351 fere
115 1332 163 1351 xx.
181 1325 364 1357 Quamobrem
379 1325 452 1359 quod
470 1325 508 1351 illi
525 1324 558 1351 de
574 1328 651 1351 ortus
665 1325 828 1352 canicularis

38 1371 169 1403 tempore
190 1369 325 1401 scribunt,
341 1369 363 1396 si
385 1369 419 1396 de
441 1368 534 1396 Italico
557 1369 617 1395 cmli
634 1368 723 1403 positu
739 1376 829 1396 sermo

40 1417 97 1446 est,
126 1414 160 1441 ad
187 1415 335 1442 cosmicum
364 1415 505 1442 refertur:
525 1415 567 1442 sin
584 1414 736 1451 ΑΕΗ-ριὴεί
758 1417 829 1443 ratio

2 1461 11 1478 ῐ-
42 1457 167 1491 ducitur,
185 1458 307 1486 heliacns
320 1459 459 1487 habendus
475 1463 526 1487 est.
541 1459 701 1493 Columella,
717 1461 763 1496 qui
784 1461 830 1488 tri-

8 1501 27 1525 ὶίι
43 1504 150 1531 eesimo
163 1504 197 1531 ab
210 1504 338 1535 solstitio,
368 1508 395 1532 et
413 1505 447 1532 ab
461 1509 557 1533 octava
572 1509 648 1540 parte
670 1505 767 1533 Cancri
785 1507 829 1535 die

10 1554 24 1569 ἰ
44 1548 184 1576 Caniculae
197 1550 273 1584 ponit
296 1554 437 1582 exortum,
465 1551 622 1586 imprudens
649 1552 675 1579 in
688 1553 827 1580 veritatem

2 1614 3 1617 η
47 1594 175 1628 delapsus
187 1597 238 1621 est.
262 1593 306 1621 Sic
320 1594 392 1622 enim
410 1599 513 1630 partem
530 1596 557 1623 in
571 1596 669 1624 Leonis
688 1598 829 1632 septimam

48 1639 107 1666 fere
129 1640 236 1667 redacta
252 1640 323 1667 ratio
338 1645 390 1668 est.
415 1640 468 1668 Sed
485 1641 513 1668 in
533 1646 654 1677 tempore
678 1642 832 1688 definiendo

2 1695 17 1715 ;l
48 1685 170 1720 vulgaris
186 1685 261 1712 illum
278 1693 356 1713 error
371 1686 510 1721 abripuit;
530 1695 592 1714 nam
612 1688 675 1722 quia
695 1685 776 1715 solis.
790 1689 832 1716 in-

17 1755 20 1757 .
51 1730 162 1757 troitum
186 1730 213 1757 in
238 1730 373 1758 Cancrum
399 1731 473 1759 Junii
496 1740 550 1760 xvn
576 1733 685 1761 circiter
700 1734 830 1769 illigavit,

6 1802 16 1806 ,,
52 1775 150 1804 Leonis
163 1776 265 1804 aditum
279 1777 343 1805 Julii
359 1786 424 1805 xvni
436 1782 648 1806 consentaneum
663 1783 705 1807 est
719 1780 831 1812 ascribi,

4 1825 19 1854 ξ
53 1826 142 1849 ortum
161 1830 225 1850 vero
238 1822 375 1850 Caniculae
390 1822 453 1851 Julii
477 1831 544 1851 xxm
561 1824 603 1851 vel
618 1832 692 1857 xxxv,
708 1825 734 1852 in
757 1831 833 1860 parte

6 1897 16 1902 ν
53 1867 152 1896 Leonis
168 1869 277 1896 circiter
298 1869 425 1905 septima.
448 1868 477 1897 In
490 1877 545 1905 quo
559 1873 648 1897 tamen
673 1870 741 1905 fugit
757 1871 832 1898 illum

3 1929 21 1948 ,ς
53 1914 135 1941 ratio.
157 1914 260 1949 Quippe
271 1914 399 1942 Kalendis
424 1914 563 1950 Augustis,
592 1915 633 1942 vel
651 1916 732 1950 paulo
760 1920 832 1950 post,

8 1976 27 1995 μ
54 1959 175 1987 heliacus
190 1959 326 1987 Caniculae
347 1964 424 1987 ortus
441 1968 489 1995 per
515 1961 540 1987 id
567 1965 673 1995 tempus
698 1961 831 1996 congruit.

13 2027 24 2035 ῃ
53 2003 115 2032 Non
141 2005 239 2032 minori
260 2005 470 2032 ballucinatione
485 2005 589 2033 Plinius
611 2006 739 2033 vicesimo
754 2007 834 2034 tertio

8 2258 14 2263 ,
60 2238 113 2260 tam
129 2241 206 2261 suum
219 2233 342 2268 corrigit,
361 2234 406 2268 qui
424 2241 456 2261 ex
468 2235 605 2261 communi
623 2235 749 2269 opinione
765 2236 834 2262 dixit
849 2239 872 2267 D

55 2053 119 2086 post
135 2050 279 2077 solstitiqu
296 2051 340 2078 die
353 2051 418 2078 oriri
431 2051 588 2078 Caniculam
604 2052 705 2079 heliace
718 2053 831 2086 putavit,

55 2103 119 2123 eum
134 2103 228 2124 revera
242 2096 352 2124 totidem
367 2101 427 2131 post
442 2097 589 2124 solstitium
602 2097 698 2125 diebus
715 2098 834 2126 cosmice

57 2145 134 2169 atate
146 2140 208 2168 Julii
225 2141 340 2169 Ctesaris
356 2142 483 2169 oriretur.

94 2186 213 2222 Scaliger
225 2186 301 2215 Notis
320 2188 354 2215 ad
370 2187 472 2215 Manilii
493 2189 541 2216 lib.
559 2188 580 2214 ν
597 2189 669 2224 (pag.
682 2189 755 2222 405),
770 2197 834 2224 poe—

60 2279 90 2306 in
110 2282 184 2313 parte
207 2278 305 2307 Leonis
325 2283 413 2306 ortum
437 2279 526 2306 facere
549 2278 649 2307 Sirium
670 2290 676 2307 :
697 2290 706 2306 ι
727 2280 834 2312 Melius,

2 2320 13 2362 ί
62 2323 158 2359 inquit,
182 2323 293 2351 dixisset
315 2324 415 2351 Canem
434 2323 569 2358 principio
599 2323 696 2351 Cancri
720 2325 786 2351 oriri
807 2327 836 2353 in

62 2369 166 2397 tlnitore
189 2369 344 2397 barbarico.
368 2369 473 2397 Saeculo
488 2369 589 2396 Manilii
602 2370 742 2397 oriebatur
756 2370 783 2397 in
799 2378 836 2397 vn

2 2411 13 2418 ”
62 2416 166 2443 Cancri.
185 2425 195 2442 ι
216 2415 249 2444 Ut
263 2416 377 2451 Augusti
389 2416 488 2443 saeculo
501 2415 597 2444 demus
614 2415 737 2443 ﬂoruisse
750 2416 837 2443 Mani-

62 2464 137 2494 lium,
158 2461 230 2497 quod
255 2465 330 2489 ratus
346 2465 387 2489 est
411 2460 542 2495 Scaliger,
560 2468 649 2495 neque
671 2460 748 2487 initio
767 2460 837 2487 Can-

63 2509 120 2540 cri,
134 2515 219 2543 neque
241 2515 301 2534 cum
316 2508 376 2542 ejus
395 2507 479 2542 gradu
499 2514 535 2533 viI
560 2510 618 2533 orta
635 2513 677 2534 est
696 2506 835 2534 Canicula.

65 2554 164 2589 Quippe
181 2561 262 2581 verus
272 2553 345 2580 illius
359 2557 436 2580 ortus
459 2551 630 2579 Alexandria:
647 2552 674 2579 in
691 2552 775 2587 gradu
792 2552 836 2584 I2,

65 2596 125 2633 17';
139 2599 259 2627 beliacus
274 2598 301 2624 in
321 2597 367 2630 26,
389 2598 420 2625 9'
436 2598 544 2625 accidit.
568 2597 610 2625 Ab
626 2601 687 2625 ortu
702 2605 767 2625 vero
784 2605 836 2624 non

67 2648 175 2675 multum
194 2646 320 2673 abhorret
351 2644 479 2672 Plinius:
502 2645 548 2680 qui
582 2645 630 2672 lib.
653 2643 747 2676 XVIII,
775 2651 836 2678 cap.

69 2691 334 2725 XXIX,Caniculam
349 2690 415 2716 oriri
441 2691 477 2717 ait
504 2692 532 2717 in
555 2690 673 2726 Egypto
695 2697 721 2717 Iv
746 2689 838 2716 Nonas

71 2738 157 2766 Julias.
182 2735 211 2764 In
226 2738 298 2764 hunc
313 2736 386 2763 enim
407 2735 477 2763 diem
495 2737 654 2764 undecimus
669 2735 725 2763 fere
741 2735 838 2763 Cancri

73 2783 164 2819 gradus
175 2783 298 2810 incurrit.
315 2781 434 2809 Tametsi
447 2781 479 2809 de
494 2780 625 2818 Procyne,
646 2789 700 2809 non
715 2781 748 2808 de
758 2781 839 2808 Cani-

74 2828 139 2860 cula,
160 2828 265 2856 videtur
293 2827 345 2854 hoc
365 2828 501 2862 posterius
527 2828 694 2856 intellexisse
722 2826 837 2855 Plinius.

75 2876 134 2902 Nam
147 2873 232 2909 capite
248 2872 426 2905 antecedenti,
444 2880 469 2899 iv
490 2872 583 2903 Nonas
595 2872 713 2909 [Egypto
735 2872 838 2907 Procy-
858 2889 867 2893 -

876 274 962 303 ortus,
982 271 1038 297 sive
1062 271 1199 298 cosmicus
1222 271 1351 307 Procynis
1374 272 1466 301 Romae
1488 282 1548 301 cum
1570 276 1654 309 gradu

877 313 918 345 Il,
935 314 964 341 0'
981 315 1076 342 Cancri
1096 316 1175 343 liebat
1194 324 1200 341 :
1222 316 1342 344 heliacus
1359 326 1420 345 cum
1436 319 1557 353 ejusdem
1572 322 1654 355 gradu

875 359 921 389 27,
943 360 1001 387 56⁷.
1016 360 1050 386 At
1067 361 1093 387 in
1113 360 1229 396 Egypto
1246 364 1381 390 cosmicus
1405 366 1516 400 contigit
1532 366 1558 392 in
1572 367 1654 401 gradu

876 404 975 432 Cancri
992 405 1020 436 6,
1037 406 1098 439 I7’;
1123 407 1245 434 lieliacns
1262 408 1287 434 in
1302 408 1347 440 21.
1361 409 1400 436 5⁸.
1426 409 1552 438 Manilius
1567 417 1656 439 autem

876 449 924 476 lib.
938 448 970 483 V,
988 455 1014 477 et
1029 451 1176 482 Firmicus,
1203 456 1232 479 ut
1256 458 1327 481 recte
1345 453 1465 490 Scaliger
1492 457 1656 489 emendavit,

877 495 1026 531 Procynem
1059 497 1087 524 in
1113 498 1211 526 Cancri
1242 504 1317 534 parte
1344 509 1417 528 xxvu
1443 502 1508 529 oriri
1536 504 1656 532 volunt:

877 541 948 576 quod
970 546 996 569 et
1020 541 1082 570 Julii
1103 545 1213 576 saeculo,
1239 553 1292 572 non
1306 544 1416 574 Firmici
1442 553 1657 576 consentaneum

876 593 929 614 est.

912 632 970 660 Duo
993 638 1057 661 sunt
1081 635 1108 661 in
1135 635 1204 662 cmlo
1225 636 1325 668 sidera,
1347 638 1445 673 quibus
1462 638 1544 666 Canis
1561 648 1658 668 nomen

877 672 1006 714 competit
1023 690 1029 707 :
1046 680 1180 716 Procyon,
1199 687 1225 709 et
1239 682 1328 709 Κύων.
1351 672 1399 711 Ille
1418 684 1577 717 Antecanis,
1603 694 1660 714 Sive

877 725 1047 754 minusculus
1064 726 1147 754 Carnis
1168 733 1291 761 vocatur,
1322 728 1357 756 ad
1383 730 1497 757 lacteum
1526 732 1659 759 circulum

877 771 993 805 positus,
1007 772 1078 800 inter
1088 773 1302 807 aequinoctialem
1314 774 1445 802 circulum
1460 781 1486 803 et
1501 777 1658 807 zodiacum;

878 816 1000 852 duasque
1029 819 1121 846 stellas
1142 819 1223 846 hilbel
1238 828 1246 852 ;
1269 820 1296 847 in
1311 821 1381 847 collo
1396 829 1476 848 unam
1490 841 1498 853 ,
1515 822 1542 849 in
1558 823 1660 850 femore

878 859 1002 893 alteram,
1021 869 1081 896 quae
1096 866 1122 889 et
1134 861 1256 899 Procyon
1272 865 1423 899 appellatur
1442 867 1561 901 proprie.
1574 868 1660 901 Cujus

877 905 956 941 origo
973 907 1097 935 vocabuli
1114 916 1146 936 ex
1168 916 1201 936 eo
1224 910 1337 945 petitur,
1353 911 1425 946 quod
1440 912 1523 940 Canis
1549 921 1580 940 ac
1596 913 1659 942 Sirii

878 951 1011 984 praecedat
1025 956 1126 981 ortum.
1143 954 1225 981 Canis
1242 958 1332 982 autem
1347 955 1423 983 sidus
1437 961 1478 984 est
1490 958 1523 985 ad
1536 963 1659 986 austrum

878 995 948 1023 infra
975 998 1192 1032 aequinoctialem
1214 1000 1360 1028 circulum.
1389 1001 1465 1035 Quod
1489 1011 1550 1030 cum
1568 1005 1661 1032 stellas

878 1040 975 1069 habeat
988 1043 1089 1077 plures,
1108 1045 1269 1079 praecipuam
1287 1051 1375 1074 tamen
1391 1047 1418 1074 in
1435 1055 1481 1075 ore
1507 1056 1538 1075 ac
1552 1050 1661 1077 maxilla

879 1087 963 1121 gerit:
984 1096 1063 1123 quam
1079 1088 1179 1116 Sirium
1190 1095 1299 1121 vocant.
1319 1090 1407 1118 Latini
1421 1093 1590 1125 Caniculam,
1609 1096 1661 1122 etsi

878 1132 1007 1159 Canicula
1030 1141 1225 1169 nonnunquam
1250 1143 1299 1170 pro
1313 1140 1370 1163 toto
1385 1137 1443 1171 ipso
1465 1138 1553 1166 sidere
1576 1141 1663 1167 smni-

879 1181 932 1205 tur.
947 1177 1052 1206 Plinius
1067 1179 1113 1206 lib.
1133 1179 1226 1212 XVIII,
1246 1188 1306 1216 cap.
1321 1181 1427 1209 XXVIII
1447 1189 1524 1219 negat
1543 1184 1661 1222 Procyni

878 1230 976 1251 nomen
1001 1224 1071 1259 apud
1102 1224 1240 1253 Romanos
1255 1228 1339 1254 ullum
1356 1236 1426 1256 esse.
1459 1239 1469 1255 ι
1492 1231 1568 1263 Quod
1586 1233 1662 1260 sidus

879 1267 951 1302 apud
973 1268 1122 1300 Romanos.
1153 1269 1249 1305 inquit,
1276 1279 1329 1298 non
1354 1272 1434 1300 habet
1465 1282 1574 1306 nomen.
1608 1278 1662 1305 nisi

878 1313 1035 1341 Caniculam
1047 1315 1116 1342 hanc
1128 1316 1241 1344 velimus
1261 1317 1392 1352 intelligi:
1408 1319 1459 1346 IlOC
1472 1325 1513 1348 est
1530 1323 1660 1350 minorem

878 1358 995 1393 Canem,
1012 1366 1041 1388 ut
1057 1361 1085 1388 in
1097 1362 1179 1389 astris
1191 1363 1310 1398 pingitur
1323 1373 1329 1390 :
1342 1364 1374 1390 ad
1390 1369 1484 1392 aestum
1501 1374 1662 1403 magnopere

878 1404 1028 1439 pertinens.
1048 1415 1057 1432 ι
1083 1405 1120 1432 Ita
1135 1406 1282 1436 Peliserius
1297 1409 1487 1437 emendaverat
1504 1412 1530 1438 in
1552 1420 1599 1440 ora
1615 1422 1660 1441 (το-

879 1450 947 1477 dicis
960 1451 1013 1484 sui,
1035 1459 1084 1487 pro
1097 1460 1151 1487 quo
1166 1453 1247 1488 vulgo
1264 1454 1362 1489 legitur
1377 1464 1383 1482 :
1402 1464 1411 1480 ι
1430 1455 1477 1483 Est
1502 1461 1592 1485 autem
1605 1467 1662 1486 ma—

879 1502 997 1530 gnopere
1022 1497 1171 1531 pertinens.
1195 1508 1205 1524 ο
1234 1497 1372 1527 Pertinere
1387 1500 1420 1527 ad
1443 1506 1537 1529 aestum
1561 1502 1663 1540 Procy-

879 1548 941 1567 nem
966 1541 1015 1573 ait,
1038 1543 1167 1578 quoniam
1183 1552 1193 1568 ‹
1213 1543 1367 1571 confessum
1388 1545 1458 1573 inter
1478 1554 1573 1576 omnes
1586 1550 1663 1577 sidus

883 1586 997 1619 indicat.
1019 1589 1092 1622 quod
1120 1589 1202 1617 Canis
1227 1594 1315 1617 ortum
1339 1598 1478 1620 vocamus.
1495 1602 1504 1619 ι
1536 1593 1664 1630 Adeoque

882 1633 1017 1668 ingentem
1034 1635 1109 1662 illum
1125 1639 1221 1664 aestum
1237 1636 1379 1664 denuntiat
1395 1647 1401 1665 :
1420 1638 1475 1666 imo
1494 1643 1520 1667 et
1542 1648 1573 1667 ex
1586 1646 1664 1675 parte

883 1678 958 1706 facit.
975 1678 1043 1707 Ilinc
1056 1680 1185 1709 lloratius
1195 1682 1242 1710 lib.
1259 1681 1302 1715 Ill,
1325 1681 1382 1710 Ode
1395 1683 1430 1710 50
1445 1692 1451 1710 :

1128 1736 1191 1763 lam
1204 1737 1324 1773 Procyon
1338 1739 1403 1773 furit

1059 1771 1094 1798 Et
1108 1773 1186 1798 stella
1199 1771 1286 1799 vesani
1299 1771 1392 1801 Leonis

1059 1806 1121 1834 Sole
1131 1807 1186 1834 dies
1201 1808 1326 1842 referente
1336 1810 1429 1837 siccos.

917 1862 976 1890 Nisi
1003 1863 1064 1897 quis
1094 1864 1211 1892 fortasse
1228 1864 1376 1901 Procynem
1405 1867 1439 1895 ab
1466 1868 1577 1898 lloratio
1600 1879 1662 1900 cum

884 1907 957 1935 Sirio
977 1908 1109 1936 confundi
1125 1910 1199 1940 velit.
1215 1911 1342 1945 quoniam
1358 1913 1444 1947 prima
1459 1914 1516 1942 haec
1527 1918 1663 1946 asterismi

883 1953 965 1981 Canis
979 1954 1056 1982 stella
1072 1959 1134 1982 ante
1149 1959 1272 1987 caeteras.
1290 1956 1411 1992 adeoque
1430 1963 1492 1986 ante
1510 1964 1595 1988 totum
1623 1963 1664 1998 ip—

884 2006 943 2025 sum
961 1999 1061 2027 Canem
1081 2004 1200 2035 apparet.
1235 2000 1279 2029 Sic
1296 2002 1368 2029 enim
1386 2001 1504 2031 Galenus
1529 2006 1555 2032 in
1586 2007 1632 2035 lib.
1655 2008 1664 2034 I

883 2044 1004 2079 Epidem.
1031 2045 1201 2081 Hippocratis
1219 2066 1226 2078 ,
1257 2048 1337 2074 Κύων
1351 2048 1407 2083 τμὲν
1426 2049 1479 2086 γὰρ
1498 2050 1529 2077 τὸ
1555 2052 1667 2088 σύμπαν

883 2090 991 2126 ἄστρον*
1004 2092 1018 2117 ό
1032 2091 1060 2118 δὲ
1076 2092 1121 2118 ἐπὶ
1135 2092 1183 2127 τῆς
1197 2093 1291 2126 γένυος
1303 2093 1384 2120 αὑτοῦ
1400 2091 1518 2130 Σείριος·
1532 2097 1562 2123 ὃν
1579 2098 1666 2133 ὀρθῶς

883 2135 916 2162 ἄν
937 2144 979 2167 τις
1005 2137 1131 2171 ὀνομάζοι
1159 2138 1205 2164 τὸν
1223 2138 1364 2173 Πρόκυνα,
1382 2140 1411 2167 οὺ
1438 2141 1483 2168 τὸν
1508 2142 1593 2170 Κύνα.
1615 2144 1666 2171 Si—

883 2180 954 2207 rium
970 2181 1008 2208 ait
1035 2182 1164 2217 appellari
1181 2190 1197 2209 a
1224 2184 1366 2212 nonnullis
1389 2185 1467 2217 κύνα,
1486 2188 1558 2221 quod
1579 2191 1666 2217 totius

885 2234 984 2254 nomen
998 2233 1040 2255 est
1054 2228 1172 2255 sideris:
1188 2229 1289 2256 rectius
1304 2233 1393 2257 tamen
1409 2230 1558 2268 Procynem
1574 2237 1667 2270 appel-

886 2272 937 2299 lari
953 2280 1044 2308 posse,
1064 2281 1145 2308 quam
1160 2274 1271 2302 Canem.
1295 2274 1380 2308 Quem
1396 2277 1489 2305 Galeni
1514 2280 1615 2313 locum,
1637 2289 1667 2310 nt

886 2321 913 2345 et
926 2318 979 2345 alia
992 2318 1049 2346 fere
1063 2319 1154 2345 omnia
1170 2319 1203 2346 de
1218 2320 1356 2353 Canicula,
1370 2321 1398 2348 in
1413 2321 1576 2359 farraginem
1593 2326 1664 2354 Soli-

887 2363 996 2391 nianam
1016 2365 1113 2391 avertit
1138 2364 1289 2393 Salmasius
1312 2374 1347 2394 ex
1363 2366 1486 2396 Bisciolze
1508 2373 1594 2399 nostri
1618 2374 1666 2403 lib.

886 2409 933 2437 XII
950 2410 1016 2437 tomi
1030 2409 1051 2437 ll
1079 2410 1295 2444 subsecivarutn,
1318 2420 1377 2447 cap.
1395 2413 1415 2440 II
1431 2423 1438 2448 ;
1469 2424 1556 2451 neque
1570 2425 1666 2447 aucto-

887 2463 955 2486 rem.
982 2463 998 2482 a
1017 2463 1071 2490 quo
1088 2456 1139 2483 ista
1160 2456 1309 2490 didicerat,
1325 2459 1366 2486 vel
1385 2459 1475 2488 littera
1497 2464 1665 2498 nominavit;

887 2500 933 2534 qui
950 2499 1009 2534 ejus
1023 2505 1063 2527 est
1086 2508 1155 2528 mos.
1183 2500 1278 2528 Utrum
1300 2508 1391 2531 autem
1407 2504 1555 2541 Procynem
1571 2517 1668 2545 perpe-

889 2550 935 2572 tuo
954 2554 1002 2581 pro
1018 2545 1148 2574 Canicula
1173 2546 1278 2575 Plinius
1297 2551 1442 2584 acceperit,
1463 2553 1535 2587 quod
1555 2554 1667 2583 Exerci-

889 2592 970 2619 tatori
984 2592 1101 2624 videtur,
1116 2592 1239 2621 dicemus
1257 2601 1317 2629 cap.
1334 2595 1343 2621 l
1362 2596 1422 2623 libri
1437 2599 1555 2632 septimi.

924 2636 959 2664 Ut
985 2637 1012 2664 in
1028 2641 1090 2664 ortu
1105 2645 1155 2665 suo
1173 2638 1335 2666 immodicos
1350 2645 1434 2669 aestus
1450 2643 1570 2672 excitare
1586 2646 1668 2674 Cani~

889 2683 988 2715 cuiam,
1013 2683 1053 2711 sic
1067 2683 1236 2711 occidentem
1260 2684 1361 2720 frigora
1381 2691 1408 2714 et
1433 2687 1559 2718 inimicas
1579 2691 1665 2728 frugi.

889 2729 942 2758 bus
958 2729 1070 2764 pruinas
1086 2736 1258 2758 commovere
1271 2732 1420 2767 scriptores
1432 2740 1569 2763 asserunt.
1586 2737 1668 2766 Mani.

890 2776 943 2803 lius
962 2776 1008 2803 lib.
1024 2775 1045 2808 I,
1062 2775 1175 2803 Plinius.
1195 2776 1242 2804 lib.
1260 2776 1352 2810 XVIII,
1376 2787 1436 2814 cap.
1460 2780 1561 2816 XXIX;
1587 2784 1667 2813 Col"-

890 2822 970 2850 mella
988 2823 1035 2850 lib.
1055 2819 1100 2855 XI,
1115 2830 1176 2858 cap.
1194 2822 1226 2850 ll.
1246 2832 1255 2849 ι
1274 2822 1363 2852 Pridie
1380 2825 1493 2854 Kalend.
1514 2827 1599 2858 Maias
1616 2830 1666 2858 Ca-

891 2870 935 2897 nis
964 2876 994 2896 se
1017 2876 1130 2903 vespere
1158 2870 1246 2906 celat;
1268 2875 1455 2906 tempestatem
1481 2874 1625 2910 signiﬁcat.
1655 2885 1665 2905 ι

2 3136 1908 3528 tu

2 3374 94 3528 Ἰ
