4036 6218
522 286 655 342 1391

1527 285 1617 338 ΑΙ)
1658 284 1931 339 Ευδιῖυιι
1953 283 2352 340 CIIRONICON
2385 285 2746 340 APPENDI'X.

3602 278 3738 334 1392

513 403 680 459 Plinii
719 402 903 464 verba.
940 403 1066 474 quia
1093 403 1353 460 mendosa
1387 411 1534 465 sunt,
1565 404 1870 475 castigandi
1907 421 2069 460 causa
2101 414 2146 466 Α
2211 425 2227 456 ι
2270 405 2374 461 Per
2433 406 2562 460 illud
2643 415 2858 476 tempus
2932 404 3110 459 solum
3200 415 3414 457 summa
3463 397 3739 468 spicarum

523 496 852 550 referemus.
911 493 1109 550 Narrat
1163 494 1412 550 instituta
1459 493 1742 566 Robigalia
1792 513 1844 551 a.
1898 497 1952 550 d.
2003 515 2077 551 vn

523 585 750 640 Kalend.
795 585 920 641 Mai.
972 605 985 639 :
1047 603 1065 638 ι
1107 583 1263 651 Quod
1318 594 1441 656 post
1478 587 1594 642 dies
1640 588 1976 657 undeviginti
2011 589 2078 642 ab

511 677 848 746 aequinoctio
888 691 1085 740 verno,
1132 692 1228 746 per
1276 676 1330 730 id
1378 677 1730 746 quatriduum
1782 679 1929 731 varia
1958 693 2082 747 gen-

525 770 656 822 tium
679 768 1058 823 observatione
1087 771 1142 822 in
1168 785 1221 823 tv
1245 767 1478 824 Kalend.
1513 768 1638 824 Maii
1664 769 1828 824 Canis
1855 771 2076 836 occidit,

524 861 678 916 sidus
712 870 765 914 et
795 875 890 930 per
923 875 981 915 se
1008 860 1322 923 vehemens.
1358 869 1411 916 et
1455 861 1540 914 cui
1575 862 1936 930 praeoccidere
1976 861 2078 915 Ca-

523 952 759 1005 niculam
809 966 1031 1006 necesse
1059 951 1162 1006 sit.
1198 971 1217 1003 ι
1265 951 1310 1004 Α
1352 968 1428 1006 vn
1453 987 1459 997 ι
1488 951 1758 1008 Kalendas
1797 953 1964 1008 Maias
2011 952 2079 1005 ad

522 1057 574 1097 tv
607 1049 778 1096 totum
801 1041 902 1096 hoc
923 1043 1270 1112 quatriduum
1299 1043 1546 1114 frugibus
1573 1044 1933 1099 decretorium
1959 1060 2080 1099 esse

521 1134 654 1189 dicit
679 1153 692 1189 :
717 1144 770 1189 et
795 1135 863 1188 ab
891 1136 1220 1204 aaquinoctio
1251 1152 1416 1190 verno
1439 1136 1554 1191 dies
1587 1145 1834 1190 numerat
1858 1135 2082 1190 undevi-

519 1228 675 1298 ginti.
691 1227 1098 1298 A‘Iquinoctium
1119 1243 1341 1281 vernum
1360 1227 1576 1282 aPli’nio
1596 1229 1877 1284 confertur
1903 1230 1956 1283 in
1985 1245 2076 1282 vnt

518 1319 690 1388 April,
708 1317 988 1378 Kalendas.
1012 1335 1040 1370 a
1059 1333 1166 1387 quo
1186 1320 1459 1374 secundus
1474 1328 1526 1373 et
1540 1321 1848 1375 tricesimus
1863 1320 1977 1374 dies
1998 1327 2081 1376 cst

517 1428 572 1464 vr
598 1409 866 1464 Kalendas
897 1409 1085 1464 Maias.
1123 1409 1432 1480 Legendnm
1468 1411 1652 1480 itaque
1686 1413 1877 1466 fuerit:
1909 1431 1928 1464 ‹
1959 1420 2080 1482 post

519 1502 637 1556 dies
687 1518 854 1556 unum
884 1511 938 1556 et
973 1503 1214 1571 triginta.
1250 1523 1269 1554 ι
1318 1501 1460 1557 Idem
1497 1503 1708 1558 Plinius
1733 1520 1799 1559 ex
1837 1503 2081 1560 Varrone

519 1593 687 1648 refert
732 1609 986 1649 occasum
1020 1593 1294 1648 Canicula:
1347 1595 1401 1648 in
1453 1593 1720 1649 decimam
1765 1594 1928 1650 Tauri
1957 1612 2082 1666 par-

520 1695 649 1741 tem.
687 1684 841 1752 Quod
895 1685 1042 1740 illius
1108 1687 1290 1741 szeculi
1348 1687 1590 1756 opinioni
1647 1678 2080 1759 congruit,

2179 497 2357 566 capita
2428 504 2775 568 gravantur;
2823 503 2876 549 et
2958 510 3069 565 prae
3141 493 3428 566 frugibus,
3485 506 3552 545 ac
3626 504 3741 545 me-

2180 590 2326 645 tendi
2360 590 2673 643 maturitate
2722 589 3094 652 inclinantur;
3143 596 3401 657 tanquam
3447 584 3514 638 ad
3545 598 3605 638 se
3639 581 3741 636 fal-

2177 697 2294 735 cem
2340 681 2588 736 invitent.
2616 700 2656 738 .»
2699 679 2826 750 Agit
2879 686 3057 734 autem
3093 677 3160 732 de
3205 676 3445 732 Sabbato
3485 675 3742 729 deutero-

2179 779 2372 842 proto;
2405 769 2549 840 quod
2601 785 2722 824 esse
2763 768 2903 822 idem
2930 765 3208 821 existimat
3238 779 3300 818 ac
3331 763 3566 834 primam
3615 775 3742 831 azy—

2179 877 2392 916 morum
2429 861 2594 916 diem.
2633 859 2812 925 Quare
2841 874 2908 913 ex
2946 857 3066 926 ejus
3095 857 3420 912 auctoritate
3451 854 3650 923 liquet,
3687 852 3742 905 in

2181 951 2436 1024 Egypto,
2484 963 2572 1015 et,
2627 951 2776 1022 quod
2837 959 2948 1005 tam
3017 951 3196 1020 reipsa
3248 962 3594 1017 consequens
3635 958 3740 1010 eet,

2179 1062 2341 1116 quam
2370 1047 2438 1100 ab
2484 1045 2673 1101 eodem
2715 1044 3094 1110 concluditur;
3123 1044 3306 1101 .etiam
3342 1044 3398 1096 in
3426 1041 3739 1103 Palaestina,

2180 1145 2422 1192 maturas
2451 1153 2548 1208 per
2577 1137 2716 1192 idem
2763 1143 2977 1206 tempus
3007 1142 3217 1205 segetes
3248 1134 3314 1187 ad
3340 1148 3570 1188 messem
3603 1131 3740 1185 fuis-

2179 1243 2256 1281 se.
2313 1226 2452 1281 Sunt
2506 1228 2652 1282 enim
2697 1227 2860 1281 ambo
2901 1225 2979 1280 illi
3030 1233 3240 1281 tractus
3280 1224 3383 1280 sub
3409 1224 3598 1278 eadem
3631 1224 3739 1293 poli

2177 1321 2467 1375 altitudine
2496 1321 2611 1376 siti.

2248 1409 2371 1463 Haec
2391 1426 2515 1464 cum
2535 1411 2587 1464 in
2606 1408 3184 1464 Animadversionibus
3206 1406 3598 1476 Epiphanianis
3616 1416 3742 1460 ante

2179 1501 2386 1570 aliquot
2439 1516 2612 1556 annos
2662 1501 3036 1556 observassem
3093 1499 3197 1569 (Ad
3265 1499 3410 1552 liter.
3463 1496 3634 1562 XXX,
3681 1515 3740 1552 η.

2178 1591 2392 1662 XXXI),
2421 1595 2535 1647 visa
2567 1609 2676 1647 non
2713 1593 2917 1648 nemini
2955 1591 3192 1648 absurda
3239 1607 3324 1646 res
3355 1600 3438 1646 est
3461 1633 3476 1655 ,
3506 1592 3600 1660 qui
3636 1591 3742 1645 fal-

2180 1699 2294 1738 sam
2325 1686 2634 1756 Opinionem
2660 1701 2781 1740 esse
2803 1693 3044 1740 nostram
3077 1686 3285 1754 putavit
3318 1700 3483 1753 super
3500 1681 3745 1738 Sabbato

517 1779 826 1848 ingressum
865 1779 918 1832 in
942 1778 1379 1834 dodecatemoria
1411 1790 1606 1834 octavo
1653 1789 1782 1836 ante
1819 1782 2079 1836 cardines
2111 1781 2154 1838 ιι
2181 1777 2583 1846 deuleroproto.
2631 1777 2787 1843 Quod
2818 1793 2942 1832 cum
2973 1777 3248 1848 Scaligero
3274 1778 3406 1832 illud
3445 1793 3568 1833 esse
3601 1775 3742 1833 Sab-

518 1872 607 1926 die
638 1871 1076 1941 repraesentabat.
1113 1869 1183 1925 Ut
1223 1872 1386 1941 igitur
1408 1875 1463 1926 in
1499 1872 1738 1926 Taurum
1770 1874 1961 1929 subeat
1993 1876 2076 1928 sol

517 1981 613 2019 xm
644 1963 910 2020 Kalendas
944 1963 1133 2028 Maias,
1182 1965 1396 2019 decima
1443 1982 1570 2036 pars
1621 1967 1742 2036 ejus
1794 1968 1849 2021 in
1885 1985 1936 2022 tv
1971 1967 2078 2022 Ka-

519 2057 708 2112 lendas
739 2057 942 2111 incidet
975 2073 992 2110 :
1024 2073 1133 2127 quo
1169 2058 1255 2112 die
1294 2057 1620 2114 Ptolelnmus
1666 2057 1853 2114 Graece
1895 2074 1927 2113 a
1977 2077 2078 2114 no-

516 2149 602 2204 bis
635 2150 880 2218 vulgatus
920 2165 1178 2204 occasum
1209 2149 1374 2203 Canis
1402 2149 1702 2205 adnotavit.
1734 2149 1956 2205 Tabula:
1989 2168 2078 2206 no-

504 2249 645 2293 strre
694 2240 964 2292 heliacum
1001 2253 1257 2292 occasum
1317 2240 1444 2293 Sirii
1494 2239 1726 2294 reddunt
1785 2240 1969 2297 Romae
2021 2243 2076 2297 in

515 2333 686 2403 gradu
710 2330 872 2384 Tauri
917 2330 972 2395 5,
1005 2331 1118 2384 5I’.
1159 2329 1332 2396 Quem
1366 2331 1448 2385 sol
1497 2331 1680 2386 adibat
1721 2330 1850 2387 Julii
1895 2334 2078 2390 Caesa-

506 2425 595 2478 ~ris
630 2429 792 2476 aatate
825 2421 986 2475 tertio
1037 2421 1256 2486 circiter
1307 2419 1579 2477 Kalendas
1619 2421 1808 2477 Maias.
1867 2422 2078 2480 Plinius

514 2513 769 2583 vero,qni
799 2528 872 2567 vti
902 2511 1169 2567 Kalendas
1210 2513 1509 2581 adnotavit,
1538 2529 1605 2569 ex
1640 2516 2078 2580 ὲπικαταδύσεως

515 2607 842 2677 φαινομένης
896 2604 1105 2660 ratione
1159 2605 1442 2658 conciliari
1482 2614 1679 2675 potest.
1738 2607 1872 2660 Nam
1934 2609 2080 2665 illius

517 2697 720 2751 laxiora
745 2697 920 2751 solent
944 2711 1065 2751 esse
1089 2697 1280 2767 spatia,
1299 2706 1357 2751 ut
1376 2712 1541 2768 supra
1563 2697 2076 2756 demonstravimus.

515 2785 776 2843 Geminus
823 2787 900 2840 ait
943 2786 1144 2842 Canem
1185 2788 1508 2844 Euctemoni
1557 2789 1614 2843 in
1650 2791 1880 2846 secundi
1911 2789 2077 2846 Tauri

509 2888 691 2950 .parte,
745 2878 968 2934 Eudoxo
1003 2880 1058 2934 in
1091 2890 1283 2950 quarta
1312 2880 1498 2935 celari.

1093 2991 1322 3047 CAPUT
1374 2992 1486 3048 XII.

513 3108 592 3162 De
617 3119 844 3176 tempore
863 3107 1046 3178 messis
1068 3109 1121 3161 in
1151 3106 1378 3178 {Egyplo
1408 3119 1457 3162 et
1484 3108 1778 3164 Palaestina
1814 3125 1878 3164 ea:
1923 3125 2075 3163 occa-

581 3183 727 3233 sione
747 3188 890 3232 ortus
917 3177 1194 3248 Pleiadttm
1219 3194 1237 3240 ,'
1267 3195 1328 3231 ac
1355 3178 1417 3232 de
1431 3177 1659 3234 Sabbato
1685 3181 2075 3248 deutercproto;

583 3250 735 3317 cujus
789 3248 927 3301 ratio
982 3249 1035 3300 in
1095 3246 1474 3316 Epipltanianis
1522 3246 2076 3304 Animadversionibus

584 3319 784 3372 tradita
831 3317 1161 3388 defenditur,
1206 3327 1487 3388 contraque
1552 3336 1667 3373 eam
1715 3321 1918 3388 objecta
1966 3321 2076 3372 sot-

583 3399 792 3442 buntur.
837 3387 1048 3440 Primus
1098 3389 1289 3441 mensis
1335 3387 1410 3439 alr
1438 3387 1671 3442 llebra’is
1703 3387 1783 3442 ad,
1823 3406 2077 3444 novarum

583 3462 795 3531 [rugam
822 3467 1020 3531 tempus
1049 3458 1498 3531 accommodatas.
1537 3457 1826 3531 Maturitas
1862 3460 2076 3531 frugum

582 3528 793 3594 duplex.
829 3526 1002 3581 Marci
1045 3529 1376 3597 evangelista:
1408 3528 1553 3583 locus
1582 3526 1914 3586 illustratur.

585 3637 778 3692 Mirum
813 3638 1163 3708 quibusdam,
1194 3654 1293 3693 nec
1329 3641 1465 3695 satis
1490 3640 1750 3696 credibile
1772 3657 1944 3695 vrsum
1971 3651 2074 3708 est,

513 3730 658 3801 quod
682 3745 749 3784 ex
785 3728 1008 3798 Hesiodi
1057 3737 1112 3783 et
1148 3729 1381 3784 aliorum
1427 3731 1780 3801 antiquorum
1816 3732 2078 3786 testifica-

515 3824 660 3876 tione
706 3827 942 3883 constat,
980 3821 1083 3876 sub
1111 3833 1358 3876 exortum
1391 3821 1751 3893 Vergiliarum
1785 3826 2073 3895 tempesti-

513 3928 634 3967 vam
666 3913 722 3966 in
747 3910 956 3966 Graecia
998 3927 1228 3967 messem
1271 3912 1461 3969 fuisse.
1496 3914 1632 3969 Nam
1671 3916 1884 3971 illarum
1924 3925 2077 3973 ortus

512 4006 758 4061 heliacus
809 4008 864 4059 in
897 4021 1040 4060 anno
1077 4003 1295 4060 Iuliano
1325 4007 1500 4077 primo
1552 4007 1739 4064 Romae
1787 4009 1965 4064 factus
1993 4018 2074 4066 es'

512 4097 800 4153 Tauronos
840 4114 1030 4164 xxvm,
1059 4099 1152 4169 qui
1188 4099 1242 4152 in
1275 4099 1396 4152 Maii
1429 4116 1518 4154 XXI
1549 4101 1693 4155 diem
1726 4102 1988 4168 cadebat;
2023 4103 2074 4156 in

513 4189 748 4262 Egypto
780 4205 930 4250 vero,
963 4188 1254 4246 Tauronos
1286 4207 1399 4256 XXI,
1439 4190 1564 4246 Maii
1609 4208 1720 4248 xrv.
1763 4195 1833 4248 At
1856 4193 2076 4248 Hesiodi

513 4292 753 4350 tempore
798 4282 1064 4337 maturius
1119 4283 1297 4336 adhuc
1349 4291 1503 4338 ortus
1543 4285 1632 4338 ille
1666 4284 1847 4340 fiebat.
1883 4283 1988 4340 Sed
2021 4293 2078 4338 ut

511 4373 579 4428 de
612 4372 820 4428 Grazcia
853 4372 1034 4435 modo,
1065 4381 1119 4427 et
1153 4372 1304 4427 Italia
1339 4375 1673 4430 nihildicam
1700 4417 1714 4441 ,
1760 4377 1812 4430 in
1844 4375 2076 4446 Aigypto

513 4481 646 4523 sane
697 4481 760 4521 ac
807 4465 1095 4522 Palaestina
1126 4466 1287 4536 longe
1339 4474 1466 4523 ante
1504 4468 1776 4522 beliaeum
1811 4466 2068 4536 Vergilia-
2103 4469 2154 4528 ι)
2179 4455 2351 4536 ⁰ι¹ξ¹¹³³
2393 4457 2406 4492 ³

512 4574 634 4614 rum
663 4563 911 4612 exortum
964 4571 1198 4612 messem
1246 4557 1693 4626 auspicabantur.
1747 4556 1880 4611 Nam
1925 4557 2067 4612 Thet

516 4651 571 4704 in
596 4649 1002 4704 commentariis
1027 4646 1096 4701 ad
1119 4649 1342 4702 Aratum
1369 4648 1522 4702 testis
1543 4656 1646 4712 est,
1675 4648 1880 4703 mensis
1906 4647 2049 4703 Phar

515 4739 686 4794 muthi
715 4754 822 4792 xxv
863 4737 972 4801 die,
1013 4739 1106 4807 qui
1136 4737 1340 4806 Aprilis
1383 4753 1455 4791 xx
1489 4738 1804 4807 respondet,
1844 4740 2071 4793 orienti-

515 4833 616 4885 bus
642 4828 896 4898 Vergiliis
922 4829 1116 4883 messis
1139 4828 1194 4881 in
1228 4826 1460 4898 Egypto
1487 4836 1701 4897 tempus
1731 4844 1870 4884 esse.
1915 4829 1978 4882 Et
2008 4830 2076 4884 de

514 4923 754 4978 uosmico
777 4939 874 4977 seu
904 4938 1051 4988 vero,
1080 4939 1189 4976 non
1231 4924 1439 4978 heliaco
1466 4931 1660 4978 exortu
1694 4925 1956 4994 loquitur,
1981 4925 2071 4994 qui

514 5013 752 5070 Theonis
799 5015 999 5070 saeculo
1048 5017 1194 5070 circa
1231 5017 1362 5070 illud
1410 5024 1623 5086 tempus
1652 5017 1869 5071 accidit.
1920 5018 2071 5084 Quod

514 5124 579 5163 ne
629 5107 753 5178 quis
807 5124 1005 5162 vanum
1045 5109 1338 5173 existimet,
1370 5109 1685 5179 [Egyptian]
1724 5111 1950 5165 alterum
1996 5111 2061 5164 ci-

515 5198 640 5252 tabo
699 5199 878 5268 priore
931 5199 1026 5254 illo
1085 5201 1256 5271 magis
1322 5201 1487 5257 etiam
1530 5201 1786 5256 idoneum
1837 5211 2069 5269 testem;

514 5284 855 5341 S.Isidorum
886 5287 1240 5356 Pelusiotam,
1260 5291 1353 5360 qui
1386 5291 1481 5346 lib.
1515 5290 1601 5352 III,
1632 5292 1790 5361 epist.
1815 5292 1914 5346 ΗΟ
1938 5294 2073 5347 scri-

514 5378 593 5430 bit
625 5378 729 5433 sub
759 5378 813 5432 id
842 5388 1078 5450 tempus,
1111 5397 1221 5452 quo
1248 5381 1420 5437 Judaei
1456 5381 1665 5439 Pascha
1699 5385 2070 5448 celebrabant,

512 5462 695 5522 apicas
741 5464 853 5532 jam
886 5475 1132 5523 maturas
1159 5470 1226 5523 ad
1248 5486 1479 5525 messem
1506 5473 1699 5528 videri.
1759 5474 1846 5526 ’Ev
1881 5476 2073 5545 ἐκείνῳ

511 5552 619 5617 γὰρ
653 5552 732 5622 τῷ
764 5556 938 5626 καιρῷ
965 5557 1107 5626 μόνῳ
1148 5560 1555 5631 καρηϐαροῦσιν
1577 5564 1626 5614 οἱ
1661 5563 1947 5632 ἀστάχυες,
1980 5564 2070 5615 καὶ

509 5643 785 5698 κέκλινται
814 5647 919 5700 ὑπὸ
964 5648 1056 5700 τοῦ
1105 5650 1336 5718 καρποῦ,
1379 5654 1469 5704 καὶ
1510 5653 1608 5720 τῆς
1674 5655 1808 5724 πρὸς
1866 5654 2068 5723 ἄμητον

507 5737 676 5810 ὥρας,
717 5737 877 5790 οἱονεὶ
919 5739 1014 5809 τὴν
1068 5739 1339 5810 δρεπάνην
1372 5744 1454 5811 ἐφ’
1490 5745 1716 5806 ἑαυτοὺς
1749 5744 2067 5814 ⁸καλοῦντες.

2181 1869 2367 1922 batum
2398 1869 2760 1934 ostendimus,
2799 1869 2945 1942 quod
2977 1870 3213 1941 primum
3243 1880 3327 1926 est
3356 1871 3464 1924 ἀπὸ
3497 1872 3595 1942 τῆς
3624 1872 3744 1926 δευ-

2177 1963 2339 2032 τέρας
2369 1962 2463 2016 τοῦ
2501 1945 2708 2034 Πάἓχα,
2745 1965 2799 2019 in
2830 1979 2937 2034 qua
2976 1964 3284 2034 manipulus
3316 1949 3582 2018 nevarum
3631 1965 3743 2019 fru-

2178 2072 2303 2126 gum
2335 2057 2518 2112 oﬂ‘erri
2567 2067 2948 2132 consueverat.
2989 2055 3106 2122 Quo
3142 2057 3304 2111 etiam
3361 2058 3415 2110 in
3467 2061 3589 2112 loco
3619 2075 3745 2113 sen-

2178 2148 2401 2201 tentiam
2461 2147 2609 2213 illam
2671 2148 3075 2218 redarguimus,
3128 2163 3248 2219 qute
3298 2147 3597 2204 Sabbatum
3656 2166 3746 2206 se-

2177 2237 2646 2307 cundo-primum
2699 2238 2820 2294 ideo
2875 2237 3233 2293 Pentecosten
3279 2253 3402 2292 esse
3457 2238 3744 2302 malebat,

2177 2326 2433 2396 quoniam
2467 2337 2692 2397 matura:
2723 2336 2854 2382 tunc
2881 2335 3037 2382 erant
3066 2327 3251 2397 spicae,
3285 2335 3343 2380 ut
3379 2341 3470 2382 eas
3505 2329 3744 2396 apostoli

2180 2418 2418 2473 Sabbato
2444 2419 2536 2472 illo
2563 2418 2952 2475 confricarent.
3004 2419 3119 2475 Sub
3151 2419 3366 2474 initium
3395 2427 3567 2474 autem
3601 2435 3742 2490 azy-

2177 2527 2391 2565 morum
2437 2518 2664 2566 maturaa
2712 2527 2833 2568 esse
2870 2528 2978 2568 non
3011 2521 3262 2582 poterant
3301 2511 3736 2584 quandoquidem

2179 2604 2634 2674 quinquagesimo
2680 2604 2806 2660 inde
2849 2605 2937 2660 die
2967 2606 3073 2661 falx
3112 2607 3342 2676 primum
3399 2605 3731 2659 mittebatur.

2181 2695 2302 2750 Ilaec
2357 2713 2466 2750 non
2524 2697 2660 2752 falsa
2688 2698 2862 2752 solum
2897 2714 3054 2762 esse,
3112 2698 3206 2753 sed
3252 2699 3414 2754 etiam
3461 2699 3742 2752 contraria

2181 2786 2476 2857 Scriptura:
2531 2787 3048 2842 demonstravimus.
3102 2786 3270 2858 Negat
3320 2803 3448 2842 vero
3506 2787 3742 2854 scriptor

2181 2881 2270 2934 ille
2325 2894 2586 2950 nuperus,
2634 2887 2686 2934 et
2719 2879 3032 2934 damnatam
3083 2879 3194 2933 illic
3244 2893 3275 2932 a
3327 2879 3485 2932 nobis
3520 2885 3745 2932 senten—

2174 2973 2306 3024 tiam
2339 2971 2477 3025 tueri
2534 2971 2730 3042 pergit,
2793 2984 2858 3025 ac
2921 2970 3108 3025 mirari
3143 2985 3202 3024 se
3237 2970 3390 3032 dicit,
3418 2984 3539 3024 eam
3594 2969 3749 3022 velut

2181 3063 2478 3132 Scriptura:
2528 3063 2862 3117 contrariam
2895 3078 3016 3117 esse
3065 3062 3340 3130 reiectam.
3373 3061 3474 3115 Cui
3520 3061 3742 3131 quidem

2181 3157 2260 3210 sic
2298 3156 2399 3211 hoc
2442 3157 2564 3210 loco
2613 3155 2947 3210 satisfaciam
2973 3195 2988 3219 ,
3026 3164 3085 3208 ut
3113 3155 3181 3209 de
3227 3156 3425 3210 messis
3476 3162 3741 3224 tempore,

2178 3246 2324 3318 quod
2363 3261 2658 3316 coeperam,
2695 3247 2909 3317 plenius
2933 3254 3096 3315 atque
3135 3245 3356 3300 u'berius
3387 3245 3676 3314 explicem.

2245 3340 2416 3410 Igitur
2441 3340 2534 3410 qui
2567 3348 2788 3410 propter
2813 3340 2997 3392 vulsas
3044 3339 3111 3391 ab
3146 3338 3409 3406 apostolis
3442 3344 3498 3391 et
3536 3335 3746 3390 confri-

2175 3444 2331 3490 catas
2377 3442 2587 3502 segetes
2634 3433 2904 3504 negabant
2955 3431 3250 3486 Sabbatum
3314 3430 3743 3498 deuteroproton

2179 3541 2347 3580 unum
2387 3524 2695 3594 quempiam
2752 3538 2818 3577 ex
2863 3536 3176 3593 azymorum
3226 3535 3348 3575 esse
3396 3520 3627 3585 diebus;
3681 3519 3743 3572 in

2177 3613 2325 3685 quod
2376 3615 2623 3685 plerique
2668 3613 3038 3677 consentiunt,
3089 3626 3174 3675 ea,
3212 3626 3376 3679 quam
3408 3611 3747 3680 Oppugnavi-

2178 3723 2322 3771 mus,
2353 3707 2566 3761 ratione
2609 3705 2951 3771 nitebantur;
2999 3704 3146 3774 quod
3189 3720 3256 3757 xv
3291 3703 3380 3756 die
3419 3701 3603 3762 Nisan,
3645 3710 3748 3753 aut

2179 3814 2251 3852 xx
2287 3796 2464 3852 Martii
2504 3804 2730 3851 matura;
2759 3811 2880 3852 esse
2910 3795 3075 3865 spica:
3102 3810 3211 3849 non
3238 3803 3510 3864 poterant.
3554 3811 3574 3843 ε
3607 3792 3745 3846 Nam

2178 3887 2415 3951 festum,
2488 3885 2785 3956 inquiunt,
2878 3886 3277 3955 primitivorum
3363 3885 3748 3940 celebrabatur

2177 3979 2633 4050 quinquagesimo
2661 3979 2749 4034 die
2796 3987 2920 4049 post
2952 3977 3159 4034 Pascha
3192 3997 3205 4033 :
3241 3978 3622 4032 celebrabatur
3646 3992 3749 4030 au-

2178 4081 2286 4126 tem
2316 4072 2674 4140 simulatque
2728 4073 2902 4141 prima
2934 4069 3041 4124 falx
3091 4070 3147 4124 in
3198 4065 3430 4125 messem
3492 4071 3748 4124 mitteba-

2179 4171 2286 4217 tur.
2329 4161 2445 4217 i\’on
2477 4177 2607 4233 ergo
2637 4169 2890 4232 poterant
2931 4161 2987 4216 in
3030 4160 3170 4216 festo
3203 4175 3537 4231 azymorum,
3574 4159 3628 4214 id
3657 4169 3749 4214 est

2177 4255 2565 4324 quinquaginta
2611 4260 2737 4309 ante
2767 4253 2977 4321 diebus,
3011 4261 3219 4324 segetes
3259 4268 3381 4308 esse
3439 4260 3683 4306 maturae.
3718 4269 3742 4302 ι

2178 4348 2376 4401 Contra
2408 4347 2548 4400 hanc
2580 4361 2647 4401 ex
2686 4346 2865 4416 capite
2893 4344 3067 4400 Levit.
3117 4343 3305 4407 XXIII,
3336 4344 3372 4398 2
3419 4344 3563 4398 istud
3593 4344 3750 4411 obje-

2394 4457 2406 4492 :
2462 4454 2728 4492 novarum
2801 4437 3019 4508 frugum
3090 4438 3428 4507 manipulum
3479 4436 3751 4506 postridie

2183 4530 2367 4599 prima:
2413 4544 2725 4600 azymorum
2755 4528 2994 4583 oblatum
3038 4527 3232 4595 fuisse;
3287 4527 3516 4597 proinde
3567 4538 3750 4582 matu-

2183 4639 2271 4677 ras
2297 4623 2408 4692 jam
2440 4623 2612 4678 fuisse
2638 4631 2866 4692 segetes.
2898 4621 3087 4692 Neque
3125 4637 3254 4676 vero
3286 4621 3753 4690 quinquagesimo

2183 4725 2304 4784 post
2341 4715 2430 4770 die
2459 4730 2629 4771 novas
2657 4715 2842 4786 fruges
2869 4758 2883 4782 ,
2925 4715 3018 4770 sed
3057 4731 3124 4769 ex
3161 4713 3606 4785 novis'frugibus
3638 4716 3755 4783 pri-

2176 4808 2455 4869 niitiarum
2485 4823 2655 4878 panes
2689 4815 3102 4878 repraesentatos
3140 4822 3282 4862 esse.

2247 4899 2318 4954 At
2373 4914 2563 4955 recens
2604 4901 2693 4955 ille
2737 4899 2972 4970 scriptor
3022 4899 3310 4955 adversum
3359 4915 3462 4955 nos
3505 4899 3750 4969 excipit,

2182 5008 2291 5046 non
2325 4994 2506 5061 spicas
2533 5002 2804 5058 maturas,
2843 4993 2938 5049 sed
2975 4992 3152 5048 adhuc
3196 4993 3472 5053 virentes;
3511 5008 3612 5046 nec
3648 5008 3754 5046 eas

2182 5083 2446 5145 triticeas,
2495 5083 2589 5138 sed
2641 5083 2991 5146 hordeaceas,
3018 5083 3226 5138 oblatas
3256 5098 3397 5138 esse.
3462 5101 3481 5134 ι
3537 5081 3752 5148 Quare,

2168 5177 2379 5245 .nquit,
2415 5175 2486 5232 .si
2529 5176 2720 5231 diebus
2766 5190 3079 5246 azymorum
3125 5177 3289 5247 spica:
3352 5176 3552 5231 messis
3613 5176 3754 5229 hor-

2180 5266 2412 5330 deaceae,
2444 5281 2563 5336 qua:
2613 5274 2743 5320 tunc
2784 5265 3184 5333 offerebantur,
3238 5267 3416 5321 adhuc
3456 5267 3752 5330 virebant,

2165 5358 2384 5427 .optime
2447 5357 2714 5418 infertur,
2789 5358 3067 5423 triticum,
3125 5359 3271 5429 quod
3325 5359 3506 5415 serius
3560 5367 3752 5412 matu-

2165 5451 2366 5510 tre'scit.
2415 5449 2652 5504 nondum
2702 5459 2830 5505 tunc
2886 5452 3147 5522 temporis
3190 5452 3433 5521 potuisse
3465 5467 3589 5507 esse
3627 5466 3756 5504 ma-

2169 5546 2381 5592 turum.
2420 5557 2438 5591 ι

2249 5652 2449 5708 Verum
2482 5669 2591 5708 non
2624 5657 2952 5714 hordeaceas
2984 5662 3158 5716 solum
3189 5703 3204 5725 ,
3245 5664 3338 5716 sed
3381 5663 3544 5715 etiam
3607 5662 3751 5713 triti-

2179 5759 2301 5802 ceas
2326 5762 2530 5826 messes
2555 5749 2682 5829 sub.
2697 5766 3010 5830 azymorum
3033 5763 3273 5831 tempus
3299 5763 3539 5808 maturas
3575 5753 3750 5809 inter-
