4036 6218
357 371 376 424 I
388 370 491 428 595

1158 366 1608 424 DISSERTATIO
1648 368 1735 423 DE
1775 365 1960 422 ΟΒΤο
2002 366 2088 420 ΕΤ
2121 365 2388 422 OCCASU
2433 365 2754 424 SIDERUM'.

3450 369 3584 427 I391

354 482 479 537 dum
514 483 705 549 fuisse,
741 483 785 540 si
817 481 1114 552 Scripturae
1159 482 1316 537 fidem
1359 484 1647 548 habemus,
1693 498 1918 540 necesse
1946 487 1991 543 A
2019 497 2128 552 quo
2170 497 2365 551 passus
2399 490 2483 537 est
2507 481 2779 545 Christus,
2807 496 2992 536 mense
3040 481 3256 552 integro
3295 481 3456 540 citius
3484 484 3584 538 l’a-

351 581 435 628 est
487 575 728 630 credere.
774 573 910 628 Nam
942 572 1164 628 Levitici
1209 573 1377 627 XXlll
1445 573 1497 628 id
1538 591 1646 629 non
1684 575 1920 630 obscure

354 663 611 717 declarat.
646 663 742 718 Ubi
777 671 1066 733 postquam
1099 673 1368 718 commate
1395 666 1462 719 IO
1493 667 1746 736 przecepit
1774 665 1921 737 Moy-

353 772 463 818 ses,
494 766 550 810 ut
583 765 702 827 post
737 757 1045 812 demessam
1074 765 1312 826 segetem
1359 759 1633 827 spicarum
1666 759 1919 826 manipu-

356 848 457 909 los,
488 857 540 900 et
571 849 840 917 primitias
868 847 1148 913 olferreut,
1185 848 1408 917 subjicit
1437 865 1579 903 com.
1623 849 1689 903 13
1722 867 1736 903 :
1768 868 1785 900 ς
1817 847 1921 902 Pa-

357 955 500 1002 nem,
545 947 598 993 et
627 940 924 1009 polentam,
959 948 1014 995 et
1055 941 1234 1010 pultes
1266 956 1373 993 non
1401 940 1701 995 comedetis
1733 957 1798 996 ex
1837 957 1922 995 se-

356 1039 493 1101 gete,
527 1046 699 1100 usque
730 1031 797 1085 ad
831 1032 976 1087 diem
1025 1046 1131 1101 qua
1182 1031 1422 1086 offeratis
1457 1048 1520 1086 ex
1568 1048 1629 1087 ea
1669 1032 1780 1087 Deo
1829 1049 1923 1087 ve-

357 1131 490 1178 stro.
529 1143 548 1177 ›
586 1123 643 1178 Si
681 1141 962 1195 nunquam
1023 1133 1269 1181 maturae.
1317 1125 1480 1180 etiam
1514 1124 1579 1179 ad
1613 1124 1922 1179 confrican-

355 1214 504 1280 dum,
543 1226 754 1283 segetes
801 1226 957 1272 erant
1011 1233 1326 1289 azymorum
1383 1225 1664 1288 tempore,
1721 1218 1924 1272 frustra

356 1306 421 1361 de
452 1306 704 1376 panilieio
721 1318 1024 1372 caveretur,
1054 1324 1122 1363 ne
1151 1316 1279 1364 ante
1309 1309 1549 1364 oblatum
1575 1308 1737 1364 Omer
1768 1310 1924 1380 panis

357 1413 430 1452 ει
472 1398 629 1452 novis
667 1397 911 1469 frugibus
955 1399 1124 1454 fieret.
1178 1399 1365 1472 Itaque
1419 1409 1742 1472 argumento
1793 1401 1925 1456 illud

357 1498 461 1550 est.
488 1489 657 1543 etiam
692 1491 939 1545 triticum
971 1491 1268 1562 aliquando
1296 1501 1568 1546 maturum
1603 1492 1793 1548 fuisse.
1818 1493 1926 1548 Sed

358 1595 572 1634 omnem
634 1582 994 1650 pervicaciam
1056 1583 1298 1638 retundit
1347 1583 1504 1638 adita:
1551 1583 1620 1638 ab
1668 1584 1928 1638 lsraelitis

360 1668 681 1737 Palaestinae,
743 1687 806 1728 ac
849 1673 1154 1729 transmissi
1211 1673 1467 1731 Iordanis
1512 1675 1760 1741 historia,
1810 1690 1930 1745 qua:

357 1757 522 1815 Josue
557 1776 681 1831 cap.
718 1759 785 1814 Ill
817 1771 871 1817 et
909 1763 1266 1834 sequentibus
1300 1764 1634 1820 continetur.

432 1895 793 1966 Transierunt
845 1899 990 1954 enim
1043 1898 1336 1954 Jordanem
1403 1907 1647 1969 tempore
1711 1899 1924 1954 messis.

365 2009 384 2040 ι
417 1987 674 2046 Jordanis
729 1997 908 2045 autem
964 1991 1164 2061 (inquit
1211 2006 1355 2046 vers.
1401 1991 1596 2060 capitis
1641 1990 1808 2060 tertii)
1848 1991 1927 2043 ri-

365 2095 463 2149 pas
515 2081 651 2136 alvei
698 2081 782 2135 sui
833 2091 1074 2150 tempore
1125 2085 1321 2137 messis
1355 2082 1694 2151 impleverat.
1735 2100 1752 2133 »
1812 2081 1930 2146 Quo

364 2168 689 2223 transmisso
735 2169 1050 2223 circumcisi
1079 2178 1228 2232 sunt,
1273 2177 1328 2223 et
1361 2170 1678 2240 aliquandiu
1724 2169 1929 2225 substi—

364 2266 578 2319 terunt.
625 2260 798 2314 donec
847 2260 1068 2313 vulnera
1123 2268 1484 2324 sanarentur;
1525 2260 1669 2330 (cap.
1740 2258 1822 2322 V,
1874 2258 1932 2327 8)

365 2360 549 2420 postea
581 2349 788 2405 Pascha
816 2350 1176 2412 celebrarunt,
1204 2369 1221 2400 ι
1241 2358 1434 2419 quarta
1453 2350 1660 2404 decima
1679 2349 1766 2404 die
1783 2366 1934 2403 men-

365 2441 444 2494 sis
470 2439 540 2494 ad
578 2456 885 2509 vesperam.
925 2459 941 2490 ι
983 2439 1136 2494 llaud
1177 2440 1340 2495 dubie
1369 2456 1435 2494 ex
1481 2439 1647 2494 Mosis
1685 2441 1932 2509 praescri-

366 2540 458 2602 pto
483 2571 498 2597 ,
531 2532 778 2602 adeoque
811 2548 997 2587 mense
1026 2533 1223 2601 primo.
1275 2531 1436 2585 Addit
1481 2531 1698 2587 eosdem
1748 2547 1932 2587 come-

366 2625 512 2678 disse
546 2623 613 2677 de
651 2623 900 2693 frugibus
949 2623 1210 2692 postridie
1257 2637 1478 2692 azymos
1526 2638 1695 2692 panes
1740 2630 1794 2678 et
1836 2639 1933 2692 po-

367 2715 596 2781 lentam;
650 2730 714 2768 ac
773 2723 885 2769 tum
940 2730 1138 2768 manna
1186 2714 1476 2775 defecisse.
1523 2730 1648 2770 cum
1699 2716 1931 2786 primum

368 2805 612 2874 frugibus
650 2805 806 2859 novis
861 2805 1182 2861 Chananwae
1241 2806 1390 2860 vesci
1444 2814 1748 2876 coeperunt.
1798 2806 1932 2873 Quis

372 2905 438 2945 c:
489 2904 556 2944 eo
594 2905 703 2943 non
748 2889 915 2952 videt,
973 2907 1081 2945 non
1113 2890 1275 2945 modo
1304 2898 1546 2946 maturas
1573 2892 1638 2946 ad
1672 2893 1931 2948 vellican-

369 2980 495 3035 dum
521 2989 728 3052 segetes
768 2996 951 3036 mense
986 2983 1159 3051 primo
1188 2981 1379 3048 fuisse,
1421 2982 1516 3038 sed
1541 2985 1703 3037 etiam
1729 2984 1796 3039 ad
1834 3000 1931 3053 pa-

371 3088 494 3128 nem
527 3089 589 3128 ex
623 3073 731 3128 illis
783 3071 1130 3127 faciendum?
1169 3074 1324 3129 Adde
1367 3075 1572 3129 mensis
1611 3075 1783 3144 ipsius
1832 3090 1931 3130 vo-

1961 1819 2003 1874 Β

370 3164 647 3228 cabulum,
683 3165 829 3234 quod
871 3165 1013 3220 Abib
1061 3174 1346 3235 propterea
1401 3165 1607 3219 dictum
1657 3174 1761 3228 est,
1820 3157 2000 3222 siveC

369 3271 655 3319 novorum,
690 3257 760 3310 ob
789 3271 958 3311 novas
1004 3257 1191 3326 utique
1233 3256 1438 3328 fruges.
1489 3255 1643 3310 Adde
1690 3255 1932 3311 Theonis

369 3355 425 3402 et
471 3347 661 3401 lsidori
707 3345 997 3401 Pelusiotae
1049 3347 1166 3400 loca
1200 3347 1314 3411 illa,
1369 3361 1488 3416 qua;
1541 3345 1698 3401 initio
1739 3345 1934 3415 capitis

371 3437 714 3505 adduximus,
761 3454 828 3494 ex
879 3438 1077 3510 quibus
1112 3445 1354 3509 apparet,
1416 3421 1630 3492 tam.in
1670 3437 1930 3508 lEgypto,

370 3542 534 3597 quam
565 3529 619 3582 in
655 3527 943 3583 Palaestina
972 3530 1168 3584 messis
1201 3538 1331 3582 tunc
1356 3529 1589 3598 coepisse
1625 3536 1861 3598 tempus.

441 3657 512 3715 Ut
566 3667 746 3714 autem
795 3676 883 3715 res
929 3662 1232 3715 illustretur
1279 3663 1489 3731 magis,
1540 3661 1649 3717 duo
1689 3663 1932 3733 quadam

373 3747 722 3816 proponenda
773 3757 919 3802 sunt.
965 3749 1230 3813 Alterum,
1264 3766 1503 3806 mensem
1537 3752 1793 3838 primum,
1838 3769 1948 3808 seu.

372 3852 673 3904 novorum,
723 3840 948 3895 minime
1001 3841 1143 3911 apud
1209 3839 1436 3898 Iudaeos.
1472 3853 1684 3898 veteres
1734 3851 1935 3900 statum

372 3929 560 3996 fuisse,
587 3944 651 3985 ac
680 3938 830 3986 certo
853 3941 1094 4002 tempore
1123 3932 1376 4004 defixum.
1407 3934 1764 4005 Namjdocent
1815 3951 1935 3990 ma-

371 4021 549 4091 gistri,
599 4037 724 4076 cum
777 4023 1026 4094 pluribus
1057 4025 1182 4080 aliis
1225 4025 1291 4080 de
1324 4028 1505 4082 causis
1539 4023 1769 4098 proferri
1800 4042 1935 4081 con-

374 4113 618 4169 suevisse
644 4131 884 4170 mensem
918 4116 1104 4183 illum,
1147 4122 1202 4172 et
1245 4117 1656 4174 intercalatione
1712 4119 1936 4174 submo-

371 4207 523 4271 veri;
558 4213 668 4260 tum
714 4207 783 4260 ob
809 4206 993 4276 fruges
1025 4223 1196 4264 novas
1239 4209 1480 4264 nondum
1523 4210 1760 4266 adultas.
1817 4209 1951 4276 Qua.

371 4296 438 4352 de
466 4312 525 4351 re
564 4296 684 4352 fuse
715 4297 895 4367 agitur
939 4299 993 4351 in
1026 4296 1362 4354 Talmudicis
1401 4299 1657 4369 Digestis,
1708 4309 1761 4354 et
1790 4300 1933 4369 apud

373 4389 438 4444 Β.
482 4388 686 4446 Mosem
728 4390 1114 4444 Maimoniden.
1175 4389 1312 4444 Tum
1355 4392 1504 4446 Aben
1546 4391 1681 4446 Ezra
1713 4393 1766 4445 in
1811 4407 1931 4462 cap.

2021 573 2152 628 scha
2179 573 2508 627 celebratum
2538 582 2643 628 est.

2090 663 2356 718 Praeterea
2398 662 2678 718 sciendum
2726 671 2834 726 est,
2885 661 3219 716 maturitatis
3251 662 3305 716 in
3336 661 3598 733 frugibus

2019 755 2243 825 gradum
2276 769 2399 809 esse
2439 754 2729 823 duplicem.
2760 756 2866 808 Aut
2898 754 3043 809 enim
3068 763 3280 808 matura
3305 770 3459 825 seges
3503 765 3589 812 est

2022 846 2088 900 ad
2117 845 2306 900 falcem
2336 866 2349 900 :
2392 846 2536 916 quod
2567 855 2783 916 tempus
2829 846 3044 901 Marcus
3073 847 3408 917 evangelista
3460 865 3585 920 cap.

2024 935 2112 1000 IV,
2148 937 2217 990 29
2261 936 2514 991 obscuris
2575 936 2752 990 verbis
2782 934 3009 998 iudicat,
3050 950 3170 1005 quae
3201 935 3375 990 obiter
3419 936 3591 1005 expli-

2024 1029 2196 1082 canda
2247 1028 2604 1082 ευιιῑεὊταν
2651 1026 2706 1079 δὲ
2754 1023 2979 1096 παραδῷ
3031 1026 3059 1078 ὁ
3093 1023 3323 1096 καρπὸς,
3389 1024 3590 1088 εὐθέως

2023 1120 2335 1174 ἀποστέλλει
2360 1119 2418 1172 τὸ
2445 1119 2726 1190 δρέπανον.
2771 1115 2944 1188 Vulgo
2986 1117 3066 1171 sic
3092 1117 3388 1187 accipiunt,
3435 1119 3590 1187 quasi

2028 1211 2274 1284 παραδῷ,
2323 1213 2415 1275 sit,
2474 1229 2505 1262 ι
2533 1209 2831 1280 prodiderit
2863 1225 2941 1270 se.
2978 1228 2996 1260 ι
3046 1217 3102 1263 et
3129 1209 3378 1264 absolute
3407 1225 3593 1264 suma-

2027 1312 2158 1358 tur:
2207 1302 2351 1372 quod
2398 1309 2480 1356 est
2515 1298 3055 1358 inusitatum.Malim
3103 1300 3184 1354 sic
3225 1300 3590 1370 interpretari,

2032 1413 2050 1446 ι
2090 1410 2212 1450 cum
2263 1387 2608 1465 permiserint
2677 1391 2892 1459 fruges,
2939 1411 2955 1444 ι
3014 1391 3068 1445 id
3117 1399 3224 1456 est,
3277 1406 3401 1446 cum
3437 1392 3598 1461 plena

2031 1484 2350 1538 maturitate
2393 1496 2663 1537 messores
2709 1481 2942 1535 invitare
2993 1481 3278 1552 coeperint.
3329 1479 3608 1550 Vulgatus-

2030 1575 2301 1646 interpres
2336 1589 2442 1628 non
2475 1583 2584 1627 tam
2617 1573 2780 1628 verba
2812 1587 2973 1643 quam
3013 1571 3341 1627 sententiam
3373 1587 3596 1640 expres-

2029 1668 2119 1721 sit.
2152 1665 2538 1734 Conjecturam
2590 1673 2834 1720 nostram
2877 1665 3100 1734 adjuvat
3129 1662 3592 1734 Theophylactus,

2028 1756 2121 1827 qui
2152 1757 2232 1811 sic
2259 1756 2504 1826 exponit,
2537 1762 2630 1808 aut
2652 1755 2778 1826 legit
2803 1773 2816 1809 :
2847 1753 3051 1815 ὃταηδὲ
3081 1751 3305 1824 παραδῷ
3328 1751 3389 1804 τὸ
3419 1751 3592 1822 Θέρος.

2029 1845 2205 1912 Quod,
2242 1848 2347 1902 nisi
2383 1856 2440 1900 ut
2471 1861 2571 1901 nos
2610 1844 2861 1912 fecimus,
2888 1845 3163 1914 explicare
3195 1857 3457 1914 nequeas.
3488 1841 3598 1896 Aut

2030 1939 2195 2008 igitur
2225 1939 2381 2008 plena
2415 1939 2469 1991 in
2522 1936 2770 2007 frugibus
2815 1937 3103 1991 maturitas
3145 1935 3250 1991 ista
3283 1941 3593 2004 spectatur;

2030 2041 2122 2082 aut
2156 2029 2331 2082 adhuc
2358 2028 2547 2082 viridis
2580 2035 2664 2082 est
2691 2038 2796 2082 tam
2826 2028 2975 2098 spica
2999 2043 3159 2098 quam
3187 2042 3368 2083 semen
3395 2027 3592 2096 ipsum.

2030 2118 2103 2171 ita
2132 2125 2311 2171 tamen
2341 2125 2400 2170 ut
2428 2117 2546 2171 esui
2582 2124 2871 2186 utrumque
2904 2118 2975 2172 sit
3010 2125 3215 2188 aptum,
3247 2130 3311 2171 ac
3352 2114 3594 2170 vellicari

2031 2210 2402 2280 destringique
2450 2210 2642 2279 possit.
2697 2210 2808 2264 Imo
2866 2212 3090 2265 suavius
3139 2218 3226 2264 est
3283 2225 3382 2264 esu
3411 2207 3594 2262 virens

2032 2301 2228 2364 adhuc,
2260 2309 2314 2356 et
2337 2303 2498 2356 molle
2529 2301 2792 2365 triticum,
2821 2317 2983 2370 quam
3025 2301 3316 2364 torridum,
3347 2307 3400 2356 et
3430 2298 3594 2353 messi

2032 2393 2359 2462 proximum.
2400 2393 2455 2445 In
2491 2391 2730 2446 Sabbato
2784 2394 2877 2446 illo
2927 2393 3336 2461 deuterOproto,
3393 2390 3459 2445 de
3487 2405 3598 2460 quo

2031 2497 2210 2538 sermo
2235 2481 2393 2536 nobis
2420 2488 2524 2547 est,
2549 2490 2774 2536 matura:
2803 2496 2911 2534 non
2959 2481 3026 2534 ad
3055 2496 3207 2535 esum
3232 2489 3460 2542 tantum,
3501 2479 3597 2533 scd

2031 2572 2098 2626 ad
2132 2587 2363 2627 messem
2390 2585 2606 2640 quoque
2630 2577 2840 2640 segetes
2874 2569 3110 2623 fuerunt.
3143 2568 3274 2622 Erat
3305 2571 3446 2624 enim
3479 2570 3598 2624 dies

2031 2664 2233 2734 Aprilis
2256 2678 2410 2717 xxut.
2442 2661 2579 2717 Aliis
2610 2661 2963 2730 temporibus,
3005 2658 3225 2730 quando
3266 2659 3474 2713 Pascha
3511 2660 3594 2711 ci-

2034 2755 2140 2810 tius
2178 2752 2478 2816 accidebat,
2517 2749 2851 2805 hordeaceus
2904 2749 3214 2818 manipulus
3247 2747 3593 2811 offerebatur,

2033 2857 2127 2900 aut
2173 2844 2428 2899 viridium
2469 2842 2645 2897 adhuc
2681 2841 2852 2896 tritici
2880 2841 3170 2911 spicarum.
3214 2838 3402 2894 Utrius
3428 2855 3591 2911 gene-

2032 2938 2110 2994 ris
2150 2937 2318 3008 spicis
2371 2941 2647 2990 constaret
2696 2932 2861 2988 Omer
2906 2934 3189 3003 Scriptura
3239 2947 3348 2986 non
3388 2930 3593 2984 definit.

2033 3029 2298 3097 Quocirca
2353 3029 2515 3096 iusta:
2553 3026 2850 3097 suspicioni
2872 3026 3026 3080 locus
3051 3032 3153 3087 est,
3183 3024 3488 3094 promiscue
3519 3022 3597 3076 al-

2035 3129 2303 3175 terutrum
2345 3117 2528 3172 offerri
2571 3115 2652 3172 fas
2684 3114 2874 3178 fuisse,
2911 3122 3070 3184 prout
3111 3112 3371 3166 utriusvis
3417 3117 3594 3163 matu-

2034 3213 2171 3266 ritas
2212 3211 2268 3264 in
2326 3210 2624 3281 legitimum
2679 3207 2822 3263 diem
2874 3205 3178 3260 incidisset.
3231 3202 3363 3256 Nam
3419 3217 3592 3269 neque

2035 3303 2215 3374 plena,
2248 3310 2302 3356 et
2334 3301 2403 3355 ad
2431 3315 2663 3354 messem
2695 3299 2886 3353 idonea
2915 3295 3202 3350 maturitas
3233 3292 3594 3363 exspectaba-

2035 3405 2145 3458 tur,
2204 3407 2380 3463 neque
2429 3399 2608 3445 tamen
2646 3389 2851 3443 lactens
2880 3385 3057 3440 adhuc
3102 3397 3288 3438 semen
3337 3381 3402 3435 ad
3434 3379 3624 3434 Omerr

2034 3485 2409 3546 adhibebatur,
2439 3483 2532 3538 sed
2567 3481 2758 3536 saltem
2791 3478 2983 3533 viride.
3030 3475 3100 3529 At.
3138 3489 3261 3528 cum
3309 3473 3471 3544 paulo
3514 3473 3592 3526 ci-

2034 3579 2143 3634 tius
2165 3576 2372 3632 Pascha
2403 3574 2761 3644 contingeret,
2792 3584 2954 3640 quam
2995 3567 3060 3622 ad
3093 3566 3420 3621 oblationem
3455 3566 3625 3618 triti-.

2035 3682 2164 3722 ceus
2205 3665 2498 3720 fasciculus
2529 3663 2837 3732 comparari
2874 3666 3078 3730 posset,
3127 3657 3452 3713 succidanea
3480 3664 3621 3712 erat.

2035 3757 2230 3812 messis
2253 3757 2578 3820 hordeacea,
2611 3763 2796 3824 utpote
2827 3751 3143 3822 praecocior.

2032 3889 2049 3904 .
2101 3846 2384 3901 Postremo
2409 3860 2517 3898 non
2546 3843 2761 3898 videtur
2786 3839 3136 3894 interdictum
3175 3837 3281 3890 ulla
3337 3837 3452 3906 lege
3497 3835 3597 3890 .lu-

2034 3938 2185 4003 dmis,
2213 3953 2284 3993 ne
2330 3946 2452 3991 ante
2483 3935 2726 3989 oblatum
2773 3931 3112 4000 manipulum
3156 3942 3388 3982 messem
3444 3927 3594 3982 fare—

2035 4039 2175 4094 rent,
2200 4029 2362 4084 etiam
2408 4027 2788 4081 hordeaceam.
2821 4024 2934 4077 lmo
2963 4030 3086 4076 ante
3116 4019 3313 4074 factam
3343 4036 3483 4085 esse,
3514 4021 3596 4073 lo-

2033 4139 2132 4178 cus
2175 4123 2264 4177 ille
2311 4118 2535 4175 Levitici
2566 4114 2750 4183 XXIII,
2788 4115 2871 4180 I0,
2914 4113 3298 4168 demonstrat:
3335 4111 3467 4168 Cum
3515 4113 3598 4164 in-

2033 4215 2198 4287 gressi
2229 4214 2435 4285 fueritis
2465 4223 2680 4280 terram,
2708 4227 2864 4282 quam
2893 4226 2984 4280 ego
3017 4207 3153 4260 dabo
3174 4205 3338 4268 vobis,
3379 4215 3425 4259 et
3459 4222 3594 4257 mes-

2035 4306 2247 4362 sueritis
2304 4312 2544 4375 segetem,
2583 4303 2756 4372 feretis
2803 4297 3102 4368 manipulos
3153 4298 3440 4366 spicarum,
3487 4304 3594 4350 etc.

2036 4400 2190 4466 Quod
2222 4408 2404 4453 tamen
2448 4411 2562 4451 non
2596 4385 2883 4465 perpetuo,
2940 4390 3035 4446 sed
3080 4388 3351 4444 interdum
3375 4389 3593 4451 accidit,

370 4478 466 4534 Xll
505 4479 675 4536 Exodi
722 4481 976 4552 pluribus
1017 4481 1156 4536 idem
1203 4482 1458 4551 explicat,
1509 4483 1603 4537 ubi
1657 4483 1798 4537 inter
1829 4483 1933 4536 alia
1964 4495 2009 4548 ι)
2039 4492 2334 4549 secundum
2386 4506 2446 4546 ea
2501 4505 2622 4561 qua;
2671 4488 2833 4560 paulo
2880 4493 3006 4541 ante
3053 4485 3312 4540 diximus.
3360 4482 3502 4539 Idem
3543 4491 3613 4538 et.

369 4573 583 4638 scribit,
635 4575 768 4628 nihil
806 4575 872 4628 de
920 4573 1098 4627 lunari
1146 4588 1334 4628 mense
1366 4575 1433 4628 ab
1461 4575 1768 4646 legislatore
1804 4591 1934 4629 cau-

370 4675 485 4732 tum
536 4681 698 4732 esse;
739 4667 832 4721 sed
861 4666 964 4721 hoc
1001 4682 1167 4720 unum
1207 4667 1550 4737 praecepisse,
1597 4674 1657 4720 ut
1718 4667 1770 4721 in
1815 4668 1934 4736 ipso

368 4771 636 4811 novarum
669 4755 882 4827 frugum
922 4771 1109 4811 mense
1138 4753 1347 4810 Pascha
1387 4757 1747 4810 celebrarent.
1787 4755 1950 4821 Quoo.

367 4849 517 4904 circa
554 4863 654 4921 pro
681 4865 746 4904 eo
788 4857 952 4919 atque
985 4847 1169 4918 fruges
1217 4848 1380 4902 citius
1432 4855 1525 4901 aut
1567 4848 1774 4903 tardius
1814 4863 1934 4903 cre-

368 4941 577 4998 vissent
598 4983 616 5007 ,
649 4943 723 4997 ita
753 4942 941 4997 serius
959 4941 1183 4996 ociusve
1226 4941 1461 5010 primum
1494 4940 1618 4996 illos
1668 4939 1934 4996 indixisse

369 5049 613 5090 mensem
633 5073 648 5098 ,
683 5049 749 5089 ac
776 5049 1165 5104 nonnunquam
1201 5049 1374 5088 annos
1406 5032 1762 5088 intercalares
1794 5033 1933 5090 duos

369 5125 741 5180 continuasse.
775 5125 919 5180 Sane
971 5125 1114 5194 quod
1151 5124 1216 5179 ad
1277 5141 1400 5180 eum
1452 5140 1653 5179 annum
1701 5132 1933 5196 spectat,

369 5217 431 5272 in
460 5231 620 5287 quem
662 5215 960 5271 Sabbatum
1008 5217 1152 5271 illud.
1197 5215 1645 5286 deuteroproton,
1698 5230 1808 5285 quo
1866 5215 1953 5271 de

369 5309 572 5380 agitur,
603 5307 816 5373 incidit,
867 5309 958 5378 qui
997 5308 1099 5362 fuit
1137 5309 1416 5381 κηρύξεως
1449 5310 1679 5379 primus,
1707 5323 1934 5364 neome-

367 5399 465 5453 nia
491 5396 776 5453 Paschalis
803 5397 1002 5468 Aprilis
1030 5413 1068 5451 ιι
1105 5399 1402 5468 contigisse
1419 5398 1651 5462 videtur,
1683 5397 1814 5453 feria
1834 5415 1930 5464 vn,

372 5489 550 5562 prima
604 5491 721 5545 dies
755 5505 1064 5562 azymorum
1100 5490 1300 5559 Aprilis
1337 5507 1446 5553 xvi,
1498 5490 1623 5545 feria
1668 5507 1766 5545 vti.
1823 5493 1931 5545 Ita-

371 5599 482 5655 que
513 5583 810 5639 Sabbatum
851 5583 1270 5653 deuterOproton
1307 5585 1361 5637 in
1399 5600 1532 5638 xxiii
1560 5585 1700 5638 diem
1731 5586 1936 5654 Aprilis

373 5675 629 5739 incurrit,
663 5675 753 5744 qui
784 5682 1010 5744 quartus
1040 5682 1120 5740 est
1151 5675 1218 5728 ab
1257 5691 1320 5728 eo
1363 5691 1521 5744 quem
1573 5674 1928 5745 Vergiliarum

375 5769 553 5833 ortui,
575 5776 629 5822 et
670 5767 821 5822 initio
857 5768 1048 5820 messis
1067 5766 1212 5822 Theo
1245 5769 1488 5833 pra-linit.
1522 5767 1585 5822 At
1615 5782 1755 5823 anno
1790 5768 1929 5826 ipso.

2035 4585 2100 4640 de
2141 4585 2468 4654 Pentecoste
2497 4583 2658 4638 debet
2712 4595 2834 4636 esse
2874 4578 3176 4649 judicium;
3212 4576 3361 4630 nullo
3398 4591 3597 4645 prtece-

2036 4684 2128 4746 pto
2151 4676 2376 4730 vetitum
2413 4672 2613 4728 Judzeis
2643 4686 2785 4735 esse,
2814 4684 2880 4723 ne
2904 4674 3030 4722 ante
3068 4665 3266 4722 festum
3293 4665 3395 4718 hoc
3428 4663 3597 4733 frugi-

2034 4767 2136 4821 bus
2169 4767 2326 4821 novis
2366 4780 2427 4819 ac
2460 4763 2690 4834 panibus
2713 4760 2891 4816 exbis
2919 4756 3187 4812 confectis
3217 4765 3588 4814 vescerentur;

2035 4855 2180 4927 quod
2233 4853 2506 4925 opinionis
2552 4852 2790 4905 fautores
2829 4846 3119 4902 contraria:
3167 4855 3427 4900 sumunt:
3465 4845 3595 4913 quin

2038 4947 2223 5019 potius
2259 4946 2311 5000 id
2343 4952 2505 4999 antea
2538 4941 2620 4998 fas
2656 4941 2844 5006 fuisse,
2873 4939 3117 4994 declarat
3139 4937 3367 4992 historia
3400 4936 3596 5006 capitis

2035 5039 2180 5095 tertii
2237 5047 2288 5092 et
2345 5035 2522 5106 quinti
2577 5032 2776 5096 Josue,
2835 5047 2996 5101 quam
3054 5030 3363 5085 citavimus.
3411 5026 3598 5096 Neque

2035 5129 2397 5201 priniitiarum
2466 5125 2788 5179 vocabulum
2848 5122 2900 5175 id
2971 5127 3230 5191 perpetuo
3283 5118 3594 5189 significat,

2035 5219 2179 5290 quod
2215 5218 2456 5274 omnium
2480 5217 2712 5286 primum
2745 5220 2848 5277 est,
2886 5221 2939 5266 et
2973 5218 3096 5265 ante
3124 5208 3270 5280 quod
3302 5209 3506 5264 nullum
3541 5209 3595 5261 in

2035 5325 2138 5363 usu
2196 5307 2339 5370 fuit;
2391 5303 2487 5360 sed
2541 5300 2812 5358 interdum
2875 5300 3198 5369 simpliciter
3244 5315 3342 5369 pro
3401 5314 3594 5369 quavis

2035 5394 2330 5454 oblatione,
2357 5391 2438 5445 vel
2459 5404 2517 5444 re
2547 5388 2613 5441 ad
2637 5388 2896 5440 honorem
2915 5384 3007 5438 Dei
3029 5383 3265 5454 seposita
3284 5399 3346 5437 ac
3370 5383 3592 5445 selecta,

2034 5497 2095 5542 ut
2114 5483 2463 5548 Exud.XXV,
2489 5482 2614 5549 2,et
2645 5477 2861 5542 XXXV,
2880 5478 2912 5532 5
2937 5485 2985 5532 et
3007 5477 3068 5530 2i
3097 5493 3112 5541 ;
3153 5476 3373 5531 Numer.
3401 5473 3595 5538 XXXI,

2034 5580 2121 5635 29.
2177 5579 2356 5644 Quare
2392 5574 2608 5628 tametsi
2663 5570 2922 5643 primitivi
2979 5584 3146 5639 panes
3193 5569 3246 5622 in
3281 5567 3598 5622 Pentecoste

2034 5672 2200 5726 oblati
2258 5668 2485 5729 fuerint,
2527 5666 2749 5718 minime
2795 5679 2857 5717 ex
2896 5677 2959 5716 eo
3001 5659 3247 5730 sequitur
3274 5675 3443 5713 novas
3474 5664 3597 5708 ante

2035 5765 2137 5819 hoc
2174 5771 2386 5821 tempus
2429 5758 2609 5819 fruges
2663 5773 2767 5811 non
2803 5755 3044 5815 attigisse
3077 5751 3314 5808 Judzees.
3355 5747 3505 5808 Quod
3541 5745 3600 5799 in
