4036 6218
499 325 640 383 1595

1475 321 1564 374 AD
1607 319 1868 376 EUSEBII
1906 319 2297 377 CIIRONlCON
2332 319 2691 379 APPE‘NDIX.

3582 328 3726 383 1396

498 437 916 496 Commentariis
949 437 1066 492 suis
1091 436 1302 492 erudite
1326 433 1643 494 Bonl’rerius
1671 448 1856 493 noster
1877 439 2059 495 obser-
2085 443 2126 499 Α
2156 438 2464 500 oll'erretur,
2487 436 2704 507 quando
2741 434 2914 491 serius
2941 433 3151 490 Pascha
3185 436 3546 508 contingeret.
3579 439 3726 498 Idem

497 538 635 584 vat:
670 529 757 583 cui
808 527 982 592 idem,
1041 527 1186 598 quod
1242 527 1296 580 in
1341 535 1573 582 mentem
1626 529 1758 582 mihi
1815 537 2056 594 venerat,

497 620 768 691 placuisse
798 619 970 688 prius,
1006 619 1242 673 maximo
1275 634 1392 672 sum
1422 634 1584 688 opere
1612 619 1852 689 gavisus.

568 711 703 764 Hinc
735 711 843 769 illa.
881 725 1000 778 qua:
1027 718 1218 763 contra
1272 725 1371 765 nos
1406 710 1568 763 allata
1619 722 1767 775 sunt,
1802 711 2058 766 universa

498 803 802 856 solvuntur.
833 801 891 854 Si
922 815 1016 869 per
1051 816 1362 868 azymorum
1397 801 1534 866 dies,
1587 802 1863 871 inquiunt,
1896 803 2061 872 spica:

497 892 693 947 messis
721 891 1031 944 hordeacea:
1064 891 1241 944 adhuc
1263 891 1530 955 virebant,
1551 892 1788 946 triticum
1819 894 2059 948 nondum

497 995 769 1037 maturum
797 1000 918 1039 esse
956 985 1150 1054 potuit.
1179 983 1592 1054 Respondemus
1621 1025 1634 1048 ,
1671 986 1910 1040 virentes
1949 986 2060 1055 spi-

496 1092 589 1130 cas
613 1077 700 1130 hic
731 1077 870 1131 sumi
903 1092 1001 1146 pro
1034 1075 1364 1140 recentibus,
1387 1091 1495 1130 non
1529 1077 1742 1147 penitus
1771 1077 2055 1141 viridibus,

495 1175 549 1220 et
580 1167 904 1223 immaturis.
942 1166 1072 1221 Nam
1098 1167 1360 1223 llebraice
1386 1177 1469 1222 est
1494 1168 1662 1222 Levit.
1696 1184 1758 1230 ιι,
1794 1169 1879 1232 14.
1923 1178 2060 1228 ἒνέκ

496 1241 609 1339 715p
665 1259 809 1326 spica
855 1274 1069 1321 recens,
1123 1269 1288 1319 tosta,
1340 1267 1394 1314 et
1449 1243 1603 1345 5721.3
1661 1269 1770 1318 tm:
1825 1261 2058 1312 triticum

495 1359 764 1402 contusum
801 1351 957 1418 spica:
985 1349 1168 1417 plenw.
1221 1351 1295 1403 Ita
1329 1347 1394 1402 IV
1439 1348 1569 1421 Reg.
1605 1367 1677 1414 Iv,
1708 1350 1795 1405 42.
1849 1350 2060 1405 Carmel

495 1440 814 1507 frumentum
858 1459 1044 1495 novum
1074 1443 1234 1497 vertit
1285 1443 1570 1512 interpres.
1605 1441 1713 1497 Nec
1753 1451 1837 1498 est
1865 1443 2060 1498 absur-

494 1531 646 1594 dum,
687 1547 794 1601 quo
824 1539 1066 1601 tempore
1097 1534 1316 1588 metitur
1351 1534 1634 1594 hordeum,
1682 1533 1924 1588 triticeas
1950 1534 2060 1604 spi-

495 1638 609 1683 ras,
638 1623 684 1678 si
713 1623 890 1680 minus
924 1624 990 1678 ad
1021 1639 1276 1689 messem,
1313 1634 1461 1679 certe
1487 1625 1554 1678 ad
1585 1623 1916 1680 vescendum
1947 1637 2058 1676 ma-

495 1720 551 1767 tu
561 1729 647 1769 ras
679 1731 818 1770 esse.

563 1804 834 1875 Iosephus
881 1807 916 1860 l.
962 1805 1028 1860 Ill
1069 1807 1242 1877 θήρ..
1267 1822 1387 1877 cap.
1429 1805 1476 1860 Χ
1507 1808 1708 1862 sentire
1746 1807 1958 1864 videtur
1991 1825 2057 1864 ex

497 1895 797 1953 hordeacea
829 1913 1005 1954 messe
1055 1899 1418 1968 primitiarum
1455 1899 1694 1953 oblatum
1728 1915 1851 1954 esse
1886 1902 2059 1954 mani-

497 1989 704 2058 pulum.
732 1987 839 2045 Sed
871 1991 1004 2046 nihil
1036 1990 1140 2046 boc
1167 1991 1347 2046 obstat
1389 1991 1521 2061 quin
1555 2005 1622 2046 ex
1655 1991 1778 2046 aliis
1811 1991 2058 2063 frugibus

2163 545 2326 601 porro
2381 528 2623 598 subjicit,
2665 527 2732 582 ab
2779 526 2959 581 oblato
2998 527 3276 596 manipulo
3301 529 3514 598 publice
3542 533 3726 602 priva-

2159 620 2365 690 timque
2409 627 2610 673 metere
2668 617 2889 671 licuisse
2927 635 2940 670 :
2980 616 3072 668 καὶ
3109 617 3228 669 τότε
3274 617 3457 671 λοιπὸν
3490 619 3728 693 δημοσίᾳ

2161 710 2333 776 ἔξεστι
2362 712 2514 774 πᾶσι,
2552 710 2644 762 καὶ
2675 709 2780 778 ἰδίᾳ
2804 705 3036 777 Θερίζειν
3058 746 3072 770 ,
3097 711 3250 777 quasi
3285 709 3336 762 id
3370 717 3497 764 ante
3528 727 3639 765 non
3669 714 3727 767 li-

2161 801 2356 855 cuerit.
2390 799 2494 854 Sed
2525 800 2686 867 hujus
2716 799 2793 853 rei
2829 799 3038 851 nullum
3071 799 3126 851 in
3159 799 3332 853 sacris
3358 799 3513 855 libris
3545 811 3727 856 exstat

2160 893 2533 948 interdictum.
2562 891 2672 947 Nos
2702 900 2882 944 autem
2907 889 2973 944 de
3013 889 3210 960 priscis
3238 889 3549 946 Iudaeorum
3591 902 3729 948 tem-

2161 987 2408 1056 poribus,
2435 1001 2542 1040 non
2566 983 2784 1054 Iosephi
2828 992 2986 1038 aetate
3009 982 3300 1052 loquimur.
3346 983 3506 1053 Atqui
3526 986 3610 1039 vel
3659 1004 3724 1042 ex

2160 1078 2264 1133 hoc
2294 1078 2412 1148 ipso
2461 1077 2706 1147 ejusdem
2751 1075 2999 1131 historici
3040 1076 3159 1128 loco
3187 1074 3413 1130 evidens
3465 1085 3569 1134 est.
3623 1080 3727 1133 sub

2159 1171 2368 1226 Pascha
2407 1186 2639 1226 messem
2685 1171 2740 1224 in
2760 1169 2969 1239 ,Judaza
3020 1181 3293 1238 peractam
3329 1192 3342 1225 :
3381 1172 3528 1241 quod
3566 1173 3728 1228 nobis

2161 1266 2295 1320 satis
2329 1273 2434 1322 est.
2465 1263 2622 1327 Nam,
2659 1263 2705 1318 si
2737 1271 2859 1335 post
2889 1263 3178 1318 delibatam
3234 1264 3505 1320 oblatione
3551 1267 3730 1320 mani-

2160 1357 2271 1426 puli
2302 1367 2556 1427 segetem,
2589 1363 2790 1410 metere
2823 1355 2906 1410 l'as
2944 1357 3080 1420 fuit,
3111 1371 3240 1427 ergo
3266 1366 3491 1412 maturae
3515 1357 3631 1427 jam
3660 1359 3727 1412 ad

2161 1451 2391 1503 inessem
2438 1455 2593 1504 erant
2633 1457 2864 1519 segetes,
2889 1449 3050 1502 etiam
3082 1449 3328 1512 trilicem,
3391 1459 3555 1518 atque
3607 1450 3730 1505 ista:

2161 1540 2354 1594 saltem
2397 1539 2462 1594 ad
2516 1554 2694 1594 esum.
2752 1538 2904 1595 Unde
2951 1538 3246 1595 Sahbatum
3295 1541 3730 1613 deuteroproton

2162 1630 2393 1699 septimo
2424 1630 2492 1684 ab
2525 1630 2799 1684 oblatione
2830 1631 3090 1700 manipuli
3135 1631 3221 1687 die
3264 1634 3580 1704 contigisse,
3628 1637 3728 1689 mi-

2162 1722 2306 1775 nime
2329 1736 2396 1775 ex
2417 1736 2483 1776 eo
2513 1721 2570 1774 tit
2597 1721 2918 1787 absurdum,
2949 1722 3094 1792 quod
3123 1731 3240 1778 tum
3268 1724 3510 1780 virentes
3541 1726 3729 1796 spicas

2164 1813 2418 1868 manibus
2472 1813 2588 1868 suis
2639 1815 2871 1883 apostoli
2924 1813 3297 1870 defricarent:
3352 1818 3500 1887 quod
3534 1828 3727 1872 contra

2161 1902 2642 1973 reprehensionem
2690 1919 2950 1974 nuperam
3003 1907 3338 1976 propositum
3373 1916 3507 1963 .erat
3545 1917 3728 1964 osten-

2161 1993 2308 2050 dere.

505 2155 3714 2202 .._______.__________________________

672 2328 869 2467 DE.
967 2325 1874 2457 GR/ECORUM
1969 2331 2376 2461 [ERIS
2475 2335 2670 2465 AC
2754 2341 3537 2475 COMPUTIS

1710 2579 2536 2677 DISSERTATIO.

1291 2760 1577 2828 (Dionysius
1615 2757 1870 2817 Prnvms,
1898 2757 1964 2808 De
1996 2753 2218 2806 doctrina
2247 2762 2533 2827 temporum,
2555 2769 2591 2814 t.
2617 2763 2704 2829 III,
2727 2780 2776 2831 p.
2805 2767 2937 2832 155.)

1067 2979 1371 3042 CAPUT
1421 2983 1480 3040 Ι.

496 3098 573 3156 Ds
598 3099 795 3168 triplici
825 3095 1126 3153 ercorum
1173 3114 1315 3168 tera,
1338 3113 1456 3168 qua:
1491 3095 1559 3168 ad
1592 3093 2054 3168 duasfea'igitur.

2233 2978 2444 3036 Etenim
2477 2991 2880 3054 computorum,
2901 2987 3030 3042 sive
3062 2988 3168 3040 τῶν
3199 2990 3416 3060 ὁμὰδων
3447 2993 3732 3048 annalium

2162 3071 2451 3130 diversitas
2493 3076 2548 3129 in
2599 3091 2664 3131 eo
2711 3079 2951 3147 ponitur,
2988 3087 3045 3134 ut
3075 3081 3128 3133 in
3173 3097 3342 3135 unum
3386 3089 3440 3136 et
3477 3085 3732 3140 eumdem

570 3141 1246 3242 :liu’straturwl’anodori
1280 3141 1662 3242 Clironalogia‘i
1715 3141 2006 3227 Maximus,
2087 3141 2131 3200 ο
2163 3177 2386 3228 annum,
2415 3179 2516 3219 ceu
2553 3180 2897 3223 communem
2928 3172 3240 3236 terminum,
3285 3173 3537 3242 dispares
3579 3189 3733 3229 sum-

565 3238 812 3310 Georgius
849 3237 1145 3309 Syncellus,
1183 3237 1536 3306 Theophanes,
1568 3236 1760 3306 aliique
1789 3243 2060 3288 notantur.

566 3355 874 3408 Griccorum
927 3360 1232 3424 computos,
1282 3368 1530 3421 aet-asque
1584 3350 1885 3422 praecipuas
1941 3365 2064 3406 esse

498 3453 632 3511 tres,
664 3447 804 3500 inter
831 3445 1076 3500 eruditos
1124 3446 1398 3500 convenit.
1421 3444 1553 3498 Nam
1603 3444 1762 3496 aliam
1813 3458 1934 3497 esse
1979 3443 2061 3496 dio

498 3545 648 3597 cunt,
685 3552 806 3607 quae
844 3538 912 3591 ab
950 3538 1104 3592 initio
1151 3551 1337 3591 rerum
1383 3537 1450 3590 ad
1502 3533 1708 3590 Christi
1750 3533 1804 3588 in
1846 3541 2060 3589 uterum

500 3627 738 3697 Virginis
783 3627 1095 3691 adventum,
1143 3636 1236 3680 aut
1286 3627 1518 3680 natalem
1561 3640 1734 3680 annos
1782 3630 2062 3693 computat

497 3720 659 3782 5195,
715 3720 896 3784 aliam,
954 3734 1072 3788 quae
1119 3733 1292 3772 annos
1339 3724 1590 3772 numerat
1640 3716 1800 3780 5501,
1843 3716 2060 3770 tertiam

499 3827 620 3884 quae
650 3811 788 3866 5509
817 3810 1124 3866 constituit.
1169 3809 1404 3863 Primam
1433 3807 1828 3862 Antiochenam
1877 3807 2062 3877 appel-

501 3905 614 3956 lant
647 3902 832 3972 aliqui,
861 3901 1154 3958 secundam
1187 3899 1570 3970 IEthiOpicam,
1598 3900 1813 3954 tertiam
1832 3900 2062 3954 Alexan-

499 3994 732 4048 drinam.
799 3992 1040 4063 Scaliger
1089 3992 1155 4046 ad
1223 3991 1494 4062 Excerpta
1564 3990 1781 4046 Maximi
1831 3992 2062 4061 primam

502 4085 742 4136 nominat
771 4083 1038 4146 lunarem,
1072 4081 1303 4136 mediam
1347 4079 1688 4144 orientalem,
1733 4089 2060 4150 postremam

501 4175 810 4245 paschalem
839 4193 853 4229 :
890 4189 1121 4244 quarum
1159 4174 1582 4243 appellationum
1611 4173 1848 4243 origines
1875 4173 2064 4242 dispu-

499 4273 580 4320 tat
629 4266 786 4319 initio
825 4265 947 4318 libri
992 4262 1036 4318 ν
1078 4263 1155 4318 De
1204 4263 1562 4316 emendatione
1606 4274 1912 4331 temporum.
1956 4261 2061 4316 Sed

498 4371 593 4410 eas
638 4370 668 4408 a
713 4355 869 4409 nobis
899 4353 1211 4408 confutatas
1257 4353 1460 4418 habes,
1495 4355 1820 4424 penitusque
1870 4352 2060 4407 convi-

2162 3267 2264 3308 mae
2294 3253 2566 3310 desinant.
2587 3256 2743 3322 Quod
2783 3260 2829 3314 si
2865 3260 2986 3316 aliis
3017 3270 3177 3330 atque
3217 3262 3340 3317 aliis
3371 3262 3534 3318 annis
3565 3265 3732 3318 iidem

2162 3343 2532 3400 inscribantur
2572 3346 2740 3411 tituli,
2785 3362 2896 3402 non
2948 3347 3108 3403 debet
3151 3358 3436 3419 pr0pterea
3477 3352 3737 3405 diversus

2163 3435 2425 3504 appellari
2455 3447 2781 3506 computus;
2811 3439 2955 3509 quod
2989 3441 3056 3494 ad
3103 3441 3516 3512 longinquiores
3556 3457 3729 3496 annos

2163 3527 2338 3596 major
2365 3544 2666 3593 numerus;
2698 3531 2878 3584 minor
2909 3539 3092 3586 autem
3118 3532 3184 3585 ad
3216 3533 3630 3603 pr0pinquiores
3658 3533 3727 3584 ab

2162 3619 2349 3673 eodem
2383 3621 2560 3690 capite
2604 3621 2801 3677 ductus
2841 3624 3170 3678 extenditur.
3212 3622 3280 3678 Ut
3306 3626 3449 3678 enim
3483 3624 3726 3692 exemplo

2163 3710 2256 3767 ﬁat
2280 3711 2427 3782 quod
2461 3713 2584 3768 dico
2605 3714 2825 3778 clarius,
2855 3724 3106 3770 sumatur
3137 3715 3203 3769 ab
3233 3715 3365 3770 orbe
3401 3716 3623 3771 condito
3658 3713 3734 3768 ad

2163 3821 2364 3860 annum
2435 3821 2555 3860 atrae
2621 3805 2945 3862 Christiana:
3000 3808 3232 3878 primum
3293 3815 3477 3862 certus
3532 3808 3729 3877 aliquis

2163 3907 2472 3968 computus,
2502 3898 2648 3952 velut
2683 3897 2773 3952 ille
2808 3907 2995 3953 noster
3023 3913 3289 3952 annorum
3333 3898 3494 3962 3983,
3540 3897 3595 3951 in
3640 3914 3735 3953 eo—

2162 4005 2268 4058 que
2297 3990 2530 4045 diversis
2552 3990 2710 4044 annis
2737 3990 2922 4045 eadem
2951 3991 3184 4060 illigetur
3211 3990 3438 4059 epocha,
3469 3991 3730 4044 nimirum

2165 4080 2329 4136 Urbis
2354 4081 2624 4136 conditae:
2658 4096 2821 4150 quam
2852 4080 2990 4134 alius
3026 4081 3078 4134 in
3109 4095 3180 4134 eo
3199 4095 3342 4134 anno
3385 4079 3606 4150 deligat,
3635 4080 3733 4149 qui

2162 4185 2243 4230 est
2266 4182 2391 4230 ante
2417 4189 2580 4229 teram
2605 4172 2972 4228 Christianam
3009 4171 3132 4233 754,
3165 4172 3302 4228 alter
3334 4172 3593 4226 tredecim
3630 4187 3730 4223 an-

2162 4268 2250 4321 nis
2274 4275 2494 4337 postea;
2530 4265 2820 4326 Pictorem,
2855 4272 2946 4318 aut
2982 4264 3168 4320 nescio
3197 4280 3357 4334 quem
3389 4264 3621 4318 alterum
3659 4279 3730 4317 ex

2162 4358 2436 4413 veteribus
2463 4365 2736 4412 auctorem
2770 4364 3017 4420 secutus,
3051 4364 3179 4426 puta
3204 4357 3258 4409 in
3286 4371 3351 4410 eo
3380 4355 3474 4421 qui
3505 4355 3577 4410 sit
3606 4362 3732 4408 ante

499 4454 617 4499 etas
661 4446 716 4499 in
764 4459 907 4498 nono
941 4442 1015 4496 De
1052 4443 1290 4497 doctrina
1337 4455 1626 4513 temporum
1655 4445 1832 4515 capite
1875 4443 1940 4510 V,
1969 4443 2059 4500 ubi
2091 4475 2138 4531 Β
2164 4450 2442 4504 Christum
2476 4450 2598 4504 743,
2634 4448 2754 4505 Duo
2789 4451 2954 4520 igitur
2988 4450 3064 4503 illi
3100 4449 3153 4502 in
3203 4448 3390 4504 eadem
3433 4447 3502 4502 ad
3545 4457 3735 4501 ouum.

500 4538 633 4592 nihil
685 4538 739 4591 in
776 4537 1048 4607 computis
1090 4537 1209 4592 istis
1250 4535 1452 4590 vidisse
1476 4575 1491 4598 ,
1545 4553 1721 4606 neque
1757 4537 1885 4606 quid
1919 4536 2060 4590 scri-

502 4632 652 4684 heret
684 4630 1020 4685 intellexisse
1057 4630 1330 4684 hominem
1363 4629 1676 4698 plenissime
1720 4629 2061 4684 demonstra-

501 4725 712 4789 vimus;
737 4738 800 4778 ac
833 4723 1002 4777 multa
1031 4722 1084 4776 in
1111 4737 1227 4776 eam
1251 4736 1363 4775 rem
1395 4722 1770 4790 congessimus
1801 4729 1854 4774 et
1877 4721 2062 4790 ignota

500 4818 662 4887 vulgo
713 4824 767 4871 et
815 4815 957 4870 scitu
997 4815 1348 4886 dignissima;
1386 4823 1438 4868 et
1475 4813 1542 4867 ad
1594 4812 1668 4879 id,
1715 4811 1860 4882 quod
1901 4814 2062 4867 modo

501 4911 700 4978 agitur,
738 4909 983 4979 apprime
1023 4907 1367 4972 necessaria;
1398 4921 1517 4975 qua:
1558 4905 1778 4959 minime
1806 4904 1908 4958 hoc
1941 4905 2063 4959 loco

501 5001 788 5068 repetenda
825 5008 972 5055 sunt.
1001 4998 1118 5053 Non
1171 5013 1341 5067 pauca
1388 5008 1572 5054 tamen
1613 4998 1722 5052 illic
1775 4997 2061 5052 omisimus

503 5093 721 5161 propria
771 5093 944 5162 magis
975 5091 1211 5146 instituti
1241 5091 1420 5160 hujus,
1455 5102 1509 5146 et
1547 5091 1820 5160 paschalis
1843 5091 2061 5145 (ἔκ-ωοο-

503 5199 623 5236 ι·υηι
663 5183 926 5247 methodi,
957 5199 1119 5252 quam
1148 5181 1217 5237 ad
1245 5184 1597 5238 illustrandos
1628 5182 1863 5244 Maximi,
1892 5181 2062 5236 lsaaci

501 5276 843 5345 aliorumque
872 5285 1178 5346 computos,
1201 5275 1293 5346 qui
1323 5276 1378 5330 in
1394 5277 1710 5329 Auctarium
1737 5277 1890 5330 relati
1912 5281 2060 5330 sunt.

503 5365 860 5420 enarrandam
912 5367 1276 5434 suscepimus,
1345 5365 1502 5435 cujus
1561 5365 1774 5419 initium
1827 5363 2064 5435 disputa-

504 5457 670 5512 tionis
702 5458 770 5512 ab
797 5474 904 5512 aera
933 5458 1022 5512 illa
1056 5458 1277 5528 triplici,
1325 5466 1378 5512 et
1420 5457 1698 5513 communi
1735 5457 1803 5512 de
1856 5457 1922 5512 iis
1948 5457 2064 5525 opi-

505 5551 668 5605 nione
697 5551 1003 5618 doctorum,
1038 5560 1198 5620 atque
1235 5565 1419 5605 errore
1457 5550 1706 5615 ducetur,
1737 5557 1796 5604 ut
1845 5548 1912 5604 ab
1955 5549 2063 5604 illis

503 5645 710 5699 trustra
760 5643 1052 5698 doceamus
1099 5650 1210 5697 tres
1255 5658 1378 5698 esse
1429 5643 1720 5701 distinctas
1767 5643 2060 5709 hactenus,

506 5753 631 5793 cum
664 5734 773 5792 sint
807 5750 992 5790 revera
1023 5735 1400 5790 tantummodo
1425 5735 1565 5790 duae.

2163 4541 2366 4597 Christi
2398 4556 2609 4595 summa
2628 4542 3052 4606 consentientes,
3089 4539 3142 4594 in
3169 4540 3327 4593 annis
3353 4547 3532 4592 autem
3550 4537 3732 4591 diver-

2165 4633 2243 4689 sis
2291 4633 2534 4702 ejusdem
2590 4633 2810 4702 cpochte
2862 4631 3230 4697 dissidentes;
3267 4631 3346 4684 sic
3378 4637 3437 4683 ut
3479 4629 3628 4698 prior
3660 4627 3732 4682 ab

2164 4725 2352 4782 eodem
2396 4725 2585 4780 mundi
2626 4725 2784 4778 initio
2814 4724 2881 4777 ad
2913 4723 3114 4778 Urbem
3161 4721 3434 4776 conditam
3482 4727 3734 4774 numeret

2165 4834 2338 4874 annos
2368 4818 2528 4880 5230,
2560 4819 2716 4880 alter,
2748 4832 2921 4872 annos
2948 4816 3108 4880 5245,
3137 4832 3240 4869 non
3265 4816 3455 4884 utique
3479 4813 3734 4868 diversos

2165 4911 2233 4965 ab
2289 4910 2495 4964 Adamo
2543 4918 2830 4980 computos
2889 4909 3170 4964 instituere
3232 4907 3532 4962 dicuntur:
3583 4904 3733 4976 quod

2163 5009 2278 5057 tum
2310 5003 2528 5056 demum
2556 5001 2814 5065 facerent,
2859 5000 2906 5054 si
2954 4999 3021 5052 ad
3067 4997 3316 5054 eumdem
3363 5012 3590 5061 annum,
3633 4996 3732 5064 qui

2165 5096 2236 5153 sit
2263 5104 2387 5150 ante
2426 5095 2790 5149 Christianam
2834 5109 2995 5148 ieram
3043 5091 3167 5157 754,
3204 5090 3410 5160 periodi
3454 5104 3584 5144 vero
3631 5087 3736 5141 Ju-

2163 5187 2321 5241 lianze
2339 5184 2497 5250 5960,
2526 5185 2661 5238 alter
2685 5185 2754 5238 ab
2786 5183 2990 5238 Adamo
3018 5189 3326 5238 numeraret
3361 5195 3535 5234 annos
3565 5178 3732 5238 3350.

2164 5281 2298 5334 alter
2327 5277 2508 5342 39.43;
2550 5287 2602 5330 et
2637 5276 2780 5346 quod
2813 5291 3156 5344 consequens
3188 5281 3292 5337 est,
3327 5273 3417 5327 ille
3462 5270 3530 5325 ad
3567 5269 3732 5325 Chri-

2165 5377 2306 5426 stum
2342 5383 2512 5423 annos
2531 5366 2689 5431 5983,
2718 5367 2818 5421 isle
2846 5363 3007 5420 5996.

2237 5459 2328 5514 Sic
2352 5460 2516 5530 igitur
2538 5469 2651 5513 tres
2686 5458 2810 5513 illos
2840 5459 3148 5514 Graecorum
3176 5466 3482 5526 computos,
3517 5465 3575 5510 ut
3603 5471 3634 5510 a
3670 5472 3738 5512 se

2165 5553 2409 5608 distincti
2466 5552 2695 5607 invicem
2756 5550 3066 5620 diversique
3117 5549 3260 5614 sint,
3303 5549 3357 5602 in
3413 5563 3584 5602 unum
3634 5547 3736 5601 ali-

2165 5658 2326 5714 quem
2373 5643 2688 5712 conspirare
2742 5641 3031 5695 terminum
3081 5649 3318 5711 oportet,
3377 5641 3446 5694 ad
3496 5654 3732 5708 eumne

2165 5751 2272 5792 non
2304 5734 2492 5792 codem
2538 5749 2567 5788 a
2613 5732 2792 5802 capite
2833 5743 2886 5788 et
2923 5731 3145 5788 exordio
3182 5729 3533 5789 descendere.
3581 5721 3734 5787 Tali;
