4036 6218
499 272 632 327 1599

1469 270 1556 325 AD
1598 272 1863 330 EUSEBII
1897 268 2289 333 CIIBONICON
2330 267 2690 325 APPENDIX.

3555 267 3698 323 iith

495 392 654 447 annis
678 390 859 445 minus
896 389 1047 445 dicit.
1093 388 1205 447 Nos
1252 392 1306 446 in
1363 408 1505 449 nono
1534 395 1611 450 De
1648 396 1888 453 doctrina
1917 409 2044 455 tem-
2069 405 2118 460 Α
2144 411 2266 453 esse
2291 394 2480 448 volunt
2518 388 2677 455 5777,
2707 383 3100 439 Incarnationis
3120 382 3257 450 277;
3287 381 3431 454 atqui
3462 397 3530 437 ex
3572 383 3698 438 ilio-

492 497 697 551 parum,
718 494 836 550 cap.
878 476 965 543 IV,
993 480 1131 536 duos
1157 481 1277 536 illos
1301 497 1474 539 annos
1504 488 1903 560 χρηματισμοῦ.
1943 490 2044 546 Za-

493 572 692 625 charire
765 579 819 627 et
888 569 1281 628 Incarnationis
1353 589 1383 628 a
1456 573 1688 632 Maximo
1745 589 2041 651 conceptos

493 663 777 716 retulimus
825 662 880 716 in
937 662 1078 718 4710
1138 669 1192 718 et
1237 662 1369 716 4711
1425 665 1632 735 periodi
1666 666 1914 739 Juliante,
1945 673 2040 742 qui

493 754 681 807 iisdem
717 752 1143 808 Dominicalibus
1176 753 1371 809 litteris
1401 755 1767 817 instruuntur.
1800 759 1907 818 Sed
1956 762 2042 818 in-

490 841 656 896 dictio
711 840 828 905 XII,
876 857 1036 912 quam
1086 842 1253 897 natali
1279 842 1486 902 Christi
1520 846 1788 907 Maximus
1821 867 2039 907 accom-

490 932 689 995 modat,
715 948 914 986 annum
949 932 1139 987 suadet
1168 932 1327 1001 4722,
1362 951 1472 1006 quo
1527 936 1773 995 Romana
1812 942 2039 1000 indictio

486 1030 603 1077 erat
640 1022 695 1076 in
739 1037 905 1078 cursu
943 1039 1018 1077 xu
1052 1039 1082 1077 a
1109 1021 1391 1095 Januario,
1424 1027 1507 1083 vel
1559 1043 1590 1082 a
1619 1027 1833 1097 Martio,
1876 1031 2039 1103 Apri-

485 1114 609 1180 Iive,
660 1121 719 1170 ut
764 1125 918 1186 putat
963 1115 1247 1173 Maximus.
1292 1117 1382 1173 Sic
1420 1118 1475 1173 in
1517 1120 1787 1192 baptismo
1832 1122 2035 1181 Christi

485 1220 549 1261 ac
586 1207 839 1277 passione
872 1207 1019 1263 labes
1064 1207 1249 1262 eadem
1300 1208 1540 1279 computi
1572 1212 1832 1277 cernitur,
1865 1214 2037 1284 siqui-

485 1296 605 1353 dem
640 1312 761 1370 cap.
819 1296 1014 1351 XXXII
1058 1298 1385 1370 baptizatum
1432 1316 1463 1354 a
1503 1299 1712 1358 Joanne
1756 1303 2035 1361 Christum

484 1396 748 1442 memorat
788 1404 930 1444 anno
967 1389 1127 1454 5530,
1168 1389 1303 1446 feria
1334 1406 1413 1446 ιιι.
1451 1391 1593 1462 Ergo
1626 1393 1804 1449 littera
1850 1394 2034 1450 Domi-

484 1481 596 1534 nic.
629 1479 691 1545 D,
724 1479 950 1548 adjectis
984 1495 1111 1535 xxix
1138 1481 1205 1536 ad
1240 1496 1362 1537 eum
1386 1498 1611 1551 annum,
1642 1500 1750 1554 quo
1780 1486 2034 1540 incarna-

482 1577 572 1623 tus
607 1576 711 1624 est.
748 1567 902 1623 Unde
924 1574 1008 1624 est
1037 1568 1127 1624 hic
1163 1584 1340 1626 annus
1362 1572 1566 1642 periodi
1599 1572 1829 1630 Juliante
1870 1575 2031 1643 4752,

481 1675 589 1729 quo
618 1660 685 1715 ad
715 1675 940 1715 vernum
998 1675 1171 1731 usque
1225 1676 1467 1718 mensem
1524 1663 1804 1720 labebatur
1854 1680 2031 1721 annus

481 1750 694 1805 Maximi
719 1751 857 1808 5550
890 1758 944 1807 et
980 1751 1110 1807 δεδι
1154 1753 1275 1809 inde
1311 1755 1595 1811 successit.
1642 1755 1776 1811 Item
1815 1758 2029 1828 passio-
2062 1734 2104 1794 Β

482 1859 602 1899 nem
639 1844 844 1900 Christi
883 1844 1106 1915 conjicit
1134 1846 1191 1900 in
1240 1861 1441 1905 annum
1471 1846 1634 1912 5554,
1656 1862 1720 1903 ac
1754 1847 1898 1904 diem
1925 1847 2030 1903 Pa-

478 1950 757 1998 rasceves:
807 1952 925 2008 quae
953 1938 1167 2010 quidem
1201 1937 1378 1993 Martii
1420 1954 1555 1994 xxm
1590 1938 1838 2011 contigit,
1870 1947 1932 1995 ut
1963 1956 2029 1996 ex

478 2020 708 2095 Georgio
754 2040 878 2080 mox
928 2027 1268 2098 probabitur,
1298 2027 1480 2082 littera
1522 2026 1785 2083 Dominic.
1831 2028 2032 2084 G.Ita-

476 2127 583 2182 que
609 2128 783 2195 annus
821 2114 924 2170 fuit
953 2117 1161 2187 periodi
1192 2116 1419 2173 Juliauae
1445 2118 1607 2173 4755.
1655 2117 1787 2186 Quae
1815 2118 2031 2177 Graeco-

475 2218 596 2258 rum
623 2210 1026 2263 sententia'non
1059 2209 1229 2280 magis
1259 2209 1464 2280 reliqua
1498 2211 1565 2265 ab
1597 2210 1844 2281 historia,
1866 2228 2027 2284 quam

476 2295 543 2349 ab
565 2297 870 2368 evangelica
898 2300 1211 2355 narratione
1235 2300 1524 2371 discrepat.
1561 2301 1696 2358 Nam
1727 2304 1928 2360 Tiberii
1960 2321 2027 2361 xv

476 2384 588 2440 fere
616 2386 919 2456 baptizatus
946 2397 1031 2444 est
1064 2389 1345 2458 Christus;
1379 2399 1433 2446 et
1463 2391 1652 2447 eodem
1690 2393 2022 2464 imperante,

473 2476 656 2540 tertio,
683 2486 945 2548 quartove
977 2494 1120 2534 anno
1150 2491 1334 2551 postea
1358 2497 1554 2552 passus
1581 2502 1595 2537 :
1624 2491 1680 2539 at
1715 2500 1779 2539 ex
1808 2485 2024 2542 Maximi

472 2576 726 2637 computo
756 2569 1020 2640 sequitur,
1048 2570 1177 2627 Caio
1215 2572 1514 2643 imperante
1544 2582 1599 2631 et
1630 2576 1748 2647 ejus
1778 2592 1921 2633 anno
1941 2594 2026 2634 se-

472 2660 650 2713 cundo
674 2660 740 2714 ad
767 2660 1097 2731 baptismum
1127 2662 1355 2721 Joannis
1386 2668 1684 2726 accessisse
1737 2670 2021 2728 Dominum

470 2758 524 2804 et
568 2767 787 2822 passum
840 2770 961 2811 esse
992 2754 1204 2813 Claudii
1252 2760 1527 2816 secundo:
1576 2779 1696 2834 qua:
1742 2775 1870 2820 sunt
1929 2765 2024 2821 ab-

472 2843 816 2899 surdissima.

541 2931 807 3006 Georgius
856 2935 1140 3008 Syncellus
1186 2939 1242 2995 in
1300 2941 1485 2999 eadem
1546 2953 1630 3001 est
1682 2962 1846 3003 causa
1896 2965 2018 3005 cum

2142 500 2262 540 rum
2292 489 2475 537 mente
2527 480 2576 535 is
2620 491 2742 533 esse
2786 473 2943 529 debet
2984 489 3104 528 tene
3166 481 3370 529 nostra:
3419 473 3545 528 285.
3604 472 3698 531 Sic

2140 558 2498 645 'I‘heOphanes
2542 566 2885 625 Constantini
2935 565 3144 621 obitum
3189 565 3356 621 refert
3406 566 3461 620 in
3490 580 3698 620 annum

2139 666 2324 721 mundi
2350 663 2510 729 5829,
2538 658 2931 716 lncaruationis
2954 657 3093 713 329:
3148 673 3308 728 quem
3355 666 3567 713 certum
3612 668 3699 713 est

2138 772 2258 813 εει-ω
2285 754 2589 811 communis
2621 766 2764 807 anno
2791 749 2897 803 557
2936 748 3213 804 incidisse.
3246 748 3459 804 Rursus
3489 746 3693 802 Valen-

2139 850 2332 905 tiniani
2362 846 2642 904 exordium
2686 842 2899 900 confert
2953 842 3009 897 in
3062 857 3262 896 annum
3310 840 3500 895 mundi
3555 841 3698 896 5857

2136 948 2455 1005 exeuntem;
2489 945 2746 1007 sequente
2770 948 2892 988 mox
2920 932 3079 997 5858,
3114 934 3371 1003 quoniam
3400 930 3696 987 Februario

2135 1039 2351 1086 creatus
2379 1036 2464 1084 est
2496 1028 2822 1098 imperator;
2858 1024 3061 1081 Christi
3093 1035 3269 1079 autem
3290 1033 3563 1095 computat
3586 1025 3697 1081 557

2136 1119 2319 1176 itidem
2350 1124 2659 1175 exeuntem.
2698 1114 2998 1171 Discrimen
3031 1130 3296 1169 annorum
3348 1113 3399 1177 7,
3431 1116 3698 1185 quemad-

2134 1210 2354 1267 modum
2394 1218 2449 1266 et
2490 1209 2545 1264 in
2590 1221 2734 1262 anno
2766 1205 2981 1262 concilii
3008 1205 3504 1273 Chalcedonensis,
3543 1209 3698 1277 quod

2136 1317 2280 1357 anno
2311 1300 2501 1356 mundi
2546 1299 2707 1365 5944,
2754 1298 3054 1353 indictione
3082 1315 3115 1352 v
3150 1298 3480 1354 celebratum
3505 1297 3693 1366 docet,

2134 1409 2278 1450 anno
2306 1392 2510 1451 Christi
2549 1392 2677 1447 444.
2708 1391 2871 1462 Atqui
2904 1405 3048 1446 anno
3080 1390 3178 1445 451
3226 1407 3347 1447 απαξ
3376 1402 3581 1449 nostra:
3608 1403 3699 1448 est

2133 1485 2397 1551 habitum,
2428 1483 2509 1540 sic
2546 1497 2655 1537 uno
2683 1481 2955 1537 interdum
2980 1496 3123 1535 anno
3157 1480 3227 1535 ab
3259 1483 3505 1536 instituta
3526 1482 3699 1537 ειη-οο

2132 1574 2352 1646 nologia
2382 1572 2739 1642 Theophanes
2770 1571 3023 1626 aberrat:
3055 1584 3119 1624 ac
3162 1576 3367 1640 septem
3415 1585 3693 1627 annorum

2131 1662 2508 1722 tantummodo
2539 1662 2833 1718 discrimen
2868 1660 3031 1727 facit;
3062 1675 3185 1715 cum
3218 1668 3342 1716 octo
3363 1676 3489 1717 esse
3515 1678 3696 1719 anno-

2131 1772 2250 1812 rum
2278 1759 2524 1827 Oporteat
2545 1768 2613 1809 ex
2640 1752 2786 1808 illius
2806 1752 3106 1808 ratiociniis
3129 1770 3142 1804 :
3168 1751 3324 1821 cujus
3349 1753 3489 1807 ratio
3504 1769 3574 1810 ex
3601 1756 3694 1820 iis,

2130 1864 2250 1921 quae
2288 1848 2355 1904 de
2389 1861 2655 1901 annorum
2696 1845 2869 1903 initiis
2899 1845 2955 1900 in
2992 1860 3136 1900 anno
3170 1843 3388 1901 Juliano
3416 1847 3693 1913 dicentur,

2131 1948 2404 2012 utcunque
2430 1938 2720 1994 constabit.

2198 2054 2277 2109 Ex
2323 2053 2409 2110 his
2434 2052 2688 2108 omnibus
2715 2050 2862 2122 quod
2911 2051 3066 2107 initio
3102 2052 3386 2123 posuimus
3435 2052 3693 2116 efﬁcitur,

2128 2147 2290 2202 trium
2327 2160 2559 2201 terarum
2587 2143 2723 2199 duas
2750 2141 3188 2200 lncarnationem
3216 2144 3423 2201 Christi
3455 2145 3698 2204 diversis

2127 2235 2284 2290 annis
2326 2234 2619 2307 attingere;
2652 2248 2717 2288 ac
2750 2233 2972 2305 prioris,
3001 2250 3121 2305 qua:
3146 2234 3280 2290 5501
3341 2244 3515 2306 putat,
3554 2236 3692 2292 ulti-

2127 2342 2273 2381 mum
2301 2327 2591 2382 convenire
2613 2324 2819 2381 Christi
2865 2339 3009 2380 anno
3039 2339 3221 2393 nono;
3254 2327 3484 2384 alterius
3526 2343 3686 2392 vero,

2125 2433 2245 2488 qua:
2269 2417 2406 2473 5493
2432 2425 2696 2481 numerat,
2728 2431 2872 2471 anno
2898 2418 3074 2488 primo
3098 2436 3113 2472 :
3135 2420 3378 2489 adeoque
3401 2436 3504 2474 non
3534 2421 3685 2477 duos

2126 2510 2351 2565 annales
2406 2519 2721 2579 computos;
2765 2508 2862 2564 sed
2913 2524 3082 2565 unum
3128 2519 3182 2565 et
3235 2512 3473 2566 eumdem
3530 2528 3679 2569 esse.

2124 2602 2338 2658 Etenim
2395 2616 2600 2656 annum
2652 2599 2975 2656 Christianae
3035 2602 3120 2655 vel
3174 2600 3511 2673 Dionysianze
3557 2619 3687 2659 am

2123 2694 2357 2763 primum
2387 2699 2618 2762 uterque
2645 2698 2934 2763 computus
2955 2691 3097 2748 5495
3121 2701 3372 2748 numerat
3398 2714 3414 2749 :
3442 2710 3543 2749 nec
3576 2712 3688 2750 non

2123 2801 2328 2840 annum
2392 2784 2638 2853 ejusdem
2701 2798 2825 2838 atra:
2878 2798 3084 2839 nonum
3147 2793 3379 2854 uterque
3440 2798 3692 2842 recenset

2122 2877 2280 2933 5501.
2314 2875 2523 2946 Quippe
2553 2875 2621 2930 de
2653 2889 2797 2931 anno
2823 2887 3076 2931 currente
3105 2877 3288 2931 mundi
3319 2876 3387 2931 ad
3430 2877 3689 2933 Incarna-

2122 2968 2289 3023 tionis
2314 2982 2518 3021 annum
2541 2966 2939 3035 assequendum
2975 2968 3186 3036 priores
3213 2984 3387 3023 annos
3419 2968 3565 3024 5500
3593 2971 3690 3025 deo

471 3020 723 3137 Maximo.
758 3024 889 3080 Nam
938 3034 1018 3131 et.
1047 3044 1267 3097 passum
1317 3048 1438 3090 esse
1471 3036 1584 3089 vult
1613 3036 1889 3137 Christum
1917 3057 2018 3137 xm
2050 3077 2095 3137 ο
2127 3020 2391 3123 gahﬁm;
2429 3020 3071 3127 ροειθιίίοῖιθξδιθὲίθι
3107 3072 3217 3129 quo
3269 3058 3448 3129 major
3498 3059 3685 3129 hujus,

471 3113 682 3182 Martii,
748 3119 1116 3195 resurrexisse
1175 3138 1304 3178 vero
1380 3142 1506 3191 xxv,
1565 3131 1741 3186 aetatis
1808 3134 2021 3203 expleto

471 3221 665 3275 xxxiii,
695 3222 837 3262 anno
863 3209 932 3266 ab
953 3211 1160 3267 Adamo
1188 3214 1469 3273 desinente
1506 3218 1666 3284 5555,
1717 3229 1772 3278 et
1804 3223 2021 3282 ineunte

469 3297 609 3353 5554
663 3315 731 3354 ex
778 3315 829 3355 a.
884 3300 938 3356 d.
981 3319 1075 3357 vin
1117 3304 1343 3360 Kalend.
1398 3307 1567 3378 April.
1621 3311 1880 3369 Praeterea
1922 3331 2021 3371 an-

468 3402 597 3440 num
620 3389 810 3445 mortis
832 3389 1124 3447 Alexandri
1161 3394 1335 3466 Magni
1358 3408 1606 3455 numerat
1634 3403 1822 3458 mundi
1857 3404 2016 3468 5l70.

471 3477 632 3548 idque
661 3479 716 3534 in
741 3482 995 3539 confesso
1021 3486 1095 3539 ait
1123 3494 1262 3558 apud
1302 3506 1491 3546 omnes
1520 3507 1661 3548 esse.
1694 3493 1761 3548 At
1790 3494 2019 3567 Augusti

469 3571 797 3627 monarchia:
845 3575 1096 3645 primum,
1143 3594 1262 3649 qua:
1299 3595 1441 3637 anno
1473 3592 1595 3653 post
1622 3594 1850 3643 mortem
1891 3587 2019 3643 Julii

468 3658 639 3714 altero
695 3666 881 3731 cmpit,
930 3681 1051 3721 esse
1090 3666 1258 3734 5458;
1308 3670 1552 3739 ejusdem
1612 3690 1741 3730 vero
1790 3687 2017 3732 mortem

464 3751 760 3822 contigisse
788 3755 929 3811 inter
971 3757 1107 3813 5514
1133 3767 1185 3813 et
1232 3761 1392 3825 55I5,
1425 3779 1548 3818 cum
1585 3763 1834 3821 Christus
1854 3784 2020 3837 prope

467 3842 735 3899 decimum
768 3847 1017 3916 quintum
1068 3854 1244 3908 aetatis
1286 3869 1487 3910 annum
1528 3865 1729 3928 ageret.
1760 3857 2019 3915 Intervalo

467 3935 577 3988 lum
630 3936 699 3992 ab
748 3952 892 3993 anno
939 3940 1079 3997 5170
1112 3943 1165 3997 in
1210 3961 1371 4015 quem
1404 3945 1583 4002 Thoth
1625 3947 1858 4022 Philippi
1887 3968 2020 4007 con-

462 4027 628 4095 gruit,
656 4029 722 4083 ad
751 4030 888 4086 5458
915 4035 1241 4091 monarcbia:
1268 4037 1520 4108 Augusti,
1554 4048 1682 4094 sunt
1712 4043 1837 4097 anni
1872 4043 1976 4099 238
2000 4064 2015 4114 ;

463 4136 602 4189 quos
637 4122 685 4177 si
714 4123 993 4183 addideris
1029 4127 1098 4182 ad
1141 4145 1341 4184 annum
1374 4133 1579 4201 periodi
1600 4131 1830 4192 Juliante
1856 4136 2015 4202 4590,

460 4228 569 4281 quo
604 4222 848 4272 mortuus
887 4226 970 4272 est
1008 4219 1312 4276 Alexander
1344 4222 1590 4294 Magnus,
1621 4226 1817 4284 contiet
1845 4244 2019 4286 annus

457 4304 619 4369 4678,
656 4307 859 4376 quiest
898 4320 1118 4373 octavus
1162 4323 1284 4383 post
1330 4325 1554 4371 mortem
1579 4315 1708 4372 Julii
1740 4318 2015 4377 Caesaris:

460 4413 581 4468 quae
615 4413 757 4454 anno
789 4400 929 4456 4670
956 4402 1146 4457 incidit

530 4490 742 4547 Rursus
766 4494 1108 4549 intervallum
1136 4497 1205 4553 ab
1234 4512 1376 4555 anno
1399 4501 1536 4555 5458
1582 4501 1649 4556 ad
1677 4503 1837 4569 55i5,
1868 4519 2016 4559 mor—

458 4586 531 4638 tis
574 4584 826 4654 Augusti,
867 4586 996 4640 anni
1035 4587 1104 4643 57
1132 4606 1146 4656 ;
1178 4605 1317 4660 quos
1355 4592 1399 4646 si
1448 4592 1515 4646 ad
1550 4608 1750 4648 annum
1805 4598 2014 4667 periodi

464 4673 686 4727 iulianm
720 4673 860 4731 4678
888 4676 1136 4746 adjicias,
1168 4681 1582 4739 exsistetanuus
1609 4686 1815 4755 periodi
1838 4686 2012 4743 Julia-

458 4778 541 4817 me
594 4763 755 4827 4755,
809 4782 918 4836 quo
981 4783 1239 4826 excessus
1273 4771 1501 4843 Augusti
1550 4776 1795 4846 contigit.
1850 4779 2015 4850 Atqui

457 4858 711 4912 convenit
731 4857 876 4913 hunc
922 4875 1065 4915 anno
1104 4864 1309 4931 periodi
1340 4864 1571 4923 Juliauae
1620 4868 1759 4922 4727
1790 4870 2011 4927 obiisse.

459 4947 629 5016 Igitur
654 4949 812 5004 anuis
834 4956 957 5007 octo
988 4966 1169 5006 veram
1188 4956 1445 5025 epocham
1473 4968 1714 5013 moratur
1729 4960 2013 5031 Georgius.

531 5038 667 5095 Hinc
696 5041 828 5096 illud
859 5044 1079 5123 accidit,
1109 5053 1166 5098 ut
1205 5046 1262 5100 in
1297 5051 1581 5107 annalibus
1621 5050 1837 5123 Georgii
1871 5052 2014 5126 Syn-

460 5130 604 5195 celli,
654 5140 709 5187 et
751 5133 846 5202 qui
875 5134 995 5203 ejus
1043 5136 1381 5194 continuavit
1425 5155 1584 5211 Opus,
1625 5139 2011 5214 Theophanis;

461 5236 561 5275 nec
605 5238 715 5276 non
753 5224 916 5294 hujus
965 5225 1279 5300 interpretis
1326 5231 1597 5300 Miscellaa,
1636 5236 1765 5290 anni
1813 5236 2013 5295 Christi

457 5322 584 5365 octo
615 5314 797 5371 minus
836 5317 1119 5390 colligant,
1170 5338 1334 5393 quam
1381 5339 1490 5379 aera
1522 5328 1867 5386 communis:
1912 5347 2030 5405 nec

455 5411 614 5459 auter
664 5407 928 5466 Maximus
961 5412 1215 5469 instituit.
1248 5412 1345 5471 Hic
1376 5419 1521 5473 enim
1544 5417 1779 5477 Heraclii
1808 5438 2012 5481 annum

455 5511 586 5552 xxxi
618 5512 739 5552 cum
772 5518 915 5557 anno
945 5503 1143 5560 Christi
1180 5507 1284 5562 65⁸5
1307 5511 1582 5580 componit
1612 5511 1666 5566 in
1690 5529 1836 5568 anno
1861 5531 2013 5571 com-

454 5588 637 5677 mimis
673 5605 792 5646 tenve
825 5594 959 5662 641,
991 5605 1050 5649 ιιι
1084 5599 1246 5666 paulo
1294 5611 1415 5669 post
1454 5603 1688 5659 dicetur.
1743 5604 2010 5677 Georgius

451 5687 508 5733 et
549 5676 902 5752 Timophanes
954 5701 1154 5741 annum
1198 5691 1371 5758 primu
1416 5712 1424 5731 ι
1460 5692 1779 5749 Diocletiani
1823 5699 2007 5789 mundi

2119 3164 2283 3219 quam
2346 3149 2516 3213 illius,
2583 3148 2830 3204 calculus
2892 3148 3143 3204 efﬁcitur.
3202 3149 3398 3207 Annus
3450 3150 3688 3221 exempii

2119 3254 2286 3296 causa
2324 3239 2513 3294 mundi
2550 3238 2693 3310 apud
2726 3237 3017 3295 Maximum
3045 3240 3184 3295 5155
3221 3240 3481 3298 detractis
3522 3242 3688 3305 5500,

2118 3332 2222 3386 erit
2265 3331 2334 3386 ab
2384 3328 2765 3387 Incarnatione
2794 3330 2917 3387 655.
2953 3329 3212 3387 Deductis
3232 3347 3362 3387 vero
3389 3332 3549 3397 5492,
3585 3348 3689 3402 pu-

2119 3422 2323 3477 tabitur
2361 3421 2485 3485 641,
2525 3422 2593 3477 ad
2654 3437 2816 3493 quem
2875 3438 3063 3478 revera
3124 3423 3392 3481 Maximus
3417 3434 3687 3496 perpetuo

2117 3523 2424 3585 reSpectum
2455 3513 2669 3569 habuit.
2706 3513 2895 3586 Itaque
2924 3515 2978 3569 in
3023 3516 3182 3572 annis
3232 3518 3421 3572 mundi
3450 3533 3682 3575 conseri.

2118 3605 2260 3659 tiunt
2287 3606 2448 3660 ambo
2477 3606 2740 3676 computi,
2769 3607 2823 3661 in
2852 3607 3011 3664 annis
3041 3608 3439 3665 Iucarnationis
3467 3609 3680 3666 dissen-

2117 3693 2278 3748 tiunt.
2303 3692 2420 3747 Non
2476 3694 2676 3749 debent
2710 3694 2873 3765 igitur
2916 3695 3103 3752 mundi
3132 3711 3254 3753 tere
3301 3699 3387 3753 vel
3415 3699 3679 3769 computi,

2117 3786 2327 3842 censeri
2357 3787 2498 3854 duo;
2529 3787 2622 3843 sed
2651 3802 2794 3842 unus
2822 3786 3115 3855 duntaxat;
3141 3788 3300 3860 cujus
3335 3788 3403 3844 ad
3433 3790 3682 3849 diversos

2117 3893 2290 3935 annos
2336 3877 2537 3933 Christi
2577 3876 2981 3952 ὲνανθρώπησις
3011 3880 3282 3950 alligatur.
3329 3881 3509 3949 Quare
3558 3883 3683 3940 dua

2117 3980 2352 4037 tantum,
2387 3970 2530 4041 quod
2558 3970 2892 4035 dicebamus,
2916 3972 3200 4041 praecipuae
3227 3982 3354 4028 sunt
3386 3989 3508 4029 atrae
3532 3972 3683 4030 Gr»

2117 4078 2325 4128 corum,
2356 4078 2546 4133 nempe
2582 4078 2712 4127 una,
2744 4063 2903 4133 cujus
2930 4065 2986 4119 in
3024 4078 3228 4120 annum
3275 4065 3414 4121 5495
3465 4067 3681 4138 primus

2117 4168 2294 4207 annus
2326 4166 2447 4208 tera:
2484 4151 2842 4223 Dionysianae,
2894 4153 2979 4209 vel
3021 4154 3327 4211 communis
3380 4158 3672 4225 congruit:

2115 4251 2170 4299 et
2191 4244 2378 4306 altera,
2414 4258 2535 4312 quae
2581 4243 2830 4299 eumdem
2862 4258 3064 4298 annum
3119 4254 3372 4300 numerat
3426 4246 3497 4302 ab
3542 4248 3675 4303 orbe

2117 4334 2336 4389 condito
2365 4332 2525 4390 5509.
2549 4332 2857 4390 Posteriore
2879 4334 2978 4389 hac
3004 4333 3225 4392 Isaacus
3243 4338 3543 4393 monachus
3566 4338 3674 4392 uti-

2046 4419 2089 4474 D
2120 4436 2240 4493 tur;
2269 4426 2363 4497 qui
2420 4441 2540 4496 cap.
2588 4422 2657 4481 III
2686 4412 2926 4499 computi
2954 4443 3154 4484 annum
3186 4430 3371 4485 mundi
3400 4429 3535 4486 6881
3572 4447 3672 4485 nu-

2117 4527 2291 4575 merat
2334 4534 2480 4580 eum,
2535 4518 2628 4589 qui
2675 4520 3035 4590 aSeptembri
3085 4523 3249 4592 carpit
3302 4524 3429 4578 anni
3470 4522 3672 4579 Christi

2118 4608 2278 4674 1572,
2311 4624 2422 4680 quo
2452 4624 2595 4664 anno
2644 4608 2897 4668 Octobris
2925 4629 3074 4679 xxvi,
3129 4612 3262 4670 feria
3310 4630 3371 4668 ιιι
3411 4616 3667 4685 contigit;

2114 4700 2339 4771 proinde
2361 4701 2538 4755 littera
2556 4700 2594 4756 C
2618 4700 2738 4763 fuit,
2754 4717 2815 4755 ac
2834 4704 3087 4758 nimirum
3106 4719 3281 4761 annus
3299 4705 3502 4763 Christi
3516 4707 3664 4764 i372.

2115 4789 2359 4861 Demptis
2389 4790 2527 4845 5508
2555 4791 2621 4847 de
2649 4792 2808 4854 6881,
2843 4794 3033 4864 reliqui
3065 4804 3193 4850 sunt
3234 4797 3392 4863 1575,
3422 4799 3666 4870 quando-

2114 4880 2331 4950 quidem
2386 4896 2563 4936 annus
2617 4881 2925 4938 Graecorum
2982 4885 3115 4941 6881
3166 4888 3362 4958 majori
3393 4891 3480 4947 sui
3513 4899 3663 4961 parte

2115 4984 2240 5024 cum
2272 4965 2409 5026 1575
2431 4971 2635 5027 Christi
2654 4976 2961 5042 concurrit;
2991 4984 3083 5031 aut
3103 4992 3133 5031 a
3162 4993 3332 5033 verno
3358 4996 3542 5037 mense
3566 4998 3663 5037 an-

2113 5062 2172 5117 ni
2223 5062 2465 5131 ejusdem
2504 5078 2570 5119 ex
2616 5066 2888 5121 communi
2916 5068 3171 5125 methodo
3211 5070 3428 5127 illorum
3457 5071 3663 5142 incipit,

2114 5153 2194 5208 uti
2221 5169 2346 5210 mox
2372 5156 2670 5212 ostendam.
2690 5155 2952 5213 Praeterea
2978 5157 3120 5215 Gaza
3139 5161 3274 5218 libro
3289 5160 3365 5218 De
3383 5164 3661 5227 menibus,

2113 5257 2215 5314 cap
2243 5242 2386 5312 XXI,
2419 5259 2617 5299 annum
2647 5242 2852 5299 Christi
2881 5244 3245 5302 Romanorum
3276 5248 3485 5303 calculo
3505 5248 3659 5309 1470.

2113 5333 2191 5387 ait
2216 5349 2247 5389 a
2277 5333 2480 5391 Graecis
2507 5335 2685 5407 putari
2715 5336 2903 5391 mundi
2935 5336 3092 5394 6978.
3127 5336 3289 5393 Deme
3319 5353 3492 5394 annos
3523 5339 3663 5394 5508

2112 5433 2321 5480 restant
2373 5426 2529 5482 1470.
2563 5425 2827 5492 Quocirca
2862 5442 3009 5492 cum,
3048 5437 3109 5484 ut
3145 5429 3303 5484 initio
3338 5430 3534 5501 capitis
3561 5430 3663 5484 hu-

2108 5516 2198 5586 jus
2246 5517 2602 5584 ostendimus,
2652 5518 2851 5574 diversi
2899 5520 2978 5575 illi
3021 5523 3258 5591 computi
3312 5529 3661 5587 censeantur,

2111 5609 2201 5681 qui
2236 5610 2300 5664 ad
2328 5611 2575 5668 eumdem
2609 5628 2809 5668 annum
2833 5629 2954 5671 tera.-
2979 5625 3178 5673 nostrae
3209 5614 3454 5689 diversas
3490 5631 3664 5671 anno-

2112 5716 2230 5757 rum
2279 5716 2521 5758 summas
2560 5704 2850 5775 colligunt;
2893 5704 2999 5759 duo
3051 5711 3199 5771 sunt,
3238 5721 3345 5761 non
3397 5713 3530 5770 tres,
3585 5706 3660 5760 illi
