4036 6218
265 349 393 399 Μυῒ

261 572 383 611 mus
418 571 622 611 annum
652 571 796 619 eum,
827 557 916 623 qui
952 556 1160 624 primus
1186 563 1270 610 est
1315 571 1436 610 ante
1468 567 1687 621 nostrae,
1718 573 1819 610 nu-

261 655 435 700 merat
484 647 553 700 ab
586 645 792 699 Adamo
821 644 992 710 5495;
1025 645 1291 715 posterior
1317 645 1478 708 5509,
1513 660 1612 700 nec
1637 646 1820 716 plures

259 735 570 791 Grecorum
601 735 805 804 antiqui
836 735 1170 804 computista:
1198 747 1528 791 memorant:
1553 737 1644 806 qui
1675 736 1822 806 prio-

258 841 372 880 rem
400 834 594 881 vocant
643 824 782 878 κατὰ
812 824 1221 896 Ἀλεξανδρέας,
1259 842 1358 883 nos
1399 812 1819 882 Alexandrinam

255 915 616 984 appellemus;
639 915 992 984 posteriorem
1023 915 1163 968 κατὰ
1203 917 1528 988 Ῥωμαῖους,
1553 933 1652 972 nos
1677 917 1821 972 Con-

255 1004 823 1074 stantinopolitauam,
859 1019 890 1058 a
922 1019 1063 1059 nova
1116 1004 1290 1061 Roma
1339 1008 1704 1063 nominemus.
1740 1007 1819 1062 Ita

256 1096 614 1168 Theophanes
647 1113 753 1152 non
778 1111 885 1151 uno
913 1097 1052 1151 loco.
1076 1096 1144 1150 At
1173 1096 1421 1168 Scaliger
1455 1107 1624 1153 novas
1654 1113 1819 1168 quas-

255 1188 379 1242 dam
419 1188 496 1240 uti
530 1188 768 1242 rationes
800 1201 1032 1241 :erarum
1082 1187 1331 1251 istarum,
1375 1189 1456 1245 sic
1501 1188 1819 1257 appellatio-

255 1293 352 1330 nes
397 1277 743 1346 excogitavit,
781 1285 1043 1344 utrasque
1073 1285 1252 1330 autem
1281 1275 1507 1341 alienas,
1538 1284 1593 1332 et
1622 1277 1818 1332 absur-

254 1369 375 1431 das,
406 1382 540 1436 quas
564 1367 657 1422 lib.
693 1366 761 1419 IX
789 1365 865 1420 De
878 1366 1119 1420 doctrina
1147 1377 1457 1436 temporum,
1490 1381 1611 1438 cap.
1636 1366 1701 1433 V,
1731 1383 1817 1424 re-

256 1457 512 1523 fellimus,
563 1472 627 1512 ac
675 1457 743 1512 de
772 1457 841 1512 iis
881 1457 1041 1528 paulo
1071 1466 1194 1527 post
1215 1457 1411 1512 iterum
1429 1472 1671 1528 agemus.
1697 1457 1816 1512 Erit

251 1548 346 1616 qui
377 1546 445 1600 ad
477 1546 598 1601 illas
626 1545 762 1602 duas
790 1548 1008 1600 tertiam
1032 1555 1185 1616 putet
1233 1546 1658 1618 adjungendam,
1693 1563 1814 1618 qua:

249 1653 452 1691 annum
478 1636 892 1702 lncarnationis,
919 1647 973 1694 et
995 1639 1193 1693 natalis
1215 1646 1493 1708 computat
1520 1641 1590 1694 ab
1606 1638 1814 1692 Adamo

250 1728 410 1790 5507,
436 1724 598 1798 quam
623 1727 884 1783 adhibent
926 1736 1178 1784 auctores
1219 1729 1424 1799 aliqui,
1477 1737 1536 1784 ut
1575 1729 1811 1783 Alexan-

1240 343 1694 402 DISSERTATIO
1733 345 1820 400 DE
1851 346 2261 405 οιιΑισοιιιιιι
2301 347 2505 404 ΑΞΒΙΒ.

261 465 574 520 Graacurum
609 467 882 535 computi;
916 478 1148 534 quorum
1194 463 1362 534 prior,
1405 471 1459 520 et
1503 464 1820 534 antiquissi-
1846 472 1894 527 Λ

3346 353 3371 408 1
3388 353 3488 410 109

2529 462 2759 520 CAPUT
2803 463 2864 522 ll.

1920 600 1998 655 De
2026 611 2268 672 computo
2299 601 2483 654 annali
2510 612 2757 661 veterum,
2801 603 3054 672 imprimis
3086 603 3328 672 Africani
3376 621 3486 658 mc-

1994 671 2138 724 thodi
2188 673 2409 724 vinculis
2448 672 2639 724 soluto.
2687 671 2934 739 Ejusdem
2974 671 3217 741 Africani
3257 672 3483 728 Chroni-

1988 758 2106 795 cum
2135 756 2262 814 opus
2292 743 2616 814 illustratur.
2643 741 2819 796 Photii
2854 744 3108 798 obscurus
3141 743 3285 798 locus
3315 743 3483 814 expli-

1988 822 2162 866 catur.
2200 810 2342 866 Cesti
2371 811 2632 880 Africani.

1987 921 2212 978 Veteres
2243 923 2299 978 in
2341 922 2550 978 Graecia
2577 922 2876 980 Christiani
2908 924 2963 979 in
2992 924 3149 980 annis
3179 925 3247 979 ab
3273 924 3481 981 Adamo

1917 1015 2173 1086 putandis
2218 1016 2356 1079 sola,
2386 1030 2506 1086 qua:
2552 1015 2608 1069 in
2643 1017 2818 1072 sacris
2867 1015 3022 1071 libris
3047 1024 3282 1081 exstant,
3313 1016 3481 1072 inter-

1917 1107 2056 1161 valla
2087 1108 2442 1178 spectabant;
2489 1123 2589 1163 nec
2627 1108 2851 1164 annales
2877 1118 3164 1178 computos
3209 1123 3340 1164 suos
3369 1108 3478 1164 ulla

1917 1197 2228 1267 paschalem
2285 1197 2352 1252 ad
2409 1196 2724 1252 methodum
2777 1197 2979 1268 σχέσει,
3010 1198 3093 1252 vel
3120 1197 3352 1253 artificio
3377 1199 3480 1252 im-

1915 1289 2147 1360 plieatos
2191 1289 2506 1346 habebant:
2543 1291 2610 1345 ad
2639 1291 2784 1362 quod
2837 1288 3095 1360 deinceps
3140 1305 3480 1360 consequen-

1915 1381 2048 1435 tium
2078 1381 2200 1437 illos
2232 1391 2536 1453 temporum
2570 1383 2821 1438 formavit
2852 1381 3145 1437 industria.
3211 1380 3279 1438 Ut
3313 1382 3478 1452 igitur

1913 1473 2147 1544 quisque
2180 1475 2430 1545 pluribus
2463 1483 2558 1529 aut
2589 1473 2939 1545 paucioribus
2981 1474 3141 1529 anuis
3180 1473 3356 1544 spatia
3385 1473 3476 1528 illa

1913 1563 2259 1629 terminabat,
2295 1565 2372 1618 ita
2421 1564 2658 1634 majores
2701 1563 3008 1618 minoresve
3040 1578 3282 1634 summas
3320 1562 3477 1617 adhi-

1911 1652 2091 1716 bebat,
2125 1668 2233 1723 qua
2281 1653 2349 1708 de
2395 1654 2714 1724 opinionum
2761 1653 3024 1707 varietate
3055 1652 3261 1708 dictum
3304 1659 3388 1708 est
3417 1652 3474 1706 in

1913 1759 2058 1799 nono
2087 1743 2164 1798 De
2181 1743 2424 1798 doctrina
2453 1755 2764 1814 temporum,
2793 1758 2915 1813 cap.
2951 1741 3017 1797 ll.

247 1803 460 1872 άνῖὲιαηι
496 1819 814 1884 chronica";
863 1835 972 1874 uno
1001 1821 1183 1876 minds
1215 1818 1496 1876 Cedrenus
1535 1819 1810 1892 (938.144)
1845 1814 1885 1869 Β
1983 1832 2128 1888 Inter
2170 1833 2270 1889 has
2303 1834 2535 1890 celebris
2556 1803 2659 1888 illa
2698 1803 2802 1886 ιυίι
2850 1803 3094 1887 Africani
3140 1831 3370 1901 antiqui,
3419 1838 3475 1886 et

248 1915 342 1985 qui
370 1927 512 1967 anno
541 1913 680 1968 5506
705 1913 757 1966 id
789 1927 910 1968 esse
947 1912 1150 1967 factum
1181 1913 1400 1976 asserit,
1444 1919 1498 1967 et
1530 1912 1623 1982 qui
1669 1927 1814 1968 anno

247 2009 388 2064 5500
437 2016 614 2062 ortum
657 2008 904 2064 Christi:
950 2010 1261 2078 passionem
1307 2009 1463 2080 ,5555
1507 2011 1810 2082 assignant,

244 2109 434 2150 errare
454 2093 754 2149 contendit.
791 2094 894 2150 Sed
933 2095 1074 2150 hanc
1104 2110 1268 2149 seram
1301 2097 1369 2149 ab
1403 2095 1516 2160 illa,
1561 2112 1682 2166 quae
1729 2107 1814 2154 est

245 2187 440 2253 lsaaci,
501 2189 812 2260 discrepare
867 2205 975 2244 non
1037 2190 1293 2256 arbitror,
1350 2190 1445 2246 sed
1503 2191 1559 2244 in
1621 2191 1810 2247 eodem

244 2291 504 2352 computo
529 2282 803 2339 diversum
830 2297 1030 2337 annum
1055 2281 1422 2337 lncarnationi
1446 2283 1809 2353 praestituere,

246 2384 375 2443 puta
409 2375 629 2430 biennio
652 2389 816 2462 aeram
848 2389 1189 2430 communem
1213 2381 1568 2430 antevertere.

318 2534 429 2590 Etsi
484 2535 551 2590 de
593 2536 877 2590 amborum
934 2537 1152 2590 illorum
1198 2537 1472 2590 sententia
1507 2536 1640 2590 nihil
1671 2536 1808 2590 certi

243 2624 504 2693 Consequi
584 2639 909 2694 possumus,
989 2630 1278 2693 propterea
1336 2625 1480 2694 quod
1562 2625 1810 2693 imperite

241 2715 426 2768 omnia
458 2715 811 2783 permiscent,
844 2722 897 2769 et
923 2728 1018 2769 eos
1042 2714 1503 2769 characterismos
1529 2714 1806 2779 adhibent,

242 2806 335 2875 qui
412 2805 697 2858 conciliari
770 2805 1004 2860 invicem
1060 2814 1359 2875 nequeunt.
1425 2805 1500 2860 De
1562 2804 1810 2860 Claronici

244 2895 598 2950 Alexandrini
625 2895 745 2950 labe
775 2895 981 2950 dictum
1017 2902 1103 2951 est
1134 2897 1188 2950 in
1220 2893 1315 2950 Xll
1343 2894 1420 2949 De
1451 2894 1590 2950 doct.
1626 2906 1808 2965 temp.,

241 3004 363 3057 cap.
393 2987 460 3042 IV
486 3007 498 3044 :
526 2987 804 3044 Cedrenus
831 2987 991 3058 paulo
1027 2989 1200 3058 magis
1227 3003 1461 3045 concors
1487 2996 1569 3044 est
1598 3004 1804 3044 secum.

243 3078 438 3132 Natum
482 3080 1065 3155 asseveratIChristum
1097 3095 1243 3135 anno
1276 3080 1468 3136 mundi
1499 3080 1664 3145 5506,
1701 3078 1806 3134 De-

241 3170 444 3225 cembr.
478 3187 604 3234 xxv,
635 3171 771 3225 feria
803 3187 876 3227 tv.
922 3171 1048 3227 Fuit
1089 3187 1218 3244 ergo
1267 3173 1447 3227 littera
1495 3170 1558 3237 F,
1604 3181 1657 3227 et
1684 3187 1806 3227 esse

240 3268 422 3329 potest
453 3275 630 3315 annus
674 3260 883 3330 periodi
927 3259 1156 3316 Iuliana:
1187 3261 1348 3326 4711,
1404 3260 1625 3316 biennio
1681 3269 1807 3317 ante

249 3367 596 3409 communem
641 3367 826 3408 seram.
861 3351 1057 3408 Postea
1092 3354 1426 3422 baptizatum
1469 3368 1592 3410 esse
1639 3352 1808 3408 refert

241 3444 539 3500 indictione
573 3441 616 3508 l,
651 3457 796 3497 anno
831 3444 1019 3498 mundi
1074 3443 1234 3508 5556,
1269 3442 1515 3498 Januarii
1551 3459 1624 3511 vt,
1672 3442 1806 3498 feria

244 3550 316 3600 v;
348 3532 450 3587 fuit
483 3548 612 3603 ergo
640 3534 820 3587 littera
855 3532 917 3598 B,
938 3541 992 3590 et
1025 3533 1125 3588 hac
1153 3535 1362 3590 ratione
1390 3549 1568 3589 annus
1598 3533 1806 3604 periodi

241 3624 468 3679 Julianze
497 3624 668 3692 4742;
719 3625 810 3679 sed
843 3625 1068 3680 indictio
1117 3634 1246 3680 tunc
1289 3633 1406 3680 erat
1435 3641 1465 3679 a
1499 3623 1805 3694 Septembri

243 3723 294 3768 ct
324 3713 584 3768 Januario
617 3730 673 3769 ιι.
713 3713 910 3779 Verum
943 3723 1002 3770 ut
1031 3731 1059 3771 a
1090 3732 1255 3771 verno
1287 3732 1472 3772 mense
1499 3716 1677 3786 putari
1723 3720 1806 3770 in-

241 3806 428 3875 cipiat,
483 3806 656 3874 prima
709 3805 766 3860 in
815 3822 918 3861 usu
973 3815 1090 3861 erat
1141 3804 1500 3872 Januar.'vt;
1557 3804 1804 3874 sequenti

242 3913 386 3952 anno
439 3899 609 3963 5037,
665 3900 742 3952 ait
801 3898 983 3954 lunam
1014 3898 1277 3954 decimam
1313 3909 1559 3969 quartam
1630 3897 1803 3952 Martii

243 4008 415 4056 xxvii,
475 3992 606 4045 feria
650 4007 746 4045 vu.
796 3989 919 4046 Fuit
963 4006 1094 4062 ergo
1125 3991 1305 4045 littera
1342 3991 1403 4055 C,
1436 3991 1621 4061 cyelus
1663 3990 1804 4044 luna:

242 4098 296 4144 ιι,
330 4097 393 4135 ae
420 4080 647 4152 proinde
674 4081 901 4136 Iuliana:
927 4073 1134 4153 periodi
1171 4096 1347 4136 annus
1379 4081 1537 4144 47M,
1571 4081 1680 4134 ἄνω
1715 4097 1806 4132 πο-

241 4173 450 4244 ταμῶν,
496 4173 641 4243 quod
673 4174 845 4227 aiunt.
891 4174 1108 4228 Annum
1157 4173 1415 4243 denique,
1469 4187 1580 4243 quo
1606 4187 1802 4242 passus

241 4272 324 4319 est
351 4265 625 4330 Christus,
657 4266 734 4319 ait
776 4281 898 4321 esse
928 4266 1089 4331 5559,
1120 4281 1230 4336 quo
1263 4265 1441 4320 Martii
1475 4281 1637 4330 xxut,
1670 4263 1803 4319 feria

243 4371 294 4408 vt
330 4354 464 4421 fuit;
508 4367 560 4411 et
593 4358 802 4411 decima
845 4365 1035 4427 quarta
1087 4357 1268 4413 Martii
1317 4375 1464 4425 xxiv,
1515 4356 1650 4412 feria
1703 4372 1798 4412 vu.

243 4439 371 4493 Erat
404 4458 532 4512 ergo
574 4443 754 4498 littera
812 4441 877 4510 G,
923 4445 1108 4516 cycltts
1136 4462 1265 4502 vero
1318 4447 1460 4500 luna:
1505 4461 1601 4500 xm
1633 4465 1647 4501 :
1681 4461 1800 4516 quae

239 4544 551 4604 congruunt
603 4535 660 4589 in
706 4551 908 4591 annum
950 4538 1154 4606 periodi
1202 4537 1430 4594 Julianre
1474 4540 1615 4595 4744
1650 4557 1663 4594 :
1695 4556 1803 4613 quo

241 4642 434 4680 revera
465 4642 661 4695 passus
713 4636 797 4683 est
841 4643 909 4683 ex
962 4627 1249 4698 Epiphanii
1283 4638 1337 4684 et
1380 4631 1612 4685 aliorum
1656 4638 1806 4686 vete-

242 4731 362 4768 rum
416 4716 669 4784 opinione
719 4717 992 4774 Christus.
1048 4719 1410 4784 Quamobrem
1467 4719 1805 4775 lncarnatio-

242 4824 365 4862 nem
393 4807 604 4863 Domini
627 4809 906 4864 Cedrenus
930 4811 1165 4870 triennio
1194 4821 1317 4865 ante
1346 4811 1619 4881 vulgarem
1641 4827 1803 4865 aaram

242 4902 456 4971 posuit;
493 4901 800 4972 passionem
829 4912 1032 4967 autem,
1065 4918 1207 4956 anno
1234 4903 1477 4972 ejusdem
1511 4918 1632 4958 aara:
1654 4919 1801 4957 xxxr.

247 4991 397 5048 L’ude
432 5009 538 5047 non
569 5003 654 5049 est
694 4995 915 5060 mirum,
952 5010 1153 5049 annum
1187 4995 1337 5050 illum
1383 4993 1802 5062 lncarnationis,

242 5083 383 5139 5506
413 5085 481 5139 ab
508 5085 602 5138 illo
632 5087 809 5155 puta.'2
843 5087 896 5141 in
929 5103 1037 5142 tera
1066 5086 1692 5156 Constantinopolitana.
1745 5085 1803 5139 Si

239 5183 386 5236 enim
414 5189 527 5237 tres
560 5197 734 5238 annos
765 5182 1012 5252 adjicias,
1045 5183 1134 5238 fiet
1163 5198 1336 5238 annus
1369 5181 1508 5237 5509
1534 5183 1804 5237 Constan-

241 5271 672 5342 tin0politanus;
704 5270 932 5327 Juliana:
966 5272 1174 5342 periodi
1201 5272 1361 5335 4714,
1393 5271 1486 5342 qui
1519 5279 1602 5328 est
1639 5270 1802 5342 ipsis-

242 5363 415 5418 simus
447 5377 569 5417 atra:
620 5365 946 5420 communis.
1002 5361 1119 5416 Non
1178 5371 1261 5417 est
1309 5363 1474 5432 igitur
1516 5370 1803 5433 computus

241 5452 418 5520 alius;
451 5455 544 5510 sed
573 5454 815 5524 ejusdem
843 5455 1080 5524 computi
1127 5469 1299 5510 annos
1345 5455 1590 5511 diversos
1620 5458 1804 5511 lncar-

240 5546 450 5600 nationi
495 5545 766 5616 praafiniit.
817 5545 895 5600 Ex
943 5547 1025 5600 his
1071 5545 1230 5600 facile
1277 5554 1361 5602 est
1411 5547 1627 5602 odorari
1685 5565 1804 5618 qua:

244 5647 627 5709 computorum
679 5638 908 5694 istorum
958 5639 1111 5710 origo
1147 5638 1353 5696 fuerit:
1387 5640 1532 5711 quod
1585 5642 1638 5696 in
1687 5658 1800 5714 seq.

247 5747 365 5800 cap.
403 5731 786 5787 declarabitur.

1911 1923 2110 1978 eruditi
2141 1923 2479 1993 chronologi,
2511 1922 2603 1992 qui
2641 1920 2916 1976 Christum
2952 1935 3094 1976 anno
3126 1920 3309 1975 mundi
3336 1919 3470 1975 5501
3497 1939 3508 1943 -

1911 2015 2252 2070 inearnatum
2286 2030 2407 2070 esse
2427 2054 2442 2079 ,
2493 2029 2716 2084 passum
2746 2029 2876 2069 vero
2925 2010 3285 2080 555i,'a2tatis
3311 2011 3475 2066 trice-

1913 2106 2052 2159 simo
2103 2106 2280 2176 primo
2333 2105 2554 2160 circiter
2594 2107 2872 2161 asseruit:
2918 2113 2972 2159 et
3008 2105 3272 2175 originem
3327 2103 3476 2160 dedit

1911 2211 2034 2252 azrae
2085 2197 2188 2260 illi,
2246 2213 2407 2266 quam
2448 2197 2872 2251 Alexandrinam
2911 2196 3169 2266 appellari
3213 2196 3472 2253 diximus.

1911 2287 2081 2353 Quem
2113 2289 2260 2342 illius
2290 2297 2604 2358 computum
2654 2289 2798 2342 nacti
2844 2287 3071 2358 posteri,
3106 2288 3347 2343 auctoris
3387 2288 3474 2345 sui

1913 2379 2322 2448 chronologiam
2363 2379 2782 2449 interpolarunt,
2813 2393 2876 2432 ae
2910 2377 3211 2434 fmdissime
3253 2387 3476 2435 contur-

1911 2469 2124 2526 barunt.
2159 2467 2292 2522 Nam
2330 2469 2514 2524 decem
2544 2469 2766 2522 circiter
2797 2468 2956 2524 annis
2981 2470 3049 2524 ab
3078 2471 3200 2540 ejus
3227 2471 3438 2541 epocha
3457 2511 3473 2538 ,

1908 2576 1940 2616 a
1972 2560 2297 2632 Dionysiana
2345 2570 2524 2613 autem
2566 2566 2713 2621 octo,
2772 2558 2975 2615 Christi
3024 2559 3239 2615 Domini
3292 2561 3478 2616 lncar-

1909 2651 2184 2705 nationetn
2226 2649 2632 2704 abstraxerunt.
2665 2647 2721 2702 Id
2752 2664 2858 2718 qua
2892 2649 3106 2704 ratione
3131 2651 3203 2704 sit
3229 2648 3431 2705 factum
3455 2692 3471 2715 ,

1908 2750 1962 2797 et
1987 2757 2106 2810 qua:
2136 2741 2350 2796 sincera
2383 2740 2530 2794 illius
2559 2740 2745 2810 opinio
2783 2739 2970 2804 fuerit,
3001 2740 3334 2810 investigare
3365 2757 3473 2796 non

1906 2835 2033 2897 erit,
2083 2833 2300 2904 opinor,
2350 2832 2627 2887 alienum:
2674 2831 2784 2886 imo
2838 2846 2970 2886 vero
3019 2831 3362 2890 Graacanicas
3404 2833 3473 2888 ad

1906 2938 2043 2978 teras
2082 2922 2460 2992 intelligendas
2504 2920 2798 2991 plurimum
2841 2921 2988 2979 illius
3016 2921 3296 2993 inquisitio
3326 2924 3506 2994 utilia

1907 3017 2035 3071 tatis
2068 3014 2278 3070 afferet.

1981 3101 2182 3157 Scribit
2211 3102 2568 3176 Hieronymus
2593 3104 2646 3158 in
2683 3117 2845 3175 caput
2875 3122 2930 3160 Ix
2960 3104 3221 3169 Danielis.
3256 3105 3472 3160 Africa-

1907 3211 2038 3250 num
2079 3195 2422 3252 existimasse
2464 3195 2671 3251 Christi
2723 3194 2938 3251 Domini
2988 3196 3296 3267 passionem
3330 3211 3473 3251 anno

1909 3286 2099 3356 quinto
2121 3286 2335 3342 decimo
2375 3286 2578 3344 Tiberii
2613 3286 2847 3344 Caesaris
2877 3287 3145 3345 accidisse
3179 3307 3192 3343 :
3221 3303 3378 3358 quem
3403 3287 3472 3342 ab

1906 3377 2041 3434 orbe
2068 3379 2288 3434 condito
2323 3379 2455 3434 555i
2493 3395 2834 3444 numerasse,
2869 3381 3045 3438 aetatis
3073 3381 3274 3437 Christi
3307 3381 3472 3444 trice-

1906 3469 2105 3526 simum
2154 3471 2388 3539 primum
2441 3469 2683 3535 circiter,
2716 3467 2982 3541 Georgius
3013 3469 3298 3541 Syncellus
3329 3469 3472 3527 amr-

1906 3568 2038 3617 mat.
2092 3561 2319 3618 Photius
2351 3579 2481 3618 vero
2524 3579 2652 3618 num
2700 3562 2919 3620 XXXIV
2957 3564 3127 3620 refert
3155 3564 3472 3622 Africanum

1904 3668 2044 3724 opus
2085 3654 2407 3710 historicum
2454 3655 2695 3711 edidisse
2727 3655 2964 3711 divisum
3009 3657 3065 3711 in
3097 3657 3268 3713 libros
3309 3658 3474 3727 quiu-

1904 3761 2041 3816 que;
2065 3745 2265 3816 quibus
2287 3753 2530 3814 tempora
2560 3746 2742 3800 omnia
2771 3747 3088 3816 complexus
3113 3756 3217 3813 est,
3243 3763 3273 3802 a
3295 3749 3471 3818 prima

1904 3853 2086 3894 rerum
2114 3838 2324 3907 origine
2361 3839 2426 3891 ad
2450 3837 2654 3892 Christi
2686 3839 3007 3910 παρουσίαν,
3038 3839 3141 3895 hoc
3172 3848 3256 3896 est
3287 3838 3471 3894 lncar-

1904 3930 2203 3991 nationem,
2235 3930 2370 3985 nihil
2404 3941 2462 3985 ut
2493 3946 2672 3985 rerum
2714 3933 3148 3988 necessariarum
3177 3933 3467 4001 omitteret,

1904 4021 2216 4076 summatim
2266 4029 2463 4076 cuncta
2499 4021 2866 4091 perscrihens.
2909 4021 3038 4077 Inde
3064 4037 3192 4078 vero
3234 4022 3302 4078 ad
3345 4021 3463 4077 Ma-
3509 4095 3514 4102 Ι

1903 4113 2044 4168 criui
2078 4112 2362 4181 imperium
2397 4113 2603 4183 reliqua
2633 4114 3044 4184 perstrinxisse,
3077 4122 3240 4184 atque
3279 4113 3381 4168 hoc
3412 4115 3467 4170 in

1902 4217 2067 4274 opere
2109 4209 2365 4257 testatum
2413 4217 2473 4258 se
2519 4219 2692 4258 annos
2744 4202 2813 4256 ab
2855 4202 3062 4257 Adamo
3109 4201 3468 4272 comprehen-

1903 4294 2052 4350 disse
2081 4293 2241 4348 57‘25.
2274 4291 2418 4348 ldem
2450 4302 2683 4348 testatur
2710 4301 2765 4348 et
2791 4291 3059 4364 Georgius
3091 4291 3377 4364 Syncellus
3409 4295 3466 4348 in

1901 4385 2186 4456 Excerptis
2217 4383 2479 4456 Scaligeri
2512 4387 2656 4458 (pag.
2689 4386 2804 4451 59),
2852 4388 2944 4442 ubi
2986 4403 3051 4442 ex
3097 4386 3354 4441 Alricano
3382 4401 3468 4440 re-

1833 4484 1878 4539 D
1908 4479 2013 4535 fert
2046 4477 2115 4532 ad
2147 4476 2505 4549 Olympiadem
2542 4494 2716 4548 usque
2738 4493 2835 4533 CCL
2871 4479 3164 4534 archontas
3197 4478 3267 4533 ab
3303 4477 3467 4532 Athe-

1907 4569 2196 4625 niensibus
2219 4570 2494 4626 numerari
2533 4569 2658 4634 905,
2690 4585 2719 4624 a
2755 4568 3007 4636 Creonte,
3035 4570 3127 4640 qui
3166 4569 3470 4642 Olympiade

1908 4677 2005 4716 xix
2052 4661 2306 4733 praefuit;
2354 4671 2685 4732 postremum
2735 4677 2864 4716 vero
2896 4661 3064 4717 fuisse
3103 4660 3375 4716 Philinum
3405 4677 3468 4716 ea

1910 4764 2072 4819 quam
2113 4750 2227 4805 dixi
2256 4750 2581 4820 Olympiade,
2616 4752 2936 4807 consulibus
2970 4750 3138 4806 Grato
3172 4750 3470 4807 Sabiniano

1902 4848 1956 4894 et
1985 4839 2240 4906 Seleuco;
2259 4843 2351 4909 qui
2376 4856 2406 4894 a
2430 4841 2596 4896 Bruto
2619 4845 2871 4900 consules
2905 4843 3055 4898 fuere
3075 4843 3200 4897 725.
3236 4842 3463 4899 Demum

1904 4930 2086 5000 colligi
2110 4933 2254 5001 (pag.
2286 4931 2373 4998 57)
2396 4945 2568 4986 annos
2594 4932 2733 4987 5725
2755 4933 2822 4987 ad
2849 4933 3066 4988 tertium
3090 4949 3312 4996 annum,
3350 4935 3468 4986 Ἀν-

1903 5019 2146 5083 τωνίνου,
2179 5022 2275 5073 καὶ
2316 5019 2606 5089 Αὑγέντου.
2639 5019 2878 5074 Marcum
2908 5021 3242 5076 Antoninum
3269 5020 3463 5090 Alaga-

1903 5111 2088 5166 balum
2131 5111 2405 5183 intelligit.
2438 5111 2494 5165 In
2539 5111 2732 5168 iisdem
2767 5111 3152 5184 Scaligerianis
3195 5110 3465 5182 excerptis

1903 5203 2270 5276 fragmentum
2300 5204 2546 5258 Africani
2576 5203 2772 5274 legitur
2802 5203 2869 5259 de
2896 5202 3293 5275 olympiadibus
3316 5201 3462 5272 (pag.

1905 5297 2030 5367 517)
2057 5316 2072 5352 :
2102 5296 2156 5349 in
2190 5311 2300 5366 quo
2333 5297 2476 5366 apud
2512 5296 2873 5352 Athenienses
2893 5296 2948 5350 in
2975 5295 3342 5367 olympiadum
3370 5295 3466 5377 de:

1906 5391 2203 5460 scriptione
2250 5389 2592 5443 Stadionicas
2644 5391 2720 5441 ait
2759 5388 3065 5458 percenseri
3112 5387 3238 5450 248,
3288 5401 3464 5468 annos

1907 5481 2034 5537 989.
2093 5481 2198 5537 Sed
2252 5481 2304 5535 in
2375 5480 2747 5550 Ὀλυμπιάδων
2799 5481 3084 5552 ἀναγραφῇ
3135 5480 3299 5534 etiam
3355 5477 3462 5533 219

1906 5570 2230 5642 Olympiadis
2284 5569 2650 5625 Stadionicam
2711 5581 2959 5626 recenset
2991 5570 3250 5640 Scaliger.
3303 5569 3358 5623 Si
3394 5570 3462 5626 de

1908 5662 2064 5717 annis
2103 5663 2169 5715 ab
2203 5662 2408 5716 Adamo
2431 5662 2569 5717 579.5
2601 5661 2819 5717 auferas
2852 5663 3023 5724 5500,
3062 5661 3264 5718 ι’εείἃυί
3299 5667 3460 5716 erunt

1907 5755 2012 5809 225
2041 5755 2109 5810 ab
2137 5753 2514 5811 lncarnatione
2551 5753 2760 5811 Domini
2797 5753 3090 5810 secundum
3118 5752 3436 5810 Africanum
