4036 6218
583 284 720 340 “03

1603 292 1692 346 AD
1732 293 2004 353 EUSEBll
2043 298 2434 356 CllRONICON
2477 300 2830 358 APPENDIX.

3678 311 3808 370 HN

583 403 688 460 Sed
736 418 912 460 annus
944 405 1142 462 tertius
1193 407 1473 479 Magabah
1524 425 1649 466 serae
1697 418 2006 472 communis
2061 430 2145 474 est
2176 433 2218 486 Α
2248 435 2412 491 porro
2463 419 2705 476 Geminis
2762 419 2974 477 duobus
3033 435 3174 480 coss.
3234 438 3380 478 anno
3441 424 3652 482 Tiberii
3709 446 3810 489 xv;

579 498 706 558 221.
743 498 796 550 in
837 514 996 567 quem
1051 508 1106 552 et
1149 499 1255 553 250
1301 503 1569 572 Olympias
1612 505 1865 564 incurrit.
1924 510 2148 567 Biennio

582 589 769 658 itaque
795 587 1176 658 Dionysianam
1208 591 1468 659 epocham
1515 598 1804 652 antevertit
1830 599 2144 668 Africanus,

580 688 635 734 et
685 678 1120 734 lncarnationem
1169 679 1380 736 Domini
1429 687 1657 740 contulit
1698 689 1754 742 in
1812 705 2016 745 annum
2052 710 2146 762 pe-

580 771 719 824 riodi
746 770 975 825 Iuliana:
1006 772 1168 826 4712.
1205 774 1358 839 Quod
1390 777 1612 848 insuper
1641 796 1707 835 ex
1742 797 1885 838 anno
1927 783 2149 842 Passio-

582 863 676 918 nis
719 863 787 916 ab
829 863 1018 919 eodem
1053 864 1314 921 Africano
1349 871 1648 925 constituto
1676 863 1967 946 Colligitur.
2015 877 2148 932 Nam

583 955 628 1008 si
661 954 871 1010 decimo
918 957 1109 1026 quinto
1132 958 1377 1027 ,Tiberii,
1424 976 1618 1032 nempe
1657 962 1899 1022 Geminis
1937 969 2150 1026 duobus

583 1061 728 1102 coss.
791 1063 984 1116 passus
1029 1055 1114 1104 est
1173 1054 1316 1119 (qua:
1369 1051 1471 1105 fuit
1503 1054 1856 1122 plurimorum
1897 1067 2140 1115 veterum

585 1138 898 1207 sententia),
924 1149 978 1193 et
1011 1139 1058 1193 is
1088 1154 1267 1195 annus
1291 1142 1477 1197 mundi
1508 1144 1642 1199 5551
1673 1147 2026 1205 ab-Alricano
2050 1168 2154 1206 nu-

583 1238 828 1286 meratus
874 1237 979 1297 est,
1017 1245 1142 1284 cum
1189 1230 1624 1290 lncarnationem
1675 1253 1818 1294 anno
1869 1241 2002 1296 5501
2055 1244 2156 1298 tri-

586 1323 814 1388 buisset,
869 1331 928 1378 ut
957 1333 1146 1378 auctor
1173 1333 1257 1379 est
1285 1324 1549 1396 Georgius
1579 1327 1862 1400 Syncellus
1893 1352 1906 1388 :
1941 1349 2065 1388 cum
2099 1335 2154 1390 in

585 1429 790 1469 annum
844 1430 967 1470 εει-ω
1015 1416 1338 1472 Christianae
1382 1419 1472 1484 29,
1511 1421 1626 1476 sive
1671 1425 1878 1492 periodi
1927 1424 2155 1482 Julianae

585 1507 726 1561 £742
764 1509 1084 1562 consulatus
1133 1507 1484 1564 Geminorum
1541 1522 1850 1584 competat;
1905 1517 2154 1575 deductis

587 1598 749 1652 annis
777 1599 846 1652 30
886 1601 953 1654 de
995 1599 1159 1664 d742,
1207 1602 1451 1672 reliquus
1487 1603 1592 1659 erit
1623 1603 2019 1663 Incarnalionis
2052 1626 2152 1664 an-

589 1707 692 1746 nus
739 1690 878 1745 4712
921 1691 975 1745 in
1023 1690 1236 1746 Iuliana
1283 1693 1527 1763 periodo.
1560 1695 1760 1752 Verum
1808 1700 1950 1768 apud
1993 1700 2156 1757 Euse-

589 1783 736 1837 bium
788 1799 884 1837 vm
936 1783 1010 1839 De
1069 1785 1354 1842 demonstr.
1408 1787 1553 1858 (pag.
1584 1803 1590 1815 '
1622 1788 1748 1858 243)
1792 1789 2154 1861 fragmentum

547 1886 554 1890 '
592 1875 741 1929 aliud
767 1879 1007 1933 occurrit
1033 1879 1274 1934 Africani
1308 1880 1375 1936 de
1401 1879 1663 1938 Passione
1690 1881 1923 1952 Domini,
1973 1894 2025 1941 et
2051 1886 2156 1942 Da-

594 1962 750 2018 nielis
782 1963 1208 2024 hebdomadibus
1228 1986 1242 2035 ;
1261 1970 1315 2024 in
1339 1986 1446 2040 quo
1469 1973 1649 2040 passio
1683 1974 1970 2043 conjicitur
1991 1976 2045 2031 in
2064 1992 2155 2033 an-

597 2069 726 2108 num
773 2058 1068 2112 secundum
1095 2059 1416 2129 Olympiadis
1444 2062 1571 2126 202,
1607 2063 1804 2118 Tiberii
1843 2083 1953 2121 xvr.

657 2145 814 2201 Hunc
867 2148 1042 2217 ipsum
1091 2150 1331 2206 Africani
1383 2153 1562 2208 locum
1612 2170 1749 2225 pene
1805 2156 1873 2211 ad
1930 2157 2152 2214 verbum

587 2236 878 2305 exscripsit
909 2235 1272 2308 Hieronymus
1321 2239 1376 2293 in
1411 2241 1835 2299 Commentariis
1877 2246 1943 2300 ad
1993 2256 2154 2316 caput

586 2327 659 2380 lX
707 2327 964 2394 Danielis,
993 2337 1047 2383 et
1097 2337 1275 2384 tamen
1314 2332 1586 2386 decimum
1641 2335 1888 2404 quintum
1950 2335 2152 2393 Tiberii

586 2421 802 2490 posuit;
831 2437 958 2485 non,
1004 2430 1064 2476 ut
1109 2433 1194 2478 est
1241 2426 1292 2478 in
1337 2423 1548 2489 Grmco,
1601 2425 1872 2482 decimum
1913 2439 2149 2485 sextum.

585 2511 911 2581 Quanquam
949 2513 1055 2568 nisi
1086 2516 1416 2585 olympiadis
1460 2532 1636 2572 annus
1666 2519 1952 2588 appositus
1987 2529 2148 2586 esset,

585 2605 884 2660 conciliare
933 2605 1039 2659 ista
1075 2604 1236 2662 facile
1269 2623 1577 2677 possemus,
1614 2610 1816 2681 quippe
1861 2626 2038 2667 annus
2082 2630 2150 2667 xv

585 2695 817 2765 Tiberii,
862 2697 907 2752 si
951 2699 1021 2754 ab
1055 2699 1302 2770 Augusto
1337 2716 1528 2757 mense
1558 2710 1799 2772 putetur,
1844 2720 1953 2774 quo
1982 2705 2151 2775 impe-

585 2804 710 2843 rare
743 2790 944 2860 coepit;
986 2790 1108 2844 iniit
1159 2807 1306 2846 anno
1336 2791 1541 2848 Christi
1569 2793 1659 2857 28,
1706 2806 1904 2864 quarto
1937 2797 2151 2852 labente

585 2879 914 2949 Olympiadis
967 2879 1094 2944 20i,
1153 2889 1208 2935 et
1263 2880 1330 2935 ad
1381 2882 1687 2953 Augustum
1744 2902 1982 2942 mensem
2021 2889 2146 2942 anni

583 2969 787 3025 Christi
814 2970 882 3024 29
913 2973 1266 3028 continuatus
1300 2981 1402 3040 est,
1441 2991 1550 3045 quo
1571 2977 1678 3032 duo
1713 2976 1922 3034 Gemini
1949 2997 2148 3036 consu-

583 3060 664 3116 les
709 3073 886 3117 erant.
931 3064 1010 3118 lta
1061 3082 1130 3120 xv
1163 3065 1367 3120 Tiberii
1403 3082 1599 3136 passus
1644 3071 1748 3124 erit
1791 3071 2066 3136 Christus,
2099 3075 2144 3128 si

2253 510 2438 565 mundi
2480 512 2630 567 55304
2673 521 2924 574 exeunte,
2960 528 3120 583 quem
3175 513 3306 568 5551
3366 517 3537 585 Aprili
3598 517 3813 575 circiter

2249 603 2496 670 excepit;
2557 617 2776 671 passum
2827 603 3060 672 denique
3110 619 3253 659 anno
3301 607 3489 660 mundi
3533 606 3816 664 desinente

2251 691 2410 757 5551,
2459 703 2723 762 sequente
2769 694 2910 749 5532
2950 710 2980 747 a
3023 693 3307 759 Paschate,
3348 697 3432 751 vel
3463 697 3642 767 Apriii
3690 702 3816 754 anni

2251 783 2454 840 Christi
2504 788 2809 841 communis
2853 786 2944 851 30,
2976 785 3180 842 Tiberii
3231 803 3342 853 xvr,
3391 796 3446 843 et
3493 790 3815 861 Olympiadis

2250 887 2354 926 ccu
2407 889 2549 928 anno
2597 875 2838 928 secundo
2887 876 3124 929 nondum
3169 876 3237 930 ab
3281 877 3484 932 aestivis
3532 880 3814 938 mensibus

2251 964 2541 1031 inchoato;
2581 965 2676 1020 scd
2705 965 2845 1019 κατὰ
2888 966 3152 1038 πρόληψιν
3193 983 3222 1023 a
3263 966 3544 1035 Januario,
3583 983 3681 1026 aut
3711 971 3814 1027 aiio

2251 1057 2507 1127 quopiam
2552 1059 2708 1112 initio
2737 1060 3013 1129 popularis
3042 1060 3192 1124 anni,
3227 1075 3336 1131 quo
3364 1077 3498 1116 usus
3539 1072 3626 1116 est
3677 1063 3814 1118 Afri-

2253 1161 2443 1202 canus.
2489 1147 2704 1204 Scimus
2732 1152 2875 1206 enim
2911 1152 3247 1223 olympiadas
3289 1168 3710 1224 nonnunquam,
3742 1164 3812 1220 et,

2253 1241 2397 1311 quod
2440 1256 2783 1312 consequens
2813 1252 2918 1310 est,
2951 1245 3266 1315 olympiacae
3312 1247 3684 1302 tetraeteridis
3728 1263 3794 1302 an

2255 1349 2360 1389 nos
2384 1350 2493 1388 non
2524 1335 2592 1389 ab
2625 1335 2742 1406 ipso
2783 1345 3023 1406 tempore
3049 1352 3301 1408 agonum,
3340 1339 3434 1393 sed
3478 1354 3510 1392 a
3564 1341 3815 1410 populari

2252 1425 2530 1480 civitatum
2563 1442 2786 1482 suarum
2835 1428 3057 1482 exordio
3090 1444 3121 1482 a
3173 1429 3448 1502 plerisque
3490 1434 3810 1486 numer-ari:

2255 1516 2330 1570 ita
2359 1525 2418 1570 ut
2447 1519 2498 1572 in
2533 1533 2799 1573 annorum
2824 1520 3138 1576 exitusludi
3165 1521 3266 1591 ipsi
3299 1531 3720 1576 concurrerent.
3748 1521 3818 1578 Ita

2257 1623 2433 1665 annus
2482 1612 2670 1666 mundi
2701 1611 2862 1676 5723,
2911 1613 3027 1668 sive
3056 1613 3121 1666 ab
3151 1611 3530 1670 lncarnatione
3559 1615 3693 1682 223,
3725 1618 3820 1672 erit

2257 1698 2564 1753 communis
2595 1714 2714 1754 teras
2741 1698 2867 1763 221,
2896 1707 2949 1754 ει
2975 1699 3249 1771 Alagabali
3281 1702 3499 1758 tertius.

2186 1766 2228 1820 Β
2326 1786 2589 1852 Quocirca
2620 1789 2712 1859 qui
2743 1788 3058 1844 Africanum
3079 1766 3329 1846 referunt
3360 1795 3679 1862 passionem
3716 1795 3818 1852 Do-

2254 1876 2387 1930 mini
2441 1890 2584 1930 anno
2641 1877 2833 1932 Adami
2877 1878 3049 1944 5331,
3100 1880 3500 1939 Incarnalionis
3545 1885 3611 1938 3i
3667 1889 3820 1952 attri-

2254 1965 2460 2030 buisse,
2489 1967 2555 2021 de
2576 1968 2734 2023 annis
2757 1968 3133 2026 desinentibus
3167 1970 3468 2042 intelligere
3494 1974 3817 2032 debuerunt.

2251 2053 2386 2108 Nam
2418 2056 2744 2123 baptismum
2790 2059 2857 2112 ab
2905 2074 2972 2114 co
3017 2061 3274 2116 collatum
3305 2079 3428 2118 esse
3466 2066 3522 2120 in
3557 2070 3819 2122 consula-

2252 2155 2366 2201 tum
2430 2146 2777 2204 Geminorum
2829 2151 3302 2229 verisimilegest;
3355 2171 3478 2210 cum
3545 2174 3616 2213 ex
3674 2159 3824 2216 Luca

2253 2249 2464 2294 constet
2492 2255 2637 2295 anno
2685 2257 2754 2296 xv
2800 2241 3002 2298 Tiberii
3035 2244 3183 2299 istud
3210 2248 3489 2316 evenisse;
3525 2257 3621 2304 aut
3652 2252 3727 2316 si,
3767 2261 3824 2305 ut

2252 2328 2606 2400 Epiphanius,
2639 2342 2696 2388 et
2738 2333 2826 2388 alii
2855 2335 3097 2404 quidam,
3138 2334 3421 2393 Novembri
3455 2356 3664 2405 mense,
3700 2358 3824 2398 non

2253 2429 2407 2476 sexto
2424 2420 2687 2489 Januarii,
2715 2424 2779 2478 ad
2804 2426 3131 2496 baptismum
3157 2431 3367 2486 venisse
3386 2431 3631 2497 credidit,
3659 2449 3821 2490 anno

2253 2514 2558 2568 communis
2587 2529 2708 2568 terte
2737 2532 2938 2582 xxvut;
2991 2528 3138 2573 certe
3189 2520 3316 2575 hinc
3368 2522 3432 2576 ad
3485 2524 3820 2593 passionem

2251 2605 2458 2660 solidus
2489 2621 2668 2662 annus
2697 2608 3051 2679 interpositus
3078 2620 3338 2677 est,-cum
3383 2630 3580 2669 annum
3612 2618 3818 2673 saltem

2250 2711 2417 2749 unum
2445 2699 2511 2767 τῇ
2543 2698 2776 2770 ,κηρύξει
2808 2700 3097 2756 Africanus
3135 2703 3502 2772 imputaverit.
3539 2706 3731 2777 Atqui,
3768 2709 3815 2765 si

2249 2788 2568 2843 consulibus
2610 2789 2743 2859 ipsis
2774 2789 3014 2848 Geminis
3057 2793 3248 2850 Martio
3282 2812 3471 2854 mense
3498 2815 3695 2870 passus
3736 2802 3818 2859 ΐοο

2248 2884 2351 2940 ret,
2375 2887 2485 2933 tres
2515 2880 2583 2934 ab
2611 2879 2894 2948 Januario,
2922 2885 3005 2940 vel
3035 2901 3062 2938 a
3093 2885 3383 2944 Novembri
3412 2893 3658 2962 quinque
3687 2895 3818 2950 dun-

2249 2976 2396 3023 taxat
2425 2985 2642 3027 menses
2668 2971 2868 3031 Christi
2901 2977 3214 3046 prmdicatio
3243 2988 3469 3037 teneret.
3497 2983 3656 3052 Quod
3679 2988 3818 3044 Afri-

2249 3074 2445 3114 canum
2482 3065 2721 3120 sensisse
2751 3081 2859 3120 non
2890 3069 3145 3126 arbitror.

614 3114 656 3116 _-
931 3114 1010 3118 ___
1061 3114 1122 3120 _-
1173 3114 1367 3120 ηπ---
1403 3114 1598 3136 τηη-
1646 3114 1748 3124 ν..-
1795 3114 2066 3136 .............,
2099 3114 2144 3128 υ.
2485 3114 2720 3120 μην-η
2751 3114 2859 3120 -σ---
2890 3114 3145 3126 --υ---νη

585 3152 668 3208 bis
697 3154 1019 3210 consulibus
1053 3157 1336 3212 acciderit.
1369 3157 1465 3212 Sin
1492 3169 1595 3228 est,
1625 3171 1682 3215 ut
1711 3162 2144 3219 Christianorum
2173 3114 2218 3176 ϐ
2249 3242 2254 3243 γ
2321 3151 2427 3207 sed
2455 3153 2563 3210 ἀυο
2594 3165 2722 3211 sum
2765 3158 2820 3212 in
2867 3159 2959 3214 ῘΠο
2991 3160 3230 3218 Africani
3271 3166 3508 3234 calculo:
3541 3186 3701 3243 quem
3748 3191 3811 3228 εἰ

582 3249 854 3308 veterum,
903 3245 1244 3315 aliorumque
1295 3263 1469 3312 more,
1515 3264 1686 3306 annos
1741 3251 1945 3308 Tiberii
1983 3269 2013 3308 a
2043 3254 2147 3309 Pa-

583 3333 759 3387 schali
788 3350 976 3391 mense
1009 3337 1358 3393 antecedente
1389 3341 1616 3411 coeperit
1652 3343 1978 3414 Africanus;
2007 3347 2146 3403 idem

585 3441 765 3483 annus
800 3445 889 3484 xvi
938 3429 1141 3485 Tiberii
1179 3434 1387 3487 censeri
1420 3435 1615 3504 potuit.
1665 3433 1769 3490 Sed
1812 3451 1935 3490 cum
1975 3439 2148 3510 olym-

587 3517 766 3588 piadis
817 3521 922 3577 202
979 3538 1156 3580 annus
1204 3526 1476 3583 secundus
1535 3527 1822 3585 inchoatus
1881 3531 1950 3586 sit
2005 3547 2148 3587 anno

583 3608 786 3664 Christi
827 3612 918 3676 30,
970 3622 1026 3666 et
1072 3614 1139 3668 ad
1169 3624 1410 3671 azstatem
1459 3633 1634 3688 usque
1678 3622 1957 3689 sequentis
2015 3623 2145 3677 anni

585 3710 916 3771 propagatus
960 3703 1159 3771 fuerit;
1209 3721 1435 3764 necesse
1463 3718 1546 3764 est
1574 3724 1720 3764 anno
1748 3726 1869 3765 aarae
1903 3727 2147 3767 commu-

584 3791 670 3846 nis
699 3791 787 3856 30,
822 3793 906 3862 vel
942 3793 1004 3848 51
1044 3810 1267 3863 passum
1298 3797 1406 3852 dici
1445 3799 1512 3854 ab
1543 3799 1801 3857 Africano
1833 3803 2144 3872 Christum;

583 3890 743 3951 prout
769 3895 974 3937 annum
1015 3882 1218 3940 Tiberii
1249 3903 1361 3952 xvt,
1394 3897 1487 3943 aut
1515 3890 1782 3946 labentem
1814 3893 2142 3958 adhibuerit,

583 3977 679 4022 aut
709 3985 738 4022 a
769 3969 1021 4027 Paschali
1066 3989 1253 4031 mense
1282 3980 1640 4046 praeverterit.
1679 3980 1735 4036 Si
1769 3998 1914 4038 anno
1948 3984 2145 4056 Diony-

582 4059 739 4114 siano
787 4060 856 4115 30
885 4061 1164 4117 Christum
1207 4067 1378 4121 voluit
1419 4083 1541 4124 esse
1579 4085 1800 4140 passum
1827 4112 1842 4138 ,
1889 4072 2143 4128 lncarna-

581 4146 780 4203 tionem
815 4164 1038 4206 necesse
1059 4161 1141 4208 est
1169 4154 1246 4208 ab
1266 4155 1457 4210 eodem
1489 4157 1721 4213 locatam
1759 4177 1881 4218 esse
1917 4165 1974 4218 in
1998 4179 2141 4220 anno

581 4240 787 4309 periodi
831 4239 1063 4298 Julianae
1107 4244 1270 4310 4713,
1307 4262 1418 4302 uno
1463 4264 1606 4303 anno
1637 4259 1763 4306 ante
1800 4268 2139 4311 communem

579 4344 766 4394 teram,
817 4337 875 4385 ut
911 4332 1178 4403 hodieque
1222 4337 1464 4404 ponitur.
1501 4337 1596 4394 Sin
1647 4356 1790 4396 anno
1835 4341 2040 4399 Christi
2073 4346 2134 4400 3i

2246 3242 2438 3300 Photio
2504 3257 2559 3304 et
2625 3249 2858 3321 Georgio
2926 3255 3246 3322 retulimus,
3334 3260 3810 3322 animadversione

2245 3336 2449 3407 digna:
2485 3339 2716 3395 aherum
2757 3344 2903 3412 quod
2950 3343 3178 3403 Photius
3231 3351 3440 3415 scribit,
3491 3353 3810 3414 Africanum

2245 3427 2314 3481 ad
2342 3428 2568 3484 Macrini
2593 3433 2876 3502 imperium
2911 3450 3047 3506 opus
3076 3453 3235 3492 suum
3265 3440 3610 3511 perduxisse,
3640 3462 3814 3502 anno-

2244 3532 2364 3572 rum
2392 3520 2534 3575 5723‘
2556 3521 2835 3577 historiam
2859 3526 3234 3596 complexum;
3265 3532 3584 3588 mendosum
3614 3538 3812 3602 videri,

2245 3626 2308 3666 ac
2346 3628 2444 3682 pro
2481 3615 2760 3686 Μακρῖνου
2812 3616 3096 3685 legendum
3252 3622 3588 3682 Ἀντωνίνου.
3624 3628 3810 3695 Quan-

2243 3721 2404 3775 quam
2434 3714 2488 3761 et
2533 3708 2676 3762 aliud
2710 3709 3066 3778 occurrebat;
3114 3712 3430 3771 Africanum
3469 3718 3810 3779 Stadionicas

2245 3813 2353 3851 non
2406 3798 2547 3852 ultra
2592 3799 2949 3870 Olympiadem
2996 3803 3102 3857 248
3150 3804 3206 3858 in
3235 3807 3474 3863 archivis
3504 3811 3810 3869 Athenien-

2243 3888 2386 3942 sium
2430 3888 2723 3952 invenisse,
2755 3906 2877 3961 qua:
2921 3891 3187 3963 Olympias
3230 3895 3298 3949 ad
3349 3912 3550 3953 annum
3604 3901 3810 3958 Christi

2241 3980 2366 4046 2l7,
2397 3988 2449 4036 et
2476 3981 2704 4037 Macrini
2733 3983 3017 4053 imperium
3046 3987 3386 4057 extenditur;
3414 3998 3594 4047 tamen
3628 4010 3808 4050 rerum

2242 4079 2513 4142 gestarum
2554 4075 2873 4129 memoriam
2919 4077 2983 4131 ad
3039 4093 3212 4135 annos
3259 4090 3517 4150 praeterea
3567 4088 3815 4156 quinque

2240 4180 2590 4236 propagasse,
2619 4167 2670 4222 id
2705 4178 2786 4223 est
2813 4169 2881 4223 ad
2909 4185 3108 4226 annum
3142 4172 3344 4229 Christi
3377 4175 3471 4229 221
3506 4195 3521 4243 ;
3551 4178 3806 4235 Photium

2242 4272 2367 4311 vero
2387 4257 2635 4312 eumdem
2665 4257 2906 4315 historia:
2933 4263 3222 4318 terminum
3252 4272 3491 4334 putasse,
3516 4270 3607 4338 qui
3631 4270 3809 4340 olym-

2240 4349 2578 4418 pionicarum
2610 4359 2745 4405 erat.
2779 4350 2912 4408 Vide
2942 4369 3061 4424 qum
3093 4355 3185 4409 Xll
3216 4356 3293 4411 De
3330 4357 3569 4413 doctrina
3603 4371 3808 4430 tempa-

579 4425 888 4493 passionem
929 4426 1257 4497 assignavit,
1298 4427 1515 4486 Tiberio
1561 4449 1595 4486 v
1641 4443 1694 4488 et
1739 4433 1936 4504 Sejano
1967 4452 2137 4504 coss.,
2172 4461 2218 4516 ι)
2245 4457 2381 4503 rum.
2414 4458 2534 4512 cap.
2569 4443 2660 4498 XL
2687 4445 2944 4501 diximus.

579 4511 741 4578 plane
771 4521 829 4564 ut
861 4509 1218 4583 Epiphanius,
1250 4516 1450 4586 aliique
1476 4527 1687 4576 veteres
1713 4525 1958 4579 arbitrati
1992 4537 2138 4594 sunt,

578 4601 887 4657 lncarnatio
919 4615 1183 4676 congruet
1239 4605 1294 4660 in
1343 4622 1546 4663 annum
1573 4612 1808 4682 pritnum
1836 4631 1958 4672 atra:
1985 4619 2140 4675 Chri-

578 4693 797 4759 stianaa;
828 4694 1016 4750 itidem
1046 4703 1103 4750 ut
1131 4695 1442 4764 Panodoro,
1475 4717 1539 4756 ac
1572 4703 1776 4760 Graecis
1801 4706 2139 4782 iLatinisque

577 4785 922 4854 computistis
969 4787 1240 4856 placuisse
1286 4793 1558 4846 novimus.
1618 4793 1723 4849 Sed
1775 4795 1878 4852 hac
1929 4801 2140 4858 ratione

577 4889 753 4930 annus
786 4877 971 4931 mundi
999 4878 1138 4933 5723
1162 4921 1178 4946 ,
1235 4882 1329 4952 qui
1359 4883 1427 4938 ab
1459 4882 1833 4942 lncarnatione
1873 4888 2033 4945 debet
2073 4907 2138 4946 ex

577 4967 816 5023 Africani
846 4969 1058 5024 calculo
1084 4986 1207 5027 esse
1233 4972 1358 5038 223,
1387 4977 1491 5029 crit
1521 4979 1826 5035 communis
1857 4996 1978 5035 serae
2001 4981 2135 5050 223;

577 5074 686 5127 quo
715 5074 915 5114 annum
956 5061 1168 5130 imperii
1202 5065 1500 5119 secundum
1535 5067 1838 5124 Alexander
1865 5070 2138 5128 ﬂammeae

580 5149 721 5205 ﬁlius
780 5151 1103 5209 inchoavit:
1151 5171 1273 5209 cum
1324 5165 1506 5211 tamen
1556 5159 1814 5215 Antonini
1858 5163 2136 5234 Alagabali

580 5243 794 5295 terlium
847 5245 1106 5304 incidisse
1150 5249 1203 5303 in
1251 5264 1454 5304 annum
1492 5250 1644 5306 illum
1699 5255 1884 5309 mundi
1935 5255 2136 5314 diserte

579 5333 860 5404 scripserit
883 5337 1193 5396 Africanus.

651 5430 788 5496 Mea,
822 5441 882 5486 ut
922 5434 976 5487 in
1009 5437 1231 5506 ancipiti
1263 5452 1326 5492 ac
1369 5440 1624 5509 perplexa
1653 5445 1968 5513 quaestione,
2002 5462 2135 5502 cono

574 5520 788 5591 jcctura
820 5531 925 5590 est,
957 5525 1256 5596 Christum,
1289 5546 1352 5585 ex
1383 5531 1628 5588 Africani
1658 5537 1933 5605 opinione,
1960 5538 2137 5594 incar-

577 5619 766 5669 natum
820 5630 941 5672 esse
991 5633 1134 5673 anno
1181 5621 1388 5689 periodi
1439 5621 1664 5680 Julianaa
1711 5627 1870 5694 4712,
1919 5629 2136 5686 biennio

579 5715 707 5763 ante
751 5719 1092 5766 communem
1139 5727 1335 5781 teram;
1389 5717 1575 5772 mundi
1607 5719 1768 5789 5501,
1801 5721 2128 5792 baptizatum

2311 4530 2555 4587 Alterum
2608 4545 2722 4600 est,
2771 4536 2914 4591 haud
2971 4539 3103 4594 satis
3157 4539 3370 4595 ﬁrmum
3411 4546 3810 4613 argumentum

2241 4637 2363 4678 esse
2395 4639 2548 4678 nova:
2577 4625 2973 4698 chronologiaa;
3006 4646 3123 4700 qua:
3163 4647 3230 4686 ex
3270 4633 3363 4687 illo
3406 4633 3647 4688 Africani
3681 4637 3812 4691 loco

2241 4716 2519 4772 concludit
2574 4721 2813 4791 quinque
2870 4737 3135 4778 annorum
3197 4725 3367 4781 labem
3423 4727 3479 4781 in
3529 4726 3813 4786 Romanos

2242 4807 2414 4864 fastos
2450 4816 2504 4864 et
2547 4812 2772 4868 annales
2802 4813 3107 4884 irrepsisse,
3144 4831 3206 4870 ac
3240 4819 3465 4873 totidem
3498 4821 3816 4890 superﬂuos

2241 4899 2294 4953 in
2323 4899 2390 4954 iis
2433 4916 2574 4956 esse.
2608 4899 2703 4958 Vis
2736 4909 2817 4957 est
2850 4907 3332 4974 argumentationis
3360 4908 3644 4975 ejusmodi.
3687 4911 3814 4965 An-

2239 5007 2341 5046 nus
2369 4993 2613 5049 Africani
2643 4995 2783 5051 5723
2809 5007 2890 5050 est
2920 5013 3040 5053 aera:
3071 4998 3270 5054 Christi
3319 5001 3442 5063 22l,
3476 5002 3680 5072 periodi
3716 5003 3815 5058 Ju-

2238 5082 2397 5138 lianm
2419 5085 2578 5148 4951,
2603 5103 2711 5157 quo
2739 5088 2991 5146 consules
3022 5089 3169 5146 fuere
3205 5090 3404 5146 Gratus
3433 5101 3486 5147 et
3517 5091 3811 5149 Seleucus.

2241 5175 2352 5231 Hoc
2385 5193 2512 5232 vero
2543 5195 2637 5249 par
2670 5183 2956 5235 consulum
2986 5183 3061 5236 ait
3091 5186 3158 5238 ab
3199 5185 3404 5239 exactis
3437 5186 3656 5256 regibus
3680 5201 3814 5241 esse

2239 5269 2780 5339 septingentesimum
2847 5272 3165 5327 vicesimum
3237 5275 3509 5343 quintum.
3582 5276 3813 5333 Additis

2237 5376 2365 5430 ergo
2414 5376 2598 5430 regum
2646 5362 2804 5416 annis
2847 5362 2950 5416 243
2991 5349 3055 5416 ad
3088 5363 3389 5428 725,.ftunt
3437 5367 3563 5420 anni
3613 5366 3744 5430 968,
3777 5384 3811 5424 e

2237 5451 2434 5519 quibus
2468 5449 2713 5506 deductis
2740 5450 2867 5514 221,
2903 5460 3072 5508 restat
3105 5469 3278 5508 annus
3311 5454 3476 5512 Urbis
3511 5457 3611 5510 7&7
3646 5477 3660 5511 :
3693 5474 3808 5528 quo

2236 5539 2487 5597 Christus
2533 5559 2597 5599 ex
2641 5545 2946 5600 communis
2990 5561 3110 5600 atrae
3136 5547 3436 5604 ratiociniis
3481 5556 3639 5604 ortus
3681 5560 3802 5614 est;

2237 5634 2606 5704 quinquennio
2637 5637 2789 5705 prius
2815 5652 2978 5707 quam
3014 5640 3175 5710 vulgo
3204 5637 3430 5703 feratur,
3463 5640 3572 5693 imo
3601 5655 3802 5695 sexen-

2240 5726 2350 5782 nio.
2381 5724 2550 5784 Natus
2579 5729 2737 5784 enim‘
2767 5730 2982 5796 ponitur
3027 5745 3168 5786 anno
3202 5729 3362 5788 Urbis
3399 5731 3636 5788 condita
3663 5730 3811 5788 755..
