4036 6218
312 318 447 376 ηοὸ

1277 322 1732 381 DISSERTATIO
1770 324 1862 380 DE
1891 325 2300 388 GRECORUM
2340 327 2542 384 )ElllS.

3393 331 3524 390 Itttﬁ

313 435 510 494 Verum
544 439 836 498 Africanus
865 441 919 496 in
959 439 1277 498 consulibus
1306 444 1419 498 sive
1456 443 1868 513 magistratibus
1893 452 1940 506 Α
1967 452 2076 499 eta.
2136 443 2467 515 Theophilus
2515 442 2913 500 Alexandrinus
2963 445 3250 516 episcOpus
3299 452 3532 518 pascha-

308 532 508 587 annuis
556 533 938 597 numerandis,
985 548 1084 590 eos
1123 549 1296 590 annos
1352 536 1606 601 exclusit,
1662 537 1862 606 quibus

307 623 446 675 nulli
493 625 749 679 consules
801 623 1020 678 fuerunt
1052 643 1066 680 :
1104 627 1194 695 qui
1225 626 1439 696 quidem
1474 627 1526 680 in
1561 625 1737 682 Fastis
1777 625 1863 680 in-

307 712 537 783 signiter
565 716 802 785 quinque
843 724 1102 770 notantur
1133 717 1202 771 ab
1246 733 1388 771 anno
1429 716 1594 772 Urbis
1633 718 1736 773 578
1793 717 1862 773 ad

305 818 504 860 annum
525 807 658 873 582;
676 807 874 876 quibus
891 809 1205 862 continuum
1225 810 1613 878 interregnum,
1633 819 1684 864 et
1703 810 1864 880 ἀναρ-

304 896 397 965 χία
426 899 649 952 exstitit.
694 897 808 955 Mos
845 907 928 955 est
972 907 1148 954 autem
1181 900 1454 970 plerisque
1500 902 1861 971 scriptoribus

304 987 360 1041 in
404 1004 705 1044 aunuorum
757 991 1170 1060 magistratuum
1219 1000 1311 1046 aut
1355 1007 1543 1062 regum
1597 993 1860 1062 tempori-

303 1080 406 1135 bus
455 1083 873 1151 percensendis,
928 1100 1022 1139 eos
1083 1099 1258 1141 annos
1319 1085 1604 1149 omittere,
1661 1086 1860 1154 quibus

301 1174 436 1228 nulli
469 1175 687 1228 luerunt
714 1194 727 1229 :
755 1176 899 1245 quod
930 1190 960 1228 a
986 1175 1308 1245 quibusdam
1339 1177 1616 1231 veteribus
1655 1176 1709 1230 in
1751 1176 1862 1231 Ro-

301 1265 477 1321 manis
497 1265 806 1335 digerendis
839 1267 1129 1322 annalibus
1148 1268 1493 1323 observatum
1525 1284 1645 1323 esse
1673 1268 1861 1338 dispu-

301 1364 380 1410 tat
425 1355 763 1426 Onuphrius,
795 1373 919 1412 cum
968 1358 1036 1413 de
1078 1359 1340 1414 varietate
1373 1361 1859 1431 computandorum

300 1447 466 1503 Urbis
503 1464 769 1504 annorum
799 1449 1042 1505 disserit.
1594 1437 1608 1450 ’

366 1559 649 1616 Postremo
681 1577 782 1617 nec
826 1561 957 1616 illud
1008 1563 1322 1630 omiserim,
1363 1565 1508 1635 quod
1552 1581 1617 1620 ex
1663 1565 1857 1622 Photio

295 1662 350 1708 et
384 1652 618 1708 Eusebio
643 1661 858 1709 constat
885 1655 941 1709 in
977 1653 1252 1719 Chronico,
1282 1657 1480 1727 duplex
1503 1658 1571 1712 ab
1600 1658 1856 1713 Africano

295 1758 432 1812 opus
483 1744 895 1811 elucubratum;
953 1762 1184 1814 quorum
1243 1749 1473 1805 alterum
1534 1750 1853 1806 historicum
1887 1785 1928 1839 Β

296 1833 396 1888 I'uit
442 1836 497 1889 in
547 1838 788 1907 quinque
847 1839 1013 1894 libros
1060 1840 1351 1910 partitum,
1409 1849 1463 1896 et
1527 1843 1593 1896 ad
1652 1858 1852 1896 annum

295 1929 512 1982 tertium
580 1930 895 2000 Alagabali,
973 1932 1161 1986 mundi
1223 1933 1402 1996 5725,
1465 1935 1848 2004 perductum:

291 2019 366 2074 de
389 2036 496 2089 quo
529 2022 793 2078 hactenus
844 2023 1011 2077 locuti
1051 2039 1263 2088 sumus,
1303 2025 1531 2078 alterum
1573 2025 1716 2093 quod
1747 2026 1854 2076 Κε-

294 2113 452 2174 στοὺς
499 2111 780 2182 inscripsit
815 2115 870 2167 in
903 2113 1076 2169 libros
1101 2113 1218 2167 XIV
1257 2115 1550 2185 digestum.
1588 2112 1852 2169 Eusebius

293 2217 419 2256 vero
455 2200 473 2253 Ι
512 2201 708 2258 Chron.
735 2217 926 2258 novem
961 2204 1130 2258 libros
1161 2211 1434 2259 numerat.
1469 2203 1640 2272 Cujus
1669 2202 1851 2273 operis

292 2303 670 2361 argumentum
716 2293 999 2363 multiplex
1047 2293 1169 2349 fuit.
1219 2293 1354 2348 Nam
1400 2295 1469 2350 de
1509 2293 1732 2348 medicis
1764 2308 1848 2347 re.

289 2388 413 2449 bus,
438 2386 700 2458 physicis,
732 2387 979 2452 rusticis,
1010 2387 1277 2458 chymicis
1298 2388 1482 2453 etiam,
1516 2387 1584 2442 iis
1614 2389 1668 2440 in
1697 2386 1851 2440 libris

288 2483 590 2534 tractavit:
625 2495 744 2552 qua:
794 2481 954 2534 ambo
1003 2480 1248 2548 ejusdem
1293 2479 1536 2533 Africani
1589 2487 1738 2542 sunt,
1791 2483 1850 2530 ut

287 2579 521 2626 testatur
548 2571 776 2625 Photius
795 2611 808 2635 ,
840 2587 948 2625 non
977 2579 1035 2625 ut
1072 2571 1352 2641 Scaligero
1379 2571 1552 2624 visum
1581 2576 1665 2624 est
1687 2609 1702 2632 ,
1752 2568 1848 2639 qui

217 2683 220 2687 ·
288 2671 540 2717 auctores
590 2663 863 2718 immerito
913 2661 1181 2716 distinxit.
1238 2661 1423 2731 Itaque
1467 2661 1661 2714 Κεστοὶ
1710 2659 1849 2714 nihil

289 2751 356 2806 ad
407 2752 814 2823 chronologiam
865 2752 1202 2817 attinebant;
1237 2761 1427 2806 contra
1478 2766 1639 2821 quam
1690 2750 1847 2807 nobis

290 2843 564 2899 exciderat
614 2844 707 2897 lib.
762 2842 875 2898 XII‘
905 2843 982 2897 De
1044 2843 1287 2897 doctrina
1341 2853 1664 2912 temporum,
1725 2857 1844 2913 cap.

287 2933 446 2997 XLII,
481 2935 574 2989 ubi
599 2934 838 2998 Κεστοὺς
866 2949 990 2989 cum
1027 2933 1364 3005 πενταὸιὸλῳ
1392 2934 1618 2989 historia
1655 2931 1846 2990 confu-

287 3027 488 3082 dimus.

883 3181 1109 3238 CAPUT
1155 3181 1245 3237 III.

285 3295 362 3349 De
381 3293 682 3348 Crmeorum
709 3295 851 3356 teris,
869 3302 1121 3364 quatenus
1149 3291 1402 3364 methodis
1419 3293 1776 3360 paschalibus,
1795 3303 1846 3348 et

353 3365 510 3435 cyclis
536 3365 818 3434 implicata:
840 3363 983 3418 sunt.
1018 3363 1287 3419 Panodori
1308 3365 1848 3435 computusgillustra-

354 3433 564 3557 “$2,341:
611 3451 668 3488 eo
705 3443 1023 3504 propagatus
1061 3443 1137 3488 est
1198 3435 1331 3488 alter
1369 3449 1518 3504 quem
1559 3433 1845 3512 “Maximus

356 3524 386 3558 a
443 3522 477 3557 ιι
517 3523 542 3558 ε
571 3545 584 3558 .

355 3617 630 3673 Ilactenus
661 3633 842 3674 meras
872 3634 1140 3674 annorum
1167 3632 1414 3674 summas
1441 3617 1510 3672 ab
1551 3619 1684 3674 orbe
1710 3633 1867 3688 con-_

287 3711 400 3766 dito
451 3711 571 3766 sine
614 3711 722 3765 ulla
761 3712 1061 3782 cyclorum,
1097 3711 1177 3766 uti
1211 3711 1417 3766 dictum
1453 3721 1556 3772 est,
1591 3710 1847 3765 methodo

285 3803 679 3858 subducebant.
715 3801 932 3866 Postea,
961 3820 1084 3858 cum
1111 3803 1222 3874 jam
1269 3817 1402 3858 usus
1433 3803 1649 3858 artificii
1685 3803 1846 3858 istius

284 3895 395 3949 fere
450 3894 504 3948 in
555 3893 800 3948 Ecclesia
849 3895 1140 3963 coepisset,
1194 3893 1400 3962 placuit
1442 3907 1616 3948 annos
1659 3891 1847 3946 mundi

283 3987 361 4039 sic
392 3984 459 4038 ad
490 3984 739 4040 eumdem
771 3992 977 4054 aptare,
1032 3991 1092 4038 ut
1141 3982 1317 4039 divisa
1349 4000 1562 4040 summa
1612 3999 1706 4053 per
1755 3998 1847 4053 cy-

281 4079 489 4132 clorum
540 4076 846 4146 periodum,
897 4075 1152 4146 proprius
1180 4075 1308 4128 anni
1348 4075 1614 4145 cujusque
1659 4075 1846 4145 cyclus

281 4171 586 4226 exsisteret.
617 4169 788 4236 Quem
823 4170 876 4223 in
912 4169 1071 4222 ﬁnem
1109 4167 1304 4240 partim
1342 4181 1609 4220 annorum
1641 4166 1848 4236 aliquot

281 4263 613 4317 detractione
654 4261 738 4316 vel
790 4259 1094 4323 additione,
1142 4258 1352 4330 priores
1398 4266 1684 4326 computos
1746 4257 1848 4312 im-

282 4359 599 4417 mutarunt;
654 4351 846 4420 partim
897 4351 964 4404 iis
1007 4349 1254 4413 retentis,
1304 4347 1736 4402 Incarnationem
1781 4361 1846 4401 ac

1964 535 2068 589 lem
2127 536 2334 606 cyclum
2379 536 2613 590 instituit
2663 551 2928 591 annorum
2977 553 3310 604 ccccxxxvu,
3366 544 3526 610 cujus

1963 632 2180 680 centum
2239 627 2448 695 priores
2514 643 2686 684 annos
2743 629 3050 696 descripsit,
3107 646 3267 686 orsus
3319 646 3349 684 a
3396 647 3527 686 con-

1962 717 2140 770 sulatu
2201 714 2442 771 Gratiani
2485 734 2518 772 v
2581 727 2634 774 et
2697 718 2985 774 Theodosii
3038 721 3239 791 impp.,
3294 725 3386 792 qui
3441 731 3526 776 est

1963 822 2139 860 annus
2165 822 2286 862 atra:
2314 808 2644 864 Christianae
2680 824 2944 876 cccnxxx,
2976 813 3130 882 cyclo
3173 813 3312 866 lunze
3338 813 3379 865 ι.
3427 812 3526 868 Hic

1961 915 2137 956 annus
2181 917 2246 956 ex
2282 901 2522 956 Africani
2567 903 2776 957 calculo
2821 905 3115 972 putabatur
3157 905 3226 959 ab
3274 905 3526 958 lncarna-

1961 994 2112 1047 tione
2159 1009 2465 1056 cccuxxn,
2501 993 2569 1048 ab
2608 994 2816 1048 Adamn
2859 995 2998 1050 5882
3039 996 3154 1062 (lib.
3198 1011 3236 1049 rt
3275 995 3350 1050 De
3380 997 3521 1050 doct.

1961 1093 2142 1152 temp.,
2175 1099 2296 1154 cap.
2335 1082 2540 1154 LXIX).
2580 1083 2780 1140 Divisis
2811 1085 2950 1140 5882
2976 1101 3073 1154 per
3108 1085 3176 1140 I9
3202 1085 3523 1156 relinquun-

1960 1182 2052 1229 tur
2082 1174 2144 1237 II,
2175 1176 2326 1244 atqui
2357 1175 2376 1228 ι
2410 1176 2688 1230 residuum
2721 1193 2845 1232 esse
2870 1177 3108 1232 methodi
3137 1179 3410 1247 paschalis
3439 1180 3524 1234 in-

1959 1276 2182 1324 tererat.
2216 1268 2538 1325 Panodorus
2573 1285 2706 1341 ergo
2742 1270 2927 1326 decem
2962 1271 3240 1338 detractis,
3273 1273 3521 1328 eumdem

1959 1358 2113 1412 illum
2172 1375 2376 1413 annum
2426 1360 2735 1414 numeravit
2787 1360 2856 1414 ab
2904 1362 3036 1416 orbe
3093 1361 3313 1415 condito
3358 1360 3518 1423 5872,

1959 1450 2156 1520 quibus
2184 1467 2278 1520 per
2313 1451 2379 1504 I9
2408 1452 2641 1520 partitis,
2673 1451 2860 1521 cyclus
2886 1452 2974 1506 ille
3005 1453 3145 1506 lunae
3170 1453 3396 1522 primus.
3427 1453 3519 1522 qui

1959 1542 2323 1610 quaerebatur,
2369 1543 2605 1597 exsistit.
2658 1540 2925 1598 Praeterea
2970 1541 3400 1600 Incarnationem
3455 1560 3519 1598 ac

1957 1632 2198 1688 Natalem
2245 1633 2444 1688 Christi
2475 1634 2695 1688 biennio
2723 1633 2986 1688 subduxit
3019 1636 3088 1690 ab
3112 1635 3351 1689 Africani
3379 1650 3512 1705 epo-

1956 1725 2093 1791 cha;
2130 1732 2180 1779 et
2213 1725 2268 1779 in
2299 1741 2502 1779 annum
2535 1726 2759 1797 redegit,
2789 1729 2881 1796 qui
2921 1727 3333 1782 trecentesimus
3361 1736 3518 1782 octo-

1954 1818 2191 1887 gesimus
2214 1824 2359 1872 retro
2381 1817 2674 1886 putabatur
2697 1818 2766 1871 ab
2794 1817 3018 1872 exordio
3047 1818 3182 1888 cycli
3207 1816 3514 1887 Theophili.

1956 1906 2013 1960 Si
2044 1923 2221 1962 annus
2256 1907 2396 1962 5872
2442 1907 2626 1962 mundi
2679 1907 3098 1962 trecentesimus
3147 1908 3517 1978 octogesimus

1952 1997 2227 2051 secundus
2258 1997 2546 2051 haberetur
2589 1997 2657 2051 ab
2690 1997 2971 2051 incarnato
3017 1997 3264 2060 Domino,
3302 1998 3517 2052 caderet

1951 2084 2258 2142 Incarnatio
2289 2087 2343 2141 in
2388 2102 2588 2141 annum
2635 2089 2705 2143 ab
2751 2088 2958 2143 Adamo
2986 2089 3144 2143 5491.
3197 2088 3515 2144 Panodorus

1951 2185 2132 2232 autem
2164 2193 2287 2232 eum
2319 2193 2520 2232 annum
2550 2180 2760 2248 putavit
2795 2179 2952 2235 5495.
2984 2178 3150 2250 Igitur
3174 2181 3386 2251 primus
3416 2195 3515 2234 an-

1952 2285 2056 2323 nus
2081 2270 2217 2341 cycli
2260 2268 2568 2340 Theophili,
2599 2285 2720 2324 teras
2750 2269 3146 2326 lncarnationis
3173 2273 3240 2328 ab
3269 2273 3361 2327 illo
3405 2289 3514 2326 nu-

1949 2366 2190 2413 meratus
2239 2367 2324 2413 est
2365 2360 2784 2414 trecentesimus
2831 2361 3234 2428 octogesimus:
3265 2375 3384 2430 qua:
3430 2369 3514 2416 est

1948 2448 2177 2516 insignis
2206 2449 2515 2503 observatio
2535 2451 2818 2504 vetustatis
2843 2465 2966 2504 terre
2995 2451 3318 2513 communis,
3349 2465 3516 2521 quam

1949 2536 2332 2608 Dionysianam
2375 2537 2683 2600 nominant,
2729 2552 3038 2607 quanquam
3081 2544 3189 2592 lmO
3235 2553 3380 2592 anno
3423 2537 3514 2592 ln-

1947 2629 2320 2684 carnationem
2369 2629 2792 2692 antevertimus,
2839 2643 2906 2684 eo
2953 2628 3099 2698 quod
3147 2624 3253 2682 tera
3309 2629 3513 2684 Christi

1948 2737 2056 2776 non
2088 2720 2515 2778 Incarnationem
2545 2721 2772 2777 includit
2811 2721 3019 2790 ipsam;
3062 2719 3156 2775 sed
3193 2734 3223 2772 a
3253 2718 3512 2777 Kalendis

1945 2809 2220 2867 Ianuariis
2259 2811 2522 2881 proximis
2567 2825 2597 2864 a
2648 2809 2824 2864 Natali
2863 2809 3071 2878 incipit.
3139 2807 3510 2864 Nihilominus

1948 2905 2221 2957 luculenta
2283 2912 2368 2958 est
2417 2904 2528 2956 haec
2585 2902 2794 2957 notatio
2847 2901 3085 2970 vulgaris
3132 2915 3292 2966 nam;
3348 2914 3508 2968 quam

1856 3042 1867 3052 .
1946 2995 2258 3064 chronologi
2313 2991 2533 3061 quidam
2590 2991 2926 3046 recentiores
2986 2997 3045 3043 ut
3093 2990 3319 3044 minime
3368 2989 3510 3043 anti-

1873 3117 1914 3171 ο
1949 3101 2133 3156 quam,
2159 3092 2212 3138 et
2239 3101 2269 3138 a
2297 3082 2554 3154 Dionysio
2596 3083 2825 3149 primum
2858 3081 3068 3152 Exiguo
3108 3089 3374 3171 repertam
3408 3081 3510 3134 im-

1951 3183 2324 3248 punevexant
2352 3190 2416 3229 ac
2444 3173 2679 3229 ludibrio
2710 3174 2929 3228 habent.
2957 3172 3062 3229 Sed
3090 3175 3209 3244 ejus
3234 3183 3507 3230 auctorem

1950 3269 2140 3323 saltem
2187 3264 2530 3320 Panodorum
2575 3264 2747 3321 fuisse
2797 3280 2864 3319 ex
2909 3279 2980 3320 eo
3020 3265 3312 3329 vincimus,
3361 3265 3505 3335 quod

1949 3357 2212 3428 Georgius
2263 3356 2546 3428 Syncellus
2589 3356 3018 3410 Incarnationem
3069 3355 3274 3422 Christi
3315 3357 3383 3410 ab
3413 3357 3506 3411 illo

1947 3448 2174 3504 relatam
2204 3447 2402 3502 astruit
2432 3447 2488 3500 in
2513 3460 2714 3499 annum
2746 3445 2934 3500 mundi
2957 3445 3128 3512 5493;
3157 3461 3316 3516 quem
3347 3446 3508 3516 ipsis-

1950 3539 2146 3595 simum
2187 3553 2310 3594 esse
2341 3537 2574 3606 primum
2606 3551 2728 3591 a‘rze
2759 3537 3062 3593 communis
3105 3550 3227 3608 cap.
3259 3536 3507 3608 sequenti

1949 3629 2464 3692 demonstrabimus,
2497 3627 2588 3682 ubi
2616 3625 2830 3699 Georgii
2859 3627 3215 3700 fragmentum
3242 3628 3371 3683 illud
3413 3644 3509 3684 ex-

1950 3724 2274 3780 scribcmus.
2305 3722 2492 3778 Annos
2532 3720 2671 3776 5493
2699 3722 2743 3776 si
2771 3736 2867 3791 per
2895 3722 2960 3775 I9
2990 3721 3242 3788 partiare.
3287 3722 3344 3774 lit
3367 3721 3508 3775 quat

1950 3817 2136 3889 cyclus
2165 3815 2220 3878 2,
2269 3815 2363 3884 qui
2392 3813 2615 3883 perinde
2642 3828 2784 3868 anno
2827 3813 3004 3883 primo
3032 3811 3238 3868 Christi
3277 3812 3507 3868 nostrati

1949 3909 2218 3979 congruit.
2266 3905 2341 3960 Ex
2377 3906 2480 3960 hac
2510 3904 2779 3958 Panodori
2827 3902 3259 3959 conformatione
3310 3901 3508 3956 accidit

1948 4009 2007 4056 ut
2037 4007 2324 4069 computus
2346 3997 2448 4052 iste
2479 4011 2671 4052 recens
2697 3997 2766 4051 ab
2793 3996 2925 4050 orbe
2947 3995 3166 4050 condito
3193 4003 3316 4048 octo
3347 3993 3506 4046 annis

1949 4095 2128 4148 minor
2153 4100 2301 4147 esset
2349 4090 2532 4161 priore
2565 4089 2680 4152 illo,
2715 4089 2808 4156 qui
2838 4087 2942 4142 fuit
2977 4086 3240 4141 Africani.
3270 4083 3506 4140 Tametsi

1947 4187 2090 4240 enim
2114 4183 2299 4239 decem
2323 4195 2500 4237 annos
2523 4180 2590 4235 de
2609 4194 2675 4235 eo
2699 4177 3017 4235 Panodorus
3043 4178 3300 4241 abstulit,
3328 4183 3508 4231 tamen

1949 4288 2289 4330 communem
2336 4271 2634 4327 terminum
2683 4269 2904 4325 biennio
2951 4267 3265 4324 summovit.
3309 4261 3366 4319 Si
3424 4265 3509 4319 ln-

1948 4363 2281 4420 carnationis
2297 4360 2586 4430 pristinum
2607 4374 2812 4414 annum
2834 4357 3148 4412 retinuisset
3167 4357 3235 4411 ab
3251 4355 3509 4409 Africano

279 4445 598 4500 Passionem
654 4443 857 4498 Christi
909 4443 1046 4497 alios
1097 4443 1152 4495 iu
1198 4455 1394 4503 annos,
1431 4453 1594 4510 quam
1641 4439 1842 4509 quibus

1947 4456 2151 4512 editum
2172 4495 2188 4520 ,
2217 4453 2310 4524 qui
2343 4465 2427 4510 est
2455 4451 2662 4524 periodi
2693 4449 2923 4505 Julianze
2949 4450 3110 4513 4712,
3136 4447 3357 4502 biennio
3382 4457 3509 4501 ante

279 4529 507 4599 ascripti
551 4535 706 4584 erant
736 4527 911 4592 initio,
947 4527 1282 4597 relegarunt.
1333 4524 1447 4604 Hoc
1480 4532 1538 4579 ut
1577 4525 1841 4595 paulatim

276 4623 528 4678 evenisse
559 4621 873 4692 conjectura
905 4626 1091 4676 nostra
1133 4619 1254 4686 fert,
1285 4618 1558 4689 explicare
1586 4617 1842 4688 deinceps

277 4714 582 4786 aggrediar.

347 4827 630 4896 Princeps,
682 4835 944 4895 quantum
992 4824 1260 4895 suspicari
1310 4823 1456 4886 licet,
1505 4821 1559 4876 in
1607 4822 1840 4893 Egypto

275 4917 617 4981 Panodorus.
654 4928 776 4972 cum
809 4915 1264 4972 animadverteret
1315 4929 1485 4968 annos
1534 4914 1604 4968 ab
1633 4913 1840 4967 Adamo

275 5025 340 5063 ex
386 5008 626 5062 Africani
661 5009 929 5063 sententia
959 5007 1242 5071 collectos,
1279 5004 1326 5060 si
1377 5019 1472 5074 per
1523 5002 1590 5057 I9
1635 5001 1840 5058 divide-

277 5105 486 5160 rentur,
517 5113 859 5168 nequaquam
894 5099 1162 5154 labentem
1204 5099 1348 5152 luna).
1365 5097 1578 5168 cyclum
1605 5094 1835 5160 edicere,

277 5207 385 5246 non
414 5189 680 5244 dubitavit
707 5191 990 5261 captandas
1017 5188 1436 5260 opportunitatis
1463 5188 1614 5243 illius
1642 5188 1835 5258 gratia,

279 5296 483 5350 paucos
535 5294 707 5334 annos
770 5295 801 5334 e
868 5294 1080 5333 summa
1135 5277 1444 5349 decerpere.
1505 5277 1626 5332 Jam
1693 5278 1838 5332 enim

282 5369 766 5424 Alexandrinorum
793 5368 1001 5423 lunaris
1023 5369 1210 5435 cyclus
1237 5370 1656 5438 percrebuerat;
1683 5368 1776 5436 qui
1809 5383 1840 5422 a

282 5460 522 5527 paschali
564 5461 675 5515 fere
707 5476 892 5515 mense
923 5476 1145 5515 sumens
1179 5460 1416 5524 initium,
1461 5460 1601 5514 idem
1631 5467 1749 5515 erat
1775 5475 1840 5515 ac

279 5559 486 5615 noster,
535 5551 640 5605 hoc
669 5560 752 5608 est
793 5553 1002 5623 primus
1050 5553 1213 5607 unius
1262 5553 1469 5622 primus
1501 5551 1688 5608 itidem
1723 5561 1838 5607 erat

281 5643 508 5699 alterius
543 5662 559 5699 :
593 5643 1028 5714 quandoquidem
1059 5644 1333 5714 paschalis
1363 5645 1541 5700 omnis
1569 5643 1840 5700 Romano-

287 5747 410 5789 rum
446 5733 731 5791 mcthodus
755 5735 822 5790 ab
861 5733 1354 5791 Alexandrinorum
1385 5742 1469 5791 est
1498 5733 1644 5791 fonte
1669 5733 1842 5817 deduf

1943 4549 2206 4619 epocham
2249 4554 2525 4611 nostram;
2561 4559 2736 4600 annus
2781 4543 2990 4613 primus
3029 4540 3167 4612 cycli
3194 4537 3504 4609 Theophili,

1945 4638 2154 4694 Christi
2207 4636 2342 4701 580,
2393 4635 2589 4692 fuisset
2639 4648 2759 4688 aera:
2800 4629 3198 4687 lncarnationis
3237 4628 3507 4684 Panodori

1943 4730 2082 4796 582;
2116 4728 2302 4782 mundi
2330 4727 2491 4783 58⁸72.
2531 4725 2742 4780 Ablatis
2771 4724 2930 4778 annis
2949 4722 3054 4777 582
3078 4720 3144 4776 de
3175 4719 3335 4781 5872.
3370 4718 3506 4774 resi-

1941 4823 2034 4876 dui
2066 4829 2192 4875 sunt
2239 4818 2396 4874 5490.
2447 4817 2584 4888 Ergo
2635 4831 2812 4870 annus
2863 4814 2996 4869 549i
3051 4820 3196 4868 esset
3251 4811 3506 4865 lncarna-

1940 4913 2104 4968 tionis
2158 4925 2355 4965 annus.
2411 4909 2556 4964 Idem
2621 4909 2827 4979 primus
2895 4903 3177 4974 Theophili
3225 4917 3401 4958 annus
3437 4917 3507 4958 ex

1941 5003 2186 5058 Africani
2229 5011 2486 5071 computo
2533 5008 2648 5055 erat
2679 5000 2748 5054 ab
2778 4998 2986 5054 Adamo
3025 4997 3183 5063 5882,
3227 5012 3257 5051 a
3297 4995 3504 5051 Christi

1943 5095 2324 5150 Incarnatione
2370 5092 2494 5147 582.
2543 5091 2838 5146 Subductis
2879 5090 2983 5144 582
3013 5089 3080 5144 de
3112 5088 3272 5154 5882,
3307 5086 3502 5158 reliqui

1943 5195 2070 5244 sunt
2101 5186 2228 5239 anni
2254 5185 2392 5240 5500
2426 5204 2439 5238 :
2482 5183 2706 5253 proinde
2737 5197 2880 5236 anno
2911 5182 3044 5237 550i
3073 5181 3388 5235 incarnatus
3421 5186 3507 5236 est

1941 5276 2194 5332 Christus
2231 5291 2299 5331 ex
2341 5274 2584 5328 Africani
2629 5273 2951 5328 ratiociniis.
3003 5271 3306 5327 Discrimen
3353 5285 3506 5324 com-

1942 5368 2059 5439 puti
2089 5366 2250 5436 hujus
2283 5374 2337 5420 et
2377 5367 2622 5429 alterius,
2659 5367 2787 5419 anni
2823 5365 2908 5418 IO.
2945 5362 3145 5419 Verum
3185 5362 3506 5418 Panodorus

1943 5460 2184 5523 biennio,
2220 5467 2280 5514 ut
2321 5458 2524 5512 dictum
2565 5465 2669 5520 est,
2697 5455 3134 5510 Incarnationem
3167 5454 3500 5510 descendere

1937 5554 2105 5622 jussit
2147 5553 2213 5607 ad
2261 5567 2460 5606 annum
2495 5551 2634 5606 5405
2662 5566 2678 5604 :
2708 5549 2852 5606 unde
2897 5559 3020 5604 octo
3065 5563 3330 5604 annorum
3363 5547 3503 5602 dun-

1943 5652 2092 5699 taxat
2131 5645 2268 5699 inter
2301 5653 2589 5714 utrumque
2628 5649 2755 5696 nata
2784 5641 3084 5698 differentia
3122 5651 3228 5696 est.
3261 5639 3500 5695 Accessit

1946 5736 2012 5792 ad
2047 5752 2164 5794 eam
2192 5737 2334 5809 cycli.
2362 5737 2572 5793 lunaris
2601 5736 3082 5807 opportunitatem,
3105 5743 3161 5792 et
3190 5731 3500 5791 indictionis
