4036 6218
509 280 646 332 Mm

1519 274 1608 328 AD
1647 271 1918 329 ECSEBII
1955 269 2348 328 CilRONICON
2386 267 2744 323 APPENDIX.

3594 269 3616 320 1
3633 269 3732 325 408

504 406 660 448 usus.
698 388 831 445 Nam
868 389 1078 444 unitate
1117 388 1323 451 addita,
1361 397 1416 442 et
1455 403 1665 443 summa
1697 403 1793 458 per
1839 385 1905 441 15
1944 403 2068 457 par-
2101 391 2144 445 Α
2171 384 2319 453 quod
2348 393 2540 439 neuter
2570 384 2785 438 illorum
2833 381 3093 439 instituit.
3141 379 3278 434 Hinc
3320 388 3543 451 apparet
3585 394 3732 438 recte

505 484 624 539 ti'a.
662 482 880 552 propria
911 482 1180 553 cujusque
1214 481 1344 535 anni
1378 479 1607 535 habetur
1643 479 1889 534 indictio.
1927 478 2070 532 Anni

502 569 644 625 5672
677 585 772 640 per
813 570 882 625 15
907 570 1184 625 distributi
1236 571 1554 640 relinquunt
1585 569 1636 623 7.
1682 565 1882 622 Verum
1928 581 2072 622 anno

503 659 710 717 Christi
739 660 844 715 580
868 660 1094 715 indictio
1129 660 1232 714 fuit
1259 661 1328 716 8:
1366 662 1547 716 unitas
1569 674 1698 732 ergo
1727 657 1947 729 adjungi
1979 658 2074 713 de-

505 752 596 809 bet
623 753 688 808 ad
721 768 1031 808 numerum.
1063 752 1220 819 Quod
1244 753 1291 809 si
1315 768 1516 808 annum
1547 752 1790 808 Africani
1811 751 1954 808 5882
1981 766 2090 822 per.

509 842 575 897 15
606 842 900 907 divideres,
949 841 1179 897 indictio
1225 843 1262 896 ‘2
1308 844 1641 914 proveniret,
1691 858 1813 913 qua:
1862 840 2075 912 longius

505 933 662 988 abest
691 931 763 987 ab
799 948 884 992 ea.
915 948 1036 1004 quae
1069 943 1183 988 tum
1218 935 1530 1005 putabatur.
1569 932 1931 1000 Quamobrem
1964 947 2074 986 non

505 1023 689 1078 minus
723 1024 1064 1088 indictionis.
1110 1040 1274 1096 quam
1304 1026 1442 1096 cycli
1476 1025 1685 1080 lunaris
1718 1023 2076 1080 commoditas

505 1113 853 1170 Panodorum
888 1116 1130 1187 impulit,
1172 1125 1232 1170 ut
1263 1116 1510 1170 Africani
1550 1125 1865 1188 computum
1907 1115 2079 1170 inter-

507 1206 739 1276 polaret.
789 1203 849 1260 Si
880 1205 1101 1275 quidem
1137 1204 1455 1262 indictionis
1498 1221 1634 1262 usus
1675 1222 1773 1277 per
1813 1207 1904 1260 illa
1942 1215 2080 1261 tem-

508 1309 644 1367 pora
670 1296 1044 1353 vehementius
1071 1297 1477 1354 increbrescere
1506 1299 1691 1370 coepit,
1709 1307 1770 1353 ιιι
1796 1306 1880 1354 est
1908 1299 1962 1353 in
1984 1299 2078 1354 lib.

507 1386 580 1443 XI
600 1389 677 1444 De
692 1388 938 1444 doctrina
959 1400 1267 1457 temporum,
1298 1405 1422 1461 cap.
1453 1389 1590 1444 XLI.

579 1481 795 1537 Atenim
834 1497 1161 1551 persuasum
1201 1481 1305 1536 hoc
1337 1481 1615 1552 plerisque
1645 1479 1770 1545 fuit,
1802 1479 2080 1536 Christum

513 1571 802 1627 Dominum
836 1581 889 1627 et
919 1572 1098 1628 Martii
1129 1589 1290 1641 χχιιι,
1315 1581 1368 1628 et
1399 1574 1529 1628 luna
1557 1589 1647 1627 xiv
1689 1572 1772 1628 vel
1803 1589 1891 1635 xv,
1919 1573 1970 1627 id
1996 1580 2082 1627 est

512 1664 830 1735 pleuilunio,
859 1680 983 1720 esse
1015 1681 1261 1736 passum,
1302 1666 1356 1721 id
1389 1673 1474 1721 est
1501 1672 1555 1720 in
1591 1665 1859 1721 Paschate
1891 1663 2081 1720 Judai-

511 1771 596 1819 co,
634 1754 811 1810 Martii
861 1771 992 1810 vero
1043 1773 1148 1811 xxv
1197 1759 1571 1814 resurrexisse

514 1847 649 1902 feria
679 1863 756 1911 vl,
794 1848 899 1902 hoc
929 1857 1110 1903 autem
1144 1849 1280 1904 feria
1309 1867 1326 1904 ι
1355 1851 1651 1921 contigisse
1680 1858 1832 1906 extra
1859 1857 2082 1905 contro-

514 1940 748 1994 versiam
787 1949 892 1996 est.
939 1940 1095 2007 Quod
1126 1941 1304 1996 Martii
1349 1957 1485 1997 χχιιι
1518 1957 1738 2012 passum
1778 1957 1899 1998 esse
1929 1943 2086 1996 Chri-

516 2041 662 2088 stum
687 2032 860 2089 Graeci
881 2036 1225 2107 computistae
1254 2035 1609 2097 crediderint,
1634 2045 1952 2106 argumento
1976 2043 2081 2098 est,

516 2124 661 2194 quod
723 2125 1010 2190 Maximus,
1055 2128 1341 2197 Georgius,
1386 2125 1714 2180 'Chronicon
1763 2126 2085 2181 Alexandri-

515 2232 670 2280 num,
689 2217 991 2280 Cedrenus,
1017 2227 1070 2272 et
1098 2218 1190 2270 alii
1221 2217 1532 2286 complures
1557 2218 1628 2270 ita
1655 2217 1912 2286 sentiunt.
1939 2217 2082 2282 Quin

514 2307 680 2362 etiam
717 2307 1053 2362 Caesariense
1084 2307 1401 2370 concilium,
1441 2309 1586 2377 quod
1641 2307 1856 2364 Victore
1907 2310 2088 2378 ponti-

514 2397 616 2452 ﬁce
641 2399 789 2452 circa
824 2413 1026 2453 annum
1071 2399 1276 2454 Christi
1321 2398 1555 2454 CXCVII
1598 2401 1930 2455 celebratum
1979 2408 2083 2463 est,

515 2488 620 2542 hoc
647 2489 822 2558 ipsum
853 2488 1062 2544 deiiniit
1093 2475 1186 2544 ub.
1220 2489 1314 2542 xu
1335 2489 1412 2544 De
1439 2491 1580 2545 doct.
1618 2501 1773 2560 temp.
1803 2507 1947 2560 cap.,
1971 2489 2084 2544 xu.

518 2578 790 2646 Quocirca
836 2580 941 2634 tria
980 2581 1095 2636 haec
1141 2580 1198 2635 in
1246 2582 1498 2638 eumdem
1548 2585 1894 2638 concurrisse
1942 2585 2085 2638 diem

517 2672 695 2726 Martii
728 2688 863 2727 xxm
903 2674 1150 2727 arbitrati
1182 2682 1330 2741 sunt,
1364 2675 1555 2731 feriam
1585 2691 1660 2738 vt.
1698 2685 1750 2730 et
1776 2677 1958 2730 lunam
1983 2693 2086 2743 xv;

516 2780 621 2820 nec
648 2780 755 2818 non
787 2764 1087 2835 legitimum
1116 2768 1293 2821 aetatis
1325 2767 1567 2831 modum,
1607 2776 1664 2821 ut
1702 2785 1874 2822 χχχιιι
1913 2783 2087 2823 annos

517 2856 739 2910 circiter
786 2857 960 2911 aetatis
1006 2857 1276 2912 haberet:
1312 2859 1568 2926 quoniam
1621 2859 1894 2914 tricesimo
1945 2875 2089 2913 anno

516 2946 828 3017 baptizatus
869 2955 988 3012 est,
1041 2963 1105 3002 ac
1157 2949 1257 3001 tria
1304 2947 1500 3003 deinde
1545 2947 1813 3004 Paschata
1858 2952 2085 3020 peregit.

517 3035 728 3102 Quibus
762 3037 1016 3090 omnibus
1055 3037 1394 3092 commodior
1426 3038 1611 3094 nullus
1639 3041 2085 3095 annus'inveniri

516 3128 716 3198 potuit.
734 3144 898 3199 quam
927 3128 1019 3198 qui
1041 3143 1161 3182 tera:
1181 3130 1491 3184 communis
1506 3138 1589 3185 est
1609 3146 1739 3190 χιιι.
1763 3143 1817 3186 et
1841 3133 1892 3185 in
1918 3131 2092 3187 Panoa

517 3219 638 3274 dori
665 3229 922 3290 computo
952 3220 1094 3276 5555
1116 3222 1324 3287 exiens,
1349 3221 1632 3291 iniensque
1652 3222 1812 3288 5554,
1840 3224 2092 3295 idemque

521 3311 590 3366 ab
609 3309 1009 3376 lncarnatione,
1029 3312 1328 3369 secundum
1346 3312 1711 3377 Panodorum,
1728 3307 1814 3369 ΑΞ.
1834 3315 1966 3370 Nam
1991 3317 2093 3372 hoc

521 3417 667 3456 anno
706 3402 893 3472 eyclus
924 3411 1042 3457 erat
1097 3403 1230 3458 solis
1277 3402 1556 3460 Romanus
1615 3421 1771 3470 χχιιι,
1801 3407 1979 3462 littera
2025 3405 2088 3475 Ο,

527 3494 866 3565 proindeque
902 3495 1082 3551 Martii
1108 3495 1241 3552 feria
1272 3513 1346 3566 vi,
1371 3505 1426 3553 et
1450 3498 1623 3553 Martii
1648 3515 1754 3554 xxv
1789 3499 2090 3565 Dominica,

521 3588 710 3658 eyclus
733 3588 873 3643 luna:
902 3588 1322 3658 Alexandrinus,
1349 3598 1404 3646 et
1429 3589 1708 3647 Romanus
1742 3591 1844 3646 fuit
1872 3609 1925 3657 ν,
1961 3609 2093 3648 nco-

524 3679 703 3734 menia
736 3678 952 3735 Nicaena
976 3681 1152 3734 Martii
1185 3699 1239 3736 ιχ
1268 3692 1322 3737 et
1348 3697 1507 3746 χχιιι,
1541 3683 1669 3737 luna
1695 3700 1784 3740 xv.
1815 3682 1957 3755 Ergo
1985 3702 2094 3740 non

525 3769 843 3824 dubitarunt
879 3771 970 3824 illo
992 3786 1134 3825 anno
1166 3759 1480 3842 passionem
1508 3772 1800 3830 accidisse.
1833 3773 1904 3829 Ut
1932 3775 2097 3847 igitur

524 3861 844 3918 tricesimus
861 3862 952 3917 hic
971 3870 1024 3917 et
1045 3863 1262 3931 tertius,
1282 3865 1367 3920 vel
1389 3873 1616 3936 quartus
1637 3869 1811 3924 aetatis
1841 3879 1985 3926 esset
2008 3887 2098 3926 an-

526 3968 632 4008 nus
650 3954 875 4024 patienti
897 3954 1138 4020 Christo,
1163 3957 1566 4014 constituerunt
1583 3974 1728 4014 anno
1749 3963 1984 4032 computi
2007 3962 2099 4016 Pa-

532 4045 724 4100 nodori
761 4046 892 4101 δῦθι
931 4048 1272 4102 incarnatum
1307 4064 1428 4104 esse
1459 4050 1770 4118 Christum;
1811 4069 1931 4107 arra:
1984 4054 2101 4107 vul-

528 4139 672 4209 garis
688 4155 852 4200 nono,
868 4139 1076 4209 periodi
1093 4138 1322 4196 Iuliana:
1342 4141 1506 4198 4722.
1529 4141 1605 4198 De
1625 4159 1730 4214 qua
1755 4145 1970 4200 illorum
1991 4147 2099 4216 opi-

533 4229 712 4290 nioue,
749 4237 802 4284 et
834 4230 1184 4300 chronologia
1216 4232 1280 4284 ad
1311 4229 1691 4302 Fragmentum
1720 4233 1936 4304 Georgii
1963 4233 2101 4306 Syn-

530 4318 650 4373 oelli
664 4318 1028 4388 disputabitur
1041 4319 1214 4389 capite
1227 4321 1635 4390 sequenti.Huic
1651 4323 1864 4378 illorum
1878 4327 2105 4395 castiga-

2168 491 2272 530 nos
2295 476 2471 545 capite
2502 476 2520 529 l
2547 474 2831 537 docuisse,
2868 485 3179 544 computum
3222 473 3368 528 hunc
3398 475 3649 528 annalem
3682 485 3735 529 et

2168 565 2633 627 Alexandrinum,
2683 563 2816 617 nihil
2856 579 2888 618 a
2921 562 3190 618 Panodori
3233 571 3489 634 computo
3530 564 3735 620 discre-

2169 672 2321 727 pare.
2353 656 2398 711 si
2432 657 2499 710 ad
2531 671 2703 712 annos
2732 656 2923 710 Adami
2968 657 3044 711 vel
3067 656 3251 711 mundi
3290 657 3576 726 respicias.
3598 655 3736 710 Tum

2174 749 2228 803 id
2255 755 2503 815 constat;
2552 750 2780 803 multum
2816 750 2961 804 hunc
2985 749 3054 804 ab
3081 765 3188 804 aera
3231 749 3475 804 Africani
3509 765 3634 806 esse
3655 752 3736 805 di-

2173 856 2412 896 versum.
2431 841 2696 908 Quocirca
2719 843 2865 912 quod
2887 843 2942 897 in
2963 842 3035 897 IX
3055 842 3132 897 De
3155 844 3396 898 doctrina
3422 855 3736 914 temporum,

2174 950 2295 1005 cap.
2320 934 2385 988 IV
2407 935 2665 999 diximus,
2694 951 2760 990 ex
2796 935 2973 992 tribus
2996 935 3229 1005 vulgatis
3254 937 3566 993 Crarcorum
3594 955 3739 994 com-

2177 1026 2343 1094 putis,
2377 1025 2716 1094 antiquitatis
2743 1026 2976 1096 palmam
3009 1027 3060 1082 ei
3093 1026 3302 1092 deberi,
3333 1029 3427 1100 qui
3459 1029 3525 1082 ad
3552 1027 3740 1083 lncar-

2179 1121 2449 1174 nationem
2482 1117 2685 1174 Christi
2729 1125 2980 1174 numerat
3027 1120 3309 1175 absolutos
3353 1136 3530 1177 annos
3579 1123 3743 1190 5500,

2176 1207 2285 1262 late
2319 1205 2373 1260 id
2407 1207 2784 1276 accipiendum
2817 1216 2930 1271 est;
2965 1216 3022 1264 et
3064 1209 3314 1275 καθόλου,
3371 1212 3418 1266 si
3471 1229 3744 1268 annorum

2176 1299 2556 1354 tantummodo
2614 1314 2826 1355 summa
2885 1308 3202 1371 spectetur,
3257 1304 3571 1373 cujusmodi
3625 1323 3747 1360 eam

2179 1386 2473 1443 Africanus
2507 1387 2765 1442 instituit.
2801 1387 2897 1442 Sin
2925 1405 2993 1445 eo
3018 1390 3184 1446 modo
3210 1393 3616 1457 consideretur,
3642 1413 3751 1466 quo

2181 1478 2250 1533 ab
2278 1477 2627 1548 computandi
2658 1479 2936 1550 magistris
2962 1483 3366 1539 accommodata
3408 1495 3603 1556 postea
3647 1497 3750 1546 est.

2182 1586 2306 1626 cum
2340 1587 2474 1627 usus
2523 1569 2762 1629 methodi
2807 1576 3079 1646 paschalis
3124 1577 3393 1649 implexa;
3435 1580 3630 1636 eadem
3673 1589 3754 1636 est

2184 1679 2308 1718 cum
2359 1665 2450 1718 illa
2481 1663 2788 1735 Panodori;
2833 1667 2929 1725 sed
2958 1670 3078 1741 ejus
3120 1680 3206 1726 cst
3245 1673 3505 1729 tractatio
3532 1675 3755 1729 confor-

1614 1776 1628 1812 :
1677 1773 1910 1828 quorum
1950 1758 2082 1812 illud
2115 1728 2155 1782 Β
2187 1753 2463 1823 statioque
2493 1728 2780 1812 recentior.

2254 1928 2384 1986 Post
2419 1931 2564 1987 hunc
2589 1930 2856 1989 Panodori
2893 1948 3203 2007 computum
3227 1957 3536 2011 perperam,
3576 1953 3632 1999 et
3657 1947 3753 1999 ad-

2184 2034 2377 2076 versus
2417 2021 2836 2094 Evangeliorum
2871 2028 3028 2081 tidem
3063 2044 3093 2082 a
3129 2029 3334 2088 Graecis
3360 2050 3422 2088 ea
3452 2051 3618 2106 quam
3659 2053 3753 2093 ex-

2185 2115 2366 2183 posui,
2398 2115 2608 2170 ratione
2636 2117 2988 2186 depravatum
3009 2159 3024 2184 ,
3071 2122 3208 2176 alter
3245 2127 3591 2196 excogitatus
3632 2138 3749 2194 est;

2184 2205 2278 2274 qui
2322 2205 2424 2260 hoc
2454 2207 2675 2263 excluso
2707 2210 2908 2278 priore,
2949 2211 3207 2284 pleraque
3253 2215 3308 2270 in
3352 2221 3497 2272 omni
3539 2219 3752 2275 Graecia

2185 2308 2238 2356 et
2263 2299 2484 2357 Oriente
2516 2303 2618 2357 hac
2650 2312 2809 2360 aztate
2835 2317 3086 2376 receptus
3117 2318 3224 2365 est.
3259 2311 3349 2365 Hic
3377 2311 3442 2365 ad
3473 2311 3752 2368 Panodori

2187 2394 2447 2462 epocham
2480 2395 2576 2464 τῆς
2605 2396 2759 2450 ὲνανθ
2771 2399 3066 2468 ρωπήσεως
3099 2416 3271 2457 annos
3297 2402 3439 2456 addit
3465 2404 3745 2468 sedecim;

2187 2484 2252 2538 ad
2286 2486 2704 2542 Alexandrinam
2759 2489 2972 2544 Maximi
3021 2501 3075 2546 et
3125 2493 3337 2564 Georgii
3387 2510 3553 2549 annos
3591 2498 3745 2551 addit

2188 2583 2334 2639 octo,
2385 2579 2429 2632 si
2479 2579 2779 2649 simplicem
2829 2597 3098 2638 annorum
3148 2603 3433 2641 numerum
3471 2589 3742 2645 advertas.

2188 2666 2344 2731 Nam,
2382 2671 2428 2725 si
2479 2686 2658 2727 annus
2706 2673 2820 2742 ipse
2862 2683 3158 2744 spectetur,
3201 2687 3323 2734 octo
3379 2681 3506 2744 illis,
3549 2685 3748 2753 quibus

2188 2759 2611 2816 Alexandrinum
2656 2773 2973 2834 computum
3018 2783 3275 2838 superare
3315 2771 3551 2835 videtur,
3594 2777 3749 2828 annis

2189 2864 2254 2902 eo
2288 2850 2464 2903 minor
2488 2859 2572 2906 est
2609 2871 2622 2906 :
2657 2853 2760 2908 hoc
2789 2863 2872 2909 est
2905 2853 3332 2914 incarnationem
3375 2861 3580 2917 Christi
3626 2866 3755 2918 toti-

2190 2942 2308 2996 dem
2342 2943 2500 2998 annis
2529 2945 2822 3015 anticipat;
2847 2954 2900 3002 et
2931 2963 3052 3002 cum
3084 2952 3288 3018 epocha
3322 2951 3596 3008 Panodori
3623 2973 3756 3010 con-

2191 3032 2356 3088 venit.
2382 3035 2541 3087 Anno
2571 3035 2751 3104 itaque
2779 3037 2966 3092 mundi
2995 3038 3134 3094 5509
3167 3040 3371 3097 Christi
3401 3044 3756 3116 ἐνανθρὼπη-

2195 3139 2277 3175 σιν
2303 3132 2590 3194 ortumque
2619 3125 2827 3181 tribuit.
2856 3127 3027 3198 Cujus
3054 3131 3271 3200 quidem
3299 3133 3621 3190 instituendi
3644 3147 3754 3192 tres

2194 3214 2416 3269 omnino
2446 3231 2641 3272 causas
2673 3218 2951 3274 exstitisse
2985 3236 3308 3290 persuasum
3339 3223 3534 3280 habeo.
3572 3226 3757 3281 Prima

2196 3308 2317 3373 fuit,
2352 3317 2411 3364 ut
2454 3311 2611 3368 annis
2657 3328 2752 3382 per
2798 3313 2862 3368 15
2893 3315 3134 3381 tributis,
3175 3317 3312 3372 citra
3355 3320 3581 3380 unitatis
3612 3321 3758 3390 adje.

2194 3402 2451 3466 ctionem,
2502 3405 2792 3460 haberetur
2835 3406 3081 3463 indictio.
3135 3409 3334 3468 Divisis
3361 3414 3500 3470 5509
3537 3433 3633 3487 per
3668 3418 3754 3480 15,

2197 3495 2522 3564 relinquitur
2579 3497 2802 3553 indictio
2849 3497 2938 3564 iV,
2979 3502 3157 3570 qualis
3211 3518 3353 3558 anno
3409 3508 3587 3574 primo
3635 3524 3758 3563 ara:

2171 3583 2516 3639 .Christianze
2543 3585 2643 3640 fuit
2665 3607 2676 3640 :
2695 3603 2852 3657 quem
2879 3591 3244 3646 lncarnatioui
3273 3593 3545 3650 dicarunt.
3574 3596 3760 3653 Altera

2199 3675 2300 3729 fuit
2327 3677 2462 3746 cycli
2499 3675 2706 3732 Judaici
2745 3683 3130 3750 commoditas,
3166 3701 3324 3754 quem
3359 3696 3412 3742 et
3441 3687 3760 3747 Victorinus

2199 3783 2262 3820 ae
2306 3767 2482 3823 Latini
2533 3777 2586 3823 et
2635 3769 3012 3828 Occidentales
3067 3775 3310 3846 plerique
3371 3780 3543 3833 secuti
3610 3792 3772 3837 sunt-

2199 3860 2518 3931 Quanquam
2564 3863 2697 3917 nihil
2748 3873 2944 3934 prazter
3004 3868 3280 3938 cyclorum
3332 3872 3415 3926 vel
3469 3887 3763 3933 aureorum

2201 3968 2550 4008 numerorum
2581 3954 2827 4009 ordinem
2866 3958 3202 4025 expressisse
3230 3957 3449 4016 Graecos
3471 3962 3762 4027 existimo;

2199 4061 2301 4099 nec
2331 4044 2385 4098 in
2420 4043 2743 4098 celebrando
2789 4045 3052 4103 Paschate
3095 4050 3160 4103 ad
3195 4067 3289 4106 eos
3331 4068 3546 4108 errores
3579 4054 3763 4108 adhae-

2202 4137 2361 4201 sisse,
2393 4152 2531 4206 quos
2561 4139 2613 4191 in
2644 4136 2908 4192 Victorini
2944 4155 3007 4194 ac
3042 4141 3356 4198 Latinorum
3390 4155 3588 4200 sectam
3620 4162 3762 4216 prae-

2202 4235 2420 4298 postera
2461 4227 2768 4283 Judacorum
2805 4230 3038 4286 imitatio
3069 4233 3383 4289 transfudit.
3425 4235 3621 4305 Cyclus
3660 4235 3763 4289 Ju-

2203 4320 2390 4374 daicus
2415 4337 2478 4376 ac
2493 4320 2718 4377 Latinus
2732 4323 2799 4377 ab
2813 4324 3175 4379 Alexandrino
3190 4334 3241 4381 et
3256 4325 3503 4382 Romano
3524 4331 3767 4383 ternario

529 4411 665 4466 tioni
688 4411 968 4480 suil‘ragari
990 4421 1248 4482 praeterea
1266 4421 1420 4469 vetus
1439 4415 1526 4467 illa
1547 4415 1767 4469 traditio
1784 4416 2095 4483 videbatur,
2129 4433 2173 4488 ι)
2203 4409 2496 4479 discrepat,
2527 4419 2589 4464 ut
2619 4411 2711 4482 qui
2751 4412 2959 4482 primus
2987 4420 3071 4468 est
3108 4412 3498 4480 Romanorum,
3543 4416 3769 4470 Latino-

530 4519 674 4558 anno
696 4505 882 4557 mundi
902 4505 1034 4560 5501
1070 4503 1412 4560 incarnatum
1440 4519 1562 4560 esse
1591 4507 1866 4562 Christum
1888 4549 1903 4572 ,
1934 4523 2097 4577 quam

530 4595 824 4653 Africanus
848 4598 1172 4653 auctoritate
1195 4613 1294 4653 sua
1316 4601 1744 4657 commendarat.
1772 4601 1848 4656 Ita
1871 4619 2099 4673 prorsus

535 4688 927 4744 admirabiliter
955 4690 1201 4761 contigit,
1246 4696 1307 4743 ut
1345 4688 1414 4744 ad
1446 4703 1610 4745 teram
1639 4691 1923 4761 pristinam
1947 4709 2102 4763 spre-

535 4777 607 4834 tis
635 4777 908 4834 Panodori
939 4780 1164 4836 calculis
1192 4779 1474 4847 redirent;
1508 4787 1622 4845 aut,
1671 4789 1728 4834 ut
1766 4781 2000 4850 priorem
2036 4783 2102 4837 il-

536 4868 648 4926 lum
679 4880 994 4942 computum
1041 4879 1359 4928 constanter
1382 4872 1641 4928 Ecclesiae
1666 4873 1880 4944 aliquae,
1913 4873 2103 4928 civita-

536 4951 730 5035 tesque
761 4964 1120 5033 retinuerint;
1151 4964 1412 5036 deinceps
1444 4965 1592 5020 nulla
1624 4966 1678 5020 in
1705 4981 1771 5022 eo
1801 4966 2103 5022 mutatione

541 5053 706 5121 facta,
753 5054 990 5126 epochas
1039 5053 1436 5111 lncarnationis
1478 5070 1543 5111 ac
1581 5055 1860 5113 Passionis
1899 5057 2102 5112 Christi

541 5147 915 5204 tantummodo
977 5146 1362 5202 sollicitarunt.
1413 5145 1614 5202 Verum
1665 5162 1768 5203 nec
1833 5149 1888 5202 in
1945 5147 2104 5204 annis

545 5239 728 5293 mundi
755 5253 880 5292 cum
900 5238 1156 5292 Africano
1176 5281 1192 5307 ,
1224 5253 1325 5294 nec
1346 5239 1401 5293 in
1421 5237 1579 5293 annis
1597 5237 1800 5293 Christi
1826 5238 2101 5308 putandis,

545 5346 668 5387 cum
714 5329 1001 5386 Panodoro
1047 5331 1484 5389 consentiebant.
1536 5330 1750 5387 Etenim
1792 5345 1968 5386 annus
2015 5331 2106 5385 ille

545 5438 666 5478 sane
691 5423 1015 5479 Christianae
1045 5438 1223 5479 nonus
1264 5423 1334 5478 ab
1363 5423 1623 5477 Africano
1663 5430 1981 5476 numeratus
2021 5427 2106 5475 est

545 5516 734 5573 mundi
762 5516 892 5571 55H
919 5536 933 5584 ;
963 5516 1168 5572 Christi
1197 5514 1555 5573 undecimus:
1597 5531 1628 5568 a
1668 5514 1954 5569 Panodoro
1979 5529 2108 5568 vero

547 5606 733 5666 mundi
765 5607 923 5666 550i.
952 5607 1153 5664 Christi
1191 5622 1386 5662 nonus.
1427 5606 1495 5660 At
1537 5607 1613 5660 illi
1653 5605 1863 5667 mundi,
1902 5613 1960 5658 ut
2001 5602 2105 5657 Pa-

552 5701 812 5768 nodorus,
859 5701 1030 5765 5501,
1073 5699 1275 5755 Christi
1309 5715 1437 5755 vero
1483 5688 1715 5764 primum
1769 5697 2102 5753 censebant:

2203 4519 2322 4558 rum
2355 4505 2424 4558 sit
2467 4519 2636 4570 xvm;
2669 4505 2760 4574 qui
2791 4505 3004 4558 illorum
3039 4507 3271 4570 tertius,
3299 4506 3496 4561 horum
3538 4510 3608 4563 sit
3647 4526 3768 4573 χιχ,

2203 4601 2262 4646 ιιι
2290 4593 2384 4648 lib.
2420 4591 2488 4646 Vl
2516 4592 2593 4647 De
2620 4593 2862 4647 doctrina
2889 4603 3177 4663 temporum
3223 4596 3474 4666 pluribus
3511 4601 3772 4668 exposui-

2202 4699 2357 4750 mus;
2392 4684 2689 4755 prmsertim
2725 4685 2901 4755 capite
2937 4683 3003 4750 ν,
3052 4685 3143 4740 ubi
3189 4689 3434 4743 numeris
3479 4689 3778 4743 amborum

2204 4773 2386 4829 aureis
2407 4773 2716 4830 Kalendarii
2740 4773 2970 4830 Romani
2996 4773 3113 4830 dies
3131 4775 3387 4845 utrinque
3418 4776 3771 4846 stipavimus.

2204 4865 2285 4920 lbi
2309 4865 2375 4918 ad
2405 4863 2676 4920 Kalendas
2688 4862 2980 4919 Januarias
3009 4864 3286 4920 Romanus
3311 4881 3572 4921 numerus
3599 4868 3776 4921 ascri-

2205 4964 2330 5029 ptus
2373 4966 2457 5014 est
2497 4972 2583 5023 ut,
2636 4956 2954 5012 Latinorum
3004 4973 3118 5014 xix.
3167 4957 3447 5029 Ejusmodi
3485 4960 3775 5032 cyclorum

2205 5049 2346 5104 ratio
2389 5049 2445 5103 in
2486 5057 2762 5119 postremo
2791 5047 2884 5103 illo
2913 5057 3169 5120 computo
3198 5050 3376 5106 locum
3411 5050 3592 5105 habet.
3628 5049 3774 5106 Nam

2206 5139 2398 5196 divisis
2423 5140 2560 5195 5509
2580 5155 2676 5210 per
2699 5139 2787 5205 l9,
2812 5147 3019 5195 restant
3040 5141 3126 5204 18,
3153 5142 3242 5210 qui
3264 5139 3526 5197 Iudaicus
3555 5141 3774 5212 eyclus,

2206 5239 2260 5286 et
2286 5231 2511 5286 Latinus
2542 5239 2658 5286 erat
2689 5245 2830 5284 anno
2858 5228 3274 5292 lncarnationis,
3311 5230 3427 5284 sive
3457 5231 3776 5288 communis

2205 5337 2327 5376 aet-te
2354 5321 2568 5391 primo:
2601 5320 2673 5374 ad
2701 5336 2858 5389 quem
2905 5321 3085 5376 tribus
3120 5319 3369 5390 adjectis,
3412 5319 3642 5376 eﬂicitur
3665 5335 3770 5374 au.

2208 5429 2334 5470 reus
2368 5420 2627 5468 numerus
2656 5412 3142 5468 Alexandrinorum
3174 5414 3229 5474 2,
3265 5414 3359 5483 qui
3393 5414 3643 5468 eumdem
3672 5428 3778 5467 an-

2208 5521 2336 5559 num
2370 5513 2618 5576 occupat.
2655 5504 2744 5560 Sic
2775 5519 2920 5560 anno
2953 5505 3155 5560 Christi
3194 5506 3331 5559 i375
3360 5521 3556 5558 aureus
3584 5517 3777 5558 nume-

2208 5613 2301 5652 rus
2349 5597 2748 5652 Alexandrinus
2797 5609 2912 5650 erat
2955 5612 3030 5649 vt.
3079 5596 3233 5650 Hunc
3292 5611 3492 5650 annum
3549 5595 3774 5648 lsaacus

2209 5701 2455 5745 numerat
2485 5690 2639 5744 istius
2669 5705 2788 5742 tera!
2820 5689 2983 5744 688l:
3020 5704 3127 5744 quo
3167 5702 3394 5741 numero
3423 5702 3519 5740 per
3550 5685 3615 5738 19
3649 5699 3771 5738 oar-
