4036 6218
261 313 289 367 1
307 312 400 369 109

1243 307 1691 365 DISSERTATIO
1730 307 1818 360 DE
1857 307 2264 366 GRECORUM
2301 309 2505 366 ΔΕΒΙᾶ

3357 319 3496 375 1410

271 426 393 492 tito,
423 437 720 499 supersunt
752 430 803 484 5.
834 423 1067 482 Proinde
1101 423 1361 480 Judaicus
1393 426 1494 480 iste
1522 425 1706 495 cyclus
1727 423 1828 478 fuit
1855 459 1903 512 Α
1929 422 2053 478 Hzec
2075 426 2256 479 omnia
2275 426 2556 481 consecuti
2585 433 2714 481 sunt
2738 425 2937 483 additis
2959 427 3026 482 ad
3052 425 3320 483 Panoduri
3347 445 3497 485 sum-

260 519 390 572 anni
423 520 588 586 1373;
617 521 885 591 duplicem
917 516 984 571 ad
1019 518 1161 572 hanc
1185 533 1407 572 causam
1443 525 1718 588 postrema
1744 516 1823 570 iu-

259 623 426 680 super
453 613 707 666 accedere
735 612 927 680 potuit,
973 617 1033 664 ut
1062 625 1180 664 eum
1211 609 1387 664 labem
1419 611 1819 680 abstergerent,

258 716 368 772 qua
399 700 667 756 Panodori
702 710 1017 772 computum
1069 702 1401 772 posteriores
1453 702 1548 755 illo
1586 699 1826 755 artiﬁces

260 791 596 858 infecerant;
630 802 682 846 et
712 792 983 864 ingentem
1017 793 1163 848 hunc
1195 793 1678 847 anachronismum
1724 793 1828 846 tol-

261 883 433 938 lerent
454 925 470 949 ,
505 899 614 954 quo
647 884 949 955 baptismus
993 893 1047 942 et
1092 885 1274 955 passio
1305 872 1534 950 Christi,
1567 885 1708 938 ultra
1738 882 1831 936 Ti-

261 973 398 1028 berii
420 975 646 1043 obitum,
671 975 727 1030 in
749 975 864 1030 Caii
885 984 940 1031 et
967 975 1182 1031 Claudii
1204 984 1451 1046 tempora
1482 974 1826 1029 dili'unditur.

1926 532 2072 570 mam
2121 517 2381 572 sedecim.
2440 518 2632 574 Annus
2684 516 3086 575 lncarnatiouis
3136 537 3167 574 a
3213 518 3498 578 Panodoro

1926 605 2146 662 habitus
2185 618 2269 662 est
2299 607 2487 662 mundi
2516 607 2696 676 5595;
2733 625 2843 679 quo
2876 625 2973 680 per
3004 610 3069 665 19
3105 611 3334 674 tributo,
3364 616 3500 665 resi-

1928 698 2072 753 duus
2107 707 2191 753 est
2219 700 2405 769 cyclus
2441 699 2580 754 lunae
2613 716 2704 765 xi;
2735 716 2832 770 per
2864 701 2928 755 l5
2961 709 3142 756 autem
3174 701 3384 756 divisus
3414 718 3502 757 re-

1930 789 2132 860 linquit
2158 804 2221 844 ιιι
2253 807 2268 844 :
2299 790 2528 860 adjectis
2573 792 2640 846 16
2681 792 2750 846 ad
2795 791 2955 856 5495,
3001 808 3322 863 summaque
3359 794 3501 849 5509

1934 899 2032 954 per
2063 883 2252 938 ambos
2280 886 2465 954 cyclos
2492 883 2777 948 distracta,
2814 883 2875 938 ﬁt
2903 883 3131 936 indictiu
3163 899 3236 948 ιν,
3269 899 3393 938 cum
3418 886 3502 940 lu-

1931 974 2052 1028 nari
2082 975 2236 1045 cyclo
2262 990 2418 1039 xvm,
2445 973 2592 1044 quod
2614 983 2732 1029 erat
2761 975 3124 1045 propositum.

1666 1127 1894 1182 CAPUT
1941 1127 2030 1183 ιν.

261 1249 638 1320 Fragmentum
673 1248 996 1318 Theophanis
1027 1249 1230 1319 insigne
1264 1246 1332 1300 ad
1376 1245 1680 1301 Grazcorum
1709 1257 2073 1316 computorum
2104 1248 2363 1301 rationem
2396 1247 2798 1316 explicandam;
2833 1249 2901 1302 ad
2933 1249 3085 1321 idque
3116 1250 3276 1307 Nota:
3321 1252 3500 1307 eodem

1708 1323 2020 1387 pertinentes
2031 1358 2044 1372 .
2908 1322 2912 1326 ’

331 1436 451 1490 Ὀτι
479 1435 578 1506 μὲν
607 1434 791 1506 ,εφλαᾏ
813 1437 930 1506 οὐχὶ
954 1435 1010 1488 δὲ
1035 1435 1196 1506 ,εφλτ
1215 1438 1243 1488 6
1279 1437 1599 1510 Ἀφρικανὸς
1627 1437 1818 1505 λέγων,

253 1528 350 1581 δύο
381 1527 668 1597 σφάλλεται
697 1527 813 1598 ἔτη,
844 1528 982 1581 κατὰ
1002 1528 1101 1599 τὴν
1125 1528 1326 1600 ἀψευδῆ
1351 1529 1458 1582 τῶν
1479 1529 1822 1620 Εὑαόγγελίων

256 1622 550 1690 ὑφήγησινο
583 1622 598 1651 ⁸
631 1620 892 1690 πρόδηλον
928 1620 1056 1689 γὰρ,
1086 1621 1166 1673 ὃτι
1200 1619 1278 1690 τῷ
1315 1618 1357 1673 λ’
1392 1621 1500 1674 ἔτει
1538 1618 1822 1693 ἀρχομένῳ

261 1731 385 1777 που,
430 1714 463 1784 ἢ
516 1712 695 1784 μικρῷ
729 1713 884 1784 πρὸς,
930 1711 962 1784 ἣ
1009 1712 1268 1777 ἔλαττον(
1293 1713 1381 1768 διὰ
1421 1714 1482 1767 τὸ
1513 1714 1818 1786 εἰρημένον,

269 1805 500 1873 Ἰησοῦς
523 1804 590 1858 δὲ
619 1801 698 1875 ἦν
721 1805 864 1858 ὡσεὶ
888 1804 1040 1859 ἐτῶν
1059 1809 1133 1870 .1',
1150 1807 1300 1876 παρὰ
1319 1806 1397 1876 τῷ
1422 1807 1640 1878 μεγάλῳ
1665 1807 1825 1875 εὐαγ-

253 1895 476 1967 γελιστῇ
514 1897 716 1967 Λουκᾷ,
757 1895 1076 1967 ἐϐαπτίσθη,
1110 1897 1202 1949 καὶ
1229 1896 1465 1964 ἐδίδαξεν
1506 1898 1600 1950 καὶ
1632 1897 1823 1968 ἐθερά-

259 2003 428 2040 πευσε
472 1988 649 2039 πᾶσαν
693 1988 867 2050 νόσον,
903 1987 996 2040 καὶ
1035 1988 1213 2040 πᾶσαν
1249 1987 1518 2058 μαλακίαν
1562 1989 1658 2042 ἐπὶ
1698 1988 1825 2059 τρία

253 2077 376 2146 ἔτη·
420 2075 494 2139 ώς
538 2075 674 2130 εἶναι
714 2078 803 2130 τὸν
841 2077 948 2132 ἀπὸ
990 2077 1090 2148 τῆς
1127 2077 1277 2141 Θείας
1310 2078 1620 2151 συλλήψεως
1659 2080 1824 2133 αὑτοῦ

257 2170 448 2240 χρόνον
493 2171 794 2241 ἀρξάμενον
835 2169 912 2240 τῷ
942 2169 1109 2241 ,εφλα’
1134 2174 1152 2202 ²
1192 2171 1300 2224 ἔτει
1343 2172 1437 2225 τοῦ
1482 2174 1710 2244 κόσμου,
1756 2175 1822 2244 τῇ

258 2258 448 2331 πρώτῃ
472 2260 564 2313 τοῦ
599 2261 1001 2332 πρωτοκτίστου
1043 2261 1210 2331 μηνὸς
1236 2261 1430 2329 Νισὰν,
1466 2263 1696 2335 Μαρτίῳ
1725 2263 1820 2328 κε’,

253 2352 422 2422 Δμέχρι
465 2352 563 2422 τῆς
611 2352 871 2418 ζωοποιοῦ
926 2353 1270 2416 ἀναστάσεως
1322 2353 1464 2408 κατὰ
1507 2355 1606 2427 τὴν
1654 2356 1824 2425 αὐτὴν

259 2443 642 2512 συμπεσοῦσαν
683 2443 897 2514 ήμέραν
945 2443 1024 2496 κε’
1068 2446 1335 2517 Μαρτίου,
1387 2445 1522 2498 ἐτῶν
1573 2445 1676 2513 λγ’,
1729 2447 1823 2499 καὶ

259 2535 470 2606 ἡμέρας
511 2538 637 2606 μιᾶς
669 2537 745 2606 τῷ
775 2537 931 2608 ,εφλᾶ
965 2537 1073 2590 ἔτει
1104 2537 1388 2608 ἀρξαμένη
1412 2538 1431 2569 ³
1451 2555 1464 2568 ·
1504 2538 1596 2606 ἀφ’
1627 2533 1695 2608 ἦς
1731 2538 1822 2589 ἐπί

257 2627 356 2695 τὴν
385 2629 463 2692 εἰς
492 2629 749 2696 οὐρανοὺς
777 2628 912 2698 μετὰ
942 2627 1188 2699 σώματος
1221 2629 1496 2700 θεοπρεπῆ
1527 2628 1672 2681 θείαν
1695 2628 1820 2682 ἀνά-

255 2716 417 2787 ληψιν
444 2718 646 2789 ήμέραι
678 2717 750 2788 μ’.
789 2719 853 2770 Ei
891 2718 947 2771 δέ
985 2735 1067 2781 τις
1105 2720 1324 2772 ἀπιστεῖ
1359 2722 1470 2782 τοῖς
1514 2718 1821 2789 λεγομένοις

257 2810 388 2880 περὶ
415 2809 579 2879 αὐτῆς
611 2809 870 2878 πολλαχοῦ
896 2809 1212 2882 λεγομένης,
1241 2813 1320 2864 ὅτι
1351 2813 1408 2864 ὲν
1441 2812 1574 2882 αὐτῇ
1605 2812 1694 2864 τὸν
1728 2809 1821 2864 θά-

257 2918 416 2954 νατον
457 2903 700 2973 πατήσας
731 2904 758 2955 6
787 2901 989 2973 Κύριος
1027 2903 1182 2973 ἡμῶν
1218 2904 1603 2974 πρωτοκτίστῳ
1639 2903 1819 2974 ήμέρᾳ

255 2991 404 3062 ζωὴν
437 2995 566 3064 ἡμῖν
602 2995 665 3046 ὲκ
692 2994 898 3065 νεκρῶν
928 2995 1194 3064 ὲπήγασεο
1221 2993 1488 3046 σκοπείτω
1515 2997 1592 3057 είς
1621 2995 1718 3066 τὴν
1753 2994 1818 3047 ια’

257 3085 498 3156 περίοδον
534 3086 640 3138 τῶν
681 3085 798 3156 (ρλβ’
829 3085 1100 3140 κυκλικῶν
1127 3086 1282 3148 ἐτῶν,
1318 3086 1458 3140 κατά
1492 3088 1552 3140 τὸ
1580 3094 1679 3155 σιγ¹
1701 3087 1817 3151 ἔτος

251 3178 357 3248 τῆς
409 3179 574 3250 αὐτῆς
620 3178 884 3250 περιόδου,
939 3177 1040 3250 τὴν
1088 3177 1678 3250 τεσσαρεσκαιδεκάτην
1724 3177 1819 3231 τοῦ

255 3274 387 3342 παρ’
434 3272 700 3342 Ἑϐραίοις
739 3271 950 3342 Πάσχα,
997 3273 1088 3325 καὶ
1120 3271 1410 3344 εὑρήσειςδ
1440 3272 1578 3324 κατὰ
1610 3271 1707 3341 τὴν
1735 3277 1819 3339 κγ’

251 3364 347 3416 τοῦ
371 3363 537 3416 αἰ)τοῦ
568 3365 811 3436 Μαρτίου
846 3363 1032 3434 μηνὸς,
1057 3366 1114 3417 ὲν
1137 3365 1319 3436 ἡμέρα
1347 3367 1658 3436 παρασκευῇ
1689 3380 1819 3417 κατ-

253 3454 500 3507 αντῶσαν
530 3454 621 3507 ἐπὶ
660 3456 720 3508 τὸ
747 3457 1009 3528 σωτήριον
1043 3456 1232 3520 πάθος,
1263 3456 1291 3508 6
1321 3457 1460 3528 ὑπὲρ
1481 3457 1636 3528 ήμῶν
1653 3459 1820 3510 ,ἐκου-

257 3550 386 3611 σίως
425 3549 648 3620 ὑπέστη·
676 3549 769 3602 καὶ
791 3549 979 3617 ταφεὶς
1009 3549 1113 3603 ὑπὸ
1156 3549 1350 3621 Ἰωσήφ
1378 3549 1472 3602 τοῦ
1500 3549 1558 3614 ἐξ
1595 3549 1820 3620 Ἀριμα-

257 3640 422 3702 θείας,
457 3639 548 3692 καὶ
590 3639 923 3710 Νικοδήμου,
969 3640 1164 3711 ἀνέστη
1211 3644 1276 3712 τῇ
1324 3641 1462 3711 μετὰ
1504 3641 1605 3710 τὴν
1649 3641 1818 3710 αὐτὴν

257 3735 606 3804 παρασκευὴν
636 3734 1019 3804 ἐπιφωσκούσῃ
1055 3733 1426 3805 τρίτῃήμέρᾳ,
1468 3736 1566 3805 μιᾷ
1602 3733 1815 3787 Σαϐϐά-

253 3843 380 3887 των,
424 3824 615 3896 πρώτῃ
653 3825 708 3878 δὲ
750 3823 844 3876 τοῦ
893 3825 1019 3897 παρ’
1061 3825 1331 3897 Ἑϐραίοις
1379 3826 1552 3880 Νισὰν
1602 3825 1816 3893 πρώτου

255 3915 442 3995 μηνόςο
474 3915 593 3985 ήτις
618 3915 704 3969 ἀεὶ
729 3917 794 3986 τῇ
821 3921 898 3968 κε’
930 3915 1021 3969 τοῦ
1055 3916 1297 3988 Μαρτίου
1327 3917 1494 3990 μηνὸς
1527 3916 1624 3988 μία
1659 3917 1753 3971 καὶ
1777 3919 1812 3988 ή

253 4010 385 4081 αὐτή
421 4010 585 4062 ἐστιν.

334 4190 390 4243 ’0
427 4188 525 4260 μὲν
553 4185 644 4244 οὖν
689 4191 1030 4263 Ἀφρικανὸς,
1067 4191 1367 4264 συμφώνως
1390 4195 1456 4265 τῇ
1483 4193 1811 4267 ἁποστολικῇ

251 4279 541 4348 παραδόσει
572 4279 649 4351 τῷ
681 4279 812 4350 ,εφα’
834 4281 944 4334 ἔτει
961 4284 1060 4354 τὴν
1083 4283 1229 4336 θείαν
1263 4284 1656 4356 χρονολογήσας
1682 4284 1814 4356 σάρ-

250 4389 438 4434 κωσιν,
480 4374 606 4444 περὶ
646 4373 706 4426 τὸ
745 4373 914 4438 πάθος
944 4377 1037 4429 καὶ
1069 4377 1167 4448 τὴν
1214 4377 1476 4448 σωτήριον
1520 4376 1813 4430 ἀνάστασιν

247 4465 398 4519 δυσὶν
421 4465 564 4518 ἔτεσι
591 4466 874 4537 διήμαρτε,
908 4467 1049 4521 κατὰ
1072 4469 1132 4522 τὸ
1151 4468 1311 4541 ,εφλω
1335 4467 1452 4531 ἔτος
1478 4466 1574 4520 τοῦ
1603 4467 1808 4538 κόσμου
1844 4505 1885 4557 D

245 4555 448 4626 ταύτην
483 4555 816 4624 συναγαγών
852 4556 1106 4620 Εὐσέϐιος
1133 4557 1188 4610 δὲ
1220 4559 1248 4610 ὁ
1289 4556 1571 4627 Παμφίλου
1604 4555 1672 4610 τὰ
1705 4557 1811 4609 ἀπὸ

261 4646 430 4716 Ἀδὰμ
459 4647 563 4710 ἕως
599 4645 847 4718 Ἀϐραὰμ
877 4648 1161 4716 γενέσεως,
1194 4648 1228 4719 ἢ
1264 4647 1403 4701 κατὰ
1436 4647 1562 4711 τοὺς
1585 4648 1810 4719 χρόνους

243 4739 410 4792 Νίνου
437 4741 531 4793 καὶ
554 4741 906 4815 Σεμιράμεως
924 4740 1031 4794 τῶν
1062 4741 1358 4811 Ἀσσυρίων
1384 4740 1642 4812 βασιλέων
1671 4741 1813 4813 ώμοο

243 4829 504 4901 λόγηται,
561 4834 837 4904 συντεμὼν
883 4833 977 4905 ἔτη
1029 4838 1202 4905 δγρπαν
1239 4832 1260 4863 ⁸
1308 4832 1679 4902 ὲστοιχείωσε,
1730 4831 1808 4903 τῷ

257 4921 528 4994 Ἐϐραῖκῷ
568 4923 1012 4997 ὲξακολουθήσας,
1053 4926 1147 4978 καὶ
1183 4923 1274 4977 τὸν
1308 4922 1557 4996 δεύτερον
1599 4926 1806 4978 Καῖνᾶν

245 5015 340 5086 ἔτη
374 5016 447 5086 ρλ⁹
481 5015 717 5086 ζήσαντα
746 5018 850 5088 πρὸ
877 5019 974 5088 τῆς
996 5015 1304 5080 τεκνώσεως
1333 5016 1407 5088 μὴ
1440 5017 1804 5089 στοιχειώσαςο

242 5102 306 5163 οὗ
330 5109 360 5162 6
383 5107 522 5173 θεῖος
551 5109 935 5180 εὐαγγελιστὴς
962 5112 1172 5173 Λουκᾶς
1199 5109 1466 5180 μέμνηται
1498 5111 1556 5164 ὲν
1585 5114 1654 5182 τῇ
1689 5115 1804 5164 κατ’

242 5199 405 5254 αὑτὸν
437 5201 771 5272 γενεαλογίᾳ·
815 5202 890 5264 ώς
934 5203 1027 5254 καὶ
1074 5200 1305 5271 ἀλλαχοῦ
1351 5199 1615 5255 λέλεκται.
1644 5201 1718 5254 Τὸ
1748 5202 1805 5256 δὲ

243 5292 366 5346 καθ’
396 5295 540 5364 ήμᾶς
562 5291 720 5346 τοῦτο
748 5292 1136 5364 χρονογράφιον
1171 5291 1278 5344 ἀπὸ
1318 5291 1488 5362 ’Δδὰμ
1523 5293 1626 5356 ἕως
1653 5291 1803 5359 γενέ-

243 5401 382 5446 σεως
415 5385 661 5457 Ἀϐραὰμ
684 5384 778 5456 ἔτη
805 5383 932 5454 ,γλβ’
956 5386 975 5415 ⁶
999 5381 1238 5453 περιέχει
1269 5382 1573 5454 συμφώνως
1597 5385 1662 5454 τῇ
1686 5381 1804 5453 θεία

242 5477 519 5539 Μωῦσέως
550 5480 733 5548 γραφῇ
780 5476 870 5529 καὶ
903 5477 1021 5538 ταῖς
1047 5477 1257 5542 γενεαῖς
1286 5475 1380 5527 τοῦ
1414 5475 1555 5527 κατὰ
1593 5477 1804 5529 Δουκᾶν

240 5570 594 5638 Εὐαγγελίου.
632 5573 738 5622 Καὶ
771 5569 877 5623 ἀπὸ
917 5569 1013 5639 τῆς
1058 5565 1358 5635 γεννήσεως
1407 5567 1656 5639 Ἀϐραὰμ
1702 5567 1805 5631 ἕως

318 5725 343 5760 ⁸
363 5726 408 5797 Ι.
441 5727 708 5800 ὑφήγησιν
737 5727 1009 5800 πρόδηλον.
1042 5727 1180 5780 Ὅτι.
1259 5727 1280 5759 ³
1306 5743 1416 5782 cor.
1442 5740 1590 5796 ,ezpa.

1682 5726 1702 5757 ³
1736 5727 1776 5794 f.
1811 5723 2140 5798 ἀρξαμένης.
2215 5725 2238 5756 ⁸
2273 5725 2311 5794 f.
2345 5725 2586 5796 εὑρήσει.
2676 5727 2696 5758 ⁸
2728 5726 2768 5794 f.
2803 5723 2990 5794 ,γρπδ’.

1999 1436 2154 1503 Quod
2206 1436 2501 1494 Africanus
2552 1454 2728 1495 annos
2792 1440 2883 1512 (ad
2928 1441 3127 1497 Christi
3177 1444 3500 1514 passionem)

1926 1533 2250 1597 computans
2291 1527 2452 1592 5551,
2490 1542 2600 1583 ιιοιι
2633 1528 2796 1593 5555,
2831 1537 2891 1584 ιιι
2922 1533 3138 1586 sincera
3174 1532 3498 1604 Evangelia-

1875 1612 1880 1616 ’
1926 1633 2049 1672 rum
2080 1619 2321 1674 narratio
2350 1620 2617 1684 continet,
2653 1621 2868 1676 duobus
2905 1623 3067 1678 annis
3112 1623 3339 1681 fallitur.
3390 1626 3502 1680 Ma-

1925 1709 2187 1764 nifestum
2219 1718 2304 1766 est
2338 1712 2679 1766 enim-anno
2718 1713 2999 1769 Christum
3035 1716 3496 1780 aatatisjneunte,

1854 1786 1896 1840 Β
1924 1792 2026 1858 hoc
2057 1812 2140 1858 est
2173 1805 2335 1873 paulo
2380 1804 2503 1873 plus
2540 1805 2810 1875 minusve,
2846 1801 3147 1869 tricesimo,
3193 1811 3495 1863 secundum

1923 1895 2014 1949 illa
2038 1894 2198 1950 Lucae
2223 1897 2568 1967 evangelista:
2589 1897 2754 1951 verba
2785 1913 2908 1968 cap.
2940 1898 3028 1965 lll,
3067 1899 3138 1952 23
3168 1917 3180 1952 :
3209 1898 3367 1954 Jesus
3407 1917 3501 1956 aa-

1925 1997 2025 2042 tem
2059 1999 2174 2044 erat
2211 1991 2365 2061 quasi
2401 1975 2660 2045 annorum
2693 1992 2936 2062 triginta,
2980 1993 3316 2063 baptizatum
3349 2010 3494 2058 esse,

1923 2095 1987 2134 ac
2027 2080 2314 2147 docuisse;
2346 2088 2401 2136 et
2432 2082 2655 2137 morbos
2693 2097 2908 2147 omnes,
2957 2083 3359 2157 languoresque
3393 2103 3495 2142 cu-

1923 2187 2076 2228 rasse
2108 2173 2269 2228 annis
2296 2174 2503 2239 tribus;
2545 2173 2680 2229 adeo
2714 2183 2776 2228 ut
2804 2181 3022 2246 tempus
3057 2192 3239 2244 omne,
3282 2180 3424 2250 quod
3466 2195 3498 2235 a

1923 2260 2108 2316 divino
2139 2261 2286 2316 illius
2316 2269 2606 2332 conceptu,
2637 2271 2692 2318 et
2737 2263 2808 2317 ab
2837 2279 2982 2318 anno
3015 2267 3202 2321 mundi
3237 2269 3397 2332 5501,
3434 2285 3500 2322 ac

1920 2351 2090 2407 Nisan
2130 2352 2397 2423 principis
2428 2355 2700 2409 mensium
2729 2355 2818 2410 die
2851 2358 3048 2426 prima,
3073 2357 3254 2415 Martii
3276 2378 3404 2425 xxv,
3430 2362 3498 2416 ad

1920 2428 2190 2496 vivilicam
2223 2458 2398 2512 usque
2431 2446 2894 2501 resurrectionem
2924 2449 3257 2520 extenditur,
3289 2468 3410 2522 quae
3442 2454 3497 2506 in

1921 2533 2164 2588 eamdem
2221 2549 2328 2588 xxv
2372 2533 2551 2588 Martii
2603 2535 2751 2590 diem
2804 2537 3032 2605 incidit;
3096 2556 3366 2598 annorum
3426 2547 3502 2600 sit

1920 2641 2114 2691 xxxm,
2136 2633 2190 2681 et
2211 2627 2374 2680 unius
2396 2625 2522 2690 diei,
2551 2643 2672 2697 quae
2695 2643 2899 2683 annum
2923 2630 3063 2684 5554
3086 2632 3307 2703 incepit.
3340 2635 3500 2692 Unde

1922 2715 1989 2768 ad
2029 2714 2270 2770 divinam
2320 2732 2444 2770 cum
2495 2731 2729 2786 corpore
2776 2721 3209 2790 assumptionem
3256 2725 3406 2780 illius
3441 2728 3494 2782 in

1921 2809 2118 2863 cmium
2166 2807 2283 2864 dies
2334 2809 2797 2865 intercedunth.
2835 2808 2893 2865 Si
2939 2814 3064 2882 quis
3111 2825 3289 2871 autem
3330 2819 3488 2874 iidem

1919 2902 2100 2957 minus
2131 2901 2355 2956 adhibet
2404 2901 2492 2967 iis,
2535 2919 2658 2973 qua:
2705 2904 2772 2959 de
2814 2905 2902 2960 die
2950 2905 3042 2959 illa
3077 2923 3185 2961 non
3229 2923 3338 2962 uno
3370 2910 3490 2964 loco

1921 3002 2313 3056 memorantur,
2344 2993 2605 3048 nimirum
2639 2995 2927 3050 Dominum
2957 3008 3202 3052 nostrum
3226 3002 3488 3070 primaria

1921 3083 1976 3137 in
2014 3085 2103 3137 illa
2131 3085 2238 3148 die,
2281 3086 2490 3140 calcata
2527 3095 2722 3154 morte,
2753 3089 2921 3142 vitam
2960 3091 3121 3145 nobis
3156 3105 3220 3145 ex
3256 3095 3492 3150 mortuis

1922 3174 2197 3239 eﬂudisse,
2231 3176 2297 3230 ad
2330 3178 2666 3234 undecimam
2701 3181 2986 3252 periodum
3026 3184 3358 3254 cyclicorum
3392 3202 3494 3242 an-

1922 3283 2118 3322 norum
2149 3267 2272 3332 552,
2305 3275 2358 3323 et
2404 3269 2524 3340 ejus
2553 3285 2758 3325 annum
2802 3270 2908 3325 215
2940 3273 3180 3328 animum
3219 3275 3490 3343 advertat,

1920 3363 1976 3416 in
2005 3377 2180 3432 eoque
2220 3361 2488 3417 decimam
2524 3371 2775 3433 quartam
2823 3362 3035 3418 Hebrwi
3072 3363 3359 3422 Paschalis
3407 3376 3492 3420 at-

1919 3455 2123 3510 tendat.
2150 3453 2304 3510 Hanc
2318 3455 2464 3510 enim
2487 3455 2727 3510 inveniet
2748 3454 2837 3510 die
2858 3470 2993 3509 χχιιι
3015 3455 3195 3510 Martii
3215 3457 3486 3526 ejusdem,

1919 3561 1983 3600 ac
2012 3547 2331 3612 Parasceve,
2382 3548 2436 3601 in
2471 3547 2809 3603 salutiferam
2845 3548 3157 3618 passionem
3202 3549 3487 3614 incidisse.

1922 3653 2083 3708 quam
2117 3654 2215 3708 pro
2248 3637 2409 3692 nobis
2441 3637 2534 3693 ille
2561 3638 2856 3705 sustinuit;
2887 3645 2942 3693 et
2976 3640 3224 3710 sepultus
3264 3656 3295 3695 a
3333 3640 3490 3698 Jose-

1918 3731 2047 3801 pho,
2065 3731 2159 3800 qui
2183 3746 2250 3785 ex
2275 3731 2600 3799 Arimathaea
2629 3737 2747 3785 erat
2771 3730 3064 3797 oriundus,
3096 3741 3146 3788 et
3169 3732 3486 3803 Nicodemo,

1917 3823 2077 3878 tertia
2103 3822 2171 3877 ab
2194 3820 2382 3877 eadem
2410 3820 2710 3877 Parasceve
2730 3822 2818 3878 die
2847 3824 3147 3879 resurrexit
3179 3843 3192 3880 :
3222 3841 3328 3879 una
3351 3824 3488 3881 Sab-

1916 3913 2189 3979 hatorum,
2237 3921 2293 3968 et
2345 3912 2514 3968 Nisan
2561 3913 2724 3984 primi
2769 3915 2914 3984 apud
2961 3915 3217 3971 Hebraeos
3275 3918 3484 3973 mensis

1917 4005 2092 4076 prima
2121 4003 2241 4072 die;
2269 4021 2391 4075 qua:
2417 4005 2675 4061 vicesima
2704 4005 2896 4077 quinta
2919 4006 3096 4060 Martii
3129 4021 3237 4061 una
3261 4008 3482 4064 eadem-

1916 4112 2022 4167 que
2061 4111 2278 4168 semper
2315 4097 2529 4152 incidit.

1984 4187 2152 4259 igitur
2177 4189 2491 4256 Al‘ricanus,
2525 4203 2651 4244 cum
2686 4188 2742 4244 in
2777 4203 2983 4244 annum
3014 4189 3204 4244 mundi
3234 4189 3368 4246 5501
3400 4190 3485 4246 di-

1914 4282 2097 4336 vinam
2135 4280 2570 4338 Incarnationem
2607 4291 2972 4338 consentanee
3024 4281 3308 4336 traditioni
3350 4297 3482 4353 apo-

1917 4373 2120 4428 stolicae
2147 4373 2491 4443 conjecisset,
2534 4375 2588 4428 in
2613 4373 2869 4443 passione
2897 4389 2960 4428 ac
2985 4373 3263 4428 salutifera
3291 4387 3469 4428 resur-

1915 4465 2157 4519 rectione
2194 4463 2566 4533 consignanda
2611 4463 2832 4518 biennio
2861 4463 3152 4524 aberravit,
3189 4473 3478 4533 utramque

1914 4555 2200 4611 conferens
2223 4556 2278 4610 in
2299 4571 2501 4610 annum
2531 4553 2720 4610 mundi
2753 4555 2910 4609 5551.
2941 4555 3010 4606 At
3038 4552 3304 4608 Eusebius
3324 4552 3480 4607 Pam-

1913 4647 2045 4718 phili
2066 4663 2238 4704 annos
2267 4649 2336 4704 ab
2365 4648 2572 4702 Adamo
2611 4649 2679 4702 ad
2705 4655 2885 4700 ortum
2913 4644 3193 4708 Abraami,
3232 4645 3324 4714 qui
3353 4643 3474 4700 Nini

1913 4753 1975 4791 ac
2016 4737 2393 4793 Semiramidis
2435 4754 2619 4808 regum
2662 4737 2901 4807 Assyriae
2931 4735 3290 4805 temporibus,
3323 4748 3474 4788 com-

1912 4833 2064 4886 muni
2104 4833 2359 4903 opinione
2400 4831 2670 4902 congruit,
2720 4831 2774 4883 in
2819 4843 2982 4882 uuam
3017 4842 3285 4882 summam
3322 4825 3477 4880 colli-

1911 4939 2066 4995 gens,
2107 4924 2240 4979 5181
2287 4925 2518 4998 putavit,
2552 4922 2806 4978 Hebraeos
2850 4919 3068 4976 codices
3116 4927 3339 4976 secutus
3377 4928 3475 4976 :ct

1913 5015 2215 5072 secundum
2243 5014 2472 5080 Cainan,
2511 5015 2602 5085 qui
2636 5015 2772 5068 vixit
2804 5027 2977 5067 annos
3005 5028 3145 5066 cxxx
3180 5020 3472 5082 antequam

1913 5107 2180 5177 gigneret,
2212 5109 2268 5161 in
2299 5107 2438 5162 serie
2466 5106 2688 5160 minime
2713 5102 2996 5158 collocavit
3022 5121 3037 5156 :
3065 5101 3224 5170 cujus
3253 5099 3471 5169 quidem

1913 5199 2088 5255 Lucas
2118 5199 2450 5269 evangelista
2474 5197 2720 5253 meminit
2747 5196 2801 5250 in
2827 5193 3138 5266 genealogia
3161 5206 3259 5247 sua
3288 5207 3302 5246 :
3328 5190 3470 5261 quod

1912 5292 2041 5347 alibi
2081 5290 2192 5360 jam
2243 5291 2498 5347 diximus.
2547 5288 2744 5345 Nostra
2800 5303 2965 5358 porro
3011 5285 3359 5353 chronologia
3400 5282 3471 5335 ab

1913 5385 2120 5438 Adamo
2173 5385 2239 5437 ad
2295 5391 2476 5438 ortum
2533 5382 2790 5436 Abraami
2858 5395 3030 5435 annos
3088 5373 3471 5444 complectitur

1912 5476 2074 5530 5512:
2104 5476 2196 5546 qui
2228 5490 2491 5530 numerus
2521 5482 2629 5528 tam
2657 5473 2821 5529 Mosis
2844 5471 3083 5527 historirn
3106 5483 3266 5538 quam
3303 5480 3468 5520 evan-

1913 5571 2096 5639 gelicae
2130 5568 2455 5639 genealogia
2509 5566 2668 5622 Luca:
2721 5567 2993 5622 convenit.
3029 5563 3073 5617 Α
3119 5554 3288 5616 natali
3336 5571 3471 5614 vero

3102 5723 3123 5755 ‘
3157 5738 3267 5778 cor.
3294 5711 3464 5787 κεῖθ’·
