4036 6218
297 233 429 288 HI?)

1261 225 1715 284 DISSERTATIO
1755 225 1842 282 DE
1871 223 2277 280 GRZECORUM
2315 222 2520 281 ASRIS.

3370 228 3507 280 1414

295 347 566 402 Christum
613 345 790 401 Maitii
822 361 977 409 χχιιι,
1018 343 1152 399 feria
1185 359 1272 409 v1;
1314 342 1682 398 resurrexisse
1716 357 1846 396 vero
1875 349 1921 405 Α
1948 354 2218 394 annorum
2245 339 2412 406 5I8-i;
2449 339 2632 411 itaque
2681 340 2966 410 legendum
3006 342 3146 411 apud
3197 340 3506 414 Georgium.

295 440 381 494 die
404 456 507 492 xxv
542 459 554 493 :
588 454 746 508 quam
771 435 1052 507 Epiphanii
1079 450 1296 505 quoque
1329 437 1651 489 sententiam
1676 431 1845 487 fuisse

295 541 526 586 constat.
549 529 677 584 Vide
710 545 826 598 qua:
866 542 1028 596 super
1055 543 1114 580 ea
1149 527 1345 594 partim
1378 527 1430 579 in
1462 523 1840 578 Aniinadvers.

297 622 360 676 ad
415 623 543 676 hier.
589 620 676 684 LI,
720 619 918 688 partim
958 618 1012 672 in
1052 616 1143 670 XII
1173 618 1248 672 De
1273 617 1512 670 doctrina
1554 625 1844 684 temporum

294 713 659 783 exposuimus.
703 709 836 763 Cum
892 719 1069 765 autem
1102 715 1277 780 capite
1316 709 1583 778 superiori
1622 707 1846 762 demon-

295 810 518 858 stratum
551 801 622 856 sit
670 799 992 866 Maximum,
1029 817 1188 872 quem
1225 800 1510 870 Georgius,
1541 809 1594 854 et
1639 799 1841 864 caeteri,

292 892 383 959 qui
438 890 860 945 Alexandrinam
905 907 1067 946 teram
1120 897 1434 953 tenuerunt,
1466 888 1640 944 secuti
1693 896 1841 952 sunt,

292 981 493 1035 Christi
543 982 852 1050 passionem
903 983 955 1036 in
988 998 1111 1036 eum
1160 997 1360 1035 annum
1397 982 1720 1043 contulisse,
1750 980 1844 1050 qui

291 1083 374 1128 est
421 1088 541 1126 aera:
606 1082 806 1128 nostra:
839 1089 976 1138 xw,
1035 1073 1242 1142 periodi
1297 1071 1525 1126 Julianze
1564 1073 1726 1136 4755,
1780 1087 1845 1126 eo

293 1177 437 1216 anno
470 1162 862 1216 admirabiliter
891 1164 1138 1232 contigit,
1168 1172 1224 1216 ut
1258 1163 1311 1216 in
1332 1162 1473 1217 diem
1505 1161 1682 1216 Martii
1708 1177 1845 1216 χχιιι

293 1254 498 1307 decima
565 1263 757 1322 quarta
818 1251 1097 1307 Paschalis
1156 1253 1438 1307 incideret.
1495 1251 1847 1307 Novilunium

294 1345 437 1400 enim
463 1360 527 1398 ex
560 1344 823 1399 Parisinis
845 1345 1041 1400 tabulis
1075 1345 1424 1400 commissum
1461 1352 1544 1400 est
1577 1344 1757 1399 Martii
1788 1361 1844 1410 χ,

294 1437 426 1491 feria
457 1451 553 1500 vn,
603 1435 734 1489 hora
769 1435 864 1500 10,
901 1437 982 1490 21¹
1026 1437 1081 1490 in
1125 1437 1405 1491 horizonte
1458 1435 1846 1508 Hierosolymi-

291 1535 444 1584 tano.
463 1527 641 1595 Quare
663 1527 875 1582 decima
905 1536 1099 1600 quarta
1131 1529 1383 1583 convenit
1404 1529 1459 1582 in
1480 1527 1656 1583 Martii
1689 1545 1844 1594 χχιιι,

291 1619 428 1676 feria
477 1636 563 1686 v1;
619 1620 970 1690 plenilunium
1025 1636 1151 1676 vero
1225 1622 1461 1676 medium
1515 1621 1693 1677 Martii
1741 1639 1846 1676 xxv

293 1711 534 1775 ineunte,
559 1712 690 1764 hora
709 1710 958 1765 videlicet
981 1711 1032 1775 1,
1059 1711 1185 1765 55'a
1213 1710 1388 1764 media
1413 1720 1594 1766 nocte.
1625 1711 1845 1766 Nicazno

291 1817 423 1858 vero
451 1810 692 1872 tempore
729 1803 1013 1858 neomenia
1052 1803 1280 1858 cadebat
1311 1804 1366 1858 in
1416 1820 1467 1857 ιχ
1521 1804 1721 1870 Martii,
1754 1821 1846 1878 cy-

292 1893 378 1947 clo
407 1907 439 1944 v
471 1892 681 1946 decima
711 1899 926 1961 quarta,
962 1889 1140 1944 Martii
1176 1906 1288 1945 χχιι
1315 1906 1328 1942 :
1366 1889 1511 1960 quod
1534 1890 1602 1943 ad
1633 1889 1848 1946 Graeco-

292 1998 414 2038 rum
442 1983 894 2052 computistarum
938 1991 1171 2036 mentem
1213 1981 1450 2051 perbelle
1488 1981 1843 2051 congruebat,

291 2075 386 2146 qui
416 2081 470 2129 et
521 2073 697 2128 Martii
745 2088 900 2136 χχιιι,
931 2080 985 2126 et
1020 2072 1154 2126 feria
1185 2087 1258 2136 vi,
1295 2079 1350 2126 et
1393 2072 1695 2141 plenilunio
1726 2087 1849 2140 pas-

293 2181 414 2221 sum
464 2180 586 2220 esse
635 2163 912 2219 Christum
947 2163 1351 2218 asseverabant.
1385 2162 1492 2216 Sed
1533 2163 1647 2218 haec
1685 2177 1848 2233 quam

294 2257 506 2311 illorum
550 2256 856 2310 rationibus
884 2263 1246 2310 consentanea
1283 2254 1534 2308 videntur
1561 2265 1668 2309 tam
1720 2265 1848 2310 sunt

291 2349 519 2412 absona,
557 2355 609 2402 et
647 2347 713 2402 ab
751 2346 1062 2417 evangelica
1108 2347 1336 2400 veritate
1381 2362 1606 2416 prorsus
1648 2347 1843 2402 aliena.

293 2437 400 2492 Sed
441 2453 541 2492 nec
587 2436 871 2507 Epiphanii
921 2435 1246 2491 sententiam
1292 2436 1525 2490 assecuti
1565 2436 1643 2489 illi
1689 2441 1844 2502 sunt;

291 2545 456 2600 quam
492 2544 593 2584 nos
624 2529 836 2582 abunde
879 2528 1036 2582 libris
1072 2527 1180 2582 illis
1212 2528 1628 2597 explicavimus.
1664 2525 1848 2582 Tertio

289 2622 525 2691 denique
553 2626 769 2674 constat
786 2635 850 2674 ex
877 2618 1096 2672 Maximi
1135 2633 1199 2671 ac
1230 2616 1578 2687 TheOphanis
1607 2616 1846 2684 decreto,

296 2712 568 2767 Christum
605 2709 890 2765 Dominum
914 2709 1156 2764 triennio
1179 2751 1192 2774 ,
1223 2724 1286 2763 ac
1316 2708 1598 2764 mensibus
1629 2709 1850 2764 circiter

292 2803 473 2858 tribus
502 2819 530 2857 a
563 2802 837 2872 baptismo
870 2801 1214 2872 praedicasse,
1263 2807 1322 2854 ut
1369 2802 1462 2872 qui
1499 2816 1642 2856 anno
1672 2804 1850 2858 aetatis

294 2885 516 2949 ineunte
569 2909 719 2960 xxxi,
759 2891 1002 2947 Januarii
1052 2908 1126 2958 νι,
1163 2893 1468 2964 baptizatus
1518 2896 1608 2958 sit,
1660 2896 1850 2949 mundi

291 2986 434 3043 5550
449 2996 704 3054 exeunte,
727 2987 801 3040 ita
824 2995 882 3040 ut
901 2985 1032 3044 5551
1061 2985 1308 3055 proximo
1325 3001 1448 3041 vere
1479 2987 1807 3042 successerit
1833 3002 1846 3038 :

1945 431 2026 484 Ad
2081 429 2224 483 hanc
2279 445 2547 484 summam
2609 432 2653 485 si
2691 432 2831 485 2215
2882 433 3184 502 adjeceris,
3248 442 3382 503 quot
3439 437 3507 490 ab

1945 520 2235 574 Abraliami
2270 521 2432 573 natali
2459 521 2527 573 ad
2553 529 2730 574 ortum
2756 520 2961 577 Christi
2992 523 3288 593 interponit
3338 524 3510 579 Euse-

1947 612 2088 670 bius.
2124 611 2322 666 eIIicies
2353 627 2524 677 annos
2547 613 2704 667 5199.
2736 614 2813 667 Ac
2847 630 3032 669 revera
3070 616 3298 670 totidem
3333 631 3508 672 annos

1945 717 2012 756 ex
2037 702 2254 756 Eusebii
2306 679 2516 758 c‘alculo
2552 703 2726 758 Latini
2777 707 3113 776 antiquiores
3147 709 3458 777 exprimunt
3489 729 3506 766 :

1945 795 2088 848 etin
2139 795 2381 850 Romano
2421 796 2804 869 Martyrologio
2865 816 2958 854 vni
3013 801 3236 856 Kalend.
3281 800 3505 857 Ianuar.

1945 903 2205 942 numerus
2236 888 2324 941 ille
2354 890 2681 957 concipitur.
2721 889 2852 946 Vide
2887 890 2983 946 lib.
3033 891 3101 946 IX
3141 893 3218 946 De
3265 893 3509 948 doctrina

1948 991 2256 1048 temporum,
2282 995 2404 1052 cap.
2439 979 2501 1034 II.
2533 980 2703 1035 Porro
2735 983 2798 1036 ad
2837 983 3169 1052 passionem,
3213 1001 3334 1053 qua:
3365 1001 3510 1040 anno

1946 1073 2236 1126 Abrahami
2267 1072 2402 1128 2047
2439 1073 2678 1142 ponitur,
2701 1075 2826 1126 anni
2851 1082 2979 1128 sunt
3013 1090 3042 1127 a
3074 1076 3292 1129 conditu
3325 1092 3508 1130 rerum

1947 1163 2102 1218 5251.
2139 1162 2408 1229 Quaeritur
2439 1164 2705 1232 Georgius
2728 1164 2795 1216 ab
2824 1163 3055 1218 Eusebio
3086 1165 3506 1234 prmtermissum

1946 1254 2173 1318 Cainan,
2209 1263 2263 1310 et
2311 1256 2430 1324 ejus
2479 1269 2654 1309 annos
2684 1270 2824 1309 cxxx
2850 1271 2863 1306 :
2894 1255 3016 1309 ideo
3055 1257 3318 1311 minorem
3359 1258 3510 1326 justo

1947 1362 2068 1402 esse
2089 1362 2356 1402 summam
2385 1347 2451 1402 ad
2482 1354 2660 1400 ortum
2700 1346 3030 1413 Abrahami;
3064 1363 3226 1417 quam
3279 1349 3394 1417 ipse
3435 1349 3513 1403 ait

1947 1453 2071 1492 esse
2101 1453 2368 1492 annorum
2411 1437 2570 1501 5512,
2595 1439 2795 1508 quibus
2843 1437 3008 1492 additi
3046 1440 3177 1493 anni
3227 1435 3387 1503 2221,
3416 1442 3507 1509 qui

1949 1528 2015 1581 ab
2041 1518 2351 1582 Abrahamo
2380 1528 2448 1584 ad
2486 1529 2690 1585 Christi
2722 1532 3033 1600 passionem
3065 1531 3331 1594 interjecti
3359 1544 3509 1598 sunt,

1947 1619 2184 1673 efﬁciunt
2207 1634 2382 1674 annos
2405 1619 2544 1675 5555
2564 1638 2578 1686 ;
2601 1636 2724 1675 cum
2754 1628 2936 1676 tamen
2966 1620 3232 1676 EuSebius
3251 1629 3305 1676 et
3337 1636 3510 1676 annos

1947 1711 2016 1765 ab
2035 1711 2343 1765 Abrahamo
2367 1721 2615 1766 numeret
2638 1711 2706 1766 ad
2727 1711 2998 1767 Christum
3021 1711 3182 1778 2048,
3200 1723 3251 1767 et
3281 1713 3347 1768 iis
3371 1713 3512 1783 prio-

1945 1816 2058 1855 rem
2093 1799 2160 1852 ad
2182 1815 2470 1855 numerum
2501 1799 2754 1870 adjectis,
2789 1817 3054 1856 summam
3085 1803 3209 1856 inde
3255 1804 3510 1856 coniiciat

1947 1906 2213 1946 annorum
2239 1890 2400 1948 5252.
2427 1890 2633 1946 Desunt
2663 1891 2788 1946 anni
2827 1893 2921 1946 501
2963 1891 3030 1946 ad
3073 1891 3288 1962 Georgii
3321 1891 3508 1946 calcu-

1946 1983 2057 2037 lum
2091 2000 2103 2036 :
2142 1997 2279 2052 quos
2309 1983 2426 2051 ipse
2453 1982 2623 2038 variis
2653 1982 2827 2038 modis
2869 1983 3146 2038 inculcare
3177 1983 3390 2038 nititur.
3437 1985 3510 2038 De

1946 2073 2212 2132 Cainano.
2247 2081 2302 2125 et
2329 2071 2488 2126 annis
2521 2069 2774 2126 Iudicum
2812 2073 3126 2142 plenissime
3155 2073 3324 2128 habes
3358 2075 3412 2127 in
3438 2073 3508 2126 IX

1949 2164 2024 2218 De
2046 2163 2288 2218 doctrina
2321 2173 2627 2232 temporum.
2654 2161 2868 2235 Georgii
2917 2164 3239 2236 μικρολογία,
3266 2166 3372 2220 ista
3400 2181 3509 2220 non

1947 2262 2030 2309 est
2060 2256 2247 2309 nauci.

2017 2345 2364 2413 Πανόδωρος
2393 2345 2461 2400 δέ
2485 2363 2596 2412 τις.
2631 2345 2785 2400 Nunc
2819 2347 2888 2403 de
2913 2347 3085 2404 altero
3113 2357 3390 2420 computo,
3420 2351 3513 2420 qui

1947 2445 2031 2492 est
2069 2436 2341 2490 Panodori
2374 2437 2651 2492 monachi.
2695 2438 2744 2492 Is
2770 2450 2932 2493 az'ram
2974 2440 3208 2508 priorem
3244 2457 3515 2496 annorum

1950 2531 2016 2586 ad
2077 2530 2283 2586 Christi
2346 2528 2751 2602 ὲνανθρὼπησιν
2802 2529 2934 2585 5501
2991 2539 3117 2586 octo
3182 2533 3371 2597 annis,
3428 2535 3514 2588 vel

1949 2621 2139 2678 decem
2185 2621 2523 2688 decurtavit;
2558 2621 2717 2690 cujus
2758 2621 2964 2676 inventi
3020 2622 3320 2692 probabilis
3360 2631 3443 2677 est
3483 2639 3515 2677 a

1949 2716 2111 2770 nobis
2149 2729 2313 2783 supra
2338 2713 2547 2768 reddita
2571 2715 2710 2767 ratio
2731 2732 2745 2768 :
2770 2728 2934 2784 quam
2965 2729 3096 2768 vero
3126 2713 3394 2785 Georgius
3432 2714 3516 2768 af-

1952 2806 2075 2869 fert,
2103 2804 2294 2859 frivola
2324 2812 2438 2872 cst;
2482 2819 2583 2860 nec
2631 2805 2756 2878 jure
2801 2804 3078 2860 hominem
3127 2805 3409 2874 redarguit
3456 2813 3516 2860 ut

1950 2913 2077 2952 mox
2097 2896 2387 2952 videbitur.

2033 2987 2164 3042 Ἐπὶ
2190 2987 2298 3057 γὰρ
2321 2987 2387 3040 τὸ
2424 2994 2475 3040 α’
2499 2989 2653 3055 ἔτος.
2695 2986 2828 3054 Qua:
2876 2993 3185 3058 sequuntur
3230 2986 3516 3058 insigniter

292 3094 440 3134 anno
473 3080 680 3150 periodi
708 3077 935 3133 Iuliana:
958 3077 1118 3145 4752,
1147 3093 1343 3148 passus
1385 3087 1567 3132 autem
1597 3080 1670 3134 sit
1706 3093 1851 3134 anno
1881 3075 1919 3087 "
1951 3075 2243 3147 depravata
2295 3085 2456 3144 sunt;
2507 3093 2683 3150 neque
2734 3078 2817 3132 vis
2869 3077 3374 3147 argumentationis,
3403 3093 3514 3148 qua

288 3171 470 3226 (etatis
498 3187 669 3225 χχχιιι
701 3172 972 3234 absoluto,
1022 3185 1086 3226 ac
1140 3170 1316 3226 tribus
1350 3181 1608 3242 prmterea
1643 3173 1850 3226 mensi-

293 3263 433 3330 bus;
463 3262 651 3316 mundi
686 3262 825 3317 5555
852 3261 1156 3327 desinente,
1201 3262 1409 3331 periodi
1434 3259 1664 3317 Julianae
1689 3263 1847 3317 4755.

293 3354 356 3408 In
400 3368 510 3423 quo
551 3354 620 3408 ab
667 3351 952 3423 Epiphanii
995 3354 1269 3408 sententia
1328 3353 1661 3408 desciscunt.
1720 3352 1854 3408 Vide

294 3441 515 3496 Maximi
543 3457 661 3512 cap.
692 3440 905 3496 XXXII.
953 3439 1246 3496 Sciendum
1293 3451 1376 3497 est
1414 3457 1600 3512 porro,
1635 3441 1853 3498 Graecos

289 3542 509 3589 aztatem
546 3533 751 3588 Christi
808 3534 876 3588 ab
927 3533 1309 3589 Incarnatione
1360 3535 1478 3604 ipsa
1526 3550 1852 3600 numerare,

294 3640 429 3690 non,
452 3633 510 3679 ut
543 3625 684 3681 ratio
720 3625 980 3696 postulat,
1013 3632 1066 3680 et
1089 3640 1188 3681 nos
1226 3626 1388 3696 vulgo
1417 3626 1667 3690 facimus,
1701 3626 1769 3681 ab
1789 3643 1854 3682 eo

296 3725 561 3787 tempore,
597 3733 705 3788 quo
726 3726 878 3774 extra
923 3727 1135 3774 uterum
1168 3719 1391 3788 prodiit.
1423 3718 1667 3785 Quorum
1693 3720 1854 3775 instio

297 3817 474 3863 tutum
507 3808 733 3864 Romani
765 3825 981 3881 quoque
1023 3812 1368 3881 computista:
1406 3811 1674 3882 complexi
1704 3819 1852 3879 sunt,

299 3901 592 3973 Dionysius
628 3902 891 3975 Exiguus,
922 3904 1095 3966 Beda,
1127 3913 1181 3958 et
1223 3905 1499 3960 inferioris
1535 3906 1632 3960 sevi
1661 3921 1857 3976 prope-

298 3995 518 4049 modum
546 4010 754 4052 omnes.
797 3995 936 4052 Hinc
979 3997 1242 4068 Georgius
1282 4012 1456 4054 annos
1485 3997 1607 4052 vitae
1646 3997 1855 4052 Domini

299 4093 492 4156 putare
515 4087 755 4158 incipita
788 4105 893 4142 xxv
926 4088 1126 4143 Martii.

372 4180 668 4233 Σκοπείτω
692 4183 778 4247 εις
807 4180 922 4250 τὴν
960 4188 1050 4235 ια’.
1100 4182 1279 4238 Divisa
1328 4197 1540 4238 summa
1585 4197 1854 4236 annorum

299 4271 441 4326 5555
486 4288 580 4342 per
609 4273 733 4337 552,
776 4273 901 4329 fient
947 4274 1208 4330 absolut:e
1243 4275 1448 4346 periodi
1481 4292 1535 4340 x,
1575 4283 1630 4330 et
1679 4291 1856 4329 annus

1951 3166 2298 3222 Panodorum
2343 3167 2628 3240 Syncellus
2671 3177 2979 3238 Oppugnat,
3013 3168 3150 3223 satis
3177 3168 3518 3222 animadver-

1954 3263 2106 3318 titur.
2155 3261 2330 3331 Hujus
2380 3271 2560 3318 tamen
2616 3263 2730 3317 haec
2771 3277 2984 3317 summa
3040 3261 3364 3316 coniicitur:
3394 3262 3517 3317 ideo

1954 3362 2156 3423 septem
2175 3354 2333 3409 annis
2358 3354 2541 3409 minus
2568 3361 2790 3424 putasse
2815 3352 3184 3418 Panodorum,
3215 3353 3361 3423 quod
3389 3369 3514 3408 cum

1955 3459 2098 3499 anno
2137 3445 2322 3499 mundi
2342 3444 2480 3500 5458
2509 3445 2787 3514 Augustus
2822 3445 3091 3513 imperare
3115 3446 3340 3514 coeperit
3393 3454 3518 3516 post

1955 3549 2143 3589 necem
2160 3534 2290 3590 Julii
2325 3535 2576 3599 Caesaris,
2608 3534 2930 3590 Panodorus
2959 3535 3087 3590 5451
3137 3538 3518 3592 tantummodo

1955 3628 2221 3696 posuerit,
2263 3626 2773 3682 mathematicorum
2807 3626 3078 3680 calculum
3119 3635 3361 3682 secutus.
3394 3627 3519 3682 Fuit

1956 3717 2098 3787 apud
2136 3727 2480 3773 astronomos
2517 3719 2570 3772 in
2597 3733 2698 3772 usu
2739 3733 2916 3772 canon
2948 3718 3192 3789 quidam,
3219 3720 3331 3775 sive
3354 3720 3520 3775 later-

1956 3809 2140 3862 culum
2168 3826 2376 3880 regum,
2395 3811 2484 3880 qui
2515 3825 2544 3863 a
2564 3808 2947 3866 Nabonassaro
2975 3811 3040 3866 ad
3071 3811 3401 3866 Antoninum
3428 3828 3519 3866 us-

1955 3916 2063 3970 que
2109 3909 2458 3972 prepagatur,
2490 3901 2747 3956 nimirum
2793 3901 2861 3956 ad
2906 3901 3178 3956 Ptolemaei
3219 3910 3460 3972 tempora
3498 3918 3513 3955 :

1957 3993 2050 4062 qui
2074 4007 2104 4045 a
2130 3992 2396 4047 Chaldaeis
2423 3993 2679 4048 traditum
2705 4010 2968 4050 canonem
3003 3993 3264 4048 Romanis
3292 3995 3519 4063 impera-

1957 4085 2169 4139 toribus
2195 4085 2416 4141 auxisse
2443 4085 2680 4141 videtur.
2710 4085 2910 4142 Verum
2952 4086 3004 4139 in
3037 4085 3176 4140 libro
3217 4086 3518 4156 προχείρων

1957 4176 2218 4240 κανόνων,
2265 4178 2359 4247 qui
2404 4177 2619 4234 tabulas
2667 4179 3061 4234 astronomicas
3121 4179 3516 4248 complectitur,

1958 4285 2133 4324 canon
2160 4270 2300 4324 idem
2329 4285 2359 4323 a
2402 4269 2654 4341 Philippo
2703 4271 2916 4326 Aridaeo
2949 4271 3179 4341 incipit,
3214 4279 3274 4326 ut
3302 4271 3355 4324 in
3403 4286 3520 4324 ma-

296 4363 406 4417 215
436 4365 734 4420 undecima;
753 4407 766 4430 ,
797 4381 906 4436 quo
953 4382 1141 4422 revera
1171 4377 1366 4438 quarta
1413 4367 1623 4422 decima
1652 4368 1852 4423 Christi
1886 4365 1931 4422 Ι)
1961 4360 2260 4431 nuscriptis
2282 4360 2563 4416 codicibus
2587 4369 2832 4433 apparet,
2858 4363 2950 4432 qui
2977 4361 3212 4418 Theonis
3239 4377 3516 4417 commen-

298 4455 501 4508 saaculo
542 4456 732 4512 incidit
758 4457 814 4511 in
851 4457 1031 4512 Martii
1062 4458 1203 4514 diem
1237 4475 1400 4525 χχιιι,
1427 4469 1486 4515 ut
1522 4460 1686 4531 paulo
1732 4467 1856 4516 ante

295 4545 556 4602 vidimus.

369 4635 573 4706 Πρώτη
595 4637 662 4691 δὲ
680 4638 785 4693 τοῦ
816 4641 948 4709 παρ’
991 4640 1296 4708 Ἑϐραίοις.
1339 4638 1535 4694 Mirum
1587 4639 1719 4694 illud
1751 4646 1855 4706 est,

298 4743 409 4782 non
457 4731 631 4783 solum
685 4732 1021 4786 neomeniam
1069 4731 1237 4788 fuisse
1282 4729 1450 4786 Nisan
1494 4729 1636 4785 diem
1683 4731 1854 4792 illum,

295 4837 458 4891 quem
503 4823 647 4877 luna:
680 4839 770 4878 xvr
808 4825 890 4879 vel
925 4841 1036 4878 xvu
1067 4841 1187 4880 esse
1223 4823 1354 4878 dicit
1383 4865 1399 4889 ,
1447 4824 1542 4879 sed
1590 4823 1856 4892 ejusmodi

296 4929 516 4984 semper
542 4915 840 4971 exstitisse.
877 4914 1044 4987 Nugae
1085 4918 1200 4973 istae
1236 4923 1396 4982 sunt,
1428 4917 1532 4971 nisi
1564 4915 1669 4970 hoc
1717 4914 1858 4970 forte

299 5006 491 5071 voluit,
533 5006 688 5061 init-io
729 5023 912 5062 rerum
959 5010 1194 5078 primum
1234 5023 1499 5076 mensem,
1536 5007 1649 5063 sive
1689 5006 1857 5062 Nisan

295 5097 641 5152 neomeniam
669 5097 929 5154 habuisse
951 5116 1056 5153 xxv
1082 5099 1170 5154 die
1201 5098 1398 5153 Martii.

382 5187 445 5239 '0
459 5187 576 5255 μὲν
597 5183 711 5242 οὖν
745 5191 1110 5258 Ἀφρικανός.
1133 5189 1262 5244 Vide
1291 5189 1572 5260 superiora
1605 5188 1728 5243 libri
1758 5188 1860 5243 hu-

287 5279 385 5345 jus
409 5281 577 5335 nostri
609 5281 808 5352 capita.

365 5371 657 5437 Εὐσέόιος
704 5371 773 5426 δὲ
808 5375 841 5426 ό
878 5373 1214 5442 Παμφίλου.
1272 5371 1329 5426 In
1375 5373 1635 5428 chronico
1675 5382 1860 5442 poste-

229 5527 232 5530 ,
293 5461 468 5525 riore,
507 5464 798 5535 interprete
853 5472 1041 5521 sancto
1087 5462 1439 5536 Hieronymo,
1491 5464 1758 5521 Eusebius
1802 5465 1858 5520 in

291 5550 570 5609 Prommio
595 5565 844 5611 numerat
890 5555 958 5611 ab
1015 5555 1220 5610 Adamo
1257 5556 1324 5610 ad
1367 5557 1632 5610 diluvium
1683 5570 1858 5612 annos

290 5642 459 5713 2242,
496 5661 524 5700 a
559 5647 762 5704 diluvio
812 5648 878 5703 ad
910 5655 1089 5705 ortum
1115 5649 1429 5715 Abrahami,
1461 5648 1585 5707 912.
1633 5645 1857 5706 Summa

1957 4453 2130 4508 tarius
2160 4455 2238 4517 εἰς
2268 4455 2394 4518 τοὺς
2423 4455 2742 4528 προχείρους
2791 4456 3020 4519 κανόνας
3048 4455 3324 4510 exhibent.
3353 4453 3520 4523 Igitur

1957 4558 1986 4596 a
2018 4553 2196 4598 morte
2241 4545 2557 4610 Alexandri,
2591 4553 2644 4600 et
2671 4545 2844 4600 Thoth
2880 4543 3137 4614 Philippi,
3179 4544 3246 4598 ad
3292 4551 3516 4598 mortem

1955 4635 2276 4704 Cleopatrae,
2310 4639 2438 4692 anni
2472 4639 2803 4710 colliguntur
2830 4637 2953 4692 291.
2990 4637 3116 4691 Inde
3148 4636 3378 4707 Augusti
3405 4636 3519 4690 Ca:-

1958 4728 2100 4781 saris
2133 4728 2226 4782 45.
2259 4728 2468 4798 Duplex
2504 4731 2649 4785 enim
2688 4731 2903 4784 initium
2932 4729 3186 4799 Augusti,
3229 4728 3456 4782 alterum
3487 4742 3518 4780 a

1957 4826 2132 4872 morte
2185 4816 2314 4872 Julii
2361 4819 2614 4885 Caasaris,
2650 4821 2881 4875 alterum
2926 4834 2956 4872 a
3014 4833 3148 4873 nece
3195 4817 3415 4872 Antonii
3465 4826 3520 4871 ct

1957 4908 2279 4978 Cleopatrae,
2311 4926 2431 4981 quae
2461 4919 2546 4967 est
2583 4912 2789 4982 epocha
2839 4925 3105 4965 annorum
3152 4911 3514 4963 Actiacorum.

1958 5003 2242 5061 Intervalla
2274 5017 2438 5072 porro
2480 5017 2746 5058 annorum
2772 5018 2804 5056 a
2846 5002 3130 5057 neomenia
3160 4999 3360 5063 Thoth,
3399 5013 3520 5070 qua:

1958 5099 2269 5170 principum
2327 5105 2557 5151 mortem
2587 5097 2836 5168 proxime
2869 5103 3162 5151 consecuta
3195 5099 3297 5158 est,
3332 5093 3388 5147 in
3426 5093 3518 5146 illo

1959 5204 2170 5244 canone
2207 5188 2528 5258 procedunt.
2572 5186 2816 5243 Mortuus
2842 5195 2925 5243 est
2955 5185 3260 5241 Alexander
3291 5184 3518 5253 Magnus

1959 5297 2105 5337 anno
2125 5281 2301 5352 primo
2320 5283 2541 5337 ineunte
2563 5279 2888 5351 Olympiadis
2903 5295 3048 5344 cxiv,
3066 5277 3273 5348 periodi
3287 5274 3518 5331 Iuliana:

1958 5374 2121 5440 4590,
2153 5389 2298 5428 anno
2324 5372 2695 5428 Nabonassari
2723 5372 2846 5435 424,
2878 5371 2972 5442 qui
2995 5371 3160 5441 coepit
3197 5368 3518 5424 Novembris

1959 5481 2059 5520 χιι.
2094 5465 2275 5531 Quare
2301 5464 2479 5518 'I‘hoth
2513 5463 2747 5533 Philippi
2777 5462 2995 5528 Aridaai,
3021 5464 3134 5518 sive
3170 5459 3516 5517 mortisAIe—

1962 5554 2176 5618 xandri,
2199 5554 2450 5609 convenit
2479 5554 2875 5610 in‘Novemhris
2893 5569 2965 5608 xu
2999 5555 3125 5608 anni
3154 5552 3396 5624 ejusdem
3425 5568 3516 5619 pc-

1960 5645 2099 5703 riodi
2128 5644 2354 5703 Juliana:
2381 5646 2543 5711 4590.
2579 5655 2632 5706 et
2652 5647 2866 5704 initium
2890 5645 3038 5702 dedit
3067 5661 3210 5703 anno
3237 5643 3516 5701 Nabonas-
3589 5687 3596 5696 .
