4036 6218
579 328 715 380 ωιῦ

1592 314 1682 370 AD
1723 309 1990 366 EUSEBII
2028 304 2424 367 CHRONICON
2462 302 2819 358 APPENDIX.

3658 293 3794 350 ms

575 438 686 495 Bari
723 435 847 494 425.
889 434 1014 491 Hac
1056 443 1143 491 est
1175 432 1382 505 epoclia
1423 430 1532 486 ⁴ιτιῗιν
1566 431 1870 502 προχείρων
1901 428 2139 482 κανόνων

2243 423 2384 480 tieus
2414 421 2482 476 ab
2509 419 2729 476 exordio
2747 416 2979 486 Philippi
2999 414 3062 468 ad
3080 411 3310 483 Augusti
3332 409 3579 464 ultimum
3602 423 3797 464 nume-

574 527 870 584 Ptolemaai.
899 526 946 580 A
975 539 1082 596 qua
1117 525 1244 578 anni
1280 529 1408 578 sunt
1437 518 1744 591 Egyptiaci
1773 516 1878 572 294
1903 513 2137 570 absoluti

574 620 643 674 ad
673 616 850 671 Thoth
898 613 1206 676 Actiacum,
1253 612 1367 667 sive
1406 609 1744 666 neomeniam
1786 606 1987 671 Thoth,
2017 619 2137 675 quae

574 722 720 761 anno
760 706 873 771 illo,
908 719 1016 776 quo
1057 710 1270 757 mortua
1313 711 1398 758 est
1446 698 2037 769 Cleopatra.incurrit
2081 697 2138 750 in

573 813 701 853 xxx:
727 797 870 850 diem
894 794 1158 864 Augusti;
1193 802 1245 848 et
1273 791 1554 847 exordium
1577 790 1763 844 attulit
1786 804 1929 843 anno
1961 785 2139 842 Nabo«

572 887 788 944 nassari
823 885 943 950 719,
985 899 1129 938 anno
1168 884 1374 954 periodi
1403 882 1632 937 Julianre
1659 880 1820 943 4684,
1855 879 2018 934 Urbis
2047 895 2136 934 se-

573 978 810 1034 cundum
837 975 1136 1031 Varronem
1155 973 1648 1029 724.1ntervallum
1670 987 1700 1026 a
1721 981 1894 1026 morte
1905 971 2141 1024 Alexan-

573 1071 657 1126 dri
692 1071 758 1124 ad
805 1068 985 1124 Thoth
1033 1068 1341 1132 Actiacum,
1388 1067 1517 1121 anni
1568 1064 1732 1121 solidi
1765 1062 1892 1118 294.
1926 1062 2138 1116 Rursus

573 1161 804 1232 Augusti
835 1176 985 1214 mors
1026 1161 1256 1231 contigit
1296 1174 1440 1214 anno
1467 1158 1629 1214 Urbis
1655 1156 1776 1221 767,
1806 1155 2010 1210 mensis
2045 1169 2139 1208 co-

575 1253 852 1321 gnominis
911 1267 1026 1316 xIx,
1060 1253 1519 1324 epagomenon'v,
1562 1248 1690 1303 anni
1736 1245 2139 1303 Nabonassarei

576 1344 713 1408 762;
737 1344 898 1412 cujus
932 1341 1112 1396 Thoth
1151 1341 1273 1396 iniit
1299 1341 1525 1414 Augusti
1556 1357 1649 1404 xx,
1677 1341 1884 1410 periodi
1910 1337 2140 1393 Iuliana:

573 1437 734 1498 4727,
761 1437 972 1492 decimo
1001 1443 1198 1506 quarto
1233 1435 1541 1490 communis
1597 1449 1738 1488 arae.
1765 1432 1870 1488 Sed
1904 1440 2019 1486 tum
2046 1448 2143 1486 an-

576 1541 679 1580 nus
712 1526 873 1588 lixus,
903 1533 957 1580 et
986 1525 1244 1579 Actiacus
1287 1532 1405 1578 erat
1429 1525 1482 1577 in
1521 1539 1719 1590 cursu;
1761 1521 1921 1591 cujus
1962 1520 2137 1576 Thoth

575 1625 835 1688 perpetuo
877 1616 945 1672 ab
987 1615 1219 1688 Augusti
1258 1630 1387 1669 xxix
1417 1613 1506 1670 die
1552 1614 2000 1683 auspicabantur.
2035 1612 2140 1666 lta-

573 1725 679 1780 que
707 1724 735 1762 a
756 1707 931 1763 Thoth
953 1708 1194 1773 Actiaco,
1226 1708 1292 1762 ad
1321 1706 1501 1762 Thoth
1528 1708 1718 1762 mortis
1738 1705 1988 1776 Augusti,
2014 1705 2140 1759 anni

2237 525 2324 569 rat
2349 527 2522 568 annos
2550 519 2823 566 vertentes
2838 508 2961 570 557,
2985 506 3057 559 ita
3083 514 3141 560 ut
3161 506 3264 559 558
3283 505 3352 558 ab
3369 501 3595 572 Augusti
3621 508 3800 556 morte

2238 607 2483 677 cmperit.
2513 603 2631 658 Jam
2656 603 2703 658 si
2729 617 2900 656 annos
2924 599 3027 655 558
3048 599 3270 668 adjicias
3299 597 3368 651 ad
3396 596 3501 650 424
3523 595 3802 650 Nabonas-

2239 700 2384 762 sari,
2417 696 2740 753 conﬂabitur
2783 708 2960 746 annus
3002 689 3367 744 Nahonassari
3412 687 3538 752 762,
3579 687 3673 757 qui
3717 695 3800 741 est

2213 791 2414 864 _Thoth
2444 789 2636 843 mortis
2663 783 2911 856 Augusti.
2938 781 3090 837 Adde
3113 782 3333 838 eosdem
3365 780 3469 834 558
3499 778 3564 833 ad
3594 794 3799 847 annum

2239 882 2508 940 Panodori
2531 879 2691 943 5169,
2724 879 2950 933 exsistet
2979 890 3154 930 annus
3189 874 3371 927 mundi
3400 873 3557 927 5507.
3592 871 3803 927 Rectis-

2239 979 2378 1033 sime
2420 976 2602 1044 itaque
2628 971 2948 1027 Panodorus
2978 985 3086 1023 non
3127 968 3304 1023 solum
3340 965 3518 1019 Thoth
3559 965 3802 1034 Philippi

2239 1086 2364 1123 cum
2401 1082 2546 1121 anno
2589 1063 2830 1134 computi
2864 1062 2948 1116 sui
2980 1061 3117 1115 5170
3153 1059 3455 1128 copulavit,
3490 1059 3582 1111 sed
3635 1057 3800 1111 etiam

2240 1161 2472 1230 primum
2504 1172 2705 1211 annum
2725 1153 2982 1225 Augustei
3011 1152 3223 1222 imperii
3253 1167 3376 1206 cum
3401 1151 3566 1215 5451;
3596 1150 3643 1202 si
3679 1149 3804 1218 qui-

2240 1251 2361 1305 dem
2393 1249 2824 1304 incarnationem
2847 1245 3052 1302 Christi
3070 1243 3302 1300 contulit
3327 1243 3380 1296 in
3404 1257 3607 1296 annum
3639 1241 3801 1302 5495,

2240 1357 2303 1396 ac
2324 1342 2463 1396 lunae
2492 1341 2705 1412 cyclum
2739 1337 2774 1391 2
2806 1353 2836 1390 ει
2875 1336 3121 1407 populari
3154 1334 3650 1389 Alexandrinorum
3676 1348 3805 1401 epo-

2239 1435 2340 1487 cha
2369 1433 2771 1504 procedentem,
2800 1429 2853 1484 id
2879 1437 2962 1484 est
2990 1427 3216 1497 Augusti
3237 1443 3382 1489 XXIX,
3411 1441 3439 1479 a
3457 1441 3566 1496 quo
3595 1440 3804 1480 annum

2240 1526 2625 1589 ordiebantur;
2660 1523 2742 1579 vel
2774 1537 2804 1575 a
2835 1536 3004 1576 verno
3048 1529 3311 1589 tempore,
3364 1526 3422 1571 ut
3456 1518 3809 1585 computistm

2241 1623 2438 1677 solent.
2462 1619 2605 1687 Quin
2641 1635 2707 1674 ex
2738 1617 2805 1674 iis
2846 1616 3088 1687 vestigiis
3123 1614 3489 1684 clironologiae
3525 1613 3803 1666 Panodori

2242 1712 2559 1782 conjectura
2604 1710 2720 1766 ﬁeri
2771 1716 2948 1780 potest
2978 1715 3290 1762 accuratum
3323 1706 3391 1760 iis
3433 1707 3487 1760 in
3536 1705 3708 1759 rebus
3743 1719 3805 1758 ac

574 1800 809 1856 absoluti
843 1809 971 1854 sunt
1018 1799 1106 1854 45.
1140 1796 1266 1853 Haec
1308 1807 1436 1853 sunt
1478 1797 1810 1861 indubitata,
1839 1805 1892 1850 et
1917 1810 1946 1848 a
1982 1795 2139 1850 nobis
2170 1793 2212 1848 Β
2240 1805 2556 1875 diligentem
2591 1801 2864 1856 hominem
2896 1799 3100 1865 fuisse;
3139 1805 3301 1869 atque
3338 1794 3482 1850 haud
3527 1795 3698 1865 paulo
3723 1795 3808 1850 in-

574 1891 1017 1944 demonstrantur
1071 1888 1128 1942 in
1164 1896 1311 1942 tomo
1355 1887 1660 1957 posteriore
1709 1886 1888 1956 cperis
1929 1883 2004 1938 De
2043 1885 2138 1937 do-

575 1981 744 2034 ctrina
772 1990 1085 2050 temporum.
1121 1978 1199 2032 Ex
1229 1979 1432 2050 quibus
1452 1976 1796 2032 intervallum
1827 1976 1972 2030 aliud
1999 1990 2140 2030 com-

577 2073 755 2144 putari
778 2079 978 2144 potest,
1003 2071 1146 2144 quod
1177 2073 1317 2128 inter
1352 2071 1582 2142 Augusti
1605 2071 1840 2142 primum
1856 2069 2138 2126 exordium

573 2183 638 2222 ac
664 2181 850 2221 necem
882 2165 1183 2236 Cleopatrae
1209 2172 1550 2229 numeratur,
1587 2177 1857 2217 annorum
1888 2162 1974 2216 15.
2001 2158 2136 2214 Nam

561 2258 805 2327 Augusti
846 2257 1134 2328 imperium
1165 2256 1331 2326 cmpit
1380 2270 1524 2310 anno
1572 2252 1737 2310 Urbis
1785 2253 1879 2306 711
1917 2269 1931 2304 :
1978 2251 2136 2322 cujus

573 2348 752 2404 Thoth
809 2348 1063 2402 convenit
1115 2347 1170 2400 in
1228 2346 1562 2416 Septembris
1626 2359 1708 2410 III,
1759 2343 1968 2400 Nabon.
2012 2342 2136 2410 706,

573 2440 780 2511 periodi
813 2439 1044 2494 Juliana:
1069 2438 1232 2493 4671.
1254 2438 1383 2495 inde
1415 2439 1482 2494 ad
1507 2438 1682 2493 Thoth
1700 2441 1981 2494 Actiacum
2007 2439 2136 2493 anni

576 2531 738 2588 Urbis
766 2531 887 2597 724,
922 2532 1050 2585 anni
1099 2529 1338 2586 confecti
1392 2538 1520 2586 sunt
1555 2532 1642 2586 15.
1681 2530 1858 2598 Quare
1887 2546 1917 2585 a
1956 2529 2136 2585 Thoth

574 2623 785 2694 imperii
817 2622 1072 2692 Augusti,
1120 2622 1187 2677 ad
1236 2620 1415 2676 Thoth
1475 2624 1668 2679 mortis
1709 2622 1975 2692 ejusdem,
2005 2623 2136 2676 anni

573 2719 702 2765 sunt
730 2709 1038 2782 Egyptiaci
1071 2717 1346 2766 vertentes
1379 2710 1468 2766 56.
1527 2711 1842 2767 Panodorus
1885 2712 2138 2766 incarna-

573 2804 776 2858 tionem
823 2803 1030 2857 Christi
1056 2801 1377 2858 conl‘erebat
1415 2803 1471 2856 in
1519 2818 1643 2858 eum
1678 2818 1901 2868 annum,
1929 2803 2024 2872 qui
2053 2817 2139 2874 cy-

573 2897 720 2950 clum
762 2895 1008 2950 lunarem
1065 2894 1258 2950 habuit
1285 2895 1322 2949 2
1365 2910 1396 2949 a
1441 2893 1618 2949 Thoth
1667 2895 2054 2960 Alexandrino,
2087 2895 2136 2950 si

573 2987 735 3042 civile
772 2987 987 3042 initium
1018 2987 1228 3058 cogites
1248 3029 1263 3054 ,
1297 2987 1376 3041 uti
1409 2987 1503 3043 lib.
1529 2985 1600 3041 ιχ
1630 2986 1706 3041 De
1741 2987 1983 3042 doctrina
2015 2996 2140 3041 tem-

572 3093 782 3147 porum,
813 3078 993 3148 capite
1016 3075 1082 3131 ιν
1115 3076 1423 3132 docuimus.
1459 3076 1589 3132 Erat
1634 3093 1764 3149 ergo
1799 3078 2005 3148 periodi
2042 3076 2138 3132 Ju-

573 3171 733 3225 liana:
756 3169 917 3232 4715,
950 3169 1007 3224 in
1035 3185 1197 3240 quem
1239 3169 1478 3240 vulgaris
1509 3185 1726 3241 quoque
1758 3171 1957 3225 natalis
1989 3186 2140 3224 com-

573 3265 730 3338 petit,
761 3263 845 3319 vel
873 3263 1034 3328 4714,
1073 3264 1121 3318 si
1160 3265 1410 3335 populari
1462 3265 1668 3334 epocha
1699 3280 1833 3320 usus
1857 3280 2142 3332 esuanno

571 3355 941 3412 Nabonassari
986 3354 1109 3410 748.
1163 3353 1400 3410 Proinde
1446 3370 1475 3408 a
1527 3354 1703 3410 Thoth
1754 3357 1881 3410 anni
1933 3356 2141 3410 Actiaci

573 3446 774 3518 primi,
810 3446 926 3501 sive
969 3443 1339 3500 Nabonassari
1372 3446 1493 3512 719,
1532 3446 1600 3502 ad
1640 3445 1818 3502 Thoth
1850 3447 1976 3501 anni
2017 3447 2139 3511 748.

576 3544 840 3610 putantur
872 3537 1004 3592 anni
1058 3537 1216 3592 solidi
1249 3537 1340 3602 29,
1369 3537 1442 3592 ita
1491 3547 1550 3592 ut
1607 3538 1882 3593 tricesimo
1921 3538 2142 3593 Actiaco

579 3630 805 3685 ineunte
855 3629 1182 3685 incarnatus
1229 3630 1302 3684 sit
1351 3629 1636 3686 Dominus.
1681 3631 1849 3701 Igitur
1887 3631 1955 3686 ab
2000 3647 2142 3685 anno

577 3721 950 3776 Nabonassari
980 3721 1204 3776 ineunte
1235 3721 1361 3784 425,
1386 3722 1504 3777 sive
1531 3737 1560 3775 a
1592 3720 1771 3777 Thoth
1798 3721 2051 3792 Philippi,
2074 3720 2142 3775 ad

579 3829 784 3871 annum
826 3814 1106 3870 ineuntem
1161 3814 1263 3868 748
1306 3813 1695 3876 Nabonassari,
1749 3829 1857 3884 quo
1896 3813 2143 3868 Christus

577 3912 900 3966 incarnatus
949 3915 1056 3972 est,
1099 3908 1229 3962 anni
1263 3907 1530 3978 interjeeti
1572 3915 1700 3963 sunt
1743 3909 1973 3964 absoluti
2009 3906 2140 3974 525;

580 4001 658 4056 ita
689 4010 748 4055 ut
776 4015 920 4055 anno
952 3999 1057 4055 524
1081 4000 1150 4055 ab
1174 3999 1332 4054 initio
1368 3999 1601 4070 Philippi
1641 4000 1845 4054 Christi
1878 3998 2143 4070 ὲνανθρώ-

582 4111 749 4166 πησις
780 4093 1056 4148 inciderit.
1087 4091 1359 4148 Detractis
1385 4106 1516 4162 ergo
1547 4092 1708 4147 annis
1735 4091 1840 4147 524
1877 4091 1944 4146 de
1983 4089 2141 4154 5495,

583 4185 781 4256 reliqui
803 4168 1120 4250 sunt5169;
1150 4184 1395 4254 adeoque
1421 4199 1567 4239 anno
1600 4184 1740 4239 5170
1772 4186 1840 4239 ab
1881 4191 2144 4238 autumno

583 4276 843 4330 inchoato
885 4272 1064 4328 Thoth
1118 4271 1354 4345 Philippi
1382 4274 1607 4340 accidit,
1643 4284 1702 4328 ut
1747 4274 1938 4328 scribit
1978 4273 2146 4328 Geor-

583 4368 747 4439 gius:
779 4366 872 4436 qui
904 4374 958 4421 et
999 4365 1204 4420 frustra
1258 4363 1604 4421 Panodorum
1651 4365 1950 4434 redarguit,
1997 4363 2143 4434 quod

583 4458 820 4530 primum
879 4454 1089 4509 initium
1155 4454 1388 4524 Augusti
1450 4454 1683 4511 Caesaris
1727 4455 1953 4524 illigavit
2003 4469 2147 4508 anno
2178 4465 2222 4520 1)

582 4546 774 4604 mundi
795 4544 1034 4600 5451.1ί1
1056 4545 1201 4600 enim
1229 4553 1594 4601 consentanee
1621 4545 1748 4600 fecit
1778 4545 2092 4600 constitutae
2113 4559 2143 4597 a

585 4654 646 4697 se
667 4638 1053 4708 chronologiie.
1085 4637 1295 4692 Etenim
1325 4638 1561 4707 primum
1589 4636 1820 4707 Augusti
1850 4637 2146 4707 imperato-

584 4732 663 4788 ris
682 4731 964 4788 exordium
984 4731 1053 4786 ab
1067 4746 1212 4785 anno
1235 4730 1700 4802 deduxit‘periodi
1721 4729 1951 4785 Iuliana:
1980 4728 2144 4793 4671,

586 4821 751 4878 Urbis
775 4823 1010 4881 conditae
1043 4823 1164 4887 711,
1189 4840 1220 4879 a
1259 4840 1370 4896 quo
1401 4825 1650 4895 plerique
1673 4824 1964 4894 imperium
1998 4823 2147 4877 illius

587 4916 851 4987 auspicati
878 4923 1026 4981 sunt,
1067 4924 1128 4971 ut
1157 4917 1321 4988 paulo
1355 4925 1482 4973 ante
1520 4917 1781 4972 diximus.
1807 4915 1925 4970 Jam
1948 4931 2077 4971 vero
2115 4930 2145 4969 a

588 5004 768 5060 Thoth
827 5004 1086 5078 Philippi,
1143 5007 1258 5064 sive
1313 5009 1381 5062 ab
1431 5024 1576 5064 anno
1625 5008 1991 5064 Nabonassari
2042 5007 2148 5062 425

589 5099 832 5165 ineunte,
886 5100 953 5156 ad
1009 5101 1286 5156 ineuntem
1339 5117 1544 5156 annum
1591 5100 1799 5159 Nabon.
1855 5101 1976 5166 706,
2020 5099 2147 5154 anni

590 5199 720 5246 sunt
754 5201 1052 5260 vertentes,
1087 5202 1141 5250 et
1189 5195 1384 5264 integri
1423 5194 1522 5250 281
1559 5210 1571 5246 :
1605 5197 1697 5265 qui
1726 5195 1894 5250 additi
1939 5184 2028 5248 ad'
2053 5209 2150 5246 an-

590 5297 720 5336 num
744 5286 931 5339 mundi
958 5285 1118 5354 5170,
1152 5288 1238 5341 cui
1267 5285 1444 5342 Thoth
1466 5285 1698 5356 Philippi
1717 5286 1991 5356 congruit,
2018 5300 2149 5340 con-

592 5373 786 5426 ﬁciunt
845 5390 1048 5430 annum
1095 5379 1285 5433 mundi
1333 5379 1492 5442 5451,
1545 5378 1781 5449 primum
1821 5377 2148 5431 Inonarchia:

590 5464 840 5534 Augusti.
862 5467 1069 5524 Exinde
1100 5472 1258 5527 annis
1289 5470 1516 5541 adjectis
1545 5470 1611 5525 56
1637 5469 1848 5539 imperii
1879 5467 2145 5537 ejusdem,

592 5557 809 5612 exsistit
846 5575 1022 5617 annus
1052 5564 1239 5618 mundi
1270 5565 1429 5631 5507,
1461 5579 1570 5634 quo
1592 5564 1871 5633 Augustus
1894 5561 2147 5626 excessit,

593 5662 903 5714 quanquam
957 5652 1198 5707 nondum
1244 5655 1502 5709 inchoato
1538 5654 1698 5718 £507,
1744 5653 1836 5708 sed
1865 5651 2041 5705 adhuc
2077 5652 2153 5705 la-

593 5737 755 5796 beate
775 5740 912 5797 5306
944 5743 1122 5814 periit.
1151 5743 1292 5810 Quin
1313 5748 1475 5802 etiam
1504 5762 1678 5801 canon
1720 5748 1812 5803 ille
1851 5746 2149 5800 mathema-

2237 1892 2655 1964 telligentiorem
2690 1890 2811 1960 ejus
2842 1890 3234 1962 reprehensore
3266 1887 3532 1958 Georgio,
3561 1885 3727 1958 cujus
3752 1888 3805 1940 in

2237 1985 2341 2040 hoc
2365 1999 2560 2056 genere
2588 1983 2800 2038 inﬁnita
2822 1991 3042 2054 peccata
3061 1991 3220 2048 sunt;
3241 1981 3334 2036 sed
3365 1981 3575 2035 nullum
3599 1981 3802 2050 majus,

2235 2093 2399 2149 quam
2426 2075 2571 2148 quod
2600 2091 2663 2132 ea
2682 2075 2938 2130 vellicare
2974 2074 3227 2138 instituit,
3257 2088 3379 2143 qua:
3409 2089 3585 2142 neque
3617 2073 3803 2143 capie-

2235 2169 2328 2224 bat
2363 2169 2500 2239 ipse,
2526 2175 2580 2224 et
2615 2169 2683 2222 ab
2723 2168 2817 2222 illo
2851 2168 2994 2237 ipso,
3024 2181 3184 2238 quem
3218 2165 3545 2230 accusabat,
3581 2164 3802 2220 fuerant

2237 2260 2440 2329 scripta
2464 2268 2801 2316 constanter.

2318 2353 2413 2419 Ὠς
2433 2351 2498 2405 τὸ
2515 2352 2665 2421 πρὸς
2695 2353 2761 2406 τὸ
2777 2361 2871 2423 μγ
2885 2353 3038 2419 ἔτος.
3065 2351 3191 2406 Haec
3217 2359 3346 2405 sunt
3364 2348 3638 2404 mendosa.
3658 2347 3798 2401 Nam

2237 2445 2416 2500 dicere
2446 2442 2662 2498 videtur
2688 2444 2965 2499 Christum
2996 2445 3050 2498 in
3099 2441 3365 2497 mundum
3401 2440 3604 2495 venisse
3641 2455 3794 2493 anno

2235 2535 2468 2604 Augusti
2489 2549 2654 2602 XLIII;
2687 2545 2741 2590 et
2772 2534 2909 2588 idem
2944 2541 3126 2587 tamen
3163 2541 3274 2587 tres
3304 2531 3421 2584 illos
3462 2538 3514 2584 et
3543 2531 3791 2598 quadra-

2239 2627 2386 2698 ginta
2415 2641 2590 2681 annos
2634 2640 2664 2678 a
2702 2635 2877 2680 morte
2914 2624 3211 2695 Cleopatrae
3241 2622 3309 2676 ad
3331 2621 3551 2692 Augusti
3581 2621 3789 2675 obitum

2238 2717 2500 2772 extendit.
2537 2716 2844 2786 Utrumque
2875 2730 3064 2769 verum
3094 2721 3214 2780 est;
3261 2720 3314 2767 et
3356 2727 3387 2765 a
3419 2712 3794 2782 primoinitio

2237 2807 2472 2863 Cmsaris
2511 2807 2746 2879 Augusti
2794 2806 2862 2860 ad
2917 2805 3312 2860 lncarnationis
3359 2819 3600 2868 annum,
3638 2819 3794 2874 quem

2238 2895 2557 2952 Panodorus
2591 2896 2899 2959 constituit,
2935 2910 3111 2951 annos
3148 2909 3270 2950 esse
3301 2909 3470 2960 xLIII;
3512 2901 3570 2948 et
3602 2909 3632 2946 a
3671 2910 3802 2948 nece

2237 2989 2539 3058 Cleopatrae
2568 2988 2793 3042 totidem
2850 2986 2917 3040 ad
2961 3000 3249 3040 excessum
3293 2983 3550 3054 Augusti.
3590 2982 3803 3037 Etenim

2241 3095 2384 3133 anno
2413 3079 2572 3134 tertio
2600 3077 2838 3146 Juliano,
2860 3078 3065 3149 periodi
3093 3076 3320 3132 Iuliana;
3345 3076 3510 3140 4671,
3539 3077 3807 3146 imperare

2240 3173 2404 3242 cmpit
2447 3171 2747 3242 Augustus,
2795 3186 2861 3225 ex
2901 3169 3157 3240 opinione
3213 3167 3509 3222 Panodori.
3551 3167 3807 3222 Christus

2240 3266 2558 3323 incarnatus
2580 3273 2664 3320 est
2689 3278 2832 3319 anno
2861 3261 3080 3317 Iuliano
3113 3277 3262 3317 vaI.
3294 3261 3536 3331 Demptis
3569 3260 3804 3320 duobus.

2242 3361 2486 3429 reliquus
2519 3365 2600 3413 est
2650 3372 2826 3412 annus
2855 3371 2979 3410 xLIv
3023 3355 3091 3409 ab
3135 3355 3292 3408 initio
3333 3353 3565 3423 Augusti
3611 3372 3624 3406 :
3662 3353 3807 3421 quia

2241 3450 2420 3504 Thoth
2451 3449 2579 3503 anni
2627 3447 2829 3503 Juliani
2873 3462 3015 3510 vaI,
3043 3445 3251 3518 periodi
3289 3443 3523 3498 Julianaa
3553 3444 3699 3498 4714
3736 3447 3811 3497 in-

2243 3543 2490 3596 choatur.
2550 3540 2788 3596 Labente
2842 3540 3026 3610 itaque
3082 3554 3212 3592 xLIII
3268 3537 3502 3592 Caesaris
3547 3537 3804 3606 Augusti,

2239 3645 2428 3683 mense
2451 3627 2642 3682 Martio
2669 3628 2896 3699 contigit
2932 3625 3364 3700 ὲνανθρώπησις.
3399 3625 3621 3681 Rursus
3667 3625 3806 3680 obiit

2244 3720 2520 3789 Augustus
2550 3735 2690 3775 anno
2710 3718 2926 3774 Juliano
2947 3735 3055 3783 ιιι,
3084 3718 3314 3790 Augusti
3334 3719 3538 3774 mensis
3563 3735 3681 3782 xIx,
3713 3734 3806 3788 pe.

2244 3813 2383 3866 riodi
2409 3811 2639 3868 Juliauae
2686 3809 2846 3868 4727.
2886 3811 3238 3868 Intervallum
3278 3813 3346 3868 ab
3403 3827 3548 3867 anno
3591 3810 3810 3866 Iuliano

2244 3919 2354 3968 va,
2375 3919 2483 3973 quo
2509 3905 2717 3974 primus
2747 3904 3002 3959 Aetiacus
3029 3904 3216 3974 coepit,
3253 3903 3320 3958 ad
3369 3919 3482 3968 ιιι,
3510 3913 3644 3960 sunt
3686 3907 3810 3958 anni

2245 4013 2394 4052 xuu.
2424 3995 2570 4052 Obiit
2602 3998 2769 4068 igitur
2791 3997 3068 4068 Augustus
3097 4004 3330 4052 exeunte
3354 4011 3500 4050 anno
3538 4012 3678 4051 me
3707 3998 3812 4050 ἀπὸ

2244 4091 2344 4161 τῆς
2377 4090 2744 4161 καθαιρέσεως
2774 4090 3092 4160 Cleopatrae,
3134 4089 3238 4143 hoc
3274 4095 3358 4142 est
3401 4085 3582 4141 Thoth
3619 4091 3813 4142 mortis

2246 4182 2474 4252 Augusti
2501 4181 2598 4236 fuit
2617 4182 3311 4253 quadragesimusquartus
3331 4196 3360 4233 a
3373 4178 3548 4235 Thoth
3565 4181 3812 4235 Actiaco.

2249 4273 2374 4329 Haec
2403 4290 2529 4330 vera
2567 4282 2713 4332 sunt.
2745 4273 2854 4331 Sed
2891 4273 3158 4346 Georgius
3207 4276 3462 4345 perplexe
3495 4280 3547 4327 et
3577 4273 3816 4329 obscure

2249 4366 2507 4436 loquitur.

2857 4479 3084 4540 CAPUT
3126 4479 3191 4536 V.

2250 4575 2328 4630 De
2357 4573 2660 4629 Grrecorum
2689 4582 3046 4642 computorum
3074 4572 3267 4641 epoclm
3301 4573 3355 4625 in
3375 4589 3530 4642 anno
3564 4572 3818 4635 Juliano,
3851 4561 3860 4574 ’

2324 4646 2483 4715 deque
2543 4639 2813 4715 cyclorum'
2851 4645 2906 4697 in
2939 4644 3003 4696 iis
3053 4639 3312 4698 inclitodo.
3364 4639 3636 4696 Maximus
3689 4648 3823 4697 illa-

2323 4725 2548 4770 uratur.

2322 4826 2510 4881 Civilis
2533 4826 3266 4897 Constantinopolitanorum
3284 4840 3466 4880 annus
3495 4840 3525 4878 a
3555 4824 3826 4880 Kalendis

2257 4916 2594 4988 Septembris
2651 4918 2945 4988 incipiebat
2998 4933 3104 4971 una
3158 4932 3284 4971 cum
3329 4917 3650 4974 indictione.
3689 4915 3830 4972 Inde

2255 5011 2422 5081 igitur
2451 5010 2585 5065 solis
2612 5025 2674 5063 ac
2698 5010 2837 5064 luna:
2861 5009 3044 5080 cyclos
3074 5024 3171 5078 par
3193 5015 3312 5062 erat
3334 5009 3594 5078 incipere,
3623 5024 3833 5077 quein-

2255 5102 2546 5156 admodum
2578 5101 2953 5163 Alexandrini,
2984 5101 3076 5172 qui
3118 5100 3299 5155 triduo
3363 5108 3489 5154 ante
3537 5099 3834 5170 popularis

2255 5195 2383 5248 anni
2411 5195 2736 5264 principium
2765 5193 3057 5257 habebant,
3089 5193 3326 5249 indidem
3345 5202 3398 5247 et
3425 5192 3608 5262 cyclos
3635 5191 3834 5245 ordie-

2254 5285 2476 5340 bantur.
2515 5285 2618 5340 Sed
2657 5300 2782 5339 cum
2835 5283 3065 5342 Romani
3118 5285 3247 5340 anui
3299 5283 3669 5353 descriptione
3727 5281 3841 5336 Ro.

2258 5381 2540 5449 manisque
2576 5379 2858 5435 mensibus
2889 5386 3191 5443 uterentur,
3223 5377 3370 5432 illius
3401 5377 3565 5431 etiam
3601 5374 3838 5456 inijiuxn

2255 5471 2426 5526 Graeci
2447 5487 2836 5541 nonnunquam
2856 5470 3238 5525 adhibuerunt.
3255 5467 3394 5522 Tum
3412 5467 3553 5538 quod
3583 5466 3841 5521 Pascha-

2257 5562 2326 5616 tis
2359 5577 2524 5616 causa
2551 5561 2689 5632 cycli
2737 5576 2766 5614 a
2796 5561 3124 5616 Christianis
3165 5559 3430 5629 assumpti
3477 5566 3648 5611 sunt:
3681 5555 3840 5626 quc-1

2257 5651 2455 5706 festum
2504 5667 2670 5707 verno
2716 5661 2958 5723 tempore
3006 5651 3342 5714 celebratur;
3391 5651 3518 5703 hinc
3579 5650 3840 5719 plerique

2261 5758 2367 5797 non
2393 5745 2552 5799 modo
2584 5745 2880 5814 cycloruui,
2913 5743 3007 5800 sed
3055 5752 3108 5800 ct
3150 5744 3278 5797 anni
3327 5743 3502 5812 ipsius
3535 5742 3840 5797 exordium
