4036 6218
310 242 446 298 ΗΠ

1280 213 1731 318 nisssnrxrio
1764 262 1850 318 ne
1887 265 2295 328 caecorum
2333 274 2537 332 aenis.

3396 296 3525 355 1418

306 357 361 411 1η
407 374 573 413 vcrno
621 378 806 420 mense
857 372 1198 433 statuerunt;
1257 368 1429 439 Aprili
1474 374 1725 430 videlicet
1772 388 1865 431 aut
1897 391 1939 444 Α
1969 383 2178 440 scitur:
2207 388 2297 442 ubi
2322 397 2432 444 tam
2459 391 2700 449 lunarem
2731 412 2956 466 annum,
2992 417 3057 458 ac
3095 408 3328 477 cyclum,
3362 429 3523 483 quam

308 448 497 483 lim-oin
2033 477 2043 483 ’

305 448 516 505 Martio.

372 540 503 608 Quae
540 552 616 597 tot
659 546 933 599 initiorum
966 550 1203 605 varietas
1247 556 1397 622 prius
1440 558 1741 627 scriptores
1777 564 1861 631 ip-

301 646 414 694 sos,
436 649 594 703 quam
618 651 804 690 eorum
830 638 1081 704 lectores,
1116 642 1424 700 admirabili
1448 652 1863 717 perturbatione

299 724 565 779 confudit.
592 724 724 779 Nam
750 727 860 782 duo
889 730 1209 802 plerumque
1233 734 1450 793 diversa
1489 755 1780 806 annorum,
1808 752 1862 799 et

297 816 573 885 cyclorum
619 817 887 889 principia
941 823 1173 878 miscent
1220 827 1498 884 invicem:
1533 848 1635 888 nec
1688 835 1754 890 ad
1806 837 1859 891 id

295 905 440 974 quod
462 898 628 961 semel
661 910 894 979 amplexi
928 922 1078 974 sunt.
1110 927 1429 974 constanter
1450 921 1857 980 adhaarescuut.

293 998 512 1051 Annum
543 1015 668 1055 ecce
710 1002 804 1055 alii
853 1004 921 1059 ab
955 1003 1258 1073 Septembri
1302 1012 1387 1065 vel
1447 1010 1675 1070 Octobri
1722 1018 1860 1072 inci-

294 1086 485 1155 piunt;
530 1091 709 1161 cyclos
741 1100 923 1148 autem
979 1097 1112 1152 solis
1145 1113 1210 1153 ac
1242 1100 1386 1156 luna:
1423 1102 1493 1156 ab
1529 1103 1724 1159 Martio
1771 1108 1859 1162 vel

289 1179 485 1249 Aprili.
513 1182 746 1248 Quidam
778 1188 995 1258 cycltim
1026 1191 1161 1246 solis
1179 1192 1247 1247 ab
1273 1192 1531 1263 Octobri;
1566 1197 1709 1253 lunae
1729 1216 1857 1256 vero

290 1272 359 1325 ab
394 1288 562 1328 verno
609 1291 797 1333 mense
834 1290 1142 1348 cmperuut.
1174 1282 1370 1342 Plures
1404 1301 1608 1342 annum
1639 1291 1854 1347 civilem

288 1380 318 1417 a
354 1362 689 1436 Septembri;
713 1373 1147 1430 ecclesiasticum
1166 1377 1234 1432 ab
1266 1379 1441 1450 Aprili
1471 1383 1743 1451 proﬁcisci
1761 1386 1855 1457 ju-

288 1455 449 1523 beut;
477 1457 621 1514 hunc
653 1461 819 1516 etiam
860 1465 1026 1536 aliqui
1055 1467 1252 1524 Martio
1283 1471 1352 1526 ab
1394 1486 1604 1540 mense,
1641 1484 1696 1531 et
1731 1455 1852 1548 ejus

287 1556 440 1603 certa
470 1548 558 1605 die
584 1561 856 1623 repetunt.
1702 1572 1705 1573 ⁷

352 1635 429 1693 Ea
464 1642 701 1698 methodi
726 1646 1033 1706 obscuritas
1055 1659 1110 1707 et
1137 1654 1389 1711 confusio
1416 1658 1539 1714 luce
1567 1667 1629 1714 ut
1663 1660 1844 1731 aliqua

283 1741 487 1787 nostrai
506 1735 889 1805 disputationis
912 1743 1240 1814 illustretur,
1265 1750 1332 1806 de
1362 1752 1594 1823 singulis
1623 1753 1842 1810 Graeco-
1875 1737 1920 1797 Β

282 1838 404 1878 rum
442 1829 712 1897 computis
746 1831 939 1888 ordine
970 1835 1258 1891 dicendum
1288 1841 1413 1906 erit,
1447 1852 1502 1897 et
1529 1847 1623 1915 qui
1650 1848 1846 1903 unius-

281 1918 548 1990 cujusque
586 1924 837 1979 tradendi
889 1928 1166 1998 principes
1215 1929 1456 1996 fuerunt.
1496 1951 1686 1992 eorum
1720 1948 1845 2010 per-

282 2012 598 2081 vestiganda
631 2019 899 2071 sententia
916 2026 1021 2083 est,
1054 2030 1132 2085 ut,
1155 2023 1611 2091 quemadmodum
1642 2030 1711 2084 ab
1733 2030 1841 2086 illis

278 2103 561 2156 constituti
595 2107 732 2175 cycli
769 2108 1004 2172 fuerint;
1035 2120 1090 2165 et
1128 2127 1240 2181 quo
1276 2122 1437 2181 pacto
1484 2131 1608 2170 cum
1642 2116 1844 2173 Roma-

275 2190 365 2244 nis
392 2194 769 2264 consentiaut;
809 2212 874 2251 ac
898 2201 1044 2268 quod
1070 2203 1199 2256 anni
1219 2203 1458 2275 denique
1478 2208 1837 2277 primordium

274 2285 539 2352 ceperint,
562 2298 708 2341 certa
734 2290 942 2346 ratione
970 2291 1295 2348 declaretur.
1326 2296 1373 2351 A
1404 2300 1644 2356 Maximo
1672 2302 1840 2373 igitur

275 2372 643 2443 incipiendum
675 2380 802 2444 erit,
823 2383 915 2452 qui
953 2394 1005 2439 et
1039 2386 1316 2456 antiquior
1345 2399 1531 2455 est,et
1565 2372 1837 2466 antiquio-

271 2460 353 2515 ris
391 2462 711 2521 observator
763 2485 908 2537 ειπερ,
974 2477 1135 2543 cujus
1188 2476 1257 2532 de
1292 2492 1437 2534 anno
1482 2483 1748 2551 primum,
1782 2495 1837 2542 et

270 2555 400 2609 anni
431 2558 636 2627 epocha
666 2567 992 2619 statuemus.
1254 2618 1259 2625 .

340 2646 765 2704 Alexandrinum
798 2663 1114 2724 computum
1168 2659 1222 2713 in
1278 2658 1530 2718 Paschali
1574 2681 1673 2721 sua
1714 2685 1831 2726 me-

267 2738 435 2794 thodo
481 2750 665 2798 tenere
712 2760 771 2799 se
819 2744 1090 2805 Maximus
1142 2754 1382 2808 ostendit
1409 2757 1584 2827 capite
1610 2758 1827 2831 XXXII,

264 2846 392 2886 cum
448 2848 647 2889 annum
711 2837 1107 2898 lncarnationis
1141 2860 1206 2900 ac
1257 2849 1454 2906 natalis
1511 2851 1714 2910 Christi
1751 2857 1829 2909 ait

265 2921 439 2979 fuisse
486 2928 674 2982 mundi
707 2929 866 2996 5501,
906 2935 1195 3005 scripsisse
1233 2955 1360 2995 vero
1397 2957 1455 2997 se
1485 2957 1629 3000 anno
1665 2947 1824 3014 6155,

266 3013 500 3072 Ileraclii
531 3019 799 3093 xxxi'cap.
840 3024 984 3081 XVII
1017 3029 1324 3100 signiﬁcat;
1362 3036 1519 3102 cujus
1551 3040 1680 3095 anni
1706 3056 1827 3112 pas-

266 3109 367 3161 sim
398 3113 646 3181 exemplo
678 3117 867 3171 utitur.
916 3119 1108 3176 Aunus
1156 3124 1367 3193 primus
1397 3126 1630 3185 Heraclii
1661 3135 1826 3204 coepit

261 3197 486 3254 Octobri
519 3217 703 3260 mense
737 3207 865 3261 anni
911 3224 1033 3265 terte
1059 3210 1386 3271 Christiana:
1429 3229 1569 3286 mox,
1613 3222 1825 3281 tricesi-

262 3302 386 3345 mus
409 3306 535 3346 vero
564 3295 768 3364 primus
798 3314 942 3355 anno
973 3317 1154 3365 ioch,
1189 3307 1481 3367 indictione
1507 3313 1824 3374 Constanti-

260 3381 575 3449 nopolitana
604 3402 693 3441 xrv
720 3398 843 3458 post
893 3391 1282 3467 Septembrem,
1329 3404 1485 3474 cyclo
1528 3407 1672 3463 luna:
1706 3426 1818 3475 xiv,

260 3471 395 3526 solis
413 3489 463 3540 v,
507 3475 685 3532 littera
730 3479 943 3540 Domin.
974 3485 1080 3542 BA.
1121 3487 1271 3545 Hanc
1297 3471 1461 3561 porro
1505 3471 1819 3556 methodum

260 3564 388 3619 anni
415 3566 499 3621 sui
544 3570 713 3624 tradit
743 3577 920 3645 capite
947 3578 1112 3645 XVII,
1144 3588 1203 3635 ut
1237 3583 1411 3641 divisa
1460 3604 1675 3644 summa
1719 3608 1819 3662 per

259 3669 448 3721 xxviii,
480 3657 527 3712 si
565 3662 692 3730 quid
744 3666 1023 3723 residuum
1053 3672 1154 3736 sit,
1192 3689 1293 3743 pro
1322 3679 1437 3731 sola
1454 3679 1501 3733 ri
1544 3683 1699 3751 cyclo
1727 3700 1820 3739 ca-

258 3746 479 3814 piatur:
519 3762 613 3808 aut
654 3757 700 3809 si
752 3759 887 3813 nihil
937 3772 1123 3830 restet,
1179 3767 1388 3841 integer
1434 3773 1549 3841 ipse
1578 3746 1812 3847 vcyclus.
1848 3840 1855 3845 ,

256 3836 399 3893 Idem
441 3851 495 3896 et
540 3844 594 3898 in
627 3847 823 3912 lunari,
873 3862 1033 3923 atque
1065 3836 1362 3917 indictione
1401 3836 1671 3938 prircipil.
1700 3868 1813 3925 Hoc

256 3929 417 3985 modo
447 3933 636 3992 divisis
660 3940 819 3996 anuis
847 3942 1006 4009 6155,
1052 3957 1238 4018 cyclus
1288 3953 1624 4025 relinquetur
1678 3962 1812 4017 solis

252 4036 290 4085 I,
322 4021 461 4078 Iunie
490 4042 592 4093 xv,
622 4030 931 4089 indictionis
976 4053 1096 4092 xui.
1134 4040 1324 4097 Restat
1365 4021 1499 4101 illud
1536 4049 1811 4120 inquiren-

250 4114 635 4190 dum;ecquid
694 4138 869 4182 annus
921 4128 1010 4184 ille
1058 4130 1196 4188 6155
1243 4151 1275 4190 a
1327 4114 1634 4211 Septembri
1679 4152 1807 4203 anni

247 4209 445 4265 Christi
472 4228 646 4282 inch,
674 4232 744 4273 an
776 4233 807 4272 a
837 4219 1086 4280 Paschali
1117 4243 1304 4288 mense
1340 4236 1470 4289 anni
1509 4252 1688 4295 iacm
1723 4241 1808 4296 in-

245 4301 430 4370 cipiat.

313 4387 467 4453 Quod
491 4392 655 4463 igitur
682 4412 1023 4470 nequaquam
1054 4420 1084 4460 a
1113 4407 1419 4481 Septembri
1456 4434 1632 4478 annos
1664 4439 1797 4482 suos

242 4478 313 4531 sit
354 4496 603 4550 exorsus,
634 4503 702 4542 ex
737 4489 928 4548 XXXII
958 4500 1133 4568 capite
1181 4478 1433 4564 concludi
1481 4522 1679 4582 potest.
1727 4521 1800 4575 lbi

238 4569 383 4624 enim
408 4573 460 4627 in
485 4579 732 4634 eumdem
766 4597 965 4641 annum
1000 4593 1454 4656 mundiMartium
1483 4619 1548 4660 ac
1575 4605 1799 4664 Decem-

236 4659 386 4714 brem
420 4666 663 4735 conjicit,
705 4689 896 4746 nempe
944 4680 1103 4746 5501,
1155 4702 1264 4755 quo
1307 4698 1360 4744 et
1411 4691 1604 4750 feriam
1642 4716 1674 4753 ιι
1721 4703 1797 4756 ait

236 4750 405 4809 fuisse
458 4756 637 4816 Martii
693 4781 818 4832 xxv,
875 4779 928 4825 et
985 4750 1237 4844 quartam
1294 4780 1610 4845 Decembris
1662 4810 1791 4851 xxv.

230 4845 390 4902 Certe
404 4845 668 4923 Georgius
696 4854 1000 4929 Syncellus,
1024 4868 1117 4935 qui
1146 4873 1391 4929 eamdem
1414 4892 1582 4934 :erain
1603 4885 1793 4954 expri-

1614 4935 1626 4937 θ
1658 4935 1758 4954 Γ-

229 4935 349 4998 mit,
403 4954 575 4995 annos
631 4960 763 5001 suos
820 4965 848 5004 a
882 4970 987 5007 xxv
1033 4956 1211 5014 Martii
1264 4962 1620 5036 incipit;nec
1680 4991 1791 5031 non

224 5029 649 5090 Alexandrinum
668 5037 974 5100 Chronicon
995 5066 1010 5115 ;
1028 5051 1129 5107 etsi
1148 5052 1422 5112 interdum
1445 5062 1603 5118 aliter
1631 5082 1791 5123 usur-

225 5130 338 5188 pat,
367 5123 436 5179 de
466 5142 576 5195 quo
612 5130 730 5186 vide
760 5149 879 5204 cap.
904 5137 993 5204 III,
1023 5142 1115 5197 lib.
1150 5143 1223 5198 IX
1257 5146 1334 5202 De
1363 5149 1616 5211 doctrina
1651 5167 1787 5214 tem-

220 5405 323 5454 rat.
364 5414 485 5470 cap.
525 5401 610 5464 Vl,
658 5407 748 5461 tibi
781 5410 1104 5472 latcrculum
1136 5437 1425 5490 enarrans.
1465 5434 1613 5500 quod
1667 5438 1784 5492 edi-
1885 5456 1897 5493 ι

220 5498 334 5541 tum
363 5500 447 5546 est
480 5510 601 5564 pag.
633 5497 756 5562 515.
805 5501 1123 5564 Januarium
1156 5522 1210 5567 et
1260 5497 1615 5579 Februarium
1649 5532 1780 5584 anni

217 5580 586 5641 antecedentis
599 5591 893 5661 essedicit;
922 5595 1129 5654 Pascha
1146 5618 1293 5673 vero,
1306 5612 1360 5663 et
1375 5611 1494 5681 ejus
1516 5630 1629 5680 xiv,
1650 5620 1779 5674 anni

211 5672 511 5735 sequentis.
529 5672 789 5736 Prmterea
807 5683 858 5737 id
880 5702 947 5740 ex
964 5691 1230 5760 capitibus
1347 5672 1420 5754 ac
1434 5701 1544 5757 XIII
1575 5672 1773 5778 cogno-

372 5764 638 5830 Paruoc.
672 5773 786 5836 (in.
824 5778 995 5841 XIX.

1966 477 2199 532 solarem
2227 493 2257 533 a
2285 496 2454 536 verno
2483 500 2666 542 mense
2685 488 2907 561 incipit;
2936 495 3088 553 illum
3109 500 3328 568 quidem
3358 506 3426 561 ab
3458 507 3524 561 iis

1962 568 2176 635 diebus,
2210 572 2411 641 quibus
2450 575 2592 631 aiiixi
2643 591 2773 635 sunt
2819 586 2971 640 aurei
3004 592 3251 657 numeri;
3289 596 3519 651 so‘larcm

1963 672 2144 719 autem
2194 667 2262 722 ab
2287 670 2658 739 tequinoctiali
2707 692 2916 735 mense.
2949 680 3080 738 Item
3116 689 3297 756 capite
3327 686 3517 757 XXIII,

1961 759 2174 827 cyclum
2198 761 2331 817 solis
2359 780 2551 829 xxviii,
2587 777 2642 821 et
2664 769 2806 824 lunie
2835 788 2947 838 xiv,
2979 774 3151 845 Aprili
3175 792 3240 832 ac
3266 774 3517 837 Paschati

1961 849 2088 902 anni
2109 850 2229 919 ejus
2255 853 2506 923 imputat,
2532 857 2623 927 qui
2651 856 2858 916 Pascha
2878 866 3007 918 anni
3029 865 3170 923 6155
3189 874 3516 942 antecessit;

1959 940 2117 1008 cujus
2156 945 2341 1014 cyclus
2385 958 2501 1002 erat
2530 951 2727 1008 solaris
2759 970 2795 1019 ι,
2827 956 3036 1013 lunaris
3087 976 3187 1027 xv;
3217 978 3325 1033 quo
3353 967 3516 1022 etiam

1959 1033 2138 1102 capite
2168 1037 2380 1105 cyclum
2416 1041 2548 1096 solis
2571 1056 2741 1098 xxvm
2765 1060 2794 1100 a
2823 1047 3082 1105 Kalendis
3114 1054 3316 1124 Aprilis
3357 1073 3518 1116 orsus

1956 1131 2060 1179 est.
2096 1124 2247 1183 Unde
2278 1141 2500 1201 epactas
2532 1136 2664 1191 solis
2709 1135 2899 1194 feriam
2953 1142 3099 1197 illam
3141 1161 3264 1201 esse
3303 1148 3514 1217 deﬁnit,

1956 1232 2076 1286 quae
2105 1231 2189 1276 est
2220 1221 2397 1280 Martii
2424 1242 2578 1291 xxxi,
2623 1230 2767 1286 sicut
2790 1245 3010 1304 epactas
3041 1238 3279 1306 lunares,
3303 1248 3515 1297 aetatem

1956 1311 2098 1367 luna:
2127 1315 2181 1369 in
2207 1317 2395 1373 eodem
2424 1320 2530 1376 die.
2567 1321 2649 1389 Ex.
2672 1340 2780 1395 quo
2833 1328 3083 1398 sequitur
3113 1333 3239 1385 anni
3280 1333 3516 1402 primor-

1952 1400 2103 1457 dium
2123 1404 2176 1459 in
2202 1404 2470 1465 Kalendas
2491 1412 2713 1482 Aprilis,
2740 1417 2809 1470 ab
2835 1418 2927 1473 illo
2960 1421 3239 1478 constitui.
3273 1400 3515 1497 buplici-

2009 2232 2145 2287 Cum
2180 2234 2296 2292 haec
2332 2242 2774 2310 exploratissima
2822 2250 2965 2319 sint,
2998 2261 3181 2313 tamen
3214 2270 3281 2314 ex
3309 2262 3501 2318 eodem

1938 2319 2156 2406 Maximi
2210 2341 2470 2402 computo
2495 2337 2730 2395 dillicilis
2771 2344 2949 2402 nodus
2989 2352 3251 2408 occurrit.
3291 2349 3501 2428 Quippe

1937 2402 2138 2472 annum
2183 2418 2345 2487 6155,
2377 2433 2431 2479 et
2481 2428 2833 2489 indictionem
2898 2454 2990 2492 xw
3042 2402 3337 2512 componi:
3372 2402 3498 2501 clu'm

1936 2522 2081 2563 anno
2115 2524 2245 2565 xxxi
2292 2515 2553 2579 Heraclii,
2581 2520 2826 2592 adeoque
2846 2542 2971 2581 cum
3007 2533 3161 2601 cyclo
3189 2535 3321 2591 solis
3354 2550 3390 2600 I,
3416 2534 3498 2591 lu-

1933 2610 2019 2652 nai
2043 2614 2134 2654 xv.
2167 2605 2331 2671 Atqui
2366 2619 2543 2662 annus
2570 2625 2698 2665 xxxi
2739 2612 2971 2672 Heraclii
2994 2625 3208 2690 emptus
3230 2632 3315 2679 est
3336 2624 3484 2682 Octo;

1934 2688 2016 2743 hri
2047 2691 2175 2745 anni
2197 2692 2402 2749 Christi
2446 2712 2589 2753 mox.
2640 2700 2887 2760 Mortuus
2926 2714 3011 2761 est
3055 2688 3186 2765 vero
3230 2712 3407 2768 Martii
3438 2733 3493 2770 ιι

1931 2781 2061 2835 anui
2113 2796 2311 2841 iocxu.
2356 2786 2413 2841 Si
2446 2805 2623 2848 annus
2670 2788 2861 2850 mundi
2907 2792 3048 2855 6155
3077 2802 3146 2856 ab
3170 2804 3364 2874 Aprili,
3396 2821 3491 2867 aut

1928 2878 2215 2932 neomenia
2261 2878 2514 2939 Paschali
2545 2896 2764 2957 caperet
2791 2893 3077 2949 exordium
3098 2938 3114 2962 ,
3155 2914 3265 2955 non
3297 2903 3488 2974 utique

1928 2963 2069 3021 6155
2110 2982 2313 3025 annum
2354 2970 2623 3045 attigisset
2655 2977 3008 3047 (Heraclius:
3052 2963 3487 3065 quandoquidem

1853 3084 1894 3142 ο
1928 3060 2213 3115 neomenia
2243 3063 2526 3124 Paschalis
2554 3084 2700 3126 anno
2732 3074 2839 3130 isto
2879 3080 3103 3152 contigit
3140 3060 3315 3143 Martii
3357 3107 3486 3159 xix;

1928 3158 2121 3217 quarta
2148 3149 2356 3210 decima
2387 3154 2666 3217 Paschalis
2681 3160 2937 3224 Kalendis
2960 3149 3255 3240 Aprilibus,
3287 3179 3421 3236 feria
3448 3149 3484 3237 ιζ

1928 3237 2083 3297 Unde
2105 3240 2314 3301 Pascha
2347 3248 2402 3303 in
2422 3250 2625 3321 Aprilis
2656 3271 2751 3311 vui
2774 3237 3129 3332 diﬂ‘undiiur;
3159 3237 3312 3341 cyclo
3342 3274 3482 3333 lunm

1926 3339 2034 3387 tam
2063 3332 2311 3395 Romano
2341 3358 2502 3412 quam
2545 3345 3149 3425 Constantinopolitano
3186 3332 3286 3434 xv;
3330 3373 3481 3442 cyclo

1922 3437 2054 3477 vero
2108 3426 2243 3483 solis
2280 3446 2297 3484 i
2334 3428 2960 3511 Constantinopolitano,
2988 3447 3236 3508 Romano
3284 3426 3477 3525 vi,‘lit-‘

1921 3517 2035 3568 tera
2065 3513 2130 3582 G,
2163 3521 2307 3589 quod
2331 3521 2598 3582 Maximus
2631 3544 2751 3600 cap.
2785 3530 2906 3589 XIX
2934 3537 3138 3597 diserte
3158 3513 3375 3605 astruil.

1994 3605 2116 3710 Hoc
2140 3621 2251 3666 nan
2302 3614 2408 3669 alia
2434 3619 2647 3675 ratione
2701 3622 2926 3683 dissolvi
2975 3642 3155 3701 potest
3199 3655 3360 3710 quam
3416 3655 3478 3702 Ea

1919 3710 2041 3765 quae
2070 3689 2140 3755 I-X
2179 3700 2258 3756 De
2281 3703 2523 3762 doctrina
2559 3721 2852 3783 temporum
2895 3689 3058 3779 allata
3096 3689 3360 3805 est,1ca—p-.-
3388 3689 3475 3804 Ill:

1917 3786 2008 3842 ubi
2039 3789 2333 3848 Maximum
2378 3802 2717 3860 ostendimus
2746 3806 3019 3879 duplicem
3059 3786 3471 3889 epoc'bain-an-ni

1915 3878 2091 3935 civilis
2143 3892 2196 3938 et
2222 3888 2581 3948 ecclesiastici
2613 3878 2931 3960 confudisse
2961 3917 2978 3963 :
3008 3878 3241 3979 quantm
3284 3918 3375 3974 illa
3403 3923 3471 3979 ab

1917 3967 2221 4073 Septembri
2267 3983 2596 4073 procedebat
2633 4008 2646 4042 :
2694 3990 2811 4048 haec
2848 3997 2917 4051 ab
2946 3967 3139 4070 Aprili,
3172 3967 3469 4073 aut

1912 4075 2117 4118 mense.
2142 4063 2376 4125 Proinde
2413 4072 2552 4137 6155
2577 4092 2780 4136 annum
2815 4063 3030 4146 civilem
3052 4095 3187 4152 alias
3212 4116 3334 4158 cum
3366 4105 3467 4162 He-

1910 4155 2065 4209 raclii
2082 4171 2225 4213 anno
2253 4177 2402 4227 xxxi,
2430 4174 2483 4221 et
2510 4167 2807 4229 indictione
2830 4192 2922 4231 xiv
2943 4192 3310 4260 comparavit;
3333 4197 3467 4257 alias

1907 4249 2157 4304 eumdem
2192 4267 2395 4310 annum
2418 4259 2630 4316 distulit
2661 4266 2715 4319 in
2741 4266 3060 4333 Paschalem
3082 4296 3345 4355 mensem,
3370 4309 3462 4349 ec-

1907 4341 2216 4401 clesiastico
2250 4364 2383 4405 usus
2405 4356 2651 4413 exordio.

1835 4432 1879 4488 D
1976 4433 2116 4492 Ante
2146 4438 2437 4498 Maximum
2481 4444 2799 4513 Panodorus
2837 4474 3011 4523 annos
3056 4485 3189 4530 suos
3231 4491 3262 4531 a
3297 4497 3464 4541 verno‘

1902 4532 2145 4597 tempore
2192 4533 2480 4595 inchoasse
2521 4543 2734 4602 videtur
2775 4571 2788 4606 :

1900 4619 2238 4691 fragmento,
2280 4632 2424 4700 quod
2465 4637 2643 4706 capite
2672 4648 2942 4714 superiori
3003 4619 3312 4729 retulimus,
3364 4619 3456 4724 ubi

1897 4710 2447 4816 éVavOpcbrrqqtv‘,-et
2475 4728 2724 4802 γέννησιν
2743 4710 2838 4791 -ab
2885 4755 2950 4795 eo
2981 4710 3459 4816 illigata-mwi'elze;

1898 4812 2041 4852 anno
2077 4806 2267 4860 mundi
2310 4800 2470 4875 5495,
2520 4800 2727 4874 nullam
2775 4836 2980 4885 certam
3011 4800 3132 4902 ejus
3177 4842 3255 4896 rei
3287 4846 3455 4917 signi.

1898 4888 2199 4917 Ωηηιζλη-..
2249 4898 2343 4917 Α-)
2413 4903 2446 4917 ο,
2748 4914 2758 4917 -

1896 4888 2201 4949 ﬁcationem
2241 4898 2472 4967 dederit,
2512 4916 2691 4967 tamen
2746 4914 2821 4971 ita
2871 4888 3169 4984 Christiani
3203 4932 3315 4991 fere
3336 4888 3455 4995 ove-

1895 4989 2062 5046 teres,
2109 4988 2300 5044 saltem
2338 4996 2730 5061 ecclesiasticis
2771 5010 2823 5065 in
2876 5021 3147 5087 computis
3171 4988 3244 5080 etv
3275 4988 3451 5087 histo-

1894 5074 2026 5140 riis,
2067 5077 2248 5137 facere
2297 5099 2694 5152 consueverant
2741 5107 2800 5156 ut
2856 5106 2924 5161 de
2962 5109 3220 5171 Africano
3266 5136 3385 5194 cap,
3426 5125 3448 5179 ι

1894 5165 2053 5194 Iud..-
2086 5171 2209 5194 |:|...:
2251 5174 2333 5194 μμ
2392 5180 2403 5191 .

1890 5165 2054 5234 hujus
2086 5171 2210 5226 libri
2243 5174 2552 5242 docuimus.
