4036 6218
545 260 684 318 1119

1569 242 1661 297 AD
1696 241 1966 299 EUSEBII
2008 237 2399 296 CHRONICON
2441 235 2803 292 APPENDIX.

3638 234 3767 289 1420

552 378 742 450 cyclus
762 379 846 429 est
883 370 1017 427 solis
1041 387 1055 424 :
1091 374 1185 422 aut
1211 372 1361 422 certe
1392 370 1544 418 totus
1575 360 1693 432 ipse
1721 374 1985 415 numerus
2003 356 2108 422 28;
2137 364 2185 419 Α
2216 371 2363 410 anno
2387 353 2546 408 1572.
2574 353 2652 407 Ac
2676 354 2760 408 vel
2779 368 2847 406 ex
2876 364 2964 415 eo,
2987 348 3133 420 quod
3161 365 3191 403 a
3219 348 3476 405 Kalendis
3503 347 3772 403 Januarii:

556 447 701 525 anno
743 464 884 521 6155
910 460 1088 516 diviso
1135 474 1230 531 per
1266 456 1373 521 28,
1425 452 1757 524 relinquitur
1785 451 1836 506 1.
1878 447 2112 503 Proinde

556 562 744 633 cyclus
774 557 952 614 solist
982 550 1265 610 concurrit
1285 563 1410 603 cum
1443 562 1589 601 anno
1619 542 1828 599 Christi
1856 541 1979 605 6M,
2003 555 2114 611 quo

550 654 833 707 Romanus
876 648 1011 703 solis
1044 645 1229 716 cyclns
1262 649 1381 697 erat
1429 654 1505 702 vt,
1537 638 1719 691 littera
1764 632 2114 689 Dominicalis

550 742 631 798 G:
666 741 807 797 unde
835 738 1035 809 reliqui
1060 736 1319 803 deinceps
1350 727 1638 802 propagari
1670 732 1939 797 possunt;
1970 721 2115 794 quod

553 838 609 891 in
655 832 1011 905 sequentibus
1061 823 1356 883 constabit.
1390 820 1592 891 Cyclus
1640 815 1850 871 lunaris
1896 811 2116 867 Maximi

554 930 696 985 idem
727 904 955 998 prorsus
985 928 1069 977 est
1114 932 1239 974 cum
1288 914 1557 970 Romano.
1594 907 1884 979 Siquidem
1927 904 2118 960 divisis

554 1020 692 1076 6155
713 995 809 1090 per
836 1015 922 1083 19,
949 1012 1141 1083 reliqui
1170 1015 1300 1064 sunt
1326 1022 1423 1069 xv,
1443 1016 1496 1060 et
1525 1016 1716 1058 revera
1747 1013 1891 1053 anno
1913 995 2117 1051 Christi

552 1114 678 1181 6M,
706 1111 893 1183 cyclus
935 1112 1055 1163 erat
1091 1104 1233 1157 luna:
1267 1098 1355 1155 15.
1400 1094 1561 1163 Quod
1609 1094 1809 1149 mirum
1844 1101 2118 1183 esseinon

553 1182 751 1264 debet.
791 1202 869 1257 Ex
916 1199 1108 1257 eodem
1152 1196 1358 1266 quippe
1418 1186 1916 1246 Alexandrinorum
1968 1182 2119 1234 fonte

554 1297 725 1354 Graeci
758 1310 823 1350 ac
848 1291 1028 1348 Latini
1066 1289 1273 1361 pariter
1314 1285 1559 1339 lunarem
1607 1279 1843 1332 hausere
1871 1270 2116 1344 cyclum;

553 1398 609 1446 et
649 1389 718 1443 ab
748 1385 938 1442 eadem
983 1381 1190 1453 cpocha
1214 1419 1228 1441 ,
1261 1376 1520 1431 nimirum
1568 1370 1635 1424 ab
1691 1380 1860 1422 verno
1906 1374 2116 1425 mense,

557 1497 718 1539 usum
749 1479 896 1535 illius
921 1474 1189 1547 auspicati
1226 1478 1381 1526 sunt.

625 1573 686 1629 ln
717 1545 1284 1636 indictione—putanda
1318 1559 1613 1632 perplexus
1636 1560 1721 1609 est
1743 1549 2035 1611 Maximus,
2064 1545 2121 1600 in

2217 449 2466 503 lunarem
2519 447 2733 518 cyclum
2810 444 3061 499 inchoari
3113 443 3343 508 scribit,
3405 442 3773 512 conjecturam

2217 548 2459 594 nostram
2488 537 2775 608 approbat,
2809 551 2973 606 quam
3009 535 3187 605 capite
3221 533 3286 588 Ill
3310 533 3571 604 superius
3609 534 3780 603 expli-

2216 633 2493 697 cavimus;
2524 629 2742 686 Graecos
2789 631 2845 685 in
2877 629 2983 683 hoc
3028 642 3225 699 genere
3270 627 3517 697 computi
3564 625 3782 679 Latino-

2216 740 2349 793 rum.
2412 740 2477 779 ac
2524 723 2836 779 Judaeorum
2920 736 3116 775 aureos
3173 735 3429 775 numeros
3481 718 3784 788 accepisse.

2217 815 2351 871 Nam
2378 816 2697 871 Latinorum
2744 814 3025 885 proprium
3056 813 3111 868 id
3149 811 3272 876 fuit,
3309 812 3561 865 lunarem
3594 809 3667 863 ab
3700 807 3784 861 Ja-

2218 909 2415 963 nuario
2451 909 2665 979 cyclum
2701 907 2991 970 inchoare;
3045 921 3168 960 cum
3204 904 3272 959 ab
3321 904 3514 974 Aprili,
3547 903 3638 957 vel
3688 900 3790 954 Pa-

2220 1000 2392 1054 schali
2418 1014 2605 1056 mense
2638 997 2906 1053 Romanis
2938 996 3077 1052 idem
3111 997 3299 1068 cyclus
3326 996 3677 1066 procederet.
3714 992 3790 1048 Ex

2221 1094 2307 1149 his
2369 1091 2717 1148 concluditur
2770 1106 2974 1146 annum
3032 1089 3244 1145 civilem
3287 1086 3793 1157 ConstantinOpoli-

2221 1194 2408 1239 tanum
2464 1183 2680 1239 duobus
2746 1182 3081 1253 respondere
3126 1179 3298 1252 cyclis
3353 1177 3689 1243 lunaribus,
3739 1186 3795 1230 ιιι

2219 1292 2397 1332 annus
2439 1276 2575 1331 6881
2615 1291 2647 1329 a
2684 1274 2995 1346 Septembri
3032 1273 3162 1327 anni
3209 1271 3348 1327 1572
3386 1271 3687 1340 incipiens,
3730 1267 3795 1321 ad

2223 1370 2536 1425 Decembris
2567 1370 2729 1424 tinem
2764 1369 2918 1440 cyclo
2959 1367 2995 1421 2
3027 1366 3675 1436 Constantinopolitano,
3713 1366 3796 1418 vel

2220 1460 2254 1515 5
2280 1459 2529 1516 Romano
2570 1460 2906 1531 respondet:
2944 1474 2975 1512 a
3016 1458 3275 1514 Kalendis
3304 1456 3608 1517 Januariis.
3640 1457 3797 1527 cyclo

2223 1553 2406 1617 tertio,
2437 1561 2491 1609 et
2522 1551 2772 1608 Romano
2800 1551 2856 1617 6,
2898 1550 3046 1622 quod
3088 1552 3156 1606 de
3187 1551 3353 1605 solari
3390 1565 3615 1620 quoque
3641 1549 3797 1620 cyclo

556 1682 730 1737 eaque
750 1660 1040 1719 methodus
1064 1656 1222 1721 fallit,
1240 1668 1360 1725 quae
1383 1667 1478 1722 per
1500 1648 1710 1721 cyclum
1737 1638 2007 1714 integrum
2022 1638 2121 1709 τὴν
2151 1710 2195 1737 n
2224 1646 2474 1702 Romano
2504 1646 2796 1702 dicendum
2834 1655 2937 1702 est.
2976 1644 3292 1700 Distributis
3326 1643 3488 1698 annis
3521 1642 3667 1697 6881
3704 1657 3797 1712 per

1171 1710 1508 1813 ε161551ροι·
1536 1710 1605 1795 15
1639 1710 1896 1809 partiare,
1927 1746 2121 1831 super:
2151 1710 2197 1770 Β
2225 1738 2315 1803 28,
2352 1745 2521 1794 restat
2559 1738 2747 1809 cyclus
2780 1738 2915 1793 solis
2943 1736 3007 1790 21
3044 1736 3113 1790 ab
3156 1734 3377 1791 Octobri
3430 1734 3568 1788 anni
3615 1710 3793 1788 1572ε

558 1821 665 1909 erit
716 1847 940 1906 indictio
984 1858 1107 1899 xm.
1142 1838 1306 1909 Atqui
1359 1852 1446 1890 xiv
1486 1839 1664 1903 empta
1705 1837 1789 1884 est
1820 1821 2126 1896 Septembri

560 1944 689 2001 anni
713 1941 840 2006 610,
860 1946 916 1995 et
954 1942 1219 2006 sequente
1245 1929 1347 1985 6M
1384 1925 1565 1981 adhuc
1593 1920 1865 1983 obtinuit;
1895 1931 1997 1971 nec
2020 1913 2128 2006 alia

559 2051 683 2093 cum
716 2002 861 2087 anno
892 2002 1081 2085 mundi
1111 2024 1250 2079 6155
1276 2017 1531 2090 componi
1565 2013 1776 2070 debuit.
1819 2009 2018 2065 Verum
2058 2002 2128 2058 ad

560 2123 878 2183 methodum
917 2119 1103 2174 unitas
1148 2113 1366 2168 additur
1415 2105 1573 2162 annis
1622 2101 1838 2165 mundi,
1875 2109 1934 2152 ut
1982 2095 2126 2153 indi-

561 2218 798 2274 ctionem
851 2212 1123 2266 labentem
1171 2203 1465 2260 obtineas:
1499 2192 1958 2268 quemadmodum
2002 2203 2126 2259 cap.

561 2304 782 2364 XXXIII
818 2299 1075 2371 Computi
1117 2296 1393 2351 admonet.
1449 2288 1731 2360 Duplicem
1777 2284 1924 2340 enim
1978 2282 2125 2336 indi-

563 2401 802 2456 ctionem
834 2392 1024 2450 statuit
1050 2409 1063 2445 :
1094 2401 1282 2450 unam,
1307 2398 1428 2455 quae
1445 2380 1662 2438 exsistit
1677 2393 1741 2433 ex
1760 2376 1917 2430 annis
1940 2371 2129 2427 mundi

566 2506 664 2564 per
696 2505 763 2544 xv
795 2484 1023 2548 divisis;
1060 2486 1256 2549 estque
1286 2477 1497 2531 unitate
1529 2471 1733 2535 minor,
1765 2482 1930 2539 quam
1952 2466 2129 2564 reipsa

565 2556 697 2639 tunc
724 2584 1055 2648 usurpatur;
1080 2572 1335 2633 alteram,
1364 2581 1489 2638 qua:
1519 2563 1586 2619 ab
1615 2560 1847 2633 Augusti
1885 2556 2129 2641 secundo

568 2673 784 2747 imperii
817 2684 962 2726 anno
989 2675 1078 2723 est
1095 2677 1297 2721 exorsa
1325 2679 1339 2715 :
1365 2673 1527 2729 quem
1554 2655 1774 2727 quidem
1806 2650 2036 2747 alllrmat
2064 2664 2131 2705 ex

567 2742 962 2823 xv—indictione
1001 2759 1239 2830 primam
1273 2768 1421 2808 anno
1457 2752 1564 2807 isto
1603 2747 1821 2804 fecisse.
1845 2742 1972 2799 Haec
2003 2748 2132 2797 sunt

568 2850 963 2911 commentitia.
999 2847 1139 2903 Vera
1166 2852 1347 2899 autem
1378 2840 1531 2911 origo
1551 2835 1823 2910 patefacta
1858 2840 1943 2890 est
1965 2845 2131 2901 supra

568 2963 689 3018 cap.
711 2943 800 2999 ιιι.
829 2941 965 2998 Vide
998 2947 1052 2996 et
1076 2951 1199 3007 cap.
1229 2936 1270 3002 l,
1300 2935 1396 2990 ubi
1424 2934 1491 2989 de
1532 2926 1927 2985 indictionibus
1962 2924 2133 2980 Maxi-

569 3040 645 3093 mi
668 3036 901 3108 egimus.

642 3126 702 3182 ln
723 3127 894 3182 altero
917 3128 1199 3193 computo,
1228 3134 1390 3191 quem
1414 3116 1554 3171 κατὰ
1580 3113 1880 3187 Ῥωμαίους
1901 3109 2134 3183 appellat

571 3218 874 3289 Georgius.
935 3215 1140 3286 quique
1190 3225 1393 3266 annum
1463 3206 1862 3263 lncarnationis
1915 3203 2137 3259 exhibet

572 3309 763 3367 mundi
796 3306 957 3372 5509,
982 3303 1208 3377 perinde
1237 3302 1489 3372 ambigua
1512 3308 1597 3356 est
1616 3312 1884 3354 annorum
1906 3296 2133 3367 epocha.

572 3402 795 3459 lsaacus
830 3400 1073 3471 Argyrus
1122 3412 1243 3466 cap.
1286 3392 1355 3448 lli
1382 3392 1633 3464 Computi
1679 3390 1900 3463 prioris,
1933 3404 2135 3443 annum

575 3495 789 3550 civilem
813 3494 891 3547 ait
918 3508 948 3545 a
983 3489 1288 3555 Septembri
1322 3486 1604 3553 inchoari;
1628 3486 1840 3556 cyclum
1869 3483 2128 3546 solarem,

573 3590 644 3645 ab
667 3586 924 3645 Octobris
952 3583 1239 3641 Kalendis.
1262 3582 1486 3655 Cyclum
1506 3595 1639 3636 vero
1667 3580 1912 3634 lunarem
1927 3591 2048 3647 cap.
2072 3574 2138 3630 IV

575 3682 647 3737 ab
692 3679 953 3736 Januario
1007 3677 1229 3747 incipit,
1261 3690 1326 3730 ac
1376 3672 1568 3730 divisis
1620 3671 1780 3727 annis
1815 3658 2004 3723 mundi
2043 3682 2141 3738 per

577 3781 963 3841 congruentem
997 3770 1151 3842 cyclo
1187 3768 1365 3824 cuivis
1397 3780 1706 3829 numerum,
1745 3761 1927 3833 colligi
1957 3761 2143 3815 laben-

577 3877 686 3922 tem
719 3878 863 3920 anno
894 3864 1083 3917 ultimo
1120 3861 1335 3932 cyclum
1381 3858 1599 3914 asserit.
1630 3856 1868 3917 Annum,
1896 3867 2005 3923 quo
2039 3853 2144 3907 ista

577 3952 863 4024 prodebat,
894 3951 1072 4022 rapite
1106 3949 1173 4004 ιιι
1218 3948 1415 4005 scribit
1451 3962 1573 4003 esse
1618 3945 1807 4000 mundi
1841 3943 2003 4007 6881,
2035 3958 2143 4012 quo

577 4043 755 4101 diviso
798 4058 893 4115 per
918 4042 1009 4105 28,
1056 4041 1116 4097 ﬁt
1162 4041 1297 4098 solis
1341 4039 1533 4112 cyclus
1592 4037 1683 4103 2l,
1727 4045 1840 4091 tum
1887 4034 2142 4091 Octobris

578 4151 706 4191 xxvn
730 4133 818 4190 die
850 4133 1042 4189 feriam
1084 4149 1142 4188 ιιι
1172 4132 1366 4188 scribit
1410 4130 1602 4198 fuisse,
1647 4131 1823 4198 capite
1872 4125 2141 4196 sequenti.

579 4227 676 4283 Est
720 4227 809 4282 hic
854 4242 1030 4282 annus
1076 4226 1283 4282 Christi
1341 4225 1515 4286 1572,
1557 4224 1713 4296 cyclo
1770 4221 2017 4275 Romano
2067 4234 2143 4282 ιιι,

2224 1845 2334 1901 quo
2389 1828 2668 1885 Romanus
2707 1828 2741 1883 9
2788 1829 2969 1884 adhuc
3012 1829 3066 1883 in
3110 1844 3213 1883 usu
3256 1835 3415 1882 erat:
3470 1842 3621 1880 anno
3671 1842 3796 1880 vero

2226 1928 2486 1991 sequente
2520 1920 2661 1974 1575
2703 1926 2821 1975 erat
2876 1920 3065 1991 cyclus
3122 1919 3206 1973 10.
3256 1917 3528 1983 Quocirca
3584 1918 3796 1988 primus

2226 2014 2410 2086 cyclus
2448 2012 2646 2068 solaris
2673 2011 3400 2082 Constantinopolitanorum
3436 2018 3559 2066 erat
3592 2008 3795 2065 Roma-

2225 2122 2330 2161 nus
2360 2106 2425 2160 17
2455 2105 2524 2160 ab
2550 2103 2812 2168 Octobri;
2841 2102 3105 2158 Januario
3143 2119 3268 2157 vero
3299 2111 3585 2172 sequente,
3610 2104 3714 2168 18;
3746 2112 3796 2157 et

2222 2198 2436 2265 primus
2475 2198 2662 2268 cyclus
2702 2195 2982 2249 Romanus
3031 2193 3291 2249 Januario
3329 2210 3517 2249 mense
3565 2210 3796 2265 respon-

2225 2289 2387 2344 debat
2421 2290 2575 2360 cyclo
2616 2287 3223 2358 ConstantinOpolitano
3268 2286 3356 2340 12.
3397 2286 3621 2342 Octobri
3664 2302 3799 2341 vero

2227 2388 2506 2452 sequente,
2551 2382 2708 2452 cyclo
2757 2381 2844 2436 15.
2890 2380 3125 2435 Lunaris
3157 2379 3346 2451 cyclus
3378 2379 3677 2443 idem,erat
3731 2393 3805 2433 ac

2226 2472 2583 2539 Latinorum;
2636 2479 2690 2526 et
2744 2471 2989 2526 ternario
3043 2471 3225 2525 minor
3276 2479 3391 2526 erat
3442 2468 3692 2523 Romano
3741 2478 3799 2524 et

2226 2562 2615 2618 Alexandrino.
2648 2559 2775 2627 Sed,
2817 2571 2877 2617 ut
2902 2561 3015 2632 jam
3053 2563 3260 2627 moniti,
3298 2576 3471 2631 neque
3506 2560 3561 2614 in
3590 2560 3798 2614 embo-

2229 2654 2515 2710 lismorum
2553 2654 2800 2721 ratione;
2841 2668 2946 2709 nec
2974 2654 3030 2709 in
3063 2652 3348 2709 Paschatis
3384 2653 3697 2708 celebritate
3725 2652 3801 2708 ab

2229 2745 2612 2801 Alexandrinis
2649 2756 2704 2801 et
2734 2744 3037 2801 Catholicis
3066 2746 3333 2802 institutis
3362 2745 3801 2800 abhorruerunl.

2229 2837 2461 2892 lndictio
2516 2837 2756 2907 denique
2800 2837 2991 2894 eadem
3046 2845 3165 2892 erat
3217 2851 3281 2892 ac
3331 2835 3618 2904 Romana,
3684 2836 3805 2892 sive

2230 2929 2605 3000 imperatoria,
2637 2936 2697 2982 ut
2738 2936 2957 2987 vocant.
3007 2943 3038 2983 a
3074 2927 3416 2998 Septembri;
3463 2928 3580 2983 sive
3622 2929 3805 2982 eccle-

2158 3058 2202 3116 ο
2236 3022 2459 3079 siastica
2492 3022 2560 3077 ab
2590 3020 2874 3077 Januario.
2911 3020 3128 3076 Unitate
3158 3036 3287 3090 ergo
3328 3022 3507 3091 major
3538 3033 3659 3076 erat
3688 3021 3804 3083 illa,

2235 3132 2356 3188 qua:
2379 3132 2443 3172 ex
2468 3114 2839 3170 Alexandrino
2877 3122 3134 3183 computo
3162 3113 3345 3183 prodit
3371 3131 3386 3168 :
3428 3113 3579 3183 quod
3614 3114 3810 3183 impri-

2233 3208 2339 3264 mis
2404 3206 2706 3262 notandum
2745 3206 2927 3270 venit,
2977 3212 3037 3259 ut
3095 3220 3163 3259 ex
3227 3220 3292 3259 eo
3343 3205 3807 3275 chronologorum

2234 3301 2571 3361 Graecorum,
2602 3306 2657 3353 et
2697 3298 2965 3367 imprimis
2995 3296 3346 3367 Theophanis
3381 3306 3567 3352 errata
3610 3297 3808 3367 depre-

2236 3389 2562 3444 hendamus.
2607 3386 2783 3458 Hujus
2825 3387 3229 3443 observationis
3271 3388 3548 3458 specimen
3598 3388 3811 3456 prabe.

2237 3482 2437 3539 bimus.

2308 3573 2668 3644 Theophanes
2698 3573 2773 3627 ait
2809 3573 3116 3629 Heraclium
3159 3572 3393 3642 cmpisse
3425 3588 3572 3627 anno
3612 3573 3813 3627 mundi

2239 3666 2399 3731 6102,
2417 3665 2819 3721 lncarnationis
2836 3664 2961 3729 602,
2986 3665 3235 3720 Octobris
3264 3682 3336 3729 tv,
3365 3666 3501 3719 feria
3524 3681 3589 3727 ιι,
3612 3666 3809 3720 indici.

2241 3773 2348 3811 xw.
2388 3754 2489 3811 Hic
2522 3764 2607 3812 est
2642 3771 2821 3811 annus
2862 3754 3065 3810 Christi
3096 3753 3464 3825 Dionysianus
3496 3752 3622 3818 610,
3652 3755 3815 3824 cyclo

2240 3848 2502 3918 praeditus
2525 3848 2692 3904 solari
2726 3862 2817 3911 ιιι,
2852 3846 3032 3901 littera
3067 3845 3127 3901 D.
3161 3847 3346 3916 Itaque
3368 3860 3524 3901 error
3550 3855 3637 3900 est
3666 3847 3814 3916 apud

2242 3938 2651 4008 Theophanem,
2702 3937 3098 4008 legendumque
3159 3936 3293 3990 feria
3326 3952 3365 3999 ι,
3410 3952 3520 3990 non
3568 3952 3629 3989 ιι.
3684 3936 3817 3989 Erat

2244 4030 2471 4101 indictio
2522 4028 3136 4099 Constantinopolitana
3205 4029 3274 4083 ab
3328 4027 3641 4099 Septembri
3698 4043 3815 4083 xiv.

2244 4123 2401 4176 llunc
2432 4120 2599 4193 igitur
2631 4137 2836 4177 annum
2877 4129 3033 4191 putat
3077 4120 3439 4191 TheOphanes
3490 4121 3559 4175 ab
3600 4121 3819 4174 Adamn

2245 4213 2420 4282 6102;
2455 4214 2850 4269 lncarnationis
2874 4214 2998 4269 602.
3027 4218 3096 4268 At
3116 4214 3402 4270 Cedrenus
3437 4214 3618 4269 mundi
3637 4214 3817 4280 6105,

585 4320 765 4375 littera
791 4318 1054 4375 Dominic.
1101 4318 1207 4374 DC.
1241 4318 1387 4374 ldem
1425 4327 1605 4373 tamen
1645 4316 1824 4387 capite
1855 4311 1945 4377 Vl,
1980 4312 2143 4384 μέχρι
2246 4305 2646 4360 lncarnationis
2696 4304 2823 4361 609.
2858 4304 3062 4361 Verum
3105 4304 3252 4375 quod
3303 4305 3373 4359 ad
3410 4303 3821 4360 lncarnationis

584 4411 682 4481 τῆς
709 4410 881 4482 ἀρχῆς
912 4409 1005 4462 τοῦ
1058 4407 1358 4480 ἀρχομένου
1401 4405 1726 4478 Ἰανουαριου
1750 4443 1766 4468 ,
1817 4422 1836 4455 ι
1868 4417 2043 4473 usque
2074 4401 2134 4455 ad

2245 4412 2420 4452 annos
2441 4400 2652 4461 attinet,
2676 4397 2938 4462 Miscella,
2958 4412 3080 4468 quae
3101 4412 3169 4453 ex
3200 4396 3553 4468 Theophanis
3580 4396 3823 4451 historia

582 4502 796 4557 initium
828 4496 1093 4565 Januarii,
1117 4501 1208 4571 qui
1236 4499 1484 4569 proxime
1512 4497 1786 4568 sequitur,
1815 4515 1833 4546 ι
1862 4509 2036 4549 annos
2068 4493 2145 4546 ait
2246 4499 2482 4555 constat,
2514 4491 2769 4546 eumdem
2808 4489 2972 4545 habet
3002 4504 3203 4544 annum
3237 4488 3367 4555 602,
3401 4498 3460 4544 ιιι
3490 4497 3704 4543 certum
3751 4491 3826 4545 sit

580 4609 703 4650 esse
734 4590 913 4649 6880:
952 4592 1151 4662 quibus
1183 4590 1376 4647 divisis
1418 4605 1518 4661 per
1558 4588 1646 4654 19,
1678 4588 1890 4659 cyclum
1940 4586 2082 4640 luna:
2112 4583 2148 4638 2

582 4684 799 4741 conﬁci.
864 4682 988 4738 Haec
1058 4686 1134 4738 ita
1196 4682 1480 4738 conciliari
1540 4687 1790 4753 possunt.
1862 4676 2149 4733 Scribebat

584 4772 800 4828 lsaacus
844 4770 1065 4826 Octobri
1118 4786 1305 4827 mense
1357 4770 1487 4826 anni
1541 4770 1747 4827 Christi
1798 4768 1972 4836 1572;
2023 4781 2149 4821 cum

579 4863 694 4933 jam
748 4864 816 4918 ab
862 4862 1167 4934 Septembri
1215 4870 1431 4935 cceptus
1472 4871 1618 4920 esset
1658 4878 1835 4917 annus
1877 4862 2150 4917 Constan-

585 4958 977 5029 tinopolitanus
1008 4956 1143 5012 6881
1171 4972 1296 5011 cum
1331 4956 1629 5012 indictione
1650 4971 1702 5010 xt
1733 4994 1749 5021 ,
1782 4954 1996 5009 ratione
2019 4966 2150 5008 vero

584 5048 723 5118 cycli
762 5048 961 5104 solaris
1010 5062 1042 5102 a
1073 5046 1331 5103 Kalendis
1378 5046 1667 5103 Octobris:
1719 5060 1883 5116 porro
1934 5044 2151 5099 ratione

585 5140 724 5212 cycli
758 5141 997 5206 lunaris,
1032 5138 1291 5195 Kalendis
1325 5137 1604 5193 Januariis
1638 5137 1994 5208 sequentibus
2043 5135 2152 5189 ini-

587 5233 725 5287 tium
751 5231 1039 5287 babiturns
1059 5238 1196 5295 erat,
1221 5231 1303 5288 sic
1328 5237 1387 5284 ut
1412 5245 1588 5284 annus
1608 5228 1766 5298 68806
1780 5232 2152 5299 perseveraret

589 5339 734 5379 anno
762 5323 918 5379 1572.
956 5325 1141 5395 itaque
1173 5323 1242 5379 ad
1278 5322 1549 5378 Kalendas
1568 5321 1816 5376 Januarii
1846 5321 1977 5375 anni
2009 5320 2150 5374 1575

589 5412 810 5472 ﬂuxisse
840 5415 915 5470 ait
944 5431 1116 5472 annos
1147 5414 1325 5471 6880:
1355 5416 1551 5469 horum
1585 5413 1813 5468 ultimus
1846 5412 2151 5481 occupabat

590 5521 794 5561 annum
819 5507 974 5574 1572,
1008 5507 1166 5578 cujus
1197 5505 1331 5562 adeo
1364 5505 1578 5577 cyclum
1615 5504 1926 5575 investigat.
1962 5502 2152 5559 Divide

592 5613 767 5654 annos
801 5598 939 5653 6880
971 5614 1067 5671 per
1095 5599 1182 5665 19,
1211 5605 1383 5654 restat
1409 5598 1444 5652 2
1480 5598 1622 5652 lunae
1649 5596 1835 5663 cyclus
1860 5595 2148 5661 Jndaicus,

592 5701 647 5750 et
674 5690 932 5761 Latinus;
965 5693 1058 5764 qui
1093 5692 1336 5747 Romano
1366 5691 1402 5750 5
1447 5689 1759 5762 respondet,
1794 5699 1997 5761 quotus
2030 5700 2150 5746 erat

2247 4598 2277 4637 a
2312 4582 2643 4654 Theophane
2700 4584 2775 4639 ita
2824 4584 3091 4654 scriptum
3136 4580 3340 4648 fuisse,
3392 4582 3589 4637 mundi
3637 4581 3824 4647 6102,

2249 4675 2644 4732 lncarnationis
2691 4675 2838 4732 602:
2900 4677 3090 4732 divisis
3136 4674 3276 4730 6102
3331 4691 3430 4747 per
3466 4675 3566 4742 15,
3619 4676 3825 4746 reliqui

2250 4775 2378 4822 sunt
2402 4766 2502 4834 12;
2526 4766 2709 4821 addita
2741 4767 2971 4833 unitate,
3004 4782 3070 4822 ex
3090 4774 3363 4838 praecepto
3386 4766 3629 4831 Maximi,
3660 4768 3830 4827 colli-

2249 4858 2394 4929 gitur
2421 4858 2649 4913 indictio
2681 4876 2804 4924 xm,
2842 4858 2946 4913 hoc
2980 4869 3062 4914 est
3098 4860 3341 4913 ltomana
3378 4874 3407 4913 a
3444 4858 3714 4915 Januario
3759 4859 3829 4914 ad

2254 4953 2414 5004 tinem
2466 4949 2815 5018 Decembris;
2847 4950 3457 5021 Constantinopolitana
3509 4968 3641 5007 vero
3667 4967 3704 5005 a
3731 4951 3831 5007 Ja-

2252 5042 2467 5106 nuario,
2502 5042 2570 5097 ad
2606 5043 2767 5097 tinem
2801 5042 3051 5113 Augusti.
3083 5041 3358 5108 Quocirca
3390 5044 3621 5114 indictio
3662 5060 3830 5101 com-

2253 5133 2367 5203 puti
2394 5133 2769 5197 Alexandrini,
2800 5150 2922 5203 qua:
2948 5148 3013 5189 ex
3047 5134 3314 5191 divisione
3342 5136 3441 5207 τῆς
3479 5135 3682 5206 ansae;
3713 5138 3834 5191 ori-

2255 5232 2365 5288 tur.
2400 5227 2505 5280 nisi
2534 5226 2602 5280 ab
2630 5225 2941 5297 Septembri
2970 5243 3143 5284 annos
3171 5228 3474 5293 ordiamur,
3505 5243 3533 5281 a
3554 5226 3833 5284 Januario

2256 5317 2324 5372 ad
2368 5318 2741 5389 Septembrem
2786 5320 3054 5375 unitatem
3108 5320 3233 5375 addi
3292 5319 3398 5376 sibi
3457 5321 3742 5390 postulat;
3799 5336 3831 5376 a

2258 5408 2584 5479 Septembri,
2621 5410 2686 5463 ad
2723 5410 2853 5464 anni
2896 5413 3078 5479 linem,
3107 5412 3322 5466 binario
3350 5421 3435 5467 est
3462 5412 3746 5482 augenda,
3772 5422 3830 5467 ut

2255 5501 2470 5557 civilem
2521 5501 3187 5574 ConstantinOpolitanam
3245 5512 3599 5575 assequatur.
3650 5503 3830 5575 Igitur

2258 5605 2402 5652 anno
2449 5595 2655 5653 Christi
2697 5596 2842 5663 610,
2887 5606 3005 5653 erat
3043 5614 3223 5656 annus
3272 5598 3659 5655 Alexandrina:
3704 5616 3829 5655 att-3:

2258 5689 2396 5748 6102
2423 5705 2453 5744 a
2503 5704 2670 5746 verno
2728 5704 2916 5746 mense
2942 5700 3190 5766 .cazptus.
3233 5692 3277 5744 Δ
3327 5689 3644 5763 Septembri
3695 5707 3826 5749 vero
