4036 6218
260 284 391 343 1421

1226 276 1681 348 DISSERTATIO
1724 275 1809 331 DE
1850 272 2253 330 GRAECORUM
2294 272 2498 329 ERIS.

3344 274 3477 331 1-122

259 399 437 457 civilis
484 413 660 456 annus
694 399 833 455 6105
878 396 1054 467 putari
1099 394 1309 465 cmpit:
1354 392 1499 463 quod
1536 390 1815 445 Cedrenus
1846 395 1889 451 Α
1920 386 2482 459 labentem‘cujusque
2512 391 2750 459 computi
2786 389 3202 452 numerandum,
3231 394 3477 463 praecipit

261 500 480 549 secutus
514 500 632 559 est;
670 491 825 561 prius
868 496 1072 549 autem,
1104 486 1489 556 Theophanes,
1521 484 1613 553 qui
1643 482 1818 536 eccle-

261 583 485 639 siastico
517 597 687 648 more,
730 588 792 635 ut
817 578 1076 645 vidimus,
1101 591 1276 632 annos
1317 590 1347 629 a
1386 574 1649 629 Paschate
1681 572 1818 627 solet

262 674 521 744 incipere.

329 763 688 834 Theophanes
753 761 894 816 idem
963 765 1152 814 narrat
1208 757 1446 813 Leonem
1518 754 1818 810 Isauricum

260 856 463 912 obiisse
516 868 661 908 anno
702 852 914 923 imperii
955 854 1042 908 sui
1080 867 1211 914 xxv,
1250 850 1363 921 jam
1418 849 1486 905 ab
1539 847 1819 903 mensibus

258 945 495 1007 duobus,
522 943 715 998 diebus
755 958 868 996 xxii
903 942 1191 1005 inchoato,
1226 955 1319 995 xtv
1349 937 1620 994 Kalendas
1665 935 1816 997 Julii,

260 1035 557 1090 indictione
580 1051 657 1097 ix,
689 1034 832 1104 quod
867 1043 921 1088 et
970 1033 1198 1088 historia
1240 1031 1478 1087 Miscella
1505 1029 1673 1085 refert
1717 1028 1821 1084 sub

257 1125 416 1178 ﬁnem
451 1124 576 1178 libri
608 1123 749 1178 XXI.
785 1125 946 1188 Ἔτος
982 1119 1051 1195 ἦν
1085 1123 1192 1177 ἀπὸ
1223 1122 1322 1194 μὲν
1351 1122 1579 1185 κτίσεως
1616 1122 1818 1193 κόσμου

259 1213 398 1268 κατὰ
433 1214 738 1286 Ῥωμαίους
758 1214 947 1286 ,ςσμη’
990 1214 1100 1268 ἀπὸ
1145 1212 1333 1285 ’Δδὰμ,
1369 1212 1509 1267 κατὰ
1557 1213 1614 1265 δὲ
1655 1214 1819 1280 Λιγυ-

257 1305 470 1367 πτίους,
504 1306 671 1375 ἥγουν
705 1304 1093 1378 Ἀλεξανδρεῖς,
1116 1302 1310 1375 ,ςσλβς
1344 1303 1451 1356 ἀπὸ
1473 1302 1529 1355 δὲ
1553 1301 1819 1355 Φιλίππω

256 1396 398 1451 κατὰ
443 1395 760 1460 Μακεδόνας
797 1396 952 1467 ,αξῇ
1002 1394 1133 1462 Quae
1164 1396 1243 1450 sic
1302 1381 1508 1450 Paulus
1547 1392 1821 1449 Diaconus

254 1488 455 1544 vertit:
503 1506 521 1539 ‹
553 1488 691 1543 Cum
739 1504 918 1544 annus
969 1495 1114 1546 esset
1169 1504 1201 1542 a
1238 1488 1550 1544 conditione
1599 1488 1817 1559 quidem

255 1578 481 1643 mundi,
512 1578 668 1648 juxta
719 1577 1035 1643 Romanos,
1078 1578 1146 1633 ab
1180 1578 1352 1632 Adam
1408 1586 1596 1635 sextus
1641 1579 1816 1634 mille-

256 1671 431 1727 simus
480 1670 890 1727 ducentesimus
929 1670 1381 1742 quadragesimus
1427 1678 1675 1735 octavus,
1730 1686 1818 1726 se-

257 1762 499 1817 cundum
525 1761 812 1834 [Egyptios
843 1779 993 1828 vero,
1039 1779 1133 1819 seu
1165 1763 1588 1827 Alexandrinos,
1631 1772 1819 1819 sextus

255 1854 578 1910 millesimus
621 1854 1030 1910 ducentesimus
1065 1854 1378 1910 tricesimus
1436 1854 1750 1921 secundus;
1791 1869 1819 1908 a

256 1944 527 2016 Philippo,
565 1945 866 2001 secundum
916 1945 1260 2011 Macedones,
1303 1947 1626 2003 millesimus
1667 1960 1823 2002 sexa-

257 2038 496 2107 gesimus
522 2037 735 2093 tertius.
763 2055 780 2090 l
820 2035 940 2092 Fuit
968 2038 1055 2093 hic
1086 2053 1263 2094 annus
1283 2038 1487 2094 Christi
1516 2038 1820 2093 communis

256 2142 379 2183 arae
400 2127 519 2192 741,
539 2144 646 2199 quo
669 2129 767 2184 fuit
785 2128 1011 2184 indictio
1025 2145 1104 2194 tx,
1121 2137 1231 2184 tam
1249 2128 1489 2184 Romana
1505 2144 1663 2200 quam
1682 2126 1824 2183 Con-

258 2219 765 2290 stantinopolitana,
786 2219 949 2276 Iunio
969 2236 1174 2276 mense.
1202 2220 1467 2277 Detractis
1500 2221 1659 2276 annis
1683 2220 1821 2277 5508

256 2309 326 2365 de
362 2310 521 2376 6218,
547 2319 753 2367 restant
799 2312 902 2366 740
928 2327 1049 2366 serae
1078 2310 1441 2383 Dionysianae.
1478 2312 1600 2368 Uno
1636 2312 1821 2382 itaque

260 2402 443 2457 minus
471 2417 616 2457 anno
635 2410 917 2474 computat
938 2402 1329 2474 Theophanes;
1356 2404 1501 2473 quod
1524 2411 1577 2458 et
1597 2403 1821 2457 indictio

259 2495 632 2552 demonstrat:
671 2511 799 2550 nam
832 2496 879 2552 si
912 2510 1086 2551 annos
1107 2493 1247 2549 6248
1276 2510 1372 2564 per
1400 2494 1468 2548 15
1494 2494 1817 2559 distribuas,

262 2585 490 2642 exsistet
529 2587 755 2641 indictio
785 2601 905 2641 vni.
938 2588 1101 2656 Atqui
1126 2586 1177 2640 in
1191 2602 1297 2640 aera
1319 2575 1819 2658 Constantinopolin

262 2687 410 2740 tana,
441 2691 603 2746 quam
640 2676 957 2731 Paschalem
1001 2685 1161 2731 vocat
1210 2675 1474 2747 Scaliger,
1518 2676 1820 2730 Romanam

264 2768 661 2841 Theophanes;
716 2768 907 2824 divisis
968 2768 1127 2822 annis
1176 2767 1244 2821 ab
1293 2766 1539 2832 Adamo,
1592 2782 1822 2823 currens

264 2862 494 2916 indictio
517 2859 866 2929 relinquitur.
901 2857 993 2912 Sic
1027 2872 1171 2911 anno
1197 2855 1547 2911 Alexandrini
1580 2858 1820 2925 computi

260 2954 403 3008 6252
452 2967 549 3022 per
597 2952 666 3007 15
701 2950 899 3015 diviso,
935 2955 1184 3019 superest
1215 2948 1440 3003 indictio
1469 2963 1567 3013 vn,
1606 2948 1820 3003 binario

1922 479 2123 536 addere
2184 481 2342 533 annis
2393 480 2596 534 Christi
2661 479 3008 552 Dionysianis
3069 498 3246 538 annos
3300 483 3476 549 5194,

1919 570 2058 625 5508
2092 579 2145 626 et
2181 571 2339 635 5500,
2371 580 2533 641 atque
2566 586 2596 624 a
2632 572 2933 641 Septembri
2968 582 3131 643 caput
3161 574 3290 627 anni
3327 590 3481 643 repe-

1919 670 2073 716 tere:
2110 661 2258 732 quod
2299 662 2402 717 hoc
2438 665 2685 733 exemplo
2741 665 3090 733 perspicuum
3122 664 3275 721 facit.
3323 664 3480 719 Anno

1919 753 2121 810 Christi
2158 754 2316 821 1596,
2348 756 2513 826 cmpit
2543 756 2609 810 ab
2642 753 2943 826 Septembri
2986 756 3297 812 Graecorum
3329 771 3485 813 more

1922 859 2098 903 anuus
2145 847 2324 902 1597:
2362 848 2499 902 adde
2548 863 2726 903 annos
2770 846 2944 912 5500,
3001 845 3229 903 habebis
3275 863 3479 903 annum

1923 937 2061 992 7097
2104 953 2226 993 tera:
2272 939 2591 1006 orientalis;
2650 939 2788 995 adde
2824 939 2987 1003 5508,
3031 939 3119 994 ﬁet
3150 955 3325 996 annus
3362 955 3484 993 {BHE

1920 1026 2206 1083 Paschalis
2236 1029 2406 1098 7I05;
2443 1029 2583 1085 adde
2614 1029 2784 1094 5494,
2820 1031 2922 1085 erit
2963 1045 3138 1085 annus
3167 1046 3288 1086 tera:
3328 1032 3485 1084 luna-

1922 1121 1998 1175 ris
2029 1119 2189 1178 7091.
2220 1119 2422 1176 Verum
2457 1123 2512 1176 in
2558 1122 2663 1176 hoc
2694 1129 2971 1192 postremo
3020 1123 3199 1177 lunari
3228 1130 3486 1192 computo

1921 1211 2033 1265 duo
2066 1210 2311 1266 subtrahi
2351 1219 2612 1281 perpetua
2659 1209 2917 1264 methodo
2941 1209 3118 1279 jubet,
3162 1218 3222 1264 ut
3255 1211 3485 1281 proinde

1923 1303 2144 1358 nonnisi
2173 1302 2312 1357 7089
2344 1318 2520 1359 annus
2574 1303 2666 1358 ille
2716 1311 2952 1373 putetur.
3009 1301 3165 1367 Haec,
3220 1302 3481 1371 inquam,

1922 1394 2108 1448 cautio
2134 1393 2431 1450 falsissima
2459 1401 2564 1457 est,
2593 1400 2654 1449 ut
2684 1409 2750 1449 ea
2770 1393 3148 1448 demonstrant
3177 1410 3297 1464 qua:
3323 1409 3486 1462 supe-

1922 1484 2165 1540 rioribus
2194 1485 2467 1555 capitibus
2496 1486 2727 1555 exposui
2752 1486 2818 1541 de
2842 1486 3019 1541 tribus
3046 1486 3168 1541 istis
3189 1484 3479 1555 computis.

1921 1571 2056 1627 Nam
2106 1574 2228 1629 dua:
2268 1590 2332 1630 ex
2383 1576 2503 1641 his,
2559 1576 2769 1630 lunaris
2817 1584 2872 1632 et
2921 1576 3239 1639 orientalis,
3279 1590 3481 1629 annum

1922 1666 2231 1720 communis
2261 1666 2479 1730 natalis,
2507 1681 2571 1721 ac
2595 1666 2912 1738 Dionysiani
2941 1666 3185 1737 prmbent
3210 1666 3480 1727 eumdem,

1922 1756 2015 1827 qui
2046 1765 2129 1813 est
2171 1757 2311 1812 5495
2340 1758 2517 1813 iniens
2545 1773 2576 1812 a
2613 1758 2940 1829 Septembri.
2978 1756 3266 1821 Maximus,
3310 1757 3482 1812 Geor-

1922 1846 2072 1916 gius,
2129 1860 2194 1901 ac
2229 1845 2589 1918 Theophanes
2628 1863 2737 1903 tera
2781 1848 2865 1904 usi
2900 1856 3050 1916 sunt,
3097 1863 3259 1919 quam
3300 1848 3485 1903 orien-

1924 1937 2087 1993 talem
2118 1946 2278 1993 voeat
2302 1935 2566 2010 Scaliger.
2593 1938 2707 1995 [Ioc
2736 1951 2889 1996 extra
2919 1940 3346 1996 controversiam
3374 1951 3480 1997 est.

1920 2026 2057 2081 Nam
2090 2028 2371 2084 Christum
2421 2037 2675 2085 asserunt
2705 2030 3073 2095 incarnatum,
3117 2037 3172 2086 et
3201 2030 3257 2084 in
3306 2031 3483 2085 lucem

1921 2118 2129 2173 editum
2165 2133 2310 2173 anno
2334 2122 2575 2189 computi
2625 2122 2710 2176 Sui
2742 2122 2903 2176 5501.
2950 2121 3116 2192 Igitur
3154 2137 3333 2177 annus
3363 2135 3484 2175 atra:

1923 2207 2268 2281 Dionysiana:
2292 2209 2419 2276 641,
2457 2226 2565 2282 quo
2596 2210 2831 2266 Heraclii
2855 2227 3032 2268 annus
3070 2229 3195 2267 xxxi
3236 2210 3485 2267 Paschali

1923 2316 2111 2358 mense
2154 2304 2430 2368 currebat,
2465 2305 2773 2375 computari
2823 2305 2893 2359 ab
2935 2306 3043 2361 illis
3093 2306 3279 2361 debuit
3312 2304 3479 2372 6141,

1922 2397 2122 2453 additis
2155 2399 2295 2454 5500
2336 2400 2404 2454 ad
2454 2398 2578 2454 641.
2633 2402 2799 2472 Atqui
2823 2418 2946 2458 eum
3003 2404 3182 2474 ipsum
3235 2410 3483 2459 statuunt

1928 2500 2131 2541 annum
2188 2488 2375 2542 mundi
2410 2488 2579 2555 6155,
2617 2498 2821 2561 quotus
2855 2501 2940 2547 est
2992 2494 3046 2547 in
3100 2494 3281 2548 lunari
3336 2511 3487 2549 com-

1927 2588 2090 2647 puto;
2128 2578 2175 2634 si
2205 2579 2273 2633 ad
2304 2595 2478 2637 annos
2511 2581 2607 2635 641
2647 2582 2918 2654 adjungas
2949 2584 3124 2648 5492,
3162 2586 3238 2639 uti
3276 2589 3491 2642 metho-

1927 2670 2036 2726 dus
2077 2671 2394 2743 exigit..Sic
2442 2689 2645 2729 annum
2689 2676 2925 2746 primum
2955 2674 3207 2741 Heraclii,
3239 2677 3332 2747 qui
3365 2679 3490 2733 iniit

1923 2759 2148 2818 Octobri
2179 2766 2311 2820 anni
2358 2764 2563 2823 Christi
2607 2768 2712 2821 610
2747 2768 3026 2823 numerari
3058 2770 3299 2840 oportuit
3345 2771 3486 2826 6110

1923 2855 2204 2915 orientalis
2244 2874 2400 2923 terte,
2458 2869 2515 2914 at
2566 2860 2744 2915 solum
2783 2859 2923 2914 6102
2972 2867 3197 2930 putatur
3237 2876 3266 2915 a
3309 2861 3488 2919 Theo-

1924 2946 2131 3017 phane;
2168 2958 2371 3020 quotus
2416 2959 2500 3007 est
2541 2952 2594 3006 in
2624 2967 2718 3019 ea,
2748 2966 2912 3023 quam
2952 2952 3200 3008 lunarem
3246 2953 3487 3026 Scaliger

260 3045 509 3099 Romana
548 3042 747 3108 minor,
779 3055 903 3095 cum
934 3041 1144 3094 unitate
1183 3047 1397 3094 tantum
1434 3040 1684 3110 superari
1726 3040 1824 3109 tle-3
1850 3061 1896 3122 ρ
1926 3040 2181 3108 appellat.

263 3139 409 3192 heat.
434 3136 564 3190 Item
588 3135 657 3190 de
680 3133 820 3188 6252
843 3131 1103 3188 detractis
1123 3131 1283 3196 5492,
1316 3131 1521 3186 residui
1548 3140 1676 3187 sunt
1699 3132 1821 3197 740,

260 3242 389 3283 cum
424 3226 515 3281 741
557 3226 797 3296 reliquos
846 3239 970 3280 esse
1022 3232 1289 3294 oporteat.
1352 3223 1594 3295 Denique
1646 3241 1825 3282 annus

263 3318 500 3388 Philippi
527 3332 622 3388 per
640 3317 785 3371 idem
809 3323 1024 3385 tempus
1046 3315 1333 3371 labebatur
1351 3316 1510 3380 1064,
1530 3334 1639 3372 ηοη
1665 3318 1821 3373 1065.

262 3408 453 3479 Itaque
481 3407 653 3463 falsus
704 3416 788 3462 est
823 3406 1220 3476 Theophanes,
1262 3415 1316 3462 et
1347 3408 1697 3464 scribendum
1747 3410 1824 3465 illi

266 3496 392 3563 fuit,
419 3509 638 3552 mortuo
666 3495 847 3551 Leone
871 3497 1210 3553 successisse
1232 3496 1652 3554 Constantinum
1681 3512 1826 3556 anno

268 3586 569 3643 secundum
620 3587 894 3642 Romanos
948 3584 1122 3653 6249,
1180 3586 1549 3643 Alexandrino
1581 3587 1740 3654 6255,
1796 3607 1827 3644 a

265 3678 518 3751 Philippo
548 3678 706 3735 1064.

856 3791 1083 3849 CAPUT
1140 3791 1232 3848 VI.

269 3887 624 3958 Confutantur
652 3904 713 3942 ea
751 3903 868 4010 ilum
903 3887 967 3941 de
999 3884 1197 3941 Graecis
1238 3886 1492 3954 computis
1544 3885 1824 3954 explicavit

338 3958 573 4010 Scaliger
599 3959 655 4010 in
689 3957 752 4010 VI
802 3959 872 4010 De
898 3957 1275 4010 emendatione
1305 3967 1607 4010 temporum
1634 3957 1821 4010 iidem—

338 3958 573 4029 Scah‘ger
599 3959 655 4012 in
689 3957 776 4011 VII
802 3957 1275 4029 Deremendatione
1305 3967 1607 4029 temporum
1634 3957 1821 4010 iidem—

336 4045 434 4099 que
471 4026 633 4083 uariis
664 4026 913 4096 exemplis
940 4027 1260 4081 illustriores
1282 4026 1595 4085 redduntur.

335 4136 495 4193 Nunc
524 4138 592 4192 ad
622 4135 946 4202 excutienda
987 4136 1079 4191 illa
1111 4137 1395 4192 veniamus
1432 4152 1553 4207 quae
1580 4136 1647 4192 de
1676 4135 1827 4192 Grae-

269 4230 351 4284 cis
384 4229 521 4285 iisce
559 4230 832 4300 computis
859 4227 1133 4299 Iosephus
1178 4227 1420 4300 Scaliger
1460 4229 1515 4284 in
1556 4218 1722 4299 opere
1750 4229 1828 4284 De

268 4321 627 4376 emendatione
674 4329 961 4390 temporum
1011 4321 1190 4377 attulit
1234 4322 1324 4391 (p.
1372 4321 1477 4376 749
1519 4322 1650 4376 edit.
1702 4337 1827 4392 pos-

1996 3127 2264 3185 Praaterea
2292 3130 2556 3202 Georgius
2595 3148 2659 3187 ac
2696 3132 3073 3204 Theophanes,
3093 3142 3153 3189 ut
3181 3148 3347 3205 supra
3374 3150 3490 3191 me-

1926 3221 2206 3286 minimus,
2223 3238 2384 3276 teram
2409 3223 2726 3279 orientalem
2750 3223 3012 3296 Scaligeri
3035 3226 3319 3282 nominant
3346 3227 3489 3282 κατὰ

1925 3314 2287 3383 Αἰγυπτίους,
2352 3316 2466 3372 sive
2518 3315 2905 3388 Ἀλεξανδρεῖς,
2964 3315 3281 3374 Paschalem
3322 3336 3487 3383 vero,

1926 3403 2069 3457 κατὰ
2100 3404 2420 3475 Ῥωμαίους.
2459 3403 2693 3475 Insignis
2720 3414 2803 3460 est
2830 3421 2895 3461 ea
2927 3407 2995 3462 de
3043 3423 3103 3461 re
3133 3408 3491 3477 Theophanis

1928 3496 2103 3558 locus,
2144 3511 2304 3565 quem
2329 3495 2504 3566 capite
2529 3497 2796 3565 superiori
2830 3498 3139 3565 retulimus,
3163 3499 3255 3554 ubi
3284 3515 3489 3554 annum

1925 3585 2171 3650 Christi,
2245 3590 2335 3658 qui
2394 3588 2756 3657 respondebat
2800 3605 2928 3644 xxiv
2983 3587 3183 3646 Leonis
3238 3589 3488 3657 Isaurici,

1926 3688 2152 3750 eratque
2184 3680 2309 3743 740,
2343 3680 2420 3735 ait
2453 3682 2756 3736 secundum
2788 3683 3085 3752 Romanos,
3117 3684 3171 3739 id
3194 3693 3278 3741 est
3307 3687 3363 3741 in
3389 3685 3493 3740 Pa-

1928 3770 2121 3838 schali,
2148 3778 2207 3826 ut
2233 3770 2477 3843 Scaliger
2498 3788 2619 3828 eam
2649 3783 2827 3841 vocat,
2855 3790 2964 3831 aara
2994 3792 3116 3832 esse
3142 3776 3314 3844 6218;
3350 3779 3493 3832 κατὰ

1939 3861 2308 3934 Ἀλεξανδρεῖς
2342 3864 2506 3921 6252.
2552 3864 2808 3922 Deductis
2840 3867 3001 3923 annis
3032 3868 3196 3935 5508,
3232 3870 3300 3925 de
3329 3869 3487 3934 6248,

1927 3960 2096 4008 restat
2147 3970 2323 4009 annus
2352 3954 2495 4021 740;
2533 3955 2600 4011 de
2628 3955 2768 4012 6252
2797 3966 2977 4014 autem
3007 3960 3293 4016 subductis
3328 3962 3488 4026 5500,

1926 4051 1988 4098 ιιι
2019 4044 2157 4099 solet
2189 4045 2570 4116 Theophanes,
2607 4048 2854 4118 reliquus
2884 4059 2968 4104 est
2997 4064 3176 4105 annus
3206 4051 3274 4104 ab
3306 4052 3493 4106 lncar-

1927 4134 2147 4190 natione
2194 4134 2330 4199 752,
2362 4144 2486 4192 octo
2541 4139 2701 4192 annis
2749 4138 2929 4193 minor
2961 4153 3068 4193 aera
3117 4137 3443 4209 Dionysiana
3474 4181 3489 4204 ,

1931 4225 2008 4281 uti
2039 4233 2470 4282 consentaneum
2513 4237 2636 4284 est:
2674 4230 2873 4286 ablatis
2903 4238 3083 4289 autem
3130 4233 3288 4287 annis
3330 4233 3490 4296 5492,

1928 4317 2187 4374 residuus
2237 4326 2324 4373 est
2377 4334 2555 4376 annus
2605 4322 3003 4378 lncarnationis
3045 4322 3315 4379 Panodori
3368 4324 3492 4379 710.

268 4412 500 4484 tremas),
546 4426 685 4483 quae,
741 4419 800 4466 ut
833 4413 1083 4468 universe
1116 4412 1316 4476 dicam,
1356 4413 1624 4482 ejusmodi
1664 4422 1824 4481 sunt;
1860 4409 2169 4484 D'Apparet
2210 4428 2341 4484 ergo
2370 4426 2686 4485 computum
2731 4423 3043 4487 utrumque,
3075 4430 3307 4485 quorum
3361 4417 3495 4471 alte-

269 4514 330 4562 ut
363 4506 581 4561 illorum
633 4503 876 4561 scientia:
924 4502 1171 4557 funditus
1201 4513 1476 4571 expertem
1525 4518 1589 4558 ac
1635 4502 1826 4557 rudem

270 4596 546 4651 hominem
600 4593 770 4650 fuisse
795 4592 1189 4648 demonstrent.
1233 4590 1340 4646 Nec
1363 4607 1428 4646 ea
1468 4592 1629 4646 modo
1667 4593 1830 4662 repli-

269 4688 539 4755 oabimus,
559 4703 682 4759 qua:
695 4686 764 4741 ab
778 4686 896 4757 ipso
923 4686 976 4740 in
996 4682 1041 4737 γ
1061 4683 1135 4739 De
1156 4685 1517 4739 emendatione
1541 4694 1830 4753 temporum

269 4782 545 4851 disputata
582 4778 855 4849 capitibus
899 4778 1153 4841 duobus,
1202 4776 1259 4830 in
1294 4791 1439 4831 nono
1474 4776 1551 4830 De
1588 4776 1832 4830 doctrina

273 4882 562 4941 temporum
609 4869 789 4938 capite
839 4865 881 4921 V
931 4866 1356 4922 confutavimus.
1393 4865 1493 4920 Hic
1552 4881 1616 4922 ea
1655 4866 1830 4921 solum

272 4962 585 5034 attingenda
612 4968 764 5026 sunt,
782 4974 902 5029 qua:
922 4958 990 5013 ad
1011 4965 1328 5028 computum
1350 4956 1571 5012 Maximi
1601 4959 1833 5029 septimo

271 5054 331 5110 in
364 5054 504 5109 libro
540 5051 836 5117 disseruit;
867 5064 989 5120 quae
1024 5050 1080 5104 in
1130 5050 1276 5104 hunc
1325 5050 1529 5116 locum,
1582 5060 1637 5106 et
1667 5049 1831 5120 hujus

269 5145 567 5202 editionem
588 5141 842 5213 Computi
871 5150 1148 5196 reservata
1180 5141 1415 5196 fuerant.

341 5236 421 5290 Ex
449 5236 537 5291 his
560 5235 794 5305 primum
826 5232 958 5287 illud
996 5234 1339 5303 apertissime
1367 5232 1563 5289 falsum
1597 5244 1682 5289 est
1720 5241 1855 5289 tres

222 5372 229 5379 .
272 5329 411 5384 istos
443 5338 729 5397 computos
758 5325 840 5382 sic
865 5324 1087 5391 habere,
1120 5334 1180 5379 ut
1206 5326 1445 5382 natalem
1478 5326 1681 5385 Christi
1708 5325 1835 5381 Dio-

272 5421 565 5492 nysiannm
614 5419 884 5483 habeant,
938 5419 1225 5489 orientalis
1276 5420 1533 5491 quidem,
1588 5421 1643 5474 in
1690 5434 1835 5475 anno

271 5510 687 5575 5501,Iunaris
742 5512 799 5565 in
845 5525 989 5565 anno
1040 5510 1211 5575 5495,
1264 5509 1549 5567 Paschalis
1599 5513 1656 5566 in
1689 5527 1835 5581 anno

268 5601 434 5657 5509.
473 5602 573 5672 (Ita
604 5605 748 5656 enim
776 5602 961 5657 vocari
992 5609 1102 5656 tres
1138 5616 1277 5657 atras
1316 5603 1438 5658 illas
1465 5618 1494 5657 a
1533 5602 1833 5675 Scaligero,

270 5693 400 5751 libri
448 5690 613 5765 hujus
671 5693 827 5749 initio
878 5693 1247 5765 monuimus.)
1292 5694 1442 5752 Unde
1495 5697 1560 5751 ad
1628 5712 1831 5752 annum

1932 4520 2053 4559 rum
2088 4505 2359 4570 lunarem,
2409 4507 2725 4561 orientalem
2759 4509 2991 4561 alterum
3031 4508 3333 4563 nominavit
3361 4510 3496 4563 Sca-

1933 4595 2100 4666 liger,
2157 4596 2227 4650 ab
2275 4597 2486 4652 Adamo
2538 4614 2757 4667 parem,
2814 4608 2869 4654 et
2916 4600 3167 4654 eumdem
3224 4615 3496 4655 annorum

1933 4704 2224 4744 numerum
2257 4690 2535 4762 colligere.
2571 4692 2647 4747 Ac
2678 4693 2724 4746 si
2766 4707 2891 4746 vera
2942 4701 3089 4747 esset
3125 4691 3497 4763 Sealigeriana

1933 4779 2243 4848 methodus,
2275 4790 2329 4837 et
2378 4783 2446 4836 ad
2477 4798 2678 4837 annum
2712 4798 2833 4838 tera:
2869 4782 3217 4855 Dionysianm
3261 4786 3497 4839 addcniti

1935 4873 2117 4927 forent
2145 4874 2309 4940 5500,
2341 4882 2402 4928 ut
2452 4890 2920 4946 consequeremur
2964 4892 3170 4932 annum
3214 4879 3498 4935 orientalis

1934 4966 2198 5035 computi,
2228 4966 2343 5021 sive
2368 4967 2511 5021 κατὰ
2534 4967 2923 5040 Ἀλεξανδρεῖς,
2954 4986 3063 5026 non
3095 4971 3283 5042 utique
3307 4972 3497 5028 mundi

1933 5055 2094 5121 6252,
2121 5056 2216 5112 sed
2255 5056 2397 5111 6240
2427 5060 2705 5114 numerari
2733 5063 2973 5131 oportuit
2997 5076 3199 5117 annum
3232 5064 3355 5120 740.

2003 5147 2273 5206 Prteterea
2310 5150 2450 5206 l’also
2472 5161 2527 5207 et
2576 5151 2709 5208 illud
2741 5168 2771 5207 a
2810 5150 3092 5225 Seatigero
3123 5156 3386 5226 scriptum
3414 5164 3497 5214 est

1934 5255 2123 5300 teram.
2157 5257 2321 5312 quam
2346 5244 2582 5314 appellat
2616 5244 2887 5311 lunarem,
2919 5261 3065 5302 anno
3096 5247 3235 5304 5495
3262 5250 3498 5303 natalem

1934 5331 2193 5388 exhibere
2214 5332 2456 5390 Christi:
2481 5335 2577 5390 sed
2609 5335 2676 5390 ad
2701 5336 3012 5391 methodum
3037 5337 3312 5393 decurtari
3340 5341 3497 5395 annis

1933 5423 2009 5479 2:
2041 5424 2189 5494 quod
2217 5436 2581 5482 commentum
2615 5428 2806 5497 ἄλογον
2840 5436 2924 5482 est
2947 5436 3001 5484 et
3031 5428 3497 5485 ridiculum.Nam

1936 5530 2115 5587 neque
2180 5518 2426 5583 ratione.
2484 5534 2663 5590 neque
2714 5519 3041 5575 auctoritate
3087 5520 3330 5575 nititur:
3389 5521 3499 5576 imo

1938 5614 2169 5677 utraque
2231 5610 2597 5666 convincitur.
2662 5609 2943 5681 Siquidem
3005 5613 3249 5683 computi
3309 5621 3497 5669 auctor

1940 5699 2122 5769 istius,
2159 5708 2217 5755 ut
2260 5700 2475 5771 quidem
2511 5713 2756 5773 apparet,
2808 5701 2912 5758 fuit
2958 5702 3300 5761 Panodorus.
3338 5705 3407 5759 At
3451 5703 3496 5759 is
