4036 6218
550 241 686 296 1425

1537 232 1625 285 AD
1665 230 1930 284 EUSEBII
1968 228 2363 285 CllRONICON
2398 227 2760 283 APPENIIIX.

3640 225 3665 277 1
3676 224 3770 280 ιιῖὁ

551 371 688 408 anno
721 353 860 409 5195
891 349 1327 406 Incarnationem
1368 345 1641 407 attribuit,
1683 352 1823 400 teste
1855 344 2108 415 Georgio.
2141 348 2187 404 Α
2218 344 2367 405 facit,
2403 343 2665 398 detractis
2707 341 2774 395 de
2806 355 2950 393 anno
2995 340 3182 393 mundi
3208 339 3390 395 5494:
3425 338 3681 392 nimirum
3721 340 3773 392 in

551 445 687 502 Tum
719 447 995 518 cyclorum
1045 451 1099 496 et
1139 441 1498 495 indictionum
1558 436 1803 490 calculus
1845 436 2113 489 hactenus
2212 448 2278 486 eo
2312 432 2407 501 qui
2460 441 2682 502 putatur
2714 428 2875 492 602i,
2908 445 3016 498 quo
3045 429 3420 484 Iustinianum
3463 428 3657 483 iniisse
3697 444 3775 482 re-

552 542 851 612 explicatus
884 556 912 591 a
942 537 1100 592 nobis
1130 534 1378 588 eumdem
1404 532 1628 585 damnat
1662 543 1924 585 errorem.

627 634 777 688 Unus
810 631 878 685 ab
915 630 1008 683 illo
1045 628 1247 683 citatur
1277 625 1460 679 fautor
1502 622 1668 692 hujus
1712 620 1987 690 Opinionis
2013 618 2114 673 Ce-

554 723 796 777 drenus:
834 697 1105 789 quem'ait
1133 728 1296 769 :eram
1330 713 1478 766 illam
1515 709 1692 780 sequi,
1725 724 1846 777 qua:
1881 705 2115 759 natalem

555 814 757 871 Christi
809 809 1085 881 componit
1129 823 1253 863 cum
1302 820 1448 861 anno
1517 802 1707 858 mundi
1754 799 1938 863 5.595;
1995 796 2116 851 ideo

555 915 816 979 perpetua
855 902 1110 959 methodo
1156 904 1221 956 de
1276 899 1425 953 illius
1455 912 1564 952 a-ra
1592 893 1956 965 ideducendos
1997 904 2119 945 esse

558 999 715 1054 5194.
740 996 852 1053 Etsi
882 996 1052 1051 futilis
1079 1001 1165 1048 est
1193 1000 1391 1046 auctor
1413 990 1533 1052 iste.
1569 1001 1673 1042 nec
1708 985 1776 1039 ad
1807 981 2118 1041 uniusmodi

558 1100 870 1161 computum
907 1084 1266 1150 adhaerescit;
1299 1090 1481 1136 tamen
1523 1094 1593 1135 ne
1641 1077 1694 1132 id
1736 1076 1955 1145 quidem
1996 1087 2121 1127 vere

557 1184 625 1239 de
671 1198 737 1238 eo
790 1177 1103 1251 praedicavit
1154 1174 1411 1245 Scaliger
1457 1175 1610 1244 (pag.
1649 1165 1829 1237 565),
1886 1164 2118 1219 natalem

558 1286 898 1328 communem
936 1270 990 1323 in
1023 1266 1195 1340 ipsius
1227 1281 1336 1321 aera
1370 1280 1514 1318 anno
1546 1260 1833 1317 convenire
1858 1256 2017 1312 5495.

633 1363 874 1417 Primum
906 1360 1109 1416 diserte
1164 1359 1252 1412 hic
1293 1356 1451 1429 (pag.
1486 1354 1628 1415 1M)
1666 1348 1902 1405 allirmat
1944 1362 2005 1402 se
2053 1345 2121 1400 ad

2216 523 2360 587 fert;
2399 525 2604 593 quique
2646 521 3012 593 Dionysianus
3048 522 3148 575 fuit
3181 536 3363 575 annus
3385 519 3510 581 52,7.
3563 519 3620 573 Si
3646 536 3780 590 pra:-

2215 624 2298 669 ter
2366 614 2468 669 hoc
2534 614 2782 683 exempla
2843 613 2948 666 alia
3000 620 3291 681 suppetant
3355 612 3587 681 (neque
3639 610 3781 665 enim

2217 707 2447 760 scrutari
2487 713 2645 760 vacat
2694 704 2938 773 omnia),
2969 719 3033 759 ea
3068 704 3224 773 longe
3270 703 3607 773 paucissima
3634 712 3783 763 sunt,

2216 813 2315 853 nec
2344 814 2470 852 cum
2504 814 2717 865 eorum,
2739 812 2861 868 qua:
2888 796 3268 868 produximus,
3302 811 3530 851 numero
3564 810 3786 865 compa-

2222 891 2333 944 rari
2365 898 2595 961 queunt.
2646 890 2917 955 Quocirca
2969 902 3131 943 nemo
3179 885 3496 942 Graecorum
3538 895 3785 941 veterum

2220 982 2288 1037 de
2314 982 2417 1036 hac
2446 997 2553 1036 aera
2600 980 2859 1052 cogitavit
2906 993 3183 1048 unquam;
3234 994 3394 1034 nemo
3441 979 3668 1035 biennio
3699 978 3788 1033 de-

2219 1075 2456 1133 cnrtavit
2485 1075 2668 1145 :quod
2702 1075 2949 1143 ineptum
2981 1079 3068 1127 est
3100 1085 3165 1126 ac
3194 1070 3469 1125 frivolum.

2289 1167 2348 1222 In
2370 1167 2541 1239 cyclis
2570 1156 2697 1221 vero
2731 1166 2866 1220 solis
2889 1181 2952 1219 ac
2977 1166 3141 1229 lunae,
3170 1179 3309 1233 quos
3330 1162 3609 1233 eomputis
3640 1162 3787 1218 Cra:-

2221 1262 2301 1317 cis
2347 1258 2776 1315 accommodavit
2822 1258 2879 1311 in
2930 1254 3087 1310 Notis
3137 1257 3206 1311 ad
3252 1254 3484 1326 Eclogas
3544 1254 3788 1317 Maximi,

2222 1361 2424 1424 quanta
2453 1350 2705 1406 caecitas!
2738 1349 2904 1419 Cyclo
2934 1348 3068 1403 solis
3090 1362 3214 1402 mra!
3253 1347 3465 1401 lunaris
3493 1347 3681 1416 primo
3717 1362 3793 1401 re-

562 1470 735 1511 annos
783 1452 1180 1509 lncarnationis
1227 1457 1421 1521 putare
1472 1444 1648 1504 5506.
1678 1450 1734 1498 et
1793 1440 1957 1512 paulo
1999 1443 2124 1491 ante
2223 1444 2491 1513 spondere
2526 1446 2726 1497 asserit
2766 1439 2978 1509 cyclum
3023 1438 3157 1492 solis
3181 1452 3293 1492 xvu
3334 1452 3458 1491 serae
3482 1435 3791 1501 Paschalis,

564 1547 756 1603 scribit
788 1558 992 1599 annum
1022 1541 1223 1597 Tiberii
1247 1556 1316 1595 xv
1344 1552 1469 1594 esse
1510 1533 1701 1591 mundi
1742 1531 1901 1588 5556.
1931 1531 2123 1584 Annus
2223 1540 2278 1587 et
2329 1530 2611 1586 orientalis
2658 1545 2864 1585 nonum
2893 1545 2907 1591 ;
2938 1543 3002 1583 ac
3030 1528 3209 1583 tribus
3250 1528 3372 1583 istis
3406 1529 3625 1582 litteras
3654 1526 3701 1579 B
3733 1526 3792 1590 Δ,

564 1656 633 1694 xv
667 1637 877 1693 Tiberii
925 1645 1009 1690 est
1041 1650 1163 1690 aera:
1208 1630 1513 1687 communis
1562 1642 1710 1682 xxix.
1749 1623 1913 1680 Deme
1952 1635 2125 1676 annos
2156 1686 2191 1694 _
2226 1631 2285 1677 ut
2319 1623 2391 1680 sit
2433 1622 2713 1676 Romanus
2746 1619 2933 1689 cyclus
2958 1635 3027 1673 γε
3078 1619 3232 1689 cyrlo
3260 1632 3389 1673 vero
3420 1618 3605 1671 lunari
3658 1632 3795 1680 καὶ,

566 1686 1362 1795 5898'p—ra2cipit
1397 1719 1669 1791 Scaliger,
1701 1716 1909 1772 orietur
1947 1728 2125 1768 annus
2156 1686 2198 1742 Β
2227 1730 2393 1786 quam
2427 1715 2671 1768 lunarem
2692 1686 2871 1793 vocat,
2899 1686 3231 1780 respondere
3260 1709 3514 1764 similiter
3549 1708 3609 1761 in
3650 1724 3797 1763 com-

569 1838 676 1877 χιιι
707 1835 830 1876 aera:
859 1816 1214 1882 Christianae;
1238 1813 1551 1870 tricesimus
1579 1817 1759 1864 autem
1796 1805 2045 1872 exsistet,
2081 1802 2129 1858 si
2228 1815 2358 1879 puto
2413 1806 2661 1862 Paschali
2716 1788 2931 1874 cyc'lum
2968 1817 3119 1866 xvu,
3155 1802 3212 1856 in
3256 1801 3515 1856 orientali
3569 1816 3796 1862 nonum,

569 1913 708 1967 5506
738 1908 985 1965 auferas.
2227 1899 2445 1972 quando
2468 1914 2558 1954 xiv
2576 1898 2857 1954 Paschalis
2879 1903 2999 1951 erat
3015 1895 3218 1965 Aprilis
3240 1911 3293 1950 ν.
3312 1893 3511 1948 Mirum
3540 1909 3674 1948 cum
3700 1898 3798 1951 ista

639 2002 720 2056 Ad
780 2003 897 2056 haec
941 2000 1128 2055 urbem
1177 1991 1839 2063 Constantinopolitanam
1893 1983 2131 2042 exwdiﬁ-
2228 1993 2510 2057 scriberet,
2529 2007 2638 2046 non
2665 1991 2815 2045 illum
2845 1987 3191 2044 consuluisse
3212 1985 3506 2040 Maximum
3541 1997 3801 2049 suum,et

569 2104 746 2149 catam
770 2094 938 2149 refert
963 2089 1185 2146 indictio
1215 2103 1276 2141 ιιι
1320 2100 1463 2142 anno
1491 2081 1679 2137 mundi
1708 2079 1846 2135 5858
1880 2075 2128 2148 (p.255),
2227 2081 2534 2152 exemplum
2581 2081 2649 2136 ab
2701 2096 2766 2136 eo
2811 2078 3076 2150 descripti
3124 2078 3406 2133 Paschalis
3454 2078 3801 2134 animadver-

571 2188 696 2242 Ilaii
737 2203 827 2250 xi,
876 2184 1010 2239 feria
1054 2198 1114 2237 ιι.
1170 2180 1295 2235 Fuit
1333 2192 1464 2246 ergo
1512 2175 1691 2229 littera
1724 2171 1789 2237 D,
1853 2178 1908 2226 et
1955 2183 2131 2222 annus
2228 2175 2404 2230 tisse;
2456 2187 2603 2228 anno
2648 2173 2840 2228 mundi
2888 2171 3059 2235 6155,
3116 2171 3331 2242 cyclum
3384 2171 3522 2226 solis
3569 2170 3804 2241 imputat

568 2278 771 2334 Christi
792 2271 1092 2330 cccxxx.Si
1120 2271 1186 2324 de
1215 2267 1356 2322 5858
1384 2266 1593 2321 adimas
1622 2262 1763 2319 549-5
1786 2303 1802 2330 ,
1833 2259 1923 2316 fiet
1954 2274 2131 2313 annus
2232 2266 2501 2321 Maximus
2533 2265 2794 2335 primum,
2818 2264 3033 2336 cyclum
3061 2264 3204 2318 lunae
3222 2279 3324 2329 xv;
3365 2263 3668 2317 terminum
3700 2260 3805 2316 Pal

570 2367 773 2423 Christi
808 2379 1048 2420 cccxuv.
1086 2359 1255 2415 Vides
1289 2355 1626 2425 ἀλογιστίαν.
2232 2357 2493 2421 schalem,
2542 2358 2657 2413 sive
2690 2373 2782 2411 xiv
2828 2357 2904 2410 ait
2951 2356 3210 2412 incidisse
3244 2354 3504 2410 Kalendis
3549 2356 3802 2425 Aprilis,

640 2459 852 2512 ltursus
882 2454 1023 2509 idem
1054 2450 1338 2508 Cedrenus
1369 2449 1444 2502 ait
1482 2450 1637 2519 (pag.
1665 2444 1799 2514 269)
1823 2442 2134 2499 Nectarium
2235 2448 2366 2503 feria
2405 2448 2601 2519 prima.
2651 2446 2709 2502 Si
2744 2449 2870 2518 quis
2896 2449 3037 2503 alius
3068 2449 3411 2512 orientalem,
3432 2462 3585 2518 quem
3627 2455 3803 2502 vocat

575 2546 1231 2617 Constantinopolitanam
1301 2542 1542 2598 tenuisse
1614 2537 1929 2593 cathedram
1990 2547 2133 2588 anno
2238 2537 2500 2610 Scaliger,
2542 2548 2855 2610 computum
2882 2538 3158 2605 adhibuit,
3201 2538 3248 2593 is
3291 2550 3377 2593 est
3415 2538 3650 2608 profecto
3680 2536 3803 2592 Ma-

576 2641 763 2697 mundi
791 2638 950 2705 5888,
980 2634 1382 2691 Incarnationis
1417 2632 1542 2687 594.
1588 2630 1778 2684 Annus
1807 2642 1918 2698 quo
1947 2624 2137 2681 sedere
2239 2632 2439 2686 ximus.
2484 2627 2622 2684 Nam
2672 2631 2827 2685 docet
2881 2645 3026 2684 anno
3080 2630 3217 2685 5501
3278 2630 3624 2684 ineat-natum
3674 2646 3800 2686 esse

574 2734 742 2802 coepit
788 2728 1095 2790 Nectarius.
1124 2733 1208 2780 est
1234 2726 1288 2779 in
1321 2738 1427 2778 καὶ
1458 2721 1786 2792 Dionysiana
1818 2718 1952 2783 58ιὶ
1992 2730 2138 2770 m0!“
2236 2722 2541 2778 Christum.
2572 2721 2741 2794 Igitur
2769 2722 2925 2792 cyclo
2972 2722 3118 2778 illius
3146 2736 3269 2776 terte
3294 2720 3476 2790 primo
3509 2722 3806 2791 respondet

577 2822 703 2877 tuus
731 2830 815 2877 est
844 2828 1024 2874 autem
1056 2816 1183 2871 398.
1234 2813 1491 2870 Deductis
1532 2812 1691 2867 annis
1721 2809 1862 2865 5494
1899 2812 1965 2863 de
1998 2806 2138 2863 5888
2238 2829 2304 2869 ex
2333 2815 2597 2869 laterculo
2621 2814 2884 2884 Sealigeri
2910 2815 3099 2886 cyclus
3118 2814 3250 2869 solis
3269 2830 3360 2868 xxi
3382 2813 3440 2868 in
3467 2830 3580 2869 aera
3602 2816 3801 2877 lunari,

573 2912 769 2983 reliqui
807 2918 935 2968 sunt
989 2908 1115 2963 594.
1153 2907 1349 2962 Verum
1398 2919 1506 2959 non
1556 2903 1645 2957 ille
1691 2916 1867 2956 annus
1891 2907 1983 2963 est
2015 2914 2139 2954 aera!
2241 2913 2297 2958 et
2324 2920 2380 2958 ix
2405 2903 2461 2958 in
2487 2903 2780 2958 Paschali:
2828 2904 3111 2958 Romanus
3138 2919 3267 2959 vero
3295 2904 3491 2973 cyclus
3538 2918 3669 2967 xxv,
3704 2903 3806 2957 hoc

576 3003 915 3075 Dionysianze
964 3020 976 3054 :
1013 2999 1172 3069 cujus
1202 2997 1269 3051 ad
1314 2996 1623 3052 methodum
1663 2993 1985 3048 auferendos
2014 3004 2138 3046 esse
2162 3022 2211 3088 α
2239 2995 2526 3050 estlitterze
2545 2993 2653 3048 ΕΙ).
2672 2994 2835 3066 Atqui
2852 3004 3067 3052 constat
3082 2994 3375 3051 litteramG
3391 3010 3541 3057 anno
3565 2995 3662 3050 illo
3685 3010 3806 3049 cum

575 3096 736 3151 scivit
768 3107 944 3147 annos
978 3090 1140 3145 5494.

647 3183 854 3250 Quarto
888 3181 1151 3253 synodum
1189 3178 1519 3249 Ephesinam
1562 3177 1793 3247 primam
1833 3172 2048 3229 confert
2081 3174 2135 3227 in

2243 3101 2294 3141 ιι
2330 3086 2573 3141 Romano
2614 3087 2768 3157 cyclo
2816 3088 2949 3143 solis
2969 3086 3274 3143 obtinuisse
3309 3105 3324 3141 :
3359 3086 3631 3141 nimirum
3667 3102 3811 3141 anno

2239 3178 2447 3233 Christi
2476 3193 2670 3242 iacxu,
2701 3194 2810 3250 quo
2845 3178 2984 3234 feria
3020 3181 3194 3250 prima
3228 3177 3420 3233 incidit
3451 3178 3506 3233 in
3535 3177 3812 3234 Kalendas

578 3290 779 3329 annum
821 3272 963 3329 5915
1000 3272 1158 3343 (pag.
1186 3270 1349 3340 276).
1390 3267 1575 3323 Deduc
1619 3282 1793 3321 annos
1840 3264 2000 3329 5494,
2049 3264 2139 3319 ﬁet
2241 3269 2465 3341 Aprilis.
2501 3271 2637 3325 Item
2668 3286 2737 3326 ex
2784 3272 2983 3326 tabella
3035 3271 3300 3342 Scaligeri
3352 3269 3574 3325 decima
3613 3280 3810 3340 quarta

580 3383 755 3423 annos
783 3366 986 3422 Christi
1007 3365 1130 3419 421.
1163 3364 1331 3435 Atqui
1352 3370 1474 3419 erat
1504 3376 1681 3416 annus
1714 3360 1842 3414 451.

647 3459 849 3524 Quinto
900 3459 1205 3513 Romanum
1251 3456 1652 3527 imperatorem,
1685 3452 1779 3524 qui
1827 3467 1951 3507 cum
1989 3450 2135 3506 Con-

580 3551 821 3605 stantino
842 3547 1313 3620 Porphyrogeneto
1334 3545 1619 3615 imperium
1643 3544 1832 3609 tenuit,
1851 3558 1881 3597 a
1912 3540 2139 3612 Stephaa

584 3657 653 3695 no
684 3640 793 3695 filio
819 3640 876 3695 in
903 3638 1147 3695 ordinem
1167 3637 1443 3692 redactum
1470 3651 1591 3692 esse
1613 3644 1801 3691 narrat
1816 3650 1961 3689 anno
1979 3634 2138 3697 6155,

2240 3358 2521 3418 Paschalis
2547 3364 2701 3434 cyclo
2746 3364 2886 3419 lunae
2912 3381 2982 3419 xv
3013 3363 3207 3419 cadere
3248 3364 3516 3419 debuerat
3544 3366 3601 3419 in
3628 3363 3809 3418 Marii

2242 3470 2372 3519 xxx,
2406 3464 2466 3509 ut
2494 3464 2640 3511 esset
2667 3472 2870 3514 aureus
2900 3471 3160 3512 numerus
3182 3472 3279 3519 vn,
3310 3471 3441 3510 cum
3482 3466 3668 3512 tamen
3692 3471 3812 3512 cer-

2244 3552 2359 3599 tum
2390 3545 2461 3601 sit
2513 3561 2655 3601 anno
2695 3547 2885 3603 eodem
2939 3561 3164 3602 aureum
3209 3561 3502 3601 numerum
3529 3548 3811 3603 exstitisse

2242 3650 2333 3699 xv,
2360 3645 2415 3691 et
2438 3638 2726 3692 terminum
2754 3637 3067 3693 Paschalcm
3098 3636 3369 3692 Kalendas
3395 3638 3612 3709 Apriles
3636 3652 3813 3691 occu-

580 3734 876 3791 indietione
906 3748 969 3788 ιιι
1001 3731 1077 3802 (p.
1104 3729 1262 3801 522).
1289 3728 1480 3784 Annus
1508 3737 1627 3783 erat
1658 3727 1862 3783 Christi
1882 3725 2007 3788 9M,
2033 3740 2143 3796 quo
2245 3742 2423 3798 passe.
2458 3728 2681 3785 Possem
2729 3730 2828 3785 ista
2867 3729 3032 3785 latius
3077 3731 3366 3800 persequi,
3402 3740 3461 3785 et
3509 3732 3809 3792 inscitiam,

582 3823 809 3879 indictio
843 3839 898 3877 ιιι
925 3822 1037 3892 jam
1062 3823 1427 3891 usurpabatur
1449 3819 1759 3875 Decembris
1782 3834 1891 3884 xvn,
1916 3816 2138 3888 quando

584 3917 714 3971 illud
743 3915 961 3970 accidit.
977 3913 1094 3969 Jam
1118 3915 1163 3969 si
1198 3913 1267 3968 ab
1289 3914 1447 3968 annis
1464 3912 1604 3968 6455
1626 3910 1844 3967 auferas
1873 3909 2037 3975 5194,
2058 3926 2144 3964 re-

582 4007 856 4075 linquetur
878 4020 1055 4059 annus
1081 4005 1280 4061 Christi
1311 4004 1435 4059 959.
1452 4002 1747 4058 Subductis
1770 4010 1953 4056 autem
1982 4001 2141 4055 annis

584 4098 744 4163 5508,
765 4098 977 4154 exsistit
1007 4097 1185 4152 annus
1217 4096 1345 4151 9M.
1370 4094 1552 4161 Quare
1585 4111 1693 4149 non
1735 4095 2007 4161 lunarem,
2043 4092 2143 4149 sed

582 4190 898 4245 l‘aschalem
933 4195 1247 4257 computum
1282 4186 1455 4241 tenuit
1486 4186 1587 4239 hoc
1619 4186 1742 4238 loco
1773 4184 2069 4239 Cedrenus.

657 4279 823 4340 Sexto
850 4281 1311 4351 Theopbylactum
1334 4278 1696 4349 patriarcham
1724 4276 1927 4330 obiissc
1947 4275 2139 4329 scribit

588 4376 732 4448 (pag.
750 4373 875 4443 5:26)
891 4387 1034 4427 anno
1049 4370 1209 4434 6464,
1229 4371 1523 4425 indictione
1539 4386 1649 4433 xiv,
1672 4368 1950 4424 Februarii
1969 4384 2136 4421 xxvn.
2172 4385 2223 4445 ι)

589 4466 686 4520 Hic
714 4480 889 4519 annus
921 4472 1005 4520 est
1023 4479 1144 4518 aera:
1173 4464 1477 4518 communis
1498 4462 1622 4524 956,
1648 4462 1846 4531 quibus
1873 4460 2140 4514 detractis

589 4560 654 4612 de
673 4556 811 4611 6464
838 4556 1021 4620 annis,
1042 4562 1252 4611 restant
1272 4554 1432 4610 5508.
1456 4553 1696 4607 Proinde
1724 4555 1887 4607 etiam
1917 4553 2005 4606 hic
2035 4567 2143 4606 atra

586 4646 837 4703 Paschali
872 4647 1150 4703 Cedrenus
1185 4646 1380 4700 utitur.

657 4737 901 4807 Denique
939 4739 1173 4808 scriptor
1200 4737 1343 4791 idem
1367 4735 1626 4806 deinceps
1665 4734 1732 4789 ad
1767 4734 1927 4789 linem
1957 4732 2139 4804 Operis

586 4832 951 4901 computoillo
978 4832 1171 4895 utitur,
1203 4829 1297 4900 qui
1314 4829 1379 4883 ad
1400 4844 1562 4884 ieram
1593 4829 1956 4885 Christianam
1981 4842 2146 4898 appo-

587 4924 667 4978 nit
692 4938 864 4978 annos
887 4923 1048 4990 5508,
1077 4929 1134 4977 ut
1167 4938 1234 4977 ex
1264 4921 1558 4977 indictione
1583 4922 1749 4989 liquet
1775 4939 1788 4975 :
1826 4921 1971 4974 velut
2000 4935 2146 4974 anno

588 5013 777 5067 mundi
807 5012 964 5077 6468,
992 5012 1148 5077 6471,
1187 5010 1344 5076 6497,
1391 5010 1553 5077 6508,
1583 5011 1742 5074 6518,
1781 5009 1942 5074 6524,
1980 5008 2141 5072 659.6,

590 5105 748 5168 659.7,
778 5116 832 5160 et
864 5106 943 5160 sic
969 5105 1024 5159 in
1050 5104 1294 5174 reliquis.
1327 5102 1459 5171 Quae
1486 5112 1662 5175 potest
1689 5104 1853 5174 igitur
1886 5118 1985 5173 par
2020 5102 2148 5156 huic

589 5210 712 5249 esse
739 5196 1038 5261 temeritas,
1082 5212 1203 5268 qua:
1233 5197 1522 5251 oscitantia
1576 5196 1768 5265 major,
1803 5211 1965 5266 quam
1999 5194 2146 5248 δαιτ-

592 5301 739 5341 mare
767 5286 1070 5343 Cedrenum
1115 5289 1190 5343 ita
1231 5303 1404 5345 annos
1434 5287 1620 5341 mundi
1665 5296 1927 5357 perpetuo
1975 5303 2147 5341 com—

594 5385 833 5445 putasse,
865 5388 924 5432 ut
955 5380 1020 5433 ad
1065 5395 1226 5434 teram
1253 5380 1620 5436 Christianam
1672 5380 1930 5449 adjiceret
1956 5379 2098 5433 549i
2128 5396 2143 5442 ;

593 5486 717 5523 cum
765 5473 964 5541 ubique
1007 5473 1118 5528 fere
1154 5473 1292 5527 5508
1323 5473 1622 5543 adjungat;
1655 5482 1747 5526 aut
1780 5474 1827 5527 si
1868 5473 2024 5527 aliter
2063 5472 2146 5526 in—

596 5560 822 5624 stituat,
858 5562 1099 5617 mendosi
1147 5563 1431 5633 perspicue
1486 5563 1697 5617 numeri
1756 5562 1906 5617 sint?
1956 5562 2105 5618 Unus
2133 5604 2148 5628 ,

595 5654 817 5725 opinor,
857 5655 1005 5709 locus
1037 5664 1140 5719 est,
1183 5654 1237 5707 in
1285 5669 1393 5724 quo
1424 5669 1549 5708 cum
1605 5669 1713 5708 tera
1743 5654 1948 5725 vulgari
1994 5654 2145 5724 paria

2243 3835 2353 3891 qua
2383 3822 2531 3875 nulla
2555 3822 2655 3877 hoc
2683 3823 2738 3876 in
2768 3830 3090 3894 argumento
3116 3823 3289 3893 major
3327 3831 3510 3894 potest
3537 3825 3811 3883 accidere.

2245 3912 2494 3983 pluribus
2544 3913 2808 3983 exemplis
2866 3911 3174 3969 traducere.
3220 3913 3326 3969 Sed
3406 3930 3479 3970 ex
3524 3917 3815 3985 superiore

2246 4004 2393 4058 omni
2422 4004 2793 4074 disputatione
2814 4019 2976 4074 quam
3005 4003 3072 4058 de
3096 4004 3370 4075 eomputis
3391 4005 3515 4060 istis
3534 4014 3595 4060 et
3622 4022 3811 4061 eorum

2246 4097 2389 4151 inter
2417 4112 2476 4151 se
2499 4096 2714 4152 ratione
2735 4106 3045 4152 accuratam
3078 4097 3438 4162 instituimus,
3469 4099 3603 4155 licet
3636 4100 3812 4154 cuivis

2250 4187 2329 4241 vel
2351 4187 2613 4241 mediocri
2646 4202 2747 4241 usu
2776 4186 2963 4239 talium
2995 4187 3263 4242 instructo
3291 4186 3502 4243 infinite
3529 4196 3812 4258 patentem

2247 4278 2722 4333 hallucinationem
2753 4279 3105 4333 convincere.

2834 4367 3061 4424 CAPUT
3103 4367 3217 4423 VII.

2251 4461 2327 4518 De
2366 4460 2604 4515 methodo
2670 4461 2908 4531 paschali
2958 4471 3319 4530 coniputorum
3378 4461 3688 4516 linteorum
3758 4480 3821 4517 ac

2316 4533 2541 4604 primum
2574 4531 2638 4585 de
2665 4531 3091 4604 ἡμεροευρεσξῳ,
3122 4532 3227 4586 sire
3250 4532 3616 4604 investiganda
3654 4536 3816 4601 feria.

2287 4601 2664 4674 .Exponuntur
2688 4601 2942 4655 elementa
2972 4601 3087 4670 ejus
3106 4602 3295 4674 emilio
3314 4602 3484 4674 Lquid
3521 4604 3632 4656 sint
3656 4621 3820 4674 regu-

2321 4672 2479 4734 lares,
2521 4682 2915 4743 concurrentes,
2956 4671 3268 4743 προσθεταε.
3310 4671 3596 4743 ,δαιιὶρηί
3649 4671 3821 4727 ἔπνιξε

2316 4759 2484 4796 error.
2512 4742 2781 4796 Maximus
2811 4752 2860 4796 et
2888 4740 3109 4796 Isadcus
3140 4742 3388 4810 expositi.

2320 4830 2603 4887 Paschalis
2661 4832 2948 4888 methodus
2978 4832 3033 4886 in
3070 4830 3179 4886 duo
3237 4830 3457 4903 fastigia
3509 4831 3822 4899 dividitur;

2253 4938 2349 4993 pro
2392 4924 2560 4995 cyclis
2605 4924 2853 4988 totidem,
2907 4924 3039 4980 solis
3096 4939 3160 4979 ac
3220 4924 3384 4979 lunae.
3439 4923 3577 4980 Pars
3634 4926 3825 4994 itaque

2251 5015 2402 5084 prior
2428 5023 2513 5071 est
2544 5016 2832 5071 character
2863 5015 2991 5079 diei,
3029 5016 3145 5071 sive
3178 5015 3335 5081 feria,
3369 5017 3516 5088 quod
3541 5018 3824 5088 ἤμερσεν-

2255 5107 2432 5178 ρέσιον
2466 5106 2732 5164 Maximus
2748 5109 3000 5178 appellat,
3038 5110 3313 5178 posterior
3342 5110 3408 5163 ad
3441 5117 3701 5180 quartam
3728 5113 3823 5165 deo

2254 5199 2448 5253 cimam
2482 5200 2823 5270 paschalem;
2860 5200 3145 5271 ipsumque
3173 5199 3383 5256 Pascha
3404 5200 3826 5268 Christianum;

2255 5298 2309 5344 et
2339 5290 2405 5345 ad
2441 5292 2601 5352 lunze,
2636 5300 2695 5343 ut
2728 5300 2946 5352 vocant.
2970 5301 3181 5348 atatem
3220 5294 3654 5365 investigandam
3696 5311 3826 5365 per-

2256 5382 2411 5441 tinet.
2445 5380 2737 5451 Utriusque
2766 5383 2906 5437 ratio
2929 5398 2960 5437 a
2992 5384 3146 5439 nobis
3170 5385 3550 5455 explicabitur,
3588 5395 3766 5456 atque
3793 5402 3823 5438 ει

2255 5473 2448 5542 pripri,
2475 5490 2596 5544 qua:
2620 5474 2754 5530 solis
2777 5476 2997 5545 propria
3027 5484 3132 5541 est,
3161 5476 3439 5545 capiemus
3483 5476 3733 5532 initium.

2327 5563 2451 5619 Tria
2484 5576 2611 5621 sunt
2674 5565 2741 5620 ad
2791 5567 3147 5637 indagandam
3196 5567 3387 5623 feriam
3418 5570 3474 5624 in
3502 5568 3823 5625 Graecorum

2258 5665 2512 5726 computo
2542 5659 2887 5725 necessaria;
2917 5658 3231 5731 προπθεταί,
3261 5658 3376 5716 sive
3409 5668 3619 5731 epacta:
3668 5677 3825 5717 men-
