4036 6218
316 413 456 473 1425

1268 415 1720 472 DlSSEKTATlO
1762 415 1847 468 DE
1884 414 2288 471 GRAECORUM
2328 416 2528 471 AEDIS.

3408 419 3542 473 H26

316 543 716 608 sium;epactae
747 551 1050 603 annorum;
1082 545 1136 590 et
1164 537 1198 607 ὴ
1252 537 1506 600 ποσταία,
1542 538 1656 593 sive
1715 543 1879 606 quota
1911 539 1952 592 Α
1981 535 2109 588 bent
2151 535 2343 590 feriam
2389 550 2503 600 vn;
2561 533 2816 588 Kalendis
2873 539 3051 588 autem
3098 529 3298 602 Aprilis
3346 532 3542 586 eadem

315 621 432 676 dies
463 624 682 678 mensis.
725 624 1053 694 Προσθετάς,
1099 641 1192 680 eos
1225 641 1374 690 esse,
1401 628 1492 696 qui
1527 627 1793 698 regulares
1847 642 1876 678 a

313 713 784 782 computatoribus
828 715 1034 770 nostris
1072 724 1356 780 vocantur,
1407 715 1650 788 Scaliger
1688 718 1878 773 existi-

314 811 423 855 tuat
458 803 600 873 (pag.
639 805 762 875 749)
798 827 810 858 :
846 807 901 861 in
933 823 1042 876 quo
1076 808 1230 862 valde
1292 807 1518 864 fallitur.
1573 809 1876 879 Appellatio

310 891 526 958 quidem
566 893 683 962 ipsa
711 896 1040 966 regularium
1075 901 1192 960 ταῖς
1217 898 1540 967 προσθεταῖς
1576 914 1876 955 accommo-

308 981 424 1035 dari
448 990 642 1052 potest,
672 987 746 1040 uti
778 1003 880 1043 nos
910 989 967 1042 in
999 988 1188 1043 Latina
1212 991 1462 1045 versione
1494 991 1872 1058 fecimus;sed

309 1071 380 1124 ita
418 1085 472 1128 ut
497 1090 606 1130 non
634 1077 852 1133 eosdem
875 1095 996 1136 esse
1017 1079 1328 1137 Graecorum
1376 1085 1652 1154 regulares
1678 1100 1741 1139 ac
1767 1085 1865 1138 La-

306 1166 471 1229 tinos,
503 1167 794 1240 intelligas.
821 1171 897 1225 Ac
930 1173 997 1226 de
1020 1174 1214 1228 horum
1252 1175 1470 1245 quidem
1503 1177 1867 1246 regularibus,

302 1263 355 1309 et
389 1263 847 1316 concurrentibus
879 1266 1091 1334 egimus
1118 1267 1212 1323 lib.
1246 1267 1315 1321 Vl
1355 1268 1431 1324 De
1460 1269 1710 1324 doctrina
1741 1279 1870 1323 tent-

297 1361 508 1415 porum,
561 1368 682 1422 cap.
714 1351 948 1420 XXVIII,
994 1359 1151 1428 cujus
1177 1359 1425 1414 doctrina
1461 1361 1656 1432 capitis
1712 1377 1866 1417 assu-

302 1440 496 1495 menda
517 1445 695 1499 estad
726 1445 899 1502 Graeci
957 1453 1198 1521 computi
1246 1454 1531 1520 notitiam;
1590 1464 1674 1509 est
1719 1454 1864 1510 enim

299 1535 628 1590 necessaria.
657 1535 760 1592 Sed
801 1540 905 1595 hoc
953 1542 1072 1598 loco
1106 1545 1328 1601 minime
1367 1547 1691 1616 repetenda;
1740 1562 1862 1600 cum

299 1621 354 1676 in
387 1633 636 1696 promptu
671 1628 780 1683 illic
799 1629 1103 1688 habeatur:
1137 1644 1332 1706 praeter
1362 1638 1691 1707 paucissima
1713 1653 1862 1708 quaa-

297 1710 526 1776 dam,et
578 1717 930 1791 καιριώτερα,
983 1724 1101 1778 sine
1137 1726 1337 1796 quibus
1389 1727 1650 1797 explicari
1715 1727 1860 1798 quod

298 1804 556 1872 proposui
585 1822 694 1862 non
726 1816 925 1878 potest.
951 1812 1268 1869 Latinorum
1299 1819 1576 1888 regulares
1609 1827 1737 1872 sunt
1784 1819 1861 1873 ie-

1980 632 2181 692 epacta:
2213 625 2346 678 solis
2402 640 2477 677 vtt
2535 638 2658 676 cum
2714 623 3034 694 προσθεταῖς
3083 637 3178 685 vn,
3213 627 3266 676 et
3304 636 3412 674 tino
3459 619 3544 674 die

1981 713 2367 775 Kalendarum,
2399 712 2636 768 olierunt
2659 711 2844 766 feriam
2872 728 2910 765 ι.

2047 803 2351 875 Προσθεταί
2383 803 2627 866 Maximi,
2660 813 2786 857 sunt
2832 803 2978 856 feriae
3011 800 3216 854 ultimae
3253 798 3359 853 diei
3391 807 3543 854 ante-

1978 894 2220 948 cedentis
2268 894 2513 963 proxime
2559 908 2799 947 mensem
2848 908 2995 956 eum,
3047 890 3205 959 cujus
3246 889 3541 960 προσθεταί

1976 983 2308 1037 dicunturin
2335 997 2478 1037 anno
2514 983 2690 1052 primo
2744 981 2880 1052 cycli
2929 977 3536 1047 Constantinopolitani.

1974 1075 2062 1143 qui
2113 1074 2407 1145 respondet
2460 1075 2613 1144 cyclo
2683 1075 2930 1128 Romano
2971 1088 3045 1135 vt,
3091 1069 3310 1141 quando
3359 1070 3536 1124 littera

1972 1175 2056 1217 est
2115 1164 2192 1228 (ἐς
2250 1173 2362 1218 tum
2419 1165 2563 1219 cnim
2612 1161 2924 1218 Decembris
2984 1160 3340 1232 praecedentis
3413 1161 3538 1214 ulti-

1973 1269 2093 1309 mus
2151 1256 2205 1309 in
2259 1254 2447 1308 feriam
2511 1270 2524 1307 I
2576 1254 2783 1308 incidit.
2846 1254 2968 1310 ldeo
3023 1251 3288 1324 regularis
3333 1250 3536 1306 Janua-

1972 1347 2037 1401 rii
2085 1348 2213 1403 anni
2263 1347 2427 1410 illius,
2468 1362 2496 1399 a
2543 1363 2650 1417 quo
2692 1347 2933 1418 proxime
2983 1354 3203 1402 secutus
3241 1352 3325 1400 est
3360 1359 3536 1398 annus

1970 1438 2178 1506 primus
2233 1437 2370 1508 cycli
2428 1437 2642 1505 solaris,
2695 1438 2862 1508 Aprili
2905 1439 3144 1499 ineunte,
3206 1445 3290 1491 est
3343 1453 3357 1490 ι
3403 1435 3534 1490 feria

1969 1533 2170 1587 ultimae
2203 1532 2307 1587 diei
2333 1531 2578 1586 Januarii
2613 1549 2684 1586 iv.
2729 1533 2780 1588 Is
2811 1540 2894 1588 est
2925 1533 3194 1599 regularis
3231 1530 3532 1592 Februarii,

1967 1635 2013 1678 ct
2038 1623 2118 1678 sic
2145 1623 2423 1694 deinceps,
2452 1632 2512 1677 ut
2542 1641 2616 1679 ex
2648 1625 2844 1678 tahella
2905 1631 3052 1695 patet
3079 1641 3090 1676 :
3126 1640 3248 1696 quae
3300 1633 3531 1694 quatuor

1965 1713 2216 1768 versibus
2247 1721 2483 1769 constat.
2516 1713 2532 1767 l
2567 1729 2781 1768 menses
2807 1713 3089 1768 Romanos
3129 1712 3527 1783 complectitur.

1966 1803 2004 1854 ιε
2039 1812 2262 1872 epactas
2293 1804 2509 1857 illorum
2545 1803 2659 1859 sive
2715 1805 3038 1876 προσθετάς,
3093 1803 3157 1858 Ill
3193 1805 3528 1876 singulorum

297 1892 392 1946 riae
415 1894 624 1950 dierum
661 1899 717 1952 in
747 1914 890 1956 anno
915 1905 1052 1974 cycli
1084 1906 1237 1972 solis,
1269 1885 1381 1977 qui
1400 1909 1631 1962 litteram
1667 1909 1830 1964 habui

1966 1897 2233 1951 mensium
2264 1896 2406 1963 dies,
2446 1895 2514 1950 IV
2553 1898 2770 1954 eosdem
2805 1899 2922 1953 dies
2950 1899 3211 1954 collectos
3241 1915 3380 1969 quos
3431 1899 3526 1951 ad-

293 1977 554 2042 G‘,*initio
593 1984 660 2037 ab
686 1986 859 2057 Aprili
883 1989 1077 2059 ducto;
1136 2002 1235 2047 aut
1265 1996 1426 2050 etiam
1480 1998 1549 2052 ab
1575 1996 1853 2054 Januario.

293 2067 349 2122 Si
387 2069 700 2130 aJanuario
746 2078 1000 2147 ducatur,
1059 2086 1338 2153 regulares
1383 2090 1588 2144 mensis
1613 2090 1777 2158 hujus
1801 2099 1856 2146 et

291 2166 568 2232 sequentis
598 2170 807 2225 unitate
839 2173 1077 2230 minores
1110 2184 1258 2243 sunt,
1293 2196 1455 2250 quam
1485 2183 1531 2237 si
1577 2184 1644 2238 ab
1681 2185 1852 2254 Aprili

288 2255 400 2309 orsi
432 2254 716 2316 fuerimus.
765 2261 994 2328 Quando
1032 2266 1209 2321 littera
1262 2268 1616 2327 Dominicalis
1665 2287 1748 2330 est
1785 2276 1850 2340 C,

288 2355 419 2402 tunc
459 2347 714 2406 Kalendae
765 2353 970 2424 Aprilis
1012 2357 1198 2414 feriam
1260 2361 1460 2418 habent
1511 2383 1557 2427 ι,
1598 2365 1852 2422 Kalendae

286 2434 409 2491 Maii
443 2453 540 2506 m;
594 2450 650 2496 et
693 2443 766 2496 ita
820 2445 1076 2516 deinceps
1123 2465 1296 2519 usque
1353 2452 1419 2505 ad
1477 2452 1848 2520 Decembrem,

285 2539 450 2598 quota
504 2533 681 2588 littera
738 2548 820 2591 est
874 2539 1099 2594 initialis
1148 2543 1414 2612 cujusque
1451 2545 1656 2600 mensis
1687 2546 1753 2600 ab
1781 2549 1846 2611 Α,

285 2623 494 2678 unitate
523 2625 724 2693 addita,
759 2636 908 2682 tanta
937 2640 1019 2684 est
1042 2631 1190 2686 feria.
1223 2633 1292 2685 At
1343 2632 1603 2691 Januario
1632 2644 1848 2693 antece-

280 2712 441 2766 dente
465 2712 567 2766 fuit
599 2715 732 2790 feria
770 2732 830 2779 ιι,
893 2717 1178 2775 Februarii
1217 2720 1443 2778 Kalend.
1483 2723 1613 2779 feria
1648 2743 1702 2791 v,
1754 2728 1846 2782 ubi

277 2810 332 2854 et
354 2804 558 2860 unitate
588 2807 794 2872 addita,
832 2811 1022 2866 litterae
1045 2812 1408 2868 Kalendarum
1446 2815 1636 2872 feriam
1688 2821 1844 2875 exhi-

276 2896 427 2952 bent.
462 2896 662 2954 Verum
703 2903 948 2960 calculus
1009 2915 1130 2976 post
1188 2908 1479 2972 bisextum,
1515 2909 1706 2968 Martio
1762 2915 1846 2969 vel

274 2989 446 3060 Aprili
476 2994 658 3062 potius
698 2995 909 3068 incipit.
949 2997 1128 3065 Quare
1156 2999 1401 3056 Januarii
1449 3011 1501 3058 et
1558 3003 1843 3062 Februarii

274 3083 551 3152 regulares
575 3087 748 3157 accipi
772 3088 971 3144 debent
998 3107 1064 3145 ex
1094 3091 1248 3158 feria,
1301 3110 1462 3164 quam
1501 3095 1701 3152 habent
1748 3114 1844 3154 eo-

273 3191 390 3230 rum
415 3177 667 3236 Kalendas
695 3198 840 3238 anno
871 3187 1142 3255 sequenti,
1165 3203 1273 3258 quo
1307 3190 1482 3245 littera
1514 3199 1598 3246 est
1628 3192 1692 3258 Ρ,
1727 3204 1840 3248 tum
1869 3221 1912 3281 ρ

272 3283 402 3323 vero
428 3268 723 3328 Januarius
750 3277 987 3344 incipita
1027 3279 1161 3333 feria
1203 3298 1284 3345 tu,
1317 3281 1648 3342 Februarius
1683 3302 1713 3340 a
1760 3303 1834 3342 vt.

272 3357 338 3412 lii
369 3369 496 3417 sunt
529 3366 806 3436 regulares
839 3370 1108 3425 mensium
1133 3371 1527 3442 Romanorum,
1557 3378 1649 3448 qui
1710 3394 1828 3450 per-

270 3454 417 3522 petui
449 3455 768 3528 immotique
799 3471 967 3528 sunt;
1006 3479 1108 3518 nec
1137 3475 1342 3535 epactae
1380 3469 1651 3524 mensium
1711 3485 1836 3539 pro.-

269 3543 383 3612 prie
419 3544 527 3599 dici
552 3545 770 3603 debent.
799 3549 932 3604 Nam
967 3561 1168 3622 epactze
1198 3558 1414 3625 proprie
1437 3566 1565 3612 sunt
1595 3559 1712 3613 dies
1739 3573 1834 3614 an-

266 3637 572 3693 tecedentes
605 3650 768 3712 caput
795 3647 922 3698 anni
942 3648 1234 3712 niensisve,
1255 3650 1414 3719 cujus
1443 3662 1647 3722 epaclte
1671 3653 1836 3706 nomi-

264 3741 461 3783 nantur
494 3749 506 3784 :
534 3734 986 3800 quemadmodum
1049 3740 1267 3796 lunares
1323 3755 1523 3812 cpacta:
1563 3743 1678 3800 dies
1708 3753 1836 3800 sunt

263 3822 455 3892 reliqui
479 3837 508 3876 a
541 3825 789 3881 confecta
836 3830 1023 3884 ultima
1047 3834 1264 3903 syzygia
1307 3835 1371 3887 ad
1403 3837 1561 3891 tinem
1594 3838 1718 3891 anni
1752 3839 1832 3892 οἱα

260 3912 403 3974 vilis,
451 3926 578 3985 puta
633 3933 662 3970 a
707 3917 1041 3986 Decembris,
1075 3925 1157 3979 vel
1189 3925 1386 3988 Martii,
1426 3930 1469 3983 si
1513 3946 1542 3982 a
1569 3928 1830 3985 Januario

259 4001 339 4054 vel
369 4002 542 4073 Aprili
573 4020 750 4060 annus
789 4008 998 4064 lunaris
1059 4011 1246 4080 ineat;
1293 4025 1498 4085 epactze
1544 4021 1677 4076 solis
1730 4037 1827 4076 an-

256 4110 380 4148 num
412 4094 544 4151 feria
575 4107 658 4152 est
684 4099 790 4154 diei
826 4102 999 4155 ultimi
1050 4105 1222 4160 totius
1257 4109 1404 4172 anui,
1457 4119 1514 4164 ut
1554 4113 1628 4165 ait
1658 4113 1824 4168 Maxi-

253 4203 396 4240 mus.
433 4187 618 4259 ltaque
668 4189 923 4248 Kalendtc
963 4195 1094 4266 ipsa:
1147 4200 1373 4265 mensis,
1414 4204 1572 4272 cujus
1621 4217 1824 4276 cpactte

254 4287 540 4342 vocantur,
574 4282 626 4335 in
657 4291 972 4353 epactarum
1003 4303 1291 4344 numerum
1334 4309 1676 4364 nequaquam
1730 4313 1821 4351 vc-

252 4370 430 4424 niunt.
463 4371 579 4426 Non
621 4383 748 4428 sunt
772 4375 937 4446 igitur
966 4379 1283 4448 προσῦεταῑ,
1338 4383 1440 4437 hoc
1499 4395 1580 4439 est
1617 4397 1820 4456 epactae

253 4463 542 4527 mensium,
572 4465 711 4520 idem
737 4483 861 4522 cum
897 4467 1268 4526 Romanorum
1298 4478 1660 4546 regularibus.
1683 4479 1817 4534 llinc

251 4564 452 4622 epacta:
477 4557 609 4612 solis
639 4573 853 4623 annuae,
879 4561 993 4618 sive
1039 4577 1450 4632 concurrentes,
1507 4587 1630 4624 cum
1683 4574 1814 4628 solis
1847 4567 1891 4620 Ι)

251 4646 587 4716 regularibus
612 4648 978 4708 Kalendarum
1016 4655 1205 4710 feriam
1256 4659 1518 4728 praebent.
1543 4662 1609 4714 At
1647 4681 1812 4735 προς-

242 4735 396 4792 Θεταὶ
435 4756 560 4794 cum
613 4743 819 4812 epactis
863 4745 994 4800 solis
1040 4763 1150 4801 non
1183 4749 1416 4804 reddunt
1450 4751 1662 4818 feriam,
1706 4756 1810 4810 nisi

241 4832 534 4906 addaturﬁ
575 4838 828 4890 ποσταία.
857 4836 1172 4909 Exemplum
1221 4856 1233 4891 :
1272 4852 1388 4896 esto
1434 4859 1611 4899 annus
1652 4847 1810 4900 Chri-

245 4923 310 4974 sti
343 4938 542 4985 locxu,
569 4933 624 4978 et
647 4938 921 4995 quatratur
971 4927 1103 4983 l'eria
1137 4930 1507 4985 Kalendarum
1533 4934 1806 5003 '_Seplem-

244 5012 439 5068 brium.
476 5014 880 5073 Coucurrentes
910 5020 1004 5075 illo
1035 5036 1178 5075 anno
1214 5021 1436 5077 [nerunt
1470 5041 1566 5091 vn,
1596 5043 1661 5079 ex
1695 5045 1799 5082 me-

239 5103 402 5158 thodo
424 5106 621 5176 capitis
648 5106 861 5161 XXVlll
908 5111 1029 5164 libri
1085 5111 1143 5164 Vl
1196 5112 1271 5166 De
1317 5113 1558 5168 doctrina
1607 5127 1804 5187 tempo-

240 5208 353 5248 rum
391 5195 482 5264 qui
507 5196 573 5251 ad
609 5201 888 5267 regulares
919 5199 1250 5271 Septembris
1289 5221 1366 5258 vn
1424 5207 1619 5276 adjecti
1670 5211 1800 5264 dant

239 5285 422 5341 feriam
455 5304 551 5352 vn,
574 5289 881 5358 cujusmodi
916 5307 1099 5346 revera
1132 5309 1274 5347 anno
1297 5295 1390 5350 illo
1415 5299 1533 5360 fuit,
1565 5317 1686 5353 eum
1713 5303 1799 5354 lit-

238 5387 345 5431 tera
380 5375 728 5433 DominiCaIis
761 5391 905 5434 esset
935 5379 998 5444 G,
1048 5383 1202 5452 cyclo
1253 5387 1383 5440 solis
1425 5386 1670 5443 liomano
1721 5409 1794 5446 γι.

233 5468 307 5519 ’ta
339 5466 596 5524 Kalendis
629 5471 833 5540 Aprilis
859 5473 1016 5526 iidem
1044 5488 1434 5532 concurrentes
1466 5497 1537 5533 vn
1568 5496 1690 5534 cum
1710 5499 1795 5538 re-

226 5560 510 5626 gularibus
542 5579 557 5616 ι
598 5564 727 5616 dant
759 5564 947 5619 feriant
974 5582 1011 5619 ι.
1044 5567 1132 5628 At,
1163 5584 1226 5622 ex
1257 5572 1509 5626 melltodo
1550 5573 1788 5639 Maximi,

225 5657 435 5716 epactte
467 5653 598 5705 solis
625 5668 697 5705 vu
724 5668 867 5708 anno
907 5655 1084 5722 primo
1115 5659 1252 5726 cyeli
1285 5661 1482 5715 solaris
1522 5661 1789 5720 Constan-

224 5742 588 5816 tiuopolitani,
651 5763 773 5800 cum
815 5748 1140 5819 προσοεταῖς
1189 5750 1526 5821 Septembris
1563 5773 1634 5823 γι,
1689 5759 1784 5812 ad-

226 5834 336 5888 dita
371 5835 620 5906 ποσταίᾳ,
656 5836 755 5893 hoc
801 5847 884 5893 est
922 5856 1030 5894 uno
1082 5840 1166 5898 dic
1228 5841 1581 5913 Septembris,
1630 5849 1781 5904 exhi-

1960 1987 2093 2051 dz'u‘t,
2126 1998 2183 2041 ut
2212 1991 2697 2061 propagandorum
2743 1992 3072 2062 regularium
3113 1994 3251 2046 ratio
3288 1991 3528 2048 declare-

1961 2087 2070 2141 tur,
2102 2096 2264 2148 quam
2293 2098 2412 2149 cap.
2447 2081 2614 2136 XXVI
2643 2084 2831 2152 prima:
2853 2085 3024 2154 partis
3051 2085 3302 2154 Computi
3358 2084 3528 2138 Maxi-

1959 2189 2082 2228 mus
2116 2175 2357 2244 exponit.
2385 2173 2482 2229 Hic
2511 2177 2654 2230 enim
2687 2177 2804 2232 dies
2831 2193 3020 2233 omnes
3057 2179 3125 2233 ab
3150 2178 3320 2249 Aprili
3353 2177 3419 2230 ad
3463 2179 3524 2230 ti-

1955 2278 2078 2318 nem
2109 2263 2354 2334 proxime
2375 2267 2747 2322 antecedentis
2768 2271 2971 2322 mensis
2989 2269 3155 2332 illius,
3180 2269 3338 2337 cujus
3353 2285 3524 2338 προσ-

1955 2353 2115 2418 Οετὰς
2156 2358 2475 2426 quaerimus,
2520 2374 2617 2428 per
2667 2359 2696 2412 7
2733 2360 2899 2415 dividi
2927 2361 3188 2431 pracipit,
3220 2361 3519 2420 residuum.

1953 2452 2045 2498 aut
2069 2447 2112 2501 si
2148 2449 2281 2502 nihil
2329 2451 2591 2520 supersit,
2647 2455 3014 2523 septenarium
3070 2456 3246 2524 ipsum
3302 2463 3522 2526 epactas

1950 2554 2076 2593 esse
2114 2542 2316 2595 mensis
2351 2543 2688 2613 insequentis
2718 2548 2811 2600 ait.
2859 2545 3100 2616 Exempli
3155 2563 3355 2602 causa:
3381 2548 3523 2602 scire

1951 2630 2080 2684 libet
2121 2647 2242 2700 qua:
2269 2633 2380 2688 sint
2411 2643 2614 2704 epaclte
2646 2635 3003 2704 Septembris.
3049 2639 3092 2690 A
3137 2636 3399 2693 Januario
3453 2640 3519 2692 ad

1948 2721 2178 2792 Augusti
2214 2724 2375 2778 tinem
2408 2725 2524 2780 dies
2542 2737 2669 2781 sunt
2692 2726 2798 2781 245
2825 2744 2840 2780 :
2881 2743 2911 2781 e
2933 2727 3132 2797 quibus
3150 2727 3398 2784 deductis
3426 2730 3517 2792 9U,

1949 2825 2156 2871 restant
2192 2817 2292 2872 155
2323 2833 2351 2871 a
2383 2817 2635 2874 Kalendis
2665 2820 2864 2890 Aprilis
2889 2836 3010 2891 quae
3033 2822 3076 2876 si
3110 2837 3203 2891 per
3225 2821 3255 2875 7
3280 2821 3512 2882 dividas.

1948 2911 2225 2964 residuum
2284 2910 2428 2965 cst6
2474 2912 2749 2983 regulares
2811 2911 3164 2982 Septembris.
3232 2913 3386 2980 Quod
3450 2915 3516 2967 ab

1944 2999 2146 3070 Aprilis
2173 2999 2427 3056 Kalendis
2453 3002 2697 3057 calculus
2721 3003 2933 3073 incipit,
2963 3019 3069 3057 non
3113 3019 3177 3057 ex
3217 3018 3282 3058 eo
3334 3005 3514 3073 sequi-

1946 3100 2054 3160 tu,
2094 3093 2372 3164 regulares
2417 3091 2621 3162 Aprilis
2669 3109 2854 3155 esset,
2899 3095 2989 3149 sed
3024 3095 3203 3165 potius
3241 3111 3348 3163 vn;
3397 3111 3512 3165 quze

1945 3200 2032 3239 res
2074 3183 2409 3256 Scaligerum
2435 3185 2641 3251 lefcllit,
2685 3187 2778 3256 qui
2818 3187 3119 3259 προσθετάς
3150 3187 3365 3242 Maximi
3400 3189 3508 3242 uni-

1945 3283 2052 3331 tate
2117 3291 2397 3347 perperam
2460 3287 2638 3347 auget.
2702 3277 2888 3346 itaque
2952 3288 3169 3349 cpactas
3228 3278 3405 3334 Martii
3437 3283 3508 3333 ait

1943 3384 2064 3424 esse
2099 3376 2398 3438 v,epactas
2456 3370 2660 3438 Aprilis
2713 3387 2751 3435 ι,
2813 3379 3034 3440 epactas
3075 3371 3196 3424 Maii
3259 3387 3354 3435 ιιι,
3405 3388 3508 3426 uno

1939 3461 2126 3524 verbo,
2161 3468 2326 3530 quota
2356 3471 2439 3516 est
2468 3461 2650 3516 littera
2701 3463 2930 3516 initialis
2964 3462 3258 3532 cujuslibet
3305 3465 3506 3520 mensis

1939 3551 2122 3605 addita
2155 3553 2384 3614 unitate,
2425 3561 2611 3607 tantas
2641 3569 2764 3609 esse
2805 3553 3109 3626 προσθετάς
3137 3555 3353 3610 asserit.
3393 3553 3505 3608 Hoc

1936 3642 2096 3696 modo
2123 3641 2414 3714 προσθεταί
2453 3640 2788 3712 Septembris
2817 3652 2978 3697 erunt
3002 3660 3075 3698 vn
3099 3661 3114 3709 ;
3138 3643 3392 3699 Octobris
3441 3658 3502 3710 ιι,

1936 3735 2267 3789 reclamante
2298 3732 2537 3788 Maximo
2564 3734 2618 3789 in
2660 3736 2923 3790 laterculo
2967 3736 3168 3806 duplici
3234 3737 3428 3806 capitis
3461 3737 3497 3798 Ι,

1933 3826 2090 3896 cujus
2135 3827 2189 3881 in
2231 3827 2458 3882 sinistro
2501 3843 2694 3883 versus
2746 3828 2956 3897 primus
2994 3829 3236 3884 continet
3265 3828 3495 3900 προσϐε-

1931 3920 2027 3982 τάς
2054 3919 2231 3974 Martii
2258 3936 2344 3974 tv:
2371 3935 2508 3991 quas
2550 3919 2794 3991 Scaliger
2828 3938 2860 3974 v
2898 3937 2927 3974 a
2969 3921 3200 3977 Maximo
3240 3923 3494 3976 constitui

1929 4009 2065 4067 falso
2091 4013 2316 4082 putavit.
2352 4012 2408 4066 ln
2431 4028 2591 4068 versu
2635 4025 2832 4081 quarto
2887 4013 3178 4085 προσθεταί
3211 4020 3336 4070 sunt
3394 4014 3492 4069 Se.-

1928 4103 2190 4171 ptenibris
2219 4112 2271 4158 et
2295 4102 2567 4166 Octobris,
2591 4103 2756 4174 hujus
2791 4119 2829 4165 ι,
2885 4105 3030 4161 illius
3065 4123 3114 4161 vI
3153 4127 3164 4161 :
3193 4123 3329 4177 quas
3371 4110 3493 4162 uni-

1927 4202 2035 4247 late
2075 4193 2322 4263 producit
2350 4195 2624 4250 auctiores
2656 4195 2916 4268 Scaliger.

1928 4303 2146 4359 Tabella
2188 4307 2500 4376 προσθετῶν
2568 4309 2621 4361 in
2669 4309 2932 4364 mensibus
2975 4309 3232 4377 Iulianis,
3272 4322 3321 4368 et
3351 4314 3490 4368 Conv

2329 4379 2802 4448 stantiuopolitauo
2832 4393 3091 4451 computo.

1992 4487 2205 4545 Menses
2351 4491 2644 4564 προσθεταί
2789 4493 2915 4550 Dies
2947 4512 3097 4551 men-
3242 4500 3363 4554 Dies
3383 4502 3488 4555 col.

2864 4569 3003 4620 sium
3292 4572 3409 4625 lecti

1917 4647 2214 4706 Januarius
2471 4655 2487 4707 1
2886 4658 2945 4710 51
3274 4661 3334 4714 51

1915 4718 2246 4776 Februarius
2462 4726 2495 4778 4
2885 4728 2954 4783 ‘23
3275 4732 3342 4786 59

1914 4789 2140 4847 Martius
2457 4795 2490 4847 ιι
2877 4798 2939 4851 51
3273 4803 3341 4856 90

1911 4883 2108 4951 Aprilis
2463 4887 2492 4938 7
2881 4891 2948 4943 se
3270 4896 3372 4950 12:0

1908 4951 2082 5007 Maius
2449 4957 2482 5010 2
2880 4962 2939 5013 51
3271 4967 3362 5020 iiii

1904 5022 2098 5078 Junius
2457 5027 2491 5080 5
2879 5032 2948 5085 ΞΟ
3271 5039 3359 5091 181

1902 5113 2077 5170 Julius
2461 5118 2490 5169 7
2880 5125 2941 5176 5|
3265 5127 3369 5181 Si”).

1902 5188 2178 5254 Augustus
2453 5188 2487 5241 5
2880 5193 2938 5247 51
3264 5199 3368 5251 245

1904 5255 2217 5324 September
2443 5261 2476 5313 6
2876 5264 2944 5317 50
3262 5269 3369 5324 2Ἱ5

1901 5345 2134 5401 October
2455 5354 2478 5406 1
2877 5358 2940 5412 51
3260 5362 3364 5415 554

1900 5415 2203 5487 bloveniber
2449 5425 2483 5476 4
2873 5429 2942 5481 50
3259 5433 3362 5487 565

1896 5484 2192 5544 December
2449 5494 2482 5547 6
2873 5500 2932 5552 51
3257 5484 3362 5556 051

1966 5577 2256 5635 Sciendum
2283 5595 2365 5638 est
2389 5593 2588 5651 autem,
2608 5587 2732 5642 licet
2769 5587 3030 5644 Maximus
3068 5591 3135 5645 ab
3163 5593 3330 5662 Aprili
3359 5595 3459 5646 τῶν

1893 5671 2204 5741 προσθετῶν
2235 5676 2524 5730 ratiocinia
2548 5679 2816 5746 deducat;
2872 5698 3055 5737 revera
3091 5693 3271 5739 tamen
3305 5701 3334 5738 a
3370 5683 3461 5737 Ja-

1894 5766 2086 5818 nuario
2134 5768 2427 5835 proﬁcisci.
2487 5767 2696 5826 Etenim
2733 5789 2760 5826 a
2794 5774 3019 5835 Kalend.
3062 5779 3336 5847 Aprilibus
3388 5777 3455 5828 ad

1895 5854 2151 5910 ultimum
2180 5856 2492 5916 Decembris
2515 5863 2632 5918 dies
2657 5866 2904 5922 suut275
2933 5869 3130 5934 quibus
3162 5886 3254 5935 per
3289 5868 3318 5919 7
3350 5872 3456 5926 αιδ-
