4036 6218
568 396 702 450 Ηὲῖ

1546 404 1639 460 AD
1666 407 1934 467 EUSEBII
1967 413 2361 471 CHRONICON
2399 415 2755 476 APPENDIX.

3647 422 3778 478 1128

564 515 799 610 tributis
854 524 1060 573 restant
1111 518 1183 584 2,
1240 535 1361 591 quae
1419 526 1711 593 προσθεταί
1754 543 1874 585 εεεε
1928 532 2124 588 debent
2152 542 2199 598 Α
2233 536 2463 591 habebat
2511 538 2697 607 cyclus
2732 552 2918 602 xxvm,
2977 539 3135 607 cujus
3163 548 3367 610 epactaa
3410 547 3541 596 sunt
3596 557 3669 597 vi.
3704 543 3778 595 Ad

562 608 854 676 Januarii,
925 611 972 667 si
1036 612 1103 666 ab
1167 611 1337 684 Aprili
1400 626 1829 689 computentur;
1897 633 1954 679 at
2029 625 2122 680 Ja-

564 702 791 757 nuarius
850 709 1058 757 tantum
1124 703 1286 759 habet
1344 721 1381 761 I.
1421 706 1655 765 Proinde
1685 713 1765 767 sic
1803 728 1833 767 a
1862 714 2122 773 Januario

565 794 810 849 calculus
846 802 1194 864 propagatur.
1224 796 1491 863 Quoniam
1527 817 1650 857 cum
1698 805 1935 861 litteraG
1956 816 2038 863 est
2069 809 2124 863 in

567 900 690 948 usu,
719 883 962 939 Januarii
988 885 1249 944 Kalendis
1280 888 1413 944 feria
1460 900 1545 947 est
1597 896 1868 965 secundaf;
1923 907 2126 968 epactze

563 972 807 1029 Januarii
853 983 981 1030 sunt
1012 993 1051 1042 I,
1090 977 1277 1032 ultima
1312 979 1431 1034 dies
1477 980 1720 1039 Januarii
1768 995 1855 1041 est
1890 986 2023 1042 feria
2048 1006 2119 1045 ιν.

564 1064 697 1119 Nam
721 1064 914 1121 divisis
941 1067 1011 1121 32
1032 1068 1247 1135 diebus,
1270 1070 1372 1125 hoc
1402 1084 1489 1128 est
1534 1075 1595 1129 51
1629 1073 1897 1143 Januarii,
1921 1088 1975 1135 et
1996 1096 2127 1151 epa-

564 1166 650 1211 cta
673 1156 793 1227 ejbs
824 1173 839 1211 I
872 1173 970 1228 per
999 1159 1055 1224 7,
1090 1168 1300 1216 restant
1331 1163 1450 1219 dies
1478 1163 1548 1229 ις
1573 1165 1655 1221 sic
1684 1167 1877 1224 divisis
1907 1169 1998 1237 9|,
2023 1170 2125 1225 hoc

563 1255 648 1302 est
676 1248 868 1305 diebus
899 1252 1167 1307 mensium
1202 1254 1386 1320 trium,
1425 1255 1606 1310 addita
1638 1267 1828 1328 epacta
1851 1257 2120 1326 Januarii,

563 1354 660 1408 per
689 1340 739 1406 7,
769 1341 1048 1397 residuum
1070 1351 1154 1400 εει
1183 1344 1214 1396 7
1241 1354 1431 1415 epacta
1465 1349 1669 1405 mensis
1690 1348 1930 1419 Aprilis;
1966 1351 2125 1406 deiu-

563 1449 692 1504 ceps
714 1444 892 1490 autem
936 1437 1005 1491 ab
1032 1437 1205 1509 Aprili
1237 1440 1374 1494 nihil
1400 1440 1650 1507 additur,
1684 1445 1943 1514 quoniam
2000 1460 2125 1516 epa-

562 1535 649 1580 cta
677 1528 879 1598 Aprilis
898 1538 982 1586 est
1015 1529 1067 1595 7,
1097 1531 1179 1587 vel
1203 1532 1260 1587 6.
1296 1531 1469 1603 Hujus
1492 1535 1592 1599 rei,
1625 1536 1921 1606 quamlibet
1952 1537 2085 1594 levis
2107 1578 2121 1601 ,

563 1617 873 1674 observatio
893 1635 1003 1674 non
1026 1622 1351 1679 mediocrem
1389 1625 1566 1682 lucem
1617 1626 1774 1682 atl‘ert
1814 1624 2123 1683 Gratcorum

563 1717 823 1778 computo
857 1728 871 1765 :
904 1711 1065 1781 cujus
1089 1712 1426 1783 ignoratione
1446 1716 1581 1773 adeo
1615 1716 1907 1775 manifesto
1935 1734 2124 1777 errore

564 1797 875 1869 implicatus
912 1810 997 1858 est
1028 1802 1285 1874 Scaliger.

2226 628 2502 697 regulares
2552 629 2734 698 itaque
2776 626 3051 684 Februarii
3105 646 3189 695 iv,
3244 631 3291 686 si
3347 631 3609 686 accedant
3655 648 3779 701 epa-

2225 727 2327 773 cta:
2366 736 2438 784 vl,
2470 728 2522 775 et
2560 721 2593 791 ἡ
2623 720 2853 773 ποσταία
2895 738 2911 775 ι
2952 720 3041 775 ﬁet
3076 720 3331 777 Kalendis
3365 721 3674 778 Februariis
3710 722 3785 778 fe-

2225 810 2305 864 ria
2332 828 2404 866 iv.
2430 810 2558 865 Erat
2590 820 2837 866 autemv.
2862 812 3033 883 Igitur
3062 828 3173 867 non
3197 821 3400 883 epacta:
3425 831 3479 868 vr
3513 814 3785 868 annicur—

2226 901 2419 967 reutis,
2452 901 2548 957 sed
2579 918 2650 957 vn
2688 902 2815 957 anni
2852 905 3134 973 sequentis
3165 905 3487 959 adhibenda:
3539 914 3692 971 sunt,
3728 915 3783 960 ut

2226 990 2361 1045 feria
2391 1009 2423 1046 v
2442 992 2687 1062 prodeat.
2722 992 2895 1063 Hujus
2926 995 3004 1049 rei
3035 1010 3200 1051 causa
3236 1012 3303 1051 ex
3328 996 3598 1067 dispositu
3633 1013 3786 1068 regu-

2225 1082 2419 1137 Iarium
2451 1084 2670 1154 petitur.
2701 1083 2835 1138 Nam
2863 1086 2907 1140 si
2945 1086 3014 1140 ab
3050 1086 3222 1157 Aprili
3255 1096 3432 1157 coepta
3479 1090 3787 1159 progressio

2225 1190 2336 1229 non
2365 1175 2806 1245 interpellaretur
2831 1177 2885 1231 in
2919 1174 3196 1245 Januario,
3225 1189 3482 1249 essetque
3522 1180 3787 1250 regularis

2226 1267 2412 1337 hujus,
2458 1276 2518 1321 ut
2556 1283 2654 1337 par
2713 1276 2851 1335 erat,
2881 1284 2943 1332 ιι,
2994 1276 3049 1324 ει
3100 1268 3379 1325 Februarii
3409 1288 3463 1332 v.
3487 1288 3556 1327 ex
3588 1275 3787 1343 epactis

2225 1361 2424 1417 veteris
2469 1362 2621 1424 anni,
2678 1368 2733 1415 et
2789 1362 3132 1432 regularibus
3182 1363 3461 1419 Februarii
3507 1381 3635 1419 cum
3698 1385 3788 1420 m-

2229 1452 2387 1521 σταίᾳ
2416 1458 2894 1521 repraesentaretur
2913 1451 3044 1506 feria
3057 1455 3266 1523 quinta.
3283 1454 3326 1508 Ν
3332 1471 3436 1509 ιιιιε
3459 1457 3513 1510 in
3527 1455 3789 1512 Januario

2227 1556 2425 1595 novum
2457 1543 2737 1597 exordium
2780 1543 3211 1614 imprudentibus
3250 1546 3525 1617 obrepsit,
3588 1556 3650 1602 ut
3708 1565 3791 1604 re-

2227 1632 2431 1702 gularis
2475 1641 2792 1703 competens
2845 1648 2953 1703 uno
2997 1634 3310 1691 deminutus
3363 1638 3515 1693 ﬁeret
3550 1654 3589 1695 ι.
3625 1638 3711 1694 Ob
3741 1641 3790 1693 id

2225 1734 2414 1797 epacta
2446 1727 2651 1782 unitate
2673 1726 2865 1798 major,
2895 1727 2950 1782 id
2979 1740 3061 1785 est
3102 1731 3232 1785 anni
3281 1732 3586 1802 sequentis,
3638 1740 3791 1789 antc-

2226 1817 2456 1872 vertitur

631 1892 854 1947 lsaacus
904 1893 1204 1951 monachus
1264 1897 1463 1962 prioris
1516 1898 1770 1971 Cumputi
1817 1902 1993 1975 capite
2038 1901 2126 1967 IV,
2158 1894 2203 1949 Β
2300 1909 2624 1980 Epactarum
2649 1924 2973 1979 annuarum,
3009 1914 3124 1970 sive
3147 1916 3594 1971 concurrentium
3641 1917 3793 1993 ique-

563 1981 865 2053 προσθετάς
894 1986 1158 2041 mensium
1184 1998 1344 2043 vocat
1375 1990 1885 2064 émxtngquarum
1911 1994 2130 2067 epilogi-

564 2089 740 2128 smum
775 2075 967 2147 incipit
994 2077 1063 2132 ab
1116 2079 1320 2148 Aprili;
1379 2097 1443 2136 ac
1500 2085 1770 2153 superiori
1803 2085 1880 2140 illi
1930 2087 2129 2142 rationi

563 2163 891 2236 sulfragator
911 2168 1139 2224 accedit.
1170 2168 1380 2226 Etenim
1409 2183 1631 2242 epactas
1650 2175 1951 2245 cujuslibet
1978 2192 2129 2233 men-

563 2256 641 2311 sis
672 2257 957 2312 constituit
989 2257 1177 2313 l‘eriam
1202 2260 1406 2316 ultimae
1434 2260 1540 2317 diei
1566 2264 1936 2322 antecedentis
1976 2269 2128 2340 cyclo

562 2346 758 2413 primo,
783 2362 906 2401 cum
945 2347 1121 2403 littera
1143 2359 1226 2406 est
1256 2348 1319 2405 G.
1356 2351 1706 2412 Ostendimus
1734 2372 1900 2428 supra
1929 2374 2050 2430 cap.
2080 2358 2126 2416 ν

561 2435 775 2506 cyclum
807 2437 941 2494 solis
970 2437 1141 2495 lsaaci
1168 2442 1499 2512 respondere
1533 2461 1646 2500 xvn
1671 2444 1937 2513 Romano,
1968 2450 2127 2520 cujus

563 2526 757 2581 litterae
783 2535 911 2582 sunt
936 2528 1049 2584 AG.
1086 2529 1270 2600 Itaque
1298 2532 1553 2592 Octobris
1571 2536 1826 2595 Kalendis
1852 2541 1907 2594 in
1937 2540 2127 2597 feriam

563 2620 858 2674 secundam
889 2620 1170 2690 incidunt;
1203 2634 1256 2680 et
1289 2625 1416 2696 quia
1454 2627 1574 2684 dies
1629 2629 1818 2684 ultima
1881 2628 2125 2702 Septem-

563 2712 678 2767 bris
703 2710 809 2766 t‘uit
847 2712 983 2768 feria
1016 2714 1212 2784 prima,
1240 2716 1371 2773 hinc
1410 2727 1616 2789 epactze
1641 2718 1894 2778 Octobris
1926 2732 2056 2779 sunt
2079 2741 2122 2792 ι,

558 2812 763 2871 epactte
824 2802 1144 2861 Novembris
1178 2822 1251 2872 tv,
1288 2818 1492 2878 epacta'.
1530 2809 1775 2867 Januarii
1806 2827 1869 2877 Il,
1904 2830 2003 2869 nec
2035 2816 2121 2869 in-

560 2895 920 2966 terrumpitur
943 2912 1008 2951 eo
1038 2914 1223 2954 mense
1249 2901 1445 2955 calculi
1490 2905 1835 2974 progressio;
1874 2914 1933 2961 ut
1979 2907 2121 2978 apud

561 2988 874 3047 Maximum.
906 2991 1043 3047 Vide
1072 3004 1234 3063 caput
1266 2991 1333 3046 IV
1358 2992 1529 3048 lsaaci
1563 2997 1840 3052 monachi.

629 3079 946 3151 Sequuntur
976 3086 1243 3137 anndrum
1268 3093 1491 3153 epactae,
1541 3100 1679 3154 quos
1731 3096 2121 3146 concurrentes

560 3169 792 3226 Romani
847 3180 1255 3243 computatores
1283 3181 1498 3229 vocant.
1529 3173 1626 3229 Est
1653 3181 1833 3230 autem
1864 3177 2118 3233 residuus

558 3261 816 3317 feriarum
845 3277 1106 3317 numerus
1132 3279 1196 3317 ex
1227 3278 1372 3318 anno
1424 3264 1784 3321 antecedenti.
1820 3264 1889 3321 Ut
1939 3267 1984 3323 si
2010 3282 2111 3323 an-

557 3371 661 3411 nus
713 3356 923 3426 primus
954 3372 983 3410 a
1016 3356 1147 3411 feria
1201 3358 1375 3428 prima
1401 3359 1660 3429 incipiat,
1717 3362 1943 3419 ultimus
1996 3364 2114 3422 dies

560 3448 672 3502 erit
698 3448 834 3502 feria
868 3450 1077 3518 prima;
1101 3450 1326 3520 proinde
1365 3461 1568 3522 epaeta:
1597 3453 1824 3508 secundi
1854 3455 1984 3510 anni
2010 3457 2115 3512 erit

559 3537 761 3602 unitas,
817 3545 871 3592 et
902 3537 975 3591 ita
1001 3537 1279 3609 deinceps.
1305 3538 1533 3611 Cyelum
1562 3541 1793 3597 solarem
1848 3541 2114 3600 Maximus

554 3628 768 3682 orditur
794 3629 865 3684 ab
905 3628 1154 3684 Romano
1212 3647 1290 3694 vi,
1346 3631 1506 3701 cujus
1558 3632 1735 3688 littera
1799 3632 1865 3692 ϐ.
1898 3632 2114 3689 Primus

556 3720 763 3775 mensis
798 3728 882 3776 est
929 3721 1149 3789 Aprilis.
1218 3721 1387 3793 Igitur
1435 3725 1591 3795 cyclo
1637 3727 1813 3796 primo
1856 3725 2114 3783 Kalendis

553 3811 830 3880 Aprilibus
875 3822 957 3867 est
980 3813 1114 3867 [cria
1163 3816 1358 3883 prima.
1414 3814 1627 3886 Epactze
1658 3825 1785 3871 sunt
1832 3833 1940 3885 vu;
1988 3832 2114 3872 nam

551 3910 756 3973 epactze
806 3911 934 3959 sunt
986 3904 1120 3959 feria
1172 3906 1350 3960 ultimi
1406 3906 1512 3961 diei
1566 3909 1924 3978 praecedentis
1962 3911 2110 3965 anni.

552 3996 696 4050 Anni
732 3997 960 4051 secundi
1000 4006 1203 4067 epactae
1252 4010 1380 4054 sunt
1413 4018 1449 4065 ι,
1483 4002 1628 4057 tertii
1683 4011 1811 4057 sunt
1848 4019 1909 4069 ιι,
1934 4005 2115 4075 quarti

550 4098 773 4153 suntrv,
800 4100 1021 4160 propter
1044 4091 1353 4146 biscxtilem
1404 4091 1569 4148 diem.
1603 4093 1740 4148 Cum
1798 4096 1943 4150 enim
1981 4110 2117 4149 con-

548 4182 889 4237 currentium
945 4184 1151 4253 epocha
1205 4200 1234 4239 a
1274 4184 1470 4240 Martio
1502 4187 1588 4241 vel
1641 4187 1814 4256 Aprili
1861 4188 2113 4251 sumitur,

549 4273 783 4342 simplex
807 4282 892 4329 est
910 4283 1126 4343 epacta,
1151 4275 1246 4330 sed
1274 4291 1305 4329 a
1334 4275 1597 4332 Januario
1613 4278 1935 4334 ineuntibus
1952 4278 2116 4334 annis

547 4366 746 4437 duplex
780 4369 1103 4433 assumitur,
1131 4377 1190 4423 ut
1218 4371 1274 4423 in
1300 4369 1547 4425 Romano
1602 4380 1862 4441 computo
1915 4371 2116 4443 duplex

547 4460 728 4514 littera
750 4459 890 4515 solet
915 4473 1093 4516 esse':
1125 4475 1358 4530 quarum
1382 4462 1534 4531 prior
1562 4477 1593 4515 a
1623 4461 1883 4518 Kalendis
1912 4461 2116 4517 Janua-

2236 2002 2464 2073 stigatio
2493 2002 2653 2057 aliter
2679 2017 2709 2055 a
2743 2001 2977 2059 Maximo
3015 2008 3337 2077 proponitur
3370 2009 3553 2079 capite
3599 2008 3791 2063 XXIX.

2229 2089 2440 2156 Quotus
2466 2100 2547 2149 est
2569 2099 2755 2167 cyclus
2776 2102 2926 2167 anni,
2962 2100 3054 2171 qui
3090 2098 3372 2167 quazritur,
3404 2099 3629 2154 totidem
3652 2100 3792 2161 dies.

2229 2197 2338 2236 uno
2355 2182 2594 2254 dempto,
2628 2190 2769 2243 sumi
2795 2191 3056 2260 prmeipit.
3081 2188 3203 2243 lnde
3223 2188 3501 2259 cyclorum
3519 2189 3795 2249 omnium,

2231 2273 2378 2329 nullo
2406 2287 2679 2348 exempto,
2728 2297 3014 2336 numerum
3055 2295 3150 2351 per
3179 2278 3213 2332 4
3242 2278 3431 2350 partiri
3463 2296 3479 2331 ε
3531 2280 3677 2349 quod
3726 2296 3795 2334 ex

2228 2362 2495 2421 divisione
2520 2371 2767 2438 provenit
2808 2368 2877 2425 ad
2914 2368 3252 2440 superiorem
3312 2381 3572 2424 summam
3628 2369 3797 2423 addi-

2227 2462 2364 2520 tum,
2404 2465 2624 2528 totoque
2642 2476 2737 2530 per
2767 2461 2798 2514 7
2828 2462 3048 2532 partito,
3102 2459 3368 2529 reliquum
3401 2463 3500 2513 erit
3557 2467 3786 2528 epacta,

2225 2546 2310 2601 vel
2326 2546 2373 2601 si
2403 2550 2639 2618 supersit
2670 2551 2826 2614 nihil,
2860 2550 3202 2620 septenarius
3234 2548 3370 2619 ipse.
3392 2546 3549 2604 Verbi
3577 2550 3785 2620 gratia,

2226 2649 2540 2708 quaerantur
2559 2648 2762 2711 epacta:
2786 2643 2913 2697 anni
2936 2659 3082 2696 xxvr.
3112 2639 3194 2697 Ob
3214 2642 3395 2712 cyclos
3426 2657 3532 2696 xxv
3555 2651 3789 2711 praeter-

2226 2729 2334 2786 itos
2389 2747 2546 2787 sumo
2593 2731 2711 2788 dies
2747 2733 2838 2798 25,
2875 2742 2989 2788 tum
3020 2734 3202 2788 divido
3228 2733 3298 2787 26
3348 2749 3443 2804 per
3493 2733 3549 2797 4,
3596 2749 3794 2804 prove-

2226 2822 2385 2876 niunt
2408 2823 2459 2879 6.
2490 2823 2835 2896 Culliguntur
2867 2826 2919 2880 5.
2950 2824 3078 2880 Ιιειιι
3114 2827 3253 2894 cycli
3281 2826 3415 2881 solis
3455 2825 3527 2879 28
3570 2832 3793 2895 epactas

2224 2911 2300 2966 ita
2322 2914 2599 2970 conﬁcies.
2638 2916 2796 2985 Cape,
2818 2915 2937 2972 dies
2986 2915 3057 2970 27
3089 2916 3157 2972 ob
3202 2923 3511 2972 transactos
3566 2917 3795 2970 totidem

2223 3006 2428 3077 cyclos,
2482 3007 2677 3062 deinde
2700 3007 2769 3062 28
2797 3008 2982 3079 cyclos
3017 3009 3185 3079 ipsos,
3222 3009 3371 3063 nullo
3399 3009 3651 3063 detracto
3670 3023 3796 3077 par-

2223 3096 2327 3151 tire
2347 3113 2442 3168 per
2471 3098 2527 3163 4,
2545 3105 2599 3153 ει
2617 3106 2844 3169 septem,
2868 3100 2962 3170 qui
2980 3101 3104 3156 inde
3125 3108 3435 3155 nascuntur
3451 3099 3593 3154 adde
3613 3100 3683 3154 ad
3702 3099 3792 3163 27,

2222 3205 2288 3243 ac
2310 3204 2579 3245 summam
2616 3189 2685 3245 54
2709 3191 2889 3247 divide
2913 3207 3008 3262 per
3039 3191 3088 3248 7.
3110 3192 3386 3248 Exsistent
3421 3200 3634 3262 epacta:
3665 3192 3795 3245 anni

2218 3280 2392 3336 ultimi
2441 3297 2514 3336 vi.
2574 3281 2746 3352 Hujus
2819 3283 3057 3338 methodi
3111 3285 3394 3354 perspicua
3464 3284 3609 3340 ratio
3689 3293 3791 3337 est.

2214 3368 2350 3426 Nam
2372 3375 2576 3443 epactis
2599 3374 2772 3428 ultimi
2808 3390 3075 3430 annorum
3125 3376 3242 3431 dies
3266 3397 3275 3405 ·
3295 3382 3644 3430 accrescunt.
3666 3373 3794 3428 Ideo

2216 3477 2342 3518 cum
2391 3466 2631 3520 nondum
2681 3468 2926 3538 expletus
2962 3476 3045 3523 est
3085 3468 3376 3524 vicesimus
3430 3477 3661 3522 octavus
3692 3482 3789 3520 an-

2217 3569 2344 3618 nus,
2394 3555 2604 3610 nullam
2654 3558 2709 3612 in
2757 3572 3047 3614 commune
3098 3558 3395 3631 symbolam
3426 3559 3656 3614 confert.
3693 3557 3793 3613 νε·

2217 3663 2336 3701 rum
2368 3649 2495 3717 quia
2527 3657 2652 3719 post
2678 3650 2948 3706 bisextum
2980 3651 3193 3721 incipit,
3218 3651 3339 3707 ideo
3373 3651 3646 3706 bisextilis
3670 3650 3795 3720 ipse

2217 3738 2336 3794 dies
2366 3740 2510 3794 cedit
2536 3742 2591 3794 in
2635 3756 2925 3795 summam.
2978 3740 3271 3812 Pr0pterea
3322 3743 3476 3796 nullo
3516 3741 3789 3800 detracto,

2218 3832 2277 3885 Iit
2307 3832 2582 3904 cyclorum
2625 3832 2866 3886 omnium
2914 3832 3130 3887 divisio.
3182 3831 3296 3887 lIac
3332 3832 3589 3887 tnethodo
3618 3833 3795 3886 utitur

2218 3923 2437 3979 lsaacus
2466 3928 2710 3995 Argyrus
2752 3925 2930 3996 capite
2982 3924 3072 3981 III.
3141 3925 3421 3981 Postremo
3488 3941 3593 3980 nec
3658 3926 3791 3979 illud

2219 4017 2498 4083 omittam;
2533 4017 2638 4071 etsi
2673 4017 2918 4074 Romano
2949 4034 3100 4073 more
3158 4019 3427 4072 bisextilis
3461 4018 3581 4073 dies
3635 4019 3792 4071 intin-

2218 4108 2380 4162 datur
2410 4108 2550 4163 inter
2592 4123 2721 4162 xxw
2776 4118 2830 4163 et
2881 4125 2987 4162 xxv
3030 4108 3348 4174 Februarii;
3402 4109 3645 4179 indeque
3673 4109 3785 4163 Ilo-

2218 4216 2380 4255 mano
2404 4202 2509 4254 ritu
2546 4217 2683 4255 nova
2710 4201 2890 4256 littera
2912 4200 3204 4268 succedat;
3230 4202 3590 4258 nihilominus
3635 4202 3786 4257 Isaa-

2218 4306 2341 4346 cum
2366 4292 2669 4347 bisextilem
2686 4291 2835 4353 diem
2859 4308 2985 4347 eum
3010 4302 3227 4363 putare,
3261 4294 3351 4361 qui
3376 4302 3460 4348 est
3489 4293 3785 4347 vicesimus

2218 4398 2417 4445 nonus,
2447 4391 2500 4437 et
2526 4384 2781 4450 ultimus;
2809 4384 2883 4438 uti
2911 4392 3109 4455 quarto
3131 4369 3309 4454 capite
3341 4385 3606 4448 declarat,
3635 4386 3782 4454 quod

2218 4483 2271 4527 et
2294 4473 2429 4527 alios
2466 4473 2790 4530 observasse
2841 4475 3209 4541 meminimus,
3240 4477 3349 4529 imo
3402 4476 3474 4528 ab
3503 4476 3785 4529 nonnullis

547 4551 650 4607 riis
670 4550 739 4605 ad
768 4550 1041 4607 bisextum
1071 4558 1391 4620 usurpatur;
1413 4552 1682 4621 posterior
1723 4553 1848 4608 inde
1894 4536 1977 4608 ad.
1997 4570 2115 4609 ver-

2221 4566 2272 4618 in
2309 4563 2560 4619 Martium
2591 4581 2713 4621 esse
2756 4566 3097 4620 translatum.
3132 4536 3207 4620 De
3257 4581 3367 4635 quo
3400 4565 3520 4621 vide
3548 4582 3668 4636 qua:
3717 4567 3785 4619 li-

547 4650 751 4695 tentem
800 4655 1024 4695 annum.
1066 4640 1279 4711 Epaetae
1327 4657 1423 4711 per
1454 4649 1625 4696 totum
1682 4643 1897 4713 cyclum
1950 4646 2110 4701 annis

546 4732 778 4804 singulis
822 4743 1186 4805 congruentes
1239 4734 1500 4790 describit
1548 4734 1817 4790 Maximus
1873 4736 1929 4789 in
1968 4744 2108 4800 rota,

544 4839 708 4895 quam
759 4827 940 4897 capite
996 4827 1175 4896 primo
1221 4827 1547 4896 posuimus:
1584 4842 1683 4882 nec
1729 4825 1963 4883 difﬁcilis
2027 4836 2112 4883 est

545 4919 853 4975 methodus.

612 5014 871 5079 Quamvis
937 5022 1116 5069 autem
1171 5013 1438 5069 Maximus
1498 5030 1724 5081 annum,
1789 5016 2109 5086 cyclumque

546 5105 778 5160 solarem
837 5105 906 5160 ab
958 5105 1129 5176 Aprili
1192 5105 1436 5175 incipiat,
1501 5116 1555 5161 et
1603 5105 1895 5162 Januarius
1958 5123 2110 5162 men-‘-

545 5200 621 5251 sis
648 5198 894 5253 decimus
912 5200 1006 5265 sit,
1042 5200 1096 5253 in
1132 5200 1344 5254 ratione
1392 5209 1571 5255 tamen
1623 5201 1729 5255 τῶν
1774 5204 2108 5273 ἡμεροευρε-

545 5286 661 5339 σίου
689 5288 743 5341 in
778 5289 881 5344 hoc
916 5306 1121 5354 mense,
1146 5302 1195 5347 et
1222 5291 1438 5347 duobus
1484 5292 1840 5361 sequentibus
1885 5301 2108 5363 epactas

546 5382 774 5435 assumit
799 5382 918 5451 ejus
952 5384 1078 5437 anni
1115 5422 1130 5451 ,
1166 5385 1258 5453 qui
1289 5399 1465 5439 novus
1497 5383 1567 5439 ab
1617 5384 1781 5454 Aprili
1821 5384 2103 5440 succedit:

542 5473 617 5523 uti
645 5475 823 5543 capite
853 5473 969 5528 XIX
999 5476 1283 5547 signiﬁcat.
1316 5476 1665 5547 Exemplum:
1698 5492 1872 5533 annus
1915 5477 2107 5532 Adami

542 5563 684 5617 6155
707 5565 830 5619 iniit
860 5581 890 5620 a
920 5567 1178 5624 Kalendis
1199 5570 1476 5640 Aprilibus
1508 5569 1637 5623 anni
1666 5568 1868 5623 Christi
1909 5584 2104 5633 nexu,

541 5654 696 5726 cyclo
728 5654 974 5713 Romano
1002 5675 1078 5723 vi,
1101 5660 1281 5713 littera
1315 5659 1378 5714 G.
1413 5660 1611 5732 Cyclus
1639 5676 1768 5731 ergo
1791 5660 2106 5715 Constanti-

540 5750 891 5819 nopolitanus
922 5753 972 5807 ei
1002 5751 1377 5823 respondens:
1419 5754 1611 5807 iisdem
1667 5753 1926 5809 Kalendis
1960 5752 2099 5806 iniit.

543 5841 723 5906 Quare
749 5841 1031 5908 Januario,
1060 5836 1375 5909 Februario,
1416 5858 1475 5897 ac
1501 5843 1691 5898 Martio
1712 5846 1887 5899 locum
1927 5844 2100 5898 adhuc

2212 4655 2312 4709 bro
2337 4653 2433 4718 IV,
2466 4671 2587 4726 cap.
2617 4654 2736 4719 XII,
2772 4655 2839 4709 ad
2884 4654 3073 4710 Caleni
3106 4655 3284 4710 locum
3321 4655 3524 4710 ibidem
3573 4654 3786 4709 descri-

2215 4754 2368 4815 ptum
2398 4746 2902 4802 animadvertimus.

2790 4859 3018 4915 CAPUT
3050 4858 3186 4913 VIII.

2218 4949 2536 5018 Explicatur
2557 4947 2825 5002 methodus
2847 4949 2983 5001 lunw
3016 4949 3069 5001 in
3108 4959 3348 5016 computo
3372 4947 3619 5007 Max-imi,
3672 4949 3783 5001 sire

2290 5018 2672 5074 Alexandrino.
2707 5018 2926 5087 Epactw
2976 5018 3135 5083 lunae,
3183 5018 3516 5089 ejusdemque
3570 5018 3782 5085 tegula-

2282 5108 2384 5154 res,
2414 5101 2463 5145 et
2493 5089 2766 5143 ambarum
2786 5090 3111 5158 propagatio.

2280 5205 2389 5261 Pro
2436 5205 2664 5261 diversis
2719 5202 3032 5258 Graecorum
3096 5203 3220 5258 aaris
3285 5218 3350 5258 ac
3406 5204 3677 5272 compotis
3707 5203 3779 5256 ab

2210 5296 2341 5351 orbe
2378 5296 2617 5359 condito,
2642 5296 2779 5348 varii
2813 5295 2997 5350 itidem
3029 5296 3168 5367 cycli
3198 5304 3327 5351 sunt
3359 5295 3493 5350 solis
3515 5311 3578 5348 ac
3600 5294 3774 5351 luna:

2208 5395 2634 5456 epactarumque
2712 5387 3138 5457 colligendorum
3215 5387 3367 5441 varia
3435 5385 3772 5440 methodus:

2208 5493 2373 5548 quam
2405 5479 2472 5533 ad
2520 5480 2757 5545 unicam,
2810 5481 3220 5551 siniplicemque
3280 5479 3530 5550 redigere
3557 5477 3773 5548 potuis-

2210 5580 2357 5635 sent;
2392 5569 2437 5624 si
2472 5570 2540 5623 ad
2598 5570 2866 5625 labentem
2921 5587 3126 5625 annum
3174 5570 3415 5640 computi
3451 5569 3535 5625 sui
3564 5568 3772 5638 aliquot

2210 5674 2381 5713 annos
2402 5658 2691 5723 adderent;
2740 5676 2840 5715 nec
2870 5678 2987 5716 eam
3043 5660 3487 5717 commoditatem
3518 5658 3767 5731 persequi

2208 5749 2447 5815 mallent,
2474 5761 2531 5804 ut
2569 5766 2691 5805 rene
2732 5768 2842 5807 sua:
2868 5768 3076 5808 summa
3104 5768 3200 5823 per
3250 5753 3530 5822 cyclorum
3581 5763 3767 5804 nume-

2210 5858 2331 5898 rum
2383 5842 2699 5912 distributa,
2761 5846 3010 5917 proprius
3074 5846 3337 5917 cujusque
3395 5844 3526 5900 anni
3586 5842 3768 5916 cyclus
