4036 6218
312 391 444 447 N29

1243 382 1698 441 DISSERTATIO
1737 381 1825 437 DE
1862 376 2271 436 GIUECOBUM
2304 372 2506 431 ERIS.

3389 368 3407 421 I
3419 366 3520 424 159

309 515 613 563 exsnsteret.
645 505 716 562 Ut
752 506 806 561 in
836 503 1081 561 Romano
1108 512 1364 574 computo
1391 520 1512 560 εει-ιε
1538 502 1859 569 Christi,ad
1890 508 1935 564 Α
2035 497 2191 566 Quod
2239 504 2420 551 autem
2466 494 2523 549 in
2563 491 2634 548 IX
2683 491 2757 546 De
2803 489 3044 544 doctrina
3090 497 3399 556 temporum,
3428 500 3519 539 ea-
3560 517 3564 520 ‹

309 599 580 671 cyclorum
604 605 1020 669 epactarumque
1046 596 1655 661 methodum,unitatem
1682 595 1866 665 adjici-

307 702 428 742 mus
454 709 474 756 ε
500 703 673 758 neque
704 687 851 742 solos
898 702 1020 742 atrae
1066 702 1239 743 annos
1275 687 1611 742 adhibemus.
1670 686 1729 739 In
1756 700 1864 755 quo

308 769 482 826 Latlni
533 788 722 830 omnes
767 775 1133 831 consentiunt.
1165 776 1222 830 In
1253 776 1413 833 annis
1461 790 1592 831 vero
1647 774 1860 839 mundi,

305 863 520 918 tametsi
551 879 804 935 magnum
852 865 995 920 inter
1034 867 1397 939 cbronologos
1433 866 1729 922 discrimen
1780 866 1864 920 in-

303 954 576 1021 tercedat;
632 971 697 1011 ac
753 957 912 1026 longe
940 957 1124 1028 plures
1153 959 1275 1015 aliis
1315 959 1406 1013 alii
1439 963 1756 1021 numerent;
1795 957 1864 1012 de

308 1045 478 1115 cyclis
534 1056 735 1113 tamen,
787 1050 1105 1121 epactisque
1154 1066 1343 1107 omnes
1402 1051 1546 1105 inter
1578 1066 1637 1106 se
1666 1065 1864 1105 conve-

302 1134 461 1189 niunt
486 1151 499 1188 :
522 1136 666 1206 quod
690 1137 782 1207 qui
814 1139 1051 1209 plurium
1104 1154 1368 1194 annorum
1397 1154 1664 1195 summam
1712 1138 1864 1194 insti-

302 1233 483 1293 tuunt,
501 1228 571 1282 ad
588 1224 801 1284 illoruin
828 1230 1138 1285 methodum
1156 1238 1551 1303 competentem
1574 1245 1860 1285 numerum

302 1318 588 1388 adjiciunt,
610 1320 688 1374 sic
718 1330 775 1374 ut
808 1336 1017 1375 summa
1040 1336 1135 1391 per
1160 1323 1343 1393 cyclos
1372 1323 1612 1393 integros
1662 1322 1858 1389 divisa,

300 1409 462 1464 iidem
514 1409 810 1463 labentium
847 1411 976 1465 anni
1005 1412 1283 1483 cyclorum
1303 1413 1445 1483 apud
1467 1429 1657 1471 omnes
1684 1415 1866 1470 orian-

300 1508 406 1555 tur.
440 1498 682 1570 Exempli
714 1515 907 1566 causa;
948 1518 1048 1559 nos
1083 1505 1151 1559 ab
1167 1504 1299 1560 orbe
1324 1505 1541 1561 condito
1568 1508 1636 1562 ad
1658 1523 1859 1563 annum

301 1591 531 1661 primum
555 1606 675 1646 mra:
704 1593 1009 1649 communis
1032 1603 1288 1665 putamus
1319 1611 1494 1654 annos
1510 1598 1670 1663 5984,
1706 1600 1778 1654 ita
1802 1606 1861 1652 ut

302 1683 525 1741 ultimus
574 1684 645 1739 sit
693 1685 799 1751 ille,
853 1702 1013 1757 quem
1067 1689 1302 1757 primum
1352 1689 1559 1747 Christi
1605 1691 1855 1747 facimus.

299 1774 457 1830 A‘lius
481 1789 654 1831 annos
678 1786 930 1832 numerat
965 1778 1127 1844 5950,
1156 1790 1217 1834 ιιι
1242 1780 1505 1852 Scaliger.
1543 1781 1601 1837 Si
1633 1798 1733 1838 nos
1762 1798 1858 1853 op-

1968 590 2081 661 pite
2108 587 2175 655 V,
2201 585 2536 643 credidimus
2598 582 2888 638 Maximum
2927 581 3171 635 lunarem
3225 579 3519 648 προήγεσιν

1963 680 2215 737 olfecisse
2244 678 2351 734 diei
2378 677 2539 732 unius
2562 690 2593 729 a
2617 674 2824 730 Nicatni
2849 672 3069 729 concilii
3092 680 3354 742 tempore,
3376 668 3520 739 quod

1963 786 2226 827 canonem
2255 768 2431 823 aetatis
2460 768 2621 834 lunae,
2649 772 2809 835 atque
2823 769 3134 835 epactarum
3149 758 3522 814 constituisset

1964 863 2020 916 in
2053 877 2161 915 xxx
2194 858 2397 924 Martii,
2443 872 2554 912 non
2616 856 2670 910 in
2717 870 2880 921 xxxi;
2911 853 2988 907 uti
3019 866 3232 923 aequum
3280 856 3418 915 erat,
3451 848 3518 913 _si

1962 955 2180 1025 quidem
2211 951 2417 1023 epocha
2449 950 2577 1005 anni
2610 951 2664 1005 in
2693 947 2948 1004 Kalendis
2980 945 3183 1016 Aprilis
3212 944 3282 1000 ab
3321 959 3387 999 eo
3432 943 3520 998 de-

1963 1045 2166 1116 ﬁgitur,
2192 1046 2331 1100 scito
2356 1054 2599 1098 errorem
2631 1056 2773 1105 esse,
2807 1055 2969 1111 quem
3020 1038 3314 1108 depravata
3346 1033 3519 1090 Scali-

1962 1136 2076 1208 geri
2126 1136 2289 1191 lectio
2336 1135 2498 1191 nobis
2548 1133 2776 1205 peperit,
2812 1130 2904 1201 qui
2935 1131 2989 1185 in
3035 1126 3251 1196 Eclogis
3298 1124 3518 1179 Maximi

1963 1229 2108 1300 (pag.
2139 1228 2284 1298 759),
2309 1242 2446 1298 quas
2471 1225 2537 1281 ad
2572 1238 2726 1279 suam
2758 1229 2994 1277 mentem
3026 1218 3391 1292 interpolavit,
3420 1230 3520 1271 nec

1962 1321 2154 1376 iisdem
2190 1321 2335 1376 illius
2361 1319 2541 1375 verbis
2567 1316 2872 1388 exprimere
2909 1314 3143 1378 curavit,
3194 1312 3517 1382 scripserat;

1972 1413 2035 1465 Ἦ
2068 1412 2299 1465 ποσταία
2325 1411 2424 1482 τῆς
2456 1408 2683 1480 σελήνης
2702 1408 2758 1460 ὲν
2782 1408 2848 1478 τῇ
2883 1403 3133 1477 τριακάδι
3152 1402 3244 1457 τοῦ
3276 1402 3519 1472 Μαρτίου

1962 1504 2150 1575 μηνός,
2177 1513 2279 1559 etc.
2312 1503 2376 1556 Ἠ
2406 1501 2465 1555 δὲ
2494 1499 2725 1554 ποσταία
2752 1498 2849 1569 τῆς
2892 1496 3181 1567 ἑϐδομάδος
3233 1494 3372 1549 κατὰ
3423 1494 3518 1564 τὴν

1958 1593 2228 1665 τριακάδα
2257 1592 2478 1665 πρώτην
2533 1590 2624 1645 τοῦ
2654 1588 2817 1643 αὐτοῦ
2874 1588 3061 1660 μηνὸς,
3093 1586 3192 1650 τὰς
3217 1585 3314 1639 τοῦ
3346 1584 3516 1655 ἡλίου.

1961 1683 2065 1740 Sed
2098 1698 2403 1754 perperam.
2430 1680 2570 1735 Nam
2603 1679 2955 1736 scribendum
3014 1675 3260 1749 τριακάδι
3305 1673 3515 1747 πρώτῃ.

1963 1773 2188 1846 Sumpta
2214 1784 2298 1831 est
2336 1774 2451 1829 haec
2478 1773 2663 1844 ecloga
2685 1787 2749 1827 ex
2778 1769 2956 1841 capite
2980 1768 3146 1823 XXXI
3178 1769 3366 1839 prima:
3393 1780 3519 1836 par-

298 1866 609 1935 portunitas
640 1867 742 1921 ista
764 1869 1074 1939 delectaret,
1108 1879 1168 1926 ut
1214 1887 1277 1928 et
1303 1889 1537 1942 summa,
1580 1890 1743 1945 quam
1790 1875 1857 1930 ab
1890 1866 1931 1925 Β
1959 1872 2030 1925 tis
2051 1868 2302 1939 Computi
2329 1887 2342 1922 :
2374 1869 2427 1922 in
2447 1881 2557 1938 quo
2577 1866 2677 1930 ita,
2710 1872 2769 1917 ut
2790 1862 2923 1930 dixi,
2947 1862 3163 1933 legitur.

299 1958 507 2014 Adamo
535 1960 844 2027 delinimus,
866 1966 1089 2033 praecise
1111 1965 1425 2033 distributa,
1444 1967 1579 2038 cycli
1613 1967 1859 2025 labentes

296 2046 636 2106 edicerentur
674 2072 688 2108 :
721 2055 879 2111 annis
929 2055 1068 2111 5984
1095 2072 1191 2127 ρει·
1220 2058 1290 2112 28
1334 2055 1570 2130 partitis,
1613 2061 1858 2131 reliquus

295 2150 445 2196 esset
474 2144 661 2214 cyclus
680 2146 813 2202 solis
844 2162 973 2215 vm;
999 2164 1098 2218 per
1132 2149 1199 2204 I9
1244 2166 1375 2206 vero
1405 2150 1630 2218 divisis;
1672 2153 1858 2223 cyclus

298 2234 441 2289 lunae
464 2252 586 2301 xm,
619 2240 700 2295 sic
723 2255 790 2294 ex
814 2239 1079 2296 divisione
1112 2256 1379 2298 annorum
1400 2244 1560 2309 5950,
1600 2245 1733 2300 solis
1767 2261 1858 2302 es-

295 2334 380 2382 set
410 2330 597 2400 cyclus
631 2347 690 2395 ιι,
729 2332 870 2389 lunae
900 2350 1032 2391 xvu.
1057 2335 1126 2391 At
1152 2344 1271 2391 erat
1302 2336 1583 2393 Romanus
1615 2338 1747 2396 solis
1774 2355 1860 2411 cy-

296 2420 415 2475 clus
437 2437 491 2484 x,
526 2422 735 2480 lunaris
767 2440 827 2489 ιι,
853 2441 995 2481 anno
1017 2427 1198 2498 primo
1241 2443 1364 2483 term
1400 2428 1747 2496 Christianae,
1798 2431 1853 2485 in

294 2526 455 2580 quem
482 2513 696 2583 utrique
723 2518 1121 2586 conspiramus.
1174 2517 1344 2589 Igitur
1368 2520 1435 2575 ad
1464 2521 1732 2578 eruendos
1763 2538 1858 2593 cy-

291 2603 431 2666 clos,
469 2601 709 2675 Scaliger
734 2606 769 2661 8
798 2606 949 2662 addit
972 2608 1040 2663 ad
1070 2624 1376 2678 summam;
1407 2619 1467 2665 ut
1496 2612 1638 2666 5958
1667 2628 1766 2684 per
1785 2614 1854 2669 28

293 2694 509 2762 partitis
539 2697 725 2767 cyclus
758 2699 890 2754 solis
910 2699 1300 2766 inveniaturx;
1343 2702 1412 2757 ad
1429 2702 1676 2758 lunarem
1702 2720 1853 2770 vero,

292 2784 563 2855 Iadjicit;
607 2795 667 2841 ut
707 2789 846 2844 5951
878 2805 973 2861 per
1017 2791 1082 2846 I9
1113 2791 1355 2858 tributis,
1407 2796 1638 2852 exsistat
1659 2799 1851 2870 cyclns

294 2877 438 2932 lunae
461 2894 519 2933 ιι.
544 2879 653 2937 Nos
679 2882 744 2937 ad
770 2884 1080 2939 methodum
1102 2886 1243 2957 cycli
1268 2887 1465 2944 solaris
1493 2888 1783 2958 adjicimus
1796 2892 1852 2959 2,

295 2968 363 3022 ad
399 2969 540 3024 lunae
559 2972 793 3042 cyclum.
830 2974 883 3029 8.
912 2973 990 3030 Ita
1039 2976 1231 3033 divisis
1262 2979 1422 3034 annis
1447 2980 1587 3036 5986
1634 2998 1729 3052 per
1759 2982 1850 3048 28,

295 3060 573 3116 residuum
620 3064 725 3119 erit
772 3067 858 3129 I0,
898 3083 994 3138 per
1024 3068 1091 3123 I9
1121 3079 1300 3125 autem
1327 3071 1522 3127 divisis
1552 3073 1714 3139 5992,
1764 3091 1852 3131 re-

294 3161 440 3206 stant
465 3153 520 3209 2.
548 3152 638 3211 Sic
671 3155 1072 3214 incommodam
1114 3160 1262 3214 illam
1309 3164 1585 3233 cyclorum
1619 3165 1851 3222 varieta-

292 3249 402 3297 tem
430 3242 752 3302 Latinorum
784 3252 1025 3321 computi
1056 3252 1124 3307 ab
1140 3253 1273 3309 orbe
1306 3255 1550 3319 condito,
1606 3271 1670 3312 ac
1695 3258 1856 3315 chro—

291 3335 524 3407 nologiae
557 3339 840 3395 devitant:
873 3358 1034 3413 quam
1088 3342 1318 3401 Graeculi
1364 3348 1529 3406 nimis
1571 3351 1856 3410 ambitiose

291 3427 592 3481 consectati
625 3436 773 3485 sunt.

358 3514 495 3571 Cum
532 3516 641 3575 duo
668 3521 777 3576 sint
811 3519 1122 3580 Graecorum
1164 3536 1546 3598 computorum
1598 3530 1850 3599 divortia,

290 3614 511 3679 utsazpe
559 3611 719 3668 nobis
775 3629 1002 3671 necesse
1033 3627 1116 3672 est
1142 3626 1423 3688 repetere;
1458 3628 1512 3677 et
1564 3623 1853 3694 utriusque

289 3699 563 3771 principes
590 3701 695 3757 hoc
734 3704 789 3758 in
816 3719 982 3775 opere
1008 3722 1038 3761 a
1068 3708 1228 3764 nobis
1255 3710 1385 3765 editi
1413 3712 1543 3777 duo,
1579 3712 1851 3773 Maximus

287 3796 342 3845 et
373 3788 622 3855 Isaacus;
674 3808 741 3848 ex
790 3805 1023 3865 utroque
1082 3799 1456 3870 depromptam
1514 3805 1850 3875 singulorum

288 3881 552 3938 rationem
580 3885 768 3953 paucis
797 3889 1227 3958 eXplicabimus;
1265 3909 1327 3946 ac
1355 3896 1585 3964 primum
1609 3896 1847 3955 Maximi.

286 3972 342 4028 Is
369 3974 792 4032 Alexandrinam
850 3994 1012 4033 teram
1062 3984 1335 4052 sequitur;
1388 3986 1442 4040 in
1501 4003 1606 4057 qua
1644 3990 1849 4058 primus

286 4080 464 4120 annus
479 4082 599 4122 aera;
615 4069 937 4126 Christianae
956 4082 1275 4128 numeratur
1299 4074 1438 4131 5195
1463 4091 1475 4126 :
1501 4091 1606 4146 qua
1636 4094 1849 4134 summa

287 4168 387 4223 per
411 4154 482 4209 28
506 4156 682 4211 divisa
711 4160 898 4230 cyclns
939 4159 1170 4216 elﬁcitur
1209 4162 1341 4218 solis
1374 4180 1404 4218 v
1428 4204 1443 4228 ,
1474 4180 1570 4234 per
1618 4166 1683 4222 I9
1717 4183 1847 4222 vero

286 4245 482 4314 partita
533 4248 674 4304 lunae
723 4252 912 4321 cyclus
956 4251 1014 4306 2.
1069 4252 1197 4308 Erat
1235 4262 1414 4310 autem
1447 4255 1722 4313 Romanus
1755 4276 1847 4331 cy-

283 4338 403 4394 clus
428 4339 559 4395 solis
590 4356 642 4404 x,
674 4342 814 4397 lunae
846 4359 904 4399 ιι.
938 4343 1108 4415 Igitur
1137 4347 1324 4417 cyclus
1352 4348 1486 4404 solis
1512 4349 1566 4403 in
1604 4350 1707 4405 hac
1736 4366 1844 4405 mra

284 4431 513 4499 primus,
545 4443 628 4489 est
657 4433 888 4490 Romani
915 4437 1051 4508 cycli
1077 4454 1153 4501 VI,
1206 4438 1416 4496 lunaris
1445 4456 1579 4496 vero
1636 4442 1845 4498 utrobi-

282 4537 388 4592 que
421 4540 563 4580 unus
592 4532 696 4588 est,
730 4534 783 4582 ct
815 4526 978 4585 idem.
1022 4528 1245 4602 Epocba
1274 4534 1424 4596 anni,
1461 4534 1709 4605 cyclique
1755 4536 1841 4589 lu-
1876 4543 1919 4599 ι)

282 4615 432 4671 naris
488 4618 633 4684 (nam
667 4617 733 4673 de
767 4620 929 4673 solari
960 4621 1071 4690 jam
1103 4621 1361 4695 diximus)
1390 4640 1419 4677 a
1447 4624 1680 4680 Maximo
1726 4635 1840 4681 sta—

283 4704 459 4758 tuitur
489 4704 542 4758 in
572 4705 827 4763 Kalendis
851 4710 1073 4779 Aprilis.
1097 4710 1275 4781 Caput
1297 4713 1841 4770 cnnradecaeteridos

281 4807 367 4852 est
389 4811 587 4854 aureus
613 4814 873 4854 numerus
899 4817 935 4854 ι.
956 4800 1246 4858 Neomenia
1266 4805 1462 4873 prima,
1485 4804 1661 4860 Martii
1679 4822 1839 4863 xxm.

283 4886 469 4957 Itaque
491 4904 632 4943 anno
660 4891 835 4958 primo
856 4893 991 4963 cycli
1050 4894 1279 4959 lunaris,
1325 4896 1584 4953 Kalendis
1639 4897 1840 4969 Aprilis

283 4975 411 5031 luna
432 4969 535 5031 fuit
559 4979 789 5036 decima.
832 4981 971 5038 Hinc
1003 4992 1085 5039 est
1115 4984 1257 5055 quod
1300 4984 1567 5041 Maximus
1622 4998 1840 5057 epactas

282 5069 410 5123 anni
436 5071 596 5140 primi
615 5070 822 5129 lunaris
841 5091 892 5128 Ix
910 5074 1076 5132 fuisse
1106 5076 1299 5132 scribit
1321 5093 1439 5148 cap.
1474 5078 1684 5143 XXVII,
1713 5096 1843 5149 quo-

284 5161 427 5214 niam
463 5169 592 5218 aatas
632 5164 773 5218 lunae
823 5171 974 5219 tanta
1030 5167 1130 5222 fuit
1179 5166 1355 5224 Martii
1388 5186 1554 5233 xxxi,
1595 5172 1688 5241 qui
1722 5172 1840 5228 dies

281 5266 456 5308 canon
484 5260 570 5308 est
601 5262 912 5325 epactarum
942 5259 1078 5315 solis
1106 5274 1170 5314 ac
1204 5261 1365 5323 lunae,
1388 5272 1442 5316 ut
1476 5262 1614 5317 idem
1651 5265 1724 5317 ait
1756 5280 1843 5319 ca-

279 5344 390 5412 pite
439 5343 627 5401 XXXI.
664 5347 818 5414 Quod
875 5365 984 5405 non
1027 5352 1465 5408 animadvertens
1517 5353 1755 5424 Scaliger
1786 5358 1841 5409 in

278 5434 435 5494 Notis
460 5438 528 5493 ad
568 5440 797 5512 Ecl0gas
823 5444 899 5514 (p.
931 5444 1032 5499 755
1075 5445 1209 5500 edit.
1257 5446 1381 5512 ult.)
1413 5446 1653 5511 Maximi,
1685 5456 1843 5517 puta-

279 5529 358 5583 vit
394 5530 642 5588 imminui
678 5535 889 5592 duabus
936 5537 1235 5595 unitatibus
1272 5555 1538 5594 summam
1579 5560 1592 5596 :
1624 5543 1768 5611 quod
1812 5560 1841 5598 a

173 5676 177 5680 ,
278 5624 615 5691 temporibus
644 5627 846 5683 Christi
887 5629 1013 5682 luna
1046 5626 1269 5684 biduum
1299 5630 1678 5700 anticipasset,
1731 5651 1840 5704 quo

280 5711 417 5765 nihil
446 5712 746 5780 joeularius
775 5718 1075 5787 excogitari
1132 5719 1332 5789 potuit.
1371 5720 1475 5775 Sed
1509 5720 1575 5776 de
1610 5722 1712 5777 hoc
1754 5739 1840 5778 er-

280 5816 403 5860 rore
439 5802 544 5870 iam
575 5807 729 5865 alias.

2033 1960 2133 2015 Hic
2172 1960 2327 2016 bidui
2370 1957 2615 2015 defectus
2647 1973 2744 2028 per
2772 1964 2947 2010 totum
2981 1955 3192 2027 cyclum
3225 1956 3368 2008 lunae
3397 1966 3517 2008 ser-

1958 2052 2036 2121 pit
2059 2068 2073 2118 ;
2100 2058 2154 2105 et
2183 2057 2386 2120 epactae
2411 2054 2672 2119 perpetuo
2699 2045 2913 2102 duobus
2943 2047 3182 2101 minores
3208 2052 3517 2113 suntquam

1956 2142 2235 2197 Romanae.
2280 2140 2523 2212 Exempli
2565 2155 2753 2205 causa,
2799 2139 2953 2211 cyclo
2999 2154 3088 2193 xtv
3129 2145 3331 2207 epactas
3368 2150 3518 2188 com-

1956 2250 2150 2291 munes
2187 2240 2315 2288 sunt
2359 2230 2723 2299 tv,‘Maximo
2762 2247 2821 2297 ιι,
2865 2239 2927 2285 ιιι
2963 2230 3039 2284 ait
3077 2229 3253 2299 capite
3300 2225 3513 2281 XXVII.

1954 2324 2131 2394 Atque
2178 2323 2294 2377 haec
2333 2329 2649 2392 epactarum
2686 2320 2998 2394 progressio
3034 2318 3301 2373 naturalis
3333 2325 3436 2381 est,
3464 2325 3518 2371 et

1954 2422 2269 2485 epactarum
2327 2428 2640 2483 germanam
2682 2412 3054 2469 conditionem
3096 2409 3290 2465 retinet
3340 2427 3353 2463 :
3399 2424 3518 2478 quae

1953 2513 2038 2559 est
2080 2503 2370 2573 ejusmodi,
2414 2510 2475 2556 ut
2516 2503 2740 2558 totidem
2799 2503 3027 2574 quilibet
3081 2516 3257 2555 annus
3297 2508 3518 2571 epactas

1955 2598 2172 2661 habeat,
2196 2605 2329 2668 quot
2355 2603 2485 2651 sunt
2507 2595 2714 2652 residui
2745 2595 2864 2650 dies
2896 2609 2927 2647 a
2955 2594 3242 2649 neomenia
3275 2593 3517 2663 proxime

1954 2688 2305 2745 antecedente
2338 2687 2405 2742 ad
2436 2690 2564 2741 anni
2598 2692 2783 2756 caput.
2811 2685 2976 2757 Cyclo
3014 2685 3153 2739 lunae
3178 2699 3288 2749 xlv,
3315 2683 3514 2739 Kalen-

1953 2779 2039 2835 dis
2079 2779 2282 2850 Aprilis
2324 2780 2451 2834 luna
2501 2776 2718 2833 Nicaena
2765 2777 2870 2832 fuit
2903 2776 3087 2833 tertia.
3134 2775 3275 2847 Ergo
3313 2783 3513 2844 epacta-

1952 2873 2149 2928 merito
2187 2880 2316 2928 sunt
2358 2871 2414 2925 2.
2453 2869 2511 2926 In
2539 2871 2787 2926 Romano
2831 2877 3086 2939 computo
3132 2866 3372 2938 vulgaris
3402 2883 3512 2921 me-

1954 2964 2153 3021 thodus
2185 2965 2220 3019 4
2250 2972 2521 3020 numerat.
2553 2963 2629 3019 De
2657 2978 2765 3035 qua
2798 2962 2920 3017 vide
2950 2961 3046 3017 lib.
3076 2958 3144 3014 VI
3177 2958 3253 3014 De
3273 2958 3511 3012 doctrina

1955 3063 2260 3126 temporum,
2277 3072 2398 3127 cap.
2419 3054 2608 3112 XXIII.

2023 3152 2350 3222 Epactarum
2419 3149 2867 3207 inveniendarum
2947 3148 3234 3205 methodus
3298 3149 3415 3203 haec
3483 3163 3509 3201 ε

1956 3241 2212 3310 Maximo,
2240 3244 2416 3315 capite
2434 3241 2646 3310 XXVII,
2684 3241 2921 3297 traditur
2947 3260 2963 3308 ;
3007 3242 3220 3313 cyclum
3251 3240 3393 3296 lunae
3420 3257 3507 3311 per

1956 3336 2208 3391 mdecim
2231 3336 2412 3392 ducito
2446 3355 2459 3392 :
2497 3350 2765 3392 summam
2793 3334 3006 3390 binario
3037 3334 3301 3389 minutam
3334 3333 3508 3389 divide

1954 3442 2051 3497 per
2079 3427 2168 3488 50,
2204 3427 2372 3483 habes
2402 3434 2623 3498 epactas
2654 3425 2805 3491 anni,
2842 3425 2999 3496 cujus
3028 3425 3214 3497 eyclus
3253 3424 3506 3494 multipli-

1954 3527 2110 3573 catus
2129 3524 2234 3573 est.
2257 3516 2423 3589 Cyclo
2453 3518 2592 3573 lunae
2620 3533 2730 3582 xiv,
2761 3515 2809 3573 si
2840 3516 2908 3569 14
2937 3531 3034 3586 per
3072 3515 3132 3570 II
3161 3514 3506 3585 multiplices,

1953 3610 2082 3665 ﬁent
2111 3610 2231 3665 154.
2261 3608 2518 3665 Deductis
2541 3608 2597 3675 2,
2629 3622 2693 3663 ac
2717 3608 2937 3664 residuo
2961 3606 3063 3660 I52
3094 3622 3188 3678 per
3213 3606 3283 3661 50
3309 3606 3506 3667 diviso.

1953 3709 2248 3772 supersunt
2286 3701 2341 3767 2,
2380 3710 2582 3772 cpactae
2613 3700 2751 3773 cycli
2792 3715 2905 3755 xiv.
2943 3697 3015 3754 Ut
3052 3714 3142 3754 res
3189 3704 3305 3754 tota
3339 3698 3501 3766 subji-

1952 3793 2127 3847 ciatur
2174 3793 2367 3859 oculis,
2406 3792 2661 3848 tabellam
2711 3791 3069 3860 ascribemus,
3101 3792 3155 3846 in
3188 3806 3296 3864 qua
3327 3792 3523 3863 cyclus.

1952 3882 2161 3938 lunaris
2222 3882 2507 3953 adjunctas
2570 3882 2732 3937 habet
2793 3891 3014 3955 epactas
3068 3891 3177 3937 tam
3238 3882 3508 3941 Romanas

1949 3980 2002 4025 et
2021 3987 2359 4038 communes,
2384 3989 2545 4043 quam
2564 3972 2898 4040 decurtatas,
2923 3984 2976 4043 et
2998 3972 3213 4031 Maximi
3238 3974 3500 4044 proprias.

2352 4059 2689 4116 Laterculum
2724 4062 2857 4133 cycli
2885 4062 3109 4116 lunaris.

2237 4172 2377 4227 Anni
2552 4172 2766 4243 Epaetae
2803 4170 2911 4227 Ro-
2939 4169 3346 4255 EpactzeMaxi-

2634 4258 2805 4297 mante
3104 4257 3178 4296 ιιιι

2087 4348 2102 4385 ι
2675 4334 2737 4386 11
3134 4333 3168 4387 9

2087 4417 2125 4455 II
2672 4402 2745 4459 22
3095 4402 3167 4458 21)

2086 4487 2147 4525 ιιι
2714 4472 2755 4528 5
3134 4474 3160 4526 1

2065 4555 2141 4618 ἰν
2680 4566 2750 4621 14
3010 4586 3014 4591 ί
3103 4564 3171 4617 12

2084 4651 2117 4687 ν
2672 4636 2743 4691 25
3094 4635 3165 4688 25

2083 4720 2137 4759 vt
2715 4706 2749 4759 6
3135 4704 3169 4757 4

2080 4810 2156 4849 vu
2675 4795 2760 4848 17
3098 4795 3166 4847 15

2082 4879 2181 4918 νιιι
2674 4865 2747 4921 28
3089 4863 3160 4918 26

2080 4950 2134 4988 Ix
2711 4936 2763 4988 9.
3135 4935 3164 4987 Ἰ

2078 5040 2109 5076 x
2670 5025 2743 5081 20
3094 5029 3162 5081 I8

2079 5108 2133 5147 xl
2710 5095 2751 5152 I.
3096 5098 3166 5153 29

2080 5180 2157 5220 xu
2676 5166 2747 5219 I2
3100 5170 3167 5222 I0

2081 5273 2184 5314 xm.
2676 5257 2748 5313 25
3097 5260 3163 5319 21

2082 5344 2171 5381 xuv
2712 5328 2748 5383 4
3130 5331 3166 5384 2

2082 5414 2151 5451 xv
2675 5399 2742 5453 15
3095 5402 3162 5455 15

2083 5505 2169 5542 xv:
2677 5490 2748 5543 26
3093 5494 3164 5547 24

2086 5575 2205 5615 Σνιι
2710 5561 2741 5614 7
3128 5564 3171 5619 5.

2086 5646 2225 5685 xvnt
2684 5630 2748 5684 I8
3096 5634 3161 5688 I6

2086 5716 2174 5753 χιι
2716 5702 2750 5756 0
3092 5703 3173 5758 28-

2015 5814 2094 5872 Ex
2142 5815 2226 5871 his
2276 5826 2418 5874 aetas.
2460 5819 2602 5876 luna:
2649 5834 2837 5875 mense
2880 5818 3144 5890 quolibet,
3179 5834 3242 5876 ac
3290 5819 3376 5874 dic
3416 5816 3492 5874 de
