4036 6218
559 381 684 437 1431

1539 368 1628 423 AD
1670 367 1932 427 EUSEBII
1974 361 2365 425 CHRONICON
2399 357 2758 417 APPENDIX.

3634 349 3758 404 1452

563 491 935 563 prehenditur.
963 488 1235 544 Maximus
1262 488 1439 558 capite
1463 485 1698 550 XXVI",
1726 488 1797 542 ita
1835 487 1903 541 de
1929 486 2029 541 hac
2069 502 2127 540 re
2155 490 2200 544 Α
2232 490 2339 536 tur.
2392 480 2496 536 Sed
2550 480 2805 550 quoniam
2851 489 3114 529 numerus
3159 484 3428 527 annorum
3469 469 3622 563 hujus
3649 485 3758 522 ara:

558 584 820 654 praecipit.
868 580 1106 636 Inventis
1147 580 1354 651 epactis
1388 580 1526 634 adde
1571 579 1689 634 dies
1734 594 1925 633 omnes
1956 593 1987 630 a
2014 576 2117 631 Ka-

558 677 701 731 lend.
726 674 928 744 Ap‘rilis
960 672 1026 728 ad
1061 689 1208 736 cum,
1254 672 1410 740 cujus
1446 682 1578 727 aetas
1618 671 1938 742 inquiritur,
1968 687 2117 726 sum-

555 783 695 821 mam
744 766 947 837 partire
975 781 1072 836 per
1098 765 1168 819 29
1195 765 1316 836 1ί2,
1343 765 1620 819 residuum
1651 764 1755 817 erit
1789 771 1921 818 :etas
1954 748 2113 818 quat.

556 858 679 914 Ilwc
707 858 995 914 methodus
1037 873 1252 912 morosa
1294 865 1398 921 est,
1434 873 1534 911 nec
1568 857 1718 912 utilis
1767 859 1943 925 vulgo,
1991 872 2113 923 pro»

554 961 675 1018 pter
725 949 1012 1018 adjunctos
1065 948 1318 1003 horarios
1372 948 1743 1019 epilogismos.
1800 945 2116 1016 Expeditior

554 1058 640 1097 res
667 1041 790 1104 erit,
836 1041 883 1095 si
914 1041 1192 1110 regulares
1235 1039 1496 1095 adhibeas
1532 1059 1546 1093 :
1580 1054 1808 1108 quorum
1851 1052 2114 1107 propaga-

553 1135 756 1187 tionem
806 1131 1028 1187 Isaacus
1075 1132 1299 1201 exponit
1342 1132 1520 1201 capite
1549 1129 1637 1183 lx.
1669 1130 1904 1184 Possunt
1934 1135 2112 1182 autem

552 1224 756 1293 duplici
806 1224 968 1278 modo
1011 1224 1302 1294 propagari
1353 1243 1366 1278 :
1419 1223 1569 1293 prior
1604 1229 1707 1284 est.
1748 1229 1808 1278 ut
1847 1220 2113 1290 regularis

552 1316 821 1385 cujusque
854 1315 1059 1371 mensis
1097 1330 1359 1370 numerus
1392 1313 1487 1377 sit,
1519 1313 1611 1384 qui
1641 1314 1793 1384 cyclo
1838 1315 2013 1382 primo
2044 1311 2112 1365 ad

551 1417 796 1477 epactam
825 1423 1060 1462 annuam
1092 1406 1362 1476 adjectus,
1393 1412 1605 1460 aetatem
1626 1405 1770 1459 luna:
1796 1405 2031 1473 complet
2056 1402 2112 1456 in

551 1500 810 1577 Kalendis
837 1500 1031 1570 ipsius.
1064 1500 1223 1553 Anno
1259 1498 1436 1569 primo
1469 1497 1629 1569 cycli,
1658 1505 1862 1567 epactm
1894 1498 2111 1551 lunares

551 1601 679 1646 sunt
709 1609 784 1655 ις,
819 1592 974 1648 deest
998 1593 1178 1655 unitas
1208 1591 1277 1645 ad
1312 1598 1525 1649 :etatem
1561 1591 1703 1655 luna:
1733 1588 2109 1659 complendam

550 1682 807 1739 Kalendis
844 1683 1163 1754 Aprilibus;
1197 1690 1282 1739 est
1313 1682 1459 1738 enim
1483 1682 1696 1737 decima
1731 1700 1745 1737 :
1773 1698 1837 1736 ac
1869 1681 1950 1737 sic
1982 1680 2111 1735 reli-

551 1776 673 1845 quis
705 1775 760 1829 in
783 1775 1081 1830 mensibus.
1114 1773 1392 1831 Posterior
1418 1774 1611 1830 modus
1643 1788 1811 1828 unum
1845 1772 2013 1831 demit
2043 1787 2108 1826 ex

2226 571 2463 628 sedecim
2499 569 2736 640 priorem
2763 563 2978 619 excedit
3013 581 3026 617 :
3056 562 3183 616 hinc
3207 561 3275 615 ad
3306 559 3490 629 cyclos
3509 556 3644 611 illius
3671 558 3752 612 ad-

2223 662 2354 715 ditis
2390 660 2478 725 16,
2506 658 2644 730 cycli
2678 656 2844 724 hujus
2888 653 3153 707 orientur.
3183 651 3377 703 Annus
3410 648 3614 718 primus
3652 662 3754 701 tera

2223 751 2583 813 Christianas,
2636 743 3018 801 Alexandrinae
3069 748 3154 794 est
3200 739 3370 796 5495.
3426 739 3520 808 qui
3574 753 3660 807 per
3702 736 3757 790 19

2224 844 2439 900 divisus
2486 841 2581 895 dat
2628 838 2683 895 Ξ.
2730 837 2947 891 Additis
2994 833 3083 897 16,
3136 832 3226 887 tiet
3285 830 3469 902 cyclus
3518 829 3655 882 luna
3683 828 3757 889 18,

2222 952 2383 1008 quem
2425 935 2517 989 dat
2565 919 2751 986 annus
2782 927 2920 985 5509
2949 925 3272 997 posterioris
3301 922 3560 991 computi,
3604 920 3649 973 si
3680 935 3761 987 per

2224 1028 2290 1082 19
2325 1026 2617 1081 tribuatur.
2657 1019 2748 1075 Sic
2797 1020 2863 1073 ad
2911 1019 3123 1089 cyclum
3173 1015 3307 1070 solis
3340 1014 3375 1067 5
3412 1028 3534 1067 aera:
3561 1012 3762 1082 prioris.

2221 1117 2448 1186 adjectis
2496 1114 2584 1177 16,
2637 1112 2863 1167 exsistet
2917 1109 3105 1180 cyclus
3156 1108 3288 1163 solis
3339 1104 3399 1158 2t
3446 1102 3574 1157 anni
3621 1102 3765 1157 5509.

2221 1208 2347 1263 Item
2381 1209 2445 1263 ad
2479 1223 2536 1260 tu
2573 1205 2948 1267 indictionem,
2994 1218 3117 1272 qua:
3158 1217 3223 1256 ex
3274 1197 3413 1252 5195
3458 1196 3771 1264 relinquitur

2221 1317 2315 1371 per
2353 1300 2418 1356 15
2458 1298 2693 1370 partitis,
2744 1296 2787 1350 si
2840 1297 3101 1351 accedant
3135 1294 3223 1357 16,
3264 1291 3478 1346 residua
3507 1291 3613 1343 erit
3644 1288 3771 1342 indi-

2219 1396 2331 1449 etio
2364 1410 2414 1447 1v
2449 1392 2575 1446 anui
2615 1389 2773 1445 5509.
2805 1389 2980 1459 Caput
3016 1387 3153 1458 cycli
3204 1385 3398 1441 solaris
3426 1383 3496 1437 ab
3521 1380 3771 1447 Octobri,

2220 1486 2426 1541 lunaris
2479 1501 2508 1537 a
2559 1482 2819 1537 Januario
2864 1487 3124 1551 sequente
3163 1478 3357 1548 repetit
3391 1477 3618 1528 Isaacus
3661 1489 3774 1544 cap.

2217 1578 2283 1634 Ill
2311 1586 2366 1633 et
2403 1576 2487 1632 VI.
2520 1576 2691 1647 Igitur
2738 1575 2947 1629 lunaris
2987 1574 3173 1644 cyclus
3220 1587 3239 1625 1
3280 1568 3777 1636 Constantinopoli-

2219 1681 2381 1728 tauus
2428 1680 2513 1727 est
2563 1678 2792 1740 quartus
2836 1666 3117 1729 Romani;
3171 1672 3225 1718 et
3281 1663 3492 1733 primus
3552 1659 3776 1713 Romani

2216 1775 2300 1821 est
2348 1780 2458 1819 xvu
2509 1758 3122 1830 ConstantinOpolitani.
3184 1756 3319 1811 Cum
3378 1756 3526 1809 enim
3574 1752 3777 1806 lunaris

550 1867 721 1935 priori
759 1882 957 1939 genere
1002 1869 1353 1940 regularium.
1386 1867 1506 1931 Vel,
1550 1876 1634 1923 est
1674 1882 1936 1922 numerus
1977 1866 2113 1921 resi-
2145 1846 2187 1903 Β
2213 1859 2399 1929 cyclus
2432 1853 2781 1911 Alexandrini
2814 1849 3053 1919 computi
3082 1848 3223 1905 idem
3255 1848 3327 1902 sit
3356 1863 3419 1901 ac
3451 1845 3773 1907 Romanus;

551 1960 692 2017 duus
743 1968 867 2032 post
926 1976 1151 2018 aureum
1205 1977 1495 2018 numerum
1552 1960 1798 2015 citimum
1854 1957 2113 2014 Kalendis

550 2055 754 2124 Aprilis
821 2055 878 2113 in
938 2056 1294 2117 antecedente
1346 2073 1555 2119 mense,
1606 2057 1763 2116 initio
1817 2057 1885 2111 ab
1939 2055 2112 2127 Aprili

552 2146 713 2202 l‘acto.
754 2145 923 2217 Cyclo
971 2148 1131 2205 tertio
1175 2148 1344 2211 lunas,
1380 2148 1665 2204 neomenia
1709 2146 1902 2201 incidit
1939 2146 1993 2199 iu
2025 2146 2111 2199 ul-

550 2238 739 2291 timum
780 2235 983 2293 Martii.
1022 2236 1164 2309 Ergo
1196 2239 1380 2293 nullus
1407 2246 1492 2293 est
1529 2253 1594 2292 eo
1634 2253 1829 2293 mense
1859 2237 2111 2294 residuus

548 2328 664 2383 dies
710 2335 833 2397 post
879 2329 1218 2383 neomeniam
1269 2346 1281 2380 :
1319 2329 1563 2399 adeoque
1601 2328 1866 2400 regularis
1909 2330 2113 2400 Aprilis

548 2428 634 2475 est
671 2421 726 2476 0.
761 2420 932 2491 Aprili
968 2437 1095 2477 vero
1128 2431 1251 2492 post
1298 2424 1664 2491 neomeniam,
1706 2440 1827 2494 quae
1869 2440 1994 2478 xxix
2022 2423 2111 2479 die

550 2513 772 2577 accidit,
813 2522 985 2569 restat
1014 2530 1155 2569 unus
1181 2514 1319 2570 dies.
1352 2516 1521 2586 Igitur
1552 2517 1820 2588 regularis
1855 2516 1979 2571 Maii
2026 2534 2112 2573 se-

549 2607 765 2676 quentis
818 2615 903 2662 est
943 2609 993 2663 1.
1039 2609 1186 2663 Inter
1235 2609 1395 2664 ambo
1446 2625 1645 2680 genera
1699 2609 1802 2665 hoc
1857 2610 2105 2672 interest,

549 2696 692 2766 quod
732 2698 1008 2768 regulares
1055 2701 1264 2770 priores
1299 2715 1422 2754 cum
1458 2708 1649 2770 epacta
1681 2709 1936 2755 currente
1969 2701 2111 2759 luna:

547 2796 760 2843 aetatem
796 2790 1035 2854 exhibet,
1081 2793 1218 2845 citra
1248 2790 1354 2846 diei
1387 2790 1549 2846 ullius
1577 2790 1961 2859 adjectionem,
2006 2806 2107 2861 po-

547 2879 804 2943 steriores
847 2880 1117 2937 Kalendas
1171 2883 1317 2951 ipsas
1363 2880 1646 2952 adjiciunt.
1682 2880 1983 2953 Utrumque
2012 2898 2109 2954 ge-

548 2989 653 3036 nus
685 2988 923 3043 sequens
948 2973 1145 3027 tabella
1174 2974 1615 3043 comprehendet.

653 3085 858 3152 Tabula
886 3086 1561 3160 ‘regularium‘_duplieium
1601 3088 1741 3144 [ante
1771 3089 1827 3143 in
1858 3088 2004 3160 cyclo

1203 3156 1454 3214 Maximi.

1235 3248 1429 3373 Beful.
1688 3248 1880 3373 Relglul.

655 3410 851 3477 Aprilis
1315 3411 1341 3466 1
1767 3411 1801 3466 0

652 3478 829 3532 Maius
1312 3481 1350 3532 2
1766 3482 1792 3532 1

652 3481 829 3534 Maius
1312 3481 1350 3535 2
1766 3482 1793 3535 1

606 3621 613 3627 ⁸
648 3545 846 3606 Junius
1314 3552 1352 3608 5
1767 3551 1805 3607 Ξ

646 3637 826 3704 Julius
1310 3641 1348 3700 4
1766 3642 1803 3697 3

645 3713 926 3779 Augustus
1312 3714 1352 3769 5
1766 3713 1803 3773 4

648 3777 963 3852 September
1309 3781 1344 3838 7
1767 3781 1804 3842 6

652 3872 890 3929 October
1311 3875 1347 3930 7
1762 3875 1799 3933 6

648 3943 957 4000 November
1304 3944 1342 4003 9
1762 3947 1798 4003 8

653 4012 950 4073 December
1308 4016 1344 4072 9
1763 4018 1799 4073 8

648 4103 947 4162 Ianuarius
1280 4105 1343 4161 11
1726 4108 1797 4163 10

647 4173 979 4233 Februarius
1284 4175 1353 4232 12
1729 4181 1751 4234 1
1765 4182 1788 4235 1

647 4245 876 4303 Martius
1285 4247 1345 4302 11
1727 4252 1796 4305 1ο

551 4386 555 4390 ~
614 4356 934 4428 Exemplum
984 4375 998 4424 ξ
1054 4364 1210 4431 cyclo
1259 4359 1403 4415 lunae
1444 4377 1536 4415 xiv
1585 4376 1729 4417 setre
1768 4361 1899 4417 libet
1939 4370 2105 4432 quota

544 4448 674 4502 luna
704 4446 776 4502 sit
798 4446 1057 4512 Kalendis
1104 4445 1461 4518 Septembris.
1491 4447 1711 4517 'Epactae
1732 4449 1768 4503 2
1790 4464 1911 4503 cum
1942 4464 2105 4524 regu-

542 4540 750 4597 laribus
790 4541 1067 4609 prioribus
1108 4541 1160 4605 7,
1203 4540 1287 4596 vel
1321 4554 1445 4594 cum
1490 4542 1882 4610 posterioribus
1922 4541 1976 4607 6,
2008 4542 2103 4598 sed
2137 4537 2180 4592 D

543 4632 754 4686 unitate
803 4631 1010 4697 addita,
1048 4632 1180 4687 dant
1213 4633 1395 4686 lunam
1430 4648 1631 4687 nonam
1661 4650 1675 4698 ;
1706 4641 1767 4687 ut
1800 4641 1885 4688 est
1917 4649 2106 4689 revera

544 4718 696 4792 cyclo
757 4739 847 4777 xtv
903 4722 1141 4781 Nicaeno.
1193 4723 1407 4782 Rursus
1451 4734 1727 4795 quazratur
1787 4734 1918 4780 aetas
1965 4726 2107 4781 luna:

543 4815 698 4884 cyclo
738 4814 881 4871 luna:
923 4831 957 4869 v
988 4814 1245 4872 Kalendis
1277 4814 1553 4877 Octobris.
1601 4816 1815 4886 Epacta:
1852 4816 1942 4877 25,
1980 4832 2106 4879 cum

545 4905 887 4977 regularibus
924 4905 977 4970 7,
1010 4909 1092 4961 vel
1124 4905 1179 4973 6,
1204 4924 1233 4962 c
1259 4906 1514 4965 Kalendis
1562 4909 1693 4981 ipsis
1742 4909 1982 4983 prrebent
2019 4907 2103 4961 Iu-

549 5012 674 5052 nam
696 4997 1051 5063 tricesimam.

1143 5108 1374 5167 CAPUT
1409 5109 1498 5173 IX.

551 5223 628 5277 De
673 5223 914 5279 methodo
948 5240 1087 5278 tuna
1128 5225 1184 5277 in
1212 5222 1798 5292 Constantinopolitano
1843 5235 2101 5294 computo.

618 5336 773 5390 Nunc
816 5338 1041 5393 alterius
1084 5352 1205 5397 aera:
1253 5353 1318 5391 ac
1356 5338 1616 5407 computi,
1651 5353 1811 5408 quem
1838 5338 2105 5395 Constan-

550 5430 970 5498 t111opolitanum
1015 5437 1250 5497 vocant,
1305 5431 1594 5500 aperienda
1646 5429 1935 5487 methodus
1985 5438 2103 5492 est,

550 5539 613 5580 ex
648 5520 818 5576 lsaaci
849 5522 1008 5584 libro,
1043 5522 1134 5590 qui
1178 5538 1297 5581 eam
1329 5523 1618 5594 diligenter
1646 5524 1887 5593 exponit.
1924 5523 1984 5578 In
2014 5524 2104 5578 illa

555 5616 790 5668 primum
819 5615 1093 5687 cyclorum
1135 5615 1630 5686 investigandorum
1662 5619 1873 5684 eadem,
1900 5634 2020 5690 quae
2048 5620 2105 5673 in

547 5706 847 5777 superiore,
897 5705 1035 5760 ratio
1066 5724 1080 5773 ;
1118 5717 1176 5760 ut
1219 5707 1393 5761 divisa
1435 5723 1647 5763 summa
1678 5724 1775 5778 per
1813 5709 2106 5778 quemlibet

548 5803 785 5887 cyclum,
810 5809 1121 5879 competens
1146 5801 1293 5865 anni,
1316 5802 1406 5871 qui
1438 5802 1719 5871 quaeritur,
1746 5804 1930 5874 cyclus
1954 5819 2104 5860 erua-

2213 1951 2257 2005 si
2301 1948 2366 2003 16
2400 1947 2464 2002 ad
2497 1948 2640 2001 hunc
2672 1945 2884 2017 cyclum
2915 1942 3161 2012 adjicias.
3191 1946 3319 2010 puta
3371 1938 3441 1993 ad
3477 1939 3531 2001 1,
3581 1936 3774 1991 efﬁcies

2217 2041 2284 2094 17
2313 2040 2478 2093 illius.
2532 2038 2861 2107 Epactarum
2895 2034 3206 2105 progressio
3237 2033 3418 2102 plane,
3464 2038 3525 2083 ut
3562 2028 3619 2083 in
3671 2028 3774 2082 Ro-

2212 2145 2398 2194 mano,
2440 2146 2536 2200 per
2565 2127 3070 2198 multiplicationem
3103 2125 3249 2179 aurei
3279 2122 3493 2178 numeri
3523 2122 3580 2176 in
3612 2123 3775 2177 unde-

2212 2222 2317 2276 cim
2348 2220 2580 2276 efficitur
2617 2240 2630 2274 :
2664 2233 2841 2288 neque
2874 2217 3040 2272 biduo
3088 2216 3393 2278 mutilatur,
3436 2221 3498 2267 ut
3539 2213 3777 2268 instituit

2212 2312 2501 2375 Maximus,
2554 2310 2649 2365 sed
2700 2318 2904 2380 epacta:
2957 2308 3067 2363 illa:
3118 2314 3265 2371 sunt,
3323 2298 3458 2375 quas
3503 2305 3775 2375 superiori

2212 2405 2390 2475 capite
2424 2404 2479 2457 in
2522 2402 2786 2457 laterculo
2817 2400 2956 2473 cycli
2988 2400 3199 2454 lunaris
3230 2397 3499 2452 Romanas
3528 2398 3770 2466 appella»

2212 2509 2353 2549 mus.
2383 2492 2580 2548 Verum
2614 2506 2790 2545 annus
2829 2491 3041 2561 primus
3069 2489 3298 2544 Romani
3324 2487 3476 2558 cycli,
3514 2486 3596 2541 vel
3623 2486 3767 2555 ejus,

2210 2604 2319 2658 quo
2356 2586 2623 2641 Maximus
2668 2586 2857 2648 utitur,
2890 2584 3093 2653 quique
3124 2582 3286 2636 habet
3323 2587 3541 2650 epaetas
3568 2596 3658 2641 ιι,
3687 2588 3771 2635 est

2211 2683 2439 2747 quartus
2485 2671 3095 2743 Constantinopolitani.
3125 2668 3362 2751 .Epactae
3403 2676 3529 2724 sunt
3570 2669 3773 2723 residui

2211 2768 2349 2830 dies,
2394 2767 2488 2837 qui
2533 2767 2600 2820 ad
2650 2764 3026 2835 complendam
3064 2763 3396 2816 lunationem
3436 2760 3505 2813 ad
3536 2759 3657 2814 dies
3685 2775 3775 2813 eu-

2206 2861 2432 2931 juslibet
2462 2859 2667 2915 mensis
2701 2857 3047 2912 adhibentur.
3076 2856 3233 2910 Anno
3260 2854 3436 2925 primo
3474 2853 3615 2924 cycli
3650 2867 3771 2922 epa-

2211 2960 2315 3008 σιω
2345 2960 2473 3008 sunt
2518 2950 2793 3005 undecim.
2831 2947 2882 3003 Is
2913 2956 2997 3003 est
3043 2955 3272 3018 quartus
3313 2945 3440 2998 anni
3484 2944 3714 2999 Romani
3757 2962 3771 2997 :

2211 3047 2297 3102 cui
2345 3046 2539 3101 tertius
2588 3043 2915 3099 antecedens
2962 3042 3203 3111 reliquos
3246 3039 3363 3093 dies
3416 3035 3675 3090 undecim
3712 3034 3775 3087 ab

2211 3137 2404 3192 ultima
2456 3135 2674 3208 syzygia
2718 3133 2975 3203 reliquit,
3031 3146 3151 3201 quae
3191 3127 3508 3184 Decembris
3534 3142 3629 3180 xxI
3672 3139 3777 3178 co:-

2138 3195 2181 3252 ο
2215 3226 2316 3299 pit.
2342 3195 2621 3280 Naturalis
2655 3238 2805 3294 ergo,
2831 3195 2884 3277 et
2910 3195 3130 3292 propria
3155 3219 3264 3272 τῶν
3301 3216 3559 3270 ὲπακτῶν
3592 3216 3651 3268 in
3679 3214 3775 3269 hoc

2214 3317 2370 3389 cyclo
2404 3316 2558 3371 notio
2595 3323 2701 3379 est,
2726 3323 2781 3369 et.
2809 3314 3119 3384 appellatio.

2285 3406 2632 3479 Regularium
2667 3421 2763 3475 par
2789 3415 2894 3471 est,
2933 3412 3095 3474 atque
3135 3403 3191 3456 in
3221 3400 3528 3470 superiore,
3565 3398 3776 3454 metho-

2215 3501 2318 3557 dus
2368 3517 2383 3553 :
2417 3505 2492 3564 et,
2529 3505 2591 3552 ut
2622 3498 2755 3561 illic,
2785 3496 2955 3550 duum
3006 3508 3265 3564 generum
3315 3498 3466 3547 sunt.
3500 3490 3605 3543 Alii
3654 3505 3775 3542 cum

2214 3592 2424 3664 epactis
2471 3598 2685 3646 atatem
2733 3590 2876 3643 luna:
2922 3586 3229 3658 perﬁciunt.
3272 3584 3365 3638 alii
3402 3583 3612 3638 unitate
3647 3590 3778 3635 sunt

2214 3683 2481 3737 minores.
2535 3681 2693 3746 Tum,
2747 3679 2891 3750 quod
2935 3694 2966 3732 a
3000 3677 3284 3741 Januario,
3334 3690 3446 3729 non
3492 3675 3564 3729 ab
3611 3672 3780 3739 Aprili

2215 3774 2421 3845 epocha
2451 3773 2690 3835 ducitur,
2751 3770 3013 3825 nonnulla
3046 3768 3282 3823 varietas
3311 3765 3525 3820 incidit.
3554 3763 3779 3818 Utrum-

2214 3884 2320 3939 que
2348 3881 2523 3937 genus
2552 3866 2607 3920 in
2636 3871 2897 3935 sequente
2925 3862 3187 3917 laterculo
3208 3858 3601 3915 describemus.

2322 3978 2656 4043 Laterculum
2706 3966 3026 4047 regulorium
3086 3977 3226 4029 [unm
3268 3972 3559 4044 duplicium
3618 3973 3673 4025 in

2809 4041 2953 4120 cyclo
2987 4048 3189 4107 Isauci.

2897 4138 3090 4264 Regul.
3349 4137 3542 4263 Relglul.

3421 4208 3465 4263 Il

2312 4302 2605 4360 Ianuarius
2975 4302 3000 4355 1
3432 4302 3469 4355 0

2316 4374 2648 4430 Februarius
2974 4375 3010 4425 2
3438 4374 3459 4424 I

2315 4443 2542 4499 Martius
2976 4444 2999 4497 1
3425 4442 3461 4495 0

2314 4536 2512 4606 Aprilis
2974 4536 3008 4587 2
3431 4533 3455 4606 1

2314 4603 2485 4661 Malus
2973 4606 3007 4659 ξ’)
3426 4603 3461 4654 9

2309 4675 2504 4734 Junius
2972 4675 3006 4735 4
3426 4673 3462 4726 5

2308 4765 2485 4824 Julius
2966 4766 3000 4820 5
3421 4766 3455 4819 Δ

2312 4840 2590 4904 Augustus
2969 4839 3002 4887 (ἰ
3424 4837 3458 4889 5

2313 4908 2629 4977 September
2973 4908 3005 4961 8
3431 4906 3462 4959 ’ἰ

2313 4997 2548 5051 October
2972 4997 3006 5051 8
3430 5002 3462 5054 7

2312 5066 2617 5121 November
2942 5068 3006 5121 10
3427 5072 3461 5125 9

2312 5137 2607 5192 December
2941 5139 2996 5190 11
3393 5143 3457 5198 10

2287 5250 2533 5321 Exempli
2559 5265 2724 5305 causa
2762 5268 2775 5304 :
2811 5250 2977 5321 Cyclo
3010 5252 3152 5305 luna-
3189 5269 3298 5316 xiv,
3335 5258 3769 5325 quarratur'wtas

2206 5346 2354 5401 illius
2411 5343 2666 5399 Kalendis
2720 5344 3070 5415 Septembris.
3113 5346 3327 5418 Epactw
3370 5362 3498 5405 sunt
3533 5368 3604 5415 tv,
3651 5370 3769 5421 quzr

2206 5451 2330 5491 cum
2392 5437 2740 5507 regularibus
2800 5436 3133 5508 Septembris
3177 5455 3295 5506 vttt,
3345 5449 3440 5495 aut
3496 5459 3618 5497 cum
3670 5461 3769 5509 vit,

2209 5527 2388 5582 addita
2435 5529 2663 5592 unitate,
2701 5530 2829 5583 dant
2888 5530 3068 5583 lunam
3110 5531 3489 5587 duodecimam
3546 5554 3560 5587 :
3605 5547 3769 5606 quota

2207 5637 2395 5674 revera
2450 5630 2535 5676 est
2587 5621 2740 5692 cyclo
2800 5620 3041 5677 Romano
3082 5639 3215 5689 xm,
3268 5623 3767 5699 Constantinopoli-

2207 5721 2335 5766 tauo
2367 5730 2474 5767 XIV.

2302 5804 2520 5861 Isaacus
2579 5805 2756 5883 capite
2806 5804 2870 5867 IX
2920 5821 3017 5883 pro
3076 5808 3434 5879 regularibus,
3493 5812 3769 5873 residuum
