4036 6218
315 382 448 437 14⁸53

1292 371 1753 431 DlSSERTATIO
1790 371 1881 426 DE
1915 370 2321 428 GRECORUM
2358 369 2561 426 EBIS.

3403 368 3541 423 H54

314 501 579 559 mensium
631 464 992 560 Jdlianorum,
1044 495 1307 552 detractis
1352 495 1579 565 integris
1619 493 1876 565 syzygiis,
1907 498 1952 551 A
1982 490 2258 559 contigit;
2315 503 2436 559 quae
2478 504 2575 558 per
2609 495 2856 557 epactam
2894 485 2995 551 22,
3038 486 3316 555 regulares
3360 495 3540 557 poste-

312 595 530 665 accipit.
575 589 800 663 Syzygia
835 588 1050 643 lunaris
1083 595 1169 642 est
1206 585 1418 641 dierum
1452 602 1585 640 xxix
1617 584 1721 654 4/2
1753 582 1877 652 qui-

310 687 416 743 bus
439 685 505 740 de
529 698 655 738 xxxi
680 680 951 745 deductis,
979 685 1188 735 restant
1210 679 1234 731 1
1266 678 1368 750 ιβ
1395 680 1450 732 in
1481 676 1780 732 Februario
1809 673 1875 728 ad

311 783 530 847 epactas
558 787 768 828 annuas
812 770 1068 828 addendi.
1100 769 1209 825 Sed
1250 785 1368 824 eam
1412 767 1724 823 methodqu
1777 766 1878 820 mi-

310 869 455 922 nime
508 866 671 933 vulgo
721 872 902 934 aptam
959 878 1081 919 esse
1136 877 1301 933 supra
1358 861 1692 920 monuimus.
1747 858 1871 913 Ideo

307 955 538 1012 Romani
588 972 936 1027 nequaquam
995 971 1059 1010 ea
1114 962 1244 1009 sunt
1300 953 1407 1009 usi.
1473 951 1744 1019 Quocirca
1794 951 1875 1005 uti

306 1049 616 1104 Grmcorum
641 1048 989 1119 epilogismos
1013 1047 1079 1100 ad
1102 1044 1412 1100 Kalendarii
1434 1043 1698 1099 nostratis
1716 1058 1875 1097 usum

307 1156 370 1195 ac
411 1140 736 1210 dispositum
771 1138 1269 1203 accommodemus,
1315 1152 1438 1190 cum
1470 1137 1676 1205 epactis
1713 1150 1876 1204 regu—

307 1234 449 1288 lares
470 1232 870 1303 componimus.
905 1229 1085 1284 Unum
1117 1237 1300 1283 tamen
1332 1226 1735 1282 observandum
1767 1236 1872 1291 εει,

306 1341 429 1380 cum
468 1325 623 1395 cyclo
663 1323 837 1379 Isaaci
874 1339 1008 1387 xm,
1039 1328 1261 1392 epactas
1288 1335 1405 1388 vut,
1437 1334 1548 1374 non
1582 1336 1686 1384 vn,
1719 1335 1875 1374 com-

307 1413 578 1485 parandas
625 1427 787 1479 esse;
820 1420 875 1467 et
901 1426 1024 1466 cum
1077 1410 1230 1481 cyclo
1276 1425 1429 1475 xvut,
1489 1417 1713 1478 epactas
1754 1423 1872 1469 nx,

306 1522 417 1561 non
450 1521 610 1565 xvnt.
658 1504 828 1574 Cujus
872 1505 1011 1559 ratio
1054 1518 1121 1557 ex
1170 1503 1414 1572 ὑποτομῇ
1460 1501 1603 1555 luna:
1644 1499 1877 1571 petenda

304 1604 390 1653 est
418 1613 435 1663 ;
479 1612 510 1650 a
547 1612 659 1667 qua
687 1596 850 1659 lunae,
880 1586 1038 1665 quem
1074 1602 1294 1656 vocant,
1324 1593 1499 1648 saltus
1547 1592 1746 1649 oritur.
1778 1588 1878 1646 Hic

304 1689 449 1747 enim
490 1690 545 1743 in
588 1689 743 1760 cyclo
774 1686 1020 1746 Romano
1054 1702 1167 1747 xix,
1202 1685 1525 1739 Latinorum
1559 1699 1650 1737 xvt
1695 1681 1874 1736 couti-

304 1782 402 1848 git,
445 1782 524 1836 uti
573 1781 669 1836 lib.
717 1779 781 1833 Vl
823 1779 901 1833 De
943 1779 1184 1832 doctrina
1214 1788 1535 1845 temporum,
1569 1791 1692 1845 cap.
1733 1772 1878 1830 XVII

303 1871 566 1928 diximus.
611 1871 842 1942 Propter
874 1871 1017 1925 hanc
1066 1869 1378 1940 ὑποτομὴν,
1428 1882 1631 1922 aureus
1677 1856 1874 1920 nume-

304 1982 399 2020 rus
443 1982 538 2019 xix
572 1980 681 2018 uno
730 1963 819 2018 die
859 1964 1022 2018 situm
1062 1960 1357 2016 antevertit
1399 1961 1457 2015 in
1499 1959 1875 2029 descriptione

302 2057 532 2117 Romani
566 2055 900 2111 Kalendarii.
943 2054 1025 2109 Ob
1059 2054 1112 2108 id
1147 2069 1255 2107 non
1289 2069 1363 2115 XI,
1395 2052 1488 2106 sed
1517 2067 1591 2105 xu
1624 2048 1872 2104 addenda

302 2157 432 2205 sunt
463 2149 529 2203 ad
564 2155 806 2219 epactam
843 2146 969 2201 anni
1004 2144 1378 2199 antecedentis
1421 2159 1590 2207 xxvi;
1629 2149 1690 2195 ut
1745 2141 1873 2194 liant

299 2257 397 2298 vnt
436 2253 641 2311 epactze
688 2239 818 2294 anni
853 2255 988 2304 xvn,
1020 2237 1224 2308 quibus
1254 2235 1564 2311 additis‘xr,
1596 2234 1873 2289 exsistunt

298 2340 503 2404 epacta:
537 2349 627 2387 χιι
672 2333 800 2386 anni
838 2348 991 2394 xvm,
1023 2332 1115 2401 qui
1145 2340 1230 2387 est
1276 2327 1551 2386 secundus
1587 2327 1727 2400 cycli
1766 2327 1874 2382 lto-

298 2422 446 2477 mani
496 2440 511 2476 :
555 2436 619 2477 ac
675 2422 894 2481 domum
951 2422 1179 2491 adjectis
1235 2437 1321 2486 xi,
1384 2419 1520 2474 fiunt
1577 2426 1783 2489 epactas
1837 2418 1871 2472 0

299 2515 430 2572 anni
470 2530 588 2578 nx,
623 2515 716 2585 qui
758 2522 842 2571 est
881 2515 1078 2569 tertius
1118 2511 1352 2568 Romani
1390 2513 1552 2583 cycli.
1587 2511 1703 2565 Hoc
1742 2525 1873 2566 vero

300 2606 480 2659 locum
522 2603 688 2659 habet
729 2605 784 2659 in
820 2619 1113 2659 aureorum
1156 2618 1511 2658 numerorum
1558 2601 1871 2672 dispositu;

298 2695 605 2764 cujusmodi
643 2703 727 2751 est
766 2696 819 2749 in
849 2704 1038 2751 nostro
1070 2693 1418 2749 Kalendario.
1450 2692 1590 2748 Nam
1635 2694 1685 2749 si
1714 2692 1875 2751 aliter

304 2785 646 2851 instituatur,
703 2785 809 2839 alia
838 2801 1057 2856 quoque
1086 2785 1193 2840 erit
1214 2783 1452 2840 ineunda
1480 2783 1646 2843 ratio.

918 2917 1148 2975 CAPUT
1188 2916 1258 2978 Χ.

299 3036 376 3097 De
416 3037 593 3091 lunari
645 3034 946 3106 προηγήσξι
974 3043 1090 3106 ,_et
1125 3033 1467 3106 termingrum
1507 3029 1871 3106 μετᾳπτώςει.

372 3106 555 3161 Isaaci
598 3100 1053 3175 Arg'yri‘r'idrcula
1094 3105 1256 3175 ratio.
1301 3100 1718 3175 Quartadecima
1761 3100 1873 3153 Pa-

1978 584 2154 638 riores
2183 582 2240 645 7,
2275 597 2338 636 ac
2362 582 2461 652 τὴν
2496 578 2781 643 ποσταίαν,
2814 578 2864 632 id
2890 586 2974 633 est
2998 577 3115 632 dies
3135 577 3206 632 26
3234 578 3538 633 conficitur.

1975 675 2328 729 Novilunium
2376 672 2569 727 incidit
2644 669 2979 740 Septembris
3022 684 3231 733 xxvm,
3283 669 3417 723 feria
3460 684 3539 723 ι-ιι.

1982 766 2137 827 Unde
2167 768 2295 821 luna
2327 766 2592 821 vicesima
2634 779 2779 819 nona
2825 762 3082 831 competit
3109 760 3360 816 Octobris
3390 777 3541 825 xxvi,

1979 861 2072 915 sed
2108 859 2447 914 neomeniam
2478 857 2685 928 putavit
2728 854 2945 910 lsaacus
2977 869 3005 906 a
3036 868 3167 907 xxix
3196 852 3284 907 die
3307 851 3546 923 Septem-

1978 951 2113 1006 bris.
2163 952 2350 1020 Itaque
2392 950 2497 1003 tria
2553 949 2738 1018 adjicit
2779 954 2987 1017 epactze
3030 945 3102 999 22
3130 986 3145 1010 ,
3187 953 3248 998 ut
3299 945 3371 1000 sit
3409 945 3482 1001 25
3527 962 3542 997 :

1977 1057 2099 1113 quae
2135 1058 2261 1099 cum
2310 1041 2521 1112 cpactis
2572 1040 2842 1095 mensium
2882 1037 2934 1101 7,
2978 1045 3031 1092 et
3063 1038 3135 1091 26
3161 1037 3353 1091 diebus
3381 1035 3546 1092 Octo-

1976 1135 2092 1189 bris
2135 1134 2318 1193 lunam
2364 1132 2675 1203 producunt
2715 1130 3027 1185 vicesimam
3070 1137 3352 1191 octavam,
3395 1127 3545 1181 dem-

1977 1225 2086 1295 ptis
2138 1224 2226 1279 50.
2283 1222 2395 1281 Cur
2461 1222 2564 1275 tria
2612 1222 2731 1275 haec
2775 1218 3065 1282 addantur,
3123 1230 3345 1271 causam
3396 1215 3547 1271 allort

1973 1316 2273 1386 jucularem
2302 1332 2316 1381 ;
2350 1316 2475 1387 quia
2520 1329 2644 1368 cum
2676 1313 2808 1367 luna
2844 1313 3000 1383 plena
3034 1319 3213 1366 creata
3249 1310 3322 1365 sit
3362 1324 3392 1362 a
3437 1309 3549 1363 Deo

1978 1408 2068 1463 die
2124 1416 2344 1478 quarto,
2395 1406 2638 1462 triduum
2682 1413 2900 1475 oportet
2941 1403 3327 1458 antecessisse.
3377 1400 3548 1455 Porro

1979 1504 2131 1576 cyclo
2180 1505 2359 1574 primo
2404 1504 2749 1575 deprehensa
2795 1510 2882 1557 est
2934 1502 3063 1557 luna
3099 1502 3310 1556 decima
3356 1501 3546 1570 quinta

1981 1596 2345 1652 Kalendarum
2377 1595 2665 1661 Januarii;
2715 1602 2918 1665 quanta
2974 1602 3091 1649 erat
3138 1608 3204 1648 eo
3250 1599 3546 1653 momento.

1977 1704 2086 1758 quo
2135 1698 2321 1743 creata
2358 1696 2462 1744 est.
2496 1687 2764 1755 Quoniam
2797 1701 2928 1756 ergo
2964 1687 3151 1758 cyclns
3177 1686 3386 1756 primus
3420 1697 3546 1753 epa-

1980 1790 2099 1836 ctas
2149 1779 2311 1835 habet
2344 1781 2599 1836 undecim
2635 1796 2701 1835 ex
2740 1778 2997 1834 methodo
3024 1795 3040 1845 ;
3068 1778 3169 1832 bac
3205 1779 3418 1834 ratione
3448 1778 3546 1831 lino

1980 1873 2128 1943 gitur
2170 1873 2513 1928 novilunium
2557 1872 2826 1929 incidisse
2874 1872 3129 1928 undecim
3182 1871 3375 1926 diebus
3421 1880 3547 1926 ante

1972 1963 2255 2019 Kalendas
2289 1982 2303 2020 :
2342 1965 2543 2035 quibus
2571 1964 2738 2018 additi
2768 1972 2879 2021 tres
2904 1964 2982 2017 illi
3026 1962 3133 2035 πρὸ
3169 1961 3280 2015 τῶν
3313 1960 3544 2026 αἰώνων,

1973 2063 2033 2110 ut
2062 2064 2471 2126 computatores
2504 2056 2676 2111 Grazci
2720 2058 3048 2122 nominant;
3088 2054 3353 2109 decimam
3381 2054 3545 2124 quin-

1974 2154 2083 2200 tam
2112 2147 2295 2201 lnnam
2322 2147 2612 2203 conferunt
2637 2149 2691 2201 in
2708 2146 2981 2203 Kalendas
3003 2145 3310 2204 Januarias.
3340 2144 3547 2201 Idcirco

1974 2239 2142 2292 trium
2165 2254 2380 2309 semper
2409 2239 2477 2293 ad
2500 2248 2726 2308 epactas
2758 2238 2816 2291 lit
2846 2238 3112 2293 accessio.

2047 2329 2173 2384 Haec
2208 2332 2350 2386 ratio
2392 2346 2464 2385 ne
2494 2330 2846 2386 astronomiae
2881 2329 3102 2400 quidem
3138 2336 3331 2401 tyrone
3360 2326 3545 2398 digna,

1972 2429 2027 2478 et
2079 2422 2489 2492 imperitissima
2519 2431 2622 2476 est.
2656 2421 2900 2476 Primum
2950 2422 3024 2476 ita
3060 2420 3303 2492 procedit
3325 2460 3340 2483 ,
3390 2421 3547 2490 quasi

1973 2515 2210 2573 mundus
2243 2511 2526 2569 Decembri
2567 2528 2754 2568 mense
2784 2514 3040 2569 conditus
3076 2514 3169 2578 sit,
3210 2512 3353 2583 quod
3389 2527 3548 2569 nemo

1975 2605 2245 2660 hactenus
2278 2605 2538 2676 opinatus
2571 2614 2675 2661 est.
2722 2604 2929 2660 Deinde
2973 2605 3227 2675 quamvis
3267 2604 3372 2658 hoc
3405 2604 3548 2658 ultro

1973 2695 2341 2759 concedatur,
2406 2695 2579 2749 nihilo
2625 2696 2801 2764 magis
2848 2693 3097 2764 expediri
3152 2702 3353 2764 potest.
3404 2692 3541 2747 Nam

1974 2786 2023 2842 si
2063 2800 2252 2841 verum
2302 2784 2458 2853 dicit,
2491 2772 2754 2855 ‘oportuit
2790 2785 3047 2840 omnibus
3093 2793 3241 2840 retro
3291 2785 3545 2849 saeculis,

1975 2879 2228 2950 adeoque
2252 2878 2494 2937 Nicaano.
2522 2878 2764 2933 triduum
2788 2876 2919 2932 illud
2954 2876 3119 2947 adjici
3149 2897 3161 2932 :
3193 2877 3337 2948 quod
3365 2885 3543 2932 tamen

1974 2988 2201 3029 necesse
2246 2987 2355 3026 non
2393 2971 2495 3025 fuit
2523 2990 2537 3037 ;
2568 2972 2837 3041 siquidem
2874 2978 3081 3041 epactas
3116 2968 3391 3040 simplices
3416 2975 3547 3023 aita-

1973 3076 2080 3121 tem
2120 3067 2261 3120 lunae
2306 3065 2791 3134 repnesentabant.
2839 3061 3107 3118 Praeterea
3160 3062 3382 3118 lsaacus
3429 3060 3547 3131 ipse

366 3152 564 3233 ἓὲιῖἇᾶὲ
598 3152 1875 3243 2;.1",;zéiit.;;;i.:m‘“stantini;mare.
1901 3181 1945 3242 ς
1976 3158 2154 3227 capite
2196 3155 2337 3221 XVI.
2370 3156 2464 3211 ubi
2495 3155 2561 3211 de
2598 3156 2808 3211 lunaris
2844 3170 2908 3210 ac
2946 3155 3144 3209 solaris
3186 3153 3313 3207 anni
3351 3152 3545 3206 antici-

370 3250 550 3310 varii;
598 3242 970 3316 wquiuoctium
1021 3244 1162 3315 falso
1199 3243 1264 3298 ab
1300 3244 1480 3298 eodem
1520 3242 1869 3297 observatum.

369 3338 919 3411 Hucusquelunarem
933 3338 1247 3393 methodum
1282 3336 1655 3407 expressimus
1674 3333 1874 3389 utrius-

297 3449 404 3504 que
449 3432 732 3503 computi;
775 3447 894 3501 qua:
922 3428 1146 3484 Nicreno
1180 3429 1403 3494 saeculo,
1442 3445 1507 3483 ac
1552 3429 1691 3483 citra
1718 3428 1872 3483 novi-

299 3524 574 3584 luniorum
621 3526 926 3594 προήγησιν
956 3521 1200 3576 adhiberi
1247 3528 1461 3592 poterat
1495 3541 1509 3575 :
1546 3535 1709 3590 quam
1745 3534 1870 3572 cum

298 3615 637 3685 antiquiores
685 3614 1034 3683 computandi
1088 3613 1378 3684 magistri,
1434 3610 1511 3667 uti
1564 3609 1868 3673 Maximus,

298 3707 609 3778 Dionysius,
654 3704 798 3760 Beda
845 3704 1162 3769 nescirent,
1204 3710 1530 3773 perpetuum
1574 3700 1707 3754 illud
1739 3700 1875 3752 arti-

297 3800 482 3857 ﬁcium
512 3798 854 3869 inquirenda:
892 3797 1100 3855 lunaris
1125 3797 1303 3851 aetatis
1334 3810 1458 3851 esse
1497 3794 1865 3849 crediderunt.

300 3893 526 3954 lsaacus
572 3907 724 3956 vero,
760 3899 821 3945 ut
855 3900 974 3945 erat
1007 3889 1361 3945 astronomiae
1405 3889 1637 3959 peritus,
1672 3886 1868 3958 praesi-

294 3980 387 4035 dio
430 3980 736 4035 coalestium
775 3980 1219 4035 Observationum
1263 3986 1317 4033 et
1363 3978 1715 4032 astronomici
1756 3977 1869 4033 cal-

296 4070 426 4135 culi,
472 4070 605 4125 solis
649 4084 713 4124 ac
752 4070 893 4124 lunae
933 4069 1342 4125 antecessiones
1376 4068 1760 4129 animadvertit
1812 4069 1867 4139 ip

297 4178 441 4223 anno
464 4161 708 4218 Iuliano.
744 4160 872 4216 Ideo
913 4173 1024 4216 tam
1051 4161 1321 4225 Nicmnas,
1350 4162 1437 4217 vel
1468 4161 1868 4218 Alexandrinas

297 4255 481 4326 potius
518 4255 835 4310 neomenias
878 4252 1196 4319 Paschales,
1224 4269 1388 4325 quam
1424 4255 1710 4318 terminos,
1743 4255 1869 4309 inu—

298 4348 421 4404 tiles
468 4356 627 4404 aetate
670 4362 769 4403 sua
815 4362 941 4402 esse
985 4347 1293 4416 comperit;
1345 4354 1405 4402 ut
1447 4348 1539 4418 qui
1583 4348 1650 4403 ab
1683 4363 1868 4403 mense

296 4441 474 4510 primo
501 4439 569 4494 ad
605 4438 905 4496 secundum
942 4439 1203 4510 paulatim
1252 4440 1544 4495 transitum
1587 4439 1864 4495 fecissent.

1978 3253 2200 3323 patione
2222 3251 2467 3315 disserit,
2509 3261 2696 3304 censet
2722 3247 2882 3303 annis
2909 3262 3085 3311 cccw,
3123 3261 3232 3301 uno
3267 3244 3355 3300 die
3386 3260 3544 3315 syzy-

1979 3345 2095 3415 gias
2154 3341 2423 3414 ἀκριϐεῖς,
2470 3341 2682 3406 civiles,
2729 3354 2795 3393 ac
2832 3338 3056 3392 minime
3102 3335 3350 3408 ἀκριϐεῖς
3397 3347 3539 3389 ante.

1977 3442 2209 3491 vertere.
2260 3432 2413 3488 Unde
2456 3447 2805 3503 consequens
2845 3439 2951 3493 est,
2992 3436 3119 3483 ante
3163 3441 3338 3482 annos
3372 3425 3547 3489 1067,

1976 3528 2173 3600 quibus
2217 3525 2434 3582 Nicatna
2474 3524 2718 3595 synodus
2754 3520 2926 3581 lsaaci
2970 3528 3207 3583 aetatem,
3243 3527 3299 3572 et
3344 3531 3546 3571 annum

1978 3619 2118 3677 l372
2151 3617 2483 3684 antecessit;
2521 3616 2717 3670 diebus
2755 3613 2990 3683 amplius
3025 3610 3204 3665 tribus
3240 3608 3383 3664 infra
3424 3608 3549 3666 dies

1975 3727 2071 3766 eos
2106 3710 2301 3771 fuisse,
2326 3709 2528 3779 quibus
2549 3708 2697 3761 illius
2728 3721 2844 3763 αξγο
2879 3705 3186 3760 commissae
3217 3708 3363 3758 sunt.
3406 3698 3544 3754 Tum

1976 3817 2105 3858 vero
2150 3802 2198 3856 si
2237 3800 2480 3857 triduum
2528 3798 2595 3854 ad
2641 3806 2863 3868 epactas
2905 3796 3154 3861 adderes,
3197 3805 3547 3865 nequaquam

1976 3896 2160 3950 lunam
2195 3906 2572 3962 assequerere.
2616 3888 3027 3944 Absurdissime
3076 3887 3243 3959 igitur
3282 3884 3542 3945 lsaacus:

1973 3988 2089 4058 qui,
2127 4002 2250 4040 cum
2292 3983 2574 4039 novilunia
2618 3989 2799 4037 certos
2837 3980 2903 4035 ad
2953 3979 3071 4035 dies
3108 3977 3334 4033 minime
3362 3975 3547 4029 adhae-t

1975 4091 2192 4131 rcscere
2262 4073 2499 4137 sentiat,
2550 4071 2621 4125 ita
2667 4070 3028 4125 ratiocinatur
3095 4068 3335 4133 interim,
3385 4064 3547 4136 quasi

1974 4183 2191 4238 semper
2237 4167 2292 4222 in
2324 4164 2513 4221 eodem
2554 4164 2643 4220 die
2679 4163 2984 4220 consistant
3016 4181 3029 4217 :
3063 4162 3208 4232 quod
3244 4163 3327 4215 vel
3371 4162 3549 4231 impe.

1975 4262 2081 4317 rite
2109 4260 2267 4314 abeo
2298 4257 2503 4312 factum
2536 4265 2661 4324 est;
2692 4256 2736 4310 si
2776 4254 2831 4309 id
2865 4253 3009 4309 bona
3051 4253 3153 4311 [ide
3189 4253 3545 4325 praescripsit,

1974 4346 2058 4401 vel
2089 4345 2284 4401 callide
2315 4363 2330 4410 ;
2361 4347 2407 4399 si
2443 4342 2779 4400 declinandae
2822 4344 3038 4397 invidia:
3073 4357 3274 4408 causa,
3309 4358 3377 4398 ne
3422 4344 3549 4413 plus

1979 4436 2282 4506 majoribus
2317 4436 2433 4491 suis
2479 4449 2671 4505 sapere
2720 4432 3016 4499 videretur,
3052 4440 3238 4503 aperte
3278 4432 3421 4501 quod
3454 4448 3549 4493 res

214 4594 233 4611 .
296 4530 450 4587 lianc
500 4534 803 4605 προήγησιν
848 4532 905 4585 in
950 4538 1110 4589 mtate
1155 4532 1298 4585 luna:
1339 4529 1646 4600 colligenda
1699 4529 1862 4585 tridui
1898 4541 1947 4601 υ
1978 4534 2118 4591 erat,
2145 4525 2383 4597 proﬁteri
2420 4524 2615 4579 noluit.

298 4624 560 4693 prudens,
615 4640 683 4677 an
736 4622 1053 4693 imprudens
1096 4622 1286 4677 statuit
1350 4620 1613 4689 lsaacus;
1663 4637 1728 4675 ac
1788 4621 1873 4676 vel

297 4713 549 4777 ridicule,
593 4715 677 4769 vel
722 4714 990 4770 malitiose
1022 4715 1075 4768 in
1100 4729 1163 4768 ea
1185 4711 1446 4767 tradenda
1476 4711 1735 4766 methodo
1755 4728 1875 4767 vcr-

297 4815 451 4863 satus
482 4813 586 4862 est.
608 4805 821 4860 Etenim
844 4808 1023 4877 capite
1049 4805 1143 4861 Vll
1172 4807 1376 4861 docens
1406 4804 1870 4876 quemadmodum

296 4902 515 4956 lunares
580 4908 785 4969 epacta:
846 4898 1239 4970 investiganda:
1295 4899 1451 4962 sint,
1514 4898 1583 4959 ad
1649 4903 1873 4968 epactas

298 4993 404 5046 tria
446 4990 603 5060 jubet
650 4990 832 5058 adjici.
874 4989 1037 5045 Verbi
1083 4991 1258 5061 gratia
1301 5004 1446 5044 anno
1490 4988 1686 5043 Adami
1729 4986 1871 5043 6880

297 5083 485 5154 cyclus
511 5088 628 5137 erat
649 5082 793 5135 lunae
821 5079 878 5145 2,
902 5088 1107 5151 epactas
1126 5080 1216 5145 22,
1241 5095 1360 5151 quae
1381 5095 1504 5135 cum
1529 5078 1876 5150 regularibus

296 5171 541 5226 Januarii
579 5188 617 5234 ι,
648 5169 887 5231 reddunt
928 5171 1111 5224 lunam
1154 5170 1470 5225 vicesimam
1507 5171 1728 5224 tertiam
1765 5168 1874 5223 Ka-.

300 5262 473 5317 lendis
525 5260 803 5317 Ianuariis
868 5278 883 5317 :
945 5272 1004 5315 ut
1061 5268 1181 5316 erat
1242 5260 1465 5316 Nicteno
1520 5262 1741 5316 saeculo.
1801 5261 1872 5315 At

299 5353 472 5408 lsaaci
506 5360 753 5422 tempore
795 5360 913 5407 erat
952 5353 1209 5409 vicesima
1245 5353 1454 5422 quinta.
1494 5350 1629 5406 Nam
1657 5353 1873 5408 novilu-

301 5449 451 5502 nium
497 5462 642 5501 anno
686 5445 890 5501 Christi
939 5445 1071 5500 1371
1124 5445 1354 5516 contigit
1405 5443 1717 5501 Decembris
1747 5460 1867 5510 vm,

301 5539 459 5608 cujus
494 5539 800 5603 character,
844 5537 979 5592 feria
1008 5537 1064 5602 2,
1096 5537 1151 5603 5,
1186 5536 1292 5601 28',
1333 5536 1452 5604 27",
1483 5536 1870 5591 Constantinoo

304 5632 437 5700 poli,
470 5632 625 5703 cyclo
665 5631 800 5687 solis
838 5630 1085 5686 Romano
1112 5646 1229 5696 Vill,
1260 5630 1441 5683 littera
1470 5629 1531 5684 E.
1568 5629 1738 5700 Igitur
1766 5647 1869 5684 xxv

306 5724 431 5776 luna
466 5723 658 5778 incidit
692 5725 744 5778 in
781 5721 1054 5779 Kalendas
1088 5720 1380 5777 Januarias
1407 5723 1536 5777 anni
1584 5722 1866 5793 sequentis

307 5816 468 5878 1572.
498 5815 575 5876 ita
605 5815 857 5880 Octobris
889 5832 1015 5878 xxvi
1060 5816 1147 5877 die
1190 5815 1380 5877 eodem
1422 5830 1566 5871 anno
1601 5814 1729 5873 luna
1764 5830 1867 5875 xxv

2050 4619 2323 4674 Caeterum
2369 4615 2658 4671 Paschalis
2704 4615 2946 4686 computi
2994 4616 3187 4672 vitium
3246 4615 3378 4671 illud
3434 4632 3547 4675 non

1980 4711 2192 4781 primus
2247 4709 2506 4763 odoratus
2568 4716 2654 4763 est
2710 4708 2955 4777 Argyrus
3010 4727 3022 4762 :
3081 4706 3176 4762 sed
3222 4708 3314 4779 qui
3353 4708 3547 4766 eodem

1975 4808 2221 4871 tempore
2284 4799 2465 4853 ﬂoruit
2505 4798 2841 4870 Nicephorus
2890 4799 3178 4871 Gregoras,
3221 4801 3335 4871 qui,
3366 4809 3425 4856 ut
3463 4810 3545 4857 te-

1981 4899 2162 4946 statur
2208 4892 2300 4947 ille
2335 4892 2517 4963 capite
2554 4889 2672 4946 XVI
2695 4934 2711 4958 ,
2752 4890 3015 4947 Paschale
3056 4892 3374 4947 latcrculum
3415 4909 3445 4948 a
3485 4909 3550 4950 se

1973 4978 2319 5037 emendatum
2360 4980 2562 5035 obtulit
2595 4980 2915 5051 imperatori
2948 4995 3011 5034 ac
3057 4982 3311 5048 senatui;
3344 4982 3397 5036 in
3436 4999 3550 5054 quo

1973 5072 2196 5127 termini
2226 5072 2396 5126 biduo
2423 5080 2554 5126 ante
2580 5070 2830 5125 Nicanos
2859 5072 3108 5127 collocati
3137 5079 3284 5132 sunt.
3320 5071 3544 5130 Utrum-

1972 5179 2079 5234 que
2110 5178 2396 5233 canonem,
2452 5172 2688 5219 veterem
2728 5164 2940 5218 scilicet
2990 5179 3053 5217 ac
3099 5163 3417 5230 Nicacnum,
3486 5177 3543 5221 et

1970 5256 2365 5320 recentiorem,
2434 5255 2603 5310 habes
2674 5254 2731 5309 in
2792 5255 2964 5310 lsaaci
3019 5264 3323 5326 computo;
3384 5257 3541 5316 illum

1971 5348 2189 5419 quidem
2239 5349 2345 5405 sub
2380 5347 2701 5403 Damasceni
2750 5348 3007 5414 nomine,
3055 5350 3148 5419 qui
3189 5349 3422 5405 fortasse
3468 5349 3543 5405 ita

1971 5442 2220 5513 digessit,
2256 5442 2424 5511 capit.
2466 5440 2536 5507 Χ,
2573 5443 2802 5496 alterum
2828 5443 2881 5496 in
2908 5441 3012 5497 line
3037 5441 3237 5513 prioris
3275 5442 3539 5512 computi,

1973 5534 2041 5590 de
2093 5549 2199 5604 qua
2243 5532 2534 5603 Nicephori
2585 5534 2939 5605 castigatione
2983 5535 3244 5589 nonnulla
3294 5534 3543 5589 dicemus

1972 5626 2169 5690 obiter,
2210 5642 2331 5696 quze
2360 5626 2425 5681 ad
2476 5626 2852 5681 illustrandam
2884 5626 3200 5698 Gregoriani
3230 5626 3540 5682 Kalendarii

1970 5719 2413 5790 descriptionem,
2459 5727 2622 5791 atque
2673 5719 2743 5773 ab
2787 5721 3048 5792 Scaligeri
3094 5728 3148 5776 et
3185 5718 3401 5775 Calvisii
3441 5732 3539 5787 op-

1974 5812 2318 5890 pugnatione
2365 5811 2780 5877 vindicandam,
2828 5812 2930 5871 hoc
2988 5824 3072 5873 est
3118 5813 3183 5868 ad
3228 5811 3321 5869 lib.
3366 5806 3409 5861 γ
3461 5807 3537 5869 De
