4036 6218
511 340 652 398 1455

1501 335 1589 388 AD
1630 331 1897 388 EUSEBII
1935 327 2329 386 CIIRONICON
2370 325 2728 381 AI’PENDIX.

3606 327 3625 377 1
3638 325 3733 378 42-6

509 453 750 509 doctrina
805 461 1095 520 temporum
1148 449 1401 502 ὑπόθεσιν
1458 449 1862 503 accommodata
1927 454 2074 502 sunt.
2108 452 2151 506 Α
2187 445 2310 515 quis
2352 445 2507 514 prius
2544 444 2852 497 institutum
2895 441 3126 497 retinere
3162 458 3217 494 in
3252 438 3505 495 Paschali
3538 441 3731 494 metbo.

581 544 685 610 Qui
742 541 1033 597 Paschales
1082 541 1410 594 neomenias‘
1458 555 1522 593 ac
1577 539 1840 594 terminos
1899 542 1954 594 in
2007 555 2074 594 eo

510 633 769 688 laterculo
812 631 1060 702 digessit,
1107 645 1214 699 quo
1253 628 1518 681 Catholici
1553 643 1744 684 omnes
1787 644 1816 681 a
1856 627 2076 683 Nicaano

510 735 752 795 tempore
778 723 844 777 ad
881 730 1095 777 :etatem
1137 730 1378 775 nostram
1413 721 1787 775 ecclesiastica
1833 730 2077 790 tempora

510 817 921 884 gubernarunt;
966 822 1253 868 accuratos
1319 828 1384 866 ac
1447 798 1697 867 omlestes
1759 812 1900 865 luna:
1955 828 2072 868 mo-

511 916 600 964 tus
652 909 707 962 in
750 906 1055 962 statuendis
1103 905 1406 960 ncomeniis
1453 904 1740 974 diligenter
1783 903 2017 958 obtinuit
2060 922 2074 957 :

510 1015 617 1073 quo
648 999 706 1053 Ilt
738 1006 796 1053 ut
830 999 897 1052 iis
933 998 1044 1052 fere
1089 998 1302 1062 diebus,
1333 997 1531 1068 quibus
1560 997 1838 1051 novilunia
1877 1011 2077 1052 secun—

510 1094 638 1148 dum
684 1090 891 1163 ὁμαλὴν
936 1092 1148 1160 κίνησιν
1191 1089 1483 1143 commissa
1524 1096 1672 1152 sunt,
1713 1096 1902 1142 exacte
1947 1103 2079 1141 con-

512 1192 711 1256 gruant
735 1202 750 1250 ;
778 1184 991 1238 termini
1019 1199 1147 1237 vero
1178 1181 1488 1244 Paschalcs,
1526 1181 1639 1235 sive
1663 1179 1887 1234 decimae
1912 1195 2079 1249 quar—

511 1287 601 1342 tae,
652 1276 818 1330 biduo
849 1275 1047 1345 saepius
1101 1273 1394 1344 plcnilunia
1433 1271 1762 1342 przccedant,
1794 1281 2079 1342 propterea

512 1369 660 1439 quod
696 1368 908 1424 decimo
937 1374 1090 1421 sexto
1121 1365 1206 1419 die
1239 1365 1576 1434 frequentius
1607 1364 1677 1418 ab
1705 1379 1791 1429 eo,
1825 1364 1918 1434 qui
1950 1379 2081 1418 neo-

512 1461 749 1517 meniam
803 1459 1010 1523 habuit,
1071 1458 1232 1528 plena
1281 1456 1410 1509 luna
1466 1455 1747 1525 contingat
1806 1453 1930 1510 :de
1971 1470 2081 1524 quo

514 1553 570 1606 in
612 1552 800 1621 quinto
843 1549 919 1604 De
960 1549 1204 1601 doctrina
1255 1556 1568 1615 temporum,
1601 1561 1721 1617 cap.
1761 1545 1900 1600 XIII.
1943 1544 2081 1599 Hinc

513 1657 621 1697 non
636 1657 760 1695 raro
776 1648 899 1694 ante
920 1639 1304 1710 Gregorianam
1330 1637 1622 1692 editionem
1646 1636 1862 1702 accidit,
1883 1645 1942 1691 ut
1959 1635 2084 1691 Pas-

513 1735 615 1791 cha
633 1749 742 1788 uno
758 1733 845 1788 die
866 1740 991 1786 ante
1025 1731 1381 1802 plenilunium
1400 1729 1720 1784 incurreret.
1750 1727 1880 1784 Post
1910 1743 2082 1782 annos

514 1827 640 1883 inde
695 1827 1027 1896 complures,
1076 1841 1201 1880 cum
1249 1825 1414 1880 unius
1458 1824 1572 1894 jam
1618 1822 1727 1878 diei
1776 1824 2082 1896 προήγησιν

515 1921 641 1975 luna
680 1919 901 1974 fecisset
927 1935 941 1973 :
968 1917 1189 1973 termini
1215 1925 1428 1972 veteres
1456 1916 1632 1987 pridie
1661 1915 1780 1986 ejus
1809 1915 1940 1980 diei,
1973 1930 2084 1985 quo

513 2012 690 2069 media
721 2011 989 2082 oppositio
1024 2011 1202 2075 ﬂebat,
1227 2009 1618 2079 propemodum
1661 2008 1990 2070 inciderunt,
2025 2015 2085 2061 ut

512 2119 578 2161 cx
607 2119 726 2174 cap.
759 2102 899 2171 XIII,
943 2102 1034 2155 lib.
1071 2099 1108 2154 V
1145 2101 1223 2154 De
1252 2100 1496 2152 doctrina
1528 2108 1820 2165 temporum
1844 2104 2080 2152 constat.

515 2191 722 2248 innde
754 2200 876 2262 post
907 2193 1113 2261 aliquot
1141 2192 1361 2251 saecula,
1386 2187 1612 2243 alterius
1639 2187 1744 2242 diei
1770 2187 2084 2258 anticipatio

516 2286 750 2339 mediam
783 2285 1179 2354 oppositionem
1206 2289 1418 2336 veteres
1452 2282 1505 2335 in
1533 2280 1795 2336 terminos
1816 2282 2082 2352 provexit,

516 2379 575 2426 ut
599 2383 710 2425 tum
732 2371 1024 2426 Paschales
1043 2371 1255 2426 termini
1276 2385 1461 2425 revera
1485 2378 1667 2424 essent
1685 2371 2004 2441 plcnilunia,
2031 2380 2086 2425 et.

513 2462 729 2516 decimo
766 2469 924 2516 sexto
956 2463 1043 2516 die
1069 2461 1137 2515 ab
1175 2461 1461 2515 neomenia
1498 2461 1908 2531 contingerent,
1937 2461 2083 2531 quod

513 2554 732 2624 quidem
778 2553 880 2609 sub
920 2553 1076 2608 Beda:
1105 2561 1320 2622 tempus
1355 2553 1554 2606 evenit.
1591 2551 1755 2607 lsaaci
1787 2569 1950 2622 porro
1984 2569 2085 2608 Ste-

514 2647 639 2700 culo
671 2647 832 2714 paulo
866 2646 987 2716 plus
1029 2631 1239 2699 dierum
1270 2645 1434 2699 trium
1465 2646 1794 2716 προήγησις,
1835 2646 2082 2716 Gregorii

515 2733 633 2788 XIII
689 2741 870 2800 :etate,
917 2733 1196 2803 quatridui
1238 2741 1321 2788 est
1376 2733 1486 2788 fere
1527 2733 1798 2799 confecta,
1845 2735 1979 2790 adeo
2024 2743 2084 2789 ut.

515 2825 720 2880 Nicmni
744 2825 960 2880 termini
985 2825 1251 2879 decimam
1283 2833 1529 2878 octavam
1558 2825 1739 2879 lunam
1770 2827 2082 2883 redderent.

518 2915 656 2970 IIuic
709 2915 1058 2970 incommodo
1105 2914 1518 2969 neomeniarum
1586 2914 1964 2981 Paschalium,
2019 2933 2084 2992 ac

518 3009 876 3063 terminorum
907 3007 1192 3062 translatio
1221 3007 1519 3061 remedium
1555 3009 1768 3075 attulit;
1800 3026 1920 3079 qua:
1959 3025 2082 3063 cum

517 3099 729 3154 dierum
771 3111 1032 3168 praetcrea
1087 3097 1274 3152 decem
1337 3098 1642 3164 ablatione,
1683 3115 1847 3169 quam
1889 3102 2083 3156 solaris

517 3205 696 3244 annus
741 3189 1012 3258 exigebat,
1057 3194 1166 3240 tam
1213 3195 1516 3256 opportune
1564 3186 1706 3242 facta
1757 3195 1860 3252 est,
1907 3196 1966 3240 ut
2017 3189 2086 3242 ab

518 3281 759 3351 antiquis
801 3279 1073 3344 terminis,
1109 3295 1173 3334 ac
1208 3279 1444 3335 Nicamis
1477 3295 1585 3334 uno
1620 3287 1830 3333 tantum
1871 3280 1958 3336 die
1994 3281 2089 3336 dc-

517 3379 860 3433 scenderent.
903 3380 1062 3431 Anno
1101 3377 1306 3431 Christi
1341 3392 1610 3441 cccxxnt,
1663 3376 1944 3431 neomenia
1986 3375 2091 3428 Pa-

519 3470 724 3526 schalis
771 3469 925 3540 cyclo
963 3471 996 3524 5
1035 3470 1227 3524 incidit
1274 3470 1327 3524 in
1386 3468 1560 3522 Martii
1613 3483 1768 3532 xxnt,
1807 3482 1913 3521 una
1961 3483 2086 3521 cum

519 3563 886 3617 astronomica
933 3563 1194 3632 syzygia;
1235 3562 1540 3627 terminus,
1591 3560 1794 3631 Aprilis
1839 3577 1896 3625 v,
1946 3575 2088 3615 anno

521 3653 683 3715 1577,
729 3653 884 3724 cyclo
940 3652 1128 3708 eodem
1191 3652 1529 3707 novilunium
1584 3652 1940 3706 commissum
2007 3660 2090 3705 est

520 3743 697 3796 Martii
750 3759 864 3808 xix,
913 3741 1122 3795 decima
1165 3750 1359 3812 quarta
1399 3739 1702 3806 Paschalis,
1741 3739 1943 3809 Aprilis
1983 3737 2089 3791 Ka-

521 3833 716 3887 lendis.
748 3831 1045 3902 Expunctis
1085 3830 1270 3884 decem
1315 3829 1504 3884 diebus
1546 3828 1763 3882 Nicama
1802 3827 2086 3882 neomenia

520 3923 750 3978 cadebat
779 3923 831 3976 in
870 3921 1044 3976 Martii
1080 3937 1211 3978 xxix
1243 3921 1385 3976 diem
1423 3940 1435 3974 :
1470 3920 1736 3974 terminus
1769 3920 1821 3973 in
1850 3933 1903 3972 ιι
1927 3919 2089 3988 Apri-

521 4013 609 4068 lis.
649 4012 719 4066 At
776 4013 879 4067 hoc
924 4010 1086 4064 modo
1132 4009 1297 4064 biduo
1353 4011 1571 4064 circiter
1623 4017 1748 4063 ante
1791 4007 2087 4079 plcnilunia

521 4121 664 4175 smpe
689 4104 1069 4174 contigissent.
1115 4102 1229 4157 Iloc
1269 4119 1336 4157 ne
1381 4102 1553 4166 llcret,
1595 4101 1926 4170 Grcgoriana
1966 4115 2089 4153 cor-

520 4195 689 4248 rectio
733 4202 840 4247 tam
883 4193 1198 4247 neomenias
1255 4207 1418 4262 quam
1473 4191 1737 4246 terminos
1793 4188 2086 4244 Paschalcs

521 4303 630 4342 uno
657 4287 744 4342 die
783 4287 1074 4342 summovit
1101 4301 1114 4348 ;
1149 4286 1304 4354 quasi
1337 4284 1502 4338 tridui
1546 4282 1923 4337 tantummodo
1953 4282 2088 4335 anti-

519 4379 846 4450 cipationem
878 4379 1006 4432 luna
1036 4376 1361 4446 collegisset.
1401 4375 1477 4429 Ita
1519 4389 1778 4428 numerus
1819 4389 2018 4427 aureus
2045 4389 2082 4436 ι,

2176 537 2247 590 (10
2293 536 2612 606 castiganda
2670 531 2966 596 voluisset;
3016 531 3331 586 neomenias
3371 547 3437 585 ac
3481 532 3736 586 terminos

2177 629 2531 698 anticipasset
2557 624 2738 680 triduo
2776 625 2970 680 solido.
3013 623 3116 679 Sed
3151 625 3250 679 hac
3275 625 3494 680 ratione
3531 627 3758 680 termini

2176 719 2339 775 biduo
2385 733 2624 790 persaepe
2670 715 3027 787 plenilunium
3071 717 3503 779 antevenissent,
3541 717 3619 768 uti
3655 715 3741 768 Ni-

2178 825 2329 864 εωηο
2361 809 2559 863 saecqu
2592 807 2838 862 evenisse
2869 806 3128 860 diximus.
3159 805 3338 872 Quare
3370 806 3536 861 biduo
3567 808 3622 860 in
3659 823 3741 860 an.

2185 899 2387 955 teriora
2419 911 2738 968 promovere
2768 896 2940 950 satius
2984 894 3106 949 fuit.
3145 895 3302 960 Quod
3329 903 3383 950 et
3406 894 3743 966 Nicephorus

2178 990 2452 1063 praestitit.
2487 987 2593 1044 Sed
2625 1003 2731 1042 non
2764 988 2836 1042 ob
2865 987 2940 1052 id,
2973 995 3030 1040 ut
3062 986 3160 1051 illi,
3191 988 3336 1057 quod
3367 987 3502 1051 dixi,
3534 989 3743 1042 incom-

2179 1079 2344 1134 modo
2393 1077 2732 1144 subveniret;
2773 1077 2838 1130 ad
2883 1076 3026 1147 quod
3069 1073 3389 1147 Gregoriani
3430 1077 3744 1133 Kalendarii

2187 1173 2501 1227 conditores
2533 1178 2839 1241 respectum
2873 1171 3180 1225 habuerunt
3211 1189 3224 1225 :
3257 1185 3443 1225 verum
3491 1171 3641 1241 quod
3679 1173 3746 1225 ita

2179 1278 2501 1334 persuasum
2551 1263 2836 1326 haberent,
2872 1263 3136 1316 terminos
3169 1262 3464 1317 Paschales
3501 1261 3746 1318 Nicatnos

2179 1357 2531 1410 concurrisse
2561 1369 2686 1408 cum
2731 1353 3070 1424 pleniluniis.
3103 1354 3208 1420 Qui
3242 1353 3346 1407 fuit
3378 1370 3532 1408 error
3575 1353 3747 1409 Theo-

2180 1446 2334 1516 phili,
2371 1445 2559 1516 Cyrilli
2607 1459 2670 1499 ac
2717 1445 3053 1514 reliquorum
3108 1443 3365 1515 deinceps
3409 1453 3749 1514 computata-

2182 1554 2328 1603 rum,
2361 1538 2428 1592 ad
2463 1537 2684 1601 Bedam,
2717 1546 2770 1592 et
2798 1537 2941 1590 int’ra
2978 1537 3099 1607 ejus
3139 1544 3352 1592 aetatem
3399 1555 3411 1590 :
3451 1553 3622 1608 quem
3659 1553 3750 1590 nos

2183 1630 2238 1684 in
2269 1629 2310 1683 V
2351 1629 2430 1684 De
2467 1628 2713 1683 doctrina
2764 1638 3081 1697 temporum,
3130 1645 3250 1700 cap.
3298 1627 3462 1682 XXIII
3513 1629 3750 1682 convici-

2184 1736 2326 1776 mus.
2381 1719 2520 1774 llinc
2559 1728 2642 1775 est
2681 1719 2826 1790 quod
2879 1719 3233 1791 plenilunium
3278 1735 3419 1788 szepe
3455 1720 3531 1772 illi
3571 1720 3751 1774 termi-

2184 1828 2317 1868 num
2360 1813 2655 1883 appellant,
2686 1812 2769 1866 vel
2808 1823 3058 1882 quartam
3089 1812 3378 1876 decimam,
3412 1820 3472 1864 ut
3509 1820 3566 1864 et
3616 1811 3750 1866 Isaa-

2185 1919 2285 1960 cus
2317 1913 2525 1968 noster,
2562 1920 2671 1959 non
2703 1921 2767 1960 ea
2798 1906 3018 1974 quidem
3065 1906 3277 1958 ratione
3317 1919 3480 1974 quam
3512 1905 3748 1974 Scaliger

2185 2004 2241 2050 et
2281 1996 2550 2051 Calvisius
2598 1996 2898 2052 defendunt
2939 1997 3174 2068 (tametsi
3221 1994 3466 2065 Scaliger
3503 2010 3533 2048 a
3567 1995 3750 2048 Clavio
3831 2033 3836 2038 .

2186 2095 2376 2142 nostro
2409 2086 2670 2142 dedoctus
2711 2088 2944 2157 pristina
2997 2087 3067 2142 ab
3109 2087 3378 2142 sententia
3413 2087 3666 2146 recessit,
3698 2094 3748 2139 ut

2185 2179 2372 2234 eodem
2405 2180 2544 2234 libro
2581 2180 3070 2251 monstravimus),
3104 2179 3260 2250 quasi
3294 2193 3579 2248 nunquam
3611 2177 3750 2233 deci-

2187 2283 2276 2321 mo
2315 2267 2508 2336 quinto
2550 2267 2636 2323 die
2683 2267 2752 2322 ab
2799 2269 3086 2323 neomenia
3117 2266 3325 2322 Pascha
3368 2266 3645 2321 celebrare
3689 2266 3747 2318 Ii-

2187 2359 2397 2413 cuerit:
2433 2357 2527 2413 sed
2575 2359 2659 2413 vel
2711 2358 2765 2412 in
2817 2375 2927 2414 xxii
2964 2374 3138 2429 usque
3185 2359 3369 2412 lunam
3401 2356 3622 2410 diffundi
3650 2371 3740 2410 ne-

2187 2463 2341 2504 cesse
2385 2447 2548 2504 fuerit
2595 2468 2608 2502 :
2649 2465 2838 2504 verum
2893 2450 3048 2515 ideo,
3104 2449 3250 2520 quod
3309 2449 3580 2504 neomenia
3637 2463 3742 2502 uno

2186 2549 2307 2610 post
2341 2541 2565 2611 ἀκριδὲς
2603 2542 2943 2595 novilunium
2991 2541 3078 2595 die
3124 2541 3502 2595 collocaretur.
3532 2539 3647 2594 [loc
3687 2545 3746 2592 ut

2187 2645 2409 2709 tyrones
2457 2651 2653 2706 capere
2698 2636 2893 2690 melius
2941 2635 3172 2706 possint,
3204 2636 3419 2690 tabulas
3467 2635 3746 2704 subjiciam

2185 2729 2323 2785 duas
2352 2729 2561 2784 lunaris
2595 2728 2759 2785 unius
2800 2728 2937 2799 cycli
2980 2729 3046 2782 ad
3083 2738 3374 2798 utrumque
3405 2735 3643 2797 tempus,
3665 2725 3749 2779 N-

2185 2826 2319 2880 caeni
2364 2824 2605 2890 concilii,
2659 2833 2716 2879 et
2765 2823 2937 2879 lsaaci
2983 2822 3207 2893 Argyri;
3258 2828 3316 2876 ut
3358 2837 3424 2876 ex
3473 2821 3749 2874 ambarum

2186 2914 2592 2985 comparatione
2639 2914 2782 2968 luna
2817 2912 3156 2982 anticipatio.
3185 2918 3237 2965 et
3265 2909 3560 2980 Nicephori
3591 2910 3752 2964 casti-

2187 3007 2330 3081 gatio
2361 3006 2638 3061 intellectu
2677 3005 2750 3060 sit
2790 3004 3025 3059 facilior.
3057 3003 3114 3056 In
3149 3012 3380 3073 utraque
3409 3003 3602 3056 tabula
3639 3017 3754 3056 ver-

2187 3115 2281 3154 sus
2320 3106 2481 3153 erunt
2515 3113 2612 3152 vn.
2647 3095 2866 3151 Primus
2894 3111 3120 3150 aureum
3153 3110 3436 3149 numerum
3465 3094 3648 3160 dabit;
3679 3110 3756 3149 se-

2187 3190 2400 3245 cundus
2435 3190 2647 3260 cyclum
2686 3189 2819 3244 solis
2850 3187 3186 3251 Romanum;
3221 3187 3415 3242 tertius
3449 3185 3756 3240 Dominica~

2185 3282 2290 3338 lem
2341 3282 2610 3347 litteram;
2663 3287 2895 3350 quartus
2951 3279 3292 3334 novilunium
3342 3279 3516 3349 primi.
3554 3279 3756 3332 mensis

2186 3373 2339 3429 verni
2361 3387 2485 3428 cum
2513 3371 2854 3436 charactere,
2885 3369 2952 3424 ad
2978 3371 3338 3425 meridianum
3367 3371 3755 3425 Constantino-

2188 3465 2404 3536 poleos;
2451 3465 2678 3535 quintus
2722 3463 2865 3518 diem
2912 3463 3124 3517 civilem
3166 3462 3368 3517 Juliani
3413 3466 3662 3528 mensis;
3705 3466 3751 3516 in

2187 3569 2347 3625 quem
2385 3554 2669 3609 neomenia
2706 3563 3014 3626 competere
3053 3554 3269 3619 debuit;
3301 3562 3490 3609 sextus
3525 3556 3753 3624 plenilu-

2189 3648 2338 3702 nium
2378 3647 2585 3702 mensis
2613 3646 2892 3716 ejusdem:
2934 3646 3198 3715 septitnus
3229 3646 3510 3716 plenilunii
3545 3648 3751 3701 civilem

2187 3740 2352 3795 diem.
2405 3743 2482 3793 Ac
2525 3747 2634 3792 tam
2691 3738 2746 3791 in
2787 3737 3072 3792 neomenia
3125 3753 3286 3808 quam
3342 3739 3395 3792 in
3455 3739 3754 3808 plenilunio

2187 3831 2240 3886 id
2294 3831 2674 3894 observamus,
2712 3839 2770 3882 ut
2818 3830 3034 3899 quoties
3089 3830 3347 3884 horarum
3399 3832 3756 3900 epilogismus

2187 3923 2474 3978 duodecim
2504 3923 2667 3977 horas
2696 3922 2929 3985 excedit,
2953 3937 3072 3992 qua:
3101 3922 3170 3975 ab
3201 3931 3360 3976 nocte
3399 3922 3583 3976 media
3615 3938 3758 3976 com-

2191 4023 2473 4084 putantur,
2507 4013 2575 4068 ad
2612 4022 2906 4084 utrumque
2941 4029 3174 4082 sequens
3213 4015 3329 4068 dics
3369 4014 3550 4068 civilis
3593 4015 3755 4070 ascri-

2191 4106 2351 4160 batur
2387 4124 2401 4160 :
2436 4104 2580 4174 quod
2621 4105 2940 4159 Iaterculum
2974 4103 3250 4158 Nicmnum
3293 4103 3518 4158 minime
3563 4106 3750 4159 tenuit.

2194 4195 2263 4250 Ut
2289 4196 2344 4250 in
2371 4211 2514 4250 anno
2542 4196 2734 4264 primo,
2768 4211 2889 4249 eum
2932 4196 3267 4249 novilunium
3297 4204 3448 4250 sexta
3483 4195 3602 4250 fere
3644 4204 3755 4264 post

2189 4287 2470 4342 meridiem
2505 4287 2638 4341 hora
2679 4288 2785 4342 diei
2823 4303 2954 4342 xxiii
2986 4286 3159 4340 Martii
3195 4288 3502 4358 contigerit,
3531 4303 3754 4342 neome-

2189 4381 2277 4434 nia
2317 4388 2500 4434 tamen
2541 4395 2675 4436 χχιιι
2710 4381 2829 4450 ipso
2862 4379 2949 4436 die
2978 4382 3268 4436 constituta
3297 4388 3402 4442 est,
3433 4395 3558 4449 qua:
3588 4388 3756 4432 astro-

519 4469 694 4542 quiad
712 4486 779 4523 xx
798 4468 1416 4539 Martiiprogressionem
1433 4464 2078 4534 fecissepmlilur.adxxx
2116 4477 2157 4531 ι)
2188 4472 2404 4527 nomico
2441 4471 2654 4528 calculo
2701 4472 2756 4526 in
2803 4481 3118 4543 sequentem
3152 4473 3480 4526 refunditur.
3515 4471 3631 4527 llas
3670 4488 3756 4540 sy-

521 4562 699 4617 Martii
741 4562 1064 4628 descendit;
1111 4569 1168 4614 ut
1207 4560 1473 4614 terminus
1507 4560 1558 4612 in
1591 4573 1665 4611 xtl
1699 4557 1840 4612 diem
1877 4558 2083 4627 Aprilis

521 4668 866 4732 congrueret.
903 4658 1041 4714 Hinc
1084 4659 1230 4714 enim
1269 4657 1487 4720 accidit,
1520 4664 1579 4709 ut
1621 4655 1838 4710 termini
1887 4655 2087 4725 smpius

524 4751 576 4804 in
611 4767 732 4805 eum
767 4751 910 4806 diem
943 4759 1294 4812 concurrant,
1338 4749 1430 4818 qui
1458 4755 1543 4802 est
1569 4741 1747 4816 pridie
1773 4746 1944 4809 illius,
1977 4763 2087 4816 quo

524 4842 879 4912 plenilunium
905 4841 1120 4896 accidit.
1151 4839 1226 4895 De
1251 4855 1358 4912 qua
1386 4855 1444 4894 re
1472 4834 1685 4910 plenius
1713 4845 1892 4892 actum
1914 4846 1997 4892 est
2028 4838 2081 4890 in

526 4933 565 4988 V
597 4934 946 4990 De‘doctrina
977 4945 1284 5002 temporum.

602 5025 666 5083 Ut
688 5027 755 5081 ad
781 5033 995 5082 aetatem
1015 5024 1307 5096 Nicephori
1343 5031 1399 5080 et
1429 5023 1596 5079 Isaac:
1624 5029 1932 5077 revertatur
1959 5035 2084 5076 ora-

523 5119 632 5185 tio,
677 5133 805 5175 cum
856 5117 1025 5174 tridui
1049 5127 1178 5174 tunc
1220 5117 1348 5172 luna
1392 5118 1694 5188 προήγησιν
1738 5110 1989 5177 haberet;
2035 5109 2084 5167 si

2189 4564 2374 4636 zygias
2399 4580 2465 4619 ex
2493 4564 2679 4618 tabula
2705 4580 2828 4634 cap.
2863 4565 2928 4633 Χ,
2959 4566 3057 4620 lib.
3083 4564 3171 4618 V’ll
3201 4565 3274 4618 De
3293 4565 3534 4616 doctrina
3564 4574 3755 4630 tempoo

2189 4675 2304 4712 rum
2355 4661 2753 4730 excerpsimus,
2785 4677 2906 4731 qua:
2951 4678 3058 4716 non
3111 4662 3293 4715 minus
3339 4670 3612 4716 accurate
3655 4661 3759 4714 sint

2192 4766 2352 4820 quam
2382 4767 2503 4822 quae
2530 4768 2595 4806 ex
2629 4753 3013 4809 astronomicis
3057 4752 3257 4806 tabulis
3304 4751 3430 4806 libri
3477 4750 3595 4804 \‘lll
3630 4766 3758 4805 con-

2193 4842 2475 4908 ﬁciuntur,
2527 4860 2705 4915 neque
2761 4845 2990 4898 multum
3047 4844 3115 4898 ab
3164 4844 3270 4898 illis
3315 4842 3660 4913 discrepant,
3706 4850 3758 4892 et

2190 4943 2414 5006 prOpter
2443 4935 2761 5004 adjunctum
2809 4936 2954 4992 feria:
2977 4938 3345 4992 characterem
3377 4935 3444 4990 ad
3479 4936 3759 5008 negotium

2192 5028 2612 5098 opportuniores
2649 5009 2924 5086 videntur.
