4036 6218
514 375 661 432 1459

1530 360 1617 417 AD
1654 355 1921 413 EUSEBII
1950 347 2342 409 CHRONlCON
2383 344 2749 427 APPEMDIX.

3610 332 3739 388 iufi

517 488 666 557 ginta
692 492 837 548 octo,
864 481 1116 538 Videlicet
1144 494 1287 533 anno
1314 473 1585 545 6919,qui
1625 484 1710 530 est
1729 470 2091 543 Dionysianns
2123 473 2166 528 Α
2194 464 2372 520 Martii
2406 480 2529 530 xxt;
2561 478 2686 516 cum
2732 458 3036 513 certissime
3067 456 3282 557 constet
3302 449 3558 557 'idipsun't‘
3574 446 3744 546 Martii

521 578 680 642 1111,
709 576 866 647 plena
900 574 1010 637 fiet,
1044 573 1242 643 inquit,
1270 569 1420 624 bidui
1467 568 1795 638 προήγησις.
1833 563 1958 619 Haec
1992 564 2096 616 Ar-

517 683 708 740 gyrus.
737 666 800 720 Et
822 666 1042 736 quidem
1074 679 1263 719 revera
1291 675 1436 715 anno
1473 660 1567 714 illo
1590 674 1747 729 quem
1777 657 1910 712 dicit
1933 654 2096 710 Chri-

518 762 589 817 sti
620 760 781 824 1575,
811 755 1097 810 Judaicum
1136 753 1493 824 plenilunium
1523 750 1754 821 contigit
1791 748 1941 803 horis
1978 747 2090 801 eir—

517 852 660 906 citer
693 849 871 903 tribus
901 853 1024 917 post
1063 846 1197 900 solis
1230 850 1502 901 exortum,
1536 840 1664 896 Erat
1692 855 1868 894 annus
1904 837 2094 892 Judai-

520 959 620 999 cus
649 940 810 1002 5155,
842 938 1002 1008 cujus
1044 936 1188 992 Tisri
1238 936 1362 990 iniit
1393 936 1621 1001 Augusti
1674 949 1804 999 xxx,
1853 932 1986 987 feria
2031 929 2092 992 2.

521 1048 666 1089 anno
699 1030 900 1086 Christi
937 1028 1098 1092 1372,
1128 1029 1284 1100 eyclo
1332 1027 1463 1082 solis
1497 1025 1741 1079 Romano
1786 1040 1862 1088 tx,
1916 1023 2091 1079 littera

519 1123 628 1180 DC.
660 1122 791 1177 Nam
825 1122 974 1176 illius
1004 1120 1291 1174 character
1313 1129 1431 1173 erat
1457 1118 1515 1181 2,
1542 1118 1597 1179 5,
1632 1116 1758 1172 606.
1792 1114 1961 1170 Nisan
1995 1129 2094 1166 au-

520 1226 630 1273 tem
657 1217 944 1270 character
968 1214 1022 1276 5,
1046 1213 1133 1277 ΞΟ,
1158 1212 1282 1272 757,
1314 1209 1448 1267 feria
1474 1226 1527 1264 vt
1552 1210 1623 1265 ob
1644 1208 2088 1271 translationem;

520 1308 703 1364 Martii
736 1323 864 1371 xxv,
890 1304 1046 1378 cyeio
1091 1304 1224 1359 solis
1265 1301 1513 1357 Romano
1551 1317 1607 1367 x,
1648 1299 1827 1355 littera
1856 1297 1916 1363 Β,
1947 1312 2092 1352 anno

520 1398 727 1455 Christi
778 1398 939 1453 15Ἱ5.
987 1394 1354 1451 Plenilunium
1412 1408 1543 1464 ergo
1601 1391 1956 1445 commissum
2006 1395 2093 1443 est

520 1491 655 1561 Apr.
684 1507 807 1555 vttt,
843 1488 979 1543 feria
1008 1488 1064 1553 6,
1096 1487 1185 1552 15,
1225 1487 1295 1541 75
1320 1485 1457 1555 1/2,
1491 1485 1592 1538 hoc
1618 1492 1701 1538 est
1727 1483 1877 1537 horis
1905 1481 1992 1545 15,
2022 1480 2093 1534 75

523 1587 649 1650 post
690 1588 871 1634 ortum
920 1578 1074 1634 solis.
1120 1575 1256 1630 Nam
1307 1574 1661 1646 epilogismus
1707 1571 1968 1627 Iudaicus
2022 1572 2092 1624 ab

523 1684 727 1727 occasu
779 1669 913 1725 solis
960 1668 1172 1738 incipit.
1213 1666 1320 1721 Sed
1365 1667 1538 1721 mirus
1586 1664 1822 1719 hominis
1866 1671 2088 1732 stupor;

523 1760 619 1831 qui
648 1774 757 1814 non
791 1756 1240 1813 animadverterit
1276 1756 1539 1812 terminos
1564 1753 1882 1818 Paschales,
1912 1752 2003 1822 qui
2035 1752 2089 1804 in

523 1853 789 1909 laterculo
838 1852 1097 1921 descripti
1146 1858 1296 1917 sunt,
1341 1849 1430 1905 cui
1482 1847 1855 1921 Damascenus
1905 1852 2095 1898 auctor

526 1944 872 2009 inscribitur,
903 1958 1010 1998 non
1052 1943 1188 1997 alios
1217 1957 1361 2007 esse,
1395 1955 1558 2011 quam
1590 1920 1862 1999 Nicanos'.
1898 1922 2094 2007 quibus

522 2036 882 2108 Theophilus,
928 2036 1203 2107 Cyrillus,
1258 2042 1312 2089 et
1374 2032 1635 2087 Catholici
1699 2031 1956 2098 deinceps
2010 2028 2095 2083 usi

526 2135 674 2183 sunt.
707 2127 775 2181 At
801 2126 1021 2183 lsaacus
1049 2126 1198 2179 circa
1231 2138 1432 2178 annum
1454 2122 1660 2177 Christi
1694 2120 1796 2175 765
1828 2133 2092 2174 canonent

524 2217 678 2272 illum
711 2218 993 2271 conditum
1028 2230 1091 2270 ne
1117 2215 1381 2269 terminos
1411 2227 1533 2267 esse
1563 2211 1891 2266 constitutos
1911 2205 2095 2264 existi-

524 2315 658 2361 mat.
709 2305 982 2362 Detractis
1022 2304 1167 2359 enim
1201 2302 1305 2357 608
1342 2301 1409 2357 de
1449 2301 1609 2363 1⁸575,
1641 2299 1859 2356 exsistit
1915 2311 2093 2352 annus

527 2397 649 2452 765.
689 2395 832 2451 Sane
860 2394 1103 2450 Joannes
1135 2393 1507 2449 Damascenus
1561 2407 1626 2448 eo
1679 2391 1882 2447 saeculo
1920 2389 2090 2455 vixit;

523 2490 623 2561 qui
663 2487 914 2543 laterculi
955 2486 1102 2541 illius
1135 2485 1415 2540 artificiosi
1452 2483 1702 2541 conditor
1732 2498 1857 2539 esse
1882 2480 2090 2553 potuit;

526 2593 639 2634 non
667 2586 849 2632 tamen
875 2577 1140 2631 terminos
1170 2574 1428 2630 instituit.
1471 2572 1576 2628 Sed
1605 2573 1872 2644 Argyrum
1904 2570 2094 2626 fefellit

525 2670 601 2734 id,
635 2670 704 2726 de
738 2685 847 2739 quo
875 2669 1036 2739 paulo
1072 2676 1199 2722 ante
1248 2666 1457 2722 monui.
1492 2663 1708 2719 Putavit
1735 2678 1801 2719 eo
1827 2672 2089 2732 tempore,

523 2777 633 2833 quo
661 2760 954 2816 Paschales
992 2759 1082 2813 fixi
1118 2765 1247 2815 sunt
1291 2757 1530 2821 termini,
1575 2757 1786 2827 plenam
1818 2756 2001 2810 lunam
2035 2755 2089 2808 ιιι

521 2870 622 2916 eos
678 2853 1001 2908 incurrisse.
1058 2851 1215 2918 Quod
1276 2850 1495 2921 quidem
1547 2847 1722 2905 sancti
1772 2848 2090 2903 Damasceni

521 2953 680 3001 aetate
708 2944 956 3014 contigit,
983 2959 1106 2999 cum
1136 2944 1265 2997 olim
1308 2941 1525 2997 Nicazno
1550 2942 1749 2997 saeculo
1779 2941 1945 2996 biduo
1976 2940 2089 2996 fere

524 3037 824 3109 plenilunia
874 3036 1255 3106 praevenirent.
1301 3033 1401 3088 Hie
1446 3033 1569 3089 fons
1605 3034 1810 3089 erroris
1838 3042 1925 3088 est
1956 3050 1971 3087 :
1998 3032 2086 3087 cui

525 3130 772 3201 proxime
824 3128 1200 3199 subjiciendus
1253 3136 1337 3183 est
1392 3127 1555 3192 alter,
1608 3127 1752 3197 quod
1800 3125 2085 3181 Judaicum

524 3219 736 3277 Pascha
802 3228 1067 3291 perpetuo
1136 3219 1404 3275 decimam
1480 3226 1730 3289 quartam
1774 3217 2090 3273 Paschalem

523 3313 966 3369 Christianorum
1025 3327 1148 3369 esse
1192 3312 1352 3379 velit;
1406 3326 1506 3367 nec
1548 3310 1832 3381 intelligat,
1875 3308 2091 3366 Iudaeos

526 3412 653 3460 ante
690 3419 917 3459 vernum
955 3402 1341 3473 aequinoctium
1376 3403 1693 3472 plerumque
1720 3400 1928 3456 Pascha
1951 3402 2091 3457 cele-

524 3497 714 3552 brasse
750 3516 764 3552 :
802 3503 916 3551 tum
958 3511 1086 3551 vero
1126 3506 1348 3566 propter
1386 3496 1563 3551 varias
1601 3494 2003 3556 translationes,
2036 3494 2089 3547 itt

524 3589 800 3644 decimum
834 3589 1087 3660 quintum
1122 3588 1207 3644 vel
1255 3588 1526 3643 decimum
1558 3597 1769 3643 sextum
1808 3586 2090 3643 difl'udisse

526 3679 693 3739 diem.

597 3770 740 3839 Quin
765 3770 933 3827 etiam
968 3770 1195 3826 ridicule
1227 3770 1470 3842 Argyrus
1493 3771 1633 3826 idem
1668 3770 1736 3824 do
1764 3769 2093 3840 aequinoctio

524 3880 694 3921 verno
748 3864 847 3920 abs
913 3878 973 3920 se
1023 3863 1366 3933 deprehenso
1415 3872 1539 3918 ante
1603 3862 1744 3917 diem
1800 3878 1869 3917 xv
1913 3863 2089 3917 Martii

526 3956 719 4014 scribit
762 3969 830 4010 ex
880 3955 1267 4011 observatione
1313 3955 1675 4010 solstitiorum
1723 3975 1735 4009 :
1779 3956 1935 4025 quasi
1981 3973 2088 4010 non

524 4050 698 4105 multo
745 4050 937 4113 tutius.
965 4063 1029 4104 ac
1084 4048 1301 4103 facilius
1357 4048 1449 4111 sit,
1481 4048 1804 4119 aequinoctia
1846 4050 1961 4120 ipsa
1995 4049 2090 4104 ob-

525 4156 743 4196 servare
764 4154 859 4210 per
882 4155 1023 4203 sese,
1041 4154 1203 4209 quam
1226 4153 1290 4193 ex
1324 4139 1679 4193 solstitiorum
1706 4138 1913 4192 ratione
1941 4138 2092 4193 colli-

524 4248 671 4305 gere.
706 4231 804 4287 Est
845 4231 987 4287 enim
1042 4232 1235 4293 horum
1291 4230 1692 4285 animadversio
1745 4230 1998 4292 diflicilis.
2039 4240 2092 4285 et

524 4322 736 4379 lubrica
768 4330 992 4393 propter
1024 4320 1382 4376 lentissimam
1415 4329 1468 4375 et
1495 4321 1815 4392 ἀναίσθητον
1841 4337 2093 4391 progres-

526 4417 737 4474 sionem
767 4415 900 4469 solis
926 4428 956 4470 ιι
982 4413 1205 4482 tropicis
1232 4412 1471 4482 punctis,
1500 4419 1559 4466 ut
1580 4409 1885 4467 mirandum
1920 4415 2091 4483 magis

2196 572 2313 609 xxtt
2343 560 2463 625 post
2494 549 2774 606 meridiem
2803 553 3047 601 notatum
3080 542 3147 596 ab
3177 540 3270 593 illo
3302 537 3490 592 fuisse.
3519 535 3746 605 Denique

2194 643 2340 714 quod
2393 640 2585 697 scribit
2631 646 2756 693 ante
2803 650 2977 690 annos
3030 630 3419 703 quinquaginta
3462 627 3516 680 in
3558 625 3745 695 oppido

2196 732 2442 789 Thracize
2491 731 2633 785 IEno
2674 727 2892 783 Judaeos
2946 723 3153 778 Pascha
3204 721 3511 776 celebrasse
3580 716 3747 770 Martii

2194 842 2301 888 xx,
2347 839 2473 878 cum
2531 820 2902 875 Christianum
2955 815 3286 870 celebratum
3339 811 3502 865 fuerit
3555 809 3752 879 Aprilis

2195 930 2362 978 xxtu;
2415 913 2594 967 littera
2648 909 2749 963 fuit
2772 910 2839 967 A.
2877 916 2930 963 et
2955 921 3132 960 annus
3172 903 3378 958 Christi
3417 902 3579 961 1318.
3609 903 3754 972 cyelo

2194 1007 2327 1061 solis
2352 1022 2427 1067 xl,
2453 1005 2594 1059 luna:
2618 1018 2739 1065 Vill,
2777 1000 3059 1056 neomenia
3085 998 3231 1052 'l'isri
3256 1011 3401 1050 anno
3437 994 3577 1049 1517
3611 994 3755 1062 cyclo

2194 1098 2328 1153 solis
2372 1113 2426 1160 x,
2459 1096 2638 1150 littera
2682 1092 2744 1157 B,
2776 1091 3111 1161 Septembris
3154 1105 3250 1153 vu,
3298 1088 3432 1143 feria
3455 1088 3509 1147 4,
3545 1088 3606 1149 8,
3635 1085 3752 1147 286,

2193 1184 2359 1240 Nisan
2388 1183 2567 1237 Martii
2608 1196 2689 1246 ιιι,
2721 1181 2855 1235 feria
2883 1180 2937 1239 6,
2980 1179 3069 1241 12,
3104 1177 3229 1239 724,
3261 1190 3405 1231 anno
3429 1174 3590 1235 1518,
3623 1174 3755 1227 litte—

2193 1291 2252 1330 ra
2280 1275 2344 1327 A.
2378 1274 2484 1327 Sed
2527 1281 2748 1343 propter
2778 1268 2955 1332 Badu,
2998 1266 3283 1322 neomenia
3321 1264 3422 1319 fuit
3462 1262 3651 1317 Martii
3689 1278 3755 1325 tv,

2193 1365 2328 1421 feria
2357 1365 2409 1430 7,
2439 1365 2494 1428 5,
2524 1364 2595 1418 40
2631 1362 2751 1434 1/2.
2796 1360 2853 1415 Si
2894 1352 3179 1414 neomenia
3219 1356 3396 1411 Martii
3448 1370 3502 1410 tv
3536 1354 3756 1415 accidit,

2192 1457 2404 1514 Pascha
2446 1457 2778 1511 celebratum
2825 1461 2911 1509 est
2963 1452 3031 1507 ad
3081 1466 3365 1521 vesperam
3399 1449 3506 1504 diei
3543 1465 3686 1508 χιιι,
3713 1455 3759 1501 et

2191 1549 2456 1620 postridie
2504 1547 2606 1602 fuit
2655 1547 2829 1617 prima
2877 1546 2995 1600 dies
3040 1556 3376 1614 azymorum.
3417 1538 3605 1606 Quare
3649 1554 3758 1592 cum

2193 1640 2363 1695 lsaaci
2424 1639 2798 1708 descriptione
2871 1651 2979 1690 non
3051 1633 3324 1703 congruit.
3390 1631 3758 1688 Christianum

2196 1746 2386 1801 porro,
2417 1727 2804 1797 Nicmnumque
2839 1725 3049 1781 Pascha
3084 1725 3417 1781 celebratum
3447 1731 3533 1778 est
3564 1722 3761 1792 Aprilis

2126 1825 2168 1881 Β
2199 1838 2357 1887 xxut,
2390 1836 2515 1876 cum
2549 1821 2818 1877 terminus
2866 1819 2921 1872 in
2963 1832 3096 1872 xvtu
3141 1817 3379 1881 caderet,
3414 1813 3549 1870 feria
3586 1816 3759 1869 tertia.

2773 1931 3005 1988 CAPUT
3042 1929 3132 1986 ΧΙ.

2194 2028 2381 2083 Altera
2413 2024 2685 2082 melhodus
2722 2024 3000 2078 Paschalis
3040 2023 3338 2091 exponitur,
3370 2037 3489 2090 qum
3514 2022 3571 2074 in
3599 2024 3761 2076 sancti

2577 2096 2807 2150 Andreae
2843 2102 3086 2162 computo
3116 2094 3367 2147 cernitur.

2266 2188 2363 2245 Est
2390 2188 2707 2243 Grmcorum
2751 2190 3193 2255 computatorum
3230 2189 3287 2237 et
3333 2181 3441 2236 alia
3477 2181 3763 2236 methodus

2194 2282 2263 2336 ad
2322 2280 2619 2336 Paschales
2686 2278 2984 2341 terminos,
3035 2276 3150 2332 sive
3203 2274 3432 2330 Iudaica
3490 2276 3760 2330 Pascbata

2193 2373 2612 2446 cognoscenda;
2652 2386 2817 2442 quam
2851 2369 3165 2425 Chronicon
3209 2366 3636 2422 Alexandrinum
3674 2382 3759 2422 se-

2192 2468 2381 2538 quitur
2409 2484 2423 2520 :
2459 2465 2550 2520 cui
2591 2479 2702 2519 non
2747 2462 2980 2517 multum
3012 2460 3301 2517 dissimilis
3349 2467 3428 2515 est
3462 2474 3524 2513 ea
3548 2474 3672 2529 quae
3698 2459 3756 2513 in

2191 2565 2452 2628 computo
2514 2555 2745 2610 Andreae
2793 2553 3273 2624 Hierosolymitani
3328 2552 3554 2622 legitur;
3597 2550 3760 2620 cujus

2191 2651 2494 2707 declaratio
2531 2650 2600 2704 ad
2628 2665 2693 2705 ea
2731 2664 2853 2719 quae
2891 2647 3166 2718 capitibus
3198 2645 3652 2702 antecedentibus
3678 2661 3749 2700 ex-

2192 2743 2394 2814 plicata
2423 2748 2571 2806 sunt,
2598 2756 2706 2794 non
2734 2754 2925 2810 parum
2951 2735 3235 2793 conducct.

2262 2832 2437 2886 Annis
2464 2831 2533 2884 ab
2558 2829 2767 2884 Adatno
2794 2843 2891 2898 per
2915 2827 2982 2881 19
3006 2826 3337 2890 distributis,
3371 2827 3589 2897 cyclum
3608 2828 3762 2889 lunae,

2190 2930 2246 2979 et
2317 2924 2369 2979 ei
2432 2930 2802 2993 congruentes
2864 2927 3085 2990 epactas
3142 2918 3389 2973 invenire
3438 2918 3624 2987 jubet.
3676 2915 3764 2972 llis

2191 3015 2390 3072 deinde
2426 3014 2547 3070 dies
2589 3029 2688 3068 χιιι
2736 3011 2936 3067 addere
2982 3011 3083 3074 τὰς
3139 3010 3245 3082 πρὸ
3299 3009 3407 3063 τῶν
3442 3012 3764 3080 φωστήρων,

2189 3123 2310 3179 quae
2334 3105 2667 3161 antecedunt
2689 3103 3013 3169 luminaria;
3040 3103 3193 3167 item,
3235 3100 3608 3172 προσελήνους
3640 3112 3761 3153 ante-

2194 3205 2405 3254 lunares
2430 3196 2542 3259 VII,
2578 3204 2693 3252 tum
2742 3196 2810 3250 ad
2865 3194 3246 3265 complendam
3299 3193 3574 3247 decimam
3610 3208 3766 3262 quar-

2192 3300 2325 3356 tam,
2367 3298 2503 3360 quot
2543 3304 2684 3359 opus
2714 3296 2801 3343 est
2828 3287 2946 3341 dies
2990 3285 3250 3355 adjicere.
3303 3282 3506 3339 Facilis
3539 3291 3634 3339 est
3660 3299 3767 3337 me-

2191 3383 2413 3439 thodus.
2466 3384 2508 3434 A
2557 3378 2821 3434 Kalendis
2878 3377 3087 3433 Martiis
3131 3376 3199 3431 ad
3236 3392 3331 3431 vttt
3379 3391 3559 3446 usque
3608 3375 3763 3437 diem,

2190 3491 2311 3545 qua:
2337 3474 2513 3544 prima
2567 3480 2651 3527 cst
2690 3470 2972 3527 neomenia
3012 3469 3315 3534 Paschalis,
3352 3470 3469 3525 dics
3503 3480 3642 3525 sunt
3677 3487 3761 3523 vn.

2190 3565 2231 3622 li
2282 3574 2571 3638 propterea
2628 3566 2947 3638 προσέληνοι
2996 3571 3293 3629 vocantur;
3347 3564 3477 3632 quia
3530 3567 3760 3632 primam

2189 3660 2533 3715 neomeniam
2565 3658 2897 3731 praecedunt.
2926 3655 3056 3712 Inde
3090 3657 3155 3711 ad
3178 3673 3249 3711 xx
3270 3656 3470 3722 Martii,
3499 3656 3622 3711 dies
3645 3672 3763 3720 xm,

2190 3753 2284 3823 qui
2317 3753 2422 3824 πρὸ
2465 3751 2905 3822 τῶν.φωστήρων
2943 3751 3309 3820 appellantur,
3345 3765 3413 3805 eo
3459 3752 3615 3820 quod
3662 3755 3767 3820 pri-

2189 3861 2358 3909 mam,
2406 3860 2469 3900 ae
2504 3831 2745 3900 cititnzﬁn
2782 3844 3027 3897 onmium
3059 3843 3327 3898 decimam
3362 3850 3625 3913 quartam
3648 3858 3769 3915 pro-

2190 3938 2337 3992 xime
2365 3936 2699 3991 anteeedunt
2720 3978 2734 4001 ,
2761 3952 2883 4006 qua:
2921 3944 3006 3991 est
3030 3951 3120 3989 χιιι
3153 3935 3353 3991 Martii.
3386 3936 3768 3993 Lutninarium

2192 4038 2374 4086 autem
2422 4029 2699 4101 Oppositio
2743 4028 2858 4083 fieri
2895 4027 2962 4081 ab
2986 4028 3095 4082 illis
3120 4028 3421 4098 putabatur
3449 4028 3504 4082 in
3533 4031 3768 4084 termino

2189 4121 2465 4178 Paschali.
2495 4122 2685 4192 Itaque
2716 4121 2854 4173 citra
2880 4119 3158 4189 ambages,
3193 4119 3312 4174 dies
3341 4136 3411 4173 xx
3449 4119 3516 4174 ad
3546 4129 3769 4191 epactas

2192 4215 2473 4271 addendas
2527 4230 2650 4269 esse
2687 4211 2970 4284 praescribi
3012 4219 3246 4282 poterat.
3285 4211 3403 4266 Jam
3444 4213 3492 4267 si
3533 4211 3768 4267 conflata

2192 4308 2404 4363 dierum
2438 4321 2648 4363 summa
2679 4304 2859 4360 minor
2905 4304 2977 4359 sit
3020 4319 3183 4374 quam
3222 4319 3368 4372 κων,
3406 4305 3659 4375 reliquos
3681 4307 3773 4359 ad-

2188 4400 2322 4469 jice.
2351 4399 2528 4454 donec
2559 4413 2686 4453 xuv
2713 4397 2994 4466 compleas
3027 4414 3041 4451 :
3075 4395 3340 4465 quidquid
3364 4395 3620 4452 additum
3648 4397 3768 4456 erit,

523 4510 596 4566 sit
639 4507 1075 4578 qualemcunque
1129 4515 1500 4561 astronomum
1548 4520 1665 4559 eam
1731 4505 2089 4575 cognoscendi
2122 4516 2168 4574 ι)
2195 4501 2317 4564 Ροεῐ
2347 4510 2417 4546 XX
2461 4491 2643 4546 Μητιῖί
2697 4491 3002 4561 limabit”,
3047 4489 3408 4561 ostendetque
3448 4488 3770 4547 PaSChalem

526 4599 679 4655 verni
704 4599 1015 4670 aequinoctii
1054 4598 1315 4655 rationem
1339 4597 1582 4660 inivisse,
1611 4612 1771 4667 quam
1806 4600 1905 4652 hac
1936 4599 2092 4653 adhi-

524 4693 660 4754 bita,
705 4690 888 4746 triduo
929 4691 1150 4746 circiter
1204 4691 1505 4746 aberrasse.
1536 4689 1669 4743 Nam
1700 4706 1885 4745 verum
1918 4692 2089 4762 arqui-

526 4786 770 4839 noetium
814 4798 1041 4838 vernum
1098 4798 1243 4837 anno
1289 4783 1491 4837 Christi
1551 4783 1687 4835 1572
1737 4785 2089 4838 commissum

526 4883 612 4931 cst
640 4874 816 4929 Martii
850 4890 929 4930 ιιι
961 4875 1203 4940 ineunte,
1235 4874 1365 4929 feria
1391 4892 1442 4929 vt
1474 4876 1607 4930 hora
1641 4877 1691 4939 1,
1717 4875 1797 4929 11'
1828 4883 1951 4947 post
1976 4891 2091 4930 me-

527 4967 673 5022 diam
709 4974 944 5033 noetem,
976 4965 1466 5038 Constantinopoli.
1499 4966 1729 5033 Quinam
1764 4974 1942 5023 autem
1976 4965 2090 5020 fieri

527 5069 729 5131 potest,
759 5071 815 5117 ut
863 5059 1033 5118 lsaaci
1083 5068 1329 5131 tempore
1373 5059 1760 5130 aequinoctium
1802 5058 2094 5113 incurrerit

528 5151 584 5205 in
617 5149 801 5205 Martii
832 5168 922 5212 xv.
952 5151 1037 5207 vel
1080 5166 1172 5205 xiv
1210 5149 1375 5211 diem,
1406 5165 1530 5204 cum
1574 5158 1791 5204 centum
1829 5148 1940 5204 fere
1970 5157 2095 5220 post

530 5238 713 5302 annis,
741 5237 847 5293 hoc
879 5245 962 5294 est
998 5252 1141 5292 anno
1172 5237 1332 5301 1188,
1364 5237 1598 5293 Joannes
1632 5237 2094 5308 Regiomontanus

531 5329 673 5383 idem
718 5330 985 5400 repererit
1014 5329 1192 5384 Martii
1223 5346 1301 5397 xl,
1347 5330 1482 5385 hora
1513 5331 1568 5395 5,
1598 5330 1680 5384 ω
1711 5338 1833 5401 post
1861 5329 2092 5385 mediam

529 5423 784 5478 noctem?
811 5423 958 5494 quod
1008 5432 1062 5479 et
1109 5425 1187 5479 illi
1239 5440 1303 5479 ex
1356 5424 1558 5479 nostris
1589 5425 1792 5479 tabulis
1835 5432 1991 5480 eruto
2027 5423 2093 5477 ad

532 5514 702 5572 lsaaci
732 5521 949 5586 tempus
973 5515 1440 5570 accommodatum
1471 5524 1573 5571 est.
1597 5515 1732 5570 Tum
1760 5515 2095 5585 Copcrnicus

532 5619 677 5660 anno
702 5602 860 5669 1516,
890 5604 1065 5659 Martii
1096 5620 1173 5670 χι,
1205 5604 1341 5659 hora
1370 5605 1425 5668 4,
1464 5605 1547 5661 20⁸
1578 5606 1902 5662 observavit.
1938 5604 2095 5660 Falsa

531 5698 697 5767 igitur
723 5694 1030 5752 observatio
1060 5697 1150 5752 illa
1179 5705 1262 5753 est
1291 5696 1462 5752 lsaaci
1495 5698 1724 5770 Argyri;
1758 5698 1907 5753 velut
1930 5696 2093 5752 etiam

532 5807 654 5845 cutn
681 5788 1026 5848 Ptolemazum
1073 5787 1221 5845 addit
1262 5790 1643 5853 aequinoctium
1673 5786 2093 5849 deprehendisse

2195 4585 2508 4641 terminum.
2548 4583 2645 4638 Sin
2693 4583 2812 4639 dies
2842 4600 2989 4647 xuv,
3023 4593 3117 4637 aut
3146 4584 3329 4653 plures
3376 4586 3539 4639 etiam
3585 4600 3774 4640 nume.

2192 4686 2404 4739 rentur,
2433 4683 2644 4733 tantum
2693 4675 2833 4731 adde
2856 4675 3090 4736 dierum.
3119 4684 3383 4744 quantum
3410 4693 3648 4734 necesse
3669 4687 3768 4739 est,

2192 4778 2273 4834 ut,
2322 4769 2518 4824 diebus
2550 4769 2769 4831 ablatis,
2824 4768 3239 4838 quatuordccim
3271 4767 3579 4842 resideant,
3613 4781 3666 4824 ct
3695 4768 3773 4822 id-

2192 4865 2370 4934 ipsum
2410 4863 2553 4933 quod
2602 4861 2888 4929 ndjcceris,
2923 4869 3046 4930 post
3088 4876 3179 4914 xxt
3239 4860 3418 4915 Martii
3466 4872 3666 4931 putare
3695 4864 3774 4915 in-

2191 4958 2335 5026 cipe.
2367 4956 2574 5009 Etenim
2628 4954 2840 5008 decitna
2889 4961 3082 5023 quarta
3125 4955 3382 5023 quwlibet
3413 4955 3549 5008 citra
3592 4954 3771 5008 Martii

2191 5066 2279 5104 xxi
2320 5048 2568 5104 incidens
2595 5047 2833 5101 nondum
2874 5045 3154 5101 Paschalis
3180 5053 3267 5102 est
3294 5047 3398 5103 :ob
3431 5048 3483 5101 id
3520 5048 3773 5103 calculus

2192 5140 2747 5212 ultraprOpagandus
2780 5148 2884 5193 est.
2914 5138 3045 5194 Esto
3082 5140 3270 5211 cyclus
3298 5141 3769 5209 Constantinopo-

2190 5235 2394 5289 litanus
2426 5249 2534 5297 λιν,
2579 5234 2669 5302 qui
2692 5241 2776 5287 est
2804 5232 3088 5287 Romanus
3127 5249 3263 5297 xvn,
3295 5242 3502 5303 epactae
3534 5242 3670 5289 sunt
3698 5251 3768 5293 tv,

2193 5344 2314 5397 quae
2342 5342 2466 5382 cunt
2488 5343 2556 5379 xx
2586 5325 2787 5387 Martii,
2819 5324 3116 5378 conficiunt
3144 5324 3237 5379 21.
3272 5324 3344 5380 Ut
3369 5335 3549 5380 autem
3582 5325 3770 5379 ablata

2194 5422 2402 5490 integra
2446 5417 2686 5489 syzygia,
2745 5416 2940 5485 reliqui
3000 5417 3111 5470 sint
3159 5416 3276 5472 dies
3316 5433 3428 5479 xlv,
3489 5416 3635 5471 adde
3675 5416 3767 5470 20.

2193 5512 2354 5565 Fiunt
2377 5511 2446 5564 Μ
2478 5511 2616 5565 dies.
2644 5508 2817 5562 Porro
2838 5507 3073 5562 addititii
3101 5509 3177 5562 illi
3213 5508 3285 5563 20
3310 5524 3340 5562 a
3367 5526 3456 5563 xxt
3489 5508 3673 5562 Martii
3703 5506 3770 5559 ad

2195 5620 2245 5658 ιι
2274 5603 2475 5672 Aprilis
2502 5601 2861 5671 perveniunt;
2888 5616 2998 5670 quo
3033 5599 3120 5656 die
3141 5617 3230 5656 xtv
3252 5599 3534 5657 Paschalis
3560 5614 3772 5654 conve-

2196 5696 2294 5756 nit.
2325 5694 2476 5766 cyclo
2501 5694 2641 5747 luna:
2666 5691 2886 5747 Nicaeno
2917 5709 3045 5747 xvtt.

2268 5786 2480 5843 Rursus
2506 5785 2655 5856 ryclo
2674 5801 2702 5838 v
2726 5785 3350 5857 Coustanlitmpolitano,
3386 5786 3633 5841 ῐιοιιιιιιιο
3654 5802 3767 5849 nu,
