4036 6218
286 262 414 319 ιιιι

1264 250 1716 311 DISSERTATIO
1754 253 1843 310 DE
1882 251 2294 309 GRAECORUM
2335 251 2538 307 ERIS.

3376 257 3516 314 ιιιε

282 383 486 448 epactaa
515 393 638 440 xxv,
670 391 789 446 qua:
817 389 939 429 eum
975 388 1045 426 xx
1086 372 1279 426 diebus
1325 370 1502 425 Martii
1529 370 1661 424 dant
1699 386 1844 436 xcv;
1878 380 1921 432 Α
1949 369 2084 439 ginti
2124 408 2139 432 ,
2169 367 2374 423 idcirco
2412 365 2821 423 accommodata
2868 366 3078 438 integra
3108 368 3347 439 syzygia.
3380 384 3516 425 con-

286 478 343 523 ut
371 470 536 540 igitur
568 485 726 523 Lxxiv
754 468 870 521 dies
898 466 1189 528 exsistant,
1227 462 1460 517 addendi
1499 477 1652 516 ιιιι.
1685 459 1845 516 Fient

287 562 371 618 74.
410 563 674 618 Detractis
700 562 789 616 δυ.
832 559 1035 613 residui
1066 564 1194 612 sunt
1238 556 1322 610 M.
1360 555 1630 610 Caeterum
1676 554 1745 609 ad
1773 554 1845 608 20

284 655 397 711 dies
440 655 637 718 Martii,
685 652 882 705 additis
902 650 993 715 29,
1024 658 1076 703 et
1119 663 1185 702 ex
1221 662 1436 703 summa
1464 646 1557 706 49,
1592 645 1846 700 deductis

285 746 341 801 5|
367 747 561 808 Martii.
588 753 758 798 restat
787 742 990 813 Aprilis
1021 742 1110 802 18,
1153 741 1208 794 in
1252 753 1417 810 quam
1448 739 1715 793 terminus
1745 738 1847 792 Pa-

283 839 480 892 schalis
516 836 767 890 Nic-tenus
819 834 1093 905 congruit,
1141 832 1295 903 cyclo
1319 846 1437 885 vm.
1802 822 1811 829 ’

272 968 278 989 ι
347 931 416 983 Αι
440 936 661 983 sanctus
701 927 945 982 Andreas
973 924 1274 987 Cretensis,
1299 929 1358 976 ut
1393 921 1534 977 idem
1573 921 1844 977 terminus

281 1023 605 1085 obtineatur,
632 1022 900 1076 labentem
932 1020 1074 1073 lunae
1104 1019 1319 1089 cyclum
1347 1032 1445 1087 per
1486 1032 1542 1069 xt
1574 1015 1842 1085 multipli-

280 1122 385 1168 cat.
440 1113 676 1168 Summae
731 1113 973 1168 collectae
1002 1126 1099 1166 sex
1142 1111 1259 1165 dies
1306 1108 1516 1177 adjicit,
1567 1123 1706 1178 quas
1746 1109 1840 1161 ἀπ’

280 1205 484 1261 αἰώνων
512 1213 691 1274 vocat,
740 1221 914 1275 usque
966 1203 1032 1257 ad
1071 1205 1288 1274 cyclum
1340 1217 1467 1267 xw;
1527 1202 1684 1271 cyclo
1712 1215 1841 1255 vero

279 1317 419 1363 xvu,
458 1317 593 1356 xvnt
640 1308 695 1354 et
730 1316 819 1353 xix
866 1307 1071 1368 septem
1110 1295 1278 1350 addit.
1311 1294 1445 1349 Post
1489 1294 1604 1349 haec
1632 1294 1838 1363 integra

280 1408 487 1450 summa
516 1408 612 1464 per
640 1392 710 1447 30
745 1392 970 1453 tributa,
1004 1389 1149 1460 quod
1171 1388 1439 1458 reliquum
1466 1395 1550 1441 est
1581 1401 1611 1439 a
1640 1382 1836 1441 Martio

279 1487 476 1557 putari,
511 1486 669 1555 eique
710 1495 968 1554 quantum
1008 1483 1219 1537 dierum
1252 1496 1392 1550 opus
1415 1486 1499 1536 est
1545 1479 1669 1535 addi
1700 1494 1841 1549 prte-

279 1580 425 1649 cipit,
450 1585 509 1633 ut
557 1592 816 1632 numerus
843 1576 910 1630 ad
947 1574 1339 1646 quinquaginta
1369 1573 1672 1643 perveniat,
1702 1572 1838 1628 adeo

280 1680 336 1726 ut
362 1671 523 1726 etiam
553 1670 620 1725 de
652 1670 819 1738 Aprili
854 1668 1055 1738 aliquid
1101 1667 1450 1736 adjungatur.
1480 1664 1684 1719 llorum
1722 1665 1837 1719 die-

218 1808 223 1814 .
280 1777 393 1817 rum
429 1762 651 1817 ultimus
682 1760 890 1816 Pascha
918 1758 1204 1814 Judaieum
1235 1758 1359 1813 erit.
1402 1759 1574 1827 Cujus
1604 1757 1833 1821 decreti,

279 1872 342 1910 ne
368 1855 495 1925 quid
524 1854 855 1925 diligentiam
882 1860 1125 1909 nostram
1146 1850 1426 1922 elfugeret,
1461 1864 1683 1904 causam
1713 1863 1838 1904 esse

278 1948 656 2017 comperimus.

343 2038 556 2110 Epactte
586 2039 828 2100 lunares,
861 2052 981 2107 quae
1018 2035 1271 2090 Martium
1312 2034 1662 2101 antecedunt,
1709 2040 1837 2089 sunt

276 2132 476 2186 residui
511 2131 627 2186 dies
643 2142 763 2201 post
808 2130 1051 2183 ultimam
1074 2128 1347 2199 syzygiam
1382 2146 1396 2182 :
1433 2142 1666 2197 quorum
1689 2141 1833 2180 com-

278 2226 600 2295 plementum
644 2221 711 2277 ad
740 2233 870 2285 ιιι,
904 2221 1238 2274 lunationem
1285 2234 1403 2274 eam
1447 2219 1678 2289 perlicit,
1717 2234 1838 2289 qua!

277 2317 513 2372 nondum
574 2313 854 2370 Paschalis
900 2329 1023 2368 esse
1081 2319 1277 2382 potest.
1334 2310 1503 2382 Igitur
1555 2306 1837 2365 Paschalis

274 2409 402 2474 erit,
438 2413 945 2478 quarcunqueyost
999 2405 1207 2473 ipsam,
1262 2403 1530 2459 decimam
1585 2410 1834 2472 quartam

274 2502 434 2555 habet
466 2500 520 2554 in
562 2512 649 2553 ιιι
672 2497 870 2560 Martii,
910 2505 1004 2551 aut
1032 2497 1277 2567 proxime
1312 2504 1437 2566 post
1463 2512 1572 2550 xxt.
1604 2494 1838 2550 Proinde

276 2594 339 2647 ad
368 2600 616 2662 epactam
661 2590 861 2665 addere
905 2596 1141 2659 oportet,
1188 2588 1331 2642 ultra
1377 2589 1835 2657 complementum

273 2682 426 2755 ejus,
477 2697 586 2752 quo
641 2682 849 2752 integra
897 2681 1115 2752 syzygia
1165 2679 1478 2749 perlicrtur;
1545 2677 1662 2733 dies
1718 2691 1833 2743 xtv,

274 2776 338 2831 ad
370 2776 633 2831 decimam
669 2782 918 2844 quartam
960 2772 1191 2842 syzygize
1229 2770 1567 2841 insequentis
1588 2770 1836 2825 obtinen-

274 2868 417 2922 dam.
467 2865 598 2932 Quaa
634 2865 849 2936 quidem
902 2864 949 2919 si
998 2863 1066 2917 ad
1110 2878 1201 2917 ιιι
1264 2861 1439 2916 Martii
1496 2862 1834 2932 pervenerit,

274 2960 459 3029 utique
503 2955 785 3013 Paschalis
831 2956 952 3010 erit.
1002 2952 1101 3009 Sin
1155 2954 1374 3018 minus,
1429 2954 1529 3008 toti
1576 2970 1682 3008 xxx
1719 2954 1837 3009 dies

1952 460 2087 514 ﬁunt
2112 460 2231 515 dies
2270 474 2433 523 xux;
2466 457 2532 513 de
2563 458 2761 528 quibus
2791 457 3074 513 subductis
3110 458 3293 513 Martii
3322 460 3514 519 diebus

1948 565 2101 611 xxxi,
2152 555 2361 604 restant
2396 563 2553 602 xvul.
2626 546 2841 602 Rursus
2903 547 3213 617 inquiratur
3252 552 3514 607 terminus

1948 639 2103 709 cyclo
2148 639 2289 693 luna:
2324 653 2477 692 xvm.
2509 636 2723 708 Epaetae
2754 646 2882 692 sunt
2909 653 3065 703 xvm,
3089 638 3158 693 ad
3186 652 3324 709 quas
3356 654 3515 696 acce-

1947 728 2087 783 dunt
2122 744 2219 793 vn,
2251 734 2314 783 ut
2343 727 2473 782 liant
2506 744 2631 790 xxv.
2673 728 2875 799 quibus
2907 730 2974 782 ad
3003 730 3398 800 quinquaginta
3427 731 3519 787 de-
3594 803 3599 807 θ

1946 830 2075 876 sunt
2108 836 2234 875 xxv.
2290 820 2431 890 Ergo
2474 819 2660 873 Martii
2688 820 2777 875 die
2808 836 2916 874 xxv
2948 828 3142 891 quarta
3172 822 3382 877 decima
3412 821 3516 876 Pa-
3597 854 3605 863 -

1944 913 2148 969 schalis
2188 913 2418 967 incurrit
2441 914 2594 984 cyclo
2618 910 2864 967 Romano
2886 929 2975 976 xv,
3012 914 3514 986 Constantinopoli-

1946 1012 2075 1058 tano
2119 1019 2275 1059 xvm.
2328 1004 2484 1059 ldem
2520 1002 2629 1069 ﬁet,
2670 1004 2714 1060 si
2750 1011 3063 1074 epactarum
3097 1021 3232 1061 xvtu
3277 1007 3518 1077 comple-

1944 1101 2187 1148 mentum
2220 1095 2287 1149 ad
2321 1110 2478 1161 xtm,
2524 1094 2627 1150 hoc
2655 1103 2740 1151 est
2772 1112 2879 1150 xxv
2922 1112 3179 1151 numeres
3209 1095 3515 1154 aKaleudis

1943 1183 2173 1241 Martiis.
2208 1185 2333 1241 Haec
2362 1187 2651 1244 methodus
2685 1188 2865 1244 locum
2904 1188 3064 1245 habet
3084 1191 3139 1244 in
3167 1188 3403 1246 Nicaenis
3424 1206 3516 1262 sy-

1943 1278 2133 1348 zygiis.
2173 1277 2329 1344 Quod
2354 1279 2400 1333 si
2432 1281 2792 1351 προηγήσεως
2825 1281 3033 1335 lunaris
3055 1282 3322 1336 rationem
3346 1282 3516 1337 duce-

1942 1382 2000 1421 re
2021 1367 2146 1437 quis
2176 1369 2345 1435 velit,
2379 1376 2558 1439 potest
2592 1370 2661 1425 ad
2703 1378 2950 1441 epactam
2983 1372 3101 1427 dies
3140 1372 3340 1428 addere
3386 1373 3517 1427 toti-

1941 1454 2086 1520 dem,
2118 1467 2251 1526 quot
2281 1458 2411 1511 luna
2460 1457 2750 1528 pristinam
2795 1459 3057 1530 epocham
3102 1462 3415 1529 antevertit,
3453 1469 3514 1516 ut

1940 1544 2161 1601 Isaacus
2184 1546 2430 1618 Argyrus
2453 1548 2711 1602 instituit.

2531 1639 2759 1696 CAPUT
2794 1639 2911 1695 ΧΠ.

1869 1737 1911 1793 Β
1938 1727 2253 1783 Declaratur
2295 1747 2421 1786 usus
2477 1734 2706 1800 computi
2751 1734 3039 1802 superioris
3079 1731 3419 1802 Cra’corum,
3461 1744 3514 1790 et

2079 1802 2462 1869 prwcipuorum
2507 1802 2761 1872 festorum
2798 1804 3048 1872 exemplis
3092 1807 3369 1861 astruitur.

2010 1888 2270 1960 Superest
2301 1900 2358 1945 ut
2399 1890 2570 1946 Graaci
2603 1893 2864 1963 computi,
2893 1909 3051 1963 quem
3088 1904 3343 1950 accurate
3382 1895 3514 1950 bac-

1937 1991 2098 2038 tenus
2144 1983 2545 2051 enarravimus,
2580 2001 2739 2039 usum
2788 2001 2852 2040 ac
2897 1985 3134 2041 fructum
3168 1988 3513 2057 experiamur

1938 2073 1994 2127 in
2037 2073 2188 2129 festis
2246 2075 2463 2129 illorum
2500 2076 2792 2146 praecipuis
2844 2077 3184 2148 indagandis,
3241 2094 3362 2149 qua:
3410 2094 3511 2134 nos

1938 2165 2159 2220 mobilia
2192 2166 2355 2235 vulgo
2398 2182 2802 2237 nuncupamus.
2827 2168 2900 2222 Ea
2942 2185 3103 2239 porro
3129 2171 3513 2225 describuntur

1938 2258 1993 2311 in
2022 2257 2238 2311 illorum
2265 2255 2580 2330 Horologio,
2603 2261 2747 2329 quod
2770 2259 3014 2317 Venetiis
3037 2263 3240 2317 editum
3263 2271 3347 2318 est
3368 2276 3512 2317 anno

1936 2345 2140 2401 Christi
2189 2346 2348 2401 1555.
2393 2346 2564 2415 Cujus
2602 2348 2655 2401 in
2690 2349 2891 2403 calcem
2922 2366 3186 2405 annorum
3232 2366 3299 2405 ιι.
3342 2351 3513 2407 series

1936 2435 2287 2498 describitur,
2322 2436 2389 2490 ab
2418 2451 2563 2492 anno
2618 2440 2803 2494 mundi
2865 2440 3003 2495 7044
3052 2442 3119 2496 ad
3170 2442 3303 2498 7083
3334 2461 3348 2497 :
3375 2459 3512 2513 quo-

1938 2540 2057 2578 rum
2089 2525 2145 2578 in
2189 2524 2421 2595 singulis
2456 2525 2720 2580 festorum
2767 2542 2832 2582 ac
2874 2528 3255 2599 religiosorqu
3300 2529 3511 2585 dierum

1939 2622 2182 2683 tempora
2215 2614 2591 2669 continentur.

2005 2702 2190 2759 Primo
2210 2704 2332 2759 loco
2372 2707 2405 2778 ἡ
2436 2706 2727 2780 παραμονὴ
2760 2706 2870 2760 τῶν
2900 2707 3133 2779 Χριστοῦ
3170 2709 3373 2777 γεννῶν
3407 2725 3510 2780 po-

1938 2796 2106 2863 nitur,
2152 2796 2255 2852 hoc
2287 2804 2371 2854 est
2416 2797 2612 2870 Vigilia
2660 2798 2870 2856 Natalis
2902 2799 3136 2866 Domini,
3166 2801 3324 2872 cujus
3374 2800 3513 2857 feria

1939 2896 2178 2944 notatur.

2010 2979 2288 3045 Secundo,
2316 2980 2675 3053 Κρεωφάγια,
2709 2978 2814 3034 hoc
2850 2989 2935 3035 est
2973 2979 3088 3035 dies
3113 2995 3304 3036 omnes
3336 2994 3366 3034 a
3399 2980 3509 3034 Na-

272 3048 506 3146 θάίξθηάξ
568 3057 758 3146 erm)“
808 3056 867 3101 “t
913 3045 1194 3146 Ρθξδεδθηθ
1238 3046 1506 3146 ξθτιπίηιξθ
1549 3046 1832 3146 ¹¹³¹ξθ³ξυῧ
1864 3077 1908 3135 c
1938 3069 2033 3124 tali
2094 3069 2162 3124 ad
2220 3045 2581 3125 Domi'nicam’
2622 3069 3002 3141 Sexagesima,
3047 3087 3168 3142 quae
3203 3072 3511 3146 Ἀπόκρεως

337 3139 607 3207 Quocirca
637 3140 702 3194 ad
727 3155 850 3195 eum
886 3139 1105 3193 modum
1135 3137 1469 3192 conformari
1510 3138 1695 3208 regula
1730 3138 1834 3192 ista

274 3239 483 3299 poterat
516 3250 529 3285 :
559 3230 639 3285 Ad
683 3238 928 3301 epactam
972 3230 1149 3299 adjiée
1171 3238 1435 3299 quantum
1457 3229 1669 3284 dierum
1698 3244 1836 3299 opus

272 3324 336 3377 ad
367 3322 713 3393 complendus
748 3338 892 3387 xLiv,
931 3337 961 3376 a
982 3322 1136 3394 cyclo
1170 3322 1346 3391 primo
1389 3321 1455 3375 ad
1494 3336 1614 3387 xvt,
1650 3321 1733 3375 vel
1768 3319 1835 3373 ad

273 3431 400 3469 ιιιιι
450 3415 745 3484 explendos
801 3415 856 3469 in
922 3415 1099 3470 tribus
1153 3415 1323 3486 cyclis
1373 3414 1622 3485 reliquis,
1678 3413 1836 3469 initio

272 3508 416 3562 facto
464 3523 493 3561 a
527 3507 781 3564 Kalendis
812 3507 1040 3573 Martiis,
1075 3507 1121 3562 si
1161 3508 1306 3577 quod
1339 3508 1493 3564 deest
1545 3507 1723 3576 majus
1751 3514 1836 3561 est

271 3615 361 3652 xx.
396 3597 493 3653 Sin
528 3600 707 3654 minus
729 3609 830 3666 est,
887 3607 1052 3654 totam
1110 3606 1371 3668 praeterea
1421 3599 1696 3670 syzygiam
1726 3615 1835 3653 xxx

270 3693 478 3747 dierum
532 3690 903 3747 accommoda.
947 3688 1224 3759 Quidquid
1271 3690 1514 3744 additum
1561 3697 1667 3755 est,
1715 3690 1762 3745 si
1804 3705 1835 3744 a

271 3782 528 3839 Kalendis
562 3783 768 3839 Martiis
795 3789 1035 3852 putetur,
1073 3783 1126 3836 in
1179 3783 1470 3837 terminum
1513 3782 1833 3837 Paschalem

269 3875 501 3931 desinet.
530 3873 655 3930 Haec
689 3875 873 3945 regula
902 3874 1091 3929 eodem
1118 3888 1241 3929 eum
1269 3874 1360 3928 illa
1389 3874 1565 3929 sancti
1604 3872 1834 3928 Andreae

269 3968 481 4022 recidit.
517 3964 649 4020 Nam
679 3967 771 4037 qui
801 3981 896 4020 sex
928 3966 1044 4021 dies
1070 3965 1219 4020 addit
1249 3968 1314 4020 ad
1337 3974 1620 4034 epactam;
1649 3981 1713 4021 ac
1746 3981 1836 4021 re-

271 4059 477 4127 liquum
507 4057 703 4113 deinde
747 4063 996 4111 numerat
1040 4072 1070 4110 a
1097 4056 1355 4112 Kalendis
1390 4056 1622 4117 Martiis.
1661 4057 1834 4113 donec

268 4148 660 4219 quinquaginta
718 4147 1019 4217 compleat;
1076 4147 1215 4201 idem
1262 4148 1390 4203 facit
1441 4163 1504 4202 ac
1553 4149 1599 4203 si
1642 4148 1836 4206 diebus

270 4240 377 4293 illis
405 4254 499 4294 sex
531 4252 642 4292 non
682 4236 909 4299 additis.
932 4237 1078 4292 solos
1119 4252 1245 4292 xuv
1272 4238 1534 4308 expleret.
1565 4238 1705 4293 Cum
1737 4255 1833 4294 au-

268 4339 377 4385 tem
411 4330 552 4383 lunae
592 4329 785 4394 saltus,
814 4335 867 4383 et
904 4329 1146 4401 ὑποτομή
1190 4329 1295 4384 dici
1330 4330 1496 4384 unius
1542 4331 1696 4402 cyclo
1730 4346 1830 4386 'va

266 4422 587 4493 contingat,
664 4423 756 4493 qui
819 4430 903 4477 est
954 4421 1351 4477 Alexandrinus
1404 4438 1495 4475 ιιι
1528 4463 1543 4486 ,

266 4530 367 4583 pra
407 4514 937 4579 demonstravimus;
1001 4513 1123 4567 ideo
1181 4513 1393 4567 numeri
1448 4514 1597 4568 aurei
1653 4516 1837 4586 cyclo-

265 4621 390 4658 rum
437 4608 777 4677 sequentium
821 4619 928 4659 uno
983 4605 1072 4660 die
1107 4605 1449 4661 neomeniam
1502 4605 1664 4659 citius
1702 4605 1834 4660 oll‘e—

264 4703 415 4751 runt.
440 4691 521 4749 Ob
550 4694 605 4750 id
634 4704 836 4765 septem
868 4693 985 4748 dies
1027 4696 1094 4747 ad
1147 4703 1367 4764 epactas
1404 4693 1553 4748 addit
1588 4696 1835 4751 Andreas

260 4786 419 4856 cyclo
449 4801 581 4851 xvu,
612 4801 744 4840 xvut
782 4795 835 4841 et
862 4801 975 4851 ιιι,
997 4793 1050 4841 et
1078 4801 1177 4841 nos
1200 4789 1266 4841 ad
1294 4802 1430 4841 ιιιιι
1455 4790 1834 4842 tantummodo

259 4878 528 4949 compleri
565 4895 832 4934 summam
874 4880 1249 4951 praecipimus;
1297 4890 1355 4935 ut
1393 4896 1505 4935 uno
1554 4881 1639 4936 die
1686 4891 1832 4943 ante,

257 4985 429 5040 quam
477 4970 533 5024 in
593 4970 841 5040 reliquis,
896 4970 1181 5026 nenmenia
1236 4971 1483 5026 sistatur.
1550 4972 1835 5037 Quaaratur

256 5061 497 5132 exempli
528 5063 701 5132 gratia
725 5062 988 5119 terminus
1020 5061 1302 5118 Paschalis
1342 5064 1497 5135 cyclo
1537 5080 1591 5118 ν.
1619 5063 1835 5134 Epactte

257 5163 395 5207 sunt
424 5169 549 5216 xxv,
582 5155 760 5208 adeas
787 5153 1014 5222 adjectis
1044 5157 1278 5218 v1,liunt
1322 5171 1481 5222 xxxi;
1514 5164 1568 5211 et
1606 5156 1835 5225 abjcctis

258 5255 394 5305 xxx,
417 5249 585 5296 restat
613 5257 649 5296 ι.
680 5242 832 5296 Adde
857 5243 1039 5312 itaque
1068 5258 1195 5297 ιιιι
1232 5245 1365 5309 dies,
1389 5244 1570 5315 deque
1603 5246 1671 5301 iis
1694 5246 1836 5300 Illar-

258 5331 327 5383 tii
356 5331 474 5386 dies
499 5332 653 5387 aufer
678 5349 828 5397 ιιιι,
867 5335 1059 5400 reliqui
1094 5344 1257 5390 erunt
1287 5352 1421 5391 xvm
1458 5339 1661 5408 Aprilis
1691 5339 1829 5394 dies.

257 5423 438 5492 Igitur
476 5425 677 5495 Aprilis
722 5442 850 5480 xvut
885 5427 973 5480 die
1008 5429 1277 5485 terminus
1326 5430 1610 5486 Paschalis
1641 5433 1833 5488 incidit

256 5516 422 5584 cyclo
448 5515 1047 5586 Constantinopolitano
1081 5533 1133 5581 ι’,
1179 5518 1273 5587 qui
1315 5527 1399 5575 est
1425 5520 1831 5576 Alexandrinus

256 5621 385 5659 vm.
419 5606 488 5659 At
521 5607 816 5663 secundum
867 5610 1107 5679 regulam
1151 5618 1427 5676 nostram,
1458 5614 1716 5682 quoniam
1760 5616 1828 5669 ad

261 5710 415 5763 xuv,
447 5699 640 5755 desunt
668 5700 784 5756 dies
821 5718 932 5767 ιιι,
983 5702 1074 5771 qui
1118 5718 1377 5759 numerus
1408 5705 1586 5761 minor
1631 5716 1714 5762 est
1750 5707 1827 5761 vi-

1934 3172 2180 3227 vocatur,
2199 3161 2398 3232 quibus
2428 3162 2675 3218 carnium
2701 3178 2828 3219 esus
2865 3163 3194 3234 indulgetur.

2005 3253 2214 3317 Tertio,
2270 3254 2332 3307 τὸ
2378 3253 2655 3325 Τριώδιον,
2694 3270 2815 3325 quae
2841 3264 2925 3309 est
2950 3255 3233 3311 Dominica
3261 3255 3511 3327 proxime

1936 3344 2266 3399 antecedens
2299 3343 2638 3400 Dominicam
2668 3345 3119 3418 Septuagesimaa.

2015 3434 2258 3501 Quam),
2311 3437 2345 3506 ἡ
2387 3436 2699 3507 Ἀπόκρεως
2726 3478 2740 3501 ,
2800 3436 3076 3492 Dominica
3116 3436 3505 3508 Carnisprivii;

1936 3541 2099 3595 quam
2126 3524 2530 3595 Sexagesimam
2563 3528 2923 3597 appellamus,
2947 3542 2979 3581 a
3010 3543 3118 3598 qua
3142 3516 3316 3583 Graeci
3342 3528 3510 3582 absti-

1936 3629 2065 3669 nere
2100 3615 2362 3669 carnibus
2416 3614 2708 3685 incipiunt,
2743 3615 2936 3671 diebus
2971 3624 3098 3671 ante
3130 3616 3340 3671 Pascha
3371 3632 3457 3671 ινι
3490 3637 3504 3669 :

1936 3704 2081 3775 quod
2108 3720 2173 3759 eo
2204 3704 2431 3769 faciunt,
2465 3713 2523 3759 ut
2554 3722 2619 3759 ιι.
2652 3706 2864 3762 dierum
2888 3707 3160 3779 jejunium
3189 3709 3241 3762 in
3274 3708 3506 3763 solidum

1936 3802 2170 3851 constet.
2228 3794 2365 3849 Cum
2415 3795 2561 3850 enim
2622 3794 2863 3851 Sabbato
2914 3798 3165 3869 jejunare
3220 3798 3374 3853 nel‘as
3410 3799 3510 3852 ha-

1937 3888 2122 3951 beant,
2175 3901 2286 3941 uno
2332 3898 2558 3958 excepto
2594 3888 2771 3960 pridie
2794 3888 3098 3956 Paschatis,
3129 3891 3175 3946 si
3204 3891 3271 3946 de
3302 3890 3508 3946 hebdo-

1936 3976 2187 4031 madihus
2217 3993 2344 4041 vui,
2377 3977 2571 4035 diebus
2613 3994 2720 4043 LVI,
2750 3988 2874 4035 octo
2906 3980 3240 4044 Dominicas,
3273 3995 3337 4037 ac
3371 3980 3508 4037 Sab-

1935 4069 2064 4124 bata
2116 4084 2193 4123 vit
2245 4084 2545 4140 expungas,
2594 4073 2789 4143 reliqui
2843 4071 2961 4128 dies
3012 4081 3175 4129 erunt
3225 4089 3337 4128 xu.
3370 4072 3506 4128 Nam

1936 4165 2271 4229 postremum
2323 4160 2619 4215 Sabbatum
2656 4172 2810 4217 extra
2856 4163 3104 4220 ordinem
3152 4163 3365 4236 jejunio
3415 4164 3505 4218 di-

1936 4258 2115 4308 catur.

2006 4341 2227 4409 Quinto,
2263 4342 2434 4413 legale
2462 4341 2692 4400 Pascha.

1618 4430 1677 4477 ul
1738 4438 1833 4479 ευ·
1866 4429 1914 4487 D
2011 4432 2197 4499 Sexto,
2221 4434 2590 4490 Christianum
2622 4436 2850 4492 Pascha.

2008 4525 2272 4597 Septimo,
2306 4529 2339 4599 ή
2368 4529 2619 4599 Κυριακὴ
2660 4528 2766 4582 τῶν
2806 4528 2998 4599 Ἀγίων
3044 4530 3281 4591 πάντων,
3318 4529 3504 4586 Domi-

1936 4618 2056 4673 nica
2080 4617 2405 4674 Sanctorum
2434 4621 2677 4675 omnium
2703 4639 2718 4689 ;
2751 4638 2871 4693 qua:
2904 4623 3194 4678 Dominica!
3218 4621 3504 4679 Trinitatis

1935 4710 2252 4779 respondet.

2007 4798 2232 4863 Octavo,
2262 4800 2532 4869 jejunium
2577 4808 2887 4856 sanctorum
2926 4803 3328 4874 Apostolorum,
3359 4805 3505 4876 quod

1935 4888 2109 4946 Graeci
2174 4892 2379 4947 obeunt
2445 4907 2476 4946 a
2530 4891 2808 4948 Dominica
2861 4892 3186 4950 Sanctorum
3232 4897 3503 4961 omnium,

1942 4998 2118 5052 usque
2154 4983 2220 5037 ad
2251 4999 2417 5037 xxvm
2461 4981 2629 5040 Junii.
2655 4984 2789 5038 Nam
2838 5001 2967 5039 xxix
3005 4985 3151 5041 Junii
3191 4994 3504 5043 sanctorum

1933 5072 2304 5141 apostolorum
2335 5069 2480 5128 Petri
2519 5061 2572 5128 εἰ
2616 5074 2771 5130 Pauli
2808 5076 3003 5131 festum
3056 5079 3354 5135 celebrant.
3397 5077 3509 5133 Po-v

1934 5162 2123 5218 stridie
2162 5163 2260 5235 τὴν
2328 5164 2543 5231 σύναξιν
2599 5166 2709 5220 τῶν
2753 5167 2958 5223 δώδεκα
3008 5171 3336 5226 ἀποστόλων.
3392 5169 3511 5227 Hoc

1934 5270 2097 5324 porro
2118 5255 2387 5323 jejunium
2418 5258 2553 5312 alias
2576 5258 2791 5330 longius
2811 5300 2827 5323 ,
2872 5261 3007 5315 alias
3038 5263 3376 5320 contractius
3398 5273 3503 5319 est.

1934 5344 2182 5400 Totidem
2225 5348 2369 5402 enim
2402 5348 2612 5403 dierum
2642 5358 2747 5415 est,
2779 5358 2912 5421 quot
2940 5368 2970 5406 a
3000 5350 3264 5409 Paschate
3293 5354 3360 5409 ad
3392 5362 3513 5410 ιειοί

1931 5436 2068 5490 tium
2120 5436 2262 5491 diem
2306 5436 2452 5493 Junii
2506 5448 2912 5511 computantur,
2958 5449 3019 5497 ut
3078 5443 3297 5499 Isaacus
3345 5444 3517 5500 docet;

1932 5528 2110 5597 capite
2130 5527 2247 5583 XV.
2283 5528 2419 5583 Nam
2451 5546 2481 5584 a
2505 5529 2773 5587 Paschate
2809 5533 2878 5587 ad
2913 5532 3248 5589 Dominicam
3277 5544 3501 5606 aposto-

1931 5618 2274 5682 lorum,_dies
2304 5632 2431 5676 sunt
2466 5638 2595 5677 Lvu.
2622 5623 2668 5675 A
2694 5625 2859 5678 tertio
2889 5624 3011 5679 Maii
3040 5625 3108 5680 ad
3133 5641 3302 5681 xxvm
3331 5625 3513 5687 Juniir

1931 5709 2048 5765 dies
2079 5711 2324 5767 totidem.
2359 5712 2539 5779 Quare
2566 5714 2783 5782 dempto
2805 5716 3093 5775 intervallo
3123 5732 3153 5772 a
3184 5717 3348 5774 tertio
3375 5715 3517 5773 Maii
