4036 6218
488 227 624 281 1443

1475 221 1568 276 AB
1607 221 1691 277 EU
1703 221 1848 276 SEBl
1866 227 1883 278 ς
1901 217 2297 277 CHRONICON
2342 218 2708 277 APPENDIX.

3593 225 3728 281 1444

485 346 552 399 ad
602 343 942 398 Dominicam
998 343 1400 412 apostolorum,
1449 358 1619 396 unum
1653 343 1902 411 idemque
1935 356 2060 412 spa—
2093 347 2135 403 Α
2165 338 2298 394 Nam
2329 355 2360 393 a
2385 339 2663 396 Dominica
2691 340 3074 412 Sexagesima,
3093 352 3312 413 quaeest
3333 345 3367 414 ἡ
3397 344 3728 416 ’Λπόκρεως,

453 434 621 521 Ιιίιιιιι
657 434 762 488 erit
792 449 821 486 a
852 432 1117 488 Paschate
1147 434 1215 488 ad
1257 435 1474 488 tertium
1503 431 1670 497 Junii,
1703 433 1846 503 quod
1897 441 1982 488 est
2029 448 2059 484 a

447 577 462 606 ι
485 523 768 579 Dominica
799 524 903 577 τῶν
929 525 1236 578 ἀποστόλων
1271 525 1337 579 ad
1367 541 1537 580 xxvm
1565 525 1732 580 Junii.

556 614 629 669 Ut
678 614 792 667 haec
827 614 1008 667 omnia
1047 615 1317 684 superiori
1368 616 1626 670 methodo
1657 617 1895 688 expediri
1933 633 2060 688 pos-

486 704 626 770 sint,
673 703 838 758 unius
883 703 1012 757 anni
1065 703 1370 777 διαγραφήν
1413 721 1480 762 ex
1515 705 1811 777 ilorologio
1861 724 2060 780 propo-

485 812 702 852 nemus.

558 890 748 953 Ἔτους
795 889 925 962 ,ζμδ’
987 889 1308 954 ίνδικτιῶνος
1368 889 1412 943 0'
1441 906 1454 921 ο
1499 891 1647 962 ἡλίου
1698 892 1884 946 κύκλοι
1949 895 2056 965 ις’έο

485 983 778 1053 φεγγαρίου
829 983 1016 1036 κύκλοι
1059 983 1136 1036 ιδ’.
1205 984 1271 1035 ’Π
1323 984 1613 1054 παραμονὴ
1661 984 1767 1037 τῶν
1819 986 2055 1056 Χριστοῦ

483 1074 685 1141 γεννῶν
713 1075 895 1145 ἡμέρα
939 1081 990 1139 ς’
1011 1092 1027 1107 ο
1061 1075 1380 1146 κρεωφαγία
1412 1074 1615 1146 ἡμέραι
1657 1077 1752 1140 νζν.
1787 1077 1859 1130 Τὸ
1900 1077 2060 1149 τριώ-

481 1165 590 1218 διον
619 1166 840 1236 ἄρχεται
865 1166 1208 1237 Φεϐρουαρίῳ
1236 1165 1319 1220 ιϐ’.
1355 1167 1593 1236 Νομικὸν
1620 1168 1810 1238 Πάσχα
1839 1169 2057 1240 Ἀπριλ-

483 1258 580 1328 λίῳ
613 1257 675 1310 θ’.
713 1257 1051 1327 Χριστιανῶν
1104 1259 1294 1328 Πάσχα
1333 1259 1628 1330 Ἀπριλλίῳ
1659 1267 1754 1324 ις’.
1806 1261 2055 1333 Κυριακὴ

483 1347 588 1399 τῶν
654 1347 848 1415 Ἀγίων
896 1349 1111 1402 πάντων
1167 1349 1370 1419 Ἰουνίῳ
1413 1355 1513 1401 ια’·
1573 1351 1606 1420 ἡ
1665 1350 1886 1420 νηστεία
1949 1352 2056 1405 τῶν

481 1440 650 1508 ἁγίων
682 1439 1013 1504 ἀποστόλων,
1039 1441 1242 1512 ἡμέραι
1277 1441 1361 1505 ιζ’.

557 1551 575 1583 ‹
607 1533 766 1586 Αιιιιο
807 1533 964 1595 7044,
999 1534 1297 1587 indictione
1327 1548 1402 1597 Ix,
1436 1533 1571 1590 solis
1610 1535 1748 1604 cycli
1779 1550 1889 1597 xvi,
1916 1535 2055 1588 luna:

484 1640 594 1689 xw,
624 1628 956 1694 exspectatio
1003 1625 1202 1681 natalis
1229 1627 1451 1694 Christi,
1503 1627 1635 1682 feria
1673 1643 1767 1692 vt,
1805 1629 2051 1682 carnium

481 1733 610 1774 esus
636 1718 828 1773 diebus
858 1733 986 1772 LVII.
1036 1717 1316 1772 Triodium
1372 1720 1563 1790 incipit
1611 1719 1892 1774 Februarii
1939 1736 2048 1776 xix.
2082 1696 2126 1755 Β

483 1807 678 1878 Legale
734 1807 940 1863 Pascha
969 1809 1170 1878 Aprilis
1222 1825 1296 1864 ιχ.
1354 1810 1788 1866 Christianorum
1845 1810 2054 1865 Pascha

483 1902 685 1971 Aprilis
714 1917 824 1954 xvr.
856 1899 1139 1955 Dominica
1168 1899 1495 1956 Sanctorum
1524 1903 1765 1956 omnium
1797 1901 1942 1956 Junii
1977 1917 2050 1956 ιιι.

480 1992 755 2062 Jejunium
786 2005 1100 2048 sanctorum
1123 1994 1534 2065 Apostolorum,
1568 1995 1686 2049 dies
1713 2011 1874 2048 xvu.)

552 2084 646 2139 Est
681 2085 771 2139 hic
821 2101 998 2141 annus
1049 2086 1254 2140 Christi
1309 2086 1466 2152 1536,
1512 2094 1568 2138 ιιι
1607 2094 1850 2154 apparet,
1897 2087 1943 2140 si
1988 2086 2055 2140 de

485 2175 621 2230 7044
653 2176 993 2231 deducantur
1035 2176 1197 2230 5508.
1223 2175 1423 2246 Cyclus
1453 2183 1569 2230 erat
1603 2173 1881 2229 Romanus
1912 2177 2054 2230 sola-

481 2269 560 2322 ris
604 2285 658 2333 v,
720 2268 913 2322 littera:
971 2267 1078 2331 BA,
1128 2267 1271 2320 lunre
1306 2283 1414 2320 xw.
1469 2268 1627 2320 Anno
1679 2267 2050 2331 antecedente,

485 2359 624 2413 1555
667 2360 819 2430 cyclo
855 2358 1102 2412 Romano
1132 2375 1185 2412 tv
1214 2357 1396 2411 littera
1420 2367 1537 2412 erat
1559 2356 1601 2412 C
1637 2373 1650 2408 :
1680 2358 1800 2412 ideo
1828 2357 1961 2411 feria
1999 2374 2052 2412 vt

486 2451 796 2506 Decembris
826 2467 973 2505 xxrv.
1003 2449 1204 2506 Divisis
1241 2451 1378 2504 7044
1424 2467 1521 2521 per
1561 2459 1930 2520 competentes
1963 2465 2056 2521 cy-

483 2543 621 2605 clos,
657 2542 894 2612 prodibit
923 2542 1056 2597 solis
1087 2559 1198 2606 va,
1237 2543 1377 2596 lunae
1409 2559 1519 2607 xiv,
1564 2551 1768 2613 epacta:
1803 2542 1944 2596 luna:
1979 2557 2050 2595 tv.

481 2633 630 2688 Adde
663 2648 728 2686 χι
757 2633 894 2697 dies,
927 2641 980 2688 et
1020 2634 1282 2689 detractis
1309 2634 1502 2689 diebus
1547 2633 1746 2696 Martii,
1783 2635 2055 2703 relinque-

481 2731 571 2776 tur
618 2739 798 2778 nonus
841 2723 1066 2794 Aprilis,
1113 2739 1222 2795 quo
1281 2725 1549 2780 terminus
1599 2724 1881 2780 Paschalis
1930 2724 2050 2780 fuit.

482 2816 885 2871 Concurrentes
905 2825 1061 2871 erant
1081 2819 1236 2888 cyclo
1257 2818 1389 2873 solis
1419 2816 1632 2872 decimo
1665 2825 1820 2872 sexto
1851 2834 1905 2880 v,
1926 2833 2047 2887 quae

481 2923 607 2962 cum
648 2909 883 2978 regulari
927 2909 1152 2978 Aprilis.
1179 2911 1229 2975 1,
1261 2919 1315 2965 et
1344 2910 1376 2964 9
1399 2911 1610 2975 diebus,
1664 2910 1904 2966 eﬂiciunt
1934 2912 2000 2966 15
2036 2931 2048 2966 :

479 2997 740 3053 detractis
774 2998 805 3052 7
829 2999 1046 3054 residua
1078 2982 1160 3053 est
1187 2999 1322 3054 feria
1361 3003 1558 3071 prima,
1586 3001 1639 3054 in
1670 3018 1830 3072 quam
1862 3004 2051 3058 termi-

481 3106 586 3146 nus
638 3092 851 3147 incidit.
890 3091 1016 3148 ldeo
1058 3091 1270 3148 Pascha
1327 3101 1678 3164 prorogatum
1725 3102 1810 3150 est
1859 3094 1914 3149 in
1961 3112 2050 3150 xvi

479 3181 703 3251 Aprilis.
733 3180 850 3236 Jam
894 3184 940 3238 si
984 3183 1051 3238 de
1081 3185 1286 3254 Aprilis
1321 3201 1411 3238 xvt
1442 3184 1553 3251 die,
1592 3185 1646 3240 id
1679 3195 1763 3240 est
1785 3186 1851 3242 de
1880 3188 1982 3243 107
2021 3206 2052 3245 a

481 3271 736 3329 Kalendis
784 3273 1061 3330 Januariis
1118 3275 1252 3346 (fuit
1307 3277 1453 3330 enim
1511 3277 1778 3332 bisextilis
1833 3282 2050 3353 annus)

481 3366 771 3422 subtrahas
827 3367 915 3434 57,
939 3367 1314 3437 relinquentur
1347 3367 1436 3431 50,
1469 3368 1583 3423 sive
1627 3367 1914 3425 Februarii
1961 3387 2052 3426 ιιι

481 3458 618 3522 dies,
649 3459 792 3529 quod
827 3458 1106 3514 Dominica
1140 3461 1172 3531 ἡ
1219 3460 1526 3531 Ἀπόκρεως
1552 3463 1798 3533 contigit.
1828 3463 1874 3517 A
1909 3464 2055 3520 vice-

482 3553 621 3606 sima
652 3553 840 3622 quinta
870 3553 1186 3608 Decembris
1217 3553 1282 3607 ad
1311 3569 1400 3606 xu
1436 3552 1741 3620 Februarii,
1773 3557 1889 3612 dies
1927 3564 2054 3612 sunt

482 3660 627 3700 Lvn:
685 3645 884 3714 quibus
923 3645 1181 3700 carnibus
1225 3645 1372 3699 vesci
1409 3645 1556 3710 licet,
1601 3655 1725 3702 ante
1752 3649 2054 3720 quadrage-

481 3735 672 3790 simale
696 3735 988 3806 jejunium.
1019 3736 1171 3790 Adde
1204 3751 1289 3790 ιιι
1320 3736 1438 3792 dies
1484 3737 1551 3791 ad
1588 3737 1905 3795 Paschalem
1949 3739 2054 3796 Do-

481 3827 763 3889 minicam.
797 3843 919 3897 qua:
961 3836 1046 3882 est
1073 3842 1170 3893 xvt
1199 3827 1438 3896 Aprilis;
1475 3828 1719 3884 calculus
1752 3828 1966 3885 desinet
1996 3831 2053 3886 in

482 3935 535 3973 ιιι
564 3918 734 3984 Junii,
765 3935 886 3990 qua:
927 3921 1031 3974 erit
1075 3917 1358 3973 Dominica
1412 3918 1760 3979 Sanctorum.
1793 3921 2055 3978 Interval-

484 4010 596 4064 lum
642 4023 673 4062 a
720 4008 986 4064 Paschate
1013 4009 1080 4063 ad
1130 4025 1190 4063 ιιι
1243 4009 1370 4065 Maii
1404 4010 1520 4067 dies
1566 4027 1702 4080 xvtt,
1735 4025 1869 4084 quot
1897 4016 1966 4070 ab
1999 4032 2053 4070 χι

478 4101 628 4157 Junii
665 4102 731 4156 ad
761 4119 951 4159 xxvm.
982 4102 1217 4158 Proinde
1238 4103 1505 4174 jejunium
1539 4108 1911 4176 apostolorum
1935 4109 2053 4165 dies

483 4194 670 4249 habuit
711 4210 843 4248 xvu.

555 4287 758 4343 Praeter
785 4287 898 4342 haec
933 4288 1092 4350 festa,
1126 4302 1246 4356 qua:
1286 4288 1508 4344 mobilia
1539 4301 1821 4356 vocantur,
1850 4309 2055 4349 memo-

2165 432 2232 486 ad
2265 429 2497 494 Pascha,
2529 433 2646 488 dies
2684 442 2810 488 sunt
2847 450 2980 490 Lvu.
3009 436 3091 490 Ad
3117 436 3410 490 terminum
3459 453 3587 492 vero
3617 439 3734 493 sive

2162 540 2253 580 x1v
2301 523 2642 591 Paschalem,
2674 526 2945 582 interdum
2990 529 3107 584 dies
3154 537 3284 583 sunt
3331 538 3391 582 ut
3448 531 3730 586 minimum

2159 615 2586 686 quinquaginta,
2621 619 2690 672 ad
2735 635 3008 674 summum
3035 621 3426 691 quinquaginta
3470 637 3592 676 sex.

2737 733 2966 790 CAPUT
3006 733 3141 790 Xlii.

2160 847 2435 902 Met/rodas
2461 849 2691 916 computi
2724 846 3048 911 Graecarum,
3072 849 3211 918 quia
3237 846 3496 908 Maximo,
3515 846 3729 911 lsaaco,

2230 919 2450 986 aliisque
2487 920 2713 972 traditus
2743 927 2841 984 est,
2886 935 2977 987 per
3019 919 3226 971 tabulas
3263 928 3312 972 et
3357 934 3581 971 canones
3636 934 3729 970 e1-

2226 989 2556 1056 peditissima
2589 988 2840 1042 traditur.

2154 1084 2206 1152 εξ
2227 1082 2345 1137 Non
2405 1082 2545 1147 erit,
2599 1081 2814 1150 opinor,
2849 1082 3118 1152 ingratum
3183 1080 3446 1135 studiosis
3485 1080 3729 1134 historia

2156 1174 2354 1228 Graacaa
2407 1181 2462 1228 et
2515 1173 2795 1226 annalium
2844 1173 3177 1238 lectoribus;
3227 1188 3424 1242 magno
3463 1184 3613 1226 certe
3663 1171 3729 1224 iis

2155 1263 2471 1334 adjumento
2499 1263 2614 1320 fere
2645 1263 2882 1326 conﬁdo,
2934 1264 2979 1318 si
3016 1278 3082 1318 ex
3111 1263 3179 1318 iis
3211 1264 3482 1325 omnibus,
3512 1277 3637 1332 quae
3663 1262 3729 1315 de

2155 1356 2470 1412 Graecorum
2500 1357 2624 1412 aeris
2655 1372 2721 1410 ac
2754 1355 3029 1426 computis
3061 1355 3279 1425 copiose
3320 1355 3586 1410 hactenus
3627 1370 3727 1410 ex-

2154 1451 2499 1521 plicavimus,
2541 1450 2834 1505 methodus
2865 1450 3046 1520 aliqua
3085 1447 3429 1511 conﬁciatur,
3461 1457 3643 1502 certos
3671 1447 3725 1500 in

2154 1559 2390 1599 canones
2422 1543 2672 1610 redacta;
2719 1558 2954 1613 quorum
2988 1541 3242 1612 praesidio
3270 1541 3554 1596 celerrime
3579 1540 3727 1610 quod

2159 1637 2419 1708 quaeritur
2448 1637 2762 1706 investigari
2789 1648 2969 1707 queat.
2996 1635 3275 1705 HujuS'rei
3304 1638 3479 1705 gratia
3508 1634 3728 1687 tabulas

2154 1729 2501 1785 condidimus
2533 1745 2608 1796 vt,
2649 1745 2882 1798 quarum
2934 1731 3194 1784 rationem
3270 1736 3325 1783 et
3359 1742 3519 1783 usum
3546 1727 3729 1781 brevi-

2155 1831 2238 1875 ter
2270 1821 2590 1875 edisseram.
2638 1818 2820 1873 Prima
2859 1818 3030 1874 Graeci
3067 1819 3304 1888 computi
3343 1833 3516 1874 annos
3569 1817 3727 1872 oil‘ert

2154 1929 2279 1968 cum
2331 1913 2499 1984 cyclis
2548 1913 2747 1971 tribus.
2797 1927 2918 1980 qua
2955 1919 3040 1966 est
3087 1925 3314 1980 prorsus
3366 1909 3555 1964 eadem
3599 1925 3726 1963 cum

2155 2005 2339 2060 tabula
2369 2003 2576 2073 periodi
2605 2002 2832 2057 Juliana:
2858 2003 2996 2058 libro
3030 2001 3120 2055 VH
3147 2001 3221 2054 De
3253 2001 3496 2054 doctrina
3529 2012 3725 2070 tempo-

2155 2112 2296 2157 rum,
2321 2095 2501 2164 capite
2528 2091 2598 2146 IX
2620 2092 2914 2162 descripta.
2948 2093 3206 2158 Quamvis
3235 2093 3380 2146 enim
3410 2090 3724 2146 Graecorum

2155 2191 2442 2254 computus
2463 2199 2569 2238 non
2599 2183 2670 2238 sit
2701 2183 2997 2238 artiﬁciosa
3040 2183 3298 2259 periodys
3320 2222 3335 2242 .
3365 2190 3420 2237 et
3452 2183 3518 2237 ad
3549 2183 3721 2236 solam

2155 2276 2435 2346 cyclorum
2475 2274 2788 2330 methodum
2832 2274 3100 2337 instituta,
3131 2276 3208 2328 uti
3236 2273 3450 2328 Juliana
3490 2291 3504 2326 :
3541 2287 3720 2328 tamen

2155 2382 2264 2420 non
2300 2367 2480 2422 minus
2502 2365 2591 2420 ille
2624 2381 2719 2435 per
2740 2366 2924 2436 cyclos
2950 2365 3189 2436 integros
3217 2365 3440 2421 divisus.
3468 2368 3717 2435 preprios

2155 2454 2312 2510 offert
2335 2457 2464 2509 anni
2497 2455 2812 2523 cujuslibet.
2842 2455 3024 2526 Itaque
3054 2471 3084 2508 a
3121 2456 3344 2525 periodo
3371 2454 3576 2508 Juliana
3607 2455 3711 2508 hoc

2156 2547 2272 2603 solo
2300 2547 2500 2611 diﬁ'ert,
2527 2547 2671 2616 quod
2711 2547 2827 2602 haec
2847 2547 3032 2617 cyclos
3059 2547 3190 2602 solis
3210 2587 3226 2612 ,
3272 2547 3440 2610 lunae,
3477 2555 3529 2600 et
3564 2547 3709 2600 indi-

2155 2638 2350 2694 ctionis
2382 2637 2583 2707 praebet
2614 2636 3004 2700 Romanorum,
3055 2651 3120 2692 ac
3161 2635 3362 2691 Juliani
3397 2637 3525 2690 anni
3555 2651 3718 2706 pecu-

2155 2731 2338 2786 liares.
2373 2729 2594 2785 Graecus
2629 2745 2760 2784 vero
2803 2737 3090 2798 computus
3125 2729 3317 2784 saltem
3342 2729 3554 2799 cyclum
3587 2727 3716 2784 solis

2154 2819 2429 2874 diversum
2455 2820 2696 2874 exhibet.
2727 2817 2862 2872 Nam
2893 2817 3296 2872 Alexandrinus
3326 2817 3379 2871 in
3405 2818 3549 2871 lunae
3571 2819 3718 2887 cyclo

2155 2911 2428 2976 convenit,
2462 2909 2816 2964 indictionem
2842 2909 3049 2964 unitate
3067 2909 3333 2964 minorem
3363 2909 3549 2966 habet.
3576 2909 3715 2963 Con-

2155 3003 2698 3073 stantinopolitanus,
2753 3002 2922 3058 solam
2953 3000 3298 3055 indictionem
3344 3014 3469 3054 cum
3507 2999 3717 3054 Juliana

2154 3095 2379 3166 periodo
2416 3108 2757 3149 communem
2787 3092 2964 3162 parit;
2993 3093 3205 3163 cyclum
3233 3092 3375 3146 lunae
3403 3089 3713 3146 Judaicum.

2153 3182 2420 3249 Quocirca
2466 3182 2800 3238 discriminis
2856 3197 3058 3245 causa,
3107 3179 3378 3234 Julianam
3436 3182 3714 3251 periodum

2153 3274 2490 3344 appellamus
2523 3288 2666 3339 eam,
2694 3289 2815 3342 qua:
2841 3270 3104 3327 Romanis
3126 3273 3293 3344 cyclis
3315 3273 3484 3327 servit
3526 3290 3540 3325 :
3572 3287 3716 3325 com-

2152 3376 2343 3440 putum
2387 3382 2515 3422 vero
2563 3365 2834 3430 Graecum,
2885 3364 2972 3420 vel
3025 3378 3228 3428 zeram,
3273 3378 3383 3417 non
3436 3363 3711 3432 periodum

2151 3461 2518 3514 nominamus.
2570 3456 2821 3512 Secunda
2871 3455 3054 3509 tabula
3103 3457 3318 3526 cyclum
3380 3455 3514 3508 solis
3570 3468 3706 3507 com-

2153 3551 2410 3623 plectitur
2445 3566 2568 3605 cum
2619 3550 2828 3619 epactis
2880 3549 3035 3614 solis,
3074 3547 3188 3602 sive
3233 3545 3706 3607 concurrentibus;

2152 3642 2246 3712 qui
2282 3641 2338 3696 in
2376 3649 2607 3711 utroque
2646 3648 2904 3709 computo
2949 3641 3127 3694 locum
3160 3639 3378 3692 habent.
3405 3638 3709 3706 Adjecimus

2151 3742 2208 3790 et
2232 3733 2592 3788 Dominicales
2618 3732 2848 3797 litteras,
2893 3748 3003 3787 non
3032 3747 3152 3802 qua:
3183 3731 3337 3803 cyclo
3374 3730 3538 3785 solari
3567 3729 3709 3782 Graec

2153 3841 2218 3882 co
2254 3833 2598 3897 congruunt;
2637 3825 2730 3880 sed
2755 3841 2878 3895 qua:
2905 3823 3152 3879 Romano
3191 3823 3511 3878 tribuuntur
3536 3841 3550 3876 :
3572 3821 3708 3891 quod

2152 3933 2218 3973 eo
2261 3917 2512 3980 fecimus.
2567 3924 2627 3971 ut
2671 3916 2739 3971 ad
2771 3933 2891 3972 eam
2937 3917 3107 3972 veluti
3155 3916 3396 3986 regulam
3439 3929 3574 3968 usus
3607 3928 3711 3966 me-

2153 4010 2303 4065 thodi
2354 4009 2634 4079 sequentis
2686 4009 2954 4079 exigatur.
3005 4007 3139 4062 Nam
3197 4016 3257 4061 ut
3306 4007 3413 4062 diei
3476 4006 3710 4074 cujusvis

2154 4098 2288 4153 feria
2320 4115 2416 4169 per
2443 4108 2854 4164 concurrentes,
2887 4107 2940 4154 et
2967 4099 3242 4169 regulares
3272 4098 3490 4152 inventa
3522 4095 3707 4154 fuerit;

2153 4189 2368 4258 probari
2399 4205 2497 4259 per
2525 4187 2912 4243 Dominicalem
2947 4189 3178 4243 litteram
3214 4187 3452 4250 debebit,
3483 4201 3553 4240 ne
3585 4182 3705 4254 quid

2150 4280 2353 4336 erroris
2382 4280 2704 4349 obrepserit.
2736 4278 2941 4334 Tabula
2976 4281 3132 4335 tertia
3160 4288 3383 4348 epactas
3406 4287 3706 4333 menstruas

481 4393 631 4436 ratur
661 4380 803 4451 apud
827 4379 1044 4434 Graecos
1073 4381 1106 4450 ἡ
1133 4383 1628 4453 μεσοπεντηκοστή,
1652 4400 1772 4453 quae
1795 4392 1879 4439 est
1907 4386 2050 4441 vice-

2153 4371 2307 4435 solis,
2365 4371 2478 4424 sive
2529 4371 2804 4440 regulares
2844 4369 2996 4424 dabit
3026 4370 3080 4424 in
3125 4371 3404 4426 mensibus
3431 4367 3657 4423 Julianis
3689 4385 3703 4420 :

479 4476 654 4530 simus
684 4474 908 4545 quintus
959 4473 1076 4527 dies
1133 4488 1162 4524 a
1215 4470 1504 4538 Paschate,
1556 4492 1619 4529 ac
1663 4492 1878 4546 semper
1915 4477 2047 4532 feria

478 4572 674 4636 quarta
708 4562 991 4632 contingit.
1024 4559 1194 4631 Igitur
1221 4559 1420 4615 additis
1445 4561 1514 4614 24
1538 4561 1604 4615 ad
1635 4561 1777 4617 diem
1802 4563 2045 4626 Paschze,

481 4649 958 4722 μεσοπεντηκοστή
1017 4647 1313 4717 proveniet.
1369 4647 1459 4703 Sic
1509 4664 1652 4704 anno
1703 4651 1795 4706 illo
1845 4651 2047 4706 Christi

481 4743 637 4807 1556,
669 4744 716 4798 si
745 4741 811 4796 ad
840 4756 928 4795 va
958 4738 1159 4810 Aprilis
1193 4740 1454 4795 accedant
1477 4741 1594 4796 dies
1630 4741 1721 4806 24,
1747 4743 2048 4800 incidemus

479 4837 536 4892 in
580 4854 611 4891 χ
636 4835 781 4896 Maii,
813 4849 933 4905 quae
962 4833 1063 4886 fuit
1085 4835 1582 4904 μεσοπεντηκοστή.
1614 4833 1857 4888 Meminit
1887 4836 2047 4903 hujus

480 4928 604 4983 festi
630 4927 940 4983 Chronicon
964 4923 1408 4988 Alexandrinum,
1429 4931 1488 4978 ut
1517 4923 1584 4976 ad
1609 4923 1896 4993 Nicephori
1923 4925 2048 4981 Bre-

479 5020 712 5075 viarium
739 5017 1182 5081 observavimus;
1213 5030 1314 5070 nec
1343 5032 1450 5070 non
1465 5014 1790 5070 Griecorum
1817 5016 2045 5073 Horolo-

481 5112 650 5183 gium.

550 5204 631 5258 Ad
660 5213 958 5259 extremum
1002 5217 1110 5257 non
1153 5209 1236 5255 est
1268 5202 1678 5271 przetereundus
1700 5216 1854 5256 error
1876 5201 2047 5255 Maxi-

480 5296 576 5360 mi,
605 5297 696 5367 qui
743 5303 826 5350 est
869 5295 1047 5363 capite
1089 5292 1205 5346 Vill
1237 5293 1424 5361 primae
1453 5293 1619 5362 partis
1657 5291 1926 5360 Computi.
1969 5290 2045 5346 lbi

481 5388 624 5442 enim
653 5403 682 5440 a
706 5385 984 5440 Dominica
1016 5385 1292 5454 ἀπόκρεῳ,
1328 5399 1447 5452 quae
1469 5394 1520 5436 et
1547 5383 1906 5454 Παρείσϐασις
1939 5382 2045 5436 τῶν

484 5480 650 5547 ἁγίων
681 5479 939 5548 νηστειῶν
973 5479 1194 5544 dicitur,
1228 5495 1400 5548 usque
1451 5477 1517 5532 ad
1563 5476 1751 5546 Πάσχα
1803 5477 2044 5542 νομικόν,

485 5577 595 5630 sive
642 5575 706 5628 ad
755 5590 843 5627 xw
891 5573 1230 5635 Paschalem,
1275 5573 1392 5628 dies
1440 5578 1719 5640 computat
1757 5585 1884 5623 LVII.
1933 5568 2046 5624 Hoc

480 5672 642 5727 modo
687 5667 896 5725 Pascha
955 5667 1122 5738 legale
1185 5666 1326 5720 idem
1377 5665 1481 5720 erit
1527 5679 1648 5720 cum
1711 5661 2041 5717 Christiano.

2152 4477 2289 4532 quos
2317 4461 2533 4531 quidem
2567 4461 2846 4530 regulares
2881 4461 2954 4514 ita
2985 4461 3376 4530 disposuimus,
3426 4468 3487 4514 ut
3523 4459 3704 4515 eodem

2153 4555 2307 4608 initio
2346 4556 2563 4622 utrique
2609 4560 2865 4622 computo
2895 4553 3194 4623 proposito,
3243 4555 3496 4606 nimirum
3534 4553 3599 4605 ab
3621 4550 3706 4604 Ja-

2152 4645 2375 4710 nuario;
2430 4645 2663 4698 varietas
2719 4645 2808 4697 illa
2849 4644 3064 4707 vitetur,
3110 4659 3234 4712 qua:
3276 4644 3330 4696 in
3381 4641 3618 4705 Maximi,
3656 4646 3705 4694 et

2151 4737 2320 4792 lsaaci
2352 4736 2604 4790 methodo
2634 4738 2893 4790 cernitur.
2951 4733 3008 4788 Ιιι
3044 4743 3290 4803 quartam
3339 4734 3580 4788 tabulam
3616 4749 3705 4802 cy-

2151 4831 2294 4884 clum
2331 4830 2492 4892 lunae,
2535 4843 2657 4882 cum
2687 4827 2892 4896 epactis
2915 4825 3130 4879 Maximi
3174 4834 3229 4880 et
3276 4824 3448 4880 lsaaci
3477 4825 3704 4893 conjeci-

2150 4939 2272 4978 mus
2325 4941 2337 4977 :
2384 4937 2485 4976 nec
2538 4937 2647 4974 non
2693 4919 2984 4974 Paschales
3029 4917 3293 4972 terminos
3341 4925 3395 4972 et
3441 4918 3704 4987 regulares

2149 5016 2386 5078 dierum,
2432 5015 2487 5066 in
2539 5029 2676 5082 quos
2712 5010 2960 5065 incidunt
2997 5010 3233 5063 termini.
3277 5008 3477 5080 Cyclus
3507 5010 3705 5062 lunaris

2149 5107 2358 5178 primus
2397 5105 2450 5159 in
2493 5103 2662 5160 lsaaci
2693 5110 2969 5172 computo,
3001 5102 3116 5156 sive
3157 5101 3702 5170 Constantinopolita-

2148 5214 2240 5264 no,
2269 5205 2498 5267 quartus
2543 5205 2628 5250 est
2659 5194 2794 5264 cycli
2827 5192 3078 5259 Romani,
3123 5208 3284 5262 quem
3320 5191 3568 5246 eumdem
3591 5204 3706 5244 esse

2148 5288 2435 5343 docuimus
2484 5302 2606 5340 cum
2635 5286 2788 5356 cyclo
2817 5283 3036 5337 Maximi
3087 5291 3140 5339 et
3188 5284 3536 5338 Alexandrini
3565 5298 3706 5336 com-

2148 5381 2284 5452 puti.
2321 5380 2528 5434 Idcirco
2556 5378 2911 5432 termiuorum
2965 5376 3179 5430 diversa
3225 5377 3396 5430 series
3443 5375 3705 5428 instituta.

2147 5471 2346 5536 Quinta
2403 5471 2584 5523 tabula
2634 5468 2911 5538 regulares
2969 5468 3212 5520 continet
3274 5465 3710 5520 accommodatus

2149 5564 2363 5632 utrique
2411 5568 2696 5629 computo,
2751 5561 2830 5613 sic
2866 5569 2924 5612 ut
2961 5559 3099 5613 idem
3135 5558 3201 5611 ad
3231 5558 3445 5612 initium
3473 5554 3710 5611 Januarii

2148 5656 2420 5711 facilitatis
2449 5668 2612 5709 causa
2640 5651 2965 5708 referantur.
2999 5651 3162 5706 Sexta
3205 5650 3440 5719 denique
3463 5647 3712 5719 periodos
