4036 6218
263 351 378 406 1419

1177 335 1627 394 DISSERTATIO
1669 333 1755 388 DE
1795 330 2202 389 CBJECORUM
2243 334 2449 390 ERIS.

3319 335 3458 392 1450

322 467 552 530 Rursus,
598 464 735 519 scire
761 460 882 514 volo
910 468 1109 530 quotus
1153 458 1316 512 trium
1369 454 1644 526 eyclorum
1676 451 1788 505 Ro-
1818 456 1863 510 Α
1892 465 2028 519 opus
2085 459 2198 512 est.
2237 453 2447 523 integro
2481 467 2708 508 numero
2755 453 2857 518 I5;
2903 450 3185 522 'reliquum
3232 453 3337 507 duc
3399 456 3452 508 in

263 572 524 612 manorum
573 563 834 622 congruat
878 551 1036 605 annis
1094 549 1284 619 primis
1329 562 1450 601 sane
1489 545 1791 612 utriusque.

263 650 408 704 Aufer
440 661 608 702 annos
639 644 778 698 5495
836 642 902 696 de
964 641 1135 696 12694
1165 679 1181 703 ,
1235 639 1570 709 relinquetur
1621 653 1796 690 annus

265 741 401 795 7201.
434 739 594 810 Igitur
647 750 822 788 anuus
870 734 1077 804 primus
1121 747 1241 787 aerze
1286 729 1665 786 Alexandriam
1714 738 1798 784 est

264 831 466 886 Iuliana:
499 829 704 898 periodi
739 827 912 890 7202,
967 826 1054 879 cui
1102 839 1198 893 per
1249 839 1515 878 canonem
1564 824 1797 894 primum

264 925 466 978 debetur
491 921 675 988 cyclus
699 920 830 974 solis
860 935 932 981 vi,
966 918 1107 970 luna:
1145 932 1183 978 1,
1225 916 1450 969 indictio
1484 931 1542 968 11.
1575 913 1704 969 Item
1733 914 1800 968 de

264 1014 414 1068 12694
445 1013 693 1068 deductis
723 1011 892 1076 5509,
933 1019 1143 1066 restant
1193 1009 1348 1064 7185.
1406 1007 1576 1078 Igitur
1622 1022 1798 1061 annus

261 1106 448 1177 periodi
482 1104 705 1159 Julianae
735 1104 868 1158 7186
901 1115 984 1159 est
1036 1105 1243 1174 primus
1273 1117 1393 1157 aera:
1421 1100 1802 1156 Constantino-

261 1198 512 1268 politanae.
558 1197 689 1264 Quze
736 1197 963 1267 proinde
992 1199 1156 1267 cmpit
1183 1197 1430 1252 Romano
1459 1194 1613 1265 cyclo
1663 1194 1800 1248 solis

262 1306 396 1354 .wui,
425 1291 565 1345 luna:
597 1306 669 1352 1v,
698 1289 1007 1344 indictionis
1037 1306 1067 1344 1.

323 1384 393 1439 Ex
434 1385 516 1439 his
562 1382 941 1453 compendium
976 1383 1203 1438 canonis
1262 1382 1436 1436 oritur
1493 1378 1796 1448 ejusmodi:

261 1477 463 1530 invento
485 1477 635 1547 cyclo
664 1477 795 1531 solis
831 1492 952 1531 mra:
984 1474 1362 1531 Alexandrinae
1387 1473 1529 1528 adde
1566 1473 1620 1537 5,
1643 1471 1800 1542 cyclo

260 1569 391 1621 luna:
419 1568 474 1633 0,
504 1566 786 1621 indictioni
821 1566 846 1620 I
876 1567 1181 1622 :obtinebis
1206 1565 1481 1621 Romanos
1504 1564 1648 1618 illius
1673 1563 1802 1616 anni

261 1659 471 1728 cyclos;
507 1657 1114 1727 Constantinopolitanze
1145 1672 1272 1713 vero
1306 1656 1472 1727 cyclis
1506 1655 1664 1720 adde,
1707 1670 1801 1709 so-

262 1751 354 1804 lari
378 1751 440 1804 I7
463 1791 478 1814 ,
513 1751 688 1804 lunari
719 1752 772 1816 3,
806 1750 1089 1804 indictioni
1121 1753 1154 1802 0
1176 1790 1190 1812 ,
1232 1757 1292 1804 ut
1318 1749 1432 1803 haec
1471 1749 1668 1803 tabella
1700 1748 1800 1801 11οο

1897 542 2053 605 1004,
2081 549 2134 596 et
2161 541 2232 595 ad
2271 558 2541 598 summam
2575 543 2754 612 adjice
2788 541 2934 612 quod
2969 541 3238 612 superfuit
3265 541 3331 596 de
3359 559 3457 597 no-

1896 635 2117 689 vissima
2146 635 2413 690 divisione
2456 651 2550 704 per
2572 635 2695 689 552.
2731 635 2887 702 Quod
2939 636 2986 690 si
3024 649 3237 690 sununa
3284 636 3458 704 major

1899 735 1980 782 est
2011 743 2173 797 quam
2207 727 2364 790 7980,
2405 728 2548 781 hunc
2593 728 2769 797 ipsum
2801 744 3088 784 numerum
3129 744 3193 782 ex
3226 727 3317 780 illa
3367 729 3462 781 de-

1899 822 2072 877 trahe.
2107 820 2183 875 lta
2215 821 2304 876 fiet
2337 837 2513 875 anuus
2544 822 2667 885 ille,
2703 821 2794 890 qui
2832 822 3146 891 requiritur,
3176 836 3240 874 ex
3274 835 3382 889 quo
3404 821 3462 874 in

1897 911 2110 967 Juliaua
2134 913 2357 983 periodo
2389 914 2666 983 pr0prium
2704 928 2907 966 annum
2953 913 3099 966 illius
3127 912 3457 982 assequeris.

1967 1002 2284 1072 Exemplum
2325 1020 2340 1058 :
2387 1003 2696 1058 Chronicon
2724 1002 3144 1058 Alexandrinum
3179 1002 3463 1072 migratio-

1901 1111 2021 1149 nem
2063 1094 2435 1152 lsraelttarum
2492 1112 2557 1151 ex
2593 1095 2828 1167 [Egypto
2864 1095 3053 1151 statuit
3079 1110 3146 1149 eo
3169 1109 3331 1158 anno,
3368 1095 3484 1163 qui.

1901 1186 2110 1257 cycium
2142 1186 2328 1240 habuit
2356 1187 2487 1241 solis
2519 1186 2574 1249 2,
2613 1186 2864 1250 1111111119,
2890 1201 3012 1240 cum
3044 1185 3338 1239 indictione
3373 1184 3461 1238 I3.

1901 1280 2095 1343 Quaero
2127 1287 2330 1347 quotus
2369 1277 2457 1333 ille
2484 1278 2722 1348 computi
2760 1276 2928 1332 Graeci
2961 1275 3140 1341 fuerit,
3167 1284 3221 1331 et
3245 1275 3462 1348 quidem

1901 1369 2520 1439 Constantinopolitani;
2553 1370 2694 1424 hunc
2712 1369 2854 1424 enim
2887 1368 2986 1423 iste
3009 1375 3198 1422 auctor
3220 1367 3461 1420 adhibet.

1902 1461 2140 1517 Primum
2171 1462 2330 1518 editis
2376 1463 2544 1534 cyclis
2582 1463 2714 1518 solis
2759 1477 2822 1516 ac
2867 1462 3024 1529 lunze,
3067 1461 3346 1515 ducendus
3379 1466 3469 1515 ert

1904 1554 2088 1624 cyclus
2120 1550 2253 1608 selis
2285 1552 2320 1606 2
2355 1553 2413 1607 in
2444 1553 2531 1616 57,
2572 1552 2706 1606 fiunt
2750 1551 2870 1606 114.
2916 1550 3050 1605 Τ11111
3083 1551 3289 1621 cyclum
3324 1551 3466 1602 lunae

1908 1645 1971 1697 I9
2002 1643 2068 1697 de
2102 1643 2312 1712 integro
2339 1643 2491 1714 cyclo
2511 1643 2752 1712 ejusdem
2785 1643 2925 1697 lunae
2955 1643 3300 1706 subtrahens,
3328 1643 3464 1697 resi-

1905 1735 2070 1787 duum
2108 1735 2281 1788 habeo
2311 1733 2376 1788 I9
2402 1753 2414 1787 :
2450 1750 2610 1804 quem
2640 1749 2920 1788 numerum
2950 1748 3041 1802 per
3058 1734 3125 1787 56
3143 1733 3463 1802 multiplico.

262 1855 358 1899 cet.
385 1842 547 1900 ‘Ierhi
575 1844 750 1915 gratia
778 1858 953 1899 anuus
979 1842 1374 1898 Alexandrinus
1400 1841 1535 1896 7054
1563 1839 1800 1911 μετ’ρτί-
1832 1819 1873 1874 Β
1901 1823 2154 1876 conﬁunt
2193 1823 2332 1877 1064
2351 1864 2366 1890 ν
2405 1838 2566 1893 (luam
2590 1823 2958 1915 summam?!
3003 1823 3236 1915 Ρτίίπθιη
3265 1823 3465 1892 θάὶίοίο

262 1953 398 1991 mum
436 1952 697 1992 canonem

1319 2028 1450 2082 solis
1583 2027 1617 2078 5

878 2099 1246 2154 Alexandrino
1321 2099 1458 2150 lume
1580 2102 1612 2148 0

448 2203 604 2260 Adde
650 2205 805 2275 cyclo
1316 2169 1508 2275 milia

1320 2259 1451 2315 solis
1548 2258 1616 2310 17

851 2330 1191 2390 Constantia.
1326 2333 1464 2383 fnum
1582 2329 1616 2381 5

1317 2401 1508 2454 iudict.
1583 2399 1618 2452 0

258 2518 461 2589 cyclum
488 2518 618 2574 solis
651 2517 856 2573 obtinet
885 2516 957 2584 6;
991 2517 1127 2571 adde
1157 2517 1209 2578 5,
1250 2514 1445 2569 elﬁcies
1478 2512 1561 2565 II.
1614 2511 1811 2582 Cyclus

258 2607 394 2660 lunae
423 2607 478 2669 4,
503 2606 702 2662 additis
731 2606 765 2660 0
789 2613 873 2660 est
897 2606 930 2659 4
952 2622 968 2671 ;
999 2605 1220 2659 indictio
1246 2603 1332 2668 14,
1353 2602 1537 2656 addito
1561 2602 1584 2654 I
1615 2609 1700 2655 est
1724 2601 1808 2655 I5.

259 2697 347 2750 Sic
373 2698 497 2751 anni
529 2697 1109 2768 Constantinopolitani
1147 2698 1332 2767 cyclus
1366 2696 1497 2750 solis
1519 2695 1590 2748 22
1617 2703 1812 2748 auctus

257 2795 324 2847 I7
347 2794 540 2848 transit
573 2795 627 2848 in
656 2793 973 2848 'Romanum
1003 2797 1057 2850 Il
1081 2812 1096 2861 ;
1127 2793 1356 2858 lunaris,
1385 2790 1586 2846 additis
1609 2792 1660 2854 3,
1684 2806 1748 2845 ex
1783 2790 1803 2841 I

258 2887 393 2953 ﬁtI;
419 2885 640 2940 indictio
664 2885 850 2941 eadem
886 2897 969 2942 est
1001 2887 1088 2942 I5.

328 2978 592 3033 Caeterum
633 2994 804 3033 annos
824 2980 950 3034 illos
977 2994 1167 3034 omnes
1186 2977 1496 3033 Graecorum
1523 2983 1812 3047 computo-

257 3085 423 3123 ruma
447 3068 700 3124 Kalendis
728 3070 998 3127 Ianuariis
1025 3071 1373 3140 auspicamur
1397 3089 1411 3135 ;
1441 3071 1653 3124 tametsi
1677 3069 1812 3122 civi-

259 3160 328 3213 lis
357 3175 552 3224 annus,
575 3168 629 3215 et
668 3159 890 3216 indictio
919 3161 986 3215 ab
1009 3160 1362 3215 antecedente
1394 3159 1698 3231 Septembri
1730 3160 1814 3213 in-
1842 3162 1883 3220 C

255 3253 498 3322 cipiant:
530 3251 675 3323 quod
729 3253 776 3308 si
820 3254 942 3323 quis
979 3254 1174 3307 imitari
1219 3254 1486 3319 voluerit,
1540 3252 1816 3307 Romanos

257 3349 441 3416 cyclos
463 3347 668 3401 unitate
695 3346 900 3400 minuet
943 3345 999 3398 in
1028 3359 1293 3399 annorum
1332 3346 1671 3417 singulorum
1721 3361 1815 3399 ex-

257 3439 436 3493 ordio.
467 3438 717 3508 Idemque
745 3436 906 3491 faciet
937 3437 993 3491 in
1017 3436 1216 3493 Graecis
1242 3437 1405 3508 ipsis,
1440 3439 1518 3491 uti
1545 3438 1707 3500 ferite,
1732 3438 1817 3492 vel

260 3532 404 3584 lunae
430 3538 794 3600 consequatur
826 3537 1037 3584 aetatem
1088 3529 1143 3583 in
1182 3530 1372 3599 primis
1413 3545 1465 3584 IV
1503 3530 1814 3592 mensibus,

258 3638 323 3676 ex
356 3621 608 3677 methodo
635 3623 972 3691 sequentium
1002 3636 1288 3676 canonum.

259 3739 442 3792 Canos
473 3736 557 3790 111.
593 3735 746 3790 Datis
793 3737 951 3806 cyclis
990 3737 1115 3790 solis
1156 3753 1216 3790 ac
1244 3737 1384 3790 [ante
1417 3737 1470 3789 in
1519 3735 1817 3789 Graecorum

328 3808 586 3876 computis
613 3846 627 3869 ,
682 3809 908 3860 invenire
939 3819 1124 3876 quotus
1164 3809 1233 3860 sit
1271 3823 1439 3860 annus
1491 3807 1690 3873 periodi
1735 3807 1821 3858 Vi-

327 3875 668 3940 ctorinianw;
707 3893 901 3930 necnon
931 3875 996 3928 ab
1041 3877 1265 3930 Adamo.
1309 3875 1441 3930 [lem
1471 3879 1597 3929 data
1633 3887 1822 3943 praeter

325 3949 452 4002 illos
471 3949 644 4017 cyclos
662 3947 962 4017 indictione,
983 3963 1176 3999 animm
1201 3958 1308 3999 tam
1339 3963 1458 4000 rem:
1483 3946 1819 4007 Grrecanicie,

327 4035 489 4088 quam
505 4015 715 4086 periodi
742 4015 993 4078 Julianaz,
1020 4018 1072 4069 in
1103 4033 1251 4083 quem
1280 4028 1381 4069 tres
1410 4017 1490 4069 illi
1522 4017 1653 4086 cycli
1690 4018 1822 4071 inci-

328 4090 494 4152 dunt,
530 4105 726 4143 eruere.

330 4207 557 4278 Cyclum
581 4206 714 4262 solis
745 4206 949 4261 editum
980 4205 1085 4260 duc
1117 4206 1169 4260 in
1199 4205 1266 4260 57
1288 4246 1302 4270 ,
1334 4220 1398 4260 ac
1428 4221 1696 4260 summam
1731 4220 1822 4260 re-

257 4314 443 4353 serva.
473 4297 676 4352 Deinde
699 4298 910 4368 cyclum
939 4298 1081 4351 lunae
1109 4295 1263 4351 aufer
1301 4312 1368 4352 ex
1407 4296 1506 4363 I9;
1543 4304 1636 4350 aut
1676 4297 1723 4351 si
1756 4295 1822 4349 I9

259 4392 382 4460 ipse
403 4391 494 4454 sit,
522 4404 676 4445 sume
701 4389 787 4444 I9.
821 4388 957 4444 Eum
983 4375 1266 4444 numerum
1288 4389 1586 4460 multiplica
1615 4404 1710 4459 per
1730 4388 1821 4445 56.

1907 1915 2026 1977 114,
2058 1925 2114 1968 ut
2145 1916 2275 1968 Iiant
2305 1915 2481 1969 II78:
2513 1915 2710 1983 quibus
2745 1929 2840 1982 per
2867 1913 2970 1968 532
3005 1914 3217 1978 divisis,
3256 1915 3464 1984 reliqua

1905 2016 2028 2059 sunt
2076 2006 2192 2061 114.
2237 2005 2471 2061 Proinde
2500 2006 2809 2060 Chronicon
2837 2005 3263 2061 Alexandrinum
3288 2007 3465 2073 ἔξοδον

1905 2096 2116 2149 confert
2145 2098 2200 2150 in
2226 2112 2429 2150 annum
2459 2097 2558 2149 114
2591 2097 2796 2165 periodi
2832 2095 3230 2152 Victoriniante.
3273 2093 3340 2151 Ut
3373 2113 3471 2150 au-

1909 2193 2014 2239 tem
2043 2185 2190 2240 scias
2217 2194 2418 2255 quotus
2447 2185 2518 2240 sit
2551 2185 2691 2240 idem
2714 2187 2949 2256 computi
2971 2188 3470 2259 Constantinopoli-

1908 2277 2041 2339 lani,
2073 2279 2386 2347 conjectura
2415 2291 2552 2346 opus
2578 2285 2679 2334 est.
2725 2276 2988 2342 Quoniam
3015 2278 3179 2348 igitur
3210 2276 3382 2334 Gnaei
3403 2295 3469 2334 ex

1909 2369 2049 2422 LXX
2066 2369 2348 2424 Seniorum
2376 2370 2477 2424 Iide
2493 2386 2667 2426 annos
2689 2371 2848 2440 vulgo
2871 2379 3156 2426 numerant
3172 2371 3242 2426 ab
3263 2373 3471 2426 Adamo

1910 2461 1978 2514 ad
2038 2461 2300 2515 diluvium
2351 2461 2514 2524 2242,
2547 2471 2602 2517 et
2645 2478 2676 2515 a
2731 2463 2937 2517 diluvio
2993 2464 3063 2516 ad
3105 2464 3470 2519 Abrahamqu

1911 2550 2068 2613 II72,
2094 2566 2304 2605 summa
2329 2552 2602 2622 colligitur
2625 2552 2692 2606 ab
2719 2551 2925 2606 Adamo
2972 2553 3039 2606 ad
3084 2563 3261 2608 ortum
3300 2556 3474 2612 Abra-

1913 2643 2090 2706 hami,
2126 2658 2393 2696 annorum
2422 2644 2580 2698 5414.
2612 2643 2750 2697 Ilinc
2779 2652 2962 2698 autem
2999 2644 3065 2698 ad
3099 2647 3474 2716 migrationem

1912 2751 1976 2790 ex
2008 2733 2242 2807 Egypto
2277 2743 2465 2805 putant
2497 2750 2669 2792 annos
2706 2736 2926 2791 circiter
2948 2737 3074 2791 505.
3112 2739 3291 2804 Quare
3321 2741 3472 2796 colli-

1913 2837 2117 2898 guntur
2141 2828 2271 2881 anni
2295 2826 2406 2883 fere
2437 2828 2574 2882 5919
2600 2829 2669 2884 ab
2697 2829 2905 2884 Adamo
2941 2829 3009 2884 ad
3052 2829 3246 2893 ἔξοδον.
3281 2831 3351 2886 Ut
3380 2846 3474 2885 ac—

1915 2927 2165 2974 curatum
2235 2935 2438 2974 annum
2503 2919 2705 2975 habeas
2772 2920 3122 2975 Alexandrini
3183 2921 3473 2986 Chronici,

1915 3029 2097 3083 quaere
2122 3013 2178 3068 in
2225 3013 2409 3068 tabula
2459 3029 2511 3067 vr
2559 3028 2759 3067 annum
2811 3014 3054 3083 proxime
3102 3015 3365 3070 minorem
3413 3030 3479 3070 eo

1917 3121 2076 3176 quem
2108 3106 2406 3175 suspicaris
2435 3090 2449 3160 ὲ
2481 3105 2575 3176 qui
2610 3113 2668 3159 ut
2706 3104 2879 3173 major
2909 3114 2994 3159 est
3027 3120 3175 3159 anno
3202 3106 3340 3161 5724
3360 3147 3374 3171 ,
3403 3106 3476 3158 ita

1919 3198 2098 3252 minor
2129 3196 2289 3251 4256.
2321 3195 2586 3262 Quocirca
2634 3210 2807 3250 annos
2859 3197 3065 3266 periodi
3096 3196 3479 3253 Victoriniana:

1921 3287 2043 3351 114,
2075 3286 2212 3342 adde
2242 3287 2308 3340 ad
2332 3287 2492 3350 3724,
2523 3286 2721 3342 eﬂicies
2751 3303 2950 3341 annum
3004 3289 3166 3353 5858,
3205 3289 3297 3358 qui
3341 3289 3474 3344 divi-

1920 3396 2016 3435 sus
2045 3395 2140 3449 per
2165 3381 2376 3450 cyclum
2413 3379 2545 3435 solis
2573 3395 2636 3435 ac
2667 3381 2830 3444 lunae,
2858 3379 3047 3436 reddet
3075 3381 3207 3436 solis
3236 3381 3477 3451 quidem,

1919 3473 2130 3538 cyclum
2152 3471 2370 3535 2,1unae
2400 3487 2529 3526 vero
2572 3471 2638 3526 19
2670 3492 2684 3526 :
2725 3473 2870 3542 quod
2898 3480 3019 3527 erat
3049 3475 3407 3544 propositum.

1989 3563 2226 3631 Rursus,
2262 3565 2308 3619 si
2341 3572 2534 3634 praeter
2565 3563 2703 3618 duos
2727 3565 2849 3619 illos
2867 3567 3073 3635 cyclos,
3099 3565 3321 3621 indictio
3356 3567 3483 3621 data

1921 3666 1994 3712 snt
2017 3659 2102 3723 15,
2133 3671 2416 3710 numerum
2454 3655 2575 3720 114,
2609 3657 2703 3725 qui
2734 3663 3007 3726 postremo
3042 3658 3263 3712 relictus
3303 3668 3388 3712 est
3415 3675 3482 3712 ex

1920 3749 2184 3804 divisione
2213 3763 2309 3818 per
2333 3747 2436 3802 552
2469 3748 2751 3816 instituta;
2787 3763 2882 3818 per
2914 3748 2982 3803 15
3010 3749 3232 3817 partior,
3276 3757 3486 3804 restant

1921 3841 1991 3893 9:
2026 3839 2093 3893 de
2121 3855 2250 3908 quo,
2291 3838 2490 3892 additis
2524 3838 2626 3902 I5,
2679 3838 2941 3893 subtraho
2975 3838 3073 3902 I3,
3111 3839 3318 3908 reliqua
3350 3837 3486 3891 ﬁunt

1924 3932 1981 3985 11
2008 3951 2022 3998 ;
2051 3947 2170 4002 quae
2210 3931 2255 3986 si
2282 3931 2552 3986 ducantur
2584 3933 2639 3986 in
2673 3931 2810 3986 1064
2833 3975 2848 3997 ,
2895 3945 3108 3985 summa
3137 3931 3239 3984 erit
3274 3930 3447 3984 11704
3467 3971 3482 3989 .

1922 4025 1988 4078 ad
2021 4041 2182 4094 quam
2212 4023 2388 4094 adiice
2417 4025 2552 4090 114,
2603 4033 2657 4080 et
2693 4040 2759 4080 ex
2805 4031 2921 4078 toto
2954 4023 3128 4077 II8I8
3155 4061 3172 4088 ,
3229 4025 3484 4093 quoniam

1925 4119 2063 4174 7980
2115 4118 2366 4182 excedit,
2425 4117 2511 4172 his
2569 4115 2848 4181 deductis,
2915 4115 3238 4184 relinquitur
3311 4131 3488 4169 annus

1925 4211 2062 4266 3838
2091 4231 2104 4265 :
2140 4225 2171 4263 a
2209 4226 2316 4280 quo
2349 4210 2545 4266 ablatis
2577 4209 2698 4270 795,
2735 4207 2951 4262 exsistit
2979 4223 3157 4263 annus
3191 4208 3244 4261 in
3270 4204 3487 4260 Juliana

1925 4304 2148 4375 periodo
2175 4304 2348 4368 5045,
2390 4303 2482 4372 qui
2531 4301 2818 4371 respondet
2851 4316 2996 4355 anno
3029 4299 3491 4369 ConstantinOpo-

1928 4398 2094 4449 litano
2137 4395 2297 4451 3838.
2344 4393 2457 4450 Hoc
2517 4402 2579 4448 ut
2636 4408 2820 4448 verum
2870 4409 2993 4449 esse
3042 4408 3381 4465 cognoscas,
3422 4409 3489 4448 ex

257 4485 397 4550 Quae
443 4482 568 4538 inde
604 4489 862 4537 nascetur
895 4497 1104 4538 summa
1129 4522 1145 4544 ν
1196 4496 1314 4535 eam
1363 4496 1488 4536 cum
1523 4483 1824 4551 superiore
1856 4510 1900 4563 ι)
1929 4489 2184 4545 methodo
2212 4489 2440 4544 canonis
2463 4487 2867 4550 antecedentis,
2911 4487 2979 4540 ad
3028 4487 3238 4558 cyclum
3293 4485 3425 4541 solis
3456 4484 3492 4538 2

256 4586 560 4642 compone,
600 4586 720 4642 qua:
759 4585 823 4624 ex
857 4570 1010 4640 cyclo
1047 4570 1180 4624 solis
1211 4569 1374 4623 ducto
1428 4570 1484 4623 in
1520 4569 1590 4622 57
1628 4571 1822 4624 oritur.

256 4663 541 4733 Quidquid
563 4678 630 4716 ex
659 4661 924 4716 ambobus
951 4659 1242 4715 conflatum
1289 4661 1430 4722 erit,
1474 4661 1677 4729 partire
1729 4677 1827 4730 per

255 4757 406 4820 552,
456 4754 734 4810 residuum
783 4755 888 4808 erit
931 4767 1106 4807 annus
1162 4753 1367 4822 periodi
1419 4751 1825 4808 Victorinianae.

257 4847 382 4902 Hoc
412 4847 460 4902 si
491 4846 754 4916 adjeceris
784 4845 852 4900 ad
875 4859 1074 4898 annum
1099 4859 1256 4914 quem
1291 4844 1535 4913 proxime
1563 4845 1827 4900 minorem

255 4955 414 4996 anno
443 4954 565 4994 serae
587 4937 786 4992 Greca:
818 4937 1096 5008 proposito
1129 4937 1395 5005 suspicari
1433 4943 1586 5005 potes
1609 4976 1625 5000 ,
1662 4937 1714 4990 in
1747 4944 1826 4989 ta-

254 5033 396 5086 bula
420 5047 495 5094 vr,
521 5029 747 5086 habebis
769 5044 970 5083 annum
994 5027 1265 5090 Gnaeum,
1289 5027 1446 5096 cujus
1469 5027 1674 5097 proprii
1699 5038 1827 5083 sunt

252 5126 407 5197 cycli
451 5125 582 5180 solis
629 5137 693 5177 ac
729 5123 870 5177 luna:
911 5123 965 5177 in
1008 5121 1304 5192 quaestione
1347 5122 1540 5190 positi;
1579 5137 1688 5192 quo
1740 5122 1826 5177 iu-

250 5229 456 5282 vento,
487 5234 582 5288 per
614 5215 925 5272 methodum
957 5215 1184 5269 canonis
1215 5214 1608 5278 antecedentis,
1637 5217 1831 5286 exqui-

251 5329 356 5368 res
389 5327 548 5382 quem
602 5310 654 5363 in
691 5324 892 5363 annum
935 5307 1162 5363 Iuliana:
1202 5308 1441 5378 periodi,
1494 5310 1577 5364 vel
1625 5309 1829 5364 Christi

249 5412 560 5474 competat.
600 5403 751 5469 Quod
785 5403 828 5458 si
854 5408 1110 5473 praeterea
1132 5401 1257 5455 data
1285 5403 1356 5457 sit
1384 5401 1610 5457 indictio
1637 5422 1650 5457 :
1686 5404 1829 5472 quod

246 5497 543 5567 superfuit
569 5496 636 5550 de
665 5495 853 5549 ultima
901 5494 1168 5548 divisione
1204 5494 1335 5558 552,
1369 5511 1466 5566 per
1515 5495 1584 5551 I5
1611 5495 1792 5551 divide
1813 5537 1828 5554 .

247 5594 702 5654 accommodata,
731 5592 778 5646 si
803 5592 875 5644 ita
908 5605 1132 5645 necesse
1159 5590 1491 5661 est,integra
1518 5591 1736 5660 periodo
1765 5591 1831 5645 I5

245 5703 536 5742 annorum
568 5705 581 5742 :
611 5684 756 5756 quod
787 5685 909 5738 inde
941 5683 1228 5752 supererit,
1258 5684 1454 5749 retine,
1485 5691 1538 5738 et
1569 5683 1828 5745 indidem,

242 5780 423 5833 aufer
482 5778 814 5849 propositam
868 5775 1252 5839 indictionem,
1307 5775 1748 5844 accommodato,
1783 5777 1827 5832 si

583 5869 850 5930 ΡΑτκοῐ..
896 5871 1011 5931 Gn.
1044 5869 1216 5931 XIX.

1927 4580 2589 4650 Constantinopolitanum
2643 4577 2781 4631 adde
2822 4576 2951 4638 I7;
3013 4577 3080 4631 ad
3127 4577 3374 4631 lunarem
3425 4575 3492 4629 19

1929 4673 2064 4726 adde
2094 4673 2147 4735 5,
2169 4678 2222 4725 et
2247 4670 2314 4724 ad
2343 4669 2688 4724 indictionem
2741 4668 2811 4722 15
2858 4666 2994 4722 adde
3015 4667 3072 4731 0,
3104 4667 3362 4722 conficies
3394 4681 3491 4737 cy-

1930 4764 2045 4816 clos
2073 4759 2340 4823 Iulianos,
2373 4757 2505 4812 solis
2535 4757 2600 4811 I9
2628 4772 2751 4810 cum
2779 4757 2958 4810 littera
2983 4754 3058 4818 E;
3101 4755 3243 4808 luna:
3263 4755 3317 4818 5,
3350 4754 3493 4808 indi-

1929 4853 2165 4908 stionem
2197 4850 2302 4904 I3:
2340 4863 2459 4918 qua:
2488 4849 2667 4901 omnia
2701 4856 3009 4917 congruunt
3050 4847 3103 4899 in
3149 4839 3364 4898 anuum'
3401 4860 3493 4914 pe-

1928 4942 2070 4997 riodi
2095 4941 2322 4996 Iuliana:
2350 4941 2520 5004 5045,
2561 4940 2654 5009 qui
2699 4938 3032 4993 centesimus
3060 4947 3114 4991 et
3141 4937 3493 5006 quadragesi-

1931 5051 2053 5090 mus
2081 5042 2167 5089 est
2197 5042 2322 5087 ante
2353 5046 2535 5087 veram
2565 5029 2827 5100 epocham
2858 5027 3063 5091 Exodi,
3108 5043 3273 5098 quam
3306 5027 3361 5080 in
3395 5042 3493 5081 auo

1931 5143 2059 5182 num
2093 5125 2302 5196 periodi
2329 5122 2558 5178 Juliana‘.
2597 5121 2928 5175 contulimus
2955 5119 3113 5174 5185.
3168 5119 3231 5172 Et
3272 5119 3492 5189 quidem

1931 5219 2242 5275 Chronicon
2271 5216 2346 5270 ait
2371 5231 2515 5270 anno
2547 5214 2676 5277 illo,
2725 5228 2886 5283 quem
2923 5220 3174 5267 numerat
3207 5211 3374 5273 3838,
3419 5210 3496 5264 fe-

1930 5313 2069 5366 riam
2107 5326 2122 5364 1
2162 5309 2452 5380 contigisse
2483 5306 2682 5376 Aprilis
2713 5319 2836 5369 xm,
2865 5303 3166 5374 eodemque
3194 5302 3282 5357 die
3329 5317 3497 5371 quar-

1932 5414 2043 5459 tam
2079 5405 2342 5460 decimam
2367 5400 2535 5457 Nisan
2563 5399 2852 5465 incidisse;
2887 5404 2947 5450 ut
2980 5397 3202 5451 minime
3247 5394 3500 5452 dubitan-

1933 5497 2061 5549 dum
2099 5498 2190 5560 sit,
2224 5496 2354 5564 quin
2383 5503 2438 5550 et
2484 5507 2690 5548 aureus
2719 5505 2980 5546 numerus
3022 5488 3184 5543 fuerit
3211 5489 3274 5553 3,
3319 5496 3373 5543 et
3402 5504 3510 5558 cy-

1935 5591 2052 5644 elus
2081 5590 2212 5644 solis
2245 5587 2330 5651 I9,
2363 5587 2654 5657 litteraque
2685 5582 3040 5638 Dominicalis
3074 5579 3135 5634 E.

2004 5681 2162 5735 Aliud
2195 5680 2501 5750 exemplum
2530 5697 2544 5732 :
2573 5676 2885 5732 Chronicon
2928 5673 3068 5728 idem
3104 5688 3308 5728 annum
3361 5685 3496 5723 con-

1935 5782 2125 5846 er-ptus
2177 5771 2404 5829 Joannis
2461 5768 2814 5841 praecursoris
2867 5773 3116 5822 numerat
3166 5765 3236 5819 ab
3298 5763 3505 5818 Adamo

3111 5859 3187 5917 116
