4036 6218
476 353 604 408 1151

1499 337 1588 390 AD
1626 335 1891 388 EITSEBII
1933 331 2319 388 CIIItONlCON
2360 327 2717 382 APPENDIX.

3573 325 3596 375 1
3608 323 3717 378 452

476 471 634 534 5505,
667 469 710 522 si
744 484 770 519 a
814 466 1006 518 Martio
1061 478 1235 516 annus
1278 459 1560 512 inrhoetur
1582 457 1917 522 ,-indictione
1943 471 2051 516 xiv,
2083 457 2125 512 Α
2155 452 2286 504 feria
2321 468 2332 503 ι
2362 451 2562 518 Aprilis
2598 465 2648 502 Ix
2677 449 2784 513 die,
2815 444 3265 517 quemadmodum
3305 443 3357 497 in
3397 441 3714 497 Grzecorum

477 577 620 617 anno
653 558 860 627 imperii
889 555 1115 625 Augusti
1153 570 1279 606 xxix
1312 570 1324 604 :
1357 566 1478 619 qum
1500 565 1621 604 esse
1660 548 1949 602 falsissima
1975 562 2040 599 cx

479 651 732 708 methodo
771 654 956 702 nostra
989 647 1060 698 ita
1089 644 1428 711 colligemus.
1485 638 1684 692 Divisis
1715 637 1873 689 annis
1907 635 2044 688 5505
2144 657 2325 712 uno”
2379 653 2444 710 v_
2479 653 2716 707 Αῖιαιεη,
2753 657 2890 705 tum,
2920 652 2970 703 in
3016 651 3139 702 dam

479 760 574 815 per
592 742 682 805 28,
710 737 1035 806 relinquitur
1063 735 1196 788 solis
1229 732 1414 802 cyclus
1447 730 1506 782 17
1540 744 1554 792 ;
1609 743 1705 797 per
1752 726 1818 779 l9
1863 733 2044 780 autem

479 835 714 907 partitis,
743 830 1122 899 relinquentur
1153 825 1239 878 14.
1287 821 1482 876 Verum
1513 819 1738 874 indictio
1783 833 1889 871 non
1933 832 2044 879 xiv,

479 926 576 982 sed
611 941 679 979 xv
708 920 994 991 consurgit
1021 934 1085 972 ex
1107 917 1373 970 divisione
1407 927 1502 982 per
1524 911 1608 966 15.
1640 910 1926 975 Qttmratur
1947 923 2048 960 au-

483 1033 584 1071 nus
618 1016 726 1076 ille,
763 1014 818 1066 in
853 1027 1012 1082 quem
1041 1008 1264 1063 indietio
1297 1021 1387 1058 xtv
1422 1019 1546 1058 cum
1587 1003 1742 1073 cyclo
1778 1002 1908 1056 solis
1942 1016 2050 1054 xvu

482 1118 535 1162 ct
568 1110 706 1161 luam
765 1121 852 1158 xlv
879 1111 1188 1157 concurrat.
1225 1098 1466 1151 Primum
1514 1095 1680 1148 ducto
1721 1094 1876 1164 cyclo
1921 1093 2052 1148 solis

483 1199 546 1251 17
593 1197 648 1251 in
675 1197 762 1258 57,
812 1193 1114 1248 eﬂiciuntur
1154 1188 1300 1247 90:);
1342 1195 1454 1240 tum
1503 1184 1697 1238 ablatis
1733 1183 1798 1236 1-1
1849 1181 1913 1235 de
1948 1181 2050 1245 19,

485 1295 692 1343 restant
717 1286 770 1348 5,
806 1299 924 1354 quae
959 1284 1012 1336 in
1036 1282 1102 1336 56
1126 1280 1284 1333 ducta
1319 1275 1453 1329 liunt
1501 1273 1642 1339 230;
1679 1272 1878 1327 additis
1927 1269 2051 1332 969,

487 1392 696 1433 summa
726 1374 1042 1445 producitur
1067 1368 1222 1432 1249,
1245 1383 1365 1438 qua:
1394 1380 1488 1434 per
1517 1364 1623 1418 553
1655 1363 1947 1416 distributa
1976 1375 2057 1413 rc-

488 1471 681 1539 linquit
734 1467 854 1520 185.
909 1463 1079 1534 Igitur
1123 1476 1298 1514 annus
1335 1458 1472 1529 cycli
1525 1453 1787 1508 Victorini
1823 1451 1923 1505 185
1968 1449 2058 1503 ille

496 1562 596 1614 fuit
636 1574 793 1629 quem
833 1555 1142 1610 Chronicon
1199 1551 1486 1622 signiﬁcat.
1539 1546 1740 1601 Verum
1793 1543 2054 1606 indictio,

490 1667 650 1724 quam
686 1649 952 1718 adjungit,
1000 1645 1285 1700 ratiocinia
1327 1640 1632 1697 conturbat.
1670 1639 1802 1690 Nam
1846 1636 1889 1690 si
1932 1635 2060 1689 reli-

491 1759 628 1813 quos
654 1741 774 1794 illos
807 1739 909 1792 185
948 1752 1042 1806 per
1075 1736 1140 1789 15
1171 1733 1426 1804 partiare,
1458 1737 1669 1785 restant
1695 1729 1749 1785 5.
1771 1728 1839 1781 de
1861 1724 2060 1794 quibus

2148 542 2442 611 Ilorologio
2466 540 2680 610 legitur.

3187 647 3416 718 quolibet
3465 661 3605 698 anno
3651 660 3718 699 ac

2389 725 2473 777 die
2498 725 2766 792 utriusque
2809 723 3034 788 computi
3065 717 3462 788 deprehendere.

2221 813 2508 882 Postquam
2534 814 2747 883 cyclum
2795 813 3036 864 lunarem
3075 824 3170 878 per
3191 821 3452 860 canoncm
3480 805 3716 874 primum

2149 905 2438 976 repereris,
2472 920 2593 958 cum
2629 919 2693 958 eo
2740 903 2825 956 adi
2854 901 3088 956 tabulam
3123 915 3212 953 tv:
3249 897 3405 966 cujus
3452 897 3504 949 in
3534 895 3719 964 primo

2150 1015 2308 1053 versu
2340 998 2552 1068 cyclum
2579 1005 2730 1050 tuum
2760 995 3064 1065 requirito;
3095 1001 3207 1046 tum
3258 1007 3288 1045 e
3338 990 3542 1043 directo
3583 1001 3725 1055 epa~

2152 1101 2294 1146 ctam
2352 1092 2427 1144 illi
2475 1089 2914 1159 respondentem.
2970 1085 3025 1139 Si
3075 1080 3422 1137 Alexandrini
3479 1079 3722 1147 computi

2153 1190 2408 1261 proprius
2433 1197 2517 1244 est
2554 1189 2805 1242 inventus
2837 1200 2868 1237 a
2898 1192 2950 1238 te
2994 1181 3180 1252 cyclus
3205 1219 3219 1242 ,
3267 1183 3458 1247 epacta
3507 1176 3584 1229 illi
3640 1190 3726 1229 re-

2155 1283 2430 1354 Spondens
2455 1289 2537 1337 est
2569 1296 2653 1345 ea,
2675 1294 2795 1349 quae
2827 1275 3044 1330 Maximi
3077 1275 3294 1327 dicitur.
3319 1268 3716 1325 Constantino-

2157 1376 2394 1446 politano
2415 1389 2542 1428 vero
2566 1371 2826 1425 tribuitur
2873 1369 3041 1421 altera
3063 1406 3076 1430 ,
3110 1379 3233 1434 qua:
3265 1363 3431 1418 lsaaci
3469 1359 3723 1415 inscribi-

2160 1478 2268 1522 tur.
2321 1465 2522 1520 Confer
2573 1476 2626 1520 te
2669 1463 2863 1519 deinde
2907 1461 2974 1514 ad
3036 1458 3272 1512 tabulam
3311 1472 3343 1506 v
3392 1453 3724 1525 regularium

2164 1561 2304 1613 laute
2324 1599 2338 1623 ,
2373 1566 2427 1613 et
2451 1555 2713 1628 propositi
2738 1555 2938 1609 mensis
2966 1551 3241 1622 regulares
3267 1549 3509 1618 computi
3547 1545 3730 1614 cujus-

2163 1657 2242 1710 vis
2276 1654 2522 1726 proprios
2551 1664 2799 1719 excerpe.
2839 1647 3119 1700 Summam
3157 1657 3223 1696 ex
3262 1638 3469 1709 epactis
3495 1646 3548 1691 et
3571 1652 3726 1704 regu-

2165 1746 2370 1799 laribus
2397 1742 2683 1797 conﬂatam
2717 1754 2850 1808 auge
2894 1737 3103 1790 dierum
3157 1745 3420 1793 numero,
3477 1727 3634 1795 cujus
3667 1727 3726 1779 in

495 1834 673 1889 ablata
701 1829 999 1884 ἱῐιάίοιίοηε
1033 1825 1308 1896 ρτορυείια
1338 1823 1402 1877 “ﬁ
1424 1865 1437 1886 ς
1486 1827 1780 1890 supersum
1817 1817 1849 1870 6
1881 1836 1892 1870 τ
1941 1831 2060 1885 ‘1“33
2094 1804 2134 1860 Β
2163 1836 2352 1891 ultimo
2377 1841 2506 1887 aetas
2536 1833 2678 1885 lunae
2721 1804 3035 1897 requiritur.
3071 1821 3296 1877 Collecti
3325 1820 3443 1873 dies
3491 1818 3564 1870 illi
3593 1857 3607 1878 ,
3659 1830 3728 1869 ac

497 1930 553 1981 in
582 1924 719 1978 1064
742 1923 902 1978 ducta
927 1918 1222 1973 coniiciunt
1267 1916 1426 1969 6584.
1464 1914 1613 1968 Adde
1647 1911 1746 1964 185
1767 1949 1781 1974 ,
1837 1910 2061 1964 exsistet

501 2033 678 2073 annus
711 2015 870 2078 6569,
903 2013 998 2084 qui
1027 2010 1210 2083 cyclos
1262 2009 1522 2070 exhibet,
1571 2007 1704 2061 solis
1738 2018 1846 2056 xvu
1868 2041 1882 2064 ,
1923 2001 2062 2054 luna:

496 2128 622 2175 xw,
675 2107 1028 2163 indictioncm
1090 2118 1198 2156 xiv.
1256 2100 1351 2154 Est
1405 2106 1582 2152 autem
1641 2109 1815 2148 annus
1860 2091 2063 2145 Christi

499 2201 658 2256 1856.
712 2197 874 2252 Vides
925 2191 1337 2248 absurditatem.
1369 2187 1730 2252 Quamobrem
1777 2199 1881 2237 non
1929 2181 2063 2236 satis

501 2287 872 2347 commendari
908 2283 1193 2338 methodus
1243 2280 1345 2335 ista
1380 2285 1574 2348 p0test,
1605 2292 1725 2345 quae
1753 2275 1818 2329 ad
1852 2273 2066 2327 Graeco-

505 2399 622 2438 rum
645 2380 917 2434 annalium
939 2373 1286 2443 castigandos
1303 2386 1539 2432 errores,
1567 2369 1862 2438 praesertim
1889 2365 2066 2419 Theo-

504 2473 721 2544 phanis,
753 2469 1010 2538 majorem
1043 2466 1297 2535 opinione
1330 2462 1567 2516 fructum
1596 2459 1800 2514 afferet.

506 2586 685 2640 CANON
715 2581 801 2637 IV.
844 2579 1114 2647 Proposili
1150 2575 1428 2646 cujuslibet
1458 2574 1560 2627 diei
1597 2573 1786 2647 feriam
1823 2573 1876 2624 in
1920 2569 2065 2624 Cras-

852 2646 1033 2704 corum
1081 2657 1318 2714 computo
1359 2646 1718 2714 pronuntiare.

579 2745 802 2799 Invento
837 2741 990 2814 cyclo
1027 2739 1158 2796 solis
1201 2739 1258 2793 in
1294 2746 1526 2806 utroque
1573 2740 1828 2804 computo
1858 2747 1951 2801 per
1979 2746 2072 2784 ca-

510 2853 704 2894 nonem
741 2854 790 2900 ι,
843 2835 970 2890 huic
997 2842 1361 2903 congruentes
1392 2837 1609 2899 epactas
1637 2837 1941 2882 menstruas
1976 2823 2074 2876 ad-

514 2931 636 2984 hibe
666 2944 730 2983 ex
763 2927 944 2980 tabula
1001 2940 1038 2978 ιι
1075 2923 1212 2994 cycli
1244 2921 1476 2986 solaris;
1525 2927 1640 2972 tum
1681 2933 1747 2971 ex
1778 2915 1959 2968 tabula
2011 2928 2070 2966 ιιι

515 3028 736 3090 epactas
768 3025 1077 3072 menstruas
1129 3013 1344 3082 require
1367 3054 1380 3078 ,
1442 3019 1604 3080 atque
1633 3009 1700 3063 ad
1751 3009 1833 3064 sui
1865 3006 2077 3078 generis

2160 1945 2253 1999 per
2273 1927 2341 1981 30
2379 1925 2560 1986 divisi,
2593 1932 2755 1991 quota
2783 1920 2852 1973 sit
2884 1918 2975 1970 illo
2995 1915 3084 1969 die
3115 1915 3240 1967 luna
3266 1910 3663 1966 monstrabunt.

2231 2019 2600 2088 Exemplum:
2663 2013 3006 2082 Propositum
3063 2008 3134 2061 sit
3194 2006 3519 2074 investigare
3563 2009 3727 2070 quota

2162 2113 2288 2166 luna
2321 2111 2392 2162 sit
2426 2108 2627 2178 Aprilis
2665 2106 2700 2159 2
2739 2104 2866 2158 anni
2900 2101 3036 2156 7054
3061 2097 3414 2153 Alexandrini
3448 2093 3679 2164 computi
3709 2132 3725 2154 ,

2162 2206 2214 2256 et
2245 2199 2380 2252 7050
2429 2191 3052 2262 Constantinopolitani;
3085 2202 3316 2258 quorum
3359 2186 3540 2257 cyclos
3578 2184 3733 2236 luna-

2164 2305 2252 2344 res
2279 2287 2614 2344 confecimus
2642 2299 2848 2340 canone
2883 2298 2934 2348 ι;
2970 2281 3115 2334 illius
3145 2279 3364 2349 quidem
3387 2276 3447 2340 4;
3480 2274 3637 2342 hujus
3669 2273 3728 2324 1.

2166 2381 2332 2452 Igitur
2352 2395 2475 2434 cum
2499 2379 2650 2450 cyclo
2677 2374 3055 2431 Alexandrina:
3081 2385 3203 2447 aera:
3227 2370 3281 2431 4,
3331 2369 3381 2421 in
3416 2366 3601 2452 tabula
3621 2380 3683 2452 tu
3695 2402 3715 2424 ,

2166 2447 2382 2520 invenio
2408 2447 2653 2532 epactam
2679 2478 2775 2516 xu.
2794 2460 2850 2514 In
2879 2458 3062 2512 tabula
3083 2473 3135 2522 v,
3160 2454 3425 2525 regulares
3442 2449 3637 2519 Aprilis
3655 2447 3719 2504 0.

2169 2556 2400 2612 Proinde
2423 2563 2613 2627 epacta
2641 2551 2728 2616 12,
2755 2559 2808 2606 et
2836 2550 3037 2621 Aprilis
3061 2548 3179 2603 dies
3198 2546 3235 2600 2
3259 2547 3437 2600 lunam
3457 2543 3730 2596 decimam

2170 2661 2415 2721 quartam
2443 2648 2678 2704 oderunt
2703 2645 2794 2698 illo
2821 2643 2930 2698 die.
2983 2643 3050 2695 At
3077 2655 3256 2694 annus
3285 2638 3422 2692 7050
3457 2635 3736 2689 Constan-

2172 2741 2564 2810 tinopolitanus
2587 2744 2806 2806 epactas
2829 2736 2884 2787 in
2916 2747 2968 2785 ιν
3002 2731 3188 2785 tabula
3218 2744 3270 2782 xt
3298 2728 3540 2791 obtinet;
3573 2739 3734 2792 regu-

2175 2835 2340 2886 larem
2368 2830 2423 2883 in
2449 2846 2480 2882 ν
2510 2827 2712 2889 tabula,
2741 2842 2754 2878 ι
2779 2843 2792 2892 ;
2821 2825 2953 2878 liunt
2981 2839 3078 2885 xu,
3105 2829 3158 2876 et
3191 2836 3316 2874 cum
3341 2817 3507 2872 biduo
3537 2814 3736 2885 Aprilis

2176 2935 2286 2973 xiv.
2319 2917 2461 2972 Sane
2490 2917 2545 2970 in
2574 2914 2866 2983 Horologio
2891 2912 3062 2967 Graeci
3088 2912 3271 2964 lunam
3296 2909 3391 2962 illo
3417 2921 3559 2962 anno
3588 2906 3733 2960 deci-

2177 3025 2319 3063 mam
2347 3018 2592 3079 quartam
2623 3014 2940 3075 computant
2973 3003 3174 3074 Aprilis
3209 3001 3472 3057 secundo.

516 3121 908 3168 “munem”
941 3121 1171 3196 appone!
1191 3105 1295 3158 hoc
1325 3113 1409 3158 θδι
1437 3103 1502 3156 ad
1525 3110 1913 3196 εοηευττθξιιξεὲ
1936 3099 2077 3170 ⁰Υ⁰¹ί
2106 3134 2152 3196 c
2181 3121 2360 3178 Canos
2399 3120 2486 3174 VI.
2531 3118 2833 3180 Terminum
2873 3117 3184 3172 Paschalem
3219 3117 3326 3169 sive
3383 3113 3593 3167 Pascha
3645 3111 3735 3164 Ju-

515 3219 638 3258 καθ
664 3199 1040 3256 Alexandrinae
1073 3195 1210 3250 adde
1265 3195 1538 3265 regulares
1572 3192 1812 3262 computi
1842 3191 2077 3245 Alexan-

517 3296 658 3351 drini
682 3335 697 3359 ,
745 3294 813 3348 ad
847 3297 1234 3347 concurrentes
1270 3303 1397 3342 vero
1427 3281 1664 3357 computi
1689 3284 2071 3341 Constantino-

521 3387 772 3460 politaui,
815 3385 1090 3455 regulares
1122 3381 1385 3450 ejusdem.
1427 3379 1649 3435 Domum
1685 3379 1748 3432 ad
1791 3377 2078 3433 conﬂatam

523 3478 648 3531 inde
684 3490 971 3539 summam,
1002 3473 1098 3544 τὴν
1130 3470 1410 3535 ποσταίαν,
1444 3471 1548 3524 hoc
1584 3479 1667 3522 est
1701 3467 1841 3521 diem
1877 3468 2080 3520 mensis

524 3571 714 3640 adjice.
755 3566 907 3633 Quod
952 3565 1077 3620 inde
1123 3563 1439 3630 conﬁcitur,
1483 3578 1576 3633 per
1617 3561 1648 3613 7
1701 3558 1969 3623 divisum,
2005 3559 2082 3612 le-

525 3665 659 3717 riam
692 3655 1104 3714 demonstrabit.

593 3749 833 3819 Exempli
864 3747 1073 3819 gratia:
1115 3743 1196 3798 Sit
1237 3759 1414 3798 annus
1457 3741 1694 3812 computi
1730 3738 2081 3794 Alexandrini

527 3842 683 3905 7051,
712 3835 1294 3907 Constantinopolitani
1349 3850 1496 3898 vero,
1533 3834 1690 3888 7050.
1745 3832 1950 3887 Prioris
1993 3847 2086 3901 cy-

527 3936 644 3988 clus
668 3947 763 4002 per
799 3946 1062 3985 cauonem
1104 3945 1118 3981 ι
1157 3927 1436 3983 coniectus
1465 3935 1548 3980 est
1577 3941 1650 3980 Vl.
1680 3925 2084 3979 Concurrentes

527 4039 594 4080 ex
625 4021 806 4077 tabula
851 4035 921 4080 ιι,
958 4026 1084 4074 sunt
1131 4017 1183 4071 6.
1236 4014 1408 4070 Velim
1463 4013 1604 4070 scire
1658 4013 1846 4068 feriam
1883 4012 1989 4066 diei
2031 4027 2086 4064 Ix

528 4113 746 4184 Aprilis.
791 4110 1086 4181 Regulares
1116 4107 1461 4162 Alexandrini
1509 4121 1575 4160 ex
1627 4105 1897 4158 tabulam
1933 4103 2086 4158 colli-

529 4213 732 4274 guntur
760 4202 1026 4272 7,quihus
1057 4199 1121 4253 ad
1145 4200 1176 4252 6
1209 4198 1404 4253 additis
1420 4212 1540 4251 cum
1573 4196 1811 4251 9diebus
1852 4195 2084 4265 Aprilis,

529 4311 736 4351 stuuma
769 4304 852 4350 est
883 4294 966 4348 15.
1000 4291 1230 4346 Proinde
1260 4290 1450 4345 feriam
1493 4289 1615 4344 dico
1648 4289 1817 4344 fuisse
1862 4308 1896 4343 I.
1946 4287 2088 4342 [iur-

531 4404 624 4456 sus
653 4387 837 4458 cyclus
867 4386 993 4438 anni
1029 4383 1164 4438 7050
1196 4380 1782 4451 Constantinopolitaui
1809 4397 1901 4451 per
1927 4396 2084 4434 eum-

2253 3193 2490 3274 daicum,
2546 3190 2758 3260 ejusque
2809 3190 2996 3258 feriant
3051 3189 3103 3240 in
3137 3197 3356 3255 utroque
3385 3193 3620 3252 computo
3660 3198 3740 3235 τε·

2251 3280 2437 3333 perire.

2254 3378 2388 3433 Cum
2418 3377 2570 3447 cyclo
2610 3375 2788 3428 lunari
2821 3387 3028 3427 canone
3062 3371 3240 3442 primo
3288 3368 3622 3439 deprehenso
3652 3368 3741 3422 adi

2186 3470 2420 3524 tabulam
2460 3483 2530 3521 Iv.
2579 3466 2636 3520 In
2671 3467 2845 3537 primo
2885 3480 3040 3519 versu
3075 3464 3288 3534 cyclum
3339 3472 3491 3517 tuum
3522 3461 3742 3530 accipe,

2185 3569 2237 3615 et
2262 3577 2327 3615 ex
2363 3561 2569 3614 directo
2599 3557 2915 3614 Paschalem
2955 3556 3245 3612 terminum
3269 3594 3284 3618 ,
3345 3569 3463 3609 cum
3496 3553 3609 3622 ejus
3650 3565 3743 3605 re—

2188 3652 2360 3721 gulari
2395 3659 2502 3703 tam
2538 3650 2590 3704 in
2626 3648 2988 3705 Alexandrina
3017 3661 3143 3711 aera,
3195 3661 3360 3715 quam
3393 3647 3440 3700 in
3473 3645 3746 3697 Constan-

2187 3742 2561 3812 tinopolitaua.
2609 3740 2815 3796 Exinde
2847 3749 3238 3795 concurrentes
3268 3738 3407 3808 cycli
3451 3737 3578 3791 solis
3606 3735 3747 3788 anni

2190 3834 2450 3905 propositi
2483 3848 2577 3902 per
2607 3847 2870 3886 cannnem
2906 3849 2958 3887 tv
3008 3831 3258 3886 inve..tos
3283 3872 3299 3893 ,
3349 3846 3471 3884 cum
3511 3829 3748 3898 regulari

2192 3927 2406 3983 termini
2456 3939 2742 3995 compone.
2784 3922 3006 3978 Summa
3057 3924 3242 3976 l'eriam
3291 3923 3478 3986 dabit,
3523 3922 3753 3991 adjectis

2191 4026 2414 4087 septem.
2447 4014 2518 4071 Ut
2552 4030 2694 4068 anno
2743 4015 2932 4069 eodem
2983 4014 3348 4069 Alexandrino
3380 4013 3536 4073 7054,
3568 4015 3752 4085 cyclus

2193 4112 2333 4165 luna:
2377 4126 2426 4163 IV
2463 4109 2517 4162 in
2553 4108 2737 4161 tabula
2791 4107 3203 4177 respondentem
3245 4106 3408 4160 habet
3462 4109 3752 4162 terminum

2191 4199 2505 4253 Paschalem
2531 4198 2731 4267 Aprilis
2757 4195 2811 4259 2,
2833 4198 2988 4265 cujus
3019 4198 3296 4268 regulares
3322 4206 3451 4251 sunt
3472 4197 3530 4260 2,
3566 4200 3753 4269 cyclus

2194 4293 2324 4347 solis
2355 4306 2408 4346 vt
2455 4296 2844 4345 concurrentes
2895 4287 3080 4342 itidem
3113 4287 3262 4341 dedit
3292 4285 3325 4340 6
3364 4302 3461 4357 per
3490 4303 3751 4343 canouem

2197 4401 2280 4449 IV;
2318 4383 2476 4437 ambo
2497 4380 2706 4434 collecti
2738 4379 2924 4434 feriam
2956 4395 2973 4432 ι
3003 4378 3278 4432 exhibent.

530 4478 650 4531 dem
681 4491 944 4530 canonem
966 4473 1336 4544 deprehensus
1363 4481 1448 4526 est
1471 4472 1563 4534 9.2,
1603 4480 1996 4526 concurrentes
2027 4472 2079 4525 5.
2121 4487 2166 4540 ο
2265 4471 2355 4526 Sic
2384 4486 2525 4525 anno
2553 4468 3152 4538 ConstantinOpolitauo
3177 4468 3335 4533 7030,
3360 4469 3546 4540 cyclus
3565 4470 3700 4522 lunae
3724 4468 3745 4518 l

530 4569 824 4638 ltegulares
864 4567 1065 4635 Aprilis
1090 4565 1142 4618 iu
1167 4565 1407 4619 secundo
1456 4579 1616 4619 versu
1651 4562 1980 4632 regularium
2009 4571 2091 4617 ta-

531 4660 668 4714 bulae
699 4675 757 4714 ιιι
792 4669 918 4714 sunt
953 4659 973 4712 1
1002 4699 1016 4722 ,
1063 4658 1154 4726 qui
1202 4672 1325 4710 cum
1375 4656 1409 4709 5
1437 4656 1891 4709 concurrentibus
1916 4693 1932 4718 ,
1964 4663 2018 4708 et
2060 4654 2093 4708 9

530 4750 721 4805 diebus
747 4750 946 4818 Aprilis
977 4757 1308 4818 componunt
1339 4747 1405 4800 15
1433 4763 1447 4812 ;
1480 4745 1724 4816 adeoque
1759 4745 1951 4799 feriant
1987 4761 2026 4799 ι.

599 4839 955 4910 Experiamur
995 4856 1060 4893 an
1117 4848 1261 4894 recte
1315 4839 1526 4909 positus
1583 4839 1654 4893 sit
1700 4839 1944 4892 calculus
1997 4853 2093 4906 per

531 4931 1012 4986 characterismum
1053 4945 1315 4984 annorum
1367 4930 1593 4993 Christi,
1631 4930 1712 4984 vel
1759 4931 1967 4999 periodi
1997 4929 2095 4983 Ju-

535 5020 708 5076 lianw.
763 5021 952 5076 Annus
1006 5021 1404 5077 Alexandrinus
1449 5021 1617 5083 7034,
1654 5021 1915 5076 detractis
1950 5021 2088 5084 779,

533 5112 800 5168 invenitur
835 5113 1036 5182 periodi
1057 5113 1282 5168 Julianze
1316 5114 1488 5178 6255,
1518 5115 1612 5183 qui
1641 5123 1696 5168 et
1721 5115 1863 5168 idem
1899 5128 2096 5183 prove-

533 5202 613 5256 nit
638 5202 829 5257 ablatis
867 5204 966 5258 795
991 5205 1058 5259 de
1094 5221 1236 5260 anno
1287 5205 1425 5260 7050
1478 5206 2093 5275 Constantinopolitano

533 5309 599 5347 ex
628 5294 881 5349 methodo
908 5297 1131 5351 canonis
1170 5313 1228 5351 ll.
1263 5298 1366 5352 Sed
1410 5309 1463 5351 et
1508 5299 1670 5353 iidem
1719 5301 1846 5351 anni
1879 5299 2097 5365 conspi-

534 5391 657 5436 rant
688 5383 740 5436 in
764 5401 964 5439 annum
987 5388 1188 5444 Christi
1221 5390 1376 5451 L552,
1407 5391 1452 5444 si
1491 5406 1556 5444 ex
1602 5389 1970 5443 Alexandrino
2004 5390 2095 5441 ab-

530 5473 712 5541 jecero
739 5475 895 5540 5492,
919 5488 972 5531 et
999 5494 1029 5532 e
1058 5480 1683 5552 Constantinpolitano,
1707 5481 1865 5536 5508.
1887 5480 1954 5533 At
1979 5489 2091 5533 tam

531 5580 707 5619 annus
738 5568 941 5635 periodi
990 5565 1217 5626 Iuliana:
1252 5573 1425 5636 69.55,
1486 5589 1648 5643 quam
1679 5574 1885 5629 Christi
1919 5573 2087 5634 1542,

531 5656 739 5712 obtinet
765 5658 975 5728 cyclum
1007 5663 1138 5716 solis
1177 5662 1479 5718 Iioruauum
1515 5681 1590 5729 xl,
1622 5665 1710 5720 cui
1741 5682 1806 5718 ex
1836 5665 2018 5719 tabula
2055 5680 2093 5718 ιι

533 5749 789 5813 competit
821 5749 996 5804 littera
1026 5751 1089 5808 A.
1117 5753 1281 5813 Igitur
1316 5754 1596 5810 verissime
1630 5756 1976 5815 pronuntiata
2007 5761 2091 5808 est

2193 4565 2481 4621 terminum
2522 4563 2679 4617 oﬂ'ert
2725 4562 2781 4616 in
2820 4561 3003 4615 tabula
3029 4577 3099 4623 IV,
3133 4561 3334 4630 Aprilis
3367 4575 3428 4622 ιι,
3454 4576 3576 4615 cum
3604 4576 3754 4629 regn-

2193 4657 2397 4711 laribus
2425 4656 2480 4710 5.
2507 4654 2708 4726 Cyelus
2737 4653 2868 4708 solis
2909 4668 2972 4706 ex
3005 4667 3248 4706 canone:
3282 4651 3383 4704 fuit
3404 4651 3497 4715 22,
3526 4666 3756 4705 concur-

2192 4759 2374 4806 rentes
2407 4751 2460 4815 5,
2495 4749 2587 4819 qui
2623 4763 2747 4802 cum
2782 4746 3125 4816 regularibus
3163 4745 3460 4798 ostendunt
3489 4743 3674 4800 feriam
3707 4760 3751 4808 ι,

2192 4842 2406 4912 qualem
2431 4840 2744 4895 Griecorum
2778 4835 3128 4908 Horologium
3160 4835 3518 4890 demonstrat.

2191 4952 2372 5008 Canos
2403 4950 2510 5006 VII.
2549 4949 2757 5003 Pascha
2794 4947 3176 5010 Christianum,
3209 4964 3271 5000 ac
3311 4949 3574 5015 pra’cipua
3606 4945 3757 5002 Cra:-

2472 5037 2651 5074 corum
2689 5021 2820 5088 festa
2850 5019 3029 5087 quovis
3069 5035 3206 5072 anno
3236 5017 3475 5086 deﬁnire.

2262 5111 2510 5167 Paschali
2541 5111 2772 5164 termino
2805 5124 2901 5178 per
2938 5108 3275 5178 superiorem
3301 5123 3559 5163 canonem
3582 5107 3769 5162 anim—-

2195 5206 2459 5266 adverso,
2503 5203 2731 5272 ejusque
2772 5201 2943 5263 feria,
2992 5200 3039 5256 si
3084 5200 3366 5256 Dominica
3415 5202 3523 5265 sit,
3569 5203 3620 5254 in
3671 5215 3766 5254 se-

2193 5305 2449 5365 quentem
2485 5294 2818 5348 Dominicam
2847 5292 3188 5348 diﬂunditur.
3229 5292 3287 5348 Si
3324 5294 3549 5347 alteram
3590 5294 3647 5346 in
3678 5291 3760 5345 fer

2192 5390 2329 5440 riam
2359 5387 2624 5442 terminus
2655 5389 2929 5448 incurrat,
2952 5387 3196 5458 proxime
3219 5401 3456 5456 sequens
3481 5383 3760 5438 Dominica

2195 5476 2824 5534 PaschaoChristianum
2869 5481 3156 5536 obtinebit.
3203 5478 3431 5533 Invento
3475 5475 3762 5535 Paschate,

2194 5570 2331 5625 testa
2367 5571 2572 5639 reliqua
2621 5571 2775 5625 nullo
2826 5573 3041 5643 negotio
3091 5572 3355 5640 reperies.
3393 5569 3518 5623 Haec
3548 5566 3760 5621 metho-

2195 5660 2297 5716 dus
2315 5667 2366 5715 et
2395 5677 2489 5730 per
2530 5661 2808 5718 se-l‘acilis
2839 5672 2941 5729 est,
2984 5671 3037 5719 et
3079 5663 3255 5733 capite
3301 5659 3572 5730 superiori
3599 5656 3760 5726 hujus

2195 5751 2320 5806 libri
2344 5751 2670 5806 continetur.
