4036 6218
397 381 411 430 Ι
426 379 527 434 455

965 487 1192 543 CAPUT
1231 487 1368 542 XIV.

399 632 470 684 De
497 641 750 684 certorum
775 627 1038 681 hominum
1068 625 1314 680 Paschali
1336 635 1573 694 computo
1597 641 1657 678 ac
1688 625 1946 688 met/mdo,

464 718 588 771 quos
639 700 696 753 S.
750 697 1018 771 Maximus
1073 696 1527 771 nsvranloﬁvrag,
1571 705 1620 748 et
1661 695 1950 771 égazlofw-

464 764 560 832 ’ξας
624 769 890 832 nominat;
956 785 1048 820 nos
1084 767 1532 835 undecuplatores
1587 764 1946 835 appellamus,

462 854 677 906 quorum
707 840 843 890 ratio
864 853 1019 906 prope
1061 833 1436 906 inextricabilis
1479 838 1588 889 visa
1657 833 1946 903 Scaligero,

463 904 715 976 facillime
740 904 1062 961 declaratur.
1097 906 1172 959 De
1204 905 1389 960 iisdem
1417 921 1568 958 error
1600 904 1875 975 Scaligeri.

460 1041 727 1096 Maximus
761 1049 965 1112 martyr
992 1041 1175 1110 primm
1205 1042 1376 1110 partis
1406 1041 1666 1111 computi,
1699 1057 1823 1111 cap.
1857 1039 1946 1107 XI,

389 1140 444 1188 et
476 1133 570 1186 Xll
591 1175 606 1196 ,
643 1149 706 1187 ac
757 1143 864 1188 tota
910 1134 1146 1188 secunda
1173 1142 1324 1204 parte
1364 1145 1554 1187 contra
1584 1142 1766 1189 certos
1795 1148 1948 1186 com-

389 1225 506 1294 puti
541 1223 774 1278 artifices
803 1223 1063 1292 disputat,
1097 1239 1236 1295 quos
1268 1224 1724 1289 πενταπλοῦντας,
1749 1237 1801 1282 et
1829 1224 1950 1290 ἑξα-

391 1315 655 1378 πλοῦντας
686 1321 872 1379 vocat;
911 1315 1011 1368 hoc
1052 1322 1135 1369 est
1171 1314 1461 1384 quinquies
1490 1326 1542 1370 et
1571 1317 1748 1371 sexies
1778 1331 1949 1373 annos

388 1409 527 1478 cycli
574 1406 779 1460 lunaris
812 1403 1270 1474 multiplicantes;
1315 1405 1421 1466 vel,
1472 1412 1531 1457 ut
1561 1420 1671 1459 uno
1703 1407 1864 1460 verbo
1896 1407 1950 1462 id

391 1500 742 1570 exprimatur,
770 1497 1026 1552 undecies
1058 1515 1070 1550 :
1106 1511 1340 1566 quorum
1370 1497 1684 1552 methodum
1713 1500 1949 1555 secunda

391 1602 540 1662 parte
569 1591 839 1662 proponit,
874 1592 967 1644 sed
999 1589 1230 1644 obscure
1259 1603 1321 1643 ac
1349 1591 1622 1660 perplexe.
1653 1599 1710 1645 ut
1739 1593 1951 1649 difficile

389 1684 461 1741 sit
489 1684 615 1753 quid
659 1684 759 1738 sibi
791 1683 921 1736 velit
954 1681 1188 1752 assequi.
1220 1680 1378 1746 Quod
1412 1690 1464 1736 et
1508 1681 1750 1754 Scaliger
1775 1686 1868 1742 lib.
1909 1703 1947 1741 ιι

389 1777 467 1831 De
516 1775 875 1830 emendatione
923 1785 1211 1842 temporum
1257 1772 1489 1840 fatetur,
1529 1790 1649 1844 cap.
1699 1775 1774 1832 De
1810 1777 1948 1834 falso

387 1866 542 1936 cyclo
569 1864 841 1919 Paschali.
877 1863 985 1919 Nos
1020 1871 1198 1917 tamen
1246 1864 1521 1934 aspirante
1554 1864 1686 1931 Deo,
1721 1879 1774 1922 et
1803 1869 1950 1936 ejus-

389 1957 512 2012 dem
559 1956 891 2012 sanctissimi
935 1955 1189 2026 martyris
1232 1955 1490 2024 precibus
1547 1957 1739 2026 adjuti,
1788 1960 1950 2015 tricas

389 2048 523 2103 istas
554 2063 742 2102 omnes
773 2046 1124 2116 pervicimus,
1167 2061 1230 2100 ac
1255 2052 1426 2101 totam
1457 2047 1601 2100 illam
1639 2049 1946 2104 methodum

380 2138 790 2208 exploravimus
818 2155 832 2191 ε
863 2136 1020 2204 cujus
1060 2136 1148 2190 hic
1181 2136 1464 2189 scientiam
1515 2135 1778 2192 studiosis
1817 2138 1950 2191 ado-

387 2228 718 2284 lescentibus
742 2225 1138 2296 impartiemur.
1169 2225 1302 2279 Nam
1332 2241 1439 2279 non
1470 2227 1646 2281 solum
1677 2227 1745 2281 ad
1775 2229 1950 2298 expli-

387 2323 620 2376 candum
661 2320 878 2374 Maximi
909 2326 1227 2388 computum
1263 2320 1377 2373 haec
1411 2335 1441 2373 a
1482 2320 1641 2375 nobis
1669 2336 1830 2390 opera
1865 2336 1950 2375 re-

381 2415 662 2485 quiritur,
725 2411 820 2466 sed
872 2419 958 2464 est
1019 2410 1179 2466 etiam
1235 2410 1301 2464 ad
1365 2409 1947 2479 Constantinopolitani

385 2502 648 2572 computi,
687 2514 846 2572 quem
892 2514 1056 2569 supra
1103 2498 1524 2563 declaravimus,
1571 2500 1947 2555 illustrandam

383 2597 649 2667 originem
702 2593 1008 2664 aptissima.
1063 2591 1304 2646 Primum
1357 2594 1538 2663 itaque
1591 2608 1712 2662 quae
1763 2592 1946 2647 diver-

381 2688 462 2744 sis
488 2687 621 2742 locis
649 2685 715 2740 de
746 2685 853 2741 illis
885 2683 1152 2739 Maximus
1181 2684 1484 2752 tradiderit,
1517 2685 1572 2738 in
1601 2698 1767 2737 unum
1798 2683 1948 2738 colli-

382 2794 593 2850 gemus.

465 2870 776 2940 ’Υποτομὴν
821 2868 1070 2939 σελήνης,
1113 2882 1271 2936 quem
1305 2885 1326 2918 ‹
1359 2866 1556 2921 saltum
1599 2867 1738 2920 lunae
1775 2885 1796 2918 ι
1829 2867 1947 2920 vul-

382 2977 544 3032 gares
574 2960 815 3030 computi
847 2959 1154 3021 nominant,
1195 2957 1271 3010 ait
1304 2957 1480 3026 capite
1517 2956 1802 3011 undecimo
1832 2956 1948 3024 pri-

382 3069 484 3107 ma:
513 3051 684 3123 partis
712 3052 784 3106 ab
825 3051 935 3106 illis
980 3049 1217 3104 conferri
1255 3049 1307 3102 in
1341 3063 1542 3102 annum
1578 3048 1714 3118 cycli
1746 3064 1822 3112 xl,
1853 3049 1944 3117 qui

376 3153 466 3200 est
497 3161 586 3200 xw
614 3145 927 3200 Graecorum
977 3152 1030 3198 et
1054 3141 1444 3206 Romanorum,
1473 3141 1632 3207 cujus
1661 3139 1943 3196 neomenia
1971 3176 2012 3233 ϐ

379 3237 547 3305 coepit
579 3234 888 3290 Decembris
925 3232 1152 3297 ultimo;
1204 3246 1381 3284 annus
1414 3230 1530 3299 ipse
1569 3246 1698 3284 vero
1741 3229 1942 3284 desinit

378 3331 436 3384 in
475 3328 786 3384 Decembris
823 3342 978 3381 xvnt.
1020 3323 1175 3379 Unde
1208 3338 1444 3392 sequens
1490 3338 1686 3386 annus,
1725 3322 1818 3392 qui
1851 3339 1944 3394 cy-

374 3423 465 3476 elo
492 3420 718 3475 allectus
747 3427 864 3473 erat
887 3418 1100 3471 illorum
1123 3431 1218 3477 xu,
1247 3413 1652 3468 Catholieorum
1685 3429 1772 3478 xv,
1801 3428 1831 3466 a
1857 3413 1944 3469 die

379 3532 472 3568 xix
500 3513 810 3569 Decembris
835 3512 1040 3578 inibat;
1069 3510 1142 3564 ita
1170 3516 1228 3563 ut
1257 3509 1385 3562 luna
1407 3524 1499 3563 xiv
1523 3509 1743 3563 caderet
1769 3510 1822 3563 in
1842 3507 1943 3562 Ka-

381 3607 570 3663 lendas
616 3603 926 3660 Januarias.
980 3603 1159 3670 Quare
1215 3620 1393 3659 annus
1440 3602 1578 3673 cycli
1623 3601 1941 3656 undecimus

379 3698 523 3768 apud
555 3696 981 3767 undecuplantes
1015 3696 1148 3751 istos
1201 3696 1307 3764 (sic
1334 3694 1479 3750 enim
1513 3693 1781 3763 appellare
1809 3693 1942 3746 mihi

377 3790 584 3864 liceat),
627 3791 742 3845 sive
781 3789 1026 3844 decimus
1069 3796 1298 3858 quartus
1327 3786 1776 3851 orthodoxorum,
1827 3785 1942 3842 die-

379 3885 483 3940 bus
539 3883 825 3939 constabat
871 3880 1133 3936 treeentis
1179 3879 1572 3950 quinquaginta
1622 3877 1820 3940 tribus,
1878 3891 1941 3931 ac

379 3978 486 4032 «liei
519 3976 682 4031 unius
725 3971 1040 4043 suppressio
1070 3971 1230 4026 fiebat
1276 3970 1588 4027 Decembris
1627 3985 1741 4032 xix,
1772 3968 1940 4037 siqui—

378 4061 500 4124 dem
532 4067 816 4123 neomenia
851 4064 988 4138 cycli
1036 4063 1252 4117 illorum
1285 4078 1384 4124 xu,
1427 4069 1740 4116 nostrorum
1781 4075 1872 4123 xv,
1907 4074 1940 4113 a

379 4175 450 4214 xx
486 4157 817 4218 Decembris.
857 4156 946 4210 cui
983 4170 1050 4210 ex
1097 4153 1587 4208 Alexandrinorum
1624 4150 1940 4222 praescripto

377 4252 495 4299 erat
527 4243 705 4306 afﬁxa,
739 4243 804 4319 ad
837 4258 928 4297 XIX
952 4240 1420 4307 transferebatur;
1449 4247 1508 4294 ut
1537 4255 1682 4294 unus
1711 4240 1806 4293 ille
1833 4239 1942 4294 dis,

379 4337 728 4392 simularetur
762 4335 898 4389 dies.
926 4334 1005 4388 Ae
1051 4342 1182 4388 tunc
1226 4333 1472 4388 decimus
1504 4347 1682 4388 nonus
1715 4330 1951 4386 Decem-'

380 4429 492 4483 bris
539 4426 814 4482 numerari
872 4425 956 4480 bis
1012 4424 1242 4489 solebat,
1296 4431 1356 4476 ut
1402 4429 1514 4476 tam
1566 4421 1938 4478 antecedentis

1333 375 1791 430 DlSSEllTATlO
1832 378 1916 431 DE
1958 378 2365 433 GRASCORUM
2406 379 2607 433 zERlS.

3475 384 3610 438 1434

1981 497 2023 552 Α
2052 500 2341 562 quartum,
2388 492 2583 546 horum
2635 507 2764 546 vero
2801 492 3033 562 primum
3081 495 3294 550 illorum
3343 497 3612 554 decimum

2051 585 2363 656 septimum.
2395 585 2464 638 At
2495 584 2692 640 solaris
2723 586 2909 655 cyelus
2944 587 3014 640 ita
3050 603 3110 642 se
3139 588 3322 653 habet,
3354 597 3411 643 ut
3442 592 3614 646 unde-

2051 676 2384 746 cuplantium
2427 676 2636 746 primus
2679 675 2748 728 sit
2785 673 3120 741 Graecorum,
3156 678 3248 747 qui
3293 679 3614 736 Alexandri-

2050 788 2179 827 num
2230 780 2546 841 computum
2589 787 2756 824 unum
2799 771 2865 826 de
2906 773 3120 828 duobus
3151 774 3430 841 adhibent,
3474 793 3614 847 quos

2051 862 2304 933 superius
2325 862 2571 931 exposui,
2600 861 2846 915 decimus
2870 863 3082 918 tertius.
3109 863 3252 928 Ideo,
3281 881 3402 920 cum
3423 868 3613 937 cyclus

2049 954 2363 1008 Graecorum
2397 953 2798 1008 Alexandrinus
2839 955 3045 1022 primus
3090 956 3418 1025 respondeat
3457 967 3612 1012 sexto

2050 1045 2202 1116 cyelo
2230 1043 2499 1108 Romano,
2538 1053 2596 1098 ut
2626 1059 2747 1113 cap.
2783 1042 2823 1095 ν
2863 1044 3024 1113 hujus
3054 1045 3178 1100 libri
3218 1045 3612 1102 demonstravi-

2050 1151 2205 1201 mus,
2247 1136 2455 1206 primus
2497 1135 2977 1206 undecuplantium
3021 1137 3124 1190 erit
3161 1135 3437 1192 Romanus
3464 1138 3611 1195 deci-

2050 1244 2172 1282 mus
2199 1237 2444 1282 octavus.

2118 1318 2292 1386 Caput
2322 1319 2536 1372 illorum
2563 1317 2822 1380 methodi,
2853 1334 2918 1372 ac
2945 1319 3212 1387 praecipua
3241 1319 3613 1388 reprehensio-

2050 1409 2136 1464 nis
2175 1425 2329 1480 seges
2364 1410 2506 1480 apud
2542 1407 2830 1462 Maximum
2867 1410 2920 1462 in
2966 1409 3228 1474 terminis,
3261 1411 3375 1465 sive
3403 1413 3613 1481 quartis

2049 1500 2274 1555 decimis
2327 1499 2684 1557 Paschalibus
2739 1501 3014 1565 consistit,
3067 1501 3213 1571 quod
3268 1501 3345 1556 illi
3394 1503 3610 1558 easdem

2050 1593 2189 1657 dies,
2229 1608 2349 1663 qua:
2397 1593 2465 1647 ab
2511 1593 2892 1648 Alexandrinis
2930 1603 2983 1648 et
3021 1593 3317 1649 Catholicis
3363 1609 3614 1649 numera-

2049 1683 2248 1738 bantur
2271 1685 2494 1738 decima:
2518 1693 2744 1754 quartae,
2776 1685 2974 1756 saepius
2999 1685 3240 1740 decimas
3265 1687 3503 1756 quintus,
3531 1687 3613 1741 vel

2055 1782 2238 1830 sextas
2283 1775 2522 1832 decimas
2554 1777 2852 1846 putabant:
2889 1779 3032 1850 quod
3084 1787 3140 1831 ut
3182 1779 3264 1832 via
3307 1789 3361 1834 et
3403 1779 3614 1834 ratione

2053 1866 2311 1929 facerent,
2360 1869 2695 1937 propositum
2747 1869 3043 1938 quemlibet
3090 1885 3293 1924 annum
3343 1869 3478 1940 cycli
3526 1870 3612 1924 sui

2049 1959 2282 2027 primum
2315 1975 2410 2029 per
2454 1960 2713 2030 quinque,
2763 1960 2960 2015 deinde
2998 1977 3095 2032 per
3147 1977 3240 2016 sex
3281 1962 3610 2032 multiplica-

2049 2048 2197 2112 bant,
2238 2048 2340 2102 hoc
2367 2057 2452 2103 est
2488 2051 2538 2102 in
2572 2057 2741 2104 totum
2779 2066 2880 2120 per
2913 2051 3188 2115 undecim,
3221 2060 3335 2106 tum
3365 2053 3433 2106 ad
3463 2069 3613 2108 sum-

2051 2152 2189 2190 mam
2226 2138 2350 2192 inde
2377 2138 2666 2192 conflatam
2697 2141 2813 2194 dies
2847 2141 3206 2210 adjiciebant;
3234 2142 3380 2212 quia
3410 2141 3609 2197 Kalen-

2049 2228 2135 2284 dis
2163 2227 2436 2285 Januariis
2481 2230 2549 2283 ad
2593 2231 2884 2285 terminum
2929 2231 3244 2288 Paschalem
3290 2235 3435 2289 illius
3484 2235 3612 2290 anni

2047 2319 2495 2373 numerabantur.
2526 2319 2740 2375 Rursus
2771 2328 2902 2390 quot
2936 2321 2972 2373 ii
3004 2322 3122 2377 dies
3151 2333 3309 2377 erant
3349 2339 3379 2377 a
3407 2323 3611 2378 Kalen-

2047 2409 2132 2463 dis
2160 2408 2434 2464 Januariis
2480 2411 2546 2465 ad
2579 2412 2896 2476 terminum,
2941 2419 3022 2466 tot
3053 2415 3419 2483 sexagesimas
3449 2416 3613 2470 unius

2046 2501 2152 2556 diei
2187 2501 2512 2570 capiebant:
2544 2503 2609 2556 ad
2645 2519 2784 2572 quas
2819 2506 2978 2560 toties
3016 2506 3256 2576 quinque
3285 2507 3418 2563 alias
3455 2523 3613 2563 sexa-

2045 2589 2280 2660 gesimas
2325 2590 2551 2646 diurnas
2591 2592 2945 2663 adjiciebant,
2997 2603 3198 2665 quotus
3249 2611 3427 2653 annus
3473 2600 3611 2670 cycli

2045 2681 2365 2751 putabatur;
2407 2698 2676 2738 summam
2723 2686 3182 2756 sexagesimawm
3212 2703 3311 2756 per
3340 2689 3410 2743 60
3441 2692 3612 2758 parti-

2047 2782 2154 2826 tam
2197 2773 2254 2826 in
2297 2773 2414 2828 dies
2464 2774 2823 2846 redigebant:
2857 2793 2994 2847 quos
3042 2777 3109 2830 ad
3151 2778 3386 2848 priorem
3433 2781 3612 2850 ὁμάδα

2045 2863 2254 2918 dierum
2299 2865 2681 2920 accensebant.
2735 2865 2850 2921 Hoc
2890 2867 3050 2923 modo
3076 2867 3200 2923 dies
3234 2868 3442 2933 eadem,
3489 2886 3610 2940 qua

2045 2963 2236 3025 quarta
2269 2957 2476 3011 decima
2523 2957 2741 3014 Nicaena
2781 2967 2918 3025 erat,
2961 2964 3150 3032 quinta
3198 2961 3407 3017 decima
3444 2979 3606 3034 saepe,

2046 3047 2148 3100 hoc
2179 3055 2264 3100 est
2302 3046 2355 3100 in
2387 3049 2546 3103 annis
2575 3065 2708 3116 xm;
2740 3052 2905 3106 semel
2936 3059 3086 3106 sexta
3117 3051 3324 3107 decima
3356 3069 3610 3110 numera-

2047 3139 2224 3202 batur,
2263 3139 2315 3194 in
2351 3155 2495 3194 anno
2523 3144 2734 3197 decimo
2758 3135 2913 3197 sexto
2944 3144 3116 3215 cycli;
3141 3144 3196 3199 in
3235 3145 3476 3213 caeteris,
3506 3146 3610 3202 hoc

2043 3240 2128 3286 est
2161 3233 2215 3286 in
2249 3248 2286 3296 ι,
2314 3249 2372 3291 ιι.
2401 3250 2485 3294 ιιι,
2516 3250 2592 3294 tv.
2625 3242 2678 3289 et
2711 3250 2864 3298 xvnt,
2901 3246 3094 3305 quarta
3138 3235 3347 3292 decima
3383 3238 3612 3306 putaba-

2043 3331 2149 3376 tur.
2184 3321 2320 3376 llinc
2353 3321 2484 3375 illud
2517 3323 2822 3386 eveniebat,
2868 3331 2927 3377 ut
2959 3321 3167 3378 Pascha
3196 3339 3266 3379 ex
3299 3339 3487 3378 eorum
3517 3339 3612 3378 rae

2043 3414 2284 3468 tiociniis
2320 3413 2444 3466 luna
2479 3429 2590 3466 xxii
2637 3413 2723 3467 vel
2758 3429 2888 3468 χχιιι
2913 3414 3310 3477 celebraretur;
3347 3415 3484 3470 alias
3511 3429 3612 3469 au-

2041 3513 2148 3559 tem
2180 3521 2303 3560 cum
2335 3505 2606 3558 catholica
2653 3506 2835 3575 regula
2885 3506 3222 3560 conveniret.
3259 3504 3412 3571 Quod
3457 3514 3611 3561 ante-

2042 3614 2203 3668 quam
2254 3615 2354 3653 usu
2399 3599 2514 3667 ipso
2562 3598 2933 3668 exctnplisque
2972 3597 3307 3660 declaretur,
3361 3599 3611 3654 schema-

2042 3697 2156 3742 tum
2205 3689 2391 3751 trium,
2436 3703 2557 3758 qua:
2608 3688 2664 3741 in
2713 3703 2753 3742 ιι
2798 3696 2951 3759 parte
2981 3688 3274 3759 descripsit
3319 3687 3606 3752 Maximus.

2041 3780 2306 3834 rationem
2339 3779 2650 3835 reddemus.
2813 3843 2818 3848 _

2109 3869 2167 3924 In
2193 3869 2346 3939 cyclo
2371 3868 2659 3932 Victorini,
2681 3868 2774 3939 qui
2799 3875 2883 3923 est
2912 3883 3176 3923 annorum
3202 3869 3305 3924 ὅδὲ
3331 3869 3442 3940 (hic
3463 3869 3606 3925 enim

2039 3976 2278 4032 praesens
2317 3960 2384 4014 ad
2415 3960 2716 4014 institutum
2741 3961 3084 4028 assumitur),
3115 3961 3253 4032 cycli
3295 3967 3422 4016 sunt
3455 3961 3583 4015 luna

2041 4069 2152 4117 res,
2181 4053 2295 4108 sive
2325 4050 2873 4107 enneadecaeterides
2905 4059 3030 4106 octo
3065 4060 3119 4106 et
3156 4052 3382 4122 viginti;
3416 4052 3607 4108 solaris

2040 4143 2168 4199 item
2206 4144 2366 4214 cycli,
2405 4145 2488 4199 vel
2520 4143 3094 4213 εἰκοσιοκταετηρίδες,
3125 4143 3518 4199 novemdccilu.
3552 4142 3608 4198 lu

2041 4247 2178 4298 rota,
2210 4251 2380 4300 sonte,
2408 4236 2491 4289 vel
2517 4235 2713 4288 circuli
2744 4241 2873 4288 sunt
2902 4250 3117 4288 novem.
3140 4233 3376 4299 Primus,
3399 4243 3454 4290 et
3479 4237 3608 4288 exti-
3699 4303 3704 4308 _

2039 4344 2163 4384 mus
2197 4329 2409 4399 cyclum
2444 4329 2678 4382 solarem
2719 4327 2987 4388 continet,
3022 4326 3200 4394 qualis
3242 4326 3531 4382 adhibetur
3579 4339 3608 4378 ιι

2041 4419 2311 4484 Maximo,
2342 4421 2434 4490 qui
2477 4427 2561 4475 est
2607 4418 2959 4473 Alexandrini
3006 4415 3317 4474 Graecorum
3364 4416 3608 4487 computi

377 4527 683 4588 postremus
715 4523 1016 4586 putaretur,
1050 4528 1212 4583 quam
1241 4513 1450 4582 primus
1480 4513 1781 4582 sequentis.
1803 4510 1937 4567 Rur—
1972 4519 2014 4572 ι)
2042 4511 2322 4580 proprius;
2364 4509 2638 4564 secundus
2682 4510 2830 4563 orbis
2871 4517 3092 4577 epactas
3126 4508 3280 4571 solis.
3322 4509 3436 4564 sive
3476 4523 3604 4563 cono

373 4625 473 4664 sus
505 4624 622 4678 cap.
649 4606 744 4661 XI!
775 4605 940 4662 refert
971 4606 1111 4669 illos,
1138 4604 1206 4660 ad
1228 4604 1575 4674 exemptilem
1609 4605 1754 4659 diem
1782 4620 1934 4660 com-

378 4701 752 4770 pensandum,
809 4699 1038 4768 singulis
1098 4696 1258 4751 annis
1321 4695 1522 4751 addere
1578 4696 1935 4766 sexagenaria

377 4792 633 4861 serupula
656 4791 929 4860 quinque;
962 4797 1016 4844 et
1057 4789 1137 4842 sic
1169 4786 1327 4842 annis
1359 4785 1644 4841 duodecim
1670 4785 1810 4840 diem
1850 4786 1936 4840 in-

371 4893 586 4955 tegrum
625 4883 824 4954 colligi,
858 4897 920 4936 ac
963 4881 1178 4937 demum
1216 4895 1312 4936 eos
1357 4879 1504 4948 ipsos
1548 4878 1616 4936 ad
1670 4893 1936 4934 annorum

375 4977 568 5030 Adami
599 4983 914 5044 computum
942 4988 1116 5027 annos
1143 4987 1230 5025 xvi
1265 4971 1520 5040 adjicere.

444 5066 505 5120 ln
535 5065 772 5121 secunda
801 5078 930 5118 vero
981 5070 1134 5133 parte
1169 5063 1408 5130 computi
1461 5060 1769 5115 methodum
1815 5061 1932 5113 illo-

373 5174 496 5212 rum
544 5157 719 5211 tribus
767 5155 956 5225 figuris
1001 5153 1258 5223 explicat,
1302 5153 1404 5206 hoc
1435 5159 1520 5206 est
1560 5160 1678 5205 rota
1722 5167 1851 5216 una,
1882 5160 1936 5205 et

375 5251 661 5315 laterculo,
689 5248 774 5303 vel
805 5261 1012 5301 canone
1039 5245 1243 5313 duplici
1269 5261 1283 5298 :
1327 5259 1557 5314 quorum
1591 5244 1727 5298 alter
1755 5243 1824 5298 ad
1859 5244 1935 5298 si-

373 5346 640 5408 nistram,
685 5342 822 5395 alter
863 5339 930 5392 ad
977 5337 1220 5392 dextram
1262 5347 1392 5390 rota:
1439 5336 1748 5405 descriptus
1795 5345 1933 5392 erat.

373 5431 483 5487 Sed
529 5441 749 5501 propter
790 5426 1072 5499 angustias
1121 5426 1323 5481 chartae
1371 5441 1535 5496 supra
1578 5427 1766 5482 ambos
1816 5435 1934 5481 rota

375 5523 671 5577 constituta
714 5530 819 5576 est.
851 5519 926 5572 Ex
960 5519 1060 5572 hac
1100 5531 1262 5587 porro
1290 5517 1545 5572 methodo
1585 5524 1799 5572 constat
1843 5533 1936 5588 cy-

375 5618 518 5670 rlum
551 5618 793 5672 lunarem
825 5613 965 5685 apud
1008 5615 1141 5669 istos
1170 5613 1413 5667 ternario
1454 5613 1717 5667 minorem
1767 5610 1936 5666 fuisse

374 5706 583 5770 Graeco,
607 5708 690 5762 vel
715 5705 1100 5770 Alexandrino,
1124 5704 1216 5775 qui
1245 5703 1382 5758 idem
1407 5711 1462 5759 et
1485 5702 1763 5759 Romanus
1793 5702 1930 5757 fuit:

375 5806 429 5853 et
468 5801 700 5855 orimum
742 5799 1222 5858 undecuolantium
1278 5813 1400 5854 esse
1442 5797 1935 5854 Alexandrinorum

2043 4611 2327 4659 currentes
2361 4603 2553 4669 habet;
2585 4603 2776 4658 tertius
2805 4601 3115 4656 bissextiles
3141 4607 3326 4666 notat;
3355 4608 3606 4671 quartus,

2042 4715 2221 4754 annos
2249 4700 2384 4770 cycli
2411 4697 2608 4752 solaris
2633 4697 3114 4766 undecuplantium
3137 4712 3150 4756 ;
3179 4695 3269 4764 qui
3297 4695 3379 4750 sic
3409 4694 3606 4763 priori-

2046 4789 2148 4843 bus
2174 4787 2518 4858 respondent,
2546 4795 2604 4840 ut
2630 4787 2836 4855 primus
2866 4785 3341 4853 undecuplantium
3374 4786 3446 4839 sit
3476 4785 3608 4841 isto-

2045 4896 2166 4936 rum
2200 4881 2446 4937 decimus
2490 4879 2704 4943 tertius,
2739 4886 2900 4947 atque
2945 4877 3018 4930 ita
3052 4878 3326 4946 deinceps.
3358 4877 3610 4948 Quinque

2043 4974 2204 5026 orbes
2247 4971 2442 5039 reliqui
2491 4984 2664 5024 annos
2711 4969 2994 5022 continent
3027 4968 3194 5037 cyclis
3235 4968 3506 5023 solaribus
3555 4974 3610 5024 ‘et

2045 5061 2330 5116 lunaribus
2374 5069 2608 5125 notatos,
2651 5060 2706 5114 in
2753 5059 2954 5129 quibus
2993 5059 3258 5113 terminus
3307 5057 3606 5127 Paschalis,

2042 5156 2158 5209 sive
2196 5162 2390 5224 quarta
2449 5152 2654 5206 decima
2704 5151 2942 5214 Nicmna,
2985 5151 3173 5222 quinta
3237 5151 3467 5217 decima,
3521 5153 3607 5208 vel

2043 5255 2193 5302 sexta
2219 5247 2428 5301 decima
2455 5254 2674 5316 putatur
2704 5247 2771 5300 ab
2800 5244 3307 5314 undecuplanti-bus.
3341 5243 3416 5298 lta
3444 5259 3607 5315 porro

2041 5337 2291 5408 dispositi
2323 5345 2450 5392 sunt
2479 5335 2765 5391 interiores
2793 5335 2870 5388 illi
2898 5333 3138 5403 quinque
3161 5331 3373 5395 circuli,
3397 5340 3457 5385 ut
3487 5333 3608 5386 cui-

2043 5432 2175 5487 libet
2196 5447 2339 5486 anno
2365 5432 2502 5501 cycli
2526 5430 2720 5485 solaris
2743 5431 2796 5484 in
2829 5438 3025 5498 quarto
3047 5428 3275 5489 circulo,
3310 5429 3460 5483 cellae
3487 5428 3608 5484 duae

2042 5524 2300 5592 subjecta:
2330 5523 2442 5577 sint
2475 5520 2765 5589 cujuslibet
2803 5536 2833 5574 e
2863 5520 3102 5589 quinque
3126 5519 3366 5572 circulis.
3405 5518 3604 5573 llarum

2039 5613 2321 5670 cellarum.
2361 5627 2484 5680 qua:
2528 5610 2596 5664 ad
2647 5611 2834 5664 laevam
2869 5619 2972 5671 est.
3021 5609 3234 5680 cyclum
3289 5609 3452 5675 solis;
3487 5623 3606 5678 qua:

2041 5703 2108 5757 ad
2143 5705 2410 5766 dextram,
2443 5702 2654 5772 cyelum
2690 5702 2832 5754 lunae
2869 5701 3266 5770 complectitur.
3298 5699 3443 5768 Cycli
3481 5713 3608 5751 vero

2045 5797 2180 5854 solis
2215 5796 2274 5849 in
2296 5805 2493 5861 quarto
2539 5794 2746 5850 circulo
2777 5793 2984 5848 indices
3016 5809 3122 5847 una
3165 5802 3292 5848 sunt
3333 5787 3608 5844 cuncada-
