4036 6218
485 333 625 384 Ὴῦὃ

1487 334 1577 386 AD
1606 334 1872 389 l-LlTSEBIl
1916 333 2307 391 CIIRONICON
2351 335 2712 390 APPENDIX.

3583 337 3720 393 H56

483 447 838 511 caeteridum,
893 463 958 500 ao
1003 463 1142 517 quas
1193 448 1563 517 subjectzmnn
1611 452 1870 504 cellarum
1914 454 2048 521 cvi-li
2079 456 2121 510 Λ
2153 460 2410 522 prmterea
2456 449 2745 503 methodus
2781 448 2892 516 ipsa
2933 447 3290 502 dcmonstrat.
3319 447 3550 513 Etenim,
3579 431 3637 503 si]
3653 453 3716 503 ad

484 542 712 599 solares.
748 542 1070 612 Iunaresque
1103 546 1392 614 pertinent.
1428 542 1669 613 Exempli
1699 559 1863 597 causa
1886 546 1955 598 sit
1979 545 2042 609 A,

479 632 534 688 id
583 641 666 688 est
718 633 926 702 primus
977 637 1162 704 cyclus
1215 634 1409 688 solaris
1458 633 1933 704 undecuplantiuin
1991 634 2044 688 in

485 730 675 790 quarta
705 737 862 781 zona.
911 723 998 775 cui
1037 724 1325 792 respondet
1372 724 1425 776 in
1459 723 1628 791 prima
1663 723 1848 792 cyclus
1892 723 1959 790 ιγ’
1995 723 2046 776 id

483 823 565 866 est
594 827 687 864 xui
722 811 1072 865 Alexandrini
1110 812 1368 881 computi.
1409 811 1542 864 lluic
1587 813 1639 865 in
1681 813 1869 882 quinta
1909 829 2045 867 zona

482 903 602 958 dna:
633 905 779 957 cella:
812 903 1166 972 respondent,
1212 918 1440 972 quarum
1486 903 1656 956 altera
1691 903 1910 958 sinistra
1957 920 2048 974 cy-

482 998 624 1048 clum
649 996 780 1050 solis
805 995 966 1048 habet
995 998 1059 1058 8',
1090 996 1138 1048 id
1170 1005 1251 1049 est
1280 995 1346 1060 9;
1379 995 1569 1048 dextra
1602 1011 1816 1064 quoque
1837 997 2045 1064 cyclum

479 1085 723 1141 lunarem
751 1088 803 1147 9,
834 1103 942 1156 quo
975 1088 1331 1157 signiﬁcatur,
1368 1086 1421 1139 in
1465 1102 1607 1140 anno
1649 1101 1714 1140 eo
1740 1087 1926 1155 prima:
1951 1103 2048 1141 en-

481 1178 963 1238 neadecaeteridis.
995 1180 1085 1249 qui
1117 1181 1268 1251 cyclo
1298 1181 1430 1234 solis
1459 1187 1513 1234 et
1543 1180 1684 1234 luna:
1715 1197 1762 1233 ix
1792 1180 2046 1250 prie-litus

478 1279 582 1334 est,
619 1272 798 1325 lunam
833 1271 1098 1326 decimam
1130 1281 1379 1342 quartam
1409 1270 1682 1325 Nicaenam
1716 1272 1784 1326 ab
1815 1272 2047 1326 undecu-

481 1363 760 1431 plantibus
792 1364 967 1433 putari
1001 1380 1086 1417 xv.
1115 1362 1268 1428 Quod
1302 1362 1516 1432 quidem
1547 1362 1747 1432 duplici
1783 1361 1850 1417 de
1879 1378 2045 1416 causa

479 1462 691 1523 poterat
753 1454 887 1509 ﬁeri.
947 1455 1052 1508 Aut
1105 1455 1249 1508 enim
1314 1461 1535 1523 propter
1590 1454 2044 1508 intervenientem

481 1544 782 1599 bisextilem
815 1545 954 1600 diem
997 1563 1010 1596 :
1054 1554 1150 1599 aut
1173 1554 1393 1615 propter
1410 1546 1867 1615 sexagesimarnm
1897 1546 2046 1600 diur-

481 1648 672 1686 narum
706 1634 1053 1704 epilogismos
1089 1635 1325 1690 accidit:
1358 1635 1556 1704 quibus
1587 1636 1747 1689 annis
1784 1636 2046 1690 bisextilis

481 1723 536 1780 id
567 1724 850 1787 elﬁciebat,
883 1725 950 1778 iis
981 1727 1253 1795 singulare
1287 1733 1542 1795 punctum
1583 1725 1848 1782 Maximus
1873 1727 2045 1780 ascri-

2147 546 2263 600 dies
2299 545 2368 598 94
2412 543 2583 597 addas
2623 542 2712 600 99.
2751 541 2842 610 qui
2877 540 3129 593 oriuntur
3160 541 3523 611 undecuplato
3574 544 3721 611 ryclo

2147 637 2321 689 lunari
2354 653 2427 697 ix.
2447 635 2645 689 efﬁcies
2667 633 2782 686 dies
2809 631 2928 693 105,
2947 632 3289 700 sexagesima:
3312 649 3438 687 vero
3466 643 3721 703 praeterea

2147 727 2214 781 9i
2258 728 2410 796 (quot
2455 727 2703 780 videlicet
2741 739 2769 776 a
2801 723 3055 777 Kalendis
3090 722 3331 777 Januarii
3378 725 3724 779 intercedunt

2147 821 2306 885 dies),
2325 835 2446 872 cum
2478 816 2829 888 sexagesiniis
2848 818 2935 878 45,
2959 832 3078 884 quae
3105 831 3170 869 ex
3191 816 3349 868 annis
3373 815 3404 868 9
3433 817 3725 885 quinquies

2147 909 2522 977 multiplicatis
2551 908 2851 970 exsistunt;
2878 914 3158 976 propterea
3206 906 3350 974 quod
3381 921 3522 961 anno
3559 907 3723 960 cuili-

2148 1000 2236 1053 bet
2269 1001 2403 1069 cycli
2436 999 2676 1069 quinque
2703 999 3036 1066 imputantur
3064 998 3317 1066 scrupula
3350 997 3576 1059 diurna;
3601 1012 3723 1049 om-

2148 1104 2266 1154 nes,
2297 1091 2540 1158 inquam,
2580 1089 2684 1142 illa:
2731 1088 3080 1157 sexagesimus
3109 1102 3335 1139 numero
3368 1086 3488 1148 l59,
3530 1088 3723 1140 divisa:

2149 1196 2244 1250 per
2286 1181 2353 1234 60
2398 1180 2619 1235 biduum
2653 1181 2886 1234 solidum
2931 1179 3170 1232 elliciunt
3208 1193 3330 1231 cuin
3367 1179 3720 1248 scxagesimis

2153 1271 2236 1323 l9.
2274 1271 2516 1340 Ahjectis
2563 1270 2799 1325 residuis
2842 1270 3134 1339 scrupulis,
3179 1269 3403 1337 soloque
3447 1268 3612 1322 biduo
3650 1270 3716 1323 ad

2149 1362 2483 1432 superiorem
2516 1377 2784 1417 summam
2819 1361 3030 1416 dierum
3065 1359 3273 1422 addito,
3323 1359 3568 1413 conﬁunt
3600 1360 3720 1414 dies

2149 1453 2250 1506 193
2287 1473 2300 1507 ;
2353 1455 2552 1522 quibus
2595 1468 2690 1523 per
2721 1452 2790 1506 30
2819 1451 3146 1513 distributis,
3193 1450 3577 1519 relinquuntur
3603 1450 3719 1513 dies

2147 1559 2238 1597 xv.
2275 1541 2508 1597 Proinde
2547 1550 2739 1612 quarta
2783 1541 2901 1595 dies
2933 1540 3158 1609 Aprilis,
3199 1556 3320 1610 qua:
3361 1548 3446 1595 est
3487 1557 3580 1593 xiv
3624 1540 3718 1594 Ni-

2147 1649 2320 1694 caina,
2372 1648 2437 1686 ex
2489 1633 2703 1686 illorum
2765 1629 3124 1685 subductione
3178 1629 3234 1684 ﬁt
3287 1647 3373 1685 xv.
3423 1629 3715 1686 Videamus

2149 1735 2329 1780 utrum
2381 1724 2435 1777 in
2475 1722 2809 1778 Dominicam
2860 1723 2949 1776 ille
2993 1723 3256 1777 terminus
3303 1723 3568 1777 incurrat.
3615 1721 3717 1778 Per

483 1824 693 1883 pserat;
731 1814 796 1868 ad
827 1830 922 1870 eos
951 1825 1129 1870 autem
1167 1833 1360 1878 annos,
1391 1817 1482 1885 qui
1518 1824 1738 1886 propter
1771 1817 2052 1885 scrupula-
2082 1813 2119 1866 Β
2152 1833 2421 1872 canonem
2462 1833 2515 1871 iv
2543 1815 2785 1886 ejusdem
2833 1815 3029 1884 capitis
3071 1823 3273 1884 epactie
3323 1815 3456 1869 solis
3484 1815 3537 1868 in
3572 1832 3714 1870 anno

484 1906 619 1958 riam
650 1908 916 1961 rationem
957 1907 1096 1961 idem
1141 1909 1479 1971 obtinebant,
1514 1908 1622 1963 duo
1651 1915 1850 1977 puncta
1886 1916 2041 1961 nota—

481 2005 664 2062 verat;
699 1999 801 2052 tria
827 1998 1061 2068 denique
1089 1999 1153 2053 ad
1184 2016 1278 2055 eos
1309 2016 1504 2063 annos,
1542 2001 1593 2054 in
1619 2000 1816 2069 quibus
1835 1999 2044 2054 decima

481 2098 672 2158 quarta
712 2092 1002 2158 putabatur
1047 2101 1197 2145 sexta
1231 2092 1460 2144 decima.
1512 2088 1615 2143 Sed
1665 2106 1726 2143 ea
1771 2098 1968 2158 puncta
2014 2104 2043 2142 a

482 2180 721 2236 librariis
752 2183 958 2236 omissa
995 2191 1154 2236 erant
1185 2183 1238 2234 in
1277 2181 1621 2251 apographo;
1656 2196 1829 2250 neque
1859 2196 1958 2235 nos
1990 2182 2043 2234 in

483 2271 588 2326 illis
620 2273 972 2327 restituendis
1005 2274 1216 2326 anxiam
1257 2273 1430 2342 magis
1469 2286 1630 2343 quam
1679 2272 1862 2326 utilem
1917 2287 2046 2342 ope-

483 2377 596 2414 ram
629 2377 827 2415 navare
861 2361 1164 2425 voluimus;
1204 2361 1500 2430 praesertim
1532 2375 1653 2415 cum
1696 2375 1758 2414 ex
1794 2360 2046 2414 methodo

483 2461 669 2507 nostra
718 2452 785 2508 de
833 2453 1075 2522 quolibet
1115 2467 1258 2505 anno
1287 2459 1543 2506 constare
1586 2453 1780 2520 possit,
1817 2467 1884 2505 an
1927 2452 2045 2520 ejus

482 2561 571 2600 liv
601 2546 674 2599 sit
703 2562 792 2607 xv,
818 2547 908 2599 vel
940 2562 1046 2600 xvn.
1075 2544 1180 2599 Sed
1207 2545 1473 2599 Maximus
1507 2543 1760 2598 admonet
1791 2561 1897 2598 non
1929 2560 2045 2599 om-

482 2653 581 2693 nes
613 2653 707 2692 eos
735 2653 908 2692 annos
950 2639 1004 2691 in
1046 2638 1398 2693 interioribus
1437 2654 1468 2691 v
1505 2637 1732 2691 orbibus
1761 2637 2045 2692 adnotatos

479 2744 619 2794 esse,
655 2729 710 2783 in
741 2729 940 2799 quibus
971 2744 1060 2782 xiv
1093 2729 1306 2783 Nicmna
1359 2727 1415 2782 ﬁt
1457 2743 1520 2782 ex
1564 2727 2044 2798 undecuplantium

481 2822 691 2875 calculo
727 2838 816 2883 xv,
850 2821 931 2875 vel
964 2836 1072 2875 xvi.
1114 2819 1168 2875 ιιι
1195 2822 1338 2876 enim
1376 2820 1430 2876 in
1466 2823 1632 2892 cyclis
1657 2822 1884 2891 singulis
1908 2837 2045 2890 qua-

485 2913 749 2970 terdecies
785 2913 1036 2979 'aecidit;
1091 2913 1182 2967 sed
1234 2928 1328 2967 eos
1373 2919 1604 2976 tantum,
1650 2914 1744 2982 qui
1796 2913 2046 2968 eumdem

482 3007 912 3062 terminum-uno
934 3007 1042 3070 die,
1067 3007 1149 3060 vel
1180 3007 1342 3060 biduo
1371 3007 1603 3076 amplius
1638 3014 1880 3075 putatum
1912 3021 2046 3059 con-

483 3099 662 3154 ferunt
694 3100 748 3152 in
779 3099 1149 3154 Dominicam:
1179 3098 1323 3169 quod
1354 3100 1406 3152 in
1432 3116 1462 3153 v
1490 3100 1556 3154 ad
1585 3115 1856 3153 summum
1889 3103 2045 3154 annis

483 3193 534 3244 in
572 3191 764 3261 quavis
791 3191 1306 3246 enneadecaeteride
1356 3191 1648 3260 contingit.
1703 3190 1776 3244 Ex
1829 3189 2043 3245 duobus

481 3279 756 3334 laterculis
787 3289 917 3334 rotae
951 3281 1232 3349 subjectis,
1268 3281 1416 3349 prius
1455 3279 1662 3334 sinistri
1706 3295 1900 3335 versus
1931 3297 2045 3334 ein-

483 3368 758 3422 l-olimieos
799 3383 972 3424 annos
1014 3377 1232 3425 notatos
1286 3370 1476 3436 habet;
1529 3370 1825 3425 secundum
1873 3386 2044 3426 annos

482 3461 618 3530 cycli
650 3462 856 3516 lunaris
897 3462 1246 3516 Alexandrini
1277 3482 1286 3515 :
1318 3464 1476 3530 cujus
1505 3471 1731 3532 quartus
1759 3463 2045 3533 respondet

479 3568 623 3607 anno
667 3554 840 3622 primo
870 3555 1005 3624 cycli
1053 3553 1258 3608 lunaris
1299 3554 1815 3622 undecuplantium;
1863 3556 1952 3624 qui
1991 3555 2044 3609 in

481 3643 640 3697 tertio
685 3657 845 3696 versu
897 3642 1246 3703 describitur.
1299 3646 1536 3709 Quartus
1580 3659 1770 3699 versus
1823 3652 2044 3714 epactas

480 3735 699 3790 lunares
727 3737 992 3798 continet,
1033 3737 1220 3806 quales
1249 3736 1514 3791 Maximus
1543 3737 1778 3792 adhibet.
1811 3737 2044 3803 Quintus

477 3835 532 3881 et
555 3836 864 3898 postremus
911 3830 1175 3884 terminos
1228 3828 1541 3892 Paschales,
1586 3829 1701 3884 sive
1749 3846 1860 3894 xiv,
1907 3847 2044 3900 quas

478 3935 619 3989 saepe
646 3936 711 3974 xv
747 3929 1037 3975 numerant
1073 3921 1183 3985 illi;
1212 3923 1376 3976 semel
1400 3931 1576 3976 autem
1604 3937 1713 3986 xvi,
1753 3923 2044 3993 quinquies

478 4027 586 4065 MV.
625 4011 970 4067 Laterculum
1000 4012 1248 4066 dextrum
1281 4023 1452 4067 totum
1489 4011 1743 4067 Paschati
1774 4015 2043 4069 catholico

477 4103 678 4167 servit;
725 4117 848 4155 nam
899 4102 1194 4155 terminum
1244 4101 1583 4166 Paschalem,
1631 4104 1863 4172 ejusque
1900 4104 2042 4159 diem

475 4186 711 4248 Iulianis
748 4194 803 4247 in
841 4194 1118 4250 mensibus
1161 4193 1318 4248 oll'ert
1358 4194 1411 4246 in
1461 4193 1721 4258 secundo,
1773 4211 1837 4249 ac
1885 4197 2044 4250 tertio

477 4299 672 4348 versu;
700 4295 922 4355 epactas
953 4286 1011 4339 in
1041 4293 1277 4354 quarto;
1319 4286 1373 4339 in
1411 4287 1599 4355 quinto
1643 4287 1853 4356 cycluin
1891 4287 2044 4340 luna-

476 4391 614 4429 rem.
642 4373 962 4446 Regulares,
991 4379 1109 4432 sive
1137 4376 1430 4448 προσθεταὶ
1461 4377 1517 4430 in
1551 4377 1728 4445 primo
1762 4393 1868 4432 non
1906 4378 2044 4432 inte-

477 4483 587 4538 gra:
619 4483 649 4521 a
685 4467 909 4522 librario
939 4467 1225 4538 descriptae
1249 4477 1396 4523 sunt.

549 4559 704 4615 Nunc
733 4576 890 4616 usuin
912 4561 1148 4615 methodi
1175 4563 1417 4631 exemplo
1443 4577 1572 4625 uno,
1594 4563 1828 4617 alterove
1853 4567 2045 4618 docea-

474 4674 619 4713 mus.
659 4657 790 4712 Esto
824 4673 998 4712 annus
1030 4658 1138 4720 ille,
1176 4659 1268 4727 qui
1299 4657 1800 4712 enneadecaeteridi
1834 4657 2040 4726 prima,

477 4752 590 4804 sive
616 4765 758 4805 anno
775 4751 948 4821 primo
975 4751 1111 4821 cycli
1134 4751 1328 4805 solaris
1363 4751 1414 4804 in
1445 4761 1638 4820 quarto
1662 4749 1824 4803 limbo
1858 4749 2043 4818 proxi-

477 4858 562 4897 me
603 4843 882 4914 subjectus
927 4851 1010 4897 est
1046 4843 1098 4896 in
1158 4843 1323 4896 limbo
1360 4857 1392 4896 ν
1416 4883 1430 4909 ,
1493 4843 1652 4911 cujus
1687 4843 1872 4912 cyclus
1911 4843 2042 4897 solis

474 4943 558 4987 est
594 4949 668 4998 ix,
703 4933 912 4988 lunaris
947 4933 1072 4986 item
1114 4946 1188 4986 Ix.
1223 4930 1462 4985 Primum
1507 4933 1842 5002 inquiramus
1865 4948 1928 4986 ex
1959 4949 2045 4986 ca-

479 5041 621 5079 none
649 5041 708 5078 iii
735 5024 930 5094 capitis
963 5023 1357 5087 antecedentis,
1390 5029 1595 5094 quotus
1629 5039 1806 5077 annus
1841 5023 1944 5078 iste
1971 5023 2042 5076 sit

476 5118 718 5184 computi
746 5115 938 5171 Graeci.
975 5117 1315 5171 Inveniemus
1353 5132 1476 5170 esse
1499 5131 1700 5170 annum
1737 5116 1805 5169 ab
1833 5116 2041 5170 Adamn

479 5207 637 5272 586i,
669 5209 760 5277 qui
795 5225 890 5278 per
920 5209 990 5262 28
1023 5216 1078 5263 et
1120 5207 1186 5261 l9
1223 5207 1457 5272 divisus,
1491 5208 1779 5277 utrobique
1807 5208 1839 5262 9
1871 5209 2040 5262 relin-

477 5301 616 5370 quit.
643 5301 839 5372 Cyclus
863 5301 1072 5356 lunaris
1099 5316 1153 5354 ix
1181 5301 1663 5371 undecuplantiuni
1690 5310 1775 5354 est
1809 5300 2042 5354 Alexan-

477 5394 671 5448 drinus
716 5409 809 5457 xu,
847 5394 1006 5462 cujus
1038 5392 1249 5447 decima
1293 5403 1485 5463 quarta
1527 5391 1804 5447 Paschalis
1851 5392 2042 5445 incidit

481 5489 534 5540 in
561 5501 612 5539 ιν
640 5485 861 5552 Aprilis,
887 5489 980 5559 qui
1015 5496 1099 5540 est
1132 5485 1202 5539 9L
1233 5485 1349 5539 dies
1377 5503 1404 5538 a
1435 5482 1949 5539 KalendisJanuarii
1985 5490 2042 5534 ut

481 5578 800 5632 laterculum
844 5577 1094 5632 dextrum
1129 5576 1368 5632 exhibet.
1413 5574 1582 5630 Porro
1612 5575 2041 5643 undecuplantes

478 5671 742 5724 decimam
792 5678 1040 5738 quartam
1077 5670 1224 5723 illius
1264 5670 1391 5722 anni
1424 5674 1742 5737 computant
1774 5664 2040 5719 decimam

479 5761 758 5828 quintam:
789 5761 931 5830 quod
975 5762 1030 5814 in
1059 5761 1286 5814 sinistro
1319 5760 1579 5813 laterculo
1605 5757 1786 5812 videre
1821 5756 1962 5820 licet,
1987 5761 2041 5808 et

2145 1911 2237 1964 illo
2285 1917 2411 1964 sunt
2455 1910 2508 1974 5,
2548 1925 2668 1978 qua:
2717 1908 2780 1962 ad
2844 1916 3153 1963 menstruas
3204 1917 3426 1977 epactas
3460 1909 3709 1977 Aprilist

2145 2003 2376 2065 additae,
2427 2011 2478 2055 et
2533 2000 2790 2053 ποσταίαν
2845 1998 3047 2069 Aprilis
3087 1997 3141 2058 4,
3192 1999 3488 2052 ostendunt
3529 1999 3710 2053 feriant

2145 2097 2372 2165 primam
2409 2093 2598 2148 eodem
2635 2093 2728 2145 illo
2760 2093 2846 2146 die
2879 2108 2932 2144 iv
2970 2091 3213 2161 Aprilis:
3259 2088 3406 2158 quod
3453 2090 3613 2146 etiam
3646 2106 3710 2143 ex

2147 2183 2374 2238 canonis
2403 2198 2441 2234 ιι
2485 2183 2736 2237 doctrina
2780 2182 3073 2252 colligitur.
3109 2181 3320 2251 Quippe
3355 2180 3543 2249 cyclus
3583 2181 3710 2235 solis

2147 2273 2441 2337 Romanus.
2474 2275 2674 2329 additis
2702 2290 2811 2327 xvii
2845 2314 2860 2337 ,
2911 2273 3120 2328 exsistit
3144 2288 3266 2326 xxvi
3294 2291 3308 2338 ;
3339 2273 3547 2326 lunaris
3585 2288 3710 2327 vero

2148 2382 2244 2420 xii.
2277 2365 2475 2422 Littera
2504 2365 2857 2420 Dominicalis
2889 2364 3060 2420 estC.
3094 2363 3266 2433 Igitur
3291 2379 3430 2418 anno
3467 2365 3577 2425 illo,
3610 2364 3702 2416 de-

2147 2459 2288 2512 cima
2318 2460 2506 2528 quinta
2535 2457 2816 2511 Paschalis
2849 2456 2904 2509 in
2939 2455 3274 2508 Dominicam
3299 2454 3432 2524 apud
3461 2453 3697 2506 undecu—

2148 2555 2358 2622 plantes
2411 2552 2631 2616 incidit;
2687 2566 2750 2604 ac
2787 2551 2915 2603 luna
2963 2564 3075 2603 χιιι
3128 2547 3334 2602 Pascha
3383 2547 3694 2600 celebratur.

2147 2643 2436 2714 Propterea
2468 2644 2682 2698 duobus
2711 2641 2928 2712 punctis
2951 2639 3224 2694 notandus
3251 2640 3352 2693 iste
3380 2653 3554 2692 annus
3583 2637 3702 2696 luit.

2147 2751 2308 2806 quem
2344 2737 2389 2791 si
2426 2737 2668 2806 reperire
2696 2735 2832 2788 velis
2869 2740 3070 2802 quotus
3108 2731 3313 2801 periodi
3353 2729 3582 2784 Iuliana:
3625 2729 3706 2783 vel

2147 2826 2352 2881 Christi
2381 2825 2568 2888 fuerit,
2617 2840 2712 2894 per
2747 2837 3010 2877 canonem
3048 2838 3084 2875 ιι
3127 2821 3403 2890 expedies.
3451 2819 3584 2873 Nam
3616 2819 3706 2872 de-

2150 2919 2339 2972 tractis
2367 2916 2472 2970 795
2504 2915 2573 2970 de
2605 2915 2764 2976 5861,
2806 2914 3144 2981 relinquetur
3183 2927 3360 2965 annus
3389 2909 3594 2978 periodi
3617 2907 3706 2963 Jno

2150 3009 2304 3062 liana:
2337 3008 2500 3070 5065,
2541 3007 2632 3076 qui
2671 3014 2754 3060 est
2793 3004 2999 3058 Christi
3029 3017 3246 3056 CCCLlIl.
3283 3001 3395 3056 Cur
3431 3011 3609 3055 autem
3643 2999 3703 3053 ad

2150 3099 2808 3170 Constantinopolitanum
2857 3103 3173 3165 computum
3232 3094 3420 3164 cyclus
3471 3093 3703 3146 undecuo

2145 3193 2408 3264 plantium
2438 3209 2467 3245 a
2497 3192 2654 3246 nobis
2696 3190 2986 3253 referatur,
3021 3201 3256 3255 sequens
3287 3192 3450 3254 caput
3485 3185 3702 3252 aperiet.

2216 3287 2428 3340 Rursus
2480 3295 2813 3353 proponatur
2866 3296 3044 3335 annus
3104 3279 3216 3342 ille,
3274 3279 3367 3349 qui
3415 3279 3469 3331 in
3526 3278 3702 3332 eadem

2147 3377 2322 3444 prima
2347 3373 2858 3429 einieadecaeteride
2883 3373 3092 3443 cyelum
3125 3380 3234 3424 tam
3276 3371 3410 3425 solis
3435 3386 3596 3439 quam
3632 3371 3699 3421 hi-

2145 3483 2228 3522 nze
2265 3483 2348 3520 XVI
2397 3467 2578 3520 habet.
2628 3464 2727 3519 ilic
2764 3467 2867 3520 erit
2911 3479 3089 3517 annus
3127 3461 3700 3531 Constantinopolitani

2145 3558 2386 3628 computi
2419 3557 2559 3612 5868
2612 3572 2707 3626 per
2739 3570 3002 3610 canonem
3040 3570 3097 3608 ιιι
3146 3554 3343 3623 capitis
3389 3553 3700 3622 superioris.

2147 3649 2436 3703 Terminus
2486 3647 2767 3702 Paschalis
2809 3656 2891 3701 est
2943 3645 3145 3715 Aprilis
3189 3660 3322 3708 xvii,
3368 3659 3529 3712 quain
3568 3643 3698 3696 diem

2147 3749 2353 3796 sextam
2379 3739 2642 3794 decimam
2674 3754 2768 3809 pro
2801 3753 2890 3792 xiv
2919 3744 3239 3807 computant
3265 3737 3698 3806 undecuplantcs,

2147 3841 2204 3886 ut
2247 3840 2330 3886 est
2361 3832 2416 3884 iii
2450 3829 2677 3885 sinistro
2721 3831 3004 3884 laterculo.
3042 3828 3400 3899 Experiamur
3429 3844 3524 3897 per
3557 3842 3699 3882 scru-

2148 3924 2413 3993 pulariam
2453 3922 2789 3977 methoduin.
2831 3921 3030 3992 Cyclas
3069 3922 3203 3976 solis
3234 3938 3322 3975 xvi
3358 3921 3411 3974 in
3458 3927 3700 3987 computo

2145 4013 2774 4082 Constantinopolitano,
2813 4021 2896 4066 est
2929 4012 3209 4066 Romanus
3252 4028 3281 4064 v
3315 4027 3411 4080 per
3445 4026 3700 4065 canonem

2145 4121 2208 4161 ii.
2257 4106 2396 4176 Ergo
2441 4121 2618 4160 annus
2651 4113 2735 4160 est
2770 4105 3052 4159 bisextilis.
3105 4102 3228 4159 ideo
3274 4120 3304 4157 a
3337 4102 3588 4158 Kalendis
3618 4101 3698 4154 Ja-

2146 4197 2323 4250 nuarii
2354 4205 2712 4252 numerantur
2743 4197 2860 4252 dies
2896 4196 3016 4261 108,
3054 4212 3160 4250 non
3195 4196 3310 4251 l07.
3343 4194 3526 4250 Ductis
3555 4193 3615 4248 16
3652 4193 3698 4245 in

2151 4290 2208 4343 ll
2259 4293 2393 4343 ﬁunt
2437 4289 2553 4344 dies
2600 4287 2720 4351 176,
2767 4289 2858 4358 qui
2903 4303 3027 4342 cuin
3075 4288 3176 4342 108
3219 4287 3351 4341 dant
3393 4285 3519 4350 2&4;
3556 4301 3698 4339 scru-

2147 4383 2272 4452 pula
2325 4380 2426 4434 108
2492 4395 2616 4433 cum
2670 4384 2760 4440 9U,
2817 4396 2936 4449 quae
2981 4381 3307 4450 colliguntur
3361 4379 3542 4433 ductis
3575 4379 3607 4432 5
3651 4378 3698 4429 in

2074 4489 2118 4545 ι)
2149 4475 2236 4534 lli.
2267 4472 2504 4526 elliciunt
2544 4473 2662 4526 dies
2691 4473 2758 4537 3;
2796 4483 2850 4527 et
2892 4481 3146 4542 prieterea
3195 4473 3559 4540 sexagesinias
3603 4470 3696 4522 l'i':

2149 4563 2346 4633 quibus
2376 4563 2656 4632 neglectis,
2703 4573 2757 4617 et
2804 4564 3014 4632 adjecto
3068 4563 3245 4617 triduo
3292 4563 3357 4616 ad
3412 4563 3530 4616 dies
3579 4561 3696 4620 284,

2148 4672 2470 4724 summaque
2523 4656 2626 4708 ⁸287
2674 4672 2770 4726 per
2823 4657 2890 4711 50
2941 4656 3264 4717 distributa,
3325 4656 3700 4724 relinquuntur

2146 4749 2263 4804 dies
2293 4747 2379 4802 l7.
2421 4746 2653 4802 Proinde
2692 4749 2894 4818 Aprilis
2927 4765 3035 4802 xvii
3070 4750 3193 4802 luna
3234 4756 3350 4802 erat
3381 4746 3592 4802 decima
3619 4762 3698 4800 se-

2147 4840 2334 4909 ptima.
2365 4838 2594 4909 Propter
2628 4841 2926 4894 bisextilem
2964 4841 3140 4910 itaque
3178 4838 3352 4901 diem,
3383 4840 3644 4892 terminus
3669 4851 3695 4888 ει

2147 4947 2256 4985 xvii
2306 4933 2393 4987 die
2421 4933 2621 5003 Aprilis
2645 4932 2712 4986 ad
2751 4949 2837 4986 xvi
2872 4933 3284 4988 retrahebatur:
3317 4947 3438 5001 qua:
3464 4946 3584 4985 cum
3615 4945 3696 4984 es-

2145 5033 2226 5078 set
2254 5023 2385 5077 feria
2409 5040 2448 5088 i,
2477 5023 2683 5078 Pascha
2718 5026 2769 5078 in
2802 5040 2936 5078 xxiii
2961 5025 3102 5078 diem
3131 5023 3553 5083 diffundebatur,
3584 5036 3697 5091 qua:

2143 5121 2260 5167 erat
2292 5113 2418 5167 luna
2449 5130 2604 5177 xxiii,
2649 5115 2715 5168 de
2737 5129 2842 5184 qua
2877 5129 2934 5168 re
2983 5113 3117 5167 nihil
3157 5128 3258 5168 nos
3300 5112 3563 5166 Maximus
3603 5114 3697 5164 do-

2141 5202 2288 5256 cuit:
2311 5205 2402 5272 qui
2437 5203 2701 5258 bisextilis
2751 5205 2854 5258 diei
2896 5203 3160 5258 rationem
3189 5203 3310 5259 illos
3339 5203 3538 5256 habere
3567 5202 3700 5254 scri-

2146 5295 2286 5363 psit;
2333 5302 2386 5349 et
2416 5295 2628 5366 quoties
2664 5303 2881 5364 propter
2907 5295 3085 5364 ipsum
3123 5294 3390 5348 terminus
3434 5295 3486 5346 in
3518 5294 3695 5346 lunam

2143 5402 2210 5439 xv
2241 5387 2472 5440 incurrit
2509 5385 2645 5440 feria
2685 5386 2879 5456 prima,
2924 5387 3069 5440 hunc
3108 5400 3308 5438 annum
3355 5400 3464 5438 uno
3501 5390 3698 5454 puncto

2145 5477 2345 5533 notari.
2382 5476 2538 5541 Nam,
2580 5493 2703 5531 cuin
2747 5477 2874 5531 luna
2907 5487 2992 5532 est
3032 5492 3141 5540 xvi,
3167 5492 3492 5547 quacunque
3539 5475 3589 5528 id
3637 5491 3700 5529 cx

2143 5585 2308 5626 causa
2341 5571 2454 5634 ﬁat,
2483 5572 2680 5640 triplici
2711 5581 2910 5640 puncto
2933 5572 3263 5640 designatur.
3297 5569 3476 5636 Quare
3508 5569 3702 5639 triplex

2145 5669 2404 5731 punctum
2436 5677 2579 5715 anno
2611 5664 2682 5715 illi
2720 5664 3069 5719 tribuendum
3092 5673 3228 5717 erat.

2219 5753 2297 5808 Ex
2336 5753 2420 5807 his
2476 5754 2698 5808 evidens
2752 5762 2833 5809 est
2883 5755 3232 5809 hallucinatio
3277 5753 3561 5822 Scaligcri,
3614 5751 3703 5821 qui
