4036 6218
365 337 501 392 Hii?

1391 330 1850 386 DlSSEli‘TATlO
1885 329 1968 382 DE
2006 326 2414 440 ClleCPRL’M
2455 326 2653 381 xElllS.

3466 331 3598 380 1458

363 450 838 521 undecuplantium
867 447 1014 500 illum
1049 447 1258 516 cyclum
1299 446 1576 513 explicans
1607 445 1722 512 (lib.
1767 461 1802 497 ιι
1859 443 1933 496 De
1964 450 2008 504 A
2039 437 2313 510 congruit.
2361 441 2638 510 Siquidem
2680 456 2854 495 annus
2884 440 3092 510 primus
3122 455 3242 492 terte
3279 437 3598 495 Christiana:

362 543 612 610 emend),
636 540 826 595 asserit
853 553 971 602 eos,
994 539 1209 607 quoties
1237 538 1446 592 decima
1479 546 1677 607 quarta
1698 536 1932 591 Pascha-

365 636 431 690 lis
461 635 748 704 putabatur
776 631 985 684 decima
1022 638 1197 692 sexta,
1231 630 1276 684 si
1309 630 1361 682 in
1409 628 1705 683 secundam
1743 628 1930 681 feriant

365 729 697 784 incurreret,
757 721 1114 776 antecedente
1179 720 1458 774 Dominica
1516 719 1722 775 Pascha
1789 719 1931 773 cele-

369 821 569 880 hrasse,
602 816 728 868 luna
761 814 1001 884 ipsorum
1037 831 1126 875 xv,
1159 813 1377 868 Nictena
1407 829 1528 876 xm,
1553 815 1695 882 quod
1721 820 1802 866 est
1834 811 1932 864 fal-

368 908 641 962 sissimum
663 925 678 971 ;
698 917 752 959 et
777 905 1111 960 contrarium
1142 905 1347 960 diserte
1373 905 1642 960 Maximus
1673 904 1932 968 aliirmat;

366 995 616 1050 nimirum
650 997 776 1050 luna
809 995 958 1065 ipsos
992 1010 1126 1059 xm,
1158 1003 1210 1049 et
1242 994 1428 1050 eodem
1459 995 1566 1060 die,
1601 1009 1709 1063 quo
1735 993 1933 1046 Catho-

365 1088 520 1146 licos,
552 1087 759 1140 Pascha
797 1102 956 1140 suum
987 1085 1221 1150 obiisse;
1259 1087 1354 1141 sed
1392 1086 1703 1142 Catholicos
1749 1087 1932 1140 lunam

364 1195 432 1231 xx
469 1193 806 1236 numerasse.
838 1192 1000 1246 quam
1051 1177 1140 1231 isti
1174 1177 1340 1231 biduo
1375 1179 1607 1246 amplius
1650 1179 1930 1247 putabant.

361 1270 495 1324 Cum
553 1281 733 1324 autem
785 1270 912 1323 luna
969 1283 1058 1322 xvr
1107 1269 1163 1322 in
1210 1269 1544 1324 Dominicam
1600 1270 1932 1333 incurrebat,

363 1362 582 1430 utrique
610 1363 664 1416 in
705 1375 1020 1431 sequentem
1070 1362 1404 1416 Dominicam
1435 1361 1644 1417 Pascha
1672 1377 1933 1433 proroga-

363 1455 524 1512 bant;
575 1468 733 1522 quam
789 1455 1219 1523 undecuplantes
1273 1455 1454 1508 lunam
1504 1470 1626 1510 esse
1680 1454 1932 1509 volebant

364 1560 523 1608 xxttt,
555 1544 819 1597 Catholici
854 1561 964 1598 xxi.

956 1699 1188 1756 CAPUT
1224 1699 1338 1756 XV.

371 1812 818 1880 L'ndecuplatores
851 1811 1321 1892 i‘llosrderquibu‘s.’
1343 1811 1447 1879 agit
1480 1809 1768 1892 Maximus,
1804 1824 1934 1888 usos

431 1899 542 1936 esse
572 1879 812 1950 computo
844 1879 1450 1950 Constantinopolitano,
1475 1891 1522 1934 et
1562 1879 1814 1950 i’ictorini
1844 1895 1934 1930 seu

434 1953 745 2006 Latinorum
773 1953 1030 2013 methodo,
1059 1954 1134 2004 ita
1173 1966 1344 2005 tamen
1383 1962 1438 2003 ut
1483 1969 1512 2003 α
1545 1949 1934 2002 Catholicorum

435 2024 674 2076 instituto
710 2040 811 2075 non
854 2023 1211 2084 abhorrerent,
1256 2031 1436 2075 contra
1465 2037 1620 2090 quam
1663 2018 1934 2072 Maximus

432 2105 479 2146 et
508 2093 749 2162 Scaliger
771 2093 1016 2145 arbitrati
1043 2102 1186 2146 sunt.

438 2225 570 2279 llum
604 2226 866 2280 attentius
887 2241 950 2280 ea
982 2231 1409 2295 perscrutamur,
1450 2237 1570 2293 qua:
1592 2222 1659 2276 de
1687 2219 1934 2275 undecu-

363 2318 664 2388 platoribus
689 2317 811 2372 istis
842 2315 1109 2371 Maximus
1139 2314 1322 2378 refert,
1352 2314 1495 2368 haud
1517 2314 1758 2383 vulgaria
1789 2328 1937 2382 qua:-

361 2413 485 2463 \lalll
538 2408 1052 2474 animadvertimus;
1085 2424 1259 2478 neque
1292 2406 1547 2468 Maximo,
1582 2414 1640 2459 ut
1675 2411 1932 2474 apparet,

366 2502 468 2571 ipsi
504 2502 758 2573 cognita;
795 2518 970 2572 neque
1021 2499 1324 2568 Scaligero,
1366 2498 1457 2568 qui
1501 2497 1791 2550 Maximum
1837 2511 1934 2550 ex-

362 2597 562 2666 plicare
594 2602 825 2649 conatus
863 2602 945 2649 est
992 2614 1004 2647 :
1055 2603 1108 2647 et
1149 2594 1214 2646 ad
1243 2591 1490 2646 Graecum
1519 2599 1833 2660 computum
1873 2591 1938 2643 il-

361 2685 700 2741 lustrandum
731 2685 996 2754 imprimis
1030 2685 1202 2738 utilia.
1233 2683 1343 2737 lloc
1367 2683 1533 2752 igitur
1555 2682 1937 2738 observatione

359 2779 544 2834 sedula
582 2778 987 2848 comperimus:
1022 2777 1479 2845 undecuplatores
1519 2776 1644 2830 illos
1682 2784 1937 2830 auctores

364 2872 534 2925 tuisse
563 2870 802 2939 computi
847 2870 1076 2924 alterius
1104 2882 1134 2923 e
1166 2867 1402 2932 duobus,
1432 2880 1592 2936 quem
1623 2865 1936 2919 Constanti-

361 2963 736 3031 nopolitanum
783 2961 1221 3024 nominavimus;
1285 2961 1376 3030 qui
1433 2974 1558 3014 εει-ιε
1613 2956 1938 3011 Christiana:

363 3055 596 3124 primum
649 3069 851 3106 annum
901 3053 1058 3106 ollert
1105 3052 1159 3106 in
1217 3068 1303 3113 eo.
1356 3053 1446 3122 qui
1482 3058 1566 3105 est
1615 3050 1682 3104 ab
1730 3048 1936 3102 Adamo

362 3145 538 3201 5509:
571 3145 714 3216 quod
749 3145 943 3216 partim
974 3161 1039 3199 ex
1071 3145 1240 3216 cyclis
1271 3145 1403 3199 solis
1437 3154 1488 3198 et
1518 3144 1656 3196 luna:
1685 3182 1698 3204 ,
1735 3141 1932 3211 partim
1961 3129 2004 3186 Ο

362 3255 426 3293 ex
455 3252 718 3291 annorum
755 3251 979 3291 numero
1011 3246 1160 3292 certo
1188 3236 1482 3306 colligitur.
1531 3235 1734 3288 Scrihit
1763 3233 1936 3288 Maxi-

363 3347 483 3385 mus
516 3331 692 3399 capite
714 3329 784 3384 ΧΙ
817 3329 1064 3400 partisJ,
1095 3331 1306 3400 cyclum
1334 3331 1494 3392 lunze,
1527 3344 1686 3399 quem
1723 3329 1799 3382 illi
1832 3345 1933 3382 nu-

363 3430 574 3478 merant
602 3439 681 3485 xl,
720 3439 842 3478 eum
880 3438 1001 3477 esse
1034 3437 1194 3492 quem
1226 3423 1340 3490 ipse
1377 3429 1657 3490 computat
1690 3436 1816 3484 xiv;
1852 3421 1934 3472 lu-

363 3521 512 3571 naris
568 3517 754 3583 cyclus
806 3513 1023 3568 Maximi
1068 3515 1209 3568 idem
1249 3522 1344 3569 est
1386 3529 1509 3566 cum
1558 3513 1822 3576 Romano,
1876 3523 1935 3566 ut

365 3623 529 3678 supra
563 3607 1074 3662 demonstravimus.
1108 3604 1274 3676 Igitur
1302 3606 1488 3677 cyclus
1520 3605 1726 3673 primus
1764 3603 1933 3657 unde-

366 3701 704 3768 cuplatorum
744 3708 829 3754 est
874 3697 1174 3762 Rmnanus,
1211 3699 1294 3752 vel
1326 3698 1538 3752 Maximi
1583 3707 1838 3766 quartus;
1879 3707 1932 3749 et

365 3792 573 3860 primus
604 3791 821 3844 Maximi
865 3798 948 3844 est
987 3790 1232 3844 decimus
1264 3790 1526 3859 septimus
1554 3789 1790 3843 illormn.
1827 3788 1931 3858 lgi-

362 3892 452 3936 tur
496 3886 684 3954 cyclus
731 3882 938 3936 lunaris
985 3882 1474 3950 undecuplatorum
1521 3893 1602 3936 est
1637 3882 1774 3936 idem
1807 3897 1929 3935 cum

360 3971 694 4035 Iudaeorum,
754 3987 816 4025 ac
867 3970 1154 4034 Victorini,
1205 3989 1300 4026 seu
1355 3971 1670 4025 Latinorum
1725 3974 1927 4042 cyclo:

361 4081 522 4136 quem
551 4081 672 4120 esse
703 4063 992 4118 docuimus
1015 4080 1136 4118 atrae
1158 4064 1774 4133 Constantinopolitanze
1806 4081 1924 4134 pro-

364 4156 559 4224 prium.
591 4155 783 4209 Annus
828 4155 1039 4223 primus
1089 4170 1210 4208 atra:
1256 4153 1580 4208 Christiana:
1627 4153 1927 4208 Romanum

361 4247 574 4316 'cyclum
616 4244 822 4305 habuit,
860 4245 992 4299 solis
1028 4261 1082 4310 x,
1119 4247 1260 4298 lunae
1302 4260 1358 4297 ll.
1408 4247 1596 4298 Annus
1650 4245 1789 4298 5509
1838 4246 1928 4297 dat

361 4337 572 4406 cyclum
603 4335 736 4389 solis
764 4349 877 4400 xxi,
905 4336 1045 4388 lunre
1081 4351 1231 4389 xvtu.
1267 4335 1460 4388 Aunus
1490 4352 1618 4389 vero
1649 4336 1806 4398 5495,
1841 4354 1929 4391 so-

360 4427 430 4482 lis
454 4443 506 4490 ν,
555 4426 696 4479 lunae
730 4440 790 4478 ιι.
833 4423 907 4478 Ita
963 4425 1170 4480 lunaris
1199 4427 1385 4496 cyelus
1431 4425 1927 4496 Constantinopoli-

360 4518 470 4570 tani
528 4517 765 4587 computi
819 4513 988 4571 distat
1044 4533 1072 4570 a
1139 4515 1387 4572 Romano
1440 4527 1492 4571 et
1540 4519 1925 4581 Alexandrino,

359 4626 519 4679 quem
557 4609 820 4662 Maximus
868 4618 1118 4678 usurpat,
1152 4609 1424 4673 sedecim;
1457 4611 1531 4662 ita
1579 4620 1636 4664 ut
1684 4612 1926 4666 decimus

358 4705 625 4774 septimus
676 4702 1320 4772 Constantinopolitauus
1377 4718 1501 4756 cum
1561 4704 1926 4757 Alexandrino

359 4799 536 4866 primo
569 4804 880 4850 coacurrat.
908 4795 1108 4866 Cyclus
1148 4810 1277 4848 vero
1307 4796 1503 4850 solaris
1539 4795 1926 4869 Constantino-

356 4887 632 4957 politanus
681 4886 1048 4940 Alexandrino
1098 4887 1275 4938 minor
1320 4894 1402 4939 est
1456 4885 1784 4950 duodecim,
1826 4891 1925 4942 hoc

355 4987 442 5032 est
470 4978 680 5047 primus
721 4978 887 5042 illius,
920 4977 1084 5046 hujus
1119 4984 1202 5032 est
1229 4977 1473 5032 decimus
1507 4981 1719 5034 tertius.
1746 4980 1925 5045 Quare

353 5087 482 5125 cum
533 5069 670 5140 cycli
706 5068 1057 5123 Alexandrini
1098 5069 1292 5124 solaris
1334 5070 1543 5138 primus
1591 5070 1661 5124 sit
1695 5069 1919 5124 Ruinani

356 5167 579 5224 sextus,
615 5160 1199 5229 Constantinopolitani
1230 5160 1366 5228 cycli
1403 5161 1610 5230 primus
1651 5161 1752 5213 erit
1777 5172 1922 5213 octa-

355 5269 459 5306 vus
485 5253 730 5305 decitnus
759 5252 984 5304 Romani
1019 5270 1033 5316 ;
1065 5268 1182 5321 qua:
1210 5256 1391 5305 omnia
1440 5252 1920 5321 uudecuplatorum

354 5345 514 5414 cyclo
562 5351 897 5412 competunt,
935 5354 993 5397 ut
1020 5345 1240 5398 minime
1280 5343 1500 5398 dubium
1541 5344 1612 5398 sit
1658 5344 1923 5398 Constan-

354 5436 778 5502 tinopolitauum
813 5443 1124 5503 computum
1156 5435 1277 5488 illos
1313 5435 1570 5490 tenuisse.

430 5565 696 5621 Praeterea
730 5567 872 5637 quod
899 5566 1166 5621 Maximus
1189 5568 1286 5630 ait,
1314 5566 1380 5620 ad
1411 5583 1582 5622 annos
1610 5567 1801 5622 Adami
1828 5569 1921 5622 ad-

352 5655 565 5710 (iidisse
603 5657 724 5712 illos
773 5655 1030 5719 sedecim,
1071 5657 1442 5725 conjecturam
1478 5666 1716 5711 nostram
1763 5658 1919 5712 unice

357 5749 664 5805 confirmat.
700 5749 810 5805 lloc
846 5750 987 5804 cnim
1032 5750 1634 5819 Constantinopolitano
1667 5758 1918 5819 computo

2034 535 2086 588 in
2121 533 2488 588 Alexandrino
2515 541 2829 586 numeratur
2853 531 2992 586 5495
3016 549 3030 596 ;
3065 532 3118 584 in
3145 530 3600 602 Constantinopo-

2035 626 2225 690 litano,
2269 625 2430 680 5509.
2468 623 2812 678 Intervallum
2847 625 2972 678 anni
3014 641 3122 679 xvu.
3171 623 3306 678 llinc
3337 628 3496 680 etiam
3537 627 3602 680 il-

2035 718 2124 772 lud
2163 725 2410 788 apparet,
2449 733 2632 771 verum
2667 717 2718 770 id
2752 733 2873 772 esse
2903 717 3047 786 quod
3092 730 3213 771 ante
3253 734 3442 772 sumus
3471 719 3600 772 odo-

2034 810 2160 872 rati,
2198 824 2360 878 quam
2407 809 2473 863 de
2507 807 2996 878 undecuplatorum
3033 809 3185 879 cyclo
3215 809 3308 862 illo
3337 809 3601 879 cogitare-

2035 919 2175 965 mus,
2202 902 2860 971 Constantinopolitanum
2887 909 3197 970 computum
3225 901 3291 956 ad
3314 901 3602 968 Victorini,

2035 995 2150 1049 sive
2179 993 2497 1049 Latinorum
2533 993 2868 1058 methodum,
2897 1001 2950 1048 et
2977 991 3262 1047 Judaicum
3286 995 3495 1065 cyclum
3526 997 3604 1048 l'u—

2033 1102 2222 1142 narem
2261 1086 2726 1140 accommodatum
2766 1101 2796 1139 a
2839 1085 3042 1140 Gra-cis
3072 1085 3257 1140 fuisse.
3291 1086 3424 1140 Cum
3459 1089 3602 1142 enini

2038 1178 2250 1233 lunaris
2280 1179 2383 1232 hoc
2417 1178 2604 1249 cyclus
2640 1178 2755 1247 ipse
2791 1177 3099 1248 persuadet,
3127 1186 3240 1231 tum
3275 1179 3418 1248 quod
3451 1193 3480 1232 a
3510 1179 3602 1234 Ja-

2037 1271 2215 1324 nuarii
2254 1269 2510 1324 Kalendis
2541 1269 2824 1324 ratiocinia
2854 1269 2994 1342 lunae
3028 1269 3388 1334 deducerent,
3432 1279 3490 1324 ut
3526 1281 3606 1327 te—

2037 1370 2214 1417 statur
2245 1360 2552 1416 Maximus:
2580 1361 2723 1432 quod
2758 1369 2811 1415 et
2857 1359 3077 1416 Latinos
3125 1362 3428 1418 instituisse
3464 1363 3605 1418 Beda

2033 1459 2302 1507 memorat
2361 1453 2460 1506 lib.
2505 1451 2582 1505 De
2643 1461 2930 1520 temporum
2977 1451 3180 1505 ratione
3225 1468 3344 1522 cap.
3395 1451 3606 1517 LlV,et

2038 1542 2346 1599 Victorinus
2387 1545 2502 1615 ipse
2536 1543 2589 1598 in
2621 1542 2944 1600 Prwl‘atione
2973 1545 3038 1599 ad
3088 1543 3349 1600 Hilarium
3383 1562 3599 1617 papam,

2036 1650 2198 1704 quam
2231 1636 2286 1689 in
2331 1645 2476 1690 Iomo
2506 1635 2546 1689 Il
2581 1635 2655 1689 De
2686 1634 2925 1688 doctrina
2961 1646 3247 1704 temporum
3303 1636 3598 1703 edidimus;

2039 1728 2176 1781 adeo
2215 1734 2274 1780 ut
2319 1727 2573 1782 Kalendre
2612 1725 2886 1780 Ianuariae
2920 1742 3093 1781 canon
3137 1727 3300 1781 fuerit
3324 1727 3603 1786 Paschalis

2038 1819 2288 1889 syzygiat.
2323 1820 2546 1872 Accedit
2573 1826 2626 1874 et
2667 1819 2853 1889 cyclus
2887 1820 3022 1888 ipse,
3056 1836 3164 1890 quo
3201 1821 3282 1874 usi
3333 1823 3408 1875 illi
3452 1832 3602 1886 sunt,

2036 1924 2304 1963 annorum
2354 1925 2558 1971 nxxxn,
2607 1910 2764 1979 cujus
2827 1911 3074 1966 inventor
3132 1911 3232 1966 fuit
3266 1911 3602 1972 Victorinus.

2039 1998 2193 2054 Unde
2227 2001 2524 2055 verisimile
2573 2000 2628 2054 fit
2673 2017 2702 2053 a
2750 2001 2959 2057 Latinis
3000 2011 3168 2057 totum
3222 2005 3352 2059 illud
3387 2005 3606 2066 Graecos

2036 2106 2160 2146 esse
2189 2099 2462 2146 mutuatos
2505 2092 2606 2146 sub
2642 2099 2852 2146 aitatcm
2904 2092 3142 2148 Maximi.
3181 2094 3257 2149 Ex
3289 2113 3396 2166 quo
3424 2109 3478 2152 et
3502 2101 3605 2155 hoc

2039 2183 2281 2252 πόρισμα
2334 2199 2608 2252 sequunr,
2668 2191 2814 2237 recte
2870 2200 2970 2239 nos
3026 2193 3216 2240 contra
3266 2187 3600 2259 Scaligcrum

2040 2275 2400 2342 pertendisse,
2424 2274 3089 2344 Constantinopolitanam
3111 2293 3272 2332 ieram
3301 2279 3458 2348 longe
3479 2297 3603 2337 esse

2041 2369 2422 2432 recentiorem,
2452 2383 2613 2436 quam
2649 2376 2741 2420 aut
2775 2367 3043 2424 Panodori
3072 2385 3336 2426 annorum
3372 2373 3511 2428 5499.
3534 2374 3601 2428 ad

2039 2457 2315 2512 Christum
2384 2473 2592 2526 usque,
2652 2467 2746 2510 aut
2801 2459 3044 2513 Africani
3111 2477 3377 2515 annorum
3442 2464 3600 2519 5500.

2039 2547 2247 2618 Quippe
2293 2547 2559 2602 Maximus
2603 2549 2682 2603 sic
2711 2563 2777 2602 oe
2807 2553 3276 2618 computatoribus
3315 2554 3480 2620 hisce,
3509 2554 3601 2624 qui

2039 2653 2125 2690 χιιι
2158 2636 2222 2690 ad
2251 2652 2415 2691 atram
2456 2636 2649 2690 Adami
2685 2635 3024 2706 adjecerunt,
3050 2642 3206 2708 quasi
3235 2641 3301 2696 de
3337 2646 3601 2700 recentioo

2038 2729 2191 2784 ribus
2214 2736 2267 2784 et
2297 2729 2594 2797 tequalibus
2625 2744 2761 2798 pene
2791 2729 2928 2795 suis,
2961 2731 3203 2801 loquitur

2111 2822 2241 2888 Qua:
2274 2835 2396 2874 cum
2437 2821 2510 2876 ita
2551 2821 2695 2882 sint,
2735 2821 2802 2876 de
2843 2821 3359 2891 undecuplatoribus
3390 2826 3509 2881 istis
3538 2843 3599 2882 ea

2039 2911 2385 2983 intelligenda
2423 2922 2551 2968 sunt
2581 2913 2764 2968 omnia
2785 2953 2799 2972 .
2835 2931 2956 2984 qua:
2988 2916 3168 2984 capite
3206 2918 3363 2972 tertio
3395 2919 3461 2973 de
3492 2935 3597 2973 ἵει-ιι

2038 3006 2634 3076 Constantinopolitana
2675 3007 3034 3077 scripsimus;
3074 3009 3451 3082 imprimisque
3521 3015 3597 3069 sic

2039 3100 2161 3155 illos
2199 3115 2227 3154 a
2267 3098 2506 3166 Latinis,
2548 3108 2642 3154 aut
2676 3099 2878 3156 ludatis
2918 3102 3163 3157 lunarem
3219 3104 3430 3174 cyclum
3472 3123 3596 3160 mu-

2038 3199 2214 3248 tuatos
2245 3207 2400 3255 esse,
2437 3205 2497 3245 ut
2534 3208 2720 3246 eorum
2758 3192 2813 3246 in
2846 3191 3110 3248 Paschate
3145 3195 3469 3250 celebrando
3505 3214 3594 3252 ne-

2035 3299 2306 3354 quaquam
2351 3283 2696 3338 imitarentur
2726 3300 2974 3346 errores,
3011 3287 3105 3340 sed
3146 3302 3269 3340 cum
3300 3287 3594 3344 Catholicis

2035 3377 2285 3431 eumdem
2321 3375 2460 3430 diem
2499 3375 2843 3431 obtinerent:
2889 3376 2990 3432 hoc
3031 3394 3139 3431 uno
3177 3378 3592 3449 discrepantes,

2035 3470 2176 3537 quod
2218 3467 2572 3536 cpilogismos
2613 3467 3060 3531 neomeniarum,
3117 3469 3199 3523 vel
3238 3469 3592 3524 terminorum

2034 3560 2189 3613 aliter
2224 3558 2592 3613 instituerent.
2625 3558 2704 3611 Ac
2733 3558 3021 3613 vehemens
3048 3567 3133 3613 est
3167 3560 3439 3630 suspicio,
3475 3561 3591 3614 illos

2033 3649 2270 3704 methodi
2314 3657 2525 3702 tantum
2564 3649 2771 3718 gratia,
2811 3656 2864 3704 et
2903 3659 2959 3703 ut
2993 3651 3256 3705 veriorem
3303 3652 3443 3707 luna:
3480 3654 3589 3706 cal-

2034 3742 2216 3795 culum
2259 3748 2704 3810 assequcrentur.
2746 3740 3142 3809 scrupulariam
3181 3741 3340 3795 istam
3381 3741 3590 3794 ratiun-

2032 3833 2208 3885 culam
2257 3832 2592 3900 adjunxisse.
2628 3830 2762 3885 Nam
2799 3847 2923 3886 cum
2960 3847 2989 3884 a
3025 3830 3260 3895 Judzeis,
3297 3840 3388 3884 aut
3422 3843 3588 3886 astro—

2033 3926 2261 3979 nomicis
2292 3925 2492 3978 tabulis
2523 3924 2914 3993 intelligerent,
2945 3924 3220 3978 novilunia
3242 3921 3588 3977 Paschaliluu

2031 4031 2151 4068 esse
2194 4014 2492 4068 neomeniis
2535 4013 2844 4077 anteriora,
2896 4015 2975 4067 sic
3024 4021 3083 4067 ut
3126 4028 3202 4067 ea:
3249 4014 3304 4066 in
3349 4014 3588 4067 lunarem

2031 4105 2225 4172 φάσιν,
2257 4105 2358 4157 hoc
2382 4113 2466 4158 est
2499 4103 2789 4159 secundam
2822 4104 3002 4157 lunam
3039 4103 3342 4158 inciderent
3369 4121 3382 4167 ;
3409 4113 3585 4159 ctter-

2031 4196 2202 4259 mini,
2236 4196 2350 4250 sive
2375 4205 2582 4266 quarta:
2612 4195 2837 4251 decima:
2871 4197 2925 4250 in
2961 4196 3257 4265 plenilunia
3294 4196 3404 4250 fere
3438 4196 3585 4251 cade-

2033 4295 2154 4341 rent
2179 4307 2191 4342 :
2223 4287 2366 4357 quod
2394 4287 2611 4341 Maximi
2636 4289 2836 4342 saeculo
2864 4287 3205 4357 potissimum
3246 4288 3584 4342 animadver-

2031 4395 2148 4432 sum
2191 4388 2312 4432 est:
2351 4379 2613 4432 rationem
2651 4379 2887 4448 aliquam
2929 4380 3063 4432 inire
3085 4379 3441 4446 studuerunt;
3471 4397 3584 4450 quae

1962 4471 2003 4523 D
2033 4477 2246 4522 mtatem
2270 4471 2415 4522 luna:
2439 4469 2752 4523 accuratius
2775 4471 3042 4534 redderet,
3061 4487 3288 4540 quaeque
3307 4473 3584 4536 terminos,

2031 4562 2147 4616 sive
2171 4561 2416 4617 Niczenas
2437 4573 2662 4632 quartas
2685 4561 2954 4626 decimas,
2985 4565 3037 4617 in
3060 4565 3282 4633 quintas
3317 4564 3582 4620 decimas.

2030 4653 2336 4721 cujusmodi
2364 4653 2472 4707 fere
2495 4661 2792 4714 tumerant
2811 4693 2827 4718 ,
2851 4664 3231 4710 commutaret.
3258 4657 3336 4709 Ad
3364 4658 3413 4710 id
3437 4674 3563 4711 scxa

2028 4745 2362 4814 gesimarum
2385 4745 2734 4815 epilogismos
2752 4748 3044 4801 commenti
3068 4757 3194 4803 sunt
3218 4766 3231 4812 ;
3247 4752 3334 4818 qui
3357 4766 3464 4802 uno
3481 4750 3581 4804 die.

2027 4836 2110 4888 vel
2142 4834 2308 4889 biduo
2349 4850 2616 4888 summam
2653 4844 2935 4906 augerent.
2995 4836 3068 4892 De
3106 4837 3206 4891 hac
3248 4837 3585 4907 μεταπτώσε-

2027 4927 2469 4987 noviluniorum,
2527 4943 2588 4979 ac
2640 4929 3044 4983 neomeniarum
3090 4926 3432 4983 Paschalium
3473 4928 3588 4984 fuso

2025 5018 2425 5086 disputavimus
2459 5018 2510 5072 in
2543 5016 2580 5070 γ
2612 5017 2682 5071 De
2713 5018 2950 5072 doctrina
2975 5031 3293 5088 temporum,
3350 5023 3525 5090 capite
3568 5021 3576 5051 '

2024 5117 2076 5162 ct
2108 5108 2345 5166 Xill.ubi
2369 5107 2617 5162 Niczcnas
2651 5125 2774 5161 cum
2813 5111 2876 5163 iis
2915 5112 3269 5172 contulimus,
3303 5129 3422 5180 qua:
3463 5112 3560 5166 Dio

2027 5200 2164 5271 nysii
2196 5199 2384 5269 Exigui
2415 5210 2656 5270 tempore
2689 5202 2925 5256 fuerunt.
2973 5203 3106 5257 llinc
3151 5205 3318 5258 multa
3361 5206 3576 5260 dissolv

2023 5293 2392 5362 explicarique
2429 5303 2697 5362 possunt,
2742 5310 2860 5363 qua:
2895 5295 3154 5350 adversus
3197 5296 3556 5366 undecuplato

2024 5401 2112 5439 res
2150 5400 2178 5438 a
2217 5385 2451 5439 Maximo
2489 5396 2543 5440 et
2585 5384 2861 5457 Scaligero
2901 5389 3264 5443 disseruntur.
3309 5389 3574 5458 Siquiden‘

2024 5478 2147 5531 illos
2167 5485 2317 5530 extra
2339 5479 2550 5546 culpam
2576 5488 2628 5532 et
2652 5479 3124 5546 reprehensionem
3150 5479 3320 5534 fuisse
3341 5490 3572 5534 constat.

2023 5571 2067 5623 si
2089 5609 2102 5632 ,
2132 5584 2251 5638 qua:
2274 5579 2458 5623 nostra
2493 5571 2805 5638 conjectura
2837 5579 2918 5626 est
2939 5612 2953 5636 ,
2984 5571 3036 5625 id
3066 5587 3232 5624 unum
3265 5572 3318 5625 in
3354 5573 3442 5626 illa
3477 5588 3560 5625 me

2023 5661 2188 5715 thodo
2215 5671 2530 5730 spectarunt
2551 5703 2566 5725 ,
2597 5672 2654 5716 ut
2681 5674 2928 5717 exactum
2954 5664 3093 5717 lunzc
3115 5663 3384 5717 calculum
3411 5680 3558 5732 τεχνι

2023 5753 2168 5818 κῶς,
2208 5769 2268 5807 ac
2307 5754 2601 5823 μεθοδικῶς
2643 5755 2956 5821 traderent;
2996 5773 3100 5810 non
3138 5765 3193 5808 ut
3233 5756 3282 5809 in
3320 5753 3576 5806 Paschatr
