4036 6218
425 312 561 371 1459

1499 308 1590 360 Al)
1630 303 1899 396 EUSE‘BII
1938 301 2328 358 CIIRONICON
2365 300 2720 354 APPENDIX.

3516 293 3656 352 {$60

424 427 628 500 aliquid
659 434 980 482 innovarent
1008 446 1022 482 :
1057 426 1200 497 quod
1232 440 1328 481 eos
1356 424 1580 478 minime
1613 423 1806 478 fecisse
1838 421 1992 475 testis
2019 421 2064 478 Δ
2092 420 2410 489 crepabant.
2453 419 2609 485 Quod
2647 419 2790 470 enim
2835 415 3047 469 deluna
3072 429 3184 468 xm
3207 421 3261 468 et
3298 428 3434 467 χχιιι
3467 413 3652 467 iisdem

425 536 547 576 esse
599 527 777 588 potest
832 517 1107 572 Maximus
1134 517 1320 586 [ipse;
1367 515 1459 585 qui
1503 515 1555 568 id
1598 529 1807 578 unum,
1851 511 1996 581 quod

431 613 698 674 diximus,
739 619 1054 680 oppugnat,
1092 623 1227 662 sane
1262 622 1372 661 non
1410 606 1652 678 xaipiov;
1693 621 1793 660 nec
1833 605 1997 659 ullius

431 705 492 757 ad
530 702 740 757 Pascha
776 701 1032 756 momenti
1062 718 1078 766 ;
1111 699 1254 769 quod
1289 712 1572 768 perperam
1605 695 1996 765 scrupulariam

431 790 577 848 illam
629 793 896 847 rationem
948 793 1418 846 administrarent.
1464 788 1640 859 Atque
1692 787 1796 841 hoc
1848 787 1996 856 ipsos

431 885 731 955 elegantius
766 883 942 938 facere
978 883 1222 952 potuisse
1252 897 1362 935 non
1394 895 1564 950 nego;
1599 877 1693 933 sed
1728 879 1863 933 nihil
1894 878 1997 932 hoc

431 988 609 1032 tamen
642 974 939 1030 Catholicis
971 976 1170 1028 ritibus
1203 973 1541 1028 adversatur.
1562 971 1695 1025 Nam
1715 971 1858 1041 quod
1883 985 1998 1023 mo-

433 1069 569 1123 leste
602 1066 706 1122 fert
735 1065 1002 1120 Maximus
1033 1066 1273 1136 quinque
1325 1065 1579 1134 scrupula
1617 1063 1773 1116 annis
1809 1061 1997 1130 singu-

432 1162 500 1216 lis
541 1160 795 1228 imputari
831 1158 897 1213 ad
932 1158 1278 1228 excmptilem
1317 1158 1778 1227 compensandum
1811 1153 1952 1208 diem
1979 1194 1997 1220 ,

433 1267 543 1307 nou
585 1251 689 1305 hac
734 1251 849 1304 sola
897 1251 964 1305 de
1006 1264 1171 1304 causa
1222 1249 1275 1303 id
1322 1249 1444 1303 illos
1474 1246 1780 1302 instituisse
1820 1253 1994 1316 puto;

431 1342 526 1396 sed
566 1348 623 1393 ut
657 1339 949 1394 terminum
988 1354 1112 1394 cum
1151 1339 1410 1393 exactiori
1455 1346 1609 1392 aetate
1643 1316 2000 1392 lunae'conci-

433 1432 649 1487 liarent.
692 1431 1056 1486 Nihilominus
1103 1439 1158 1486 et
1197 1439 1415 1502 propter
1449 1430 1591 1485 lunae
1640 1430 1836 1486 saltum
1877 1446 2001 1498 τεχ-

433 1523 600 1586 νικῶς
636 1523 886 1592 usurpari
922 1522 1135 1592 potuit:
1169 1521 1620 1592 quemadmodum
1653 1521 1795 1575 Beda
1821 1521 2000 1590 capite

434 1618 526 1671 XL
551 1617 673 1672 libri
697 1616 774 1671 De
802 1619 1004 1672 ratione
1033 1627 1317 1686 temporum
1340 1617 1534 1672 saltum
1563 1615 1807 1670 eumdem
1833 1614 1996 1678 lunae,

435 1708 550 1762 sive
577 1708 716 1762 diem
745 1708 1119 1777 exemptitium
1165 1722 1260 1778 per
1288 1723 1377 1760 xu
1435 1721 1604 1760 annos
1649 1706 1783 1777 cycli
1845 1705 1998 1758 luna-

436 1799 515 1852 ris
547 1799 774 1862 dividit,
813 1810 870 1853 ut
904 1800 1160 1868 paulatim
1196 1813 1258 1853 ac
1291 1814 1386 1868 per
1439 1798 1770 1852 incrementa
1818 1797 2000 1866 justus

435 1887 543 1942 diei
593 1887 786 1942 modus
836 1900 1180 1957 progressum
1230 1887 1444 1940 habeat.
1487 1883 1696 1940 Etenim
1751 1900 2000 1954 magnam

435 1980 817 2049 scrupulorum
859 1980 1086 2036 istorum
1127 1987 1334 2049 partem
1369 1977 1682 2047 negligunt,
1719 1975 1794 2028 ait
1831 1973 2004 2028 Maxi-

439 2087 580 2126 mus.
637 2070 838 2125 Verum
884 2079 969 2126 est
1012 2069 1065 2124 id
1104 2069 1343 2140 quidem.
1390 2067 1522 2121 Nam
1566 2069 1713 2122 solos
1765 2067 2002 2135 integros

435 2163 558 2220 dies
587 2161 653 2218 ad
683 2177 950 2219 summam
975 2161 1390 2217 achmmodant
1408 2200 1421 2223 ,
1447 2159 1709 2230 quidquid
1737 2159 2002 2229 reliquum

435 2263 523 2311 est
547 2255 615 2311 de
645 2255 987 2318 ratiuncula,
1030 2253 1132 2307 etsi
1172 2251 1238 2304 ad
1269 2251 1549 2321 sexaginta
1592 2250 1814 2322 propius
1851 2265 2004 2305 acce-

437 2346 534 2401 dat
555 2385 572 2411 ,
603 2347 823 2416 penitus
856 2345 1132 2399 omittunt.

512 2436 830 2506 Exemplum
863 2454 876 2488 :
911 2438 1068 2489 Anno
1098 2433 1236 2506 cycli
1269 2434 1760 2504 undecuplatorum
1796 2432 2002 2488 lunaris

440 2542 613 2590 ιιίιι,
664 2528 757 2598 qui
791 2533 875 2582 est
919 2525 1411 2580 Alexandrinorum
1458 2540 1533 2588 ιι,
1585 2525 1850 2580 terminus
1897 2524 2002 2578 Pa-

442 2619 646 2674 schalis
673 2626 790 2673 erat
813 2617 990 2672 Martii
1023 2633 1150 2680 xxv,
1186 2617 1274 2673 die
1305 2618 1374 2672 84
1399 2632 1428 2671 a
1456 2616 1710 2672 Kalendis
1737 2615 2000 2672 Januarii.

445 2709 632 2766 Ductis
663 2711 822 2764 annis
862 2711 922 2764 l8
957 2710 1012 2765 in
1051 2712 1134 2772 ll,
1167 2711 1410 2765 conﬁunt
1437 2711 1553 2766 dies
1589 2710 1724 2776 198,
1759 2711 1848 2779 qui
1881 2726 2003 2764 cum

442 2803 512 2858 84
557 2802 793 2858 elliciunt
820 2802 944 2858 282.
981 2800 1246 2873 Scrupula
1291 2804 1488 2859 deinde
1544 2802 1736 2857 diurna
1782 2803 1850 2857 84
1880 2818 2004 2856 eum

441 2894 541 2959 90,
572 2895 665 2965 qui
694 2910 762 2950 ex
799 2895 863 2948 l8
912 2909 1007 2964 per
1053 2894 1086 2949 5
1137 2895 1508 2964 multiplicatis
1557 2897 1841 2960 oriuntur,
1890 2895 2006 2951 dies

444 2985 684 3039 conﬂant
711 2985 776 3049 Ω,
809 2986 930 3042 54⁹ε
963 2985 1162 3056 quibus
1195 2985 1261 3040 ad
1297 2987 1413 3043 dies
1444 2986 1551 3041 282
1583 2987 1817 3051 additis,
1855 3003 2005 3043 sum-

2099 513 2374 581 objicilur,
2423 511 2579 580 quasi
2613 508 2764 563 nefas
2796 508 2865 560 sit
2895 507 2948 560 in
2983 507 3090 562 illis
3124 505 3334 560 Pascha
3367 521 3654 575 peragere,

2100 605 2236 658 nihil
2272 603 2338 658 ad
2380 619 2491 658 rem
2530 602 2785 672 pertinet.
2824 600 3034 654 Etenim
3068 599 3212 653 aliud
3246 607 3331 654 est
3360 599 3659 652 sollicitare

2095 695 2362 750 terminos
2388 693 2534 763 ipsos
2551 732 2565 756 ,
2592 701 2646 746 et
2673 691 2892 760 antiqua
2922 690 3148 743 statione
3173 689 3442 756 depellere
3467 707 3480 741 :
3512 689 3658 742 aliud

2100 788 2288 842 iisdem
2319 787 2584 840 haerentes
2615 784 2839 845 diebus,
2872 797 2980 835 uno
3006 782 3094 836 die
3119 781 3204 836 vel
3230 782 3397 835 biduo
3423 782 3659 851 amplius

2098 892 2391 932 numerare
2415 895 2428 932 :
2457 890 2688 946 quorum
2716 876 2866 944 prius
2895 873 3013 926 sine
3039 872 3256 942 publica
3281 871 3532 926 Ecclesiae
3557 887 3665 926 au—

2100 967 2354 1019 ctoritate
2387 979 2496 1019 non
2545 964 2780 1027 licebat;
2816 963 3088 1031 posterius
3128 960 3376 1014 eruditus
3421 961 3660 1030 quisque

2097 1072 2281 1112 rerum
2311 1057 2838 1118 astronomicarum,
2889 1062 3014 1106 ante
3054 1051 3437 1121 Gregorianam
3477 1068 3662 1105 emen-

2099 1149 2384 1204 dationem
2405 1189 2418 1213 ,
2453 1148 2703 1218 privatim
2734 1146 2874 1200 citra
2900 1144 3372 1214 reprehensionem
3402 1143 3654 1198 instituit.

2106 1240 2219 1295 Hoc
2251 1241 2394 1295 enim
2428 1239 2563 1294 nihil
2594 1245 2712 1294 erat
2743 1237 2887 1291 aliud
2908 1276 2924 1300 ,
2956 1250 3116 1305 quam
3151 1249 3181 1288 a
3215 1235 3530 1289 caelestibus
3562 1251 3660 1289 no-

2099 1332 2319 1386 viluniis
2353 1331 2494 1384 luna:
2521 1336 2732 1383 aetatem
2781 1339 3090 1390 arcessere,
3137 1339 3246 1377 non
3287 1339 3318 1376 a
3359 1323 3662 1377 neomeniis

2099 1419 2352 1474 civilibus
2373 1460 2387 1484 ,
2420 1433 2540 1490 qua:
2565 1415 2823 1480 paulatim
2856 1415 3202 1468 decoxerant.

2170 1506 2540 1573 Postremo;de
2571 1505 2867 1574 majoribus
2899 1517 2963 1556 ac
2976 1499 3303 1556 Victorianis
3329 1500 3519 1570 cyclis,
3539 1501 3662 1570 qui-

2101 1603 2200 1657 bus
2228 1599 2679 1669 undecuplatores
2697 1635 2711 1658 ,
2740 1596 2848 1648 imo
2873 1593 3044 1649 Graeci
3072 1608 3260 1647 omnes
3287 1593 3341 1645 in
3369 1591 3486 1647 suis
3511 1606 3659 1646 com-

2100 1694 2246 1765 putis
2288 1693 2376 1748 usi
2423 1699 2582 1754 sunt,
2616 1688 2896 1745 sciendum
2944 1694 3027 1742 est
3071 1685 3139 1739 ab
3169 1684 3376 1738 Adamo
3411 1684 3535 1739 illos
3579 1685 3661 1737 in-

2102 1789 2321 1857 cipere:
2355 1795 2415 1840 ut
2447 1800 2514 1840 ex
2545 1784 2694 1838 calce
2726 1781 2968 1849 computi
3001 1778 3218 1834 Maximi
3251 1779 3548 1848 colligitur.
3584 1776 3660 1833 lbi

2102 1881 2247 1936 enim
2277 1878 2416 1950 cycli
2441 1875 2692 1931 undecim
2717 1873 3055 1944 explicantur
3078 1872 3145 1926 ab
3171 1871 3318 1926 orbis
3344 1871 3500 1925 initio
3524 1887 3539 1935 ;
3567 1887 3658 1924 an-

2103 1973 2270 2042 nique
2305 1970 2362 2024 in
2405 1982 2544 2038 quos
2585 1966 2786 2037 singuli
2830 1963 3087 2019 desinunt
3133 1969 3413 2016 notantur.
3460 1959 3664 2014 llorum

2105 2063 2331 2117 ultimus
2383 2058 2665 2115 terminari
2714 2055 2914 2110 dicitur
2961 2056 3016 2109 in
3072 2067 3216 2108 anno
3265 2068 3398 2106 nlv
3451 2051 3661 2121 imperii

2104 2152 2485 2214 Constantini,
2537 2150 2630 2220 qui
2663 2156 2883 2220 putatur
2925 2145 3084 2201 5852.
3136 2144 3405 2200 Detractis
3445 2159 3510 2198 ex
3556 2158 3665 2197 me-

2106 2246 2273 2300 thodo
2324 2242 2552 2298 canonis
2606 2241 2642 2294 2
2693 2237 2889 2308 capitis
2937 2252 3071 2300 xm,
3113 2233 3236 2298 779,
3286 2233 3478 2302 reliqui
3533 2235 3666 2285 iiunt

2106 2337 2234 2394 anni
2275 2333 2484 2409 periodi
2529 2331 2758 2387 Julianze
2799 2329 2967 2393 5073,
3000 2327 3093 2398 qui
3136 2336 3222 2381 est
3249 2340 3421 2378 annus
3457 2322 3660 2376 Christi

2104 2428 2412 2486 communis
2465 2440 2653 2480 cccu.
2708 2423 2886 2489 Quare
2938 2435 3038 2491 pro
3093 2417 3491 2470 Κωνσταντίνου
3539 2416 3656 2483 lege

2105 2519 2515 2585 Κωνσταντίου;
2548 2515 2650 2570 fuit
2677 2516 2819 2571 enim
2863 2526 2991 2568 xxxv
3033 2507 3352 2564 Constantii.
3388 2505 3551 2577 lgitur
3594 2506 3654 2558 in

2105 2631 2214 2670 arra
2242 2610 2626 2675 Alexandrina,
2645 2606 2998 2662 duodecimus
3029 2603 3222 2674 cyclus
3247 2599 3506 2653 Victorini
3541 2597 3664 2651 iniit

2106 2722 2251 2762 anno
2283 2703 2486 2761 Christi
2520 2715 2728 2756 occur.
2761 2697 2878 2752 Jam
2911 2710 3036 2751 vero
3063 2691 3310 2748 deductis
3342 2689 3446 2744 795
3474 2688 3540 2743 de
3571 2703 3667 2741 an-

2107 2802 2194 2857 nis
2219 2799 2378 2864 5852,
2405 2804 2577 2853 restat
2599 2793 2738 2848 5057
2759 2790 2964 2861 periodi
2986 2787 3213 2842 Julianze
3239 2783 3330 2854 qui
3361 2790 3443 2837 est
3466 2779 3669 2835 Christi

2106 2891 2348 2960 vulgaris
2381 2901 2625 2950 cccxuv,
2656 2898 2766 2954 quo
2800 2882 2856 2934 in
2886 2887 3139 2948 computo
3170 2871 3668 2940 Constantinopoli-

2107 2991 2273 3044 tano,
2319 2987 2374 3035 ct
2419 2975 2904 3045 undecuplatorum
2951 2968 3272 3024 terminatus
3315 2973 3402 3019 est
3450 2961 3670 3016 undeci-

445 3090 642 3146 maque
679 3092 774 3147 per
812 3077 881 3132 ‘50
913 3078 1111 3147 partita
1133 3118 1147 3140 ,
1186 3077 1391 3132 residui
1429 3085 1558 3133 sunt
1595 3076 1712 3133 dies
1750 3078 1816 3131 14
1838 3119 1852 3143 ,
1900 3078 2001 3134 54'.
2035 3102 2083 3166 ο
2112 3089 2234 3128 mus
2252 3069 2517 3126 Victorini
2543 3067 2760 3138 cyclus;
2783 3071 2837 3119 et
2862 3060 3213 3116 duodecimus
3239 3070 3383 3160 anno
3411 3060 3670 3166 sequente

444 3166 608 3236 Atqui
639 3167 902 3222 terminus
932 3166 1207 3224 Paschalis
1229 3169 1382 3240 cyclo
1407 3183 1539 3222 xvm
1562 3168 1776 3224 nonnisi
1801 3168 2009 3224 decima

446 3266 644 3329 quarta
691 3267 1037 3329 computatur
1084 3260 1139 3313 in
1179 3260 1440 3315 laterculo
1478 3259 1724 3315 sinistro.
1776 3260 2010 3330 Apparet

446 3363 609 3420 ergo,
642 3351 891 3421 quamvis
930 3351 1162 3406 solidum
1197 3352 1339 3405 diem
1370 3366 1531 3422 quam
1567 3351 1812 3421 proxime
1849 3367 2007 3406 sexa-

451 3441 784 3513 gesimarum
835 3442 1080 3498 calculus
1128 3445 1386 3513 attingat,
1425 3445 1530 3500 nisi
1565 3445 1812 3500 eumdem
1859 3460 2008 3499 com-

448 3534 623 3604 pleat,
660 3533 714 3587 in
755 3548 1044 3590 numerum
1085 3535 1308 3591 minime
1342 3535 1636 3605 procedere
1657 3576 1672 3599 ,
1701 3535 1847 3606 quod
1877 3551 2009 3591 sane

447 3627 737 3684 ridiculum
769 3634 884 3693 est,
920 3633 978 3682 ut
1002 3635 1056 3682 et
1083 3626 1312 3682 Maximo
1340 3627 1572 3682 videtur.
1608 3623 1794 3697 Neque
1827 3635 2010 3681 tamen

449 3721 668 3792 gravior
704 3719 849 3784 inde,
884 3735 1047 3790 quam
1083 3719 1398 3776 stoliditatis
1432 3719 1752 3775 ascribenda
1787 3719 1894 3774 illis
1925 3726 2010 3774 est

449 3819 622 3870 nota:
657 3811 922 3883 siquidem
946 3813 1001 3868 in
1042 3811 1308 3870 Paschate
1336 3812 1470 3868 nihil
1497 3827 1529 3867 a
1562 3810 1861 3868 Catholicis
1893 3810 2008 3866 dis-

2115 3181 2316 3222 CCCXLV
2349 3162 2638 3219 inchoatus
2671 3164 2774 3214 est.
2811 3151 3169 3221 Quamobrem
3191 3189 3205 3214 ,
3238 3148 3282 3203 si
3313 3160 3489 3202 annos
3528 3143 3667 3198 solos

2116 3271 2350 3312 aararum
2386 3253 2699 3310 Graecarum
2734 3248 2993 3303 adhibeas
3020 3283 3035 3309 ,
3088 3242 3279 3297 iisdem
3330 3237 3490 3292 annis
3530 3235 3667 3290 desi-

2116 3357 2274 3413 nunt,
2307 3348 2560 3402 ineuntve
2589 3339 2912 3406 Wictoriani
2958 3335 3114 3407 cycli.
3159 3332 3255 3387 Sin
3291 3329 3357 3384 ad
3380 3342 3526 3383 anno
3553 3339 3668 3380 aera.

2117 3441 2320 3498 Christi
2363 3436 2666 3494 communis
2701 3431 2906 3488 referas
2929 3470 2945 3494 ,
2977 3428 3133 3482 annis
3180 3421 3416 3480 sedecim
3464 3417 3664 3472 tardius

2115 3537 2171 3590 in
2209 3529 2608 3594 Alexandrina,
2652 3539 2812 3595 quam
2847 3521 2901 3575 in
2931 3512 3526 3583 Constantinopolitana
3550 3507 3662 3560 fini-

2116 3629 2284 3678 untur
2309 3638 2323 3686 ;
2347 3615 2786 3691 quandoquidem
2825 3617 2904 3664 tot
2938 3607 3102 3675 annis
3131 3603 3303 3672 major
3341 3607 3425 3655 est
3463 3608 3660 3651 summa

2117 3717 2185 3771 ab
2218 3689 2424 3769 Adamo
2456 3710 2524 3766 ad
2555 3709 2768 3764 initium
2799 3718 2920 3758 aera:
2952 3698 3256 3755 communis
3287 3696 3343 3750 in
3375 3689 3659 3765 posteriore

2117 3815 2405 3878 computo,
2437 3819 2595 3875 quam
2629 3801 2682 3855 in
2715 3794 3096 3852 Alexandrino.

1813 4409 2304 4434 ..α-,Φουφ-
