1915 3135
117 101 150 128 17

115 157 180 186 ‘cum
193 161 316 190 caneris
334 162 446 190 Eusebii
471 161 539 198 Opp.
553 161 586 190 de
612 169 664 197 qua
686 150 780 188 ultima
802 159 867 188 edit.
896 169 921 186 ν.

116 205 238 234 Pontac.
265 206 361 235 HARL.

151 251 303 280 Caeterum
317 254 353 281 ob
369 254 518 289 praelaras
534 252 706 280 accessiones
722 257 802 287 atque
822 252 924 279 doctis-

115 295 205 325 simas
222 303 317 327 notas
334 299 559 334 frequentissime
570 298 596 324 in
612 298 738 325 manibus
755 297 924 325 eruditorum

116 348 250 372 versatur
266 347 360 374 editio
385 347 517 382 Scaligeri
539 346 588 382 (α),
619 347 703 373 altera
737 346 871 380 praecipue
893 353 924 372 ac

114 391 275 425 posthuma
285 393 552 421 Amstelodamensis
563 392 667 420 3.1658
679 391 724 419 fol.
737 400 796 427 qutc
809 393 924 419 Alexan-

114 437 156 463 dri
175 437 253 465 Mori
267 439 462 474 praefationem
473 443 500 466 et
517 439 647 474 Scaligeri
664 439 875 466 commentarios
891 438 924 464 ad

114 480 251 510 Latinam
269 483 438 519 Hieronymi
453 483 704 518 interpretationem
716 487 742 510 et
764 482 856 509 Grieca
876 482 924 508 Eu-

115 527 186 554 sebii
204 530 384 557 emendatos
398 533 424 557 et
455 529 532 557 tertia
563 533 641 564 parte
670 529 806 556 auctiores
831 527 922 562 (quam

113 574 196 609 prior
212 575 311 603 editio
320 575 405 611 Lugd.
416 575 474 602 Bat.
491 575 573 607 1606,
587 574 646 607 fol.,
659 574 781 607 exhibet,
797 579 823 602 et
839 574 924 601 libros

113 625 174 648 tres
198 620 414 657 Isagogicorum
443 621 615 656 cltronologiaz
645 628 774 647 canonum
801 620 922 654 ejusdem

115 664 262 701 Scaligeri
294 668 458 702 snbjunctos
487 666 591 702 habet).
608 663 737 693 Chronico
770 665 924 693 Eusebiano

112 712 254 746 ‘subjecta
269 717 340 740 sunt
356 712 522 748 Hieronymi,
537 712 570 739 de
584 719 638 746 quo
660 711 726 743 dixi,
752 711 924 745 supplemen—

115 762 176 784 tum
192 763 222 784 et
240 757 378 793 Prosperi
397 757 505 785 Tironis
520 757 557 793 (ὁ)
570 757 603 784 ab
623 757 656 783 Α.
669 756 701 783 C.
721 756 784 788 579,
808 756 852 783 ubi
873 756 922 783 de-

117 804 165 830 siit
177 802 386 839 Hieronymus,
404 803 437 830 ad
451 811 477 830 a.
498 802 562 836 Ml,
586 802 704 829 Victoris
728 801 922 829 Tunnunensis

118 849 283 877 Chronicon
296 851 332 877 ab
346 857 372 876 a.
390 849 444 877 “5
454 849 486 876 ad
499 856 524 875 a.
543 848 605 880 565,
628 848 741 876 Joannis
753 849 861 876 abbatis
879 848 922 875 Bi-

117 897 279 924 clariensis
296 897 332 923 ab
348 904 373 923 a.
390 896 443 923 565
460 904 545 931 usque
561 896 594 922 ad
611 904 712 922 annum
742 895 861 923 Ma-uritii
877 904 921 922 oc-

118 945 238 973 tavum,
256 941 331 968 A.C.
346 941 415 974 593;
442 939 521 968 Idatii
545 941 579 967 ab
602 939 634 966 A.
653 940 685 967 C.
706 939 767 971 579,
793 939 923 967 ubi'Hie-

120 996 268 1024 ronymus
281 987 382 1015 desinit
395 987 427 1014 ad
448 987 515 1019 £28;
538 986 685 1013 Marcellini
701 985 808 1012 comitis
837 986 870 1012 ab
890 985 921 1012 A.

120 1034 157 1060 C.
175 1034 248 1064 579,
264 1034 299 1061 ad
314 1041 339 1061 a.
358 1032 420 1064 554,
433 1035 459 1059 ct
471 1032 569 1059 veteris
587 1031 730 1065 scriptoris
756 1030 812 1057 sive
841 1031 924 1057 inter-

121 1080 217 1115 pretis
235 1079 336 1107 incerti
352 1083 481 1113 excerpta
493 1078 589 1105 Latina
601 1077 792 1111 chronologica
807 1085 839 1105 ex
852 1077 924 1104 Afri-

121 1125 212 1158 LGo'.
235 1126 354 1154 Eusebio
363 1130 390 1152 et
404 1125 476 1157 aliis,
489 1125 597 1159 vulgata
608 1123 724 1151 ecodice
739 1124 804 1151 bibl.
823 1124 923 1150 Putea-

123 1182 180 1202 ωε.
212 1174 282 1201 Post
295 1173 352 1200 haec
367 1175 519 1207 sequuntur
537 1171 638 1201 Grmce,
669 1178 728 1205 quae
740 1168 859 1203 Scaliger
868 1168 922 1195 vel-

126 1227 158 1247 nt
180 1221 343 1248 Eusebiana
357 1219 467 1254 collegit
484 1227 515 1246 ac
526 1218 653 1254 digessit:
664 1217 796 1252 Anonymi
810 1217 923 1242 Ἐπιτο-

124 1267 168 1302 μὴ
181 1268 308 1302 χρόνων
325 1267 360 1302 (ι’)
391 1265 524 1302 (Chronici
539 1265 614 1292 Alex.
626 1264 666 1291 vel
679 1263 823 1290 Fastorum
844 1262 922 1290 Sicu-

128 1315 182 1343 lor.
200 1316 317 1342 nomine
331 1314 411 1350 vulgo
427 1314 522 1346 venit),
541 1312 575 1339 ab
589 1312 691 1339 Adamo
703 1311 734 1338 ad
753 1319 853 1339 annum
870 1311 921 1339 Ile-

128 1361 211 1388 raclii
232 1361 406 1392 vicesimum,
423 1360 453 1386 A.
470 1358 500 1386 C.
516 1358 579 1390 6'29,
593 1366 626 1385 ex
640 1357 734 1385 codice
755 1357 790 1385 Is.
817 1358 922 1385 Casau-

130 1407 213 1439 boni',
226 1405 388 1441 Nicephori,
405 1405 578 1440 patriarcha,
616 1404 824 1439 χρονογραφὶα.
843 1404 922 1431 Deni-

129 1460 185 1488 que
214 1452 343 1487 sequitur
363 1451 486 1486 ἱστοριῶν
516 1451 659 1485 συναγωγή
686 1454 712 1477 et
736 1450 921 1484 Ὀλυμπιάδων

132 1499 297 1535 ἀναγραφή,
314 1506 369 1525 non
386 1497 484 1525 veteris
499 1497 652 1531 scriptoris,
665 1496 722 1529 sed,
739 1501 768 1523 ut
783 1501 856 1524 recte
879 1497 920 1524 vi-

171 1574 213 1609 (a)
234 1573 404 1601 Recensetur
417 1581 431 1600 a
448 1572 651 1609 Labbeortole
666 1572 704 1609 De
714 1573 804 1606 script.
819 1573 922 1609 ecrlgs.,

134 1618 199 1646 pag.
217 1608 441 1646 502,_et_Thom;
454 1609 543 1646 Ittigio
555 1608 601 1646 lib.
621 1608 666 1646 De_
682 1608 842 1646 bibliothecis
867 1608 922 1646 Pa-

135 1643 220 1675 trum.
241 1653 267 1679 p.
282 1644 335 1671 745
347 1652 404 1678 seq.
423 1643 776 1679 EmendatiouesiSalmasii
795 1651 826 1669 ex
843 1644 921 1670 codd.

135 1678 270 1707 Palatinis
287 1688 311 1706 tv
327 1687 388 1706 cuin
418 1678 502 1705 Conr.
531 1678 604 1706 Sam.
641 1678 870 1705 Schurlzlleischii
891 1679 924 1705 ad

136 1715 250 1742 Eusebii
277 1715 375 1742 Chron.
405 1714 641 1741 observationibus
673 1713 756 1740 edidit
780 1713 863 1740 frater
888 1713 923 1740 D.

138 1751 226 1779 Henr.
243 1749 422 1777 Leonhardus
449 1748 714 1779 Schurtzlleischius,
732 1748 829 1775 Wileb.
846 1749 923 1780 1712,

137 1787 155 1813 4
175 1785 438 1822 [εά.](ροῃ·ρςιίοι·
449 1788 597 1822 et_aceess._
617 1784 797 1822 supplementi
820 1784 926 1822 auctior

138 1818 208 1849 lena:
225 1820 303 1853 1715,
321 1820 349 1856 lt]
365 1821 392 1846 in
408 1819 501 1856 notitia
513 1819 671 1856 principalis
688 1819 858 1856 bibliotheca:
878 1818 924 1845 Vi—

139 1856 288 1887 nariensis,
303 1857 330 1883 in
343 1853 425 1890 quam
440 1853 522 1881 editio
547 1854 633 1888 Lugd.
651 1853 706 1880 Bat.
739 1854 818 1890 1609,
839 1861 924 1890 manu

139 1891 268 1919 Salmasii
285 1889 388 1922 notaia,
401 1891 524 1924 pervenit
544 1897 577 1916 ex
596 1889 758 1916 bibliotheca
786 1889 920 1916 Gudiana.

141 1928 214 1954 Inter
227 1927 335 1953 codices
344 1925 472 1953 ls.Vossii
486 1932 546 1951 cum
560 1933 626 1951 mss.
636 1925 749 1951 collatos
758 1924 925 1951 Colomesius

141 1971 170 1989 η.
192 1962 203 1988 1
221 1965 354 1989 memorat
368 1961 514 1988 Chroniron
525 1959 708 1986 Eusebianum
721 1959 848 1986 editionis
860 1959 925 1985 Sca-

141 1996 366 2032 ligeriattmquod
377 2003 437 2023 cum
447 2003 510 2022 mss.
521 1994 802 2032 commisitcorﬁnelius
812 1993 924 2032 Tollius.

141 2029 262 2059 Boclrelli
275 2029 422 2059 observan.
431 2039 498 2057 mss.
508 2030 652 2057 ehronicas
664 2030 696 2056 ad
707 2029 852 2057 Eusebium
866 2031 926 2056 lau-

141 2067 188 2094 dat
196 2067 382 2101 Berneggerus
392 2067 424 2093 ad
439 2065 538 2092 Justini
548 2065 607 2091 libr.
618 2073 762 2101 nuncap.
772 2065 796 2091 6.
808 2064 927 2101 lissi}.—

142 2103 222 2130 Prior
231 2100 322 2137 operis
333 2100 607 2137 Scaligerianieditio
622 2100 767 2137 inscripta
781 2103 848 2137 est;
858 2100 926 2127 Tlte-

142 2147 239 2164 saurus
251 2134 420 2171 temporum.—
438 2135 545 2162 Eusebii
554 2134 686 2171 Pamphili
700 2149 731 2171 έ
743 2135 924 2162 chronicorum

143 2181 273 2200 canonum
289 2170 446 2200 omnimodw
464 2170 581 2197 historirc
606 2170 666 2196 libri
698 2170 761 2200 duo,
790 2171 927 2204 interprete

145 2208 316 2243 Hieronymo.
333 2215 365 2234 ex
375 2207 426 2241 ﬁde
441 2206 677 2243 vetustissimorum
690 2205 807 2243 codicum
818 2206 928 2243 castiga-

145 2245 173 2271 ti.
189 2240 259 2270 Item
272 2240 390 2270 auctores
408 2250 495 2269 omnes
510 2240 634 2267 derelicta
651 2240 683 2266 ab
695 2240 806 2267 Eusebio
817 2245 840 2266 et
864 2240 928 2267 llic-

143 2287 253 2314 ronymo
266 2279 458 2305 continuantes.
477 2276 599 2314 Ejusdem
614 2275 927 2314 Euseltiiutriusquepar-

143 2315 176 2341 tis
191 2310 375 2340 Ehronieorum
392 2310 521 2339 canonum
544 2311 660 2344 reliquiw
677 2310 785 2342 ercw,
799 2319 856 2345 qua:
871 2311 926 2336 col-

144 2350 352 2384 ligipotuerunt,
371 2348 544 2384 ante/tacrnon
564 2346 657 2384 fama.
684 2345 925 2384 Operauac-stutlio

142 2381 329 2419 Josepltilusti
359 2383 497 2419 Scaligeri.
514 2398 548 2402 —
562 2381 684 2419 Ejusdem
710 2381 837 2419 Scaligeti
858 2385 925 2407 non

142 2425 165 2447 et
181 2416 406 2455 castigationeswin
423 2416 546 2455 Latinam
562 2417 715 2455 Hieronymi
732 2416 925 2455 interpretatio:

144 2463 201 2482 nem
217 2451 349 2482 et'erca
362 2453 480 2480 Eusebii.
508 2452 633 2486 Ejusdem
662 2451 768 2485 Josephi
797 2451 925 2486 Scaligen‘

145 2490 341 2525 Isagogicorum
356 2488 531 2525 cltronologiat
559 2495 688 2525 canonum
712 2487 778 2525 libri.
799 2492 865 2525 tres,
888 2487 922 2512 ad

146 2521 251 2553 Euseb—ii
265 2525 396 2553 Chronica
407 2529 430 2550 et
447 2521 594 2549 doctrinam
606 2522 637 2549 de
660 2521 815 2556 temporibus
832 2522 924 2549 admo—

145 2562 204 2588 dum
234 2560 385 2587 necessarii.
413 2558 496 2593 Lugd.
526 2558 589 2584 Bal.
613 2565 669 2584 exc.
697 2557 787 2593 Thom.
809 2557 921 2585 Bosson.

145 2601 238 2630 sumpt.
255 2595 443 2623 Commelinor.
454 2592 536 2630 ⁷16116Υ
553 2593 598 2627 fol.
616 2593 689 2630 llanc
698 2592 741 2619 ed.
753 2593 855 2630 thinus
871 2593 923 2619 fre-
945 2615 954 2622 ,

145 2627 398 2666 ςυυίιιεηιύὺθήυς
414 2629 593 2666 recensuitet
604 2629 685 2666 vitam
705 2627 922 2666 set-ipta_que_eo-

146 2663 202 2693 rum
216 2674 333 2701 quorum
354 2665 415 2701 libri
428 2665 453 2691 in
467 2664 680 2701 haccollectione
691 2663 923 2697 cmuprehendun-

145 2706 195 2733 tur,
212 2698 335 2737 exceptis
350 2700 565 2737 Eusebioatque
576 2698 922 2737 Ilieronyino,_persecutus

145 2737 233 2765 estJo.
259 2733 404 2764 Fabricius
423 2736 450 2762 in
463 2734 583 2760 Historia
597 2733 659 2760 bibl.
677 2733 796 2764 Fabric.,
813 2737 866 2760 tom
888 2733 920 2765 Il,

145 2780 169 2806 ρ.
187 2773 238 2800 575
255 2781 317 2809 Sqq.
343 2771 429 2809 ltlem_
443 2769 572 2809 quasdam
598 2768 863 2809 paptitttpottringii,
888 2769 921 2809 ad

145 2803 220 2842 quem
234 2803 443 2842 olim-pertinuit
453 2803 817 2842 exemplum.Fabricianum
834 2807 860 2830 et
874 2804 920 2838 qui

143 2838 243 2879 passim
255 2838 348 2878 aliqua
364 2840 537 2876 ascripserat,
554 2838 652 2875 partim
673 2846 737 2867 suas
754 2839 921 2871 aliorumque

878 103 1028 132 NOTITIA.

1729 102 1762 130 18

939 164 960 191 Α
976 170 998 197 ri
1014 169 1086 197 docti
1101 173 1240 201 notarunt,
1259 169 1343 204 ipsius
1356 169 1498 204 Scaligcri,
1511 169 1556 203 qui
1568 168 1639 195 illam
1651 176 1684 195 ex
1697 169 1762 196 scri~

976 216 1100 250 ptoribus
1115 215 1194 242 editis
1211 219 1237 242 et
1251 215 1360 242 ineditis
1376 215 1484 249 collegit
1498 222 1530 242 ac
1546 214 1670 249 digessit,
1681 214 1761 241 etiam

976 261 1090 293 Latinis,
1108 268 1224 296 quorum
1236 261 1295 292 loca
1311 260 1403 288 Grmce
1415 260 1589 288 transtulitet
1603 260 1678 288 hisce
1705 261 1762 287 col-

976 307 1106 334 leclaucis
1119 306 1244 333 inseruit.
1263 305 1345 333 FAHR.

1011 347 1161 380 Vallarsius
1177 352 1254 381 novis
1266 353 1339 380 curis
1349 353 1514 380 recensitum
1531 353 1642 387 suisque
1656 355 1683 379 et
1693 352 1759 378 alio—

976 407 1035 425 rum
1051 398 1288 426 observationibus
1303 398 1465 425 illustratum
1483 397 1631 425 Chronicon
1643 396 1760 428 Eusebii,

975 448 1040 475 etc.,
1053 445 1161 479 repetiit
1178 444 1205 470 in
1219 451 1269 471 sua
1287 443 1316 470 D.
1330 443 1483 478 Hieronymi
1499 443 1616 478 Operum
1631 443 1760 474 editione,

975 495 1047 517 tomo
1059 490 1126 522 VIII,
1143 489 1255 526 Veronte
1270 489 1349 519 1710,
1362 489 1407 517 fol.
1422 489 1492 524 (qua:
1503 489 1586 516 editio
1599 497 1695 516 recusa
1707 493 1758 521 est,

974 537 1048 563 curis
1063 535 1189 563 Vallarsii
1205 535 1406 570 posterioribus
1421 539 1512 566 aut-ta,
1531 534 1626 562 Venet.
1645 533 1714 562 l766
1725 549 1759 554 —

976 582 1056 613 i782,
1074 583 1090 609 4
1106 582 1154 617 nt.)

1012 628 1117 655 Eusebii
1134 628 1283 656 Chronicon
1296 627 1390 653 Latine
1403 635 1419 653 a
1436 626 1468 653 D.
1493 626 1651 661 Hieronymo
1672 626 1759 653 reddi-

975 680 1028 702 tum
1041 680 1066 701 et
1078 674 1112 701 ad
1119 683 1166 701 suo
1174 683 1253 708 usque
1265 679 1379 708 tempero
1390 673 1554 707 perductum,
1567 673 1670 707 adjecta
1680 674 1758 699 etiam

974 720 1168 746 continuatione
1184 718 1310 752 Prospcri
1324 718 1461 752 Aquitani.
1480 717 1558 744 Nunc
1566 718 1679 751 primum
1705 718 1759 744 rol-

973 765 1079 792 lectioni
1093 764 1292 799 Hieronymian.
1310 763 1425 797 Operum
1439 763 1612 794 adccnsitum,
1642 763 1759 797 genuinis

974 811 1073 838 Cru’cis
1085 811 1239 845 fragmentis
1251 817 1283 836 ea:
1299 809 1409 844 Georgio
1416 808 1549 843 Sgncello,
1561 808 1689 836 Chronico
1700 816 1760 842 pas-

974 858 1054 886 chali.
1068 857 1195 888 Cedreno,
1212 856 1323 890 aliisque
1342 855 1493 882 auctoribus
1511 855 1649 888 restitutis,
1661 861 1686 882 et
1702 859 1760 886 post

974 903 1085 930 .lrnoltli
1102 902 1224 934 Pontaci,
1240 901 1348 935 Iosephi
1361 901 1501 937 Scaligeri,
1521 906 1546 929 et
1563 901 1604 930 Cl.
1622 901 1759 933 Salmasii.

974 954 1051 984 atque
1063 949 1176 976 aliorum
1192 948 1353 975 recensiones
1363 952 1387 974 et
1395 956 1483 977 curas.
1498 947 1582 974 denuo
1597 947 1631 974 ad
1643 956 1706 976 mss.
1715 956 1760 975 co-

973 995 1043 1022 dices
1059 995 1229 1030 castigalum,
1242 994 1359 1028 notisque
1370 993 1587 1020 luculentioribus
1600 994 1760 1020 continente:

974 1041 1148 1073 illustratum,
1165 1049 1244 1075 opera
1268 1044 1292 1067 et
1311 1039 1398 1066 studio
1414 1039 1546 1067 Dominici
1567 1040 1694 1067 Vallarsii
1707 1041 1760 1075 (to-

974 1095 1018 1114 mo
1033 1086 1055 1113 Il
1089 1086 1193 1114 addidit
1216 1086 1338 1120 integros
1360 1085 1472 1112 Pontaci
1504 1086 1708 1117 Comment.,et
1732 1086 1759 1113 in

973 1132 1095 1168 Prolegg.
1111 1137 1177 1159 tom.
1197 1131 1206 1158 l
1221 1132 1255 1159 de
1265 1131 1327 1159 edd.
1344 1131 1488 1166 diligenter
1500 1131 1652 1167 disseruit).

1008 1178 1057 1205 llic
1069 1184 1096 1206 et
1109 1178 1135 1205 in
1153 1177 1257 1213 przefat.
1280 1182 1308 1204 et
1326 1177 1354 1204 in
1372 1177 1444 1204 notis
1468 1185 1540 1212 saepe
1557 1181 1651 1204 contra
1671 1176 1760 1204 Scali-

973 1231 1066 1258 gerum
1081 1221 1212 1257 disputat.
1227 1222 1260 1249 At
1272 1229 1427 1257 quanquam
1442 1223 1570 1257 prteclare
1583 1223 1615 1250 de
1628 1222 1759 1250 Eusebio-

973 1268 1184 1304 Hieronymiano
1199 1268 1344 1300 Chronico,
1368 1272 1469 1300 tamen,
1488 1268 1561 1303 quod
1576 1269 1603 1295 in
1620 1269 1667 1295 tali
1679 1276 1759 1304 opere

972 1315 1135 1350 negotioque
1149 1322 1199 1341 nec
1211 1314 1364 1341 mirandum
1384 1317 1437 1346 est,
1456 1322 1506 1341 nec
1517 1313 1693 1348 culpandum,
1704 1322 1759 1341 non

973 1362 1062 1388 omnia
1078 1360 1199 1396 perfecit.
1219 1359 1289 1387 Hinc
1307 1360 1488 1396 Ilieronymus
1502 1360 1534 1387 de
1545 1360 1638 1393 Prato,
1650 1360 1697 1388 lib.
1710 1361 1758 1388 cit.

973 1406 1108 1441 lnguae,
1122 1405 1196 1433 dedit
1222 1405 1332 1433 Eusebii
1355 1405 1449 1433 Graeca
1462 1405 1584 1441 quaedam
1607 1405 1759 1442 fragmenta

973 1461 1005 1480 ex
1019 1452 1079 1487 ejus
1094 1452 1132 1478 De
1146 1451 1305 1486 temporibus
1321 1452 1391 1479 libro
1408 1452 1496 1486 primo
1512 1452 1651 1487 (excerpta
1667 1453 1731 1480 olim
1744 1461 1758 1479 a

934 1505 955 1533 α
971 1498 1086 1534 Georgio
1103 1498 1248 1533 Syncello),
1267 1506 1332 1525 noua
1343 1498 1566 1532 interpretatione,
1580 1498 1649 1524 notis
1663 1503 1688 1524 et
1703 1499 1751 1525 ob-

941 833 959 859 Β

975 1576 1181 1604 observationes
1193 1575 1320 1605 reddidit.
1329 1576 1430 1604 Praeter
1437 1584 1467 1603 ea
1476 1576 1676 1610 animadvertit,
1688 1583 1757 1610 opus

975 1612 1084 1646 quidem
1103 1619 1118 1638 a
1127 1611 1220 1638 multis
1231 1610 1287 1646 νγ.
1299 1613 1351 1639 DD.
1364 1613 1438 1638 recte
1449 1618 1510 1638 esse
1523 1610 1661 1646 laudatum
1675 1619 1681 1643 ;
1700 1610 1757 1638 ltu-

976 1645 1081 1682 pertum
1096 1650 1187 1682 tamen
1203 1646 1230 1672 in
1247 1645 1322 1682 Obss.
1339 1647 1366 1682 in
1387 1653 1491 1682 synops.
1520 1646 1615 1672 minor.
1639 1645 1756 1677 Besoldi,

975 1679 1000 1717 ᾖ).
1018 1681 1081 1712 578.
1103 1681 1259 1717 adnotasse,
1289 1679 1456 1717 Scaligerutn
1483 1681 1510 1717 in
1536 1685 1686 1717 senectute,
1701 1689 1758 1707 mc-

976 1715 1060 1743 inoria
1071 1724 1120 1743 sua
1136 1716 1244 1748 fretum,
1266 1724 1318 1742 non
1334 1716 1467 1743 consultis
1482 1716 1587 1744 diutius
1606 1715 1694 1746 libris,
1716 1724 1758 1741 ra-

976 1752 1047 1778 lamo
1063 1759 1140 1778 usum
1157 1758 1227 1781 esse,
1245 1757 1325 1785 atque
1336 1751 1375 1777 sic
1391 1751 1471 1777 etiam
1487 1751 1513 1777 in
1525 1758 1607 1785 opere
1628 1750 1758 1778 Eusebia—

976 1795 1011 1813 no
1028 1787 1127 1813 multas
1141 1786 1312 1813 commisisse
1324 1786 1558 1813 hallucinationes.
1571 1785 1655 1812 Multo
1667 1786 1757 1813 acrius

974 1822 1107 1856 judicavit
1121 1821 1301 1856 Hieronymus
1318 1820 1351 1848 de
1367 1820 1448 1847 Prato
1469 1821 1495 1847 in
1510 1820 1580 1847 Diss.
1597 1821 1628 1847 de
1645 1820 1757 1848 Chroni-

976 1858 1013 1883 eis
1029 1857 1116 1888 libris,
1138 1864 1219 1891 supra
1233 1860 1390 1887 memorata,
1407 1863 1434 1890 p.
1448 1856 1511 1886 559,
1530 1856 1562 1882 de
1574 1856 1625 1883 hoc
1636 1863 1717 1889 opere
1728 1862 1757 1882 et

974 1892 1106 1925 jactantia
1123 1890 1265 1926 Scaligeri,
1290 1898 1370 1925 quem
1400 1891 1558 1925 pronuntiat
1584 1891 1702 1925 pessime
1724 1892 1757 1918 de

977 1927 1093 1954 Eusebio
1122 1935 1183 1954 esse
1210 1926 1347 1958 meritum,
1377 1927 1454 1960 eique
1476 1926 1576 1953 multos
1602 1926 1704 1954 alienos
1730 1931 1757 1953 ct

976 1962 1144 1989 adulterinos
1155 1962 1331 1996 supposuisse
1359 1960 1438 1988 fctus.
1456 1960 1576 1995 Longam
1600 1965 1627 1987 et
1648 1969 1756 1995 gravent

977 2004 1119 2024 censuram
1136 1996 1271 2030 excerpsit
1282 1996 1404 2023 Clément
1421 1997 1435 2023 Ι.
1450 2004 1474 2023 c.
1490 2004 1551 2031 pag.
1566 1996 1618 2023 180
1650 2003 1691 2030 sq.
1711 1996 1756 2023 ubi

977 2040 991 2058 a
1007 2040 1065 2067 pag.
1080 2031 1130 2058 176
1145 2036 1171 2059 et
1183 2032 1300 2066 priorem
1320 2036 1346 2058 et
1359 2031 1644 2067 posterioretttroperis
1670 2031 1757 2058 Scali—

995 2066 1077 2094 eriani
1092 2067 1155 2094 edit.
1169 2067 1280 2100 copiose
1295 2067 1441 2096 recensuit.
1457 2066 1615 2100 notavitque
1636 2074 1757 2100 errorem

993 2110 1019 2128 o.
1037 2101 1119 2129 Henr.
1135 2097 1297 2136 Hottingeri,
1310 2102 1355 2135 qui
1373 2102 1400 2128 in
1420 2097 1625 2128 Bibliot/wcario
1650 2097 1758 2136 quadri—

978 2138 1085 2172 partito,
1102 2145 1128 2172 p.
1144 2137 1206 2170 515,
1223 2136 1346 2163 confudit
1361 2136 1489 2172 Scaligeri
1504 2145 1572 2171 opus
1587 2137 1623 2163 De
1637 2137 1757 2164 eruenda-

981 2173 1048 2199 tiono
1063 2178 1205 2207 temporum
1221 2172 1318 2201 (Paris.
1336 2172 1413 2204 I585,
1426 2172 1516 2199 Leid-.e
1534 2172 1612 2203 l598,
1626 2176 1652 2198 et
1665 2180 1697 2199 ex
1713 2180 1757 2198 au-

943 2196 965 2224 Ῑ)
979 2208 1061 2234 ctoris
1085 2196 1171 2242 ipsius
1197 2196 1269 2236 misto
1293 2196 1467 2242 emendatius
1490 2196 1640 2242 magnaqite
1668 2215 1758 2234 acces-

978 2243 1055 2269 sione
1069 2241 1186 2273 auctius,
1203 2246 1268 2271 etc..
1284 2241 1403 2269 Coloniae
1428 2241 1566 2277 Allobroig.
1595 2241 1675 2274 1629,
1697 2242 1756 2277 fol.)

977 2285 1038 2304 cum
1054 2277 1174 2312 ejusdem
1192 2276 1324 2304 Thesauro
1337 2282 1492 2311 temporum,
1508 2276 1587 2312 cujus
1602 2278 1686 2304 altera
1697 2277 1757 2304 edi-

977 2313 1015 2339 tio
1032 2317 1074 2340 est
1101 2312 1233 2346 inscripta
1253 2322 1258 2339 :
1276 2312 1424 2340 Thesaurus
1453 2312 1757 2346 temporum.—Editio

976 2348 1070 2379 altera,
1083 2349 1109 2374 in
1124 2355 1174 2382 qua
1190 2347 1304 2381 ejusdem
1319 2347 1425 2382 Iosephi
1449 2347 1578 2383 Scaligeri
1609 2350 1689 2374 tertia
1704 2349 1758 2382 fere

975 2388 1050 2417 parte
1064 2384 1193 2410 auctiores
1208 2388 1275 2409 notio
1286 2388 1309 2409 et
1325 2383 1509 2417 castigationes
1522 2385 1546 2410 in
1560 2383 1684 2410 Latinam
1694 2383 1753 2409 Ilie-

976 2420 1077 2454 ronymi
1096 2419 1344 2452 interpretationem,
1362 2423 1386 2445 et
1404 2418 1496 2445 erca
1522 2418 1640 2450 Eusebii,
1665 2426 1750 2452 supre-

976 2462 1018 2479 ma
1031 2455 1144 2480 auctoris
1157 2461 1220 2479 cura
1234 2454 1386 2486 entemlata’,
1402 2459 1453 2481 etc.
1464 2454 1609 2481 Antstelod.
1620 2463 1663 2488 ap.
1675 2454 1755 2480 Joan.

974 2488 1145 2516 Janssonium
1164 2489 1243 2519 1658,
1274 2489 1320 2523 fol.
1343 2489 1474 2520 Clement,
1498 2498 1524 2524 p.
1549 2490 1609 2522 179,
1635 2493 1699 2516 nota
1725 2497 1755 2515 ex

974 2524 1050 2560 Alex.
1069 2524 1135 2551 Mori
1148 2524 1251 2558 prro-fat.
1267 2524 1400 2560 quiedam,
1413 2533 1473 2560 quae
1494 2525 1526 2552 ad
1549 2525 1690 2560 historiam
1707 2524 1758 2550 htt-

971 2559 1017 2594 jus
1029 2559 1305 2594 editionisﬁauctioris
1317 2559 1465 2594 pertinent,
1479 2560 1615 2586 delibavit.
1633 2559 1720 2587 "ARL.

1010 2594 1046 2628 (lt)
1060 2595 1138 2621 Conf.
1157 2593 1271 2622 Vallars.
1291 2593 1365 2625 1.70.,
1376 2602 1402 2628 p.
1416 2603 1499 2621 xxml
1515 2603 1587 2629 sqq.,
1602 2597 1629 2621 et
1642 2594 1754 2621 Pontaci

973 2630 1116 2664 Apparat.,
1140 2638 1165 2663 p.
1187 2629 1220 2656 l9.
1242 2637 1303 2665 sqq.
1317 2630 1402 2656 “ARL.

1009 2666 1041 2700 (c)
1056 2665 1115 2691 Alia
1131 2665 1238 2692 brevior
1246 2665 1383 2699 Ἐπιτομὴ
1401 2665 1517 2699 χρόνων
1536 2665 1570 2691 ab
1589 2664 1698 2700 'Adamp
1713 2672 1755 2690 us-

973 2698 1024 2735 que
1033 2698 1073 2727 ad
1084 2700 1208 2727 Alexium
1220 2698 1405 2731 Contnenum,
1413 2698 1495 2734 quam
1508 2699 1540 2726 ad
1550 2700 1650 2725 calcem
1670 2698 1756 2726 Zona-

973 2743 1009 2762 rae
1019 2736 1103 2763 edidit
1119 2735 1247 2769 Cangius,
1267 2741 1293 2762 et
1308 2736 1335 2761 in
1357 2735 1435 2769 cujus
1462 2735 1540 2761 titulo
1559 2735 1672 2769 legitur:
1688 2735 1756 2761 Ταῦ-

972 2772 996 2797 τ’
1007 2770 1117 2805 ἱστορεῖ
1130 2773 1146 2797 ὁ
1160 2771 1337 2804 Καισαριεὺς
1357 2771 1511 2803 Ἐιυσεϐιος
1522 2772 1538 2796 ὀ
1552 2770 1707 2804 Παμφίλου
1720 2771 1762 2799 ἐν-

973 2805 1011 2839 τῷ
1022 2807 1114 2842 λόγῳ,
1128 2807 1160 2838 ὃς
1172 2805 1285 2839 ἐκλήθη
1298 2805 1470 2838 βασελικός.
