1915 3135
169 137 200 164 19
659 131 828 160 EUSEBIUS
851 128 1091 158 CAESARIENSIS
1117 128 1314 168 EPISCQPUS.
1755 129 1792 156 20

166 202 275 226 servatt.
295 197 442 229 illastrata,
457 201 482 224 et
496 204 527 223 ea:
545 199 619 231 parte
636 202 704 221 nunc
719 193 834 228 primum
851 190 954 218 auctori
968 192 991 220 Α
1005 197 1059 224 quo
1075 188 1174 217 Suidas
1186 209 1193 220 ,
1220 188 1355 224 praecipue
1382 195 1397 214 a
1428 185 1568 222 Scaligero
1586 186 1632 222 (ab
1648 186 1709 214 aliis
1728 194 1794 214 vero

167 252 213 270 suo
227 243 371 271 vindicata.
389 258 422 263 ——
444 243 523 270 Bern.
542 239 716 268 Montfaucon
732 239 760 266 in
775 237 844 265 Bibl.
859 236 953 263 biblio-

167 289 265 316 thecar.
278 297 355 321 mss.,
368 288 422 316 vol.
436 287 456 319 l,
472 295 499 322 p.
519 285 647 316 146-155.
664 285 755 312 varias
769 283 844 310 dedit
860 281 953 309 lectio-

167 343 216 363 nes
229 335 263 362 ad
275 334 421 362 Chronican
436 333 552 366 Eusebii,
567 333 596 359 S.
611 331 776 366 Hieronymo
789 329 934 363 interprete
944 348 952 361 ,

165 390 198 408 ex
214 385 331 417 quatuor
343 388 410 408 mss.
430 380 496 408 bibl.
507 379 657 411 Vaticana.
671 377 773 405 notatis
787 376 837 403 241
850 395 857 408 ,
880 374 933 402 212
943 395 951 407 ,

165 428 228 460 2‘5,
240 428 286 462 qui
302 431 366 455 sunt
377 434 426 453 xlii
440 430 467 453 et
479 433 524 452 xlv
539 425 643 456 szeculi.
657 430 683 452 et
694 423 786 451 collati
801 429 863 449 cum
885 420 950 448 edit.

166 473 295 509 Scaligeri
315 473 441 508 Lugduni
465 471 559 500 Batav.
581 479 597 499 a
611 471 726 498 Claudio
752 468 930 504 Stephanotio
943 487 951 500 ,

163 519 381 554 congregationis
394 518 422 546 S.
439 518 526 545 Mauri
539 520 718 553 procuratore
733 515 863 551 generali.
879 514 949 542 Con-

163 569 205 592 tra
217 564 346 601 Scaliger.
362 570 389 593 et
402 564 502 592 Baron.
528 564 617 591 locum
642 563 675 590 de
690 561 777 589 Pilato
793 564 821 589 et
836 560 952 589 Caesaris

163 611 327 647 imaginibus
356 612 467 640 uberius
498 611 616 639 illustrat
642 609 770 636 Lambec.
791 607 893 635 Comm.
920 606 952 634 de

163 658 226 685 bibl.
249 658 331 693 Cas,
346 662 413 688 tom.
429 658 497 692 V'lll,
513 666 540 694 p.
568 659 603 685 57
619 666 680 693 sqq.
696 677 703 690 ,
728 660 754 684 et
770 665 796 692 p.
811 656 863 683 597
889 663 950 691 sqq.

160 705 252 733 locum
275 706 310 733 de
335 705 430 734 Maria.
450 705 572 740 Denique
600 703 778 732 memoranda
801 706 843 730 est
867 702 951 730 editio

161 751 244 787 hujus
256 751 398 779 sententiae
411 761 416 778 :
864 744 867 746 1

201 807 354 836 Vctustiora
379 808 534 836 Latinarum
566 808 724 842 scriptorum
748 805 895 838 Chronica,
916 805 950 832 ad

161 863 226 883 mss.
251 856 328 883 codd.
348 856 487 883 emendata
511 863 535 882 et
561 853 848 894 cumvcastigatioribus
873 852 948 880 editt.
965 868 987 896 Β

161 901 270 934 collata,
288 902 406 937 notisque
420 901 566 934 illustrata,
582 901 607 927 in
621 909 702 927 unum
716 908 811 935 corpus
828 898 948 931 collecta,

159 949 296 984 praemisso
312 947 558 976 EuscbiiChronico
575 956 590 974 α
610 946 641 973 D.
659 945 821 981 Hieronymo
833 953 847 972 e
858 943 950 972 Gra'co

160 1003 234 1023 uerso
254 999 278 1022 et
299 995 390 1022 multis
412 998 498 1021 aucto.
516 992 627 1028 Collegit
653 992 688 1020 ι),
708 992 820 1019 Thomas
837 990 951 1017 Roncal—

160 1042 223 1075 lius,
238 1041 382 1069 monachus
400 1040 553 1068 Cassinens.
581 1039 688 1066 Patavii
708 1038 787 1071 1787,
803 1038 830 1065 4.
846 1037 868 1064 ll
883 1037 948 1065 voll.

159 1088 282 1116 Contulit
301 1087 334 1115 Β.
349 1095 412 1115 eum
423 1087 465 1115 ed.
482 1086 603 1118 Ratdolt.
618 1085 688 1113 1485
696 1089 723 1114 et
738 1092 800 1112 eum
815 1082 950 1112 Gennadii

159 1135 222 1163 cod.
239 1142 291 1162 ms.
308 1133 397 1161 Vatic.
417 1134 495 1162 Alex.
509 1141 538 1161 n.
551 1133 632 1160 2077.

194 1191 280 1220 Codd.
299 1198 365 1219 mss.
379 1190 526 1222 Pontacus,
539 1189 639 1225 quibus
653 1196 719 1216 usus
733 1192 785 1220 est,
798 1188 867 1215 bene
879 1187 950 1215 mul—

159 1242 203 1267 tos
217 1242 342 1266 recenset
368 1237 395 1264 in
407 1237 554 1277 _Apparatu
580 1243 630 1263 suo
650 1234 814 1262 :Vaticanos
828 1234 949 1269 aliosque

159 1287 300 1312 enumerat
326 1283 501 1311 Montlaucon
532 1283 559 1309 in
590 1282 663 1309 Bibl.
693 1281 746 1308 Sed
772 1281 798 1308 hi
829 1284 856 1308 et
883 1280 948 1307 reli-

159 1330 205 1365 qui
234 1330 372 1365 pertinent
394 1328 483 1364 potius
507 1327 541 1354 ad
559 1327 764 1362 Hieronymum.
782 1324 903 1352 Florent.
920 1325 947 1352 in

156 1375 223 1402 bibl.
237 1374 317 1401 Laur.
330 1373 399 1402 Med.
413 1373 474 1400 cod.
491 1379 583 1399 xxxvn
593 1391 600 1404 ,
623 1380 651 1398 n.
666 1371 702 1398 25
714 1391 722 1402 ,
745 1371 814 1405 plut.
830 1370 861 1398 51
875 1389 882 1402 ,
907 1373 949 1397 est

158 1420 269 1449 Eusebii
281 1418 406 1454 Epitome
415 1418 556 1450 chronica.
566 1418 612 1445 ubi
626 1422 652 1445 et
663 1417 696 1444 de
713 1416 740 1444 S.
758 1416 900 1444 Pasehate.
914 1431 948 1436 —-

158 1464 188 1492 in
206 1463 269 1491 cod.
288 1471 349 1497 xm,
371 1471 399 1490 n.
417 1463 481 1495 6-8,
503 1463 540 1497 pl.
561 1462 612 1495 5‘5,
632 1465 740 1489 exstant
755 1461 806 1488 tria
821 1466 948 1497 excerpta

159 1519 192 1538 ex
208 1509 320 1537 Eusebii
330 1508 484 1536 Cbronicis.
499 1508 533 1535 V.
551 1508 679 1540 Bandin.,
697 1508 756 1536 Cat.
772 1507 851 1535 codd.
863 1506 909 1534 Gr.
925 1506 946 1539 l,

159 1564 222 1591 pag,
239 1555 290 1584 119
302 1559 329 1583 et
340 1555 403 1585 508.
416 1572 450 1577 —
461 1555 491 1583 P.
510 1554 531 1582 l.
548 1554 635 1582 Bruns
651 1562 682 1582 ex
698 1554 759 1582 cod.
775 1553 878 1582 Bodlei.
904 1553 948 1581 de-
960 1547 981 1575 (Σ

159 1602 200 1629 dit
213 1602 366 1629 versionem
379 1601 498 1637 Syriaca:
505 1600 644 1636 Epitomes
652 1600 796 1628 Eusebiani
811 1601 944 1631 Chronici,

158 1648 186 1675 in
203 1647 337 1682 Repartor.
356 1647 399 1682 fur
416 1646 539 1674 biblische
556 1655 580 1674 υ.
598 1646 844 1682 morgenlandische
864 1647 946 1674 Litte-

160 1698 246 1720 ratur.
264 1697 332 1728 part.
350 1700 389 1719 xt.
406 1692 505 1727 Lipsiae
519 1691 602 1724 1782,
614 1691 677 1721 Mai.
689 1692 762 1728 8(a).
783 1691 871 1719 "ARL.

195 1760 380 1796 Repreliendit
394 1760 528 1788 Eusebius
548 1761 611 1787 hinc
627 1760 689 1788 inde
705 1759 874 1794 Africanum,
889 1761 946 1796 ipse

158 1807 281 1835 vicissim
306 1807 486 1842 reprehensus
512 1811 553 1834 est
578 1806 612 1833 ab
632 1806 754 1838 Aniano,
781 1806 944 1839 Panodoro,

158 1852 276 1888 Georgio
293 1852 418 1888 Syneello
434 1857 461 1880 et
483 1852 558 1885 aliis,
581 1852 717 1880 interdum
738 1853 820 1880 etiam
835 1853 880 1881 ubi
893 1854 946 1889 ipsi

158 1904 235 1927 erant
251 1898 466 1935 reprehendendi
481 1909 486 1926 :
504 1898 622 1926 Diodoro
647 1899 728 1926 etiam
746 1897 890 1933 Tarsensi,
912 1901 945 1928 de

195 1989 233 2023 (α)
252 1989 398 2018 Eusebiani
413 1989 538 2017 Chronici
558 1989 693 2024 duplicem
709 1989 855 2018 editionem
869 1989 944 2019 dedit

158 2025 234 2051 card.
251 2025 354 2060 Angela
367 2025 429 2054 Mai.
455 2024 552 2056 Priori,
572 2033 632 2059 qum
659 2024 803 2052 Mediolani
827 2026 942 2060 prodiit.

158 2067 230 2095 anno
248 2059 327 2092 1818,
340 2061 435 2087 titulus
448 2060 491 2087 hic
508 2061 652 2094 pricligilur
666 2070 672 2086 ε
693 2060 799 2087 Eusebii
812 2059 944 2095 Pamphili

158 2094 348 2123 Chronicorum
363 2095 498 2123 Canonum
514 2096 573 2121 libri
595 2095 646 2122 duo
656 2116 663 2126 ,
688 2104 751 2129 opus
775 2103 807 2123 ex
822 2095 943 2122 Haicauo

159 2130 247 2157 codice
265 2139 281 2157 a
296 2130 408 2157 Doctarc
421 2130 524 2157 Joanne
538 2130 779 2165 Zoltrabo,collegii
796 2132 944 2157 Armeniaci

163 2165 331 2193 Venetiarum
347 2167 469 2196 alumno.
490 2165 625 2200 diligenter
641 2173 791 2199 expressum
815 2170 838 2192 et
866 2167 945 2193 casti-

158 2206 260 2242 gatum,
281 2201 396 2242 Angelus
416 2200 512 2242 .Maius
537 2199 561 2242 et
583 2200 698 2242 Ioannes
718 2199 855 2242 .Zuhrabus
876 2209 943 2242 nunc

158 2229 273 2270 primum
287 2229 433 2271 conjunctis
450 2237 520 2262 curis
537 2235 681 2263 Latinitate
706 2236 831 2262 donatum
861 2237 936 2263 notis-
958 2229 985 2259 Ῑ)

158 2279 207 2305 que
222 2272 396 2302 illustratum.
415 2271 512 2298 additis
539 2271 636 2298 (ἐναγεῖς
653 2271 781 2306 reliquiis.
796 2271 942 2300 ediderunt.

159 2306 315 2339 Mediolani,
331 2308 409 2342 regiis
431 2307 507 2341 typis.
533 2306 625 2334 Eidem
640 2306 770 2333 volumini
786 2306 873 2334 inest:
893 2307 946 2334 Sa-

158 2343 250 2369 muelis
268 2343 413 2377 presbyteri
425 2343 544 2368 Aniensis
566 2347 709 2375 teutporum
726 2350 805 2376 usque
820 2342 853 2368 ad
868 2351 943 2369 suam

157 2382 262 2404 wtatem
278 2378 357 2405 ratio.
371 2379 401 2404 ln
418 2377 470 2404 line
494 2377 610 2412 legitur:
628 2377 766 2411 Explicitw
783 2383 843 2403 sunt
867 2378 944 2404 celeri

158 2412 300 2440 admodum
313 2413 442 2439 editorum
468 2412 576 2444 labore,
599 2413 755 2448 efﬂagitante
781 2413 943 2440 eruditorum

157 2449 275 2477 omnium
301 2453 371 2480 voto,
389 2449 429 2474 ha:
452 2448 575 2482 perutiles
587 2453 731 2482 temporum
744 2448 871 2475 doctrina:
887 2448 942 2475 Eu-

157 2483 221 2509 sebii
237 2483 410 2512 Cwsariensis
427 2488 451 2510 et
477 2483 607 2510 Samuelis
631 2484 750 2510 Aniensis
775 2484 802 2511 in
819 2484 890 2510 alma
918 2489 943 2510 ct

158 2519 352 2546 litteratissima
366 2518 428 2545 urbe
444 2517 608 2548 Mediolano.
634 2527 702 2545 anno
718 2523 775 2551 post
801 2518 943 2552 beneﬁcum

157 2553 256 2582 Christi
275 2554 413 2583 adventum
429 2553 466 2581 Μ.
484 2553 517 2580 1).
531 2553 606 2585 CCC.
623 2553 736 2581 XVIII.
750 2553 870 2581 Lectores
883 2555 943 2581 boni

157 2590 250 2620 favete.
282 2589 359 2621 Hanc
380 2589 545 2622 editionem,
566 2590 762 2623 posterioribus
777 2589 851 2616 curis
866 2597 943 2616 reco-

157 2627 270 2659 gnitum,
285 2625 358 2660 typis
372 2625 470 2652 iterum
488 2625 625 2660 mandavit
646 2624 720 2651 card.
736 2625 797 2657 Mai,
815 2625 842 2651 in
867 2624 941 2651 Scri-

156 2665 261 2693 ptorum
281 2659 395 2688 veterum
416 2669 481 2689 nova
495 2659 653 2687 Collectione
669 2669 682 2686 e
698 2660 831 2686 Vaticanis
847 2660 942 2687 codici-

158 2696 205 2721 bus
219 2695 300 2727 edita,
317 2700 382 2723 tom.
409 2695 477 2724 \‘lll.
495 2694 586 2722 llonne
602 2695 636 2722 Ill.
655 2695 686 2722 Ι).
710 2695 785 2722 CCC.
813 2695 921 2722 XXXIII
933 2715 940 2726 ,

157 2729 240 2758 iii-4".
257 2730 352 2759 Versio
368 2731 538 2763 Armeniaca,
559 2732 585 2757 in
603 2739 656 2765 qua
669 2739 722 2757 non
736 2730 817 2757 modo
834 2734 942 2758 senten-

156 2766 201 2796 tiae
217 2766 370 2798 sententiis,
386 2775 479 2795 verum
493 2766 642 2800 saepissime
657 2767 739 2793 etiam
758 2766 838 2792 verba
853 2765 941 2793 verbis

157 2801 280 2835 apprime
291 2802 466 2834 respondent.
482 2802 582 2829 saeculo
591 2801 720 2829 Ecclesia:
736 2809 751 2827 v
766 2801 939 2832 concinnata,

158 2839 302 2871 utramque
317 2837 427 2864 exhibet
441 2836 566 2864 Chronici
580 2840 684 2871 partem
698 2856 705 2868 ,
731 2836 825 2871 ultima
853 2836 940 2863 solum

157 2870 265 2910 prioris
277 2872 362 2911 partis
382 2872 501 2901 sectione
517 2870 641 2909 excepta.
659 2871 766 2910 Optime
780 2870 854 2899 edita
869 2875 910 2900 est
925 2879 939 2899 a
957 2912 959 2916 γ

1004 236 1125 263 vicissim
1145 234 1261 269 notato),
1272 239 1299 262 et
1314 234 1375 261 aliis
1392 234 1566 269 chronologis
1583 233 1791 261 recentioribus.

1150 289 1252 308 EUSEBII
1273 287 1418 308 PREPARAT
1424 288 1449 307 l0
1468 287 1642 308 EVLNGELICA.

1036 328 1240 363 Εὺαῃ-ελικῆς
1269 328 1451 362 ἀποδείξεως
1479 325 1712 362 προπαρασκευή
1742 327 1791 362 (b),

1005 375 1214 410 Pra’parationis
1228 370 1383 411 evangelicae
1397 375 1431 403 ad
1454 375 1625 407 Theodotum,
1642 375 1792 409 episcopum

1004 421 1193 454 Laodicenum,
1210 422 1271 449 libri
1285 430 1320 450 xv
1331 443 1338 454 ,
1352 423 1404 450 sive
1418 422 1536 450 collectio
1553 422 1731 457 pulcherrima
1746 430 1791 448 ar-

1003 474 1184 503 guntentorum
1212 469 1408 504 variorumque,
1436 473 1528 496 natatu
1553 468 1790 504 dignissimorum.

1003 520 1231 542 monumentorum
1247 523 1277 542 ac
1295 516 1503 542 testimoniorum
1514 523 1546 542 ea:
1560 515 1731 550 scriptoribus
1744 522 1792 542 ea;-

1004 561 1084 588 ternis
1101 560 1234 597 (magnam
1255 565 1357 596 partem
1382 561 1458 588 hodie
1472 560 1626 597 deperditis)
1638 582 1645 594 ,
1660 569 1713 595 qua
1731 561 1792 588 ani-

1003 615 1061 634 mus
1074 607 1178 634 lectoris
1191 612 1358 642 prwparatur
1371 607 1405 635 ad
1420 607 1654 635 demonstrationes
1664 606 1704 634 ‘de
1721 607 1790 634 ueri-

1004 658 1057 681 tate
1071 653 1207 690 Eaangelii
1219 654 1319 682 Christi
1340 662 1372 682 ex
1385 654 1469 681 sacris
1486 654 1581 681 litteris
1597 657 1670 681 tanto
1681 653 1790 689 facilius

1002 700 1165 728 imbibendas
1176 721 1183 733 ,
1206 701 1443 736 admittendasque.
1459 699 1553 728 Latine
1567 700 1642 727 vertit
1659 705 1685 727 et
1706 699 1791 727 Nico-

1003 747 1045 774 lao
1063 747 1084 774 V
1101 747 1220 783 pontiﬁci
1231 748 1364 782 inscripsit
1376 746 1501 782 Georgius
1516 746 1724 781 Trapezuntius;
1742 745 1790 774 sed

1001 795 1081 829 cujus
1099 793 1350 829 interpretationem
1365 793 1443 820 valde
1461 800 1585 820 mancam
1601 799 1632 820 ac
1647 792 1791 820 confusam

1002 847 1073 871 esse,
1088 840 1185 868 merito
1199 839 1324 875 queritur
1338 839 1454 867 Allatius
1468 839 1506 866 De
1522 838 1652 874 Georgiis,
1673 847 1701 875 p.
1718 839 1790 872 575,

1001 890 1028 914 et
1043 886 1169 914 Petavius
1178 893 1233 918 uv,
1243 885 1286 916 11,
1298 886 1337 914 De
1347 886 1539 916 incarnatione,
1550 884 1564 921 ᾗ
1581 885 1599 912 2
1612 895 1619 913 :
1638 885 1791 920 Trapezun-

1002 934 1053 960 tius
1066 932 1165 960 Latina
1179 941 1228 960 sua
1242 933 1358 960 versione
1378 941 1430 959 non
1450 938 1503 959 tam
1521 931 1634 959 Eusebia
1651 932 1735 959 lucem
1748 937 1791 959 at-

1001 979 1072 1011 tulit,
1089 987 1168 1014 quam
1179 987 1208 1006 eo
1223 978 1289 1013 finde
1307 978 1433 1005 laniando
1444 998 1451 1010 ,
1468 977 1587 1005 addendo
1599 986 1630 1005 ac
1642 978 1790 1013 depravan-

999 1022 1050 1053 do.
1076 1022 1179 1056 justam
1208 1022 1239 1050 de
1265 1031 1293 1050 se
1320 1023 1453 1058 querelam
1474 1024 1586 1057 posteris
1604 1024 1709 1059 reliquit
1727 1024 1788 1059 (c).

999 1068 1100 1096 Confer
1118 1067 1246 1096 Vossium
1264 1067 1302 1095 De
1316 1068 1378 1095 hist.
1394 1067 1504 1102 Graecis,
1521 1075 1583 1104 pag.
1599 1068 1646 1102 70;
1660 1067 1789 1096 Huetium

1000 1115 1039 1142 De
1051 1115 1132 1142 claris
1148 1114 1332 1150 interpretibus
1347 1134 1354 1147 ,
1381 1122 1442 1151 pag.
1458 1114 1526 1147 292,
1556 1118 1583 1142 et
1599 1113 1640 1141 ιο.
1660 1113 1788 1142 Rainoldi

999 1161 1145 1189 Censuram
1157 1161 1366 1196 apocryphorum
1380 1161 1520 1193 librorum,
1535 1164 1602 1188 tom.
1614 1160 1636 1194 Ι,
1652 1168 1713 1196 pag.
1723 1160 1787 1189 803.

999 1207 1103 1235 Prodiit
1118 1207 1213 1235 Latina
1229 1207 1404 1243 Trapezuntii
1415 1208 1505 1236 versio
1516 1207 1633 1236 Tarvisii
1649 1208 1728 1241 1480,
1739 1208 1787 1236 fol.

1000 1254 1139 1289 [Curatius
1153 1254 1319 1290 uberiusque
1333 1258 1529 1282 enumeraruat
1544 1259 1571 1282 et
1591 1260 1789 1283 recensuerunt

999 1300 1061 1328 edd.
1075 1302 1133 1336 ipse
1151 1300 1292 1329 Fabricius
1309 1301 1337 1327 in
1355 1299 1476 1332 Delectu,
1492 1305 1557 1333 etc.,
1569 1300 1586 1328 l.
1597 1308 1635 1333 c.,
1652 1300 1790 1329 Maittaire

998 1349 1026 1373 et
1040 1346 1066 1373 in
1084 1346 1179 1382 primis
1195 1346 1258 1373 edd.
1275 1353 1338 1374 δερ.
1354 1354 1389 1373 xv
1404 1345 1455 1373 cel.
1469 1345 1574 1373 Panzer
1591 1346 1648 1381 (qui
1666 1346 1734 1374 alios
1749 1347 1789 1374 ci-

998 1394 1057 1418 tare
1072 1390 1140 1418 solet
1158 1390 1370 1426 bibliographos)
1391 1390 1418 1417 in
1435 1391 1468 1418 Α.
1486 1390 1516 1417 Τ.
1533 1390 1604 1418 Add.
1621 1399 1682 1426 qua:
1693 1391 1789 1419 obser-

998 1436 1058 1463 vavi
1073 1436 1101 1463 in
1115 1434 1217 1464 Introd.
1236 1436 1264 1463 in
1283 1435 1354 1463 Hist.
1370 1435 1402 1462 L.
1420 1434 1478 1468 Gr.,
1494 1435 1514 1462 l.
1533 1443 1571 1468 θη
1586 1443 1647 1471 pag.
1664 1436 1716 1463 219
1731 1444 1785 1471 sq.,

999 1486 1055 1508 not.
1073 1481 1171 1508 Paucis
1191 1481 1275 1514 igitur
1297 1481 1442 1513 versionis,
1457 1489 1472 1508 a
1486 1480 1670 1516 Trapezuntio
1686 1481 1765 1509 factm
1778 1501 1786 1514 ,

999 1527 1060 1555 edd.
1082 1527 1217 1555 indicabo.
1239 1527 1361 1556 Venetiis
1378 1528 1449 1564 typis
1467 1527 1553 1555 Nicol.
1568 1527 1785 1562 Jenson.,1470,

1001 1573 1047 1600 fol.
1065 1574 1194 1609 (Antonii
1217 1574 1385 1602 Cornazzani
1411 1575 1582 1610 praemissum
1615 1576 1787 1604 octostichon

1000 1620 1171 1648 emendatius
1185 1621 1293 1649 iteravit
1305 1620 1447 1648 Fabricius
1456 1621 1484 1648 in
1502 1620 1617 1654 Delectu,
1630 1625 1695 1655 etc.,
1704 1630 1786 1657 quam

1001 1667 1135 1695 Maittaire
1148 1667 1182 1694 Α.
1209 1667 1240 1695 Τ.
1256 1667 1281 1699 1,
1305 1675 1332 1702 p.
1350 1667 1402 1701 67,
1426 1668 1631 1703 exscripserat.)
1645 1683 1681 1688 —
1696 1668 1786 1704 (ibid.)

999 1721 1048 1748 per
1070 1713 1153 1741 Leon.
1173 1713 1251 1740 Aurl.
1268 1713 1359 1749 (quem
1375 1717 1558 1741 correctorem
1584 1718 1630 1741 aut
1655 1713 1786 1742 editorem

1000 1759 1094 1791 fuisse,
1103 1760 1288 1788 characterem
1305 1763 1394 1788 autem
1405 1759 1558 1788 Romanum
1572 1768 1634 1789 esse
1650 1761 1785 1793 eumdem,

1000 1814 1054 1841 quo
1068 1807 1154 1834 Adam
1175 1807 1214 1837 de,
1227 1806 1381 1843 Ambergau
1395 1807 1466 1835 1472
1488 1808 1628 1836 Ciceronis
1649 1808 1787 1836 orationes

1000 1853 1157 1888 impressit,
1186 1854 1314 1889 opinatur
1334 1854 1368 1884 cl.
1398 1853 1512 1882 Panzer.
1541 1853 1590 1887 111,
1612 1853 1786 1889 p.98),s.l.,

1000 1899 1078 1932 ιιι-ιδ,
1096 1899 1144 1927 l'ol.
1161 1900 1230 1928 Add.
1254 1900 1290 1928 cl.
1308 1900 1412 1928 Morell.
1428 1900 1462 1928 ad
1477 1893 1538 1928 Cat.
1556 1899 1732 1928 bibl.Pinell.
1757 1899 1784 1932 l,

997 1989 1022 2017 J.
1040 1989 1068 2016 Β.
1086 1989 1223 2022 Aucherio
1250 1989 1301 2017 sub
1317 1989 1416 2018 titulo:
1440 1990 1546 2020 Eusebii
1571 1989 1719 2018 Chronicon
1744 1991 1785 2018 bi-

999 2025 1143 2058 partitum,
1157 2027 1232 2051 Arm.
1245 2029 1272 2052 et
1283 2024 1341 2052 Lat.
1358 2025 1469 2059 (additis
1481 2033 1531 2053 suo
1544 2026 1603 2053 loco
1617 2025 1719 2053 Graecis
1731 2026 1785 2053 ira—

997 2060 1123 2095 gmentis)
1136 2059 1257 2087 Venetiis
1268 2061 1347 2088 1818.
1361 2060 1382 2087 11
1395 2062 1501 2093 Partes,
1517 2060 1594 2088 ἱππ-4⁸³.
1607 2061 1687 2088 Enn.
1697 2060 1784 2089 Pun.

1033 2095 1079 2132 (bi
1090 2095 1224 2132 Eusebius
1239 2096 1297 2129 ipse
1316 2104 1354 2125 vr.
1379 2095 1429 2132 10,
1454 2096 1691 2132 Prwparat.,pag.
1716 2097 1783 2130 280,

998 2127 1046 2171 'qv
1057 2130 1092 2192 53
1106 2132 1153 2157 καὶ
1165 2127 1280 2165 μάλισίὲα
1300 2132 1365 2166 ἡμῖν
1380 2131 1420 2159 δεῖ
1433 2132 1473 2163 εἰς
1493 2127 1541 2167 τῆν
1560 2132 1608 2194 τἎς
1624 2127 1784 2172 Εὑξιγτελιλ

998 2175 1055 2194 unc
1095 2165 1253 2194 ποδειεεωο
1271 2165 1533 2194 ποοπιιοασκευήν.
1558 2167 1580 2192 Δ
1600 2166 1634 2194 de
1659 2167 1707 2194 Ιιυ.
1735 2175 1782 2194 xv.

998 2165 1055 2200 κῆς
1074 2165 1253 2198 ἀποδείξεως
1271 2165 1533 2201 προπιιρασκευήν.
1558 2165 1634 2194 Adde
1659 2165 1714 2194 lib.
1735 2175 1782 2198 xv.

998 2209 1057 2236 cap.
1076 2202 1101 2234 1,
1119 2201 1164 2227 ubi
1182 2205 1244 2236 post
1265 2202 1415 2236 expositam
1430 2201 1526 2228 horum
1540 2202 1672 2231 librorum
1686 2209 1785 2230 anare-

999 2236 1147 2271 plialzeosin
1159 2237 1214 2270 ait,
1235 2236 1291 2269 jam
1306 2236 1340 2263 ad
1363 2237 1624 2264 demonstrationem
1649 2238 1784 2272 evangeli-

1000 2279 1060 2308 cam
1076 2275 1206 2308 tanquam
1228 2272 1346 2308 nobilius
1361 2276 1552 2308 argumentum
1581 2280 1610 2300 se
1638 2273 1783 2308 progredi:

1000 2306 1085 2333 Τοῦτο
1099 2304 1193 2343 δὴξοῦν
1211 2305 1334 2343 σὺννΘεῴ
1358 2304 1406 2334 sti
1422 2307 1470 2342 τῆς
1489 2307 1617 2343 ἀληθείας
1638 2304 1704 2343 ἦμῖῦ
1725 2309 1781 2335 ἐπι-

1000 2342 1222 2378 σφραγισθέντος,
1239 2342 1274 2368 τὰ
1291 2343 1339 2377 μὲν
1358 2343 1406 2377 τῆς
1420 2342 1785 2378 προπαρασκευῆςγὲνταῦοᾲ

1000 2377 1043 2412 μοί
1061 2377 1304 2414 περγιχραφήᾳεταμ
1326 2378 1453 2414 Memmi;
1470 2379 1499 2414 ᾅὲ
1513 2377 1558 2414 ἐπὶ
1569 2379 1618 2414 τὴν
1632 2379 1784 2406 ἐντελεστέ-

1001 2411 1049 2448 ζιαν
1067 2411 1193 2439 ὐῆὲόθέσιν
1206 2411 1463 2448 ’ὲῆςΕὺαῃτελικῆς
1470 2411 1723 2445 ἁποδείξὲωςωῑθ.
1739 2415 1783 2441 Li-

999 2446 1062 2476 bros
1074 2457 1108 2475 xv
1118 2446 1373 2482 Προπίιρασκευῆς
1383 2448 1545 2482 evangelica
1559 2452 1691 2475 memorat
1701 2450 1781 2477 etiam

998 2483 1110 2511 llieron‘.
1121 2487 1147 2510 et
1159 2491 1193 2510 ex
1209 2483 1278 2510 libro
1293 2489 1341 2508 vtu
1358 2483 1447 2509 locum
1461 2483 1563 2517 profert
1573 2484 1599 2510 in
1613 2491 1716 2511 nonum
1728 2484 1783 2511 Dn-

998 2519 1085 2546 nielis.
1099 2517 1208 2545 FABRIC;
1229 2532 1264 2536 —
1278 2517 1358 2544 Conf.
1375 2517 1415 2544 Du
1436 2517 1497 2546 Pin.
1516 2518 1615 2545 Eccles.
1644 2524 1782 2546 auctorum

998 2554 1062 2580 bibl.
1077 2562 1147 2586 nov.,
1159 2553 1190 2586 ll,
1203 2561 1229 2588 p.
1253 2553 1301 2583 10.
1318 2556 1344 2579 et
1360 2551 1514 2580 Fabricium
1537 2558 1660 2581 nostrum
1685 2554 1711 2581 in
1729 2554 1782 2581 De-

999 2589 1066 2616 lectu
1084 2587 1262 2623 argumentor.
1288 2592 1312 2614 ct
1339 2587 1440 2622 syllaba
1458 2588 1579 2622 scriptor.
1606 2597 1653 2623 pro
1676 2591 1784 2617 veritate

997 2625 1072 2659 relig.
1085 2623 1253 2654 Christiantc,
1266 2629 1326 2658 pag.
1341 2623 1374 2649 72
1389 2631 1461 2658 sqq,
1481 2624 1526 2650 ubi
1546 2624 1635 2651 locum
1655 2625 1728 2652 hunc
1750 2625 1783 2652 Β.

995 2662 1042 2689 Cr.
1060 2659 1168 2694 repetiit
1184 2663 1210 2686 et
1225 2659 1344 2694 pleniore
1359 2659 1509 2694 praesertim
1527 2659 1590 2687 edd.
1610 2661 1706 2688 notitia
1726 2669 1784 2688 am-

997 2695 1117 2729 plicavit.
1138 2694 1224 2721 ΒΑΜ..

1032 2730 1067 2763 (c)
1087 2729 1286 2764 Trapezuntius
1302 2733 1392 2758 tamen
1412 2731 1439 2757 in
1454 2730 1534 2764 epist.
1550 2730 1583 2756 ad
1603 2731 1744 2758 Nicolaum
1764 2730 1784 2758 V

997 2767 1136 2800 prolitetur
1157 2773 1186 2792 se
1202 2765 1275 2792 illitis
1292 2765 1382 2799 jussu,
1403 2766 1518 2793 sentibus
1539 2768 1682 2799 amputatis
1705 2767 1743 2801 (h.
1757 2774 1783 2795 (τ.

996 2803 1030 2828 iis
1041 2801 1162 2831 omissis,
1175 2808 1235 2835 quae
1249 2801 1301 2828 sibi
1311 2802 1416 2828 scilicet
1430 2801 1546 2828 heresin
1559 2801 1634 2830 olere
1654 2802 1780 2829 videren-

996 2838 1052 2869 tur)
1067 2845 1141 2863 rosas
1157 2836 1322 2864 solummodo
1337 2836 1439 2864 Latinis
1455 2835 1601 2864 hominibus
1624 2838 1672 2865 hac
1687 2837 1782 2864 tradu~

996 2872 1080 2901 ctione
1096 2871 1230 2900 obtulisse.
1252 2871 1338 2900 HARL.
