1915 3135
77 154 105 183 25

790 150 939 180 NOTITIA.

1641 165 1677 193 26

76 211 268 247 experientiam,
285 216 422 246 provocat,
439 210 665 240 Historiarautem
681 211 843 239 ecclesiasti-
857 214 879 242 A
893 211 918 239 J.
949 212 1053 241 Fabric.
1079 215 1106 243 in
1139 216 1240 245 Hister.
1269 218 1331 247 bibl.
1361 219 1539 254 Fabriciamz,
1559 221 1580 254 l,
1600 230 1626 257 p.
1642 224 1674 252 9i

76 267 116 289 ac,
133 265 146 285 a
160 265 188 285 se
200 258 318 292 scriptae,
331 257 489 291 neutiquam
507 259 640 286 meminit.
655 257 743 286 Verba
761 262 841 285 sunt:

77 306 102 331 Εἰ
115 304 173 338 γοῦν
188 311 214 330 τι
230 303 340 330 δύναται
350 304 396 331 καὶ
407 305 424 340 ἠ
437 304 557 340 ἡμετέρα
568 304 683 340 ἱστορία,
697 304 757 331 καθ’
771 305 844 340 ἡμᾶς

76 351 161 382 αὐτοὺς
177 350 225 386 τὴν
247 350 331 377 πάλαι
345 350 484 386 βοωμένην
507 350 576 378 Σιὼν
589 350 698 386 ζεύγεσι
709 350 777 386 βοῶν
792 351 844 377 ὑπὸ

82 396 208 432 Ῥωμαίων
233 396 339 432 ἀνδρῶν
359 397 510 432 ἀρουμένην
536 396 684 432 ὀφθαλμοῖς
714 397 845 433 παρειλή-

77 450 162 477 φαμεν.
174 441 333 469 Uberiorem
352 441 473 475 ἐξέτασιν
504 441 619 469 locorum
635 442 844 478 proplteticorum

75 489 102 515 de
115 488 241 515 rocatione
267 488 383 523 gentiam
407 487 543 514 facturum
565 496 595 516 se
610 488 744 524 promittit
760 489 807 515 lib.
824 495 844 515 Il

76 534 253 566 Demonstrat,
283 543 309 570 p.
337 534 381 566 55,
410 542 471 569 quae
485 535 512 562 in
527 535 654 569 pnesenli
672 534 733 562 οὔτε
748 534 844 562 ἀναλέ-

76 590 123 614 γειν
140 580 198 607 οὕτε
223 580 387 615 ἑρμηνεύειν
413 582 518 618 καιρός,
545 589 606 617 pag.
626 581 671 609 48.
689 581 737 608 Illa
751 580 845 613 ἐξέτα-

78 634 119 658 εις,
134 626 242 661 perinde
253 630 282 653 ut
297 626 389 654 decem
413 627 500 654 ultimi
519 628 756 655 Demonstrationis
783 627 845 655 libri

76 672 233 699 intercidere.
250 671 285 699 Et
298 673 393 700 dubito
421 681 455 700 an
471 673 572 701 diversi
586 674 620 702 ab
640 673 722 701 editis
737 677 845 701 exstent

77 718 100 744 in
114 718 172 744 bibl.
188 717 331 749 Vaticana.
346 719 409 747 licet
426 719 452 746 in
470 719 653 754 Scaligeranis
676 720 750 755 legas
767 729 777 746 s
790 719 845 754 Ity

78 774 92 792 a
113 773 143 791 au
166 766 277 792 Vatican
296 765 332 792 les
363 765 409 792 dit:
423 766 539 793 derniers
568 767 645 794 livres
671 766 846 799 Ἀποδείξεων

77 810 198 843 d‘Eusebe,
214 812 282 838 mnis
307 811 344 839 les
365 812 477 839 Italicus
488 817 546 840 sont
566 813 589 840 si
607 812 713 848 jaloux,
726 812 803 848 qu‘ils
814 821 846 839 ne

78 857 108 884 les
121 857 263 884 uoudraient
277 865 326 891 pas
338 858 434 891 preter.

109 903 195 931 Latine
210 904 292 931 vertit
306 904 490 932 Bemardinus
508 903 641 937 Donatus,
665 904 844 937 Veronensis,

78 950 215 985 dicavitque
248 951 501 987 interpretationem
533 960 610 979 suam
640 951 723 979 Paulo
754 952 844 984 tertio,

77 996 311 1031 pontiﬁci.Prodiit
323 998 384 1032 ejus
403 998 492 1026 vorsio
517 997 640 1026 Venetiis
656 998 693 1034 (ιι)
716 998 846 1033 primum,

78 1042 135 1069 hinc
146 1041 233 1070 Colon.
252 1043 335 1076 1542,
351 1044 410 1077 lol.,
427 1048 452 1071 et
465 1052 526 1071 cum
550 1045 611 1072 aliis
631 1044 741 1072 Eusebii
755 1044 848 1079 Operi-

77 1089 122 1115 bus
137 1088 210 1116 Basil.
227 1089 307 1123 1542,
324 1090 404 1123 1549,
426 1090 494 1118 1559
506 1095 532 1118 ct
552 1091 631 1124 1570,
664 1090 722 1122 τοι,
746 1091 846 1118 additis

78 1137 173 1165 scholiis
199 1137 222 1165 J.
243 1137 303 1166 Jac.
325 1138 450 1174 Gryntei;
471 1142 497 1165 et
523 1137 706 1169 Paris.1587,
730 1136 776 1164 fol.
797 1136 844 1172 (b).

78 1181 196 1209 Nonnulla
218 1183 245 1209 in
268 1183 333 1218 ejus
346 1183 473 1210 versione
490 1182 606 1217 castigat
617 1181 735 1209 Jacobus
751 1181 845 1208 Billius

78 1229 101 1255 in
116 1227 337 1256 Obsen-atianibus
348 1228 405 1256 suis
419 1228 520 1259 sacris;
531 1231 557 1255 et
569 1227 701 1262 Georgius
712 1226 845 1258 Calixtus,

81 1273 133 1309 555
147 1274 215 1302 Dm.
231 1274 303 1310 quod
313 1274 396 1301 Filius
424 1273 482 1306 Dei,
498 1273 626 1300 Patribus
649 1273 677 1299 V.
700 1273 730 1300 T.
744 1273 771 1299 in
785 1281 847 1308 pro-

80 1322 127 1354 pria
138 1321 265 1356 hypostasi
278 1329 331 1348 non
344 1321 505 1355 apparuerit,
537 1323 612 1347 notat
638 1319 771 1347 Donatum
790 1319 848 1354 ple-

80 1374 149 1402 raque
169 1367 202 1395 de
228 1367 342 1395 Christo
358 1367 454 1395 durius
480 1371 507 1394 et
522 1366 648 1394 licentius
678 1366 711 1393 ab
731 1365 847 1392 Eusebio

81 1413 149 1445 dicta.
162 1414 199 1441 sic
215 1421 275 1440 esse
304 1414 522 1448 interpretatum,
545 1417 575 1440 ut
594 1412 737 1440 emolliret.
758 1412 847 1447 Atque

80 1459 108 1486 ob
118 1459 224 1486 similem
245 1467 360 1486 causam
376 1459 502 1487 omisisse
518 1459 654 1495 qumdam,
675 1462 766 1486 monet
781 1458 848 1486 Pos-

80 1506 173 1533 sevinus
187 1507 213 1533 in
229 1507 369 1541 Apparatu
385 1515 472 1534 sacro.

107 1551 189 1580 Graece
201 1553 274 1588 typis
305 1553 400 1580 nitidis
419 1552 503 1587 regiis
517 1560 532 1580 e
564 1552 657 1580 codice
673 1551 749 1587 regio
763 1550 847 1578 edidit

81 1598 168 1633 primus
182 1598 248 1626 “ob.
267 1598 434 1634 Stephanus.
451 1598 538 1626 Paris:
555 1598 634 1629 1515,
652 1598 698 1625 fol.

108 1645 190 1672 Graece
203 1649 230 1673 et
244 1645 344 1673 Latine
366 1653 428 1672 cum
455 1645 554 1672 Donati
573 1645 708 1677 versione,
722 1647 749 1671 et
764 1644 848 1671 variis

81 1691 223 1718 lectionibus
253 1696 283 1719 et
326 1691 551 1726 castigationibus
583 1691 733 1722 brevibus,
758 1690 847 1718 Paris.

82 1736 147 1768 1628,
161 1737 216 1769 101..
228 1738 333 1766 additis
351 1738 421 1764 libro
436 1737 548 1765 Eusebii
572 1742 664 1763 contra
689 1736 848 1769 Hieroclem,

81 1781 171 1811 duobus
186 1789 278 1812 contra
296 1783 452 1811 Marcellum
464 1784 646 1818 Ancyranum,
661 1787 688 1810 et
706 1783 793 1810 tribus
813 1783 850 1809 De

81 1831 238 1857 ecclesiastica
270 1830 411 1865 theologia.
429 1829 490 1856 llzec
504 1829 588 1857 editio
612 1829 724 1864 repetita
740 1834 781 1856 est
798 1829 851 1856 Co-

82 1875 149 1903 lonia:
169 1876 234 1912 (sive
258 1876 361 1911 Lipsiae
387 1876 488 1910 potius)
507 1875 586 1907 1688,
606 1874 654 1902 fol.
689 1874 726 1901 De
749 1873 851 1901 Graecis

82 1922 213 1950 Demonstr.
240 1922 360 1957 evangel.
375 1923 441 1949 edit.
471 1930 496 1949 ν.
520 1921 623 1948 Goetzii
653 1920 763 1948 Memor.
787 1920 851 1947 bibl.

82 1967 176 2001 Dresd.,
190 1968 219 2000 ll,
234 1977 262 2004 p.
280 1969 336 1996 284
365 1976 425 2003 sqq.
443 1967 500 2003 (ubi
516 1975 624 2003 quoque
636 1967 668 1993 de
690 1966 793 1994 Donato
804 1965 854 1994 Ve-

82 2015 178 2042 ronensi
192 2015 312 2051 agitur);
325 2015 469 2046 Clement.,
486 2014 504 2041 l.
521 2021 547 2046 c,
565 2021 591 2048 p.
610 2013 658 2040 191
677 2021 731 2048 sq.,
744 2017 812 2047 not.,
826 2016 853 2039 et

860 1574 882 1603 C

114 2126 147 2161 (α)
160 2126 266 2154 Fabric.
281 2126 310 2153 in
322 2125 431 2160 Syllaba
442 2127 531 2160 script.
544 2134 590 2160 pro
606 2125 759 2161 V.7C/trist.,
772 2133 798 2159 p.
810 2125 853 2157 76,

83 2161 185 2198 primam
195 2162 259 2198 edit.
276 2161 492 2198 VenetiisﬁMQS,
510 2161 568 2193 τοι,
584 2160 718 2198 prodiisse
739 2161 853 2198 scribit;

84 2201 164 2223 contra
180 2196 317 2225 Maittaire
336 2199 368 2224 Α.
393 2197 423 2223 T.
455 2197 537 2224 indic.
555 2205 580 2231 p.
598 2196 650 2223 586
674 2199 751 2222 notat
765 2195 856 2222 Romae

85 2231 151 2268 H98.
166 2232 250 2260 Penes
264 2233 349 2268 igitur
365 2236 502 2259 auctorem
515 2232 550 2268 sit
561 2232 626 2258 lides
640 2241 646 2268 ς
663 2231 735 2268 illius
744 2231 854 2268 quidem

85 2267 198 2296 editionis
221 2266 348 2295 meminit
369 2275 419 2294 nec
445 2268 495 2294 cel.
521 2267 625 2294 Panzer
640 2267 667 2293 in
683 2266 716 2293 Α.
742 2266 789 2298 Τ.,
804 2273 855 2293 nec

85 2301 242 2331 Auditlredus
255 2305 284 2330 in
298 2303 320 2330 ll
345 2303 402 2331 suis
417 2300 616 2336 Speeiminibus.
630 2301 715 2328 llAnL.

115 2337 147 2376 (l7)
161 2337 232 2376 Vide,
242 2346 327 2376 supra
341 2339 374 2376 ad
392 2338 406 2373 §
421 2337 438 2364 2
452 2338 485 2364 de
498 2338 559 2376 edd.
572 2340 672 2376 notata.
689 2336 727 2376 la.

116 2371 145 2407 (ε)
159 2374 233 2408 Apud
252 2371 456 2407 Theophadem,
480 2382 507 2408 p.
520 2373 545 2403 5.
562 2381 610 2408 pro
625 2371 672 2406 τὴν
688 2371 856 2408 ρκτάϐιϐλον,

86 2407 215 2444 legendum
226 2410 277 2444 τὴν
297 2409 393 2443 ὀγδόην
407 2407 506 2444 βίϐλον,
532 2412 565 2444 ut
580 2407 856 2444 Ctylttbelisiusetiapi

88 2441 191 2471 innatis
205 2441 412 2471 aniinadrertit.
437 2444 514 2470 Addo
531 2442 681 2469 llanckium
697 2450 723 2476 p.
745 2442 795 2468 100
819 2441 858 2468 De

87 2479 245 2512 uriptoribus
261 2479 329 2514 By'z.
345 2478 460 2505 Fallitur
469 2479 539 2514 enim
551 2478 667 2514 Jac-obus
679 2477 795 2508 Gnarus,
812 2477 858 2511 qui

89 2517 155 2546 putat
167 2513 359 2549 Theophanem
377 2514 410 2540 ad
436 2522 505 2548 opus
530 2513 653 2549 Eusebii,
665 2521 719 2549 quo
737 2517 858 2549 veterum

91 2553 226 2585 martyrum
239 2547 301 2577 acta
324 2547 481 2585 collegerat,
501 2549 635 2584 respicere
648 2547 729 2583 idq'ue
753 2552 814 2575 octo
830 2547 860 2573 li-

91 2582 140 2610 bris
152 2586 315 2612 constitisse.

109 2591 140 2610 I'IS
152 2591 315 2612 COHSllllSSC.

123 2619 156 2654 (ά)
169 2619 243 2660 Hauc
253 2620 398 2660 faulinum
416 2618 560 2660 ἱεριὶξτατον
571 2622 649 2645 vocat
662 2617 797 2660 Eusebius
811 2616 857 2660 lib.

93 2661 116 2693 ξ.
128 2652 188 2690 ἐἐιμ
204 2656 228 2683 1.
252 2655 351 2683 Senem
364 2655 420 2690 jam
442 2652 525 2681 l‘uisse
538 2657 608 2688 patet
627 2661 659 2680 ex
671 2661 697 2688 p.
714 2653 766 2680 517
777 2653 804 2679 d.
823 2652 860 2679 De

94 2688 134 2725 t_l|o
148 2691 236 2719 multis
251 2690 390 2718 lianckius
407 2698 434 2725 p.
452 2689 583 2725 106-115,
601 2688 768 2716 contendens
778 2708 785 2719 ,
797 2691 860 2715 ante

96 2722 258 2753 Eustachium
278 2725 384 2753 sedisse
400 2722 551 2752 Antiochiae
575 2727 602 2750 et
614 2725 695 2759 paulo
717 2727 779 2750 ante
794 2730 861 2750 con-

97 2759 177 2787 cilium
187 2761 324 2788 Nicaznum
338 2761 408 2787 diem
421 2761 532 2788 obiisse.
548 2758 600 2786 Sed
617 2759 722 2786 veriora
736 2758 861 2785 videntur

98 2802 154 2831 qua,
164 2796 239 2831 habet
252 2796 386 2823 Antonius
400 2794 465 2831 Pagi
476 2795 509 2822 ad
518 2795 549 2821 Α.
563 2794 594 2821 C.
608 2794 677 2831 51οΔ
690 2801 767 2831 num.
779 2793 824 2831 2i.

104 2841 112 2858 ι
130 2830 160 2865 (ε)
173 2830 241 2866 Idem
255 2831 403 2863 Hanckius,
420 2829 451 2866 ρΣ
465 2830 516 2863 105
533 2837 602 2865 seq.,
620 2834 647 2857 et
660 2829 861 2866 Rapehrochius

101 2863 157 2901 toni.
183 2864 214 2892 lll
234 2867 290 2894 Act:
317 2863 440 2894 Sanctor.
467 2863 580 2901 April,
595 2873 621 2900 p.
656 2863 716 2893 108.
736 2863 801 2900 Pagi
829 2863 862 2891 ad

102 2899 129 2928 Δ.
139 2900 167 2928 G.
178 2901 237 2931 326.
251 2911 276 2930 n.
294 2902 338 2934 18,
350 2901 393 2929 19.

894 268 954 296 sqq.
971 260 1056 289 llsnL.
1073 261 1112 290 Ex
1125 263 1213 299 Prwp.
1233 274 1323 301 evang.
1342 270 1368 294 et
1385 275 1419 295 ex
1434 268 1510 296 Dem.
1528 277 1618 305 evang.
1630 279 1678 299 ex-

894 312 971 342 cepta
984 310 1131 336 vernaculo
1153 317 1279 339 sermone
1290 312 1377 340 edidit
1401 317 1428 340 et
1444 314 1517 343 notis
1531 315 1678 343 illustravit

894 352 1054 382 Roesslerus
1067 354 1134 382 Bibl.
1149 355 1206 384 PP.
1224 361 1243 383 t.
1259 356 1292 389 V,
1308 366 1334 393 p.
1353 358 1404 386 205
1427 367 1469 394 sq.

929 399 973 426 lll.
996 397 1219 438 Ἑκκλησιαστικὴ
1240 403 1364 439 Ἱστορίδι.
1379 405 1506 433 Historia:
1518 407 1679 435 ecclesiasti-

894 455 931 474 τω
947 446 1008 474 libri
1026 455 1043 474 χ
1058 447 1092 483 (c)
1110 456 1124 476 ει
1140 449 1238 484 quibus
1256 451 1379 478 ultimum
1396 452 1495 480 dicavrt
1509 452 1624 481 Paulino
1635 453 1676 490 (ά)

894 493 942 528 qui
959 493 1023 529 Tyri
1038 498 1119 529 atque
1131 495 1194 522 inde
1206 504 1253 531 per
1269 505 1315 524 sex
1333 505 1441 526 menses
1452 499 1605 527 Antiochia:
1616 504 1678 535 post

894 540 1047 575 depositum
1075 541 1246 570 Eustathium
1265 544 1410 579 episcopus
1437 544 1498 574 fuit.
1516 546 1676 573 Absolutum

894 593 963 621 opus
977 585 1073 621 Crispo
1087 588 1120 622 (e)
1141 588 1229 615 adhuc
1255 590 1416 623 superstite,
1437 599 1517 625 quem
1532 599 1558 623 χ,
1580 592 1606 625 9,
1630 592 1678 628 βα-

896 634 971 661 σιλέα
990 635 1256 670 φιλανθρωπότατον,
1280 641 1306 663 et
1331 645 1391 664 mox
1409 637 1614 672 (θεοφιλέστατον
1631 640 1676 666 καὶ

895 681 964 707 κατὰ
979 682 1067 708 πάντα
1083 681 1128 708 τοῦ
1144 682 1245 717 πατρὸς
1267 683 1357 718 ὅμοιον
1368 684 1493 718 appellat.
1516 684 1677 720 Quanquam

894 734 958 754 vero
973 725 1141 762 Hegesippus
1161 732 1188 754 ct
1211 727 1357 756 Africanus
1371 729 1488 764 quodam
1503 730 1582 758 modo
1598 731 1679 758 Euse-

894 773 940 801 bio
959 774 1135 808 praeiverant,
1153 773 1251 809 Papias
1266 783 1375 810 quoque
1401 780 1428 803 et
1454 774 1581 804 Justinus
1596 781 1678 812 atque

894 819 1022 848 Clemens
1049 820 1260 852 Alexandrinus,
1289 822 1405 850 Irenaeus
1435 822 1536 857 aliique
1560 823 1634 851 varia
1650 823 1677 850 in

860 887 883 916 Β
898 865 1008 900 scriptis
1028 865 1086 893 suis
1100 865 1305 899 adnotaverunt,
1326 875 1385 902 qua:
1402 867 1436 894 ad
1466 868 1607 895 historiam
1631 867 1680 894 Ec-

897 911 987 938 clesiae
1007 916 1034 938 et
1047 911 1190 939 lueresium
1206 912 1335 945 facerent,
1352 914 1455 948 justum
1485 917 1575 942 tamen
1590 915 1679 942 eccle-

897 958 1015 986 siasticae
1034 958 1155 986 historiae
1170 967 1269 994 corpus
1284 968 1364 987 nemo
1376 965 1438 988 ante
1455 960 1600 988 EuSebium
1614 969 1680 988 con-

897 1002 986 1037 didit;
1006 1004 1077 1032 unde
1091 1006 1188 1032 merito
1203 1007 1240 1032 ait
1259 1014 1288 1034 se
1315 1006 1423 1042 πρῶτον
1434 1008 1467 1043 τῇ
1483 1007 1607 1034 ὑποθέσει
1620 1008 1680 1034 tm-

895 1050 989 1086 δῆσαι,
1016 1052 1129 1085 primum
1157 1060 1306 1087 aggressum
1335 1061 1390 1080 esse
1414 1053 1461 1080 Ιιοε
1487 1058 1678 1088 argumentum.

897 1096 1012 1124 Deduxit
1038 1102 1128 1126 autem
1158 1099 1223 1126 illud
1253 1107 1268 1126 a
1292 1100 1495 1128 Christianismi
1523 1099 1680 1135 primordiis

898 1151 984 1178 usque
1015 1143 1048 1171 ad
1071 1144 1216 1176 Licinium.
1233 1153 1248 1172 a
1265 1145 1443 1173 Constantino
1470 1145 1505 1174 Μ.
1523 1151 1680 1181 superatum
1720 1138 1727 1145 ’

896 1189 1127 1224 exstinctumque,
1146 1196 1173 1217 et
1189 1198 1281 1225 pacem
1305 1191 1434 1218 Ecclesiae
1454 1191 1587 1219 redditam
1602 1192 1634 1218 A.
1645 1191 1678 1219 C.

897 1235 960 1262 524.
974 1235 1080 1264 Indices
1099 1237 1218 1271 capitum
1232 1237 1265 1264 ab
1278 1237 1336 1272 ipso
1351 1237 1469 1265 Eusebio
1493 1237 1618 1272 praeﬁxos
1632 1238 1682 1266 do-

897 1285 940 1309 cet
954 1281 1086 1309 Valesius.
1102 1282 1156 1317 Τὴν
1176 1282 1288 1309 καθόλου
1315 1283 1443 1318 ἱστορίαν,
1469 1284 1605 1310 historiam
1621 1285 1681 1311 uni-

896 1328 1022 1355 versalem
1038 1328 1251 1355 ecclesiasticam
1269 1333 1347 1356 vocat
1361 1337 1430 1364 opus
1453 1337 1531 1357 suum
1548 1329 1680 1358 Eusebius

898 1375 945 1402 lib.
961 1384 1022 1406 vni,
1039 1383 1098 1410 cap.
1116 1375 1144 1407 2,
1161 1383 1223 1410 pag.
1238 1375 1301 1402 ΞΜ.

934 1420 1029 1448 Latine
1044 1424 1150 1448 vertere
1173 1420 1258 1448 voluit.
1277 1420 1459 1456 Hieronymus
1476 1421 1508 1456 (Ι)
1528 1421 1680 1457 scripturus

898 1467 1040 1494 historiam
1051 1467 1275 1499 ecclesiasticam,
1285 1466 1331 1501 qui
1343 1467 1422 1494 etiam
1435 1465 1505 1493 libro
1519 1467 1555 1495 De
1566 1468 1680 1501 scripto-

899 1513 970 1540 ribus
986 1513 1172 1540 ecclesiasticis
1188 1513 1317 1548 pleraque
1346 1511 1438 1539 omnia
1457 1512 1563 1547 repetiit
1581 1521 1614 1541 es
1628 1513 1681 1541 Eu-

900 1559 986 1591 sebio,
1007 1559 1072 1586 licet
1083 1559 1215 1586 translata
1231 1559 1344 1586 liberius
1363 1566 1414 1586 nec
1426 1566 1533 1594 semper
1552 1559 1619 1587 satis
1635 1566 1682 1586 ac-

901 1610 1004 1634 curate.
1022 1605 1110 1633 Vertit
1131 1605 1239 1632 Eusebii
1260 1605 1409 1632 llistoriam
1434 1605 1558 1638 Rulinus,
1573 1605 1620 1633 sed
1643 1606 1682 1633 ita

900 1656 930 1678 ut
950 1652 1024 1679 varia
1036 1652 1137 1686 passim
1156 1652 1309 1686 librumque
1321 1651 1457 1679 decimum
1489 1652 1526 1686 (g)
1546 1652 1682 1687 integrum

900 1697 1095 1732 propemodum
1124 1697 1271 1728 omitteret,
1290 1697 1341 1723 alia
1370 1696 1479 1724 adderet
1496 1700 1577 1732 atque
1599 1697 1679 1724 inter-

901 1743 1015 1778 polaret,
1032 1746 1060 1770 et
1077 1742 1135 1777 ipse
1149 1742 1233 1770 libros
1248 1742 1317 1770 duos
1335 1750 1420 1769 novos
1445 1742 1622 1778 subjungeret
1633 1742 1682 1777 (h),

901 1790 1082 1824 producenles
1110 1789 1232 1816 historiae
1248 1789 1328 1816 telam
1347 1789 1380 1816 ad
1406 1788 1553 1816 Theodosii
1570 1788 1605 1816 Μ.
1624 1788 1684 1816 obi-

901 1841 959 1864 tum
973 1844 1068 1871 usque.
1086 1837 1133 1864 sed
1150 1837 1270 1867 incertis.
1287 1836 1386 1870 quibus
1402 1839 1517 1868 seatent,
1541 1839 1568 1862 et
1589 1843 1684 1870 parum

902 1883 1079 1910 credibilibus
1099 1881 1418 1916 narrationibusjudicio
1436 1884 1462 1908 et
1486 1880 1546 1907 ﬁdei
1574 1879 1684 1907 Eusebii

903 1928 1062 1968 neutiquam
1079 1927 1284 1962 respondentes.
1296 1927 1387 1954 Rulini
1403 1926 1491 1953 vcrsio
1503 1926 1592 1953 dicata
1603 1925 1685 1953 Chro-

903 1974 998 2006 matio,
1016 1973 1336 2009 Aquileiensi'episcopo,
1351 1977 1378 2000 et
1398 1973 1454 2007 jam
1470 1971 1621 2007 Augustino
1635 1971 1682 2013 lib.

904 2023 943 2050 De
958 2030 1022 2049 cura
1042 2029 1089 2056 pro
1104 2021 1227 2053 mortuis,
1245 2028 1269 2048 c.
1284 2020 1311 2053 6,
1332 2020 1452 2052 laudata,
1463 2026 1524 2054 quae
1540 2018 1627 2045 lucem
1644 2014 1685 2045 ri-

942 2121 975 2156 (f)
993 2120 1103 2147 Hieron.
1126 2119 1153 2145 in
1181 2118 1241 2145 Vita
1269 2117 1298 2145 S.
1319 2117 1445 2156 ‘lllalclti:
1462 2115 1542 2156 Prius
1571 2115 1686 2156 eaerceri

906 2151 980 2191 cupio
992 2157 1017 2182 in
1038 2163 1118 2191 parvo
1136 2162 1220 2189 opere,
1244 2158 1268 2180 et
1286 2152 1364 2191 veluti
1380 2151 1686 2191 quamdant_rubiginem

907 2185 1002 2227 litigua:
1029 2185 1186 2227 dbsterge‘re,
1211 2194 1240 2215 ut
1255 2188 1350 2227 _t'em'_re
1377 2185 1482 2227 possim
1501 2185 1535 2227 ad
1565 2186 1686 2227 latiorem

906 2222 1055 2254 historiam.
1082 2222 1200 2252 Scribere
1219 2224 1287 2251 enim
1306 2223 1422 2256 disposui
1448 2222 1482 2253 (si
1497 2226 1582 2247 tamen
1607 2222 1686 2247 vitam

907 2262 975 2289 Deus
986 2260 1096 2291 dederit,
1110 2265 1135 2287 et
1151 2261 1174 2286 si
1185 2261 1369 2293 vituperatores
1382 2258 1431 2284 mei
1445 2257 1537 2293 saltem
1548 2256 1686 2293 fugientem

908 2306 948 2324 me
960 2302 984 2324 et
996 2290 1113 2323 clausum
1129 2290 1245 2329 persequi
1270 2293 1414 2328 desierint),
1429 2292 1466 2329 _ab
1492 2291 1582 2329 cve'tttu
1594 2290 1687 2329 Salva-

909 2333 973 2359 toris
994 2340 1075 2366 usque
1093 2326 1134 2357 ad
1142 2337 1258 2357 nostram
1277 2326 1396 2366 a't‘atem,‘
1407 2327 1434 2354 id
1447 2331 1496 2357 est,
1513 2326 1545 2366 ab
1561 2327 1686 2360 apostolis

908 2376 988 2402 usque
1002 2362 1037 2393 ad
1054 2366 1131 2402 hujus
1147 2365 1267 2402 temporis
1300 2364 1404 2402 fugient,
1433 2362 1560 2402 quomodo
1591 2367 1614 2388 et
1642 2369 1706 2402 per.

908 2397 971 2438 quos
985 2397 1216 2429 CltristivErclesia
1239 2404 1303 2438 itala
1319 2400 1352 2426 sit
1367 2404 1390 2425 et
1404 2397 1506 2438 adulta,
1533 2398 1687 2438 persecutio-

909 2434 984 2465 hibus
1001 2437 1118 2467 creverit,
1133 2435 1268 2469 martyriis
1287 2438 1410 2461 coronata
1432 2434 1476 2463 sit.
1500 2437 1525 2459 et
1551 2437 1686 2469 postquam

909 2473 942 2500 ad
954 2473 1118 2500 Christianos
1132 2467 1260 2508 principes
1285 2470 1400 2508 verterit,_
1415 2469 1530 2508 patentia
1542 2467 1644 2502 quidem
1662 2471 1687 2493 et

909 2509 1007 2535 divitiis
1028 2508 1124 2539 maior,
1133 2504 1276 2533 uirtutibus
1291 2505 1375 2532 minor
1389 2504 1460 2537 facta
1475 2504 1517 2539 sit.

947 2544 982 2579 (g)
1006 2537 1239 2579 Rulinus,___epis_t.
1252 2540 1290 2579 _ad
1308 2540 1469 2579 Chremeti
1487 2537 1624 2564 Sciendum
1637 2541 1689 2577 _est

909 2572 980 2614 quod
998 2578 1112 2614 decimus
1124 2572 1193 2614 liber
1211 2575 1288 2614 hujus
1304 2575 1388 2614 operis
1405 2575 1431 2600 in
1448 2573 1549 2614 Graec,
1564 2572 1686 2612 quoniam

909 2609 1049 2649 perparum
1061 2613 1137 2639 habet
1150 2613 1177 2638 in
1197 2611 1272 2649 rebus
1289 2611 1378 2645 gestis,
1389 2617 1433 2649 per
1449 2609 1550 2649 reliqua
1561 2609 1651 2649 omnia
1660 2609 1686 2633 in

910 2642 1089 2684 episcoporum
1113 2642 1276 2682 panegyricis
1292 2642 1459 2684 tractatibus
1473 2643 1539 2684 [nihil
1551 2642 1594 2684 ad
1610 2642 1689 2669 scien-

910 2678 976 2712 tiam
988 2678 1074 2711 rerum
1089 2678 1238 2718 oécupdtits,
1252 2682 1354 2718 omissis
1368 2688 1426 2715 qua:
1437 2678 1589 2718 videbantur
1598 2684 1687 2718 super-

910 2721 975 2755 ﬂua,
993 2719 1119 2752 historia),
1137 2712 1168 2755 si
1175 2717 1352 2755 quidbabuit,
1365 2712 1441 2755 multo
1455 2712 1688 2755 c‘ottjunxim‘usti-

912 2747 1007 2787 bro,“
1022 2755 1049 2781 in
1075 2747 1129 2788 ipso
1147 2747 1251 2780 Edsebii
1268 2750 1427 2788 narrationi:
1454 2748 1573 2775 dedimus
1595 2747 1685 2787 ﬁnem.

912 2785 1047 2818 Dec-imum
1057 2785 1116 2816 vero
1126 2792 1150 2815 et
1163 2787 1328 2815 undecimum
1353 2785 1448 2812 librum
1463 2792 1509 2810 nos
1533 2785 1688 2816 conscripsi-

911 2834 981 2853 mus.
996 2831 1049 2852 εις.

996 2845 1164 2900 “De‘boruni
1191 2854 1420 2900 duor‘tlmﬂllitllini
1445 2853 1575 2882 librorum
1597 2852 1694 2879 Graeca

899 2892 1038 2926 .versione
1054 2895 1110 2923 dixi
1122 2893 1192 2921 intra
1207 2893 1235 2920 in
1255 2892 1374 2920 Socrate.
