1915 3135
56 162 84 191 29

57 223 136 256 partes
146 219 334 252 distributum,
351 226 465 254 quarum
489 219 575 247 altera
593 219 702 249 Eusebii
719 239 726 252 ,
739 220 825 248 altera
839 221 863 250 Α

58 266 136 294 Ruﬁni
163 266 248 293 libros
271 265 400 298 continet,
421 265 456 292 ad
471 264 620 294 Vaticanos
648 274 716 294 mss.
742 265 822 294 codd.

57 317 152 339 exactos
165 311 292 346 notisque
305 311 465 344 illustratos,
481 310 572 339 studio
582 311 612 338 F.
630 311 702 340 Petri
717 311 826 339 Thomze

57 357 166 386 Caeciari
179 357 290 384 —Acc.
307 361 452 392 postremae
470 357 541 392 parti
555 357 678 392 ejusdem
695 357 767 386 Diss.
783 358 823 385 De

58 405 112 435 sita,
138 403 188 437 ﬁde
208 411 241 430 ac
265 402 416 430 Eusebiana
442 402 501 437 ipsa
523 402 613 438 Ruﬁni
640 404 824 431 translatione.

59 450 147 482 Romae,
162 456 226 484 pars
247 457 268 481 ι,
285 448 372 482 174ος
384 457 411 484 p.
429 457 460 481 ιι,
473 449 553 483 1741,
570 449 598 482 4,
616 449 650 477 de
672 458 727 485 quo
744 457 826 484 opere

59 496 154 530 copiose
182 494 295 523 disserit
323 493 540 523 Schoenemann.
566 495 585 523 l.
602 503 639 528 c.,
655 503 682 531 p.
699 495 750 523 594
765 503 824 530 sqq.

59 541 166 569 Caeciar.
180 544 288 568 textum
306 539 340 567 ad
359 541 478 576 quinque
493 541 574 569 codd.
590 540 746 575 Vaticanos,
758 548 826 576 quos

59 590 118 615 idem
142 586 304 615 Schoenem.
321 587 433 615 uberius
458 591 592 620 recenset,
610 587 725 616 contulit
745 591 827 623 atque

58 633 205 665 emendavit,
225 633 260 660 de
285 633 472 669 superioribus
485 633 618 668 judicavit
642 633 825 666 versionibus,

58 684 80 708 et
89 679 189 706 (ἔτερος
200 678 312 707 Eusebii
322 679 402 707 codd.
417 679 450 706 ad
465 686 550 706 unum
571 686 667 707 omnes
681 686 731 714 pro
742 679 828 706 inter-

58 725 143 760 polatis
157 729 237 759 atque
260 725 400 760 corruptis
423 724 520 759 habet;
537 729 633 753 contra
648 728 725 759 putat
750 724 828 752 Ruti-

58 777 123 801 num,
134 769 240 797 Eusebii
260 770 429 805 temporibus
442 775 497 797 tam
517 770 711 805 propinquum,
723 777 756 798 ex
768 769 828 797 fon-

59 816 120 844 tibus
132 816 254 844 hausisse
271 815 481 851 limpidioribus.
507 816 629 844 Caeciar.
652 815 724 851 quod
736 815 828 843 Ruﬁni

59 863 194 890 versionem
219 863 302 898 longe
317 867 446 898 praestare
461 861 615 890 Valesianae
636 862 826 896 contenderat,

59 909 211 937 Tartarottus
240 909 269 937 in
293 909 425 945 singulari
441 909 524 945 disp.,
551 909 675 937 Tridenti
697 909 776 942 17.18,
794 909 829 937 de
843 898 864 926 Β

59 956 168 983 versione
181 954 329 983 Ruﬁniana
352 955 389 984 Η.
413 955 447 982 Ε.
468 955 589 987 Eusebii,
619 955 778 990 dignitatem
802 959 829 983 et

57 1001 225 1037 praestantiam
246 1001 401 1029 Valesianze
419 1001 651 1036 interpretationis
668 1001 826 1029 vindicavit.

58 1047 183 1083 —Atque
202 1046 305 1075 Valesii
326 1047 416 1075 versio
440 1046 551 1075 Eusebii
567 1046 604 1074 Η.
625 1046 658 1073 E.
671 1051 697 1074 et
717 1046 755 1073 De
776 1047 829 1074 vita

58 1093 209 1127 imperatoris
226 1093 400 1121 Constantini
415 1092 476 1121 libr.
493 1100 530 1125 tv,
550 1100 612 1120 cum
627 1093 746 1120 oratione
758 1092 828 1120 Con-

59 1140 156 1166 stantini
172 1139 205 1166 ad
231 1144 342 1167 sanctos
370 1143 398 1166 et
428 1146 489 1166 cum
514 1138 679 1174 Panegyrico
707 1138 828 1171 Eusebii,

59 1191 110 1211 eum
133 1185 201 1213 notis
224 1184 330 1212 Valesii
352 1189 379 1212 et
404 1185 541 1212 variorum
557 1192 589 1212 ex
606 1185 748 1220 iteadingii
762 1185 829 1213 edit.

60 1239 142 1259 recusa
153 1235 194 1259 est
219 1231 281 1259 sine
302 1234 377 1259 textu
390 1233 496 1264 Graeco,
512 1230 651 1264 Venetiis,
677 1232 748 1267 typis
774 1231 830 1259 An-

61 1279 114 1305 tonii
131 1278 204 1306 Zatta
228 1277 317 1311 1763,
343 1277 408 1305 tomi
428 1278 498 1309 duo,
532 1277 558 1304 in
592 1278 680 1305 tribus
694 1278 758 1306 voll.
795 1279 829 1312 4,

61 1325 87 1352 de
100 1332 147 1359 qua
161 1324 227 1351 edit.
243 1323 312 1351 vid‘e
334 1323 370 1351 cl.
388 1322 502 1355 Morelli,
515 1323 594 1358 epist.
619 1323 652 1350 ad
670 1330 712 1350 me
727 1323 829 1356 datam,

60 1374 82 1396 et
95 1370 237 1405 evulgatam
255 1377 271 1396 a
284 1377 330 1397 me
360 1368 397 1396 in-
413 1368 517 1396 Introd.
533 1369 560 1395 in
571 1368 634 1395 hist.
646 1367 678 1395 L.
689 1368 735 1396 Gr.
753 1369 786 1400 ll,
802 1368 830 1402 2,

61 1423 110 1450 pag.
124 1415 172 1443 559
184 1423 226 1450 sq.
242 1430 278 1435 —
296 1414 335 1442 De
347 1414 513 1442 editionibus
534 1413 639 1442 Latinis
653 1418 733 1449 atque
748 1414 832 1442 inter-
869 1420 871 1422 ·

61 1460 164 1494 pretibus
177 1460 236 1488 Lat.
254 1469 282 1488 v.
305 1467 414 1495 quoque
431 1458 535 1487 Stroth.
559 1460 587 1487 in
613 1459 690 1495 praef.
707 1459 740 1486 ad
755 1467 831 1487 suam

61 1505 152 1534 Eusebii
168 1506 202 1534 Η.
219 1506 253 1534 Ε.
271 1506 353 1538 edit.,
366 1514 427 1542 pag.
449 1514 544 1538 xxvnt,
559 1513 619 1541 sqq.
638 1505 725 1533 Hann.

87 1551 167 1580 Grece
186 1553 312 1585 Eusebii,
332 1551 465 1584 Socratis,
481 1552 656 1583 Theodoriti,
687 1551 831 1580 Sozomeni
846 1568 866 1597 ο

60 1602 81 1625 et
93 1598 190 1634 Evagrii
204 1598 362 1626 Historiam
387 1597 592 1626 ecclesiasticam
619 1598 832 1633 elegantissimis

60 1645 119 1680 typis
131 1653 161 1673 ex
174 1645 256 1673 codd.
277 1645 363 1680 regiis
382 1644 467 1672 edidit
484 1643 554 1671 Bob.
572 1643 726 1679 Stephanus
744 1644 831 1672 Paris.

61 1692 179 1725 1341,iol.
199 1691 306 1720 Confer
329 1690 429 1718 laudati
447 1690 529 1725 lttigii
548 1690 649 1717 librum
667 1690 704 1717 De
721 1689 833 1718 Patrum

60 1737 230 1770 Bibliotheeis,
256 1746 285 1773 p.
311 1737 361 1763 727
385 1744 426 1771 sq.
445 1736 528 1764 FABR.
553 1736 622 1764 Add.
646 1735 833 1764 Literariscltes

60 1774 234 1816 ii’ocheiiitlatt,
252 1788 325 1811 tom.
349 1781 375 1815 ι,
392 1782 534 1818 Noriberg.
560 1783 640 1815 mo,
658 1783 692 1816 8,
712 1786 783 1817 part.
798 1791 832 1814 χ,

62 1837 110 1865 pag.
125 1831 171 1858 137
186 1839 227 1866 sq.
246 1845 284 1850 —-
306 1829 346 1858 De
364 1829 511 1864 Stephani,
538 1828 640 1857 Valesii
668 1833 696 1856 et
713 1829 834 1865 Rcading

60 1876 112 1904 edd.
123 1876 165 1904 Gr.
181 1877 285 1904 multus
305 1875 492 1904 estClcment.
506 1874 572 1908 Vill,
585 1883 646 1910 pag.
666 1875 717 1902 187
730 1882 791 1909 sqq.
807 1875 835 1901 in

60 1921 119 1949 Bibl.
132 1921 252 1950 Leidensi
273 1925 321 1950 est
335 1921 483 1956 exemplar,
500 1927 583 1947 manu
599 1920 730 1955 Scaligeri
747 1919 836 1946 inlini-

62 1969 89 1995 tis
101 1968 164 1996 locis
180 1969 371 2003 conscriptum
388 1972 415 1994 et
431 1966 605 1995 emendatum
624 1974 658 1994 ex
667 1966 700 1993 V.
713 1966 774 1994 cod.
801 1965 833 1993 V.

61 2013 217 2050 Catal.,pag.
242 2014 299 2046 19,
320 2017 347 2041 et
363 2013 429 2041 ibid.
453 2013 527 2040 aliud
544 2020 605 2040 cum
631 2012 763 2040 adnotalt.
784 2012 835 2040 viri

61 2059 131 2087 docti.
150 2060 234 2088 "ARL.

91 2104 174 2133 Graece
189 2111 216 2133 et
230 2106 332 2133 Latine
345 2105 454 2133 eosdem
469 2105 618 2139 scriptores
629 2104 774 2139 vulgarunt
784 2104 836 2132 Ge-

63 2158 194 2184 nercnses,
216 2152 316 2179 addita
343 2150 368 2179 J.
396 2150 637 2185 Christophorsoni
662 2150 788 2177 versione
809 2153 836 2177 et

64 2196 156 2224 Suiiridi
180 2197 253 2226 Petri
269 2188 510 2228 adnotationibus,
525 2203 596 2224 anno
608 2196 691 2229 1612,
705 2196 763 2228 fol.,
776 2204 836 2231 quae

64 2244 141 2276 editio,
155 2245 218 2280 quia
239 2251 341 2280 parum
358 2243 500 2271 emendata
518 2245 569 2274 est,
583 2242 642 2270 ideo
654 2242 721 2269 nihil
736 2250 767 2270 ea
787 2241 835 2269 ﬂa-
853 2247 873 2274 ί)

63 2289 172 2323 gitiosius
185 2290 326 2325 prodiisse
344 2289 382 2316 ait
402 2289 586 2317 Montacutius
601 2297 629 2323 p.
644 2288 694 2314 187
715 2287 836 2322 Appara-

64 2339 97 2360 tus
112 2335 142 2362 ad
156 2336 269 2371 origines
285 2335 490 2362 ecclesiasticas.
521 2334 591 2371 [Sed
619 2335 646 2362 in
667 2341 753 2370 marg.
773 2338 838 2361 sunt

63 2379 89 2407 ν.
105 2381 132 2408 L.
155 2390 170 2410 e
185 2381 285 2418 codd.]

91 2427 127 2454 Ab
141 2436 172 2456 eo
192 2433 319 2464 tempore
334 2427 445 2455 Eusebii
461 2427 582 2454 Historia
592 2447 599 2458 ,
626 2426 694 2453 liber
713 2426 752 2453 De
766 2434 838 2453 mar-

64 2473 149 2506 tyribus
172 2473 349 2506 Palaestina,
368 2474 429 2501 libri
453 2482 480 2500 IV
507 2473 545 2500 De
566 2473 626 2500 Vita
652 2472 836 2504 Constantini,

64 2526 115 2545 eum
128 2519 298 2548 Constantini
320 2520 440 2547 oratione
466 2519 501 2546 ad
523 2524 628 2546 sanctos
643 2523 669 2546 et
682 2518 792 2546 Eusebii
809 2519 835 2545 in

65 2576 186 2612 prodiisse
202 2579 314 2606 videtur
328 2577 449 2604 Strothio
477 2585 501 2604 a.
529 2577 616 2609 1559,
634 2577 681 2612 qui
704 2584 794 2612 annus
809 2577 837 2604 in

65 2611 109 2647 line
133 2613 313 2641 dedicationis
339 2612 459 2640 Godsalli
487 2611 658 2647 subscriptus
683 2616 735 2639 est.
765 2611 837 2638 Idem

66 2644 189 2683 strothius
214 2657 248 2676 ex
276 2649 328 2675 alia
353 2647 471 2675 Godsalii
497 2648 573 2683 praef.
592 2644 745 2678 concludit,
776 2654 837 2683 eam

66 2681 121 2718 edit.
135 2683 212 2710 etiam
227 2684 394 2718 Antwerpim
406 2683 474 2718 1568
497 2681 573 2718 prelo
587 2683 702 2715 exiisse;
719 2682 837 2717 denique

66 2714 149 2745 Colon.
164 2714 372 2753 Apripp.1612,
391 2717 439 2745 fol.
458 2717 496 2744 lo.

96 2753 213 2791 [a)_Non_
227 2752 327 2791 desunt
349 2753 584 2791 quidem-iuliae
607 2754 689 2781 etiam
713 2752 838 2791 versione

68 2788 103 2812 sui
123 2788 182 2815 hinc
207 2789 271 2816 inde
287 2790 371 2821 nzevi,
394 2797 409 2815 a
427 2788 493 2815 viris
509 2788 597 2816 doctis
627 2792 730 2823 partem
748 2788 782 2815 ab
806 2795 838 2814 eo

69 2823 174 2865 tfmpore
187 2825 350 2865 notati,__sed
363 2829 482 2865 propter
507 2824 637 2864 plurima,
651 2831 721 2865 "quae
742 2823 836 2850 rectis—

69 2856 125 2893 sime
135 2862 213 2893 atque
227 2856 415 2888 eruditissime
424 2856 466 2885 vir
477 2856 600 2886 summus
614 2856 680 2886 vidit
687 2862 714 2885 et
724 2865 836 2893 expres-

70 2891 106 2924 sit,
122 2891 222 2922 laudem
232 2902 341 2931 semper
356 2894 502 2924 maximam
513 2894 579 2922 feret
591 2894 624 2922 ab
637 2893 722 2928 aequis
741 2891 768 2921 et
778 2900 838 2921 cor-
853 2926 856 2930 ι

776 159 923 188 NOTlTlA.

1629 159 1663 187 50

876 218 1043 246 Constantini
1072 218 1234 254 Panegyrico
1258 217 1392 254 insignem
1415 217 1520 253 accepit
1545 217 1633 252 lucem
1649 226 1662 243 a

875 265 1005 300 praeclara
1021 264 1154 292 industria
1181 263 1360 291 eruditissimi
1373 264 1435 296 viri,
1453 263 1565 291 llenrici
1582 261 1663 289 Vale-

876 310 921 343 sii,
939 310 985 345 qui
999 309 1092 337 Graeca
1107 308 1246 337 recensuit
1260 308 1294 336 ad
1312 315 1377 336 mss.
1396 308 1476 336 binos
1496 307 1578 343 regia:
1595 307 1662 334 bibl.

875 356 975 392 quibus
999 355 1068 382 Rob.
1088 354 1242 390 Stephanus
1269 363 1337 383 usus
1367 354 1471 387 fuerat,
1496 353 1665 388 tertiumque

875 402 1008 437 optimum
1023 400 1246 433 Mazarinianum,
1263 400 1374 428 seholiis
1385 400 1467 427 etiam
1483 399 1587 427 Graecis
1600 399 1665 425 hinc

875 447 938 475 inde
955 447 1136 478 illustratum,
1152 453 1212 480 quae
1226 445 1299 472 notis
1312 445 1371 473 suis
1390 445 1520 480 pleraque
1538 444 1665 472 Valesius

876 493 1001 524 inseruit,
1017 496 1044 520 et
1054 495 1182 526 quartum
1198 490 1257 518 Nic.
1273 490 1406 523 Fucketii,
1422 495 1479 518 tum
1491 491 1584 518 varias
1599 491 1662 518 lect.

876 547 892 567 e
911 538 1042 569 Turnebi,
1059 536 1184 564 Vulcobii
1201 540 1228 564 et
1249 536 1342 564 Savilii
1359 535 1500 564 codicibus
1516 546 1522 563 :
1541 540 1597 563 tum
1612 543 1663 562 no-

876 593 937 613 vam
952 589 978 612 et
996 584 1194 612 accuratiorem
1215 582 1253 619 (α)
1286 583 1439 610 versionem
1469 587 1601 617 notasque
1617 582 1665 610 do-

877 634 935 658 ctas
953 634 1034 666 atque
1049 629 1176 657 omnibus
1186 628 1306 656 historiae
1318 628 1417 655 eccles.
1430 627 1560 655 studiosis
1574 628 1664 662 legen-

878 677 927 704 das
941 676 1064 704 addidit:
1085 675 1202 710 denique
1217 678 1315 709 praeter
1333 673 1405 701 Diss.
1421 673 1455 701 de
1472 672 1531 700 Vita
1555 673 1664 701 Eusebii

878 726 904 751 et
919 723 1040 758 scriptis,
1052 726 1079 750 et
1093 725 1214 750 veterum
1226 722 1260 749 de
1272 720 1390 749 Eusebio
1406 721 1433 748 in
1451 723 1594 754 utramque
1606 727 1666 754 par-

878 775 932 799 tem
948 770 1116 802 testimonia,
1131 768 1261 804 praemisit
1277 768 1347 796 Petri
1368 768 1402 795 de
1415 767 1507 794 Marca
1523 767 1666 802 epistolam

879 821 912 848 ad
925 829 955 849 se
972 821 1102 856 scriptam
1117 820 1149 848 de
1163 819 1314 856 originibus
1335 818 1539 846 Christianismi
1561 818 1589 844 in
1603 816 1667 844 Gal-

880 867 926 899 lia,
945 875 999 902 quo
1013 867 1047 894 de
1072 870 1232 902 argumento
1247 865 1366 894 conferri
1384 865 1466 892 etiam
1481 867 1597 899 possunt
1609 863 1667 890 An-

879 914 959 941 dreas
982 912 1124 940 Saussaaus
1150 912 1187 939 De
1213 912 1331 947 mysticis
1360 911 1455 939 Galliae
1474 910 1666 945 scriptoribus,

879 968 906 995 p.
922 960 975 987 279
989 968 1033 996 sq.
1047 964 1075 988 et
1087 960 1140 987 300
1157 967 1212 994 sq.,
1228 963 1255 986 et
1265 962 1360 986 auctor
1374 966 1451 985 nova:
1466 956 1668 984 dissertationis

879 1007 918 1034 De
936 1012 1049 1041 tempore
1063 1005 1220 1034 introductae
1235 1006 1264 1032 in
1284 1004 1401 1032 Galliam
1417 1004 1578 1032 Christiana:
1603 1004 1668 1030 reli-

879 1054 963 1089 gionis
986 1053 1031 1089 (de
1055 1060 1108 1088 qua
1129 1051 1313 1086 Epltemerides
1339 1051 1502 1078 Parisienses
1528 1058 1553 1078 a.
1581 1050 1666 1082 1705,

879 1107 907 1134 p.
926 1099 1020 1133 1071),
1045 1098 1180 1133 praecipue
1195 1096 1315 1124 Joannes
1334 1095 1473 1123 Launoius
1491 1096 1518 1122 in
1546 1095 1668 1130 epistolae

879 1143 952 1172 Petri
975 1143 1009 1171 de
1026 1143 1116 1170 Marca
1140 1142 1341 1178 dispunctione.
1364 1141 1576 1170 Dissertationes
1588 1140 1668 1168 Vale-

880 1189 938 1218 sius
965 1189 1040 1218 notis
1071 1189 1130 1217 suis
1162 1188 1304 1223 subiunxit
1331 1188 1380 1215 has
1408 1191 1548 1222 quatuor:
1573 1187 1599 1214 1.
1632 1186 1669 1213 De

881 1236 1020 1263 schismate
1034 1236 1236 1263 Donatistarum
1250 1243 1329 1270 usque
1348 1234 1382 1261 ad
1406 1232 1438 1260 Α.
1454 1233 1484 1261 C.
1503 1233 1569 1267 525;
1585 1233 1612 1260 2.
1631 1233 1669 1259 De

881 1289 932 1308 uno
945 1286 1057 1313 tantum,
1074 1289 1124 1308 non
1148 1280 1249 1307 duobus
1267 1279 1369 1314 templis
1382 1288 1398 1305 a
1411 1278 1586 1306 Constantino
1602 1277 1668 1304 Hie-

881 1328 1021 1363 rosolymw
1033 1326 1164 1358 conditis;
1181 1327 1207 1353 ὅ.
1223 1325 1264 1352 Ad
1285 1325 1345 1352 Jac.
1365 1324 1515 1356 Usscrium,
1543 1323 1668 1351 adversus

882 1373 954 1400 illius
968 1373 1124 1400 sententiam
1137 1372 1168 1398 de
1180 1370 1283 1405 perdita
1303 1370 1418 1398 versione
1431 1369 1508 1396 LXX
1536 1368 1669 1403 Interpre-

882 1428 937 1450 tum
953 1427 976 1450 et
991 1420 1120 1456 Ilexaplt's
1131 1421 1250 1456 Origenis
1259 1429 1268 1452 ;
1283 1420 1309 1448 4.
1326 1419 1365 1447 De
1378 1417 1580 1455 Martyrologio,
1600 1418 1669 1454 quod

882 1472 1032 1500 Rosweidus
1054 1471 1157 1503 edidit,
1179 1475 1204 1497 et
1228 1477 1363 1505 perperam
1388 1477 1435 1503 pro
1455 1470 1533 1495 veteri
1557 1468 1669 1503 genuino

884 1519 1002 1546 Romano
1016 1516 1207 1552 Martyrologio
1224 1516 1346 1550 jactauit.
1373 1514 1476 1542 Prodiit
1490 1513 1600 1542 Eusebii
1616 1513 1666 1541 Va-

883 1566 943 1594 lesii
953 1566 1047 1593 Graece
1060 1569 1087 1592 et
1101 1563 1197 1591 Latine
1209 1562 1297 1590 Paris.
1307 1569 1437 1598 perquam
1452 1561 1537 1588 nitide
1551 1560 1669 1592 a.1659,

884 1612 943 1644 101.,
958 1611 1030 1646 apud
1043 1609 1190 1637 Antonium
1206 1608 1282 1637 Vitre
1292 1629 1299 1641 ,
1317 1613 1343 1636 et
1361 1617 1395 1636 ex
1416 1608 1518 1635 Valesii
1532 1607 1671 1642 chirogra-

884 1658 938 1693 pho
951 1678 958 1689 ,
983 1656 1078 1692 paucis
1102 1654 1265 1691 quibusdam
1281 1655 1309 1682 in
1325 1655 1450 1682 versione
1466 1655 1576 1681 mutatis
1589 1658 1671 1689 atque

884 1703 1007 1739 pluribus
1019 1702 1130 1734 additis,
1146 1708 1205 1736 quae
1222 1700 1332 1728 uncinis
1346 1701 1453 1728 inclusa
1467 1703 1531 1728 sunt
1548 1700 1575 1727 in
1587 1700 1671 1727 anim-

885 1749 1093 1778 adversionihus
1117 1756 1149 1776 ex
1174 1747 1302 1775 secundis
1344 1747 1446 1775 Valesii
1471 1747 1566 1779 curis,
1599 1746 1672 1782 apud

884 1795 994 1823 Petrum
1010 1795 1033 1822 le
1053 1794 1134 1827 Petit,
1150 1793 1237 1821 Paris.
1257 1793 1339 1824 1677,
1360 1793 1408 1821 fol.
1426 1792 1531 1820 Exinde
1546 1793 1580 1820 ad
1594 1800 1671 1828 prio-

885 1855 943 1874 rem
957 1846 1000 1874 ed.
1016 1852 1131 1873 recusus
1145 1843 1305 1879 Moguntina,
1325 1847 1355 1870 ut
1376 1843 1458 1870 habet
1478 1842 1589 1874 titulus,
1614 1842 1671 1869 sive

885 1891 1060 1919 Francofurti
1075 1891 1166 1926 potius
1186 1890 1273 1923 1672,
1306 1889 1365 1921 10L,
1380 1894 1407 1916 et
1434 1888 1467 1915 ad
1492 1888 1670 1923 posteriorem

885 1937 1033 1966 editionem
1045 1935 1227 1964 Parisiensem
1239 1955 1246 1967 ,
1262 1934 1398 1962 Amsterd.
1416 1933 1485 1960 1695
1495 1953 1503 1965 ,
1526 1932 1585 1964 fol.,
1601 1932 1671 1967 typis

886 1982 1163 2011 Francoiurtensibus
1201 1980 1363 2008 Wustianis.
1402 1979 1509 2014 Pagina:
1542 1978 1669 2009 Eusebii,

887 2035 958 2070 quod
973 2034 1147 2062 vehementer
1161 2031 1322 2064 dolendum,
1342 2032 1369 2057 in
1385 2030 1435 2057 hac
1451 2033 1588 2064 postrema
1599 2028 1671 2055 haud

887 2080 1052 2116 respondent
1067 2078 1115 2115 (b).
1144 2077 1217 2106 Obiit
1232 2075 1356 2105 Valesius
1371 2075 1494 2108 Parisiis,
1509 2075 1594 2102 Nonis
1608 2073 1671 2101 Maii

887 2135 913 2154 a.
929 2126 1010 2158 1676,
1024 2125 1132 2160 vitaque
1146 2124 1216 2160 ejus,
1232 2131 1247 2151 a
1267 2123 1350 2150 fratre
1367 2121 1487 2149 Adriano
1508 2121 1620 2155 scripta,
1638 2121 1672 2147 ad

887 2171 1056 2200 Ludovicum
1070 2169 1210 2197 Nublaaum
1223 2189 1230 2201 ,
1252 2172 1314 2204 post
1327 2167 1509 2195 Parisiensem
1525 2165 1672 2193 editionem

887 2224 984 2245 recusa
1004 2215 1102 2251 Lipsiae
1118 2215 1198 2247 1680,
1215 2214 1246 2247 8,
1271 2221 1336 2242 cura
1351 2213 1513 2241 nobilissimi
1526 2212 1577 2240 viri
1596 2211 1671 2239 Frid.

888 2263 954 2291 Ben.
968 2262 1129 2298 Corpzovii,
1156 2266 1236 2296 atque
1257 2261 1287 2288 in
1312 2260 1379 2288 Vitis
1397 2259 1551 2287 selectorum
1572 2258 1673 2292 aliquot

888 2311 1014 2342 virorum,
1024 2297 1043 2336 a
1053 2308 1123 2336 Guil.
1142 2307 1252 2335 Batesio
1266 2306 1387 2334 collectis
1398 2310 1425 2333 et
1440 2304 1555 2332 Londini
1568 2297 1670 2344 a..1681_

888 2360 914 2384 ct
930 2355 1009 2387 170.1,
1025 2355 1053 2389 Δ,
1065 2354 1146 2382 editis
1158 2361 1185 2389 p.
1199 2353 1261 2385 719,
1273 2356 1299 2380 et
1314 2355 1377 2380 ante
1396 2351 1543 2378 Eusebium
1570 2349 1673 2377 Valesii

888 2401 952 2429 cdit.
965 2400 1053 2428 Amst.
1068 2399 1148 2433 1695,
1159 2399 1207 2426 fol.
1229 2398 1312 2425 Fssn.

922 2461 1030 2496 Integra
1045 2459 1147 2487 Valesii
1163 2458 1247 2486 editio
1271 2456 1453 2492 Cantabrigiae
1472 2460 1549 2482 tanta
1567 2463 1632 2483 cura
1647 2458 1674 2482 et

889 2514 941 2541 ﬁde
963 2520 1060 2541 recusa
1075 2516 1135 2546 est,
1157 2515 1186 2539 ut
1212 2511 1295 2538 etiam
1319 2513 1431 2545 peccata
1450 2509 1651 2544 typothetarum
1664 2526 1672 2540 ,

887 2571 958 2599 datis
971 2570 1130 2602 lectoribus,
1139 2569 1238 2597 nedum
1255 2569 1359 2596 veniam
1371 2568 1407 2595 ob
1419 2567 1673 2603 quantulascunque

887 2606 1123 2634 hallucinationes.

927 2641 964 2676 (b)
985 2641 1064 2668 Conl‘.
1090 2640 1247 2676 uberiorem
1271 2639 1456 2676 recensionem
1521 2636 1628 2676 Fabric.
1643 2637 1671 2663 in

889 2672 961 2705 Bibl:
977 2676 1097 2708 Fabric.,
1110 2680 1175 2701 tom.
1192 2674 1222 2707 11,
1236 2683 1263 2711 p.
1282 2675 1333 2702 596
1349 2682 1420 2711 sqq.,
1435 2672 1672 2711 quianimadverf

889 2715 931 2745 tit,
947 2713 1013 2740 edit.
1028 2712 1101 2738 illam
1114 2718 1169 2737 non
1180 2707 1244 2738 esse
1255 2707 1380 2737 recusani
1391 2707 1504 2736 Άωὲιθι.
1520 2707 1606 2745 1695,
1623 2707 1670 2745 sed

888 2742 936 2784 per
953 2747 1074 2784 fraudem
1086 2746 1187 2784 factum
1200 2754 1260 2784 esse
1278 2745 1483 2784 illumtitulum,
1496 2750 1557 2784 cum
1583 2743 1618 2770 sit
1634 2742 1672 2784 ip-

889 2779 997 2812 sissima
1022 2782 1066 2810 cd.
1094 2781 1331 2811 Francol‘urtana,
1356 2780 1481 2814 idemque
1499 2779 1672 2814 aliorutn_de

889 2819 1007 2846 Eusebio
1022 2817 1135 2852 ejusque
1155 2817 1265 2852 scriptis
1287 2812 1451 2852 Valcsiiqud
1459 2814 1577 2852 editione
1592 2812 1671 2852 all‘ert

887 2855 999 2889 judicia.
1028 2847 1134 2880 Recdsa
1158 2847 1219 2886 est;
1235 2856 1281 2880 aut
1308 2847 1406 2879 noruui
1433 2849 1542 2878 titulum
1556 2847 1674 2886 accepit.-

889 2888 976 2922 l’aris.
992 2889 1070 2918 1716.
1090 2888 1173 2918 1111111..
