1915 3135
243 156 273 184 31
376 173 380 178 -
742 157 913 188 EUSEBIUS
931 158 1171 187 CESARIENSIS
1190 157 1387 186 EPISCOPUS.
1835 157 1870 184 52

243 217 342 248 praeter
359 213 405 242 illa
424 220 485 250 quae
505 215 563 250 ipse
579 214 704 243 Valesius
716 215 863 250 indicarat,
879 217 1030 245 retineren-
1044 220 1067 248 Α
1080 215 1143 248 Gr.,
1160 224 1186 250 p.
1202 215 1237 242 46
1247 219 1275 243 et
1289 215 1333 242 65.
1348 230 1384 234 -
1397 214 1425 241 In
1441 214 1502 241 cod.
1519 213 1633 241 Coislin.
1651 213 1716 245 505,
1731 213 1780 241 fol.
1806 214 1868 248 H9,

244 263 297 286 tur.
316 259 356 286 En
374 260 577 295 inscriptionem
592 270 598 287 :

280 304 387 332 Eusebii
416 305 558 339 Pamphili,
578 306 700 335 Socratis
725 307 893 341 scholastici,
914 308 1029 336 Hermia:

244 349 393 382 Sozomeni,
409 350 561 378 Theodoriti
578 357 603 379 et
617 352 734 387 Evagrii,
746 354 808 380 item
820 353 994 390 Philostorgii
1003 360 1029 382 st

243 397 372 424 Theodori
386 397 503 426 Lectoris
525 408 585 434 quae
600 405 704 427 exstant
716 421 725 433 ,
755 400 883 429 Ilistorite
903 403 1028 430 ecclesia—

240 443 312 469 sticte
333 443 421 470 Gra'ce
445 449 471 471 et
497 444 591 472 Latine
620 446 647 472 in
677 451 729 473 tres
758 451 840 474 tomos
866 447 1025 476 distributor.

239 489 322 515 Ilenr.
355 490 477 518 Valesius
507 491 628 519 Crassum
662 497 762 520 textum
790 502 822 520 ea:
855 503 920 522 mss.
949 495 1024 522 codd.

237 536 402 568 emendavit,
427 538 521 565 Latine
543 539 637 571 vertit,
670 545 694 566 ct
711 539 841 567 udnotott.
870 542 1024 570 illustravit.

238 580 361 610 Gulielm.
394 583 510 620 lieading
535 593 614 612 novas
640 586 846 619 elucidationes,
880 589 1025 621 prwsertim

237 627 452 664 chronologicas,
470 632 497 657 in
513 631 562 658 hac
576 632 689 659 editione
708 633 816 667 adjecit.
833 634 1023 669 Cantabrigiw,

238 675 305 709 typis
318 676 436 703 academ.
455 676 540 709 1720,
566 678 625 712 fol.,
640 678 672 705 111
690 685 754 707 tom.
776 679 804 707 In
829 682 918 716 primo
933 688 1022 714 temo,

236 721 282 756 qui
308 722 470 755 peculiarem
495 723 577 750 habet
600 725 824 760 inscriptionem,
849 728 1024 756 continentur

237 765 347 794 Eusebii
367 783 400 787 —
417 768 449 796 E.
469 769 505 797 11.
524 770 585 797 libri
611 770 707 799 decem.
734 772 836 805 Quibus
856 774 1024 809 subjungitur

237 814 323 840 oratio
336 813 505 841 Constantini
519 816 552 842 ad
568 822 673 844 sanctos
693 822 718 844 et
743 817 920 854 Panegyricus
937 819 1022 847 Euse-

237 859 282 887 bii.
302 859 336 886 Η.
371 860 456 888 l’ales.
485 862 531 889 Gr.
563 868 661 890 textum
685 864 789 891 collatis
810 873 836 892 IV
860 874 924 894 mss.
944 866 1020 894 codd.

1080 267 1122 289 est
1148 262 1224 288 locus
1253 261 1362 288 Eusebii
1383 260 1421 287 De
1439 260 1620 294 Therapontis,
1644 264 1750 295 septem
1772 263 1870 287 octove

1079 307 1247 341 paginarum.
1272 305 1429 341 (Montfauc.
1448 305 1518 332 Bibl.
1535 304 1619 333 Coist.
1631 326 1638 339 ,
1655 314 1683 341 p.
1699 305 1777 341 421).
1793 321 1829 326 ——
1840 305 1868 333 In

1081 352 1116 379 Μ.
1136 352 1286 384 Britannia,
1303 351 1453 379 secundum
1465 351 1553 379 Calai.
1569 352 1663 384 codd.,
1679 352 1706 379 in
1722 352 1787 380 cod.
1802 351 1868 382 Bar-

1078 407 1136 427 roc.
1151 407 1179 426 ιι.
1194 399 1282 431 CIIIC,
1303 399 1400 433 fragm.
1417 407 1450 425 ex
1468 398 1505 425 ll.
1532 398 1567 425 E.
1586 402 1613 425 et
1627 398 1737 426 Eusebii
1754 403 1868 426 senten-

1077 447 1131 477 tiaz,
1141 445 1210 472 inter
1217 444 1279 472 cod.
1288 444 1353 472 bibl.
1362 443 1501 472 Bodleian.
1510 443 1658 471 DCCLXIII
1665 449 1691 471 et
1699 444 1866 476 MCCCXIX,

1077 492 1146 519 inter
1167 491 1247 518 codd.
1277 490 1374 518 Laudi.
1403 490 1439 518 ll.
1456 490 1488 516 E.
1513 498 1546 517 ex
1571 491 1695 518 versione
1711 490 1819 518 Ruﬁni.
1833 506 1868 511 —-

1076 537 1109 564 IV.
1132 536 1369 569 MMCCLXXV’III,
1387 537 1423 564 11.
1450 537 1483 563 Ε.
1512 537 1559 564 Gr.
1585 553 1620 557 —
1644 537 1676 566 N.
1694 537 1867 570 MMCDVIII,

1076 584 1202 620 synopsis
1221 584 1256 610 ll.
1272 583 1666 616 E.—N.M.\131MM.\ICDXV,
1682 585 1745 612 libri
1757 593 1785 612 ιι
1797 583 1866 621 (sic).

1077 631 1113 657 ll.
1131 630 1163 657 E.
1189 631 1236 658 sed
1254 630 1360 660 Latine.
1378 630 1470 657 credo.
1486 630 1618 658 ——0xon.
1645 631 1673 657 in
1698 631 1767 658 bibl.
1802 631 1867 658 coll.

1075 677 1235 709 Baliolens.,
1252 677 1284 704 N.
1299 677 1397 709 CCVC,
1411 678 1470 705 Lat.
1484 693 1520 698 —
1531 678 1561 705 In
1578 678 1645 706 bibl.
1662 679 1726 706 coll.
1758 678 1867 706 Merton

1074 722 1235 756 N.DXCIV,
1261 723 1296 750 Η.
1328 723 1359 751 Ε.
1380 724 1426 750 lib.
1452 732 1490 755 xi,
1518 723 1577 751 Lat.
1595 726 1668 752 —In
1700 725 1768 752 bibl.
1800 726 1865 753 coll.

1074 769 1206 797 Orielens.
1226 769 1262 797 Η.
1285 769 1318 796 Ε.
1349 769 1409 797 Lat.
1437 778 1500 797 cum
1517 770 1710 798 additamentis
1730 770 1824 798 Ruﬁni
1841 776 1867 798 et

1073 824 1134 842 cum
1159 816 1339 842 translatione
1367 815 1500 850 ejusdem.
1513 817 1585 843 —In
1602 816 1668 843 bibl.
1685 817 1750 844 coll.
1772 817 1866 844 Maria:

1074 860 1162 896 Magd.
1182 859 1344 893 MMCCCLI,
1359 861 1416 888 Lat.
1433 877 1466 881 ——
1481 861 1610 889 Canlabr.
1621 861 1654 888 N.
1670 861 1865 894 MCCLXXiX,

235 906 397 939 emendavit,
412 907 473 934 Lat.
488 910 564 935 vertit
579 915 604 936 et
622 910 754 938 adnotatt.
771 911 926 939 illustravit.
943 912 1015 939 Hanc

1074 905 1110 934 H.
1129 906 1162 933 E.
1181 906 1227 934 I’r.
1247 906 1397 933 Peritorum
1414 907 1516 934 dicunt.
1540 908 1613 935 ——-In
1635 908 1700 936 coll.
1726 908 1756 936 S.
1773 908 1865 936 Bene-

234 951 297 980 edit.
315 954 414 981 criticis
429 954 547 989 plurium
565 955 729 982 eruditorum
746 957 785 991 (ιι.
805 956 886 985 Wilh.
904 958 1019 986 Lowthii

234 999 382 1027 emendatt.
398 1001 526 1036 notisque
538 1001 602 1029 hist.
617 1006 644 1029 et
658 1001 689 1028 ν.
708 1002 737 1029 L.
756 1011 771 1030 a
784 1003 885 1030 Merico
899 1004 1017 1032 Casaub.

234 1044 351 1079 margini
374 1047 491 1081 exempl.
525 1046 617 1082 Steph.
647 1048 784 1084 ascriptis)
796 1048 1018 1078 observationibus

235 1088 400 1124 locupletavit
415 1091 447 1119 ϐ.
470 1092 597 1128 Reading,
610 1094 675 1121 cieri
689 1094 855 1123 Londinens.
872 1097 1018 1124 bibliothe-

234 1141 303 1166 car.,
316 1135 444 1165 Cantabr.
467 1138 546 1166 1720.
562 1138 684 1174 Reading
697 1147 816 1175 quoque,
831 1142 962 1176 quidquid
986 1150 1017 1170 ex

234 1179 297 1215 Pagi
314 1182 418 1214 critica,
433 1182 573 1212 Pearsonii
587 1185 735 1212 Annalibus
746 1186 921 1222 Cyprianicis,
936 1188 1017 1216 Cavei

234 1225 306 1254 Hist.
331 1228 395 1260 litt.,
413 1228 548 1258 Dodwello
565 1230 680 1266 aliisque
696 1231 749 1259 huc
775 1233 939 1267 pertineret,
956 1235 1018 1261 dili-

233 1276 328 1307 genter
353 1275 506 1309 congessit,
535 1279 561 1302 et
588 1281 668 1304 notas
684 1276 785 1304 Valesii
801 1278 970 1314 aliorumque
991 1283 1018 1307 et

232 1326 296 1346 suas
317 1320 400 1346 textui
422 1321 538 1356 subjecit
552 1323 731 1352 commodius.
749 1323 806 1351 Sub
823 1324 903 1352 ﬁnem
924 1333 951 1360 p.
967 1326 1017 1353 795

232 1372 274 1399 sq.
287 1365 378 1399 posuit
393 1365 425 1394 V.
441 1367 471 1394 L.
489 1368 593 1396 codicis
606 1369 753 1397 Castellani
767 1374 794 1397 et
810 1378 857 1398 eas
869 1379 937 1406 quas
950 1371 1015 1400 Mer.

231 1411 385 1440 Casaubon.
400 1415 517 1448 exempl.
536 1414 629 1451 Steph.
645 1423 725 1443 manu
743 1417 918 1451 ascripserat.
936 1418 1015 1445 Coni.

230 1457 329 1485 Clerici
346 1458 417 1487 Bibl.
435 1461 558 1488 ancienne
572 1467 596 1488 et
612 1462 694 1493 mod.,
710 1467 776 1489 tom.
790 1462 860 1496 XVI,
870 1472 897 1499 p.
909 1464 1014 1499 75-156;

231 1503 308 1532 Acta.
325 1504 432 1537 erudit.,
451 1505 525 1541 Lips.
545 1506 622 1540 172.1,
647 1516 673 1542 p.
701 1508 754 1542 97;
779 1514 806 1537 et
820 1510 1013 1546 Baumgarten,

233 1549 388 1579 Nacltricht.
404 1560 452 1579 non
470 1553 673 1589 merkwﬁrdigen
689 1554 836 1589 Bito/term,
858 1560 924 1584 tom.
936 1556 970 1590 X,
986 1565 1013 1593 p.
1028 1565 1052 1596 ο

231 1596 359 1624 510-518.
883 1628 888 1633 .

268 1641 330 1669 Haec
344 1642 486 1679 Readingii
501 1643 545 1672 ed.
564 1652 660 1672 recusa
683 1648 725 1673 est
752 1645 847 1673 Turini
865 1646 932 1674 1748
955 1646 1014 1680 Iol.,

231 1686 265 1714 111
284 1688 348 1715 voll.

265 1732 406 1770 Readingii
434 1736 541 1767 merita,
559 1744 620 1771 qua:
642 1736 670 1764 in
693 1737 787 1764 critica
807 1738 915 1772 quidem
939 1743 1016 1772 parte

230 1780 301 1807 haud
327 1780 394 1808 adeo
420 1781 536 1816 insignia
568 1774 689 1815 luerunt,
718 1782 858 1810 Strothius
885 1792 1015 1818 superare

229 1825 359 1853 sustinuit
374 1827 400 1854 in
413 1835 482 1855 nova
497 1828 563 1855 edit.
584 1837 616 1856 ac
640 1829 816 1860 recensione,
832 1830 911 1864 cujus
923 1833 1013 1857 tamen

228 1872 344 1906 primum
355 1875 460 1900 tantum
476 1874 603 1901 volumen
619 1874 707 1901 lucem
722 1875 845 1909 aspexit:

264 1916 371 1944 Eusebii
393 1917 526 1952 Pamphili
550 1918 677 1946 Historiis
702 1919 888 1947 ecclesiasticae
908 1919 970 1946 libri
985 1927 1011 1946 x.

230 1961 353 1996 Ejusdem
385 1963 424 1990 De
444 1963 504 1991 Vita
522 1963 692 1991 Constantini
721 1964 781 1991 libri
797 1973 832 1992 Iv.
852 1965 962 1992 Tenum
978 1966 1012 1992 ad

227 2008 305 2043 ﬁdem
322 2009 398 2037 codd.
418 2019 481 2038 mss.
494 2015 518 2037 et
534 2010 593 2038 edd.
616 2011 761 2043 recensuit,
778 2017 904 2046 notasque
927 2012 1014 2037 mari-

228 2062 298 2081 mam
310 2060 410 2088 partem
426 2057 531 2083 critica:
549 2055 645 2089 adiecit
662 2056 740 2083 Frid.
759 2057 842 2083 Andr.
861 2056 961 2084 Stroth.
978 2071 1014 2075 —

229 2099 289 2128 Vol.
314 2102 334 2129 I.
362 2101 435 2130 Halaa
452 2103 484 2130 ad
502 2103 604 2135 Salam,
628 2103 708 2135 1779,
734 2102 760 2135 8,
785 2102 888 2130 Grtece.
917 2102 1014 2130 Varias

227 2145 305 2173 editt.
335 2151 389 2174 tam
406 2147 454 2175 Gr.
471 2156 551 2182 quam
570 2148 629 2175 Lat.
657 2148 782 2181 contulit,
801 2153 883 2183 atque
898 2156 929 2175 ea
953 2156 1013 2183 qua:

228 2196 306 2219 antea
321 2192 432 2226 fuerunt
456 2194 591 2229 dispersa,
614 2194 733 2229 collegit,
757 2194 784 2220 in
805 2194 1013 2229 subsidiumque

1070 952 1146 984 dicti,
1161 951 1194 980 N.
1212 952 1409 984 MDCXXVIII,
1426 953 1487 979 libri
1512 961 1540 980 xl
1583 953 1683 981 Euseb.
1703 954 1740 981 Η.
1758 955 1792 981 Ε.
1807 955 1864 982 Tit.

1070 998 1098 1025 in
1113 1002 1167 1025 vet.
1199 999 1312 1034 scripto,
1332 998 1520 1026 Ecclesiastica
1537 999 1598 1026 bist.
1614 1008 1660 1034 per
1685 999 1743 1028 Ric.
1766 1001 1865 1028 Mona-

1069 1043 1240 1071 chum-1‘1.
1253 1045 1448 1078 MMCDXXXI,
1463 1044 1499 1072 II.
1515 1044 1548 1071 E.
1564 1045 1623 1072 Lat.
1640 1061 1675 1066 —-
1698 1046 1728 1074 1n
1745 1051 1814 1074 tom.
1828 1047 1862 1079 11,

1069 1089 1154 1116 Catal.
1171 1090 1199 1116 in
1227 1090 1293 1117 bibl.
1312 1093 1381 1118 eccl.
1406 1089 1619 1125 Wigorniensis,
1645 1091 1756 1120 Eusebii
1777 1093 1813 1120 Η.

1069 1134 1129 1161 libri
1145 1143 1182 1166 Ix,
1200 1142 1215 1161 a
1228 1134 1326 1162 Ruﬁno
1338 1136 1420 1168 versi,
1438 1143 1490 1162 una
1506 1143 1569 1163 cum
1585 1145 1603 1164 ιι
1623 1138 1701 1165 libris
1719 1146 1770 1173 per
1784 1147 1863 1166 eunt-

1068 1180 1129 1207 dem
1147 1180 1256 1208 additis.
1268 1195 1303 1201 —-
1314 1182 1342 1209 In
1354 1182 1418 1210 bibl.
1433 1182 1532 1209 eccles.
1546 1183 1748 1211 Sarisburicns.
1766 1193 1795 1211 n.
1813 1184 1861 1218 MI,

1070 1225 1106 1253 Η.
1124 1225 1156 1252 Ε.
1173 1227 1263 1253 versio
1279 1226 1379 1259 Ruﬁni,
1397 1228 1491 1254 eadem
1507 1227 1601 1255 forsan
1626 1237 1654 1257 ιι.
1705 1229 1863 1257 MXXIl.—-

1066 1271 1096 1299 1n
1111 1271 1176 1299 bibl.
1196 1272 1316 1299 Norfolk.
1333 1272 1365 1299 N.
1387 1273 1558 1301 MMMCDVL
1573 1295 1579 1305 .
1599 1274 1635 1302 Η.
1653 1274 1684 1302 Ε.
1703 1275 1809 1303 ϐικρθ.
1825 1291 1861 1297 —

1067 1316 1138 1344 Inter
1154 1318 1232 1345 codd.
1248 1318 1312 1346 Car.
1333 1318 1458 1354 Theyeri,
1475 1319 1507 1347 N.
1529 1320 1860 1356 MMMMMMDLXXXIX,

1068 1364 1140 1390 Hist.
1160 1364 1207 1390 lib.
1224 1373 1262 1396 xI,
1279 1364 1337 1391 Lat.
1351 1381 1387 1385 —
1403 1365 1431 1392 In
1448 1365 1658 1399 bileacobzea,
1675 1376 1702 1395 ιι.
1724 1369 1860 1396 ΜΜΜΜΜ

1067 1409 1260 1437 MMDCDXVII
1278 1409 1337 1437 Lat.
1353 1426 1390 1431 —
1403 1411 1434 1438 In
1457 1411 1523 1439 bibl.
1551 1412 1624 1447 regia
1645 1412 1801 1442 Matritensi
1819 1419 1861 1443 est

1066 1455 1128 1483 cod.
1145 1463 1159 1482 a
1176 1455 1318 1483 Vincentio
1329 1456 1456 1484 Mariner.
1475 1456 1629 1491 Valentino,
1647 1467 1681 1485 ex
1696 1463 1759 1486 cod.
1772 1460 1860 1488 Esco-

1066 1502 1127 1528 rial.
1145 1502 1289 1536 antiquiss.
1304 1503 1350 1537 qui
1363 1503 1489 1530 incendio
1503 1503 1593 1531 1'0rsan
1611 1504 1788 1540 absumptus,
1805 1515 1859 1534 non

1067 1545 1184 1579 amplius
1198 1550 1298 1578 eratut,
1326 1547 1491 1582 descriptus,
1505 1548 1532 1574 in
1555 1548 1610 1583 q'uo
1626 1554 1691 1576 sunt
1715 1550 1772 1578 duo
1791 1551 1860 1579 insi-

1067 1590 1128 1625 gnia
1143 1590 1294 1626 fragmenta
1314 1587 1350 1619 'cx
1372 1592 1482 1620 Eusebii
1507 1594 1543 1621 ll.
1563 1594 1608 1627 E.,
1624 1595 1700 1629 prius
1717 1596 1788 1631 Περὶ
1805 1597 1860 1623 τῶν

1067 1636 1212 1671 μαρτύρων
1225 1637 1279 1664 τῶν
1295 1639 1324 1664 ἐν
1338 1639 1502 1675 Καισαρείᾳ,
1521 1640 1573 1667 ὑπὸ
1587 1641 1634 1667 τοῦ
1662 1642 1859 1678 Διοκλητιανοῦ

1065 1684 1112 1710 καὶ
1134 1684 1286 1719 Μαξιμίνου
1313 1686 1553 1721 μαρτυρησάντων,
1566 1687 1637 1722 quod
1650 1687 1706 1722 jam
1719 1693 1762 1715 est
1775 1697 1859 1716 excu-

1065 1736 1126 1755 sum
1140 1729 1167 1755 in
1175 1729 1217 1756 ed.
1235 1729 1360 1762 Eusebii;
1378 1731 1511 1765 posterius
1527 1732 1594 1768 Περὶ
1607 1733 1661 1758 τῶν
1675 1733 1746 1771 κατᾷ
1764 1734 1860 1769 διαφό-

1065 1783 1130 1810 ρους
1141 1776 1253 1811 καιροὺς
1264 1778 1294 1802 ἐν
1307 1777 1446 1811 διαφόρως
1459 1778 1550 1804 πόλεσι
1576 1779 1753 1815 ἀθληπάντων
1772 1781 1859 1815 ἁγίων

1066 1821 1222 1856 μαρτύρων,
1239 1823 1322 1857 quod.
1340 1824 1403 1857 quia
1420 1825 1538 1852 nondum
1555 1825 1656 1852 editum
1680 1832 1734 1858 est,
1758 1827 1859 1854 Iriarte

1065 1867 1092 1893 in
1105 1867 1192 1895 Catal.
1220 1869 1296 1896 codd.
1316 1868 1362 1896 Gr.
1392 1869 1514 1902 Matrit.,
1542 1879 1569 1906 p.
1591 1871 1730 1904 548-5552,
1750 1873 1858 1907 primus

1063 1913 1199 1948 evulgavit
1209 1913 1311 1942 Graece.
1322 1930 1356 1935 —-
1371 1915 1399 1942 In
1417 1916 1481 1943 bibl.
1496 1916 1623 1944 Leidcnsi
1640 1917 1677 1945 Η.
1758 1918 1857 1946 Latine

1065 1958 1096 1986 V.
1110 1959 1209 1991 Catal.,
1231 1969 1258 1996 p.
1283 1962 1346 1992 539.
1373 1970 1401 1989 ιι.
1419 1963 1443 1991 1.
1459 1978 1494 1982 —
1511 1963 1636 1995 Taurini,
1653 1965 1680 1991 in
1694 1964 1762 1991 bibl.
1781 1965 1856 2000 regia

1062 2005 1134 2032 inter
1151 2005 1229 2034 codd.
1248 2005 1305 2033 Lat.
1319 2006 1408 2034 Ruﬁni
1426 2008 1514 2035 versio
1533 2009 1558 2035 in
1573 2009 1653 2036 codd.
1670 2009 1764 2042 DLIX,
1785 2011 1853 2038 DLX

1063 2056 1090 2079 et
1110 2051 1238 2079 DLXXV.
1262 2068 1297 2072 ——-
1320 2052 1464 2080 Florentia:
1485 2054 1512 2080 in
1539 2055 1603 2082 bibl.
1626 2055 1710 2082 Laur.
1733 2056 1856 2085 Medicea

1064 2097 1123 2124 cod.
1143 2102 1243 2126 vetust.
1260 2098 1315 2130 VII,
1333 2099 1402 2134 plut.
1421 2100 1464 2134 70,
1478 2101 1511 2127 de
1527 2108 1582 2135 quo
1600 2102 1721 2129 nondum
1735 2111 1857 2132 excusso

1064 2144 1167 2172 multus
1186 2148 1228 2172 est
1243 2144 1357 2172 Bandin.
1372 2146 1398 2173 in
1415 2146 1474 2173 Cat.
1491 2147 1570 2174 codd.
1589 2146 1636 2175 Gr.
1651 2147 1683 2180 1|,
1697 2157 1724 2184 p.
1742 2150 1797 2177 666
1812 2159 1854 2185 sq.

1064 2205 1099 2210 —
1115 2190 1180 2217 Ibid.
1199 2191 1260 2217 cod.
1279 2190 1349 2224 XXI,
1365 2200 1392 2219 ιι.
1409 2193 1437 2224 1,
1451 2193 1520 2228 plut.
1540 2194 1583 2226 70,
1599 2195 1633 2222 de
1646 2203 1700 2230 quo
1718 2196 1784 2223 cod.
1798 2205 1857 2224 me-

230 2238 338 2265 νοεενίι
354 2238 482 2266 Ruﬁnum
505 2247 537 2267 ac
551 2239 732 2275 Nicephorum
749 2240 881 2275 aliosque,
897 2241 955 2273 Qua
970 2241 1011 2267 di-
1027 2240 1050 2267 η
1065 2236 1201 2267 morabili,
1218 2237 1263 2271 qui
1282 2242 1384 2272 partem
1397 2237 1460 2264 libri
1484 2238 1522 2265 De
1536 2241 1699 2274 martyribus
1717 2241 1745 2267 in
1763 2241 1856 2269 Palat-

226 2283 336 2318 Iigentia
347 2284 446 2317 ellecit,
465 2288 494 2312 ut
514 2285 654 2312 meliorem
672 2289 816 2313 contextus
831 2284 946 2312 formam
968 2289 1010 2311 at-

226 2337 278 2363 que
299 2329 522 2357 constitutionem
547 2330 694 2366 ellingeret.
712 2329 741 2357 In
756 2331 835 2366 longa
853 2330 1010 2365 prwlatione

226 2374 369 2402 historiam
382 2376 505 2403 criticam
523 2380 577 2403 tam
600 2377 724 2404 codicum
741 2381 767 2403 et
783 2377 889 2404 Eusebii
906 2381 932 2404 ct
952 2377 1009 2403 Ru-

225 2420 271 2446 ﬁni
285 2420 476 2454 plurimorum,
493 2422 662 2457 aliorumque
692 2422 876 2450 subsidiorum
894 2423 1010 2457 scripto~

224 2474 295 2497 rum,
312 2474 393 2501 quam
421 2467 570 2495 editionum
601 2468 727 2496 confecit.
751 2468 840 2501 Quare
871 2469 904 2496 de
927 2468 1007 2496 codd.

224 2519 291 2539 mss.
310 2512 446 2547 praecipue
459 2512 549 2540 Ruﬁni
564 2513 680 2545 Latinis,
696 2514 787 2541 licebit
804 2514 883 2541 nobis
897 2521 958 2542 esse
976 2521 1009 2540 eo

222 2558 406 2586 brevioribus.
432 2575 466 2579 ——
482 2559 512 2587 In
529 2560 592 2587 bibl.
610 2561 717 2595 publica
733 2560 821 2587 Paris.
838 2565 879 2587 est
902 2560 929 2586 in
946 2560 1008 2587 cod.

222 2602 327 2630 CDXIV
363 2603 432 2630 liber
461 2611 488 2638 I;
519 2619 554 2624 ——
582 2605 608 2631 in
642 2609 704 2632 octo
733 2604 812 2631 codd.
848 2604 1009 2631 MCDXXX-

223 2649 417 2676 MCDXXXVII
434 2649 527 2677 decem
541 2651 603 2678 libri
623 2655 706 2684 sunt,
723 2650 859 2677 interdum
877 2650 947 2677 haud
969 2651 1010 2676 in-

223 2696 307 2730 tegri;
332 2696 474 2723 confector
495 2705 558 2724 vero
574 2697 707 2729 Catalogi.
735 2701 800 2723 tom.
815 2695 845 2727 Il,
864 2703 925 2730 pag.
946 2696 1008 2729 517,

223 2741 422 2774 animadvertit,
438 2743 540 2770 codicis
553 2738 709 2770 MCDXXXI
724 2750 784 2776 ope,
799 2750 848 2769 nec
865 2750 879 2768 a
891 2741 1008 2774 Valesio,

224 2791 302 2812 neca
320 2788 424 2814 caeteris
449 2788 511 2822 visi,
540 2788 631 2823 operis
651 2787 724 2814 illius
753 2786 898 2814 editionem
929 2794 1010 2821 posse

226 2830 311 2858 multo
327 2833 540 2860 emendatiorem
559 2833 688 2868 prodire;
706 2833 767 2859 libri
779 2837 868 2860 autem
900 2833 1008 2867 septimi

227 2880 304 2910 capp.
317 2875 349 2903 15
362 2880 389 2903 et
404 2877 436 2904 16
451 2877 610 2906 desiderari.
625 2877 700 2906 Adde
710 2877 858 2906 Montiauc.
876 2878 1007 2914 Palwogr.

1061 2280 1131 2306 stina
1147 2282 1233 2314 passis
1249 2282 1318 2308 libro
1333 2289 1381 2308 vni
1400 2281 1431 2309 E.
1451 2282 1499 2315 1].,
1513 2288 1614 2318 partem
1632 2289 1722 2312 autem
1750 2286 1824 2313 libro
1840 2295 1856 2313 x

1061 2326 1210 2360 subjectam
1225 2331 1252 2354 et
1266 2327 1319 2354 alia
1340 2328 1431 2360 habet,
1443 2337 1468 2355 v.
1479 2329 1593 2357 Bandin.
1616 2331 1634 2358 1.
1652 2338 1691 2363 c.,
1705 2340 1732 2366 p.
1753 2333 1858 2359 681.—

1064 2372 1182 2400 Venetiis
1201 2373 1227 2400 in
1240 2374 1304 2401 bibl.
1320 2374 1350 2402 1).
1370 2374 1453 2401 Marci
1467 2375 1502 2402 Η.
1520 2376 1553 2403 E.
1571 2377 1617 2404 lib.
1636 2385 1664 2410 x,
1680 2377 1742 2410 Gr.,
1758 2379 1787 2406 in
1803 2381 1856 2407 tri-

1061 2418 1112 2446 bus
1126 2418 1206 2446 codd.
1223 2419 1616 2455 CCCXXXVIl-CCCXXXIX;
1634 2432 1661 2451 v.
1691 2424 1753 2453 Cat.
1772 2414 1854 2455 dadd.

1061 2464 1120 2496 Gr.,
1136 2472 1161 2498 p.
1179 2464 1230 2491 156
1246 2473 1300 2499 sq.,
1317 2470 1344 2492 ct
1365 2466 1392 2492 in
1412 2467 1499 2494 tribus
1519 2468 1599 2496 codd.
1623 2469 1673 2496 lat.
1695 2470 1856 2499 CCCXLV-

1061 2509 1222 2537 CCCXLVII
1247 2511 1282 2538 II.
1304 2511 1336 2539 E.
1356 2519 1370 2538 a
1393 2511 1490 2540 Ruﬁno
1511 2523 1605 2548 versa;
1629 2525 1654 2543 γ.
1681 2516 1744 2545 Cat.
1773 2519 1854 2547 codd.

1061 2556 1134 2588 Lat.,
1150 2565 1210 2592 pag.
1224 2558 1275 2584 146
1288 2566 1328 2592 sq.
1341 2573 1375 2578 —
1388 2558 1453 2586 Ibid.
1470 2560 1498 2587 in
1510 2561 1571 2588 cod.
1586 2561 1698 2589 Macarii
1719 2564 1854 2601 Ῥοδωνιᾷ.

1062 2607 1125 2630 sunt
1148 2608 1274 2638 excerpta
1301 2613 1332 2632 ex
1353 2605 1464 2633 Eusebii
1490 2607 1525 2634 ll.
1545 2607 1590 2640 E.,
1608 2612 1677 2636 teste
1701 2609 1852 2639 Villoison.

1062 2649 1088 2675 in
1102 2649 1199 2676 Anecd.
1218 2649 1278 2681 Gr.,
1298 2655 1364 2678 tom.
1386 2651 1417 2684 II,
1438 2660 1500 2688 pag.
1515 2653 1558 2681 71.
1572 2669 1605 2673 —
1622 2654 1807 2689 Vindobonas,
1826 2659 1854 2684 in

1061 2695 1127 2722 bibl.
1143 2695 1257 2727 Cassam,
1275 2698 1336 2724 cod.
1351 2697 1419 2724 XLII
1435 2698 1462 2725 in
1480 2702 1574 2725 catena
1597 2700 1624 2726 in
1640 2700 1670 2727 S.
1688 2700 1794 2729 Lucam
1811 2709 1853 2730 est

1061 2742 1158 2777 longus
1173 2742 1248 2770 locus
1267 2743 1300 2771 de
1314 2745 1453 2772 nativitate
1473 2745 1574 2772 Christi
1591 2755 1623 2774 ex
1636 2746 1749 2775 Eusebii
1765 2749 1802 2776 ΙΙ.
1817 2750 1851 2777 E.

1061 2787 1122 2814 libr.
1138 2795 1156 2821 ι,
1170 2795 1230 2823 cap.
1246 2789 1262 2816 6
1273 2793 1300 2816 et
1315 2789 1339 2821 7,
1353 2790 1432 2824 cujus
1444 2789 1696 2818 codicislectionem
1705 2794 1788 2822 valde
1802 2796 1853 2822 dil-

1062 2832 1133 2860 I'erre
1146 2834 1179 2861 ab
1193 2834 1284 2867 editis,
1297 2835 1451 2862 observavit
1465 2834 1626 2864 Lambecius
1640 2836 1793 2867 Comment.
1808 2849 1851 2873 ιιι.

1061 2887 1087 2915 p.
1108 2880 1157 2907 165
1175 2889 1231 2916 seq.
1248 2896 1282 2902 —
1298 2881 1429 2914 Excerpta
1446 2881 1568 2914 quaedam
1589 2891 1621 2911 ex
1637 2884 1670 2911 ll.
1690 2884 1723 2912 E.
1743 2886 1774 2914 in
1787 2889 1850 2917 cod.
