1915 3135
92 135 122 164 53
848 138 893 166 ΝΟ

947 138 998 166 'IA.
1700 144 1733 171 51

93 193 274 228 CCCXXX“,
293 205 326 225 n.
353 198 399 232 £2,
416 198 543 225 Lambec.
561 197 595 230 V,
611 206 638 233 p.
657 198 708 225 6M
724 205 766 232 sq.
777 212 813 217 ——
828 197 901 225 Mos—
916 200 938 228 Α
953 196 1142 233 Bruggemann
1167 197 1246 232 View,
1260 202 1326 231 etc.,
1350 206 1377 234 p.
1393 199 1446 227 395
1463 207 1524 236 sqq.
1539 215 1574 221 -—
1585 200 1732 237 Epistolam

95 249 152 277 quae
166 245 233 269 sunt
247 241 272 268 ll
298 244 386 271 codd.
404 260 438 264 —
455 244 641 272 Montfaucon.
666 245 693 271 in
711 244 782 271 Bibl.
804 243 897 270 biblio-

101 287 196 314 lltecar.
216 296 287 315 mss.
307 289 449 317 inﬁnitam
468 297 537 324 pene
559 290 666 324 copiam
683 297 748 318 mss.
770 297 833 317 cum
848 289 896 317 Gr.

102 338 156 360 tum
179 333 305 361 maxime
332 334 508 368 Latinorum,
530 335 557 362 in
580 335 646 362 bibl.
674 334 761 362 Vatic.
783 336 898 370 aliisque

107 382 256 415 obviorum,
278 383 430 417 producit;
455 381 526 418 quod
553 383 662 417 quidem
687 383 839 415 indicasse,
863 391 898 411 ne

108 428 186 456 nimis
203 428 344 456 verbosus
362 428 438 460 ﬁam,
457 428 581 456 sufﬁciat.
599 428 684 456 "ARL.

138 473 319 506 Germanice,
334 474 445 502 Eusebii
465 478 491 502 et.
517 474 607 502 Ruﬁni
624 479 704 510 atque
723 475 896 509 Tripartitam

107 521 261 548 Historiam
279 529 343 548 cum
364 521 569 549 continuatione
584 530 670 556 usque
683 522 717 548 ad
733 522 764 549 A.
779 522 810 548 C.
828 522 897 549 1545

102 567 190 594 edidit
204 567 238 595 D.
256 566 363 602 Gaspar
376 567 683 603 Hedion.Argentorati,
699 568 770 603 apud
787 568 811 595 J.
830 568 897 596 [ler-

103 612 238 647 wagium,
258 612 336 643 t5l5,
354 611 400 639 fol.
418 611 500 638 FABR.
518 627 552 632 —
571 611 602 640 lt.
624 612 751 640 Francol‘.
770 613 803 640 ad
827 613 896 640 Μω-

101 667 181 686 num.
199 658 282 686 1582.
296 658 343 685 fol.
359 674 394 678 ——
410 658 522 686 Auctior
537 662 612 694 parte
626 667 653 685 tv
670 666 731 686 cum
750 660 897 686 continua-

100 707 180 733 tione
197 706 233 732 ab
250 713 275 732 a.
298 705 377 733 1515,
393 713 480 740 usque
494 706 526 732 ad
540 713 565 732 a.
580 705 658 735 1607,
670 705 764 739 Basil.,
786 713 829 741 ap.
848 705 897 734 Se—

95 752 177 778 bast.
198 750 309 777 Henric.
326 750 411 782 Petri,
425 750 513 778 iol.—
524 750 633 778 Eusebii
649 750 895 787 Kircltenyeschich-

97 800 148 826 te,
178 803 228 822 aus
249 796 308 822 dem
335 795 438 822 Griech.
466 810 502 816 —
534 796 591 823 Und
621 798 667 823 mit
696 797 895 834 Amnerkungen

98 842 237 869 erléutert
252 850 300 869 von
323 841 400 868 Frid.
417 842 502 870 Andr.
518 841 631 874 Stroth.,
650 843 794 876 Quedlinb.
814 846 893 878 1777,

95 887 128 918 8.
150 887 172 914 ll
187 891 256 915 tom.
279 887 364 914 ΒΑΜ..
384 887 519 923 Excerpta
538 889 566 915 in
581 888 717 917 Roesslcri
731 890 802 918 Bibl.
823 891 893 926 PP.,
911 881 931 909 Β

94 938 172 962 ιοηι.
191 934 239 967 1V,
259 942 286 969 p.
303 935 314 962 1
334 943 394 970 sqq.

137 980 252 1016 Belgice
272 981 372 1015 prodiit
391 980 523 1008 Dordraci
547 981 627 1013 1615,
649 981 696 1010 fol.
722 982 805 1010 ΓΔΕΒ.
824 999 858 1004 —
873 984 894 1011 E

94 1025 207 1053 (ξι-προ
224 1035 345 1054 sermone
364 1027 391 1054 in
406 1027 542 1062 Belgicam
560 1029 700 1056 transtulit
717 1033 744 1056 et
759 1030 892 1058 adnotatt.

97 1072 267 1100 illustravit.
292 1073 357 1099 Abr.
385 1073 470 1100 Arent
500 1082 550 1100 van
570 1073 604 1101 de
623 1074 757 1107 Meersch,
777 1077 891 1104 Amstel.

99 1118 187 1149 1749,
205 1117 231 1144 t.
251 1112 286 1146 γ.
307 1118 411 1146 Krohn.
429 1118 516 1146 Catal.
539 1119 600 1146 bibl.
617 1128 682 1152 suta,
700 1129 726 1156 p.
745 1121 789 1149 90.
804 1121 891 1149 "ARL.

137 1164 267 1199 Anglice,
286 1173 334 1199 per
360 1164 514 1192 Samuelem
538 1165 688 1194 Parkerum
708 1175 801 1196 versos
817 1173 843 1196 et
866 1170 893 1196 in

99 1211 246 1246 epitomcu
263 1212 390 1240 redactos
407 1211 515 1239 Eusebii
531 1213 617 1240 libros
635 1222 651 1240 x
668 1213 796 1242 Historia'
813 1216 893 1242 eccle-

100 1259 234 1289 siasticte,
250 1258 333 1285 didici
347 1266 378 1285 ex
392 1257 508 1285 Norellis
526 1258 597 1293 Reip.
616 1260 754 1288 litterariis
767 1268 793 1289 a.
813 1262 891 1294 1703,

101 1312 201 1332 mense
215 1305 350 1339 Angusto.
368 1312 427 1339 pag.
444 1304 506 1332 2'29.
520 1303 602 1333 Fann.
616 1322 651 1326 —
663 1306 781 1338 Eusebii,
799 1306 895 1334 Socra-

101 1351 140 1378 tis
152 1354 181 1377 et
199 1349 310 1385 Evagrii
328 1350 364 1376 H.
382 1349 414 1378 E.
431 1357 491 1376 cum
506 1349 640 1379 Dorothco
656 1351 694 1379 De
709 1353 767 1379 vitis
783 1353 892 1387 prophe-

102 1400 206 1427 tarum,
235 1397 417 1430 apostolorum
439 1401 463 1423 et
486 1395 563 1422 LXX
582 1397 771 1432 discipulorum
797 1399 823 1426 in
842 1400 894 1426 lin-

102 1450 186 1478 guam
203 1443 346 1478 Anglicum
367 1444 500 1471 convertit
522 1444 650 1471 lllcredith
670 1445 806 1476 Hammer,
823 1445 894 1473 Lon-

102 1489 163 1516 dini
179 1489 263 1522 1577,
281 1489 361 1523 1585,
379 1490 459 1523 1607,
478 1491 558 1523 1656,
571 1495 608 1522 et,
626 1491 717 1518 addita
745 1491 806 1518 Vita
824 1491 894 1518 Con-

102 1535 220 1561 stantini
241 1535 281 1563 Μ.
301 1543 334 1563 ex
356 1535 450 1563 Grmco
469 1536 577 1564 Eusebii
601 1536 713 1572 Anglice
735 1545 823 1570 versa,
846 1546 894 1573 per

102 1581 175 1616 Wye
189 1581 369 1614 Saltonl'tall.,
387 1582 472 1610 Lond.
490 1583 568 1615 1650,
585 1583 626 1615 F.,
643 1591 698 1610 rec.
719 1591 779 1611 cum
793 1583 893 1611 Valesii

102 1629 243 1656 adnotatt.
275 1629 407 1657 Cantabr.
435 1630 514 1662 1685.
540 1630 618 1664 1692,
640 1630 720 1660 1696.
746 1631 824 1664 1709,
847 1631 893 1659 fol.

101 1691 137 1696 —
148 1675 264 1703 Eusebii
278 1675 313 1703 II.
331 1675 364 1702 E.
381 1676 466 1704 libros
483 1685 499 1704 x
511 1676 621 1711 Anglice
639 1678 718 1704 vertit
730 1682 757 1705 et
767 1685 895 1711 compen-

100 1722 199 1750 difecit
216 1722 292 1749 Sam.
306 1721 417 1754 Parkcr,
430 1723 539 1758 prtulixa
557 1724 626 1750 diss.
639 1722 677 1750 De
689 1731 738 1750 usu
751 1728 829 1758 atque
844 1731 890 1749 au.

99 1769 228 1796 claritate
248 1768 284 1795 Η.
304 1767 336 1795 E.
352 1773 377 1795 et
394 1769 446 1795 vita
463 1768 576 1802 Eusebii,
594 1773 646 1796 etc.
667 1768 795 1800 Londini,
813 1769 891 1800 1705,

99 1814 116 1841 8
129 1824 137 1847 -,
150 1819 191 1845 et,
209 1814 303 1841 addito
323 1818 396 1841 tomo
410 1813 441 1846 Il,
466 1822 488 1842 s.
510 1815 627 1849 cpitome
645 1813 680 1842 Η,
706 1813 738 1841 E.
760 1813 892 1845 Socratis,

100 1859 253 1887 Sozomeni
267 1866 294 1888 et
304 1859 472 1892 Theodoriti,
484 1868 532 1895 per
545 1861 669 1887 eumdem
682 1860 795 1888 Pariter.
806 1860 892 1887 Lond.

99 1906 188 1937 1729.
203 1906 230 1934 4.
244 1923 279 1926 -
292 1906 364 1934 Loca
375 1907 498 1942 quedam
511 1907 619 1934 Eusebii
634 1912 660 1934 ct
679 1906 801 1934 Socratis
815 1914 894 1934 versa

98 1953 130 1979 in
149 1951 280 1980 Whiston
300 1952 444 1980 Collection
465 1953 496 1987 of
507 1953 608 1980 ancient
633 1957 807 1979 monuments.
823 1951 891 1978 rela-

98 1999 159 2033 ting
186 2003 212 2025 to
234 1998 402 2034 theITrinity
420 2000 471 2026 and
495 1998 678 2030 lncarnation,
699 2002 751 2025 etc.
774 1997 893 2025 Londin.

98 2045 185 2076 1715,
208 2044 237 2076 8,
259 2045 360 2079 passim
378 2060 414 2064 —
433 2044 556 2079 Epitome
575 2054 580 2072 :
604 2044 645 2071 An
667 2044 850 2079 Abridyement
867 2044 898 2078 of

97 2090 238 2117 Eusebius
260 2090 415 2125 Pamphilus
435 2090 632 2118 Etclesiaslical
648 2090 773 2125 History,
793 2091 820 2117 in
845 2095 893 2117 two

98 2140 192 2168 parts.
210 2134 277 2162 Part
289 2143 308 2167 ι,
324 2135 342 2161 Α
362 2136 544 2169 compendious
562 2136 793 2162 cammemoration
810 2135 840 2170 of
852 2135 893 2162 the

99 2180 299 2207 remarkablest
320 2179 504 2215 Chronologies
530 2180 611 2207 which
633 2189 678 2207 are
704 2179 842 2207 contained
865 2181 892 2206 in

948 242 1077 271 Ecclesiae.
1089 243 1287 279 Smyrnaeensis
1301 244 1334 272 de
1349 246 1480 281 martyrio
1493 246 1635 283 Polycarpi
1644 248 1734 285 (cujus

948 296 1045 323 magna
1056 296 1121 324 pars
1130 294 1172 317 est
1184 290 1210 317 in
1227 289 1336 318 Eusebii
1352 290 1388 317 Η.
1408 291 1439 318 E.
1455 300 1491 324 tv,
1506 293 1550 325 15,
1561 298 1588 321 et
1601 294 1636 321 ab
1654 294 1734 323 Usse-

948 333 990 359 rio
1001 334 1148 369 separatim
1163 334 1248 368 edita)
1264 338 1345 370 atque
1359 336 1500 371 epistolam
1515 337 1733 367 Christianorum

948 379 1173 415 Lugdunensium
1187 389 1220 409 ac
1233 381 1428 412 Viennensium
1442 384 1554 420 Anglice
1564 386 1644 413 vertit
1654 391 1734 422 atque

947 427 1076 461 explicuit
1095 427 1127 454 Ι).
1155 427 1309 464 Dalrymple
1330 430 1363 457 de
1384 430 1475 459 Hailcs
1495 432 1523 458 in
1541 441 1548 459 :
1568 431 1686 459 Account
1707 433 1735 468 o/

948 473 989 501 the
1002 480 1118 510 martyrs
1133 480 1161 502 at
1176 475 1290 511 Smyrna
1301 477 1353 504 and
1367 477 1441 512 Lyon
1455 478 1482 504 in
1501 479 1541 505 the
1555 479 1651 506 second
1674 488 1735 508 cen-

947 524 1018 555 tury,
1036 521 1096 548 with
1116 521 1288 557 explanatory
1307 527 1390 550 noles.
1413 522 1582 558 Edimburg.,
1606 524 1684 557 1776,
1705 524 1732 552 8.

947 565 980 592 V.
998 575 1058 602 quae
1079 568 1171 595 notavi
1189 568 1218 595 in
1245 567 1350 595 Introd.
1373 569 1401 595 in
1427 568 1490 597 hist.
1513 569 1545 597 L.
1565 569 1624 604 (in,
1637 570 1684 604 .ll,
1704 571 1732 604 2,

947 620 974 647 p.
991 613 1055 641 222.

982 657 1011 686 In
1027 659 1147 695 linguam
1161 658 1280 687 ltalicam
1303 667 1336 687 ex
1356 659 1414 687 Lat.
1433 661 1559 688 versione
1580 665 1622 689 est
1643 665 1732 689 trans-

948 705 1001 732 lata
1018 705 1054 733 H.
1080 705 1112 733 E.
1128 706 1224 734 Venet.
1250 707 1328 739 1547,
1344 707 1370 734 8.
1389 699 1420 735 ir.
1445 707 1553 735 Paitoni
1570 708 1640 735 Bibl.
1664 709 1732 744 dein

947 752 1235 787 autori-volgarizzati,
1260 757 1326 779 tom.
1351 752 1384 784 ll,
1404 761 1430 788 p.
1453 753 1544 780 59.—
1567 753 1604 782 De
1626 754 1733 782 Canotte

946 798 1077 825 librorum
1093 798 1125 825 N.
1140 798 1172 825 Τ.
1189 798 1337 826 secundum
1360 798 1505 827 Eusebium
1521 800 1582 828 vide
1605 808 1687 835 supra
1705 802 1732 829 in

946 844 999 871 vol.
1019 843 1063 876 IV,
1081 853 1141 880 pag.
1161 844 1209 872 851
1237 852 1307 880 seq.,
1322 845 1422 880 quibus
1433 846 1516 874 addes
1532 847 1665 875 vindicias
1678 847 1734 875 Eu-

947 890 1014 918 sebii
1030 898 1046 917 a
1060 889 1084 918 J.
1103 890 1169 918 Ern.
1193 891 1350 918 Christiano
1371 891 1494 920 Schmidt
1515 893 1643 928 scriptas,
1665 894 1730 921 ﬁber

946 937 997 964 den
1019 936 1115 964 Kanon
1131 937 1176 964 des
1201 937 1328 965 Eusebius
1352 939 1380 966 in
1398 938 1511 966 Henckii
1535 939 1660 975 Magazin
1686 941 1730 975 [ἂν

947 981 1250 1017 Religionsphilosophie,
1262 983 1375 1019 Exegese
1389 984 1445 1011 und
1460 983 1728 1020 Kircltengeschichte,

948 1032 1012 1054 tom.
1027 1027 1059 1059 V,
1074 1033 1144 1062 pait.
1162 1035 1203 1060 nt,
1220 1037 1247 1056 n.
1265 1028 1309 1061 16,
1332 1029 1409 1062 1796,
1425 1031 1451 1058 8.
1469 1030 1615 1058 Eusebium
1635 1031 1731 1060 delen-

946 1074 985 1100 dit
1005 1078 1101 1101 contra
1118 1073 1153 1100 M.
1171 1073 1271 1102 Weber
1295 1075 1323 1102 in
1355 1075 1501 1111 Beytragen
1515 1085 1564 1103 aur
1583 1077 1741 1107 Geschichte.

946 1119 990 1146 des
1017 1121 1292 1148 neutestamentlichen
1321 1120 1441 1154 Kanons,
1470 1131 1495 1157 p.
1524 1123 1573 1150 M2
1597 1132 1686 1159 seqq.,
1704 1128 1731 1152 et

946 1165 1075 1200 ostendit,
1093 1166 1237 1194 Eusebium
1250 1168 1418 1203 distinguere
1433 1177 1459 1196 ιν
1469 1169 1572 1198 classes
1586 1169 1729 1198 librorum.

946 1210 1031 1238 "ARL.

981 1256 1094 1290 Gallice,
1119 1258 1234 1286 Claudio
1258 1258 1404 1294 Seysselio,
1429 1260 1637 1296 archiepiscopo
1656 1263 1729 1290 Tau-

947 1302 1050 1329 rinensi
1065 1303 1222 1337 interprete,
1241 1311 1301 1338 quae
1316 1303 1406 1331 versio
1421 1304 1548 1332 laudatur
1569 1306 1597 1333 in
1613 1306 1729 1335 Morlerii

947 1347 1138 1382 Speciminibus
1150 1348 1286 1375 litterariis
1295 1349 1396 1383 (Essais
1405 1349 1438 1377 de
1449 1350 1608 1382 littérature,
1620 1356 1685 1379 tom.
1705 1353 1726 1384 l.

946 1402 1007 1429 pag.
1027 1394 1072 1429 55)
1089 1403 1095 1421 :
1116 1402 1148 1422 ex
1171 1391 1393 1430 interpretatione
1410 1395 1477 1423 Lud.
1495 1396 1616 1425 Cousini‘.
1641 1397 1726 1425 Paris.

947 1440 1016 1468 1675
1033 1449 1089 1475 seq.
1105 1441 1132 1468 4.
1147 1440 1181 1467 IV
1197 1445 1261 1468 tom.
1282 1441 1359 1468 Hunc
1386 1441 1506 1474 Eusebii,
1526 1441 1658 1475 Socratis,
1679 1443 1729 1471 So-

947 1487 1051 1514 zomeni
1079 1494 1110 1514 ac
1127 1486 1289 1514 Theodoreti
1318 1487 1393 1515 locos
1416 1488 1518 1522 aliquot
1541 1488 1660 1516 sublesta
1677 1489 1728 1518 fide

946 1533 1069 1565 vertisse,
1092 1534 1180 1568 arguit
1205 1533 1305 1561 Paulus
1329 1533 1499 1562 Colomesius
1531 1534 1559 1561 in
1579 1534 1726 1563 Observatt.

945 1579 1039 1609 sacris,
1056 1586 1081 1612 p.
1103 1579 1133 1605 61
1140 1599 1147 1606 .

980 1624 1089 1652 Eusebii
1103 1625 1249 1653 Historiam
1261 1626 1392 1661 integram
1406 1627 1600 1661 propemodum
1609 1628 1635 1654 in
1648 1636 1727 1656 suum

944 1678 1012 1705 opus
1029 1672 1200 1706 transcripsit
1214 1672 1385 1707 Nicephorus
1399 1673 1544 1707 Callistus;
1559 1674 1629 1701 unde
1650 1673 1728 1702 Vale-

944 1718 1002 1745 sius
1024 1717 1058 1745 ad
1075 1717 1183 1745 Eusebii
1199 1719 1287 1753 capita
1314 1726 1443 1746 numeros
1466 1719 1680 1754 Nicephorianos
1701 1721 1729 1748 in

943 1764 1065 1798 margine
1079 1764 1226 1801 adnotavit.
1237 1764 1333 1791 Totum
1350 1772 1469 1800 quoque,
1487 1769 1516 1792 ιη
1525 1765 1581 1800 jam
1595 1766 1662 1798 dixi,
1677 1766 1729 1794 Ca-

944 1810 1063 1844 talogum
1079 1818 1159 1837 suum
1179 1811 1343 1845 scriptorum
1357 1811 1617 1844 ecclcsiasticorum,
1634 1813 1728 1847 paucis

943 1856 1073 1890 exceptis,
1096 1864 1129 1883 ex
1148 1856 1257 1884 Eusebii
1273 1857 1395 1884 Historia
1416 1857 1589 1885 concinnavit
1607 1863 1730 1886 transtu-

943 1903 1027 1937 litquc
1040 1902 1236 1939 Hieronymus;
1249 1912 1335 1938 neque
1351 1904 1423 1931 enim
1437 1904 1538 1938 alioqui
1552 1909 1618 1939 puto
1631 1905 1665 1931 ab
1681 1905 1728 1932 illo

945 1948 1092 1975 Historiam
1113 1951 1199 1984 ipsam
1217 1949 1326 1977 Eusebii
1349 1950 1479 1984 integram
1501 1949 1595 1978 Latine
1609 1951 1726 1977 transla-

944 1999 1010 2027 tam,
1034 1996 1095 2023 licet
1112 1995 1164 2023 hoc
1181 1996 1280 2030 aliquis
1303 1995 1436 2030 suspicari
1453 1995 1537 2030 possit
1556 2003 1589 2023 ex
1611 1995 1654 2023 his
1667 1996 1727 2031 ejus

944 2042 1034 2068 verbis
1049 2042 1097 2069 lib.
1114 2049 1122 2068 ι
1138 2042 1164 2068 in
1178 2041 1266 2076 Ruﬁn.
1281 2050 1290 2068 :
1305 2041 1422 2068 Laudari
1438 2041 1578 2068 Eusebium
1595 2042 1621 2068 in
1639 2042 1727 2069 eccle-

944 2087 1054 2114 siastica
1069 2087 1196 2121 Historia,
1212 2089 1239 2114 in
1261 2088 1404 2123 digestione
1420 2092 1573 2122 temporum,
1589 2089 1615 2115 in
1628 2088 1726 2116 desertl

945 2138 1034 2170 ptione
1044 2139 1142 2161 sanctw
1154 2139 1239 2166 terrm,
1251 2140 1275 2161 et
1291 2136 1346 2162 hate
1356 2135 1412 2169 ipsa
1425 2135 1549 2170 opuscula
1563 2137 1590 2162 in
1605 2136 1730 2164 Latinum

946 2184 1044 2206 vertens
1055 2187 1118 2206 mea:
1128 2179 1224 2214 lingua:
1232 2179 1378 2207 hominibus
1389 2181 1459 2207 dedi.
1470 2180 1555 2208 Etiam
1568 2181 1730 2217 Hieronymo

98 2227 159 2252 that
183 2226 291 2260 famous
310 2226 430 2261 History.
452 2226 516 2254 Part
533 2235 562 2259 ιι,
586 2227 606 2253 Α
628 2234 762 2261 summary
782 2235 812 2252 or
827 2225 1096 2264 brieI‘DVersionem
1120 2225 1278 2252 Eusebianm
1300 2224 1426 2253 Historiae
1449 2227 1542 2254 tribuit
1564 2227 1731 2255 Bridefertus

99 2272 160 2298 hint
175 2272 207 2306 of
220 2272 262 2299 the
282 2273 377 2299 twelwe
395 2273 570 2306 persecutions
587 2271 722 2300 sustained
743 2272 774 2307 by
790 2271 832 2298 the
844 2279 893 2298 an-

99 2319 173 2345 cient
196 2318 372 2345 Christtans..
406 2317 440 2353 by
463 2318 585 2345 William
603 2317 699 2346 Calan.
721 2331 757 2337 ——-
776 2316 893 2344 Londini

101 2365 186 2397 1756,
208 2366 237 2392 8.
257 2380 293 2386 —-
312 2364 406 2392 Versio
427 2365 494 2392 Dav.
513 2365 666 2400 Dalrymplc
679 2364 712 2392 de
731 2364 823 2391 Hailes
838 2363 891 2390 An-

101 2413 176 2447 glica
194 2411 233 2441 H.
256 2411 288 2438 E.
300 2420 337 2440 vr.
352 2412 434 2443 hi,et
447 2412 480 2439 de
491 2412 605 2446 epistola
621 2411 753 2446 Dionysii.
772 2409 893 2445 episcopi

103 2458 298 2490 Alexandrini,
323 2458 357 2485 ad
390 2457 514 2491 Fabium,
540 2458 628 2493 episc.
655 2458 836 2496 Antiochen.,
860 2456 893 2483 de

105 2505 300 2540 persecutione
326 2503 540 2532 Christianorum
559 2505 587 2531 in
604 2504 722 2540 Egypto
745 2511 789 2530 an.
805 2503 894 2538 primo

107 2552 180 2580 Decii
201 2552 348 2586 imper.,et
361 2550 489 2585 explicat.
500 2550 622 2577 historia:
639 2554 788 2585 martyrum
801 2549 828 2575 in
841 2547 894 2574 Pa-

107 2599 213 2626 laestina
233 2598 285 2625 sub
303 2597 416 2624 Dioclct.
441 2596 474 2623 ad
492 2604 569 2628 LVIII,
591 2597 618 2624 in
641 2596 764 2623 Remains
781 2595 811 2629 of
827 2594 895 2620 chri-

108 2647 176 2674 stian
191 2645 343 2680 Antiquity,
361 2643 421 2671 with
435 2644 607 2678 erplanatory
627 2649 711 2670 notes.
727 2642 892 2676 Edinburg.,

110 2692 275 2723 1778-1780.
288 2691 315 2721 8.
330 2690 352 2718 ll
366 2694 430 2718 tom.
441 2705 476 2710 —
492 2690 544 2717 The
563 2689 670 2724 History
685 2689 714 2724 of
721 2690 824 2716 ancient
840 2688 894 2714 Pa-

111 2739 221 2774 ganism,
238 2747 270 2765 es
287 2736 418 2763 delivered
432 2736 463 2771 by
484 2735 622 2768 Eusebius,
636 2739 700 2766 etc.,
712 2735 772 2761 with
790 2733 894 2761 critical

112 2786 157 2812 and
181 2783 325 2812 historical
349 2787 431 2809 notes.
458 2782 517 2809 And
535 2782 673 2816 secondly,
697 2790 713 2808 a
738 2781 894 2808 Phaznician

113 2831 156 2858 and
176 2830 312 2866 Egyptian
329 2827 505 2863 Chronology,
523 2827 591 2862 from
602 2827 642 2854 the
652 2827 712 2860 ﬁrst
723 2825 799 2857 Han,
817 2825 893 2852 down

116 2882 135 2904 to
153 2877 194 2905 tlte
217 2876 283 2912 ﬁrst
310 2874 458 2908 olympiad,
484 2877 538 2902 etc.
562 2872 678 2900 Londini
704 2871 782 2905 1645,
809 2871 835 2899 8.
859 2871 891 2899 V.

944 2271 1129 2300 Ramesiensis
1143 2272 1170 2299 in
1187 2272 1285 2307 glossis
1300 2272 1332 2298 ad
1355 2271 1452 2298 Bcdam
1470 2270 1507 2298 De
1522 2277 1665 2304 temporum
1681 2279 1725 2298 ra-

944 2320 1022 2350 tione,
1039 2325 1098 2353 cap.
1113 2317 1157 2344 28.
1180 2317 1233 2344 Sed
1255 2317 1327 2343 illam
1345 2315 1435 2343 Ruﬁni
1450 2324 1510 2343 esse
1528 2320 1647 2343 constat.
1666 2315 1725 2348 Quo

944 2372 1024 2392 sensu
1040 2368 1130 2391 autem
1147 2362 1309 2399 apocryphis
1334 2365 1511 2389 accenseatur
1534 2360 1654 2388 Historia
1672 2360 1725 2386 Eu-

944 2411 1010 2438 sebii
1024 2410 1049 2436 in
1062 2409 1206 2437 Gelasiano
1220 2410 1339 2440 decreto,
1350 2409 1490 2443 disputant
1503 2407 1526 2434 J.
1541 2407 1724 2435 Pcarsoniust

949 2455 1051 2483 Vindic.
1069 2454 1177 2490 Ignatii,
1194 2463 1219 2489 p.
1233 2454 1278 2486 48,
1295 2458 1320 2480 cl.
1333 2453 1474 2480 Matthaaus
1486 2452 1681 2487 Larroquanus
1696 2453 1723 2480 in

944 2500 1184 2528 ObservatiOnibus
1208 2500 1241 2526 ad
1262 2499 1460 2526 Pcarsonianas
1492 2497 1635 2529 Vindicius,
1660 2505 1720 2532 pag.

944 2548 978 2575 55
993 2555 1050 2582 seq.
1065 2547 1131 2574 Vide
1141 2552 1166 2574 et
1181 2546 1320 2573 Baluzium
1339 2545 1371 2572 ad
1384 2545 1530 2572 Antnnium
1545 2543 1725 2579 Augustinum

945 2594 982 2621 De
1000 2593 1180 2621 emendatione
1199 2591 1330 2623 Gratiani,
1353 2599 1413 2626 pag.
1428 2590 1480 2618 446
1495 2590 1568 2626 (717.
1587 2597 1643 2623 seq.
1658 2587 1724 2615 edit.
1750 2595 1755 2600 ·

945 2640 1173 2673 Mastrichtiaum),
1196 2639 1240 2666 ubi
1261 2638 1382 2665 confutat
1409 2636 1536 2664 Carolum
1561 2634 1724 2666 Molinaum,

943 2687 990 2722 qui
1007 2687 1040 2713 de
1054 2686 1139 2713 altero
1160 2685 1276 2713 Eusebio
1292 2683 1424 2718 Pamphili
1448 2686 1475 2709 et
1500 2681 1582 2707 altera
1611 2678 1725 2706 historia

943 2733 1041 2760 eccles.
1058 2731 1196 2767 cogitavit.
1222 2729 1293 2757 Sane
1316 2738 1349 2757 ex
1366 2728 1460 2756 multis
1481 2726 1614 2761 exemplis
1639 2729 1723 2760 patet,

944 2779 972 2806 in
985 2778 1030 2805 illo
1046 2777 1155 2804 decreto
1171 2776 1323 2811 apocrypha
1347 2774 1438 2801 vocari
1459 2778 1512 2799 non
1529 2771 1608 2799 modo
1622 2772 1724 2806 scripta

944 2824 1083 2860 supposita
1106 2823 1263 2850 auctoribus
1288 2829 1336 2856 per
1359 2819 1500 2847 haereticos
1519 2822 1546 2846 et
1569 2817 1648 2849 falsa,
1676 2817 1724 2845 sed

943 2871 1024 2898 etiam
1047 2878 1111 2898 vera
1132 2873 1159 2897 et
1177 2868 1329 2897 certissima
1351 2874 1405 2894 non
1432 2864 1620 2892 haereticorum
1643 2861 1724 2900 modo
