1915 3135
63 112 91 141 ιὸ

794 107 945 136 NOTlTlA.

1637 107 1670 135 ιϐ

60 173 200 201 occurrunt
216 169 372 206 fragmenta
390 171 415 197 in
426 170 562 197 Anastasii
577 169 687 197 Siuaitm
702 173 798 205 quasi.
818 177 845 196 Ix
860 171 881 200 Α
896 175 955 202 cap.
973 167 1009 200 7),
1024 166 1169 194 Eusebium
1188 167 1222 194 ab
1244 174 1338 194 errore
1362 166 1592 195 Semiarianorum
1615 169 1676 196 vin-

61 223 85 246 et
96 224 205 248 CXLVIII,
231 216 283 244 sed
310 217 354 243 illa
381 216 492 244 alterius
521 223 585 243 sunt
611 215 761 250 argumenti
791 216 841 249 (ιι).

61 266 155 292 Caveus
170 267 312 289 memorat
330 261 473 289 Eusebium
494 261 533 289 De
554 261 755 295 Evangelion
779 260 843 288 dis—

62 309 175 338 sonantia
192 308 228 335 ad
249 307 425 342 Stephanum.
451 307 517 340 Qum
531 315 599 347 vero
625 307 663 334 De
691 308 843 343 symphonia

63 357 112 383 sive
126 354 269 382 concordia
302 353 502 389 Evangeliorum
524 355 549 380 in
567 353 718 389 genealogia
746 353 844 380 Christi

65 401 200 433 Eusebius,
229 399 395 427 Africanum
426 403 554 433 secutus,
585 400 705 434 scripsit,
739 404 845 427 exstant

64 447 103 474 li'b.
119 455 126 473 I
141 447 212 473 Hist.
228 446 339 480 ποίει,
351 453 412 482 cap.
428 446 455 479 7,
469 447 557 481 iisque
571 454 636 474 usus
648 446 805 473 Ambrosius
814 447 842 473 in

64 499 88 520 III
95 491 177 519 Lacte.
341 499 344 504 ’

92 536 156 563 LVI.
166 537 574 572 Αόγοςτριακονταθττῳικός,
583 536 675 564 Oratio
683 537 714 564 de
721 537 848 564 Constan-

65 584 105 610 tini
124 581 161 610 Μ.
183 582 324 616 laudibus,
353 583 381 610 in
409 582 470 617 ejus
497 583 696 610 tricennalibus
718 584 790 610 dicta
813 584 845 611 A.

64 629 159 660 (2.535,
175 628 270 661 CPoli,
285 632 318 656 ut
338 627 474 656 Eusebius
492 630 551 664 ipse
575 632 690 656 testatur
705 636 742 662 tv,
765 629 801 656 33
821 633 848 656 ct

64 674 110 707 46,
130 674 166 701 De
177 675 232 701 vita
257 673 440 702 Constantini.
469 673 590 702 Meminit
610 678 637 702 et
670 675 697 702 in
716 675 848 710 prooemio

67 721 120 747 libri
131 728 149 752 ι,
165 720 211 748 ubi
225 720 317 753 addit,
334 728 364 749 se
374 720 455 748 etiam
467 720 495 748 in
509 720 698 749 vicennalibus
713 722 848 748 Constan-

67 767 110 793 tini
125 767 214 794 laudes
229 766 295 801 ejus
310 766 337 794 in
350 766 458 794 Nicaena
472 766 587 802 synodo,
607 771 637 794 ut
652 767 699 794 lib.
715 774 755 798 In,
767 774 792 793 c.
804 767 848 798 ll,

67 812 139 838 etiam
153 811 239 842 docet,
257 811 479 839 concelebrasse.
496 810 548 838 Sed
573 811 618 839 ille
643 811 752 846 quidem
775 812 846 838 εἰκο-

69 856 214 892 σαετηρικδς
237 857 325 892 ὕμνος
353 857 410 884 sive
438 857 617 893 panegyricus
641 857 786 885 intercidit.
818 857 844 884 III

71 902 153 929 codice
180 910 232 930 ms.
254 902 366 937 collegii
390 902 466 930 Trin.
489 902 646 938 Cantabrig.
675 903 762 930 oratio
791 903 847 934 illa,

69 948 148 975 Caveo
173 952 250 980 teste.
279 948 310 975 in
336 948 403 976 duas
426 953 517 983 partes
543 948 718 983 dispescitur,
733 956 848 983 quarum

70 994 195 1029 posterior
216 994 314 1029 incipit
334 1002 348 1021 a
365 994 453 1030 capite
472 994 498 1021 9.
521 994 597 1022 Hanc
620 995 770 1022 orationem
787 1002 848 1022 cum

69 1039 238 1074 descriptione
263 1040 402 1075 martyrii,
416 1040 473 1067 sive
492 1039 584 1074 templi
598 1039 847 1075 Hierosolymilani.

71 1091 82 1109 a
105 1083 276 1112 Constantino
306 1083 427 1115 conditi,
454 1083 686 1120 donariorumque
705 1084 775 1119 ejus,
801 1085 848 1112 sed

72 1138 122 1164 qua:
140 1134 289 1165 temporum
318 1130 417 1165 injuria
446 1131 598 1164 intercidit,
624 1134 652 1158 et
674 1130 846 1158 Constantini

74 1175 179 1202 Oratione
194 1176 226 1202 ad
257 1179 420 1203 sanctorum
450 1180 562 1208 coetum,
581 1183 614 1204 ex
634 1176 733 1203 Latino
756 1175 848 1203 Graece

73 1221 195 1251 translata.
208 1221 357 1253 Eusebius,
373 1225 403 1248 ut
419 1221 465 1249 lib.
482 1230 517 1252 Iv.
532 1229 592 1257 cap.
603 1221 652 1253 46,
673 1225 800 1253 testatur,
815 1222 848 1248 li-

75 1267 122 1294 bris
144 1267 176 1294 De
204 1268 256 1294 vita
275 1267 448 1295 Constantini
468 1267 619 1303 subjnnxit.
645 1267 753 1295 Primus
777 1267 845 1295 Rob.

75 1312 210 1348 SIepbanus
238 1322 306 1341 cum
336 1314 390 1342 illis
405 1314 488 1342 edidit
517 1312 619 1346 Gnece.
644 1313 738 1341 Latine
765 1314 847 1342 vertit

75 1357 329 1394 Cbristopborsonus
342 1364 369 1388 et
385 1360 521 1388 Musculus
538 1365 619 1395 atque
634 1361 696 1388 inde
711 1360 845 1391 Valesius,

77 1405 114 1437 qui
126 1406 190 1432 notis
201 1406 284 1433 etiam
303 1406 450 1434 illustravit
475 1406 509 1442 [is
523 1406 617 1434 laudat
630 1406 708 1434 codd.
731 1405 844 1438 Fukctii,

76 1448 178 1477 'l'urnebi
192 1458 222 1478 ac
235 1451 334 1479 Savilii
345 1456 371 1479 et
386 1452 500 1480 schedas
511 1452 574 1479 bibl.
592 1452 681 1488 regite,
695 1451 844 1482 etc.,deni-

78 1502 120 1529 que
141 1495 256 1532 Reading
272 1505 339 1525 cum
352 1499 423 1526 notis
438 1498 537 1526 Valesii
557 1502 585 1526 et
600 1497 750 1534 variorum]
762 1496 842 1524 FABB.
861 1525 882 1552 Ο

114 1540 136 1552 1-
154 1542 187 1552 L'I
198 1543 204 1552 I
234 1542 255 1552 ‘1
316 1547 336 1552 ,κ
366 1543 385 1552 n
415 1543 438 1552 II
490 1544 496 1549 -
533 1551 539 1552 κ
568 1543 578 1552 .I
590 1543 597 1552 I
624 1542 797 1552 μημνννιι-
827 1548 845 1552 γλ

78 1540 139 1568 —ln
154 1542 216 1570 bibl.
234 1542 342 1571 Veneta
365 1543 396 1571 D.
415 1543 508 1574 Marci,
528 1543 608 1571 codd.
623 1542 799 1571 CCCXXXIX
822 1548 848 1570 et

78 1588 182 1618 CCCXL.
194 1589 293 1618 Euseb.
314 1589 353 1616 De
367 1589 487 1617 laudibus
503 1589 680 1622 Constantini,
693 1592 720 1617 et
731 1588 768 1616 De
788 1589 849 1616 Vita

78 1631 225 1661 Constantini
251 1635 317 1662 libri
338 1643 367 1668 v;
384 1643 433 1670 pro
451 1635 520 1663 libro
539 1643 554 1662 v
579 1638 738 1662 numeratur
763 1635 848 1662 oratio

79 1678 226 1707 Constantini
240 1681 274 1707 ad
286 1686 441 1708 sanctorum
455 1686 546 1709 caelum
563 1681 599 1716 (v.
616 1680 676 1709 Cat.
692 1680 771 1708 codd.
788 1681 847 1709 σν..

79 1732 129 1760 pag.
143 1726 188 1753 156
197 1733 222 1754 et
233 1723 450 1763 157).—-Leidae
465 1728 492 1754 in
507 1727 573 1755 bibl.
590 1727 667 1755 acad.
684 1727 754 1754 inter
767 1726 847 1754 codd.

79 1769 206 1800 Bouarent.
217 1772 357 1805 Vulcanii,
376 1774 666 1808 Τριακονταετηρικός
676 1781 703 1800 ιη
716 1772 847 1800 Constan-

80 1815 149 1842 tinum
168 1818 240 1852 imp.,
254 1819 306 1846 Gr.
323 1819 420 1854 (Catal.
438 1819 516 1851 bibl.,
532 1827 593 1854 pag.
604 1818 667 1851 545,
684 1827 711 1846 n.
728 1818 847 1853 XXXV.)

80 1861 191 1891 —Paris.
203 1864 229 1891 in
243 1865 314 1892 bibl.
334 1865 422 1899 publ.,
436 1873 476 1892 or.
492 1865 524 1892 de
548 1865 670 1892 laudibus
682 1865 848 1892 Constantini

80 1903 112 1932 ll.
127 1906 151 1933 in
161 1909 233 1937 codd.
254 1909 428 1942 MCDXXXI,
451 1909 620 1938 MCDXXXII
634 1912 690 1947 (qui
705 1911 765 1938 cod.
780 1919 848 1937 non—

81 1950 134 1978 dum
146 1954 250 1982 collatus
263 1963 328 1983 esse
340 1955 440 1982 dicitur
451 1956 476 1982 in
485 1955 585 1988 Catal.,
594 1955 654 1983 cod.
667 1955 696 1984 ll.
705 1963 763 1991 pag.
773 1956 845 1989 518).

80 1996 179 2024 lncodd.
189 1998 394 2033 MCDXXXVH,
403 1998 608 2027 MCDXXXVlll
618 2005 645 2028 et
654 2000 846 2034 MCDXXXIX,

81 2041 173 2070 Eusebii
188 2044 262 2074 libris
278 2046 321 2072 De
345 2046 398 2072 vita
420 2044 587 2073 Constantini
611 2045 651 2074 Μ.
675 2047 848 2081 subjungitur

81 2086 229 2117 Constantini
246 2092 279 2119 ad
298 2097 453 2119 sanctorum
467 2096 568 2120 coetum
581 2092 679 2120 oratio.
692 2107 727 2114 σο-
740 2091 770 2119 ln
785 2093 846 2120 coll.

83 2131 262 2163 MCDXXXVIII
289 2141 360 2165 orat.
382 2137 420 2164 De
458 2138 580 2165 laudibus
610 2138 776 2165 Constantini
809 2138 845 2165 Μ.

82 2179 188 2225 irretitus
198 2186 238 2209 est
253 2185 392 2217 prologus.
409 2183 448 2210 Ex
465 2191 525 2218 cap.
553 2184 585 2211 Η
607 2183 715 2212 Eusebii
732 2184 765 2211 de
781 2185 848 2211 lau—
862 2199 884 2225 υ

81 2222 145 2251 dibus
166 2224 342 2261 Constantini,
368 2235 429 2263 pag.
456 2228 516 2261 747,
542 2229 584 2257 ed.
600 2229 721 2265 Reading
736 2229 845 2266 (collato

861 844 882 871 Β

111 2302 143 2338 (a)
156 2304 319 2343 Vipdobonaa
332 2306 359 2335 in
377 2307 442 2343 bibl.
455 2307 555 2336 Ctesar.
571 2309 632 2337 cod.
646 2309 759 2343 CLXVI,
775 2319 803 2337 n.
825 2313 844 2342 Ι.

85 2335 282 2379 iragin.§usebii
310 2343 342 2369 ἐκ
357 2342 412 2369 τοῦ
434 2335 511 2379 πρρςγ
527 2335 846 2379 Μαρἱῖνῶξῆέιῖίιξηῖί

85 2372 147 2413 becio
167 2374 341 2413 Cmnentar.
359 2381 424 2405 toni.
447 2372 498 2408 [νζ
514 2372 579 2413 ρηςῖ
594 2372 657 2412 887,
679 2387 706 2408 et
730 2380 757 2407 in
783 2379 844 2408 cod.

85 2406 218 2446 Baroccan.
233 2412 326 2443 ClllC.
348 2413 377 2440 in
393 2419 447 2446 quo
469 2406 562 2440 etiam“
575 2406 639 2441 sunt
651 2406 764 2442 'Eusebii
784 2406 845 2443 sit};

86 2445 326 2510 ἐίἱυᾶελείς,
351 2445 503 2475 secundum
527 2448 587 2476 Cat.
614 2449 694 2477 codd.
718 2449 797 2486 Angl.
819 2451 845 2483 i,

103 2489 155 2505 .zt.
166 2489 245 2509 nAltL.

116 2523 148 2559 (b)
160 2525 221 2555 Male
236 2528 298 2555 libri
317 2527 355 2556 VI
369 2536 499 2558 excmm
515 2529 543 2558 in
566 2528 608 2557 Jo.
623 2529 726 2559 Molleri
747 2530 847 2559 Homo-

88 2563 243 2596 aymoscopia,
254 2571 282 2599 p.
296 2563 359 2591 461.

104 2604 148 2643 ,(ι)
162 2606 259 2643 Simius
276 2613 319 2638 est
333 2610 503 2639 Constantini
521 2611 655 2639 laudator.
672 2611 705 2638 V.
729 2610 846 2639 Thoma-

91 2641 205 2703 θα
222 2644 280 2678 Pin.
293 2646 416 2681 aliosque
430 2653 445 2673 a
457 2645 553 2675 Stollio
563 2655 624 2683 pag.
636 2647 688 2674 227
703 2648 845 2675 excitatos.

117 2718 152 2757 (εἰ)
175 2722 227 2751 Jac.
241 2724 392 2754 Godol'rcdo
421 2733 551 2755 assensus
579 2727 609 2755 Β.
637 2727 791 2755 Dorscbeus
819 2726 846 2754 in

114 2760 210 2798 'f“!ll’ff§i_
224 2760 448 2798 concilii_lVicgni
463 2762 494 2789 de
511 2763 539 2790 S.
553 2761 642 2798 Cinna,
657 2771 684 2798 p.
698 2763 724 2790 5.

96 2790 210 2850 "Inuum
235 2796 261 2823 in
285 2796 366 2824 codd.
398 2796 494 2824 Venet.
520 2797 552 2824 ad
585 2797 598 2833 §
623 2790 666 2824 17⁸
679 2797 845 2826 memoratis.

893 213 984 240 dicare
996 212 1098 240 studuit
1114 212 1208 240 Bullus
1222 214 1248 240 in
1263 212 1323 248 Det".
1340 213 1387 247 βό.
1412 213 1486 246 illia,
1497 222 1558 250 pag.
1570 215 1632 246 23L
1649 219 1677 242 et

893 260 1021 288 relutavit
1037 258 1173 286 Valesium
1200 259 1233 286 ad
1256 266 1281 286 c.
1310 259 1340 286 ll
1370 259 1591 294 contendentem,
1616 261 1678 288 illati

894 305 1000 334 Eusebii
1013 305 1046 333 de
1059 305 1149 332 divina
1161 305 1268 340 quidem
1284 304 1344 332 Filii
1360 305 1490 340 potentia,
1511 306 1558 333 sed
1575 307 1676 338 media.

893 352 1034 386 opiniones
1059 350 1160 386 optime
1177 349 1290 377 refutari
1311 350 1344 377 ab
1365 350 1513 378 Athanasio
1538 359 1579 378 or.
1598 352 1679 378 tertia

894 400 986 424 contra
1007 396 1133 428 Arianos,
1161 403 1220 431 pag.
1243 395 1304 422 597.
1325 394 1445 431 Reading
1469 397 1486 424 l.
1517 404 1543 424 c.
1570 405 1678 432 quoque

895 441 988 468 laudat
1016 441 1144 470 Pearson.
1176 441 1278 468 Vindic.
1309 442 1384 475 epist.
1416 441 1516 476 Ignat..
1551 447 1621 477 part.
1647 450 1677 475 II,

895 495 957 522 pag.
969 487 1013 515 56.
1026 487 1111 515 Hann.

931 533 1012 561 XVII.
1031 534 1067 560 De
1085 534 1145 560 Vita
1165 532 1332 561 Constantini
1354 532 1393 560 Μ.
1421 534 1477 568 jam
1500 534 1532 561 A.
1561 534 1592 562 C.
1626 535 1679 562 ’557

897 578 1028 612 defuncti,
1058 578 1120 606 libri
1140 578 1245 615 1V(b),
1277 580 1303 606 in
1332 579 1441 614 quibus,
1455 579 1502 612 ait,
1523 587 1552 607 se
1581 581 1614 608 de
1637 581 1680 608 in-

897 624 1000 653 dustria
1020 626 1145 653 omittere
1171 626 1313 653 conﬂictus
1329 629 1356 653 et
1381 625 1489 660 praslia,
1507 633 1549 653 res
1575 626 1679 654 fortiter

898 675 998 706 gestas,
1011 675 1110 706 tropma
1120 679 1151 699 ac
1163 672 1324 707 triumphos,
1338 671 1410 707 leges
1421 675 1448 699 et
1462 672 1589 706 pryclara
1601 673 1680 700 insti-

897 720 966 746 tuta.
987 720 1014 743 et
1036 721 1139 744 tantum
1158 717 1265 745 tradere
1279 717 1346 752 μόνα
1368 716 1403 743 τὰ
1420 717 1486 752 πρὸς
1504 716 1549 744 τὸν
1571 718 1680 752 Θεοφιλῆ

900 763 1067 789 συντείνοντα.
1090 763 1155 798 βίον,
1170 771 1282 798 quaeque
1296 763 1330 790 ad
1345 762 1391 790 Dei
1416 763 1517 790 cultum
1534 764 1678 798 pertinent,

900 808 945 835 lib.
965 816 982 840 I,
998 816 1057 842 cap.
1071 809 1114 840 ll,
1130 809 1201 836 unde
1214 809 1322 836 titulum
1344 811 1434 844 operis
1459 808 1522 836 fecit
1540 810 1609 844 Περὶ
1627 811 1680 837 τοῦ

896 854 970 881 κατὰ
986 855 1059 882 Θεὸν
1076 856 1148 888 βίου
1160 856 1213 883 τοῦ
1229 856 1377 890 μακαρίου
1389 857 1615 883 Κωνσταντίνου
1627 857 1682 885 τοῦ

896 901 1056 934 βασιλέως,
1072 905 1101 928 ut
1112 905 1187 928 notat
1201 901 1333 934 Valesius,
1345 910 1405 937 pag.
1421 902 1473 930 256
1486 904 1531 938 lc).
1546 902 1679 931 Ceterum

901 945 954 971 falli
969 944 1026 972 Jac.
1042 945 1235 973 Gothofredum
1253 946 1302 983 (ά),
1324 948 1370 982 qui
1395 949 1444 975 hos
1462 948 1544 975 libros
1572 949 1606 976 ab
1627 949 1682 976 Eu-

899 992 975 1019 sebio
992 993 1108 1027 scriptos
1125 1001 1186 1020 esse
1197 994 1304 1029 negavit
1319 994 1448 1030 pag.?.75,
1459 995 1491 1022 ad
1504 994 1680 1031 Philostorg..

899 1043 925 1064 et
939 1039 965 1064 in
977 1039 1054 1073 epist.
1070 1039 1102 1065 ad
1114 1038 1247 1067 Andream
1260 1039 1385 1067 Rivetum
1402 1041 1453 1068 sub
1463 1041 1573 1070 nomine
1586 1042 1681 1071 Jacobi

897 1082 999 1110 Pacidii
1015 1084 1097 1119 edita,
1111 1084 1189 1112 facile
1199 1091 1232 1112 ex
1247 1085 1307 1120 ipso
1320 1093 1401 1121 opere
1416 1091 1442 1114 et
1454 1087 1584 1120 Socratis,
1598 1088 1679 1116 $01.0-

898 1129 979 1163 meni,
993 1128 1093 1162 Pliotii,
1108 1130 1207 1158 Gelasii
1233 1131 1403 1167 aliorumque
1417 1137 1537 1160 veterum
1557 1135 1677 1163 testimo-

897 1174 950 1201 niis
960 1174 1180 1202 demonstrarunt
1194 1175 1324 1205 Martinus
1336 1177 1473 1205 Hanckins
1490 1178 1527 1206 De
1543 1180 1680 1214 scriptori-

898 1219 944 1246 bus
956 1219 1035 1254 Byz.,
1049 1228 1109 1256 pag.
1122 1221 1152 1248 81
1171 1229 1241 1257 seq.,
1254 1221 1279 1249 J.
1295 1222 1417 1251 Andreas
1439 1224 1536 1252 Bosius
1550 1225 1588 1251 De
1608 1234 1680 1260 pon-

898 1267 1000 1301 tiﬁcatu
1010 1268 1125 1294 maximo
1141 1268 1324 1302 imperatorum
1349 1268 1435 1301 Rom..
1450 1278 1510 1305 pag.
1526 1269 1560 1297 65
1572 1279 1640 1306 seq.,
1653 1275 1682 1299 et

897 1310 1033 1344 Valesius,
1050 1319 1110 1347 pag.
1124 1312 1187 1340 216.
1199 1312 1278 1340 Omni
1290 1313 1371 1341 etiam
1386 1313 1514 1340 destituta
1527 1318 1569 1341 est
1590 1315 1681 1342 verisi-

896 1359 1046 1386 militudine
1068 1358 1160 1386 Sandii
1171 1359 1339 1394 conjectura,
1351 1359 1397 1394 qui
1410 1360 1436 1387 in
1453 1359 1552 1388 Nualeo
1563 1361 1681 1389 historice

895 1405 998 1438 eccles.,
1024 1413 1086 1441 pag.
1109 1405 1155 1438 48,
1180 1405 1290 1433 Macarii
1310 1404 1545 1442 Hierosolymitani
1559 1415 1620 1436 esse
1633 1408 1681 1434 ba-

895 1451 1017 1479 riolatur.
1042 1452 1216 1488 Πανηγυρικῇ
1251 1451 1384 1488 ὑψηγορίᾳ
1417 1460 1495 1480 usum
1522 1451 1679 1486 Eusebium,

897 1497 976 1524 multi
990 1497 1173 1530 adnotarunt;
1194 1504 1282 1532 neque
1296 1501 1385 1525 tamen
1401 1497 1468 1526 ﬁdes
1492 1498 1621 1527 historica
1641 1500 1680 1526 illi

899 1547 1040 1578 propterea
1056 1543 1084 1570 in
1100 1550 1190 1570 rerum
1212 1550 1317 1570 summa
1330 1542 1494 1578 deneganda.
1509 1542 1616 1572 Primus
1631 1545 1681 1573 bos

899 1589 983 1616 libros
996 1587 1087 1616 Griece
1108 1596 1169 1616 cum
1190 1588 1311 1616 Historia
1326 1589 1416 1616 coclea.
1433 1590 1516 1617 edidit
1530 1589 1598 1619 Rob.
1619 1591 1682 1619 Ste-

899 1635 1015 1670 phanus,
1031 1634 1117 1661 Paris.
1135 1634 1215 1667 15M,
1231 1633 1290 1667 fol.,
1307 1642 1356 1669 pro
1381 1635 1475 1669 quinto
1503 1637 1571 1664 libro
1586 1645 1681 1666 nume-

899 1688 963 1707 rans
985 1681 1136 1708 orationem
1164 1680 1198 1707 ad
1223 1683 1379 1708 sanctorum
1407 1686 1506 1708 coetum
1538 1683 1591 1718 (ε),
1622 1691 1682 1718 qua:

898 1725 1068 1753 Constantini
1089 1725 1125 1753 Μ.
1150 1729 1202 1759 est,
1231 1733 1286 1753 non
1317 1725 1436 1753 Eusebii.
1458 1726 1551 1755 Latine
1576 1729 1682 1764 primus

898 1775 1015 1804 quatuor
1030 1769 1188 1805 libros(non
1200 1773 1256 1798 tres
1269 1770 1402 1805 primores
1415 1774 1530 1804 tantum,
1548 1777 1576 1800 ut
1587 1774 1682 1802 scribit

898 1815 1036 1844 llancltius
1065 1824 1126 1852 pag.
1144 1816 1178 1843 86
1195 1815 1234 1843 De
1258 1816 1429 1851 scriptoribus
1457 1817 1534 1854 Byz.)
1563 1817 1681 1848 Joannes

897 1861 1038 1889 Portesius
1050 1861 1141 1889 vertit.
1173 1861 1241 1889 Hinc
1257 1860 1436 1898 Wollgangus
1461 1862 1615 1897 Musculns,
1632 1873 1682 1892 nec

898 1907 987 1935 minus
998 1906 1022 1934 J.
1039 1907 1313 1942 Cbristopborsonus,
1327 1907 1373 1942 qui
1396 1907 1509 1936 Portesii
1528 1909 1680 1937 versionem

898 1961 952 1980 non
978 1953 1092 1984 viderat,
1116 1956 1226 1980 notante
1242 1952 1350 1981 Valesio
1372 1961 1431 1989 pag.
1457 1954 1509 1981 2l6
1534 1963 1576 1989 sq.
1594 1954 1681 1991 llujus

897 2000 1195 2034 Cbristopbprsonianas
1205 2000 1336 2028 versionis
1348 2008 1408 2027 cum
1420 2000 1606 2036 liberquartns
1615 2010 1681 2031 casu

897 2046 1014 2081 quodam
1031 2045 1149 2074 amissus
1165 2050 1253 2080 esset,
1277 2051 1404 2082 quartum
1428 2046 1557 2075 Nicolaus
1579 2048 1681 2078 Carrus

898 2091 1039 2126 supplevit.
1056 2091 1176 2126 Denique
1202 2091 1273 2119 idem
1288 2091 1422 2120 Henricus
1436 2091 1561 2122 Valesius
1588 2085 1681 2122 Graeca

897 2138 929 2165 ad
953 2138 1060 2165 codices
1089 2145 1156 2165 mss.
1181 2138 1340 2173 castigavit,
1364 2139 1516 2167 versionem
1541 2140 1680 2168 meliorem

899 2186 1030 2217 notasque
1042 2183 1216 2210 doctissimas
1232 2182 1354 2217 adiunxit
1364 2183 1407 2218 (Ι).
1420 2183 1558 2212 Editiones
1571 2184 1681 2214 Latinas

896 2233 923 2256 et
947 2227 1182 2261 Graeco-Latinas,
1209 2227 1271 2263 quia
1293 2229 1421 2257 Historia
1448 2229 1630 2258 ecclesiastica:
1652 2232 1680 2259 hi

930 2305 964 2347 (1)
972 2305 1108 2347 _Vale_sius
1127 2306 1297 2347 lfudat_cod_.
1323 2306 1530 2347 Fuketi,._l_ectt..
1548 2307 1582 2335 ad
1599 2316 1679 2347 gran

895 2340 958 2368 libri
971 2340 1111 2373 Saviliani,
1127 2340 1292 2369 Turnebiani
1307 2347 1334 2369 et
1357 2342 1418 2370 cod.
1441 2342 1542 2375 Morasi,
1557 2343 1678 2371 codicem

896 2376 1063 2411 schedasque
1082 2376 1145 2403 bibl.
1173 2376 1262 2403 Paris.
1278 2375 1343 2405 Rec.
1367 2381 1410 2405 est
1435 2377 1479 2404 ed.
1500 2377 1600 2405 Valesii
1616 2386 1678 2406 cum

896 2412 977 2445 huius
994 2411 1184 2448 variorumque
1202 2413 1337 2448 adnotatt.
1348 2411 1376 2438 in
1396 2412 1438 2439 ed.
1452 2412 1584 2448 Reading.
1599 2428 1635 2434 —-
1648 2413 1678 2440 ltt

896 2443 944 2474 sei
967 2443 1149 2481 codd._bibl._
1164 2443 1253 2472 Paris.
1275 2447 1350 2481 puhl.
1374 2448 1528 2475 continetur
1544 2443 1678 2476 Eusebius

896 2481 935 2508 De
965 2481 1019 2508 vita
1046 2479 1222 2508 Constantini.
1243 2479 1284 2500 -—'
1301 2481 1328 2509 In
1356 2481 1416 2509 cod.
1434 2482 1577 2514 Escorial.,
1607 2486 1678 2510 teste

898 2516 993 2543 Pluere
1017 2515 1044 2542 in
1066 2515 1132 2542 Itin.
1156 2523 1202 2550 per
1225 2515 1351 2550 Hispan.,
1379 2524 1404 2550 p.
1439 2517 1500 2545 168.
1523 2517 1597 2545 —-ln
1613 2517 1674 2545 cod.

897 2550 1061 2586 Mosquensi,
1073 2553 1142 2586 teste
1159 2550 1277 2586 Strotbio
1291 2551 1319 2578 in
1336 2551 1410 2586 praei.
1427 2551 1460 2579 ad
1481 2552 1546 2579 Eus.
1574 2551 1610 2579 Η.
1629 2551 1675 2584 Ε..

897 2585 1040 2622 ρηςζηη.
1054 2585 1132 2622 —_l_n
1145 2585 1215 2622 ξοδ.
1230 2585 1498 2622 ΑΜβάίοέο-Ριονεηι.
1518 2587 1578 2621 XX,
1599 2586 1676 2622 uti,

896 2619 944 2656 qui
953 2621 1078 2656 continet
1090 2620 1124 2648 Η.
1141 2619 1184 2652 Ε.,
1195 2620 1247 2648 sub
1262 2620 1341 2648 linem
1360 2622 1490 2650 insertum
1509 2627 1551 2649 est
1566 2619 1599 2649 ex
1622 2619 1677 2648 Eu;

897 2654 964 2684 sebii
983 2654 1233 2692 VitaConstantini,
1259 2663 1274 2692 a
1290 2663 1350 2691 cap.
1359 2657 1409 2689 '24,
1431 2664 1517 2692 usque
1538 2657 1571 2684 ad
1590 2661 1676 2684 totum

897 2698 956 2727 cap.
984 2690 1019 2718 42
1045 2690 1104 2717 libri
1130 2691 1149 2727 |_l
1178 2690 1506 2727 inclusive,'excerptum,
1532 2692 1676 2719 continens

897 2725 971 2753 illius
984 2725 1155 2760 imperatm'is
1169 2726 1401 2758 constitutionem,
1415 2725 1510 2761 quam,
1530 2727 1676 2755 destructis

897 2761 1030 2797 tyrannis,
1046 2761 1137 2797 Graeca
1155 2761 1244 2796 lingua
1254 2762 1454 2797 conscriptam,
1470 2762 1596 2797 gentibus
1611 2762 1676 2789 sub-

898 2796 1056 2833 ditis_t_nisit.
1073 2795 1230 2833 VaBandI'n.
1246 2795 1306 2822 Cat.
1319 2795 1393 2824 codd.
1420 2795 1520 2833 (ἐζ-,ξω
1537 2797 1672 2833 pag._ii81.

898 2844 933 2851 —
962 2830 1019 2857 Huc
1053 2831 1186 2862 pertinent
1221 2835 1406 2858 commentatt.
1440 2830 1584 2860 DuEr'nf
1598 2831 1673 2860 Frid.
