1915 3135
237 148 272 176 47

722 148 889 176 essemus
908 147 1152 177 cmssmsnsrs
1170 134 1360 177 muscosis

1827 150 1863 179 43

234 206 298 234 libri
312 205 439 242 subjungi
455 205 551 237 solent,
558 212 640 240 supra
652 213 727 232 num.
743 206 761 233 5
773 206 917 233 adnotatas
932 206 1008 233 viden

1079 205 1107 232 '0
1134 205 1265 242 ἡμέτερος
1296 205 1499 242 ἱστοριογράφος
1529 205 1676 238 Εὐσέϐιος,
1701 206 1784 242 ἡνίκα
1813 209 1862 243 τὴν

234 254 307 280 licet.
321 252 436 280 Tantum
462 252 587 283 monebo,
613 251 640 278 in
667 252 833 280 cditionlbus
859 251 1021 287 quibusdam

232 300 339 328 Latinis
362 299 453 326 brevia
484 298 510 326 J.
539 298 599 326 Jac.
629 297 736 334 Grynaei
761 302 788 326 et
811 297 922 326 Sull‘ridi
949 298 1022 326 Petri

234 346 338 374 Scholia
355 345 482 379 adjuncta
503 352 574 372 esse.
604 343 712 372 Gallica:
738 351 845 379 quoque
861 344 1022 379 interpreta-

233 392 316 419 tionis
333 391 421 419 instar
433 394 483 422 est.
502 390 575 426 quod
589 395 700 418 auctore
718 389 822 418 Joanne
837 390 941 418 Morino
957 398 1020 426 pro.

231 438 281 465 diit
291 445 363 472 opus
386 447 393 464 :
420 436 538 464 Histoire
567 436 598 463 de
628 436 655 463 la
681 436 829 464 délivrance
858 437 890 464 de
912 437 1020 472 l‘Eglise

230 484 386 516 cltrétienne,
407 491 456 517 par
475 483 629 517 l'emporeur
646 481 812 511 Constantin.
830 482 920 511 Paris.
940 483 1017 517 1650,

231 529 277 556 iul.

266 575 356 602 XVlll.
370 575 408 602 De
421 575 482 602 Vita
491 574 520 602 S.
533 574 676 610 Pamphilii
689 574 825 609 martyris,
837 575 1018 610 scripsissese

230 625 347 649 testatur
364 621 411 649 lib.
432 629 458 648 vt
476 621 526 656 (α),
547 629 607 656 cap.
633 621 678 653 52,
695 621 841 652 Eusebius,
867 625 893 649 et
910 622 956 649 lib.
979 629 1017 649 vu

231 668 302 694 Ilist.
317 667 421 699 παίει,
446 675 507 703 cap.
526 667 570 699 52,
589 674 649 703 pag.
665 666 729 701 288,
759 671 786 694 et
805 667 842 694 De
856 667 1017 703 martyribus

230 714 394 746 Pota-stium,
412 721 472 748 cap.
504 713 546 745 11,
565 713 609 740 ubi
639 714 720 740 tribus
738 713 811 740 libris
829 713 985 741 distinctum
1001 722 1016 742 a

229 769 259 788 se
284 767 353 795 opus
377 759 443 786 illud
471 759 557 787 fuisse
570 758 663 792 refert,
680 759 752 795 quod
768 759 910 787 conﬁrmat
933 760 1014 788 etiam

229 806 410 841 Hieronymus
425 806 453 833 in
468 804 605 840 Catalogo,
615 813 674 840 cap.
685 805 729 837 8|,
739 810 765 834 et
773 805 896 833 adversus
911 806 1013 842 Rufin.,

229 860 290 888 pag.
304 852 365 884 155,
384 851 428 879 ubi
445 852 529 879 libros
539 852 757 886 elegantissimos
773 852 899 887 appellat.
915 851 1011 886 Hujus,

1058 251 1330 286 Ἐκκλησιαστικὴν
1352 252 1470 287 ἔγραφεν
1495 252 1644 285 ἱστορίαν,
1662 251 1865 287 παραλέλοιπεν

1071 297 1172 329 ἐκεῖνα,
1185 294 1222 324 ὧν
1238 298 1348 333 μνήμην
1362 298 1507 333 ἐποιήσατο
1521 299 1550 324 ὲν
1565 298 1669 332 ἑτέροις
1680 297 1766 324 αὐτοῦ
1781 299 1862 333 ποιή-

1072 350 1148 377 μασι.
1167 343 1221 370 Καὶ
1235 342 1289 377 γὰρ
1309 343 1338 368 ὲν
1360 342 1458 369 suam
1472 342 1584 377 λόγοις,
1604 342 1741 369 τουτέστιν
1756 343 1786 368 ἐν
1802 342 1863 369 δυο-

1069 388 1172 420 δεκάσι,
1187 389 1279 424 σχεδὸν
1291 389 1345 415 τῶν
1357 389 1386 415 ὲν
1403 389 1521 420 ἀπάσαις
1536 389 1681 425 ἐπαρχίαις
1695 389 1862 425 μαρτύρων,

1069 433 1244 467 ἐπισκόπων,
1269 434 1441 470 ὁμολογητῶν
1465 436 1511 462 καὶ
1535 435 1621 469 ἁγίων
1647 435 1786 469 γυναικῶν
1812 436 1863 462 καὶ

1069 479 1220 515 παρθένιον,
1234 479 1424 516 παρεσκεύασε
1444 480 1479 506 τὰ
1501 479 1574 515 πάθη
1601 479 1740 516 φέρεσθαι.
1764 479 1861 510 Miror,

1068 526 1186 553 Caveum
1208 526 1270 553 huic
1285 527 1361 561 operi
1383 526 1503 554 tribuere
1523 526 1607 554 libros
1622 534 1676 554 non
1691 527 1795 562 viginti,
1813 525 1861 554 sed

1067 572 1199 603 undecim,
1227 572 1341 607 ejusque
1359 572 1397 600 rei
1417 576 1556 600 auctorem
1584 572 1695 600 laudare
1720 572 1789 599 Acta
1805 570 1861 599 Sil-

1067 619 1156 651 oestri,
1174 626 1189 645 a
1206 618 1370 647 Combelisio
1384 617 1467 647 edita.
1480 618 1595 654 [Forsan
1607 619 1672 647 illud
1685 618 1717 645 de
1730 620 1861 654 martyri-

1067 665 1114 692 bus
1141 665 1304 696 Palaestinis,
1321 666 1392 701 quod
1419 666 1446 692 in
1467 665 1545 693 editt.
1573 664 1609 693 Η.
1632 665 1665 693 Ε.
1683 665 1805 694 adhaeret
1828 666 1861 694 li-

1067 711 1116 739 bro
1130 719 1189 744 vnt,
1204 715 1232 739 et
1251 712 1285 739 de
1302 719 1357 747 quo
1372 720 1398 739 v.
1411 711 1491 738 Fabr.
1508 711 1541 738 Β.
1558 710 1604 739 Gr.
1620 711 1674 739 vol.
1691 711 1737 744 lX,
1750 719 1814 747 pag.
1825 712 1860 740 55

1066 765 1097 792 sq
1125 757 1168 785 ed.
1183 762 1248 789 vet.,
1264 765 1328 793 pars
1343 757 1396 785 fuit
1410 758 1492 792 hujus
1508 757 1676 786 collectionis
1697 759 1856 793 martyrior.

1066 804 1274 840 anliqltioruln.]
1296 804 1397 832 Confer
1421 804 1455 831 de
1485 803 1579 831 eodem
1599 811 1680 839 opere
1701 803 1857 832 Eusebiano

1066 849 1224 878 Bollandum
1245 850 1321 886 praal‘.
1352 851 1385 878 ad
1412 853 1433 878 t.
1463 849 1471 876 1
1499 850 1559 878 Act.
1588 855 1703 877 sanctor.
1726 849 1854 882 Ιαηιιαγ.,

229 904 258 926 ut
274 902 361 934 putat,
377 897 468 933 operis
483 898 630 933 genuinum
642 898 866 933 ἀποσπασμὰτιον
884 898 918 926 de
933 897 1008 925 Pam-

1063 903 1123 931 pag.
1150 903 1195 923 va
1223 899 1249 923 et
1274 904 1337 928 XLV,
1364 899 1391 924 et
1418 895 1619 924 Henschenium
1651 901 1670 923 ι.
1697 895 1717 922 ll
1745 895 1855 930 Aprilis,

228 945 294 981 pbili
321 944 452 980 martyrio
466 943 558 971 Graece
583 952 614 971 ex
637 951 689 971 ms.
704 944 797 971 codice
811 944 928 972 Mediceo
943 945 1013 980 regis

227 991 456 1019 Christianissimi
484 991 652 1024 descriptum
673 990 782 1018 exhibet
811 990 1013 1025 Papebrocbius

227 1041 248 1066 ι.
266 1037 275 1064 Ι
289 1037 348 1064 Act.
363 1035 520 1064 Sanctorum
545 1035 629 1066 Junii,
643 1043 704 1071 pag.
717 1035 809 1066 64—71..
832 1043 892 1062 cum
918 1035 1013 1062 Latina

227 1082 363 1110 versione.
382 1080 474 1118 [Fabn
491 1081 518 1108 in
539 1088 588 1107 sua
613 1079 748 1116 Hippolyti
763 1079 831 1115 Opp.
845 1081 923 1112 edit..
941 1085 960 1107 t.
979 1079 1012 1110 ll.

228 1135 289 1163 pag.
302 1125 381 1161 217.]
405 1126 501 1154 Latina
527 1126 571 1153 illa
599 1133 632 1153 ex
651 1125 767 1153 Eusebio
784 1134 815 1152 ac
833 1126 1013 1161 Metaphraste

228 1174 361 1202 dederant
376 1173 562 1209 Lipomannus
577 1175 603 1200 et
617 1171 715 1199 Surius
730 1171 838 1204 Hunii,
850 1177 878 1199 et
889 1171 1012 1200 Valesius

222 1230 288 1258 pag.
305 1221 367 1254 178,
375 1221 408 1248 ad
424 1220 521 1248 Euseb.

262 1266 332 1293 XIX.
347 1266 408 1293 Τῶν
421 1265 552 1300 ἀρχαίων
560 1265 729 1299 μαρτυρίων
739 1263 926 1298 συιηγωγήν,
944 1265 1012 1290 anti—

223 1319 335 1347 quorum
364 1310 552 1345 martyriorum
582 1309 778 1340 collectionem,
809 1309 952 1343 scripsisse
983 1316 1012 1336 se

225 1357 359 1384 Eusebius
375 1360 490 1383 testatur
505 1354 533 1381 in
550 1353 621 1381 Hist.
643 1354 735 1381 eccles.
761 1353 810 1380 lib.
825 1361 862 1385 tv,
877 1361 936 1388 cap.
966 1353 1010 1385 15,

224 1410 286 1438 pag.
299 1402 361 1434 156,
377 1405 404 1428 ει
428 1400 474 1427 lib.
493 1408 518 1432 γ’,
544 1406 671 1434 promm.,
689 1406 751 1434 pag.
768 1398 830 1430 155,
846 1402 873 1426 et
886 1405 946 1433 cap.
964 1397 1009 1430 21,

224 1456 286 1485 pag.
305 1447 365 1475 189.
381 1446 420 1474 Ex
431 1447 482 1473 hoc
495 1453 577 1481 opere
593 1445 733 1480 praeclaro,
750 1447 776 1472 et
786 1443 858 1479 quod
878 1444 1011 1479 integrum

224 1495 258 1522 ad
269 1502 320 1521 nos
332 1492 405 1520 haud
418 1492 574 1527 pervenisse
588 1489 733 1517 dolendum
751 1493 802 1522 est,
818 1489 902 1516 multa
917 1497 1011 1525 super-

223 1548 285 1568 esse
304 1539 440 1571 videntur,
464 1538 491 1564 in
516 1537 583 1564 Vitis
600 1536 713 1563 Patrum
729 1535 823 1564 Latine
841 1536 892 1563 sub
915 1535 1010 1563 Hiero-

224 1586 299 1623 nymi
325 1585 434 1613 nomine
456 1583 547 1616 editis,
563 1587 590 1610 et
612 1583 640 1610 in
664 1583 789 1610 Simeone
817 1582 1007 1616 .‘lletaphraste,

223 1633 269 1668 qui
281 1632 375 1660 Graeco
391 1631 461 1666 stylo
485 1635 640 1657 sanctorum
653 1628 731 1656 Vitas
751 1632 777 1656 et
798 1628 927 1664 martyris
944 1635 1010 1655 con-

223 1679 301 1706 didit.
318 1677 508 1713 Fragmentum
524 1684 557 1704 ex
569 1676 621 1703 hoc
635 1683 716 1710 opere
731 1675 885 1702 Eusebiano
899 1675 964 1702 dare
980 1681 1009 1701 se

221 1725 339 1753 credidit
356 1722 557 1758 Papebrochius
573 1720 761 1748 Narrationem
775 1720 806 1748 de
826 1720 912 1747 decem
930 1728 1010 1746 mar—

223 1771 324 1806 tyribus
349 1769 468 1805 Egypti,
484 1768 576 1796 Graece
604 1775 620 1795 e
642 1775 694 1795 ms.
707 1767 838 1794 Vaticano
857 1775 918 1794 cum
936 1766 1007 1794 Guil.

224 1817 315 1844 Sirleti
329 1816 453 1844 versione
468 1817 488 1842 t.
506 1815 516 1841 l
552 1815 611 1841 Act.
633 1818 749 1841 sanctor.
769 1813 854 1844 Junii,
879 1821 940 1848 pag.
955 1813 1008 1840 1‘20

222 1871 281 1898 seq.
299 1862 344 1890 Sic
364 1862 430 1889 Acta
457 1861 581 1896 martyrii
596 1859 624 1887 S.
640 1859 751 1886 Luciam’
765 1859 835 1894 apud
852 1858 960 1885 Surium
981 1862 1008 1886 et

222 1908 380 1936 Bollandum
406 1907 439 1934 ad
465 1907 480 1933 7
507 1906 620 1934 Ianuar.
645 1904 746 1940 Latine.
765 1905 854 1936 edita,
880 1903 1006 1932 Usserins

221 1955 292 1991 apud
309 1954 427 1982 Caveum
441 1953 597 1988 suspicatus
611 1956 652 1978 est
668 1949 876 1985 Metaphrastem
897 1950 1006 1985 petiisse

220 2011 254 2030 ex
269 2001 396 2029 Eusebio.
426 2000 561 2035 lntegram
585 1998 644 2033 ejus
667 1996 822 2033 μαρτυρίων
846 1997 1005 2032 ἀναγραφήν

220 2048 248 2075 in
267 2047 333 2075 bibl.
351 2044 516 2074 Scorialensi
534 2043 701 2079 superfuisse
714 2041 827 2069 allirmat
841 2041 1005 2069 Franciscus

220 2093 345 2121 Bivarius
361 2091 395 2119 ad
407 2091 513 2119 Pseudo
526 2089 618 2116 Dextri
631 2089 787 2121 Chroniran,
804 2087 838 2114 ad
849 2089 881 2114 A.
899 2086 929 2114 C.
941 2087 1003 2115 508.

221 2138 310 2173 Atque
329 2136 409 2163 libros
436 2141 487 2162 tres
511 2138 662 2169 martyrum
685 2133 795 2161 Eusebii
823 2133 944 2160 nondum
969 2132 1004 2160 de

221 2182 315 2210 Graeco
331 2188 424 2209 versos
439 2180 476 2207 ibi
499 2180 647 2211 exstitisse,
663 2186 696 2206 ex
712 2178 801 2205 indice
815 2178 935 2212 ejusdem
955 2178 1003 2205 bi-

1064 949 1125 976 pag.
1156 940 1224 974 559;
1240 941 1386 969 Baronium
1418 941 1490 969 Diss.
1521 940 1710 976 Martyrologio
1736 940 1856 968 Romano

1064 987 1212 1022 praemissa,
1230 994 1291 1022 cap.
1307 987 1366 1018 5-7,
1381 990 1408 1014 el
1425 986 1563 1014 Matthiam
1582 985 1656 1014 F-rid.
1669 986 1799 1014 Beckium
1821 987 1856 1014 ad

1063 1032 1284 1068 Hartyrologium
1314 1032 1439 1060 Ecclesia:
1469 1031 1640 1065 Germaniam,
1667 1039 1728 1067 pag.
1753 1031 1771 1059 5
1795 1039 1854 1067 seq.

1063 1078 1144 1106 ann.
1158 1079 1186 1106 In
1201 1078 1262 1106 cod.
1277 1077 1393 1105 MCDLll
1412 1078 1477 1106 bibl.
1493 1077 1569 1113 pubi.
1586 1077 1675 1106 Paris.
1690 1081 1733 1106 est
1748 1086 1776 1105 ιι.
1793 1077 1854 1104 XXI

1063 1125 1193 1157 Onesimi,
1210 1124 1257 1159 qui
1271 1123 1347 1152 Pauli
1375 1124 1526 1159 discipulus
1549 1124 1612 1158 fuit,
1630 1124 1802 1158 martyrium,
1828 1129 1856 1152 et

1062 1179 1090 1198 ιι.
1108 1170 1187 1202 XXII,
1201 1169 1346 1205 Pamphili,
1365 1170 1500 1203 Valentis,
1524 1169 1614 1202 Pauli,
1642 1169 1766 1203 Seleuci,
1787 1169 1856 1196 Por-

1062 1217 1162 1252 p':yrii,
1188 1216 1321 1243 Theoduli
1353 1220 1380 1244 et
1400 1215 1502 1244 luliani
1531 1215 1711 1251 martyrium,
1740 1219 1855 1244 auctore

1062 1262 1190 1290 Eusebio.
1200 1261 1286 1290 Hann.

1097 1306 1157 1334 XX.
1172 1307 1293 1342 Epistola
1321 1307 1356 1334 ad
1373 1307 1556 1335 Constantiam
1582 1307 1738 1343 Augustam,
1754 1306 1853 1334 Licinii

1061 1363 1185 1388 uxorem,
1202 1355 1311 1383 laudata
1339 1355 1373 1383 ab
1397 1354 1586 1382 lconomachis
1608 1355 1637 1382 in
1657 1355 1733 1382 Actis
1754 1354 1853 1390 synodi

1061 1399 1175 1427 Nicaeae:
1187 1401 1323 1433 secundae,
1341 1406 1394 1428 act.
1409 1409 1436 1434 v,
1454 1408 1515 1437 pag.
1528 1401 1590 1434 608,
1602 1404 1629 1428 et
1640 1408 1678 1433 vt,
1700 1408 1761 1436 pag.
1785 1400 1851 1433 661,

1061 1451 1081 1474 t.
1108 1447 1148 1474 lll.
1167 1447 1237 1475 Binii
1253 1447 1366 1483 (Labbei
1382 1452 1402 1474 t.
1422 1447 1486 1483 Vll),
1502 1451 1530 1476 et
1551 1455 1566 1475 a
1590 1447 1743 1484 Nicephoro
1754 1467 1762 1480 .
1776 1447 1853 1476 Con-

1061 1494 1237 1530 stantiuopol.
1251 1494 1416 1530 patriarcba,
1443 1495 1610 1531 impugnata.
1636 1495 1672 1522 Ex
1689 1495 1784 1523 eadem
1802 1495 1850 1522 Ni-

1060 1541 1195 1576 cephorus
1212 1540 1345 1576 Gregoras
1358 1548 1415 1574 ιιι,
1430 1541 1457 1573 5,
1472 1541 1554 1574 Hist.,
1576 1541 1621 1569 ubi
1636 1541 1781 1569 Eusebium
1795 1541 1854 1570 τῶν

1059 1586 1119 1612 τότε
1141 1586 1237 1621 λογίων
1263 1586 1308 1613 τὸν
1331 1587 1439 1623 πρῶτον
1466 1587 1599 1622 appellat,
1625 1595 1686 1623 pag.
1707 1587 1851 1615 59!.Eam

1059 1633 1207 1667 pleniorem
1223 1632 1315 1660 Graece
1332 1641 1346 1660 e
1371 1641 1422 1661 ms.
1437 1633 1512 1668 regio
1525 1634 1609 1662 edidit
1626 1633 1652 1660 .l.
1666 1633 1807 1662 Boivinius
1822 1635 1851 1662 in

1058 1678 1131 1705 notis
1159 1678 1274 1706 eruditis
1301 1677 1335 1704 ad
1364 1677 1478 1713 Niceph.
1505 1677 1670 1714 Gregoram,
1696 1687 1758 1715 pag.
1785 1679 1850 1707 795.

1059 1722 1185 1757 Spuriam
1211 1726 1238 1750 et
1267 1722 1385 1751 Eusebio
1403 1723 1572 1758 suppositam
1593 1732 1655 1752 esse
1669 1732 1723 1751 non
1741 1725 1851 1753 dubitat

1058 1768 1184 1796 Petavius
1208 1777 1262 1802 xxv,
1279 1769 1305 1802 9,
1325 1768 1417 1804 Dogm.
1437 1763 1514 1798 theol.
1530 1770 1561 1798 de
1578 1769 1776 1799 Incarnatione.
1793 1772 1847 1799 Sed

1057 1813 1175 1841 Eusebio
1204 1819 1278 1842 recte
1302 1821 1318 1841 a
1343 1815 1453 1844 laudato
1477 1815 1592 1844 Boivino
1619 1816 1785 1844 vindicatur.
1819 1817 1842 1845 Ιι

1057 1860 1153 1888 iisdem
1169 1860 1244 1888 Actis
1258 1860 1374 1888 Nicaeum
1390 1861 1486 1897 synodi
1501 1861 1613 1889 aﬂ'ertur
1628 1863 1711 1890 etiam
1730 1863 1845 1899 aliquid,

1053 1914 1116 1941 pag.
1130 1906 1181 1934 608
1194 1910 1221 1934 et
1234 1906 1297 1938 662,
1311 1914 1342 1934 ex
1363 1907 1478 1942 epistola
1499 1907 1607 1936 Eusebii
1631 1910 1665 1936 ad
1681 1909 1848 1944 Euphratio—

1055 1959 1116 1979 nem
1141 1953 1198 1980 sive
1212 1952 1428 1988 Euphrasionem
1448 1957 1475 1981 et
1485 1954 1519 1982 ad
1529 1954 1713 1983 Alexandrum
1725 1955 1845 1984 Alexan-

1055 1998 1173 2026 drinum.

1260 2045 1355 2074 Latine
1374 2051 1477 2073 tantum
1501 2051 1606 2074 exstant
1622 2055 1633 2074 .-

1087 2088 1158 2116 XXl.
1171 2089 1305 2126 Apologia:
1319 2099 1367 2126 pro
1382 2090 1492 2127 Origene
1506 2092 1570 2119 liber
1585 2093 1696 2127 primus,
1707 2099 1740 2120 ex
1751 2091 1842 2120 Ruﬁni

1053 2134 1188 2167 versione,
1217 2135 1288 2163 inter
1309 2135 1434 2171 Origenis
1459 2140 1541 2172 atque
1572 2137 1727 2173 Hieronymi
1753 2136 1843 2172 Opera

1054 2181 1152 2214 saepius
1165 2181 1215 2208 sub
1234 2180 1366 2216 Pamphili
1381 2183 1490 2211 nomine
1503 2183 1602 2211 editus.
1618 2183 1652 2211 Et
1668 2191 1735 2211 sane
1749 2191 1784 2211 ex
1795 2192 1842 2212 vo-

221 2229 363 2258 bliothecze
389 2236 417 2257 a.
435 2227 501 2255 1579
518 2227 612 2255 didicit
636 2230 663 2253 et
682 2226 715 2253 ad
734 2215 880 2253 Baronium
894 2226 1004 2261 scripsit
1018 2235 1041 2263 Ῑ)
1056 2227 1204 2256 luminibus
1224 2235 1272 2256 sex
1296 2215 1345 2264 (tot
1367 2230 1439 2257 enim
1461 2229 1588 2265 Apologia
1605 2230 1650 2257 illa
1668 2230 1754 2258 libros
1767 2237 1842 2258 com-

223 2276 383 2308 Lindanus,
414 2278 444 2302 ut
476 2277 571 2301 narrat
603 2272 736 2300 Baronius
767 2271 800 2299 ad
831 2271 1002 2307 Martyrolog.

218 2323 254 2351 25
271 2321 344 2357 Sept.
369 2321 478 2348 Duabus
503 2320 633 2347 librorum
661 2317 807 2346 decadibus
832 2319 888 2346 sive
914 2319 1005 2354 viginti

219 2369 294 2396 libris
308 2367 463 2395 constitisse
477 2366 541 2393 illud
558 2373 636 2400 opus,
654 2365 735 2392 tradit
750 2365 866 2400 scriptor
878 2365 1003 2392 Actorum

219 2413 248 2441 S.
272 2411 404 2444 Silvestri,
415 2411 486 2447 apud
502 2410 674 2438 Lambecium
685 2413 706 2437 t.
720 2409 787 2442 Vlll,
802 2417 829 2444 ι).
846 2410 894 2437 521
905 2410 942 2446 [p.
950 2409 1002 2437 685

218 2468 261 2495 sq.
289 2459 333 2487 ed.
365 2457 490 2494 Kollar.].
512 2456 600 2485 Verba
631 2456 774 2492 scriptoris
806 2457 879 2484 illius
910 2460 1000 2485 sunt:

219 2554 398 2585 Wernsdorlii
426 2555 464 2583 De
481 2555 652 2584 Constantini
664 2554 712 2591 7M.
736 2556 866 2591 religione
879 2555 1000 2591 paschali

219 2592 252 2619 ad
282 2591 383 2620 Euseb.
401 2590 439 2619 De
459 2591 511 2618 vita
542 2591 632 2626 Const.
658 2590 697 2618 Μ.
726 2590 842 2623 ιίῡτξιν,
870 2590 930 2626 cap.
953 2591 998 2624 22,

217 2626 330 2661 Witteb,
348 2627 428 2659 1758,
439 2627 465 2659 1,
479 2630 506 2654 et
523 2626 552 2654 D.
571 2622 684 2654 Erhard.
706 2626 804 2653 Anton.
826 2622 998 2653 Frominanni

218 2662 258 2690 De
267 2660 342 2690 codd.
359 2663 453 2695 sacris,
459 2661 539 2696 jussu
550 2661 717 2689 Constantini
738 2661 770 2688 ab
787 2660 901 2689 Eusebio
922 2669 1000 2688 cura-

221 2698 264 2729 tis,
281 2698 315 2725 ad
341 2697 439 2725 Euseb.
460 2695 549 2724 Vitam
573 2696 664 2724 Const.
683 2696 744 2724 libr.
769 2704 806 2728 tv,
828 2705 854 2724 c.
882 2695 925 2724 56.
947 2696 999 2724 Co-

219 2732 297 2767 burg.
312 2733 390 2765 1761,
414 2733 441 2766 4,
458 2740 548 2760 recns.
564 2732 592 2758 in
607 2733 665 2767 ejus
678 2732 818 2767 opusculis
843 2731 998 2766 philologici

219 2766 298 2801 atque
314 2768 434 2796 historici
458 2766 626 2802 argumenti,
636 2766 754 2802 Coburgi
771 2766 848 2798 1770,
865 2767 891 2799 8,
906 2774 932 2802 p.
946 2767 998 2794 503

219 2800 280 2836 sqq.
307 2817 341 2822 —-
368 2800 517 2830 Eusebius};
539 2801 594 2835 Life
624 2802 655 2835 of
675 2800 846 2835 Conatantiu,
872 2800 932 2829 with
964 2810 998 2829 an

219 2839 323 2872 praison
344 2838 369 2863 in
385 2838 422 2863 his
440 2837 540 2867 Praise,
557 2836 609 2863 and
626 2837 666 2862 Itis
687 2837 789 2863 oration
804 2842 830 2863 to
843 2837 883 2863 tlte
899 2837 994 2872 clergy.

217 2871 302 2900 Lond.
333 2873 406 2900 165⁷.
430 2887 463 2891 -
491 2873 641 2900 Saltonitall
675 2872 762 2899 versio
791 2872 921 2909 Angiit'a,
948 2874 995 2900 ad-

1056 2274 1135 2308 plexa
1162 2275 1215 2309 est)
1241 2274 1411 2310 Pamphilum
1437 2284 1491 2303 una
1519 2284 1581 2303 cum
1606 2275 1724 2304 Eusebio
1748 2277 1840 2311 priora

1055 2321 1174 2356 quinque
1187 2323 1384 2357 composuisse,
1410 2327 1518 2350 sextum
1533 2323 1567 2350 ab
1584 2322 1700 2351 Eusebio
1717 2324 1839 2350 additum

1053 2374 1123 2400 esse,
1138 2370 1253 2395 testatur
1278 2366 1392 2395 Pbotius
1413 2368 1474 2395 cod.
1492 2376 1576 2396 cxvtlt
1603 2368 1651 2404 (ὁ).
1667 2368 1768 2397 Confer
1783 2368 1838 2396 Eu—

1053 2414 1157 2441 sebium
1173 2415 1261 2450 ipsum
1277 2422 1316 2447 vt,
1330 2415 1374 2447 55,
1403 2414 1486 2447 Iliu.,
1501 2420 1528 2442 et
1551 2423 1611 2450 qua:
1632 2415 1665 2443 de
1685 2415 1738 2443 hoc
1757 2424 1840 2451 opere

1052 2459 1240 2489 Tillemontius
1253 2465 1274 2489 t.
1286 2461 1308 2488 V
1327 2461 1436 2489 Memor.
1463 2462 1566 2496 eccles,
1578 2466 1654 2497 parte
1671 2469 1713 2495 ιιι,
1725 2470 1787 2498 pag.
1805 2462 1841 2489 60

1051 2557 1164 2620 altilem
1177 2559 1296 2588 versioni
1314 2559 1350 2588 Η.
1371 2560 1403 2588 Ε.
1418 2562 1451 2590 de
1464 2569 1518 2598 qua
1534 2569 1616 2597 supra
1634 2562 1692 2598 jam
1718 2561 1839 2598 egimus.

1086 2614 1276 2663 .(IaTDoc-et'ibi
1288 2629 1483 2664 Ensebius,illo
1495 2640 1524 2661 se
1543 2632 1570 2660 in
1587 2640 1668 2665 opere
1679 2632 1840 2661 exhibuisse

1050 2664 1164 2703 πίνακας
1180 2665 1237 2703 sive
1252 2665 1356 2693 indices
1379 2667 1509 2695 librorum
1536 2672 1592 2695 tum
1607 2664 1753 2703 ’Origenis,
1778 2672 1839 2696 tum

1049 2699 1164 2738 aliorum
1177 2700 1345 2738 scriptorum?
1354 2703 1611 2738 ecclesiasticorum,
1627 2699 1695 2738 quos
1706 2703 1838 2738 Pamphi-

1048 2733 1216 2795 {pselsplmmo
1233 2733 1324 2764 studio
1339 2737 1508 2765 ln'bliothecae
1527 2745 1582 2765 suae
1597 2733 1762 2766 adornanda:
1775 2733 1838 2766 'col-

1073 2777 1089 2795 tl
1151 2789 1158 2795 .

1073 2777 1205 2844 ἧῗῖιὲει-
1223 2806 1413 2844 ipterdcodd;
1433 2807 1542 2844 Latinos
1560 2807 1637 2844 bibl.
1667 2807 1777 2834 Venetae
1801 2807 1834 2836 ι).

1156 2840 1216 2868 cud.
1231 2840 1373 2870 XXXVIII.
1392 2842 1418 2870 V.
1436 2842 1496 2870 Cat.
1517 2842 1592 2870 codd.
1610 2843 1683 2876 Lat.,
1702 2850 1764 2879 pag.
1788 2844 1833 2872 17.
