1915 3135
1141 125 1147 128 η
1175 121 1239 129 ...ν-δ

251 171 282 198 si
739 172 907 201 EUSELIUS
926 172 1162 202 CESABIENSIS
1181 171 1378 202 EPISCOPUS.
1824 165 1860 192 εί

252 230 374 259 Tenxelii
386 229 457 258 Diss.
473 231 596 263 selectos,
613 239 640 267 p.
655 230 707 258 504
725 238 784 265 seq.
809 230 922 259 Exstant
933 230 1014 258 Latini

1117 231 1150 259 Ἦ
1167 231 1279 258 καθόλου
1297 228 1468 264 στοιχειώδης
1481 229 1627 264 εἰσαγωγή.
1643 229 1730 264 Supra
1744 237 1773 258 ιι.
1788 230 1814 256 3.

251 275 322 310 apud
337 274 532 307 Mombritium,
546 278 612 303 tom.
629 275 668 308 II,
687 280 715 304 et
729 276 780 303 alia
796 283 829 303 ex
850 276 1029 311 Metaphraste

251 321 322 356 apud
342 321 536 357 Lipomannum
547 325 632 355 ,tom.
644 321 677 353 V,
691 326 718 349 et
737 321 845 349 Surium
864 322 897 349 ad
914 322 944 349 5i
964 322 1027 350 Dec.

221 399 225 403 ι
250 367 342 396 Edidit
365 371 392 395 et
422 367 599 396 Combelisius
623 369 689 396 Acta
706 368 831 404 Sylvestri
853 374 878 397 et
896 368 1028 398 Constan-

249 413 316 446 tini,
331 421 346 441 e
356 413 454 448 quibus
469 414 680 450 disputationem
695 414 946 448 adversuslludaaos
959 423 1027 450 prte-

217 459 224 482 ἔ
249 463 324 487 sente
339 459 517 489 Constantino
539 468 554 487 a
571 459 710 497 Sylvcstro
727 465 754 489 et
775 461 887 489 Zambre
906 462 1025 489 habitam

247 505 344 540 repetit
366 505 394 533 in
419 505 489 534 Bibl.
511 507 715 543 conciana‘toria,
736 511 756 534 t.
784 506 822 540 ll,
844 507 878 534 ad
905 507 982 535 Dom.
1017 516 1024 535 ι

246 550 475 587 ουιιᾶηιεεείιιιω.
491 552 531 579 Ex
549 552 605 580 illis
623 552 736 581 hausere
747 552 867 582 Zonaras
880 561 911 580 ac
926 553 1025 581 Cedro-

246 605 299 625 nus
311 617 319 630 ,
333 601 360 625 et
376 598 404 626 in
416 598 560 626 Chronicis
578 605 644 626 mss.
663 599 793 634 Georgius
813 599 984 627 Ilamartolus
998 603 1024 627 et

207 637 212 643 ”
248 642 359 670 Simeon
379 642 535 679 Logotheta.
560 643 628 671 Vide
654 643 786 679 Cangium
810 643 845 671 ad
874 644 1021 676 Zonaram,

246 696 309 723 pag.
322 688 368 716 ‘28.

516 733 611 761 XXIV.
629 734 744 762 Inedita.

280 777 355 805 Libri
384 786 410 806 iv
440 778 595 814 Eclogarum
620 779 842 814 prop/teticarum,
866 779 899 807 de
923 779 1021 814 quibus

246 831 328 858 supra
339 831 367 850 n.
378 822 410 852 ll.
429 823 489 851 Vide
504 824 568 852 ibid.
581 824 775 852 adnotationem
789 830 916 852 nostram.
929 824 1018 860 (Eon.

245 869 343 906 ΡΑτιι.)

281 917 470 954 Fragmentum
480 919 512 947 de
530 920 657 948 mensuris
669 928 700 948 ac
711 920 878 955 ponderibus.
900 918 965 949 Mss.
982 919 1018 947 Is.
1037 906 1058 933 Β

244 962 335 992 Vossii
349 972 376 992 ιι.
395 963 455 992 179.
466 964 548 993 ῈΑιιιι,
559 980 594 986 ——
604 965 651 993 Est
661 966 689 993 in
700 966 760 994 cod.
768 965 871 993 Veneto
881 965 912 992 Ι).
926 964 1018 992 Marci.

243 1011 317 1047 (Vid.
329 1010 415 1040 Catal.
432 1013 507 1040 cadd.
525 1012 583 1044 Gr.,
598 1021 625 1049 p.
642 1012 717 1049 261.)
728 1012 843 1040 —lnter
853 1011 934 1041 codd.
951 1012 1020 1041 Vos-

243 1057 336 1086 sianos
367 1066 396 1086 n.
432 1057 572 1086 MMCCXC
609 1057 680 1094 (Cat.
718 1059 793 1087 codd.
825 1059 944 1095 Angliw,
979 1059 1017 1092 ll,

244 1111 271 1138 p.
292 1103 347 1138 62).
370 1102 477 1132 Eusebii
491 1104 587 1140 fragm.
611 1104 643 1132 de
661 1106 789 1133 mensuris
805 1109 831 1133 et
850 1104 1017 1140 ponderibus.

243 1149 328 1178 Ηλιιι..

279 1195 318 1223 De
332 1201 414 1224 morte
432 1195 544 1224 Herodis
554 1216 562 1229 ,
582 1204 634 1225 ms.
648 1196 676 1224 in
693 1196 758 1225 bibl.
773 1196 856 1225 Basil.

278 1240 405 1275 Praefatio
426 1241 460 1268 ad
477 1241 616 1270 Canticum
631 1240 714 1269 Moris
727 1243 754 1269 in
770 1241 874 1270 Exodo.
890 1241 1015 1270 Lambec.

240 1284 291 1318 ιιι,
309 1293 336 1320 ρ.
349 1286 384 1314 55
398 1286 446 1322 (a).

384 1332 467 1360 XXV.
484 1332 591 1368 Scripta
611 1333 716 1361 Eusebii
730 1333 872 1369 deperdita.

273 1377 372 1406 Praeter
394 1379 493 1406 multas
518 1383 608 1414 partes
632 1387 761 1415 operum,
784 1380 818 1407 de
841 1380 939 1416 quibus
958 1380 1014 1416 iam

238 1424 341 1452 dictum
366 1427 425 1457 est,
449 1424 632 1452 ecclesiasticis
649 1426 854 1460 Prwparationis
880 1426 956 1459 libri,
986 1427 1014 1454 in

238 1471 339 1507 quibus
358 1470 473 1506 Eclogte.
494 1470 572 1498 Phot.
591 1471 652 1498 cod.
666 1480 693 1499 xi
704 1492 711 1505 ,
727 1472 773 1500 ubi
789 1480 918 1502 numerus
932 1473 1014 1501 libro-

238 1526 298 1547 rum
313 1518 422 1547 excidit.

1113 277 1306 304 Ecclesiaslit'a:
1332 275 1567 303 Demonstrationis
1595 275 1664 302 libri.
1688 275 1766 304 Phot.
1793 277 1854 305 cod.

1075 331 1123 351 ιιι.
1153 324 1321 352 Colomesius
1339 327 1455 358 quatuor
1474 322 1558 350 libros
1577 321 1661 350 fuisse
1680 326 1756 358 putat
1768 343 1775 354 ,
1791 323 1855 358 quia

1076 374 1192 405 quatuor
1205 369 1266 396 libri
1278 368 1435 404 Eclogarum
1446 368 1654 403 prop/reticarum
1667 371 1776 396 exstant
1786 376 1854 396 mss.

1074 417 1103 442 in
1124 415 1191 443 bibl.
1210 415 1410 442 Vindobonensi
1432 424 1438 442 :
1462 415 1509 442 sed
1530 414 1558 441 in
1583 414 1656 442 calce
1681 414 1742 442 libri
1764 415 1855 450 quarti

1075 462 1182 489 illarum
1209 461 1368 497 Eclogarum
1388 462 1488 489 diserte
1507 460 1590 488 tradit
1609 460 1757 492 Eusebius,
1781 460 1855 487 hunc

1073 516 1135 536 esse
1150 508 1248 535 librum
1270 509 1360 543 operis
1377 515 1487 535 nonum.
1504 506 1537 534 Et
1561 507 1671 542 Eclogns
1691 507 1854 541 prop/relictis

1073 553 1247 581 verisimilius
1267 553 1364 580 habeat
1383 553 1481 588 aliquis
1505 559 1555 587 pro
1573 556 1648 586 parte
1670 552 1719 586 τῆς
1740 551 1854 579 καθόλου

1074 598 1257 633 στοιχειώδους
1278 598 1444 633 εἰσαγωγῆς,
1467 601 1496 624 ιιι
1517 597 1606 624 notavi
1631 604 1712 631 supra
1733 604 1810 623 num.
1826 597 1852 624 5.

1072 643 1211 671 Laudatur
1229 644 1335 672 Eusebii
1355 643 1581 678 Ἐχχλησιαστικὴ
1596 641 1731 675 ἀπόδειξις
1743 642 1771 669 in
1787 642 1854 670 lure

1072 689 1310 722 Greco-Romano,
1334 689 1395 716 libr.
1416 696 1452 718 tv,
1466 696 1526 723 pag.
1543 687 1605 715 295.

1107 735 1207 763 Contra
1226 735 1400 771 Porphyrium
1412 742 1461 770 pro
1473 734 1627 761 Christiana
1647 734 1776 769 religione
1791 734 1851 762 libri

1071 789 1135 808 xxx.
1155 781 1232 808 Suid.
1253 780 1291 807 De
1307 780 1405 814 quibus
1424 777 1528 806 lautum
1542 778 1636 813 viginti
1660 778 1692 805 ad
1710 785 1739 805 se
1759 785 1852 812 perve-

1070 829 1163 860 nisse,
1193 829 1229 854 ait
1251 826 1429 861 Hieronymus
1454 832 1512 860 cap.
1540 824 1572 852 81
1598 823 1728 858 Catalogi.
1748 823 1850 850 Horum

1070 874 1157 902 tribus
1182 873 1327 909 postremis
1349 871 1521 904 conlutasse,
1536 878 1596 906 quae
1614 874 1708 897 contra
1731 869 1850 897 Danielis

1071 920 1228 957 prophetias
1242 922 1382 954 argutatus
1395 917 1464 945 idem
1477 916 1643 952 Porphyrius
1657 915 1752 947 fuerat,
1770 919 1850 943 testa-

1070 971 1114 994 tur
1129 967 1200 994 idem
1221 964 1400 1000 Hieronymus
1414 963 1448 990 ad
1461 963 1604 990 Danielem.
1616 961 1686 989 Alibi
1700 962 1786 990 libros
1801 970 1850 989 xxv

1068 1015 1207 1044 numerat,
1222 1010 1303 1046 epist.
1330 1010 1364 1036 ad
1388 1009 1512 1044 Magnum
1536 1011 1680 1036 oratorem.
1696 1007 1803 1035 Laudat
1824 1012 1848 1036 et

1070 1057 1196 1085 Socrates
1213 1065 1258 1089 ιιι,
1271 1057 1322 1089 25,
1337 1063 1398 1091 pag.
1409 1055 1472 1083 200.
1488 1054 1544 1082 Hoc
1562 1062 1630 1089 opus
1649 1053 1741 1082 Romae
1761 1055 1848 1082 adhuc

1068 1104 1187 1136 servari,
1200 1103 1281 1130 nimis
1294 1106 1394 1129 temere
1409 1101 1486 1128 mulli
1499 1100 1632 1133 credunt,
1645 1100 1734 1135 inquit
1745 1099 1848 1127 Holste-

1067 1151 1131 1178 nius
1150 1150 1188 1177 De
1210 1148 1350 1184 Porphyrii
1375 1148 1494 1182 scriptis,
1515 1154 1574 1182 pag.
1598 1146 1642 1172 (i5.
1664 1146 1846 1180 Apollinarem

1068 1196 1112 1230 iis,
1128 1203 1188 1231 quas
1202 1195 1335 1223 Eusebius
1350 1199 1377 1221 ct
1389 1193 1542 1221 Methodius
1561 1196 1654 1219 contra
1667 1191 1847 1228 Porphyrium

1066 1241 1188 1276 scripsit,
1203 1240 1310 1276 praefert
1324 1239 1520 1275 Philostorgius
1535 1246 1582 1266 vni
1592 1257 1599 1271 ,
1616 1238 1659 1265 14.
1679 1237 1725 1274 [V.
1743 1238 1799 1266 vol.
1814 1236 1846 1269 ν,

1066 1295 1127 1322 pag.
1145 1285 1217 1322 747.]

1099 1332 1223 1367 Ἐλέγχου
1238 1331 1284 1358 καὶ
1298 1330 1463 1365 Ἀπολογίας,
1476 1329 1668 1364 Confutationis
1678 1333 1703 1356 et
1713 1328 1848 1364 Apologia

1066 1385 1116 1413 pro
1134 1377 1289 1406 Christiana
1308 1376 1438 1412 religione
1456 1375 1585 1403 adversus
1609 1375 1781 1402 ethnicorum
1797 1375 1846 1402 ob-

1063 1423 1210 1459 jectioncs,
1228 1423 1289 1450 libri
1308 1423 1378 1455 duo,
1396 1426 1477 1458 atque
1493 1422 1538 1450 alii
1562 1421 1625 1449 libri
1647 1421 1701 1448 duo
1724 1421 1847 1456 ejusdem

1063 1470 1215 1505 argumenti
1226 1473 1251 1497 et
1262 1469 1403 1497 sententiis
1412 1468 1555 1503 verbisque
1564 1467 1756 1503 propemodum
1764 1467 1847 1494 iidem

1064 1515 1144 1551 (forte
1160 1515 1242 1542 altera
1255 1515 1374 1550 priorum
1387 1513 1511 1549 ἔκδυσις).
1523 1513 1672 1541 Phot.cod.
1689 1520 1752 1540 xm.
1762 1511 1846 1543 Falli-

275 1564 470 1601 [Εὐαγγελικὴ
487 1564 646 1599 Θεοφάνεια
656 1565 698 1593 bis
712 1565 811 1593 citatur
824 1565 851 1593 in
868 1564 968 1594 Catena
985 1567 1011 1594 in

1069 1566 1107 1589 iur
1122 1561 1256 1593 Valesius,
1271 1561 1318 1596 qui
1332 1561 1415 1588 libros
1428 1565 1520 1587 contra
1535 1559 1708 1594 Porphyrium
1724 1566 1786 1585 cum
1803 1558 1846 1585 his

238 1611 338 1639 Lucam
350 1613 378 1639 in
391 1613 452 1640 cod.
462 1611 612 1640 Vindobon.
622 1612 745 1640 Ctesareo
755 1611 833 1646 XLII,
848 1616 917 1641 teste
935 1613 1016 1641 Lam-

238 1660 316 1688 becio
330 1660 517 1695 Commentar.,
534 1667 599 1690 tom.
622 1661 665 1693 lll.
685 1670 712 1697 p.
734 1662 800 1696 ltiti,
821 1666 878 1690 not.
894 1663 920 1690 4.
934 1662 1015 1692 Conf.

237 1713 338 1742 supra,
354 1716 381 1735 n.
399 1707 425 1735 8.
443 1707 527 1736 ΗᾹιιι..
552 1709 741 1745 Fragmentum
757 1717 788 1737 ex
807 1709 915 1738 Eusebii
929 1710 1016 1744 Opere

236 1753 345 1788 deperd.
370 1753 535 1788 Theophania
556 1764 645 1791 evang.
669 1765 684 1784 e
707 1757 769 1784 cud.
791 1756 904 1784 Coislin.
927 1755 1013 1787 Gott.,

237 1799 322 1831 I740,
349 1799 389 1836 4.]
419 1800 497 1835 (Vide
520 1806 609 1829 notam
629 1807 745 1829 nostram
768 1803 819 1831 col.
852 1803 898 1830 25.
923 1802 1014 1837 Eon.)

270 1845 375 1874 Caveus
396 1846 448 1879 ait,
474 1847 503 1874 in
532 1847 598 1876 bibl.
623 1848 788 1882 Bodlciana,
813 1849 874 1876 cod.
901 1849 1012 1876 Barocc.

235 1890 373 1925 CXLVIII,
380 1897 486 1920 exstare
494 1902 583 1921 novem
590 1894 710 1922 homilias
721 1895 772 1922 sub
778 1895 884 1923 Eusebii
893 1895 1011 1926 nomine,

235 1937 264 1966 in
287 1939 444 1966 memoriam
459 1944 614 1967 sanctorum
625 1959 632 1972 ,
644 1941 691 1967 sed
707 1941 824 1976 spurias.
839 1940 934 1968 Exstat
950 1949 1013 1969 vero

232 1984 271 2012 ibi
284 1984 365 2012 unica
377 1985 576 2019 tantummodo,
589 1993 649 2021 qua:
659 1994 729 2013 nona
748 1986 916 2014 inscribitur.
929 1985 1011 2013 FABR.

237 2030 295 2058 Vid.
310 2038 393 2066 supra
405 2051 413 2064 ,
429 2032 462 2059 ad
480 2040 508 2059 ιι.
526 2032 571 2064 25,
591 2031 625 2060 de
644 2033 753 2060 homilia
772 2032 811 2060 De
825 2033 1013 2060 resurrectione

234 2076 370 2104 adnotata.

269 2121 339 2155 Opas
351 2123 474 2151 adversus
495 2124 604 2152 haereses
625 2125 714 2152 atheus
736 2124 861 2160 promisit
879 2124 1013 2152 Eusebius

232 2166 261 2194 in
283 2167 336 2195 line
359 2168 419 2195 libri
434 2177 460 2196 IV
476 2168 634 2204 Eelogarum
647 2189 654 2202 ,
684 2174 752 2198 teste
769 2170 894 2199 Lambec.
909 2171 1010 2200 Comm.

231 2212 264 2240 de
275 2213 338 2241 bibl.
353 2213 484 2247 Catsarea,
497 2223 559 2250 pag.
574 2215 637 2243 209.

267 2259 407 2294 Propltetia
422 2260 527 2288 Eusebii
543 2261 641 2288 Cwsar.
663 2265 689 2288 et
709 2261 801 2295 fratris
816 2261 964 2290 Columbini
975 2264 1008 2291 de

231 2305 386 2341 quibusdam
403 2308 530 2334 enenturis
548 2309 574 2334 in
596 2306 747 2335 Christiano
769 2308 840 2341 orbe,
852 2308 957 2342 Latine,
977 2313 1007 2337 ut.

230 2352 352 2384 videtur,
372 2353 400 2380 in
420 2353 485 2381 bibl.
501 2353 601 2381 Bodlei.
626 2354 696 2381 inter
719 2354 799 2382 codd.
823 2354 943 2383 Kenelmi
959 2354 1005 2383 Di-

228 2398 314 2434 gbaei,
329 2407 357 2426 ιι.
373 2397 539 2432 MDCCIIIC,
556 2400 636 2428 catal.
656 2400 731 2428 codd.

264 2444 293 2472 In
312 2444 449 2473 Anastasii
471 2446 664 2479 Quaestionibns
686 2453 711 2475 et
731 2450 939 2484 responsionibus
951 2470 958 2481 ,
975 2457 1006 2476 ea:

228 2491 309 2518 variis
326 2490 376 2518 SS.
386 2491 519 2525 partibus,
534 2493 561 2520 in
578 2492 689 2521 Niconis
702 2493 904 2522 Callet-tionibus
919 2503 1006 2522 rerum

211 2530 368 2563 ‘moralium
398 2537 512 2572 aliisque
535 2542 599 2565 vett.
622 2538 669 2566 Gr.
691 2538 828 2575 ﬂorilegiis
851 2541 952 2575 passim
978 2540 1005 2567 in

227 2582 305 2609 codd.
326 2582 453 2615 Coislin.,
467 2582 675 2618 Mediceis,etc.,
693 2585 843 2621 fragmenta
859 2592 1006 2614 occurrunt

226 2626 388 2655 Eusebiana.
404 2627 492 2656 IIARL.

262 2737 300 2774 (a)
313 2737 343 2765 In
357 2738 450 2767 codice
463 2746 625 2774 pergameno
636 2740 728 2767 δίκαιιὶ
742 2749 780 2767 xu
793 2742 834 2769 vel
846 2749 894 2768 xm
908 2742 1006 2769 biblio-

226 2772 311 2812 theca:
333 2772 519 2812 univcrsitatis
540 2773 734 2812 vaanieusis,
755 2776 783 2812 ῥυ
805 2784 898 2810 parvo,
924 2785 950 2812 p.
972 2778 1007 2805 57

227 2807 324 2847 Igitur
345 2818 351 2836 :
368 2809 526 2847 anelie__xtt
546 2808 652 2847 Eusebii
670 2807 831 2847 Cesarjens'is
846 2807 960 2847 episcépi
974 2813 1006 2839 de

225 2841 330 2870 Pascha
348 2843 422 2870 ualde
436 2844 514 2870 utiles
524 2863 531 2875 ,
546 2844 674 2872 translate
692 2844 724 2872 de
738 2845 818 2872 Greco
831 2841 1003 2874 in'Latiitum.

227 2877 340 2905 -Itsm
355 2887 484 2906 sermones
501 2879 616 2913 ejusdem
628 2887 656 2906 ιιι
672 2879 704 2906 de
726 2883 873 2911 astettaione
889 2882 1003 2911 Domini.

1066 1607 1144 1635 libris
1168 1606 1319 1634 confundit.
1342 1605 1396 1634 Nec
1420 1605 1510 1633 minus
1534 1605 1635 1631 fallitur
1660 1603 1780 1634 Caveus,
1798 1603 1845 1638 qui

1066 1660 1128 1680 cum
1149 1652 1191 1680 his
1211 1651 1353 1679 confundit.
1376 1651 1569 1686 Apologetictmt
1591 1649 1701 1677 Eusebii
1723 1657 1772 1684 pro
1793 1649 1846 1684 ﬁde

1066 1706 1130 1730 sua,
1149 1698 1183 1725 de
1195 1705 1249 1733 quo
1266 1705 1348 1733 supra
1362 1705 1436 1724 num.
1451 1697 1479 1725 9.

1101 1742 1193 1770 Oratio
1210 1742 1242 1770 de
1258 1742 1367 1770 basilica
1378 1742 1628 1778 Hierosolymitana,
1640 1741 1788 1770 Seruatoris
1803 1750 1845 1769 se-

1064 1787 1171 1822 pulcro,
1196 1795 1228 1814 ac
1252 1787 1283 1814 de
1306 1787 1422 1815 donariis
1442 1787 1479 1814 ibi
1504 1787 1651 1818 dedicatis,
1667 1793 1762 1822 quam,
1781 1786 1844 1813 licet

1064 1831 1229 1867 longiorem,
1243 1836 1318 1859 stans
1346 1831 1492 1866 imperator
1515 1831 1708 1860 Constantinus
1734 1832 1845 1859 auscul-

1063 1877 1139 1904 tavit.
1156 1876 1253 1905 Euseb.
1269 1885 1305 1909 Iv,
1321 1877 1365 1909 33,
1379 1876 1417 1903 De
1430 1877 1481 1904 vita
1497 1876 1674 1905 Constantini.

1098 1922 1137 1949 De
1156 1923 1221 1957 festo
1240 1922 1365 1949 Pascliali
1387 1922 1454 1949 liber
1471 1923 1557 1950 eidem
1572 1922 1752 1950 Constantino
1767 1922 1844 1950 dica-

1062 1971 1122 2001 tus,
1149 1968 1358 2003 complexusque
1387 1967 1520 2003 μυστικὴν
1536 1968 1702 2003 ἀνακάλυψιν
1724 1967 1774 1994 τοῦ
1794 1969 1843 2004 τῆς

1062 2013 1157 2048 ἑορτῆς
1171 2014 1267 2048 λόγου,
1284 2015 1340 2041 sive
1358 2014 1477 2042 rationes
1499 2013 1568 2049 cycli
1584 2013 1768 2042 novemdecim
1790 2021 1842 2041 an-

1061 2066 1158 2086 norum
1172 2064 1199 2087 et
1214 2059 1353 2087 historiam
1375 2060 1566 2088 controversiae
1580 2060 1613 2087 de
1627 2059 1768 2088 Paschate.
1782 2059 1842 2087 Eu-

1062 2105 1119 2133 seb.
1155 2112 1191 2132 ιν.
1218 2105 1255 2132 De
1272 2105 1326 2132 vita
1346 2105 1447 2140 Const,
1462 2113 1522 2141 cap.
1543 2106 1576 2133 54
1589 2109 1616 2133 et
1628 2106 1677 2138 35,
1694 2106 1739 2133 ubi
1759 2106 1843 2141 impe-

1060 2151 1159 2179 ratoris
1170 2151 1203 2179 ad
1215 2151 1360 2180 Eusebium
1379 2153 1492 2188 epistola
1502 2172 1509 2185 ,
1525 2160 1578 2188 qua
1589 2152 1639 2187 ipsi
1654 2153 1755 2188 gratias
1766 2153 1840 2188 agit,

1062 2202 1089 2226 et
1104 2199 1224 2227 meminit
1246 2198 1334 2226 Latini
1352 2199 1523 2234 interpretis,
1543 2199 1589 2234 qui
1611 2200 1712 2234 scripta
1731 2199 1792 2234 ejus
1813 2200 1842 2227 in

1023 2246 1046 2274 D
1058 2243 1181 2272 Latinam
1194 2245 1312 2279 linguam
1326 2244 1482 2272 transferat.
1497 2244 1613 2272 Eusebio
1628 2245 1661 2271 ad
1675 2251 1842 2279 componem

1059 2291 1120 2319 dam
1127 2289 1425 2326 ὲννεακαιδεκαετηρίδα
1432 2289 1603 2318 occasionem
1611 2289 1722 2317 dederat
1729 2295 1842 2318 sanctus

1059 2334 1218 2371 Hippolytus
1232 2342 1280 2363 sua
1297 2334 1556 2371 ἑκκαιδεκαετηριδι,
1575 2339 1643 2363 teste
1656 2334 1821 2371 Hicronymo
1832 2356 1840 2367 ,

1060 2388 1119 2416 cap.
1145 2381 1175 2408 (il
1208 2379 1339 2415 Calalogi.
1366 2380 1454 2415 Atque
1478 2380 1516 2407 ita
1547 2380 1693 2415 capiendus
1717 2379 1842 2408 Isidorus

1059 2426 1133 2462 Hisp.
1152 2434 1190 2459 vr,
1211 2426 1260 2460 Π,
1276 2426 1362 2461 0rig.,
1378 2429 1405 2453 et
1421 2425 1490 2453 Beda
1508 2425 1545 2453 De
1562 2422 1705 2460 te'mporum
1717 2427 1838 2457 ratione,

1059 2478 1118 2506 cap.
1140 2471 1184 2497 42.
1201 2470 1247 2506 [In
1271 2470 1336 2497 bibl.
1358 2470 1476 2502 Cotton,
1493 2478 1558 2503 xm,
1576 2471 1628 2503 l2,
1652 2479 1678 2507 p.
1700 2471 1748 2503 93.
1777 2470 1837 2498 Cat.

1059 2517 1134 2544 codd.
1146 2516 1236 2552 Angl.,
1248 2515 1353 2543 Eusebii
1362 2515 1461 2544 Caesar.
1470 2516 1502 2544 de
1513 2516 1617 2543 Pascha
1631 2517 1744 2545 homilias
1753 2516 1838 2551 ,ΠΜ

1093 2561 1160 2596 Περὶ
1177 2561 1226 2596 τῆς
1243 2561 1296 2587 τῶν
1313 2561 1435 2589 παλαιῶν
1448 2561 1550 2597 ἀνδρῶν
1564 2561 1754 2594 πολυπαιδείας
1772 2565 1840 2590 scri-

1059 2607 1146 2642 psisse
1154 2614 1185 2634 se
1194 2610 1309 2635 testatur
1319 2606 1449 2634 Eusebius
1458 2616 1496 2639 vi,
1511 2607 1538 2640 8,
1553 2607 1700 2642 Prwparat.
1708 2608 1837 2644 euanget.,

1059 2661 1120 2688 pag.
1136 2652 1197 2680 5l0.
1218 2653 1292 2681 idem
1307 2661 1392 2688 opus,
1418 2653 1445 2681 iu
1466 2662 1519 2688 quo
1537 2653 1653 2682 Basilius
1673 2653 1711 2681 De
1735 2653 1838 2688 Spiritu

1057 2742 1160 2770 —ltem
1168 2743 1282 2778 ejusdem
1297 2752 1315 2771 ιι
1327 2744 1358 2772 de
1373 2745 1466 2779 spiritu
1477 2749 1578 2772 sancto.
1589 2744 1720 2772 Volumen
1731 2744 1838 2772 duabus

1058 2779 1180 2815 partibus
1209 2784 1323 2807 constat.
1346 2789 1353 2808 :
1375 2788 1438 2815 pars
1459 2781 1533 2814 prior
1550 2780 1665 2808 indicem
1689 2780 1838 2808 voluminis

1057 2813 1182 2845 exhibet,
1207 2822 1269 2848 pars
1292 2813 1395 2847 altera,
1422 2813 1483 2849 qua:
1508 2815 1635 2842 homilias
1657 2815 1836 2846 continebat,

1058 2856 1073 2876 a
1084 2849 1169 2881 priori
1186 2850 1333 2882 distracta,
1350 2851 1406 2885 jam
1428 2858 1480 2876 non
1497 2850 1642 2878 invenitur.
1659 2849 1737 2879 EDIT.
1750 2849 1840 2878 Pun.
